  <div class='ocr_page' id='page_1' title='image "/cluster/home/n/w/nwhite01/storage/ocr_20150623/51/hvd.32044073501900/052.png"; bbox 0 0 4054 6216; ppageno 0'>
   <div class='ocr_carea' id='block_1_1' title="bbox 437 275 3689 369">
    <p class='ocr_par' dir='ltr' id='par_1_1' title="bbox 437 275 3689 369">
     <span class='ocr_line' id='line_1_1' title="bbox 437 275 3689 369; baseline 0.009 -35"><span class='ocrx_word' id='word_1_1' title='bbox 437 275 499 334; x_wconf 78' lang='lat'>5|</span> <span class='ocrx_word' id='word_1_2' title='bbox 1357 282 1421 340; x_wconf 79' lang='lat' dir='ltr'>IN</span> <span class='ocrx_word' id='word_1_3' title='bbox 1459 284 1873 343; x_wconf 70' lang='lat' dir='ltr'>PARALYTIG.</span> <span class='ocrx_word' id='word_1_4' title='bbox 1905 285 1954 340; x_wconf 81' lang='grc' dir='ltr'><strong>Μ</strong></span> <span class='ocrx_word' id='word_1_5' title='bbox 1993 286 2339 345; x_wconf 74' lang='lat' dir='ltr'>DEMISSUM</span> <span class='ocrx_word' id='word_1_6' title='bbox 2376 289 2509 346; x_wconf 81' lang='lat' dir='ltr'>PER</span> <span class='ocrx_word' id='word_1_7' title='bbox 2550 292 2853 350; x_wconf 68' lang='lat' dir='ltr'>TECTUM.</span> <span class='ocrx_word' id='word_1_8' title='bbox 2909 364 2914 369; x_wconf 22' lang='grc' dir='ltr'><strong>ν</strong></span> <span class='ocrx_word' id='word_1_9' title='bbox 3618 307 3689 363; x_wconf 70' lang='grc'>52</span> 
     </span>
    </p>
   </div>
   <div class='ocr_carea' id='block_1_2' title="bbox 433 394 2018 477">
    <p class='ocr_par' dir='ltr' id='par_1_2' title="bbox 433 394 2018 477">
     <span class='ocr_line' id='line_1_2' title="bbox 433 394 2018 477; baseline 0.005 -28"><span class='ocrx_word' id='word_1_10' title='bbox 433 395 558 449; x_wconf 74' lang='grc' dir='ltr'>ἐπεὶ</span> <span class='ocrx_word' id='word_1_11' title='bbox 576 395 672 451; x_wconf 79' lang='grc' dir='ltr'>καὶ</span> <span class='ocrx_word' id='word_1_12' title='bbox 689 394 848 451; x_wconf 88' lang='grc' dir='ltr'>τοῦτο</span> <span class='ocrx_word' id='word_1_13' title='bbox 865 395 1182 467; x_wconf 83' lang='grc' dir='ltr'>εὐεργεσίας</span> <span class='ocrx_word' id='word_1_14' title='bbox 1204 399 1350 454; x_wconf 77' lang='grc' dir='ltr'>ἐστὶν</span> <span class='ocrx_word' id='word_1_15' title='bbox 1374 397 1534 467; x_wconf 83' lang='grc' dir='ltr'>εἶδος.</span> <span class='ocrx_word' id='word_1_16' title='bbox 1557 404 1666 458; x_wconf 74' lang='grc' dir='ltr'>Καὶ</span> <span class='ocrx_word' id='word_1_17' title='bbox 1694 403 1801 477; x_wconf 84' lang='grc' dir='ltr'>γὰρ</span> <span class='ocrx_word' id='word_1_18' title='bbox 1837 404 2018 476; x_wconf 77' lang='grc' dir='ltr'>ἰατρὸς</span> 
     </span>
    </p>
   </div>
   <div class='ocr_carea' id='block_1_3' title="bbox 435 484 2017 567">
    <p class='ocr_par' dir='ltr' id='par_1_3' title="bbox 435 484 2017 567">
     <span class='ocr_line' id='line_1_3' title="bbox 435 484 2017 567; baseline 0.008 -29"><span class='ocrx_word' id='word_1_19' title='bbox 435 484 538 558; x_wconf 85' lang='grc' dir='ltr'>οὐχ</span> <span class='ocrx_word' id='word_1_20' title='bbox 562 487 691 542; x_wconf 87' lang='grc' dir='ltr'>ὅταν</span> <span class='ocrx_word' id='word_1_21' title='bbox 722 486 872 560; x_wconf 84' lang='grc' dir='ltr'>λούῃ,</span> <span class='ocrx_word' id='word_1_22' title='bbox 900 490 994 543; x_wconf 79' lang='grc' dir='ltr'>καὶ</span> <span class='ocrx_word' id='word_1_23' title='bbox 1020 492 1216 565; x_wconf 90' lang='grc' dir='ltr'>τρέφῃ,</span> <span class='ocrx_word' id='word_1_24' title='bbox 1240 493 1332 545; x_wconf 74' lang='grc' dir='ltr'>καὶ</span> <span class='ocrx_word' id='word_1_25' title='bbox 1359 496 1439 557; x_wconf 85' lang='grc' dir='ltr'>είς</span> <span class='ocrx_word' id='word_1_26' title='bbox 1466 494 1821 565; x_wconf 77' lang='grc' dir='ltr'>παραδείσους</span> <span class='ocrx_word' id='word_1_27' title='bbox 1847 496 2017 567; x_wconf 75' lang='grc' dir='ltr'>ἐξάγῃ</span> 
     </span>
    </p>
   </div>
   <div class='ocr_carea' id='block_1_4' title="bbox 437 577 2011 659">
    <p class='ocr_par' dir='ltr' id='par_1_4' title="bbox 437 577 2011 659">
     <span class='ocr_line' id='line_1_4' title="bbox 437 577 2011 659; baseline 0.006 -28"><span class='ocrx_word' id='word_1_28' title='bbox 437 577 531 632; x_wconf 80' lang='grc' dir='ltr'>τὸν</span> <span class='ocrx_word' id='word_1_29' title='bbox 557 578 831 650; x_wconf 64' lang='grc' dir='ltr'>κάμνοντα</span> <span class='ocrx_word' id='word_1_30' title='bbox 863 580 1045 651; x_wconf 86' lang='grc' dir='ltr'>μόνον,</span> <span class='ocrx_word' id='word_1_31' title='bbox 1079 581 1193 635; x_wconf 77' lang='grc' dir='ltr'>ἀλλ’</span> <span class='ocrx_word' id='word_1_32' title='bbox 1223 583 1352 637; x_wconf 81' lang='grc' dir='ltr'>ὅταν</span> <span class='ocrx_word' id='word_1_33' title='bbox 1384 585 1478 638; x_wconf 79' lang='grc' dir='ltr'>καὶ</span> <span class='ocrx_word' id='word_1_34' title='bbox 1513 586 1663 657; x_wconf 86' lang='grc' dir='ltr'>καίῃ,</span> <span class='ocrx_word' id='word_1_35' title='bbox 1697 587 1791 639; x_wconf 76' lang='grc' dir='ltr'>καὶ</span> <span class='ocrx_word' id='word_1_36' title='bbox 1819 586 2011 659; x_wconf 86' lang='grc' dir='ltr'>τέμνῃ,</span> 
     </span>
    </p>
   </div>
   <div class='ocr_carea' id='block_1_5' title="bbox 438 669 2013 747">
    <p class='ocr_par' dir='ltr' id='par_1_5' title="bbox 438 669 2013 747">
     <span class='ocr_line' id='line_1_5' title="bbox 438 669 2013 747; baseline 0.006 -25"><span class='ocrx_word' id='word_1_37' title='bbox 438 669 636 740; x_wconf 76' lang='grc' dir='ltr'>ὁμοίως</span> <span class='ocrx_word' id='word_1_38' title='bbox 677 672 825 725; x_wconf 72' lang='grc' dir='ltr'>ἐστὶν</span> <span class='ocrx_word' id='word_1_39' title='bbox 859 670 1071 743; x_wconf 84' lang='grc' dir='ltr'>ίατρός·</span> <span class='ocrx_word' id='word_1_40' title='bbox 1106 674 1200 726; x_wconf 69' lang='grc' dir='ltr'>καὶ</span> <span class='ocrx_word' id='word_1_41' title='bbox 1230 674 1414 745; x_wconf 82' lang='grc' dir='ltr'>πατὴρ</span> <span class='ocrx_word' id='word_1_42' title='bbox 1448 674 1546 745; x_wconf 89' lang='grc' dir='ltr'>οὐχ</span> <span class='ocrx_word' id='word_1_43' title='bbox 1578 676 1705 729; x_wconf 84' lang='grc' dir='ltr'>ὅταν</span> <span class='ocrx_word' id='word_1_44' title='bbox 1739 675 2013 747; x_wconf 74' lang='grc' dir='ltr'>θεραπεύῃ</span> 
     </span>
    </p>
   </div>
   <div class='ocr_carea' id='block_1_6' title="bbox 435 761 2011 838">
    <p class='ocr_par' dir='ltr' id='par_1_6' title="bbox 435 761 2011 838">
     <span class='ocr_line' id='line_1_6' title="bbox 435 761 2011 838; baseline 0.004 -22"><span class='ocrx_word' id='word_1_45' title='bbox 435 762 525 816; x_wconf 81' lang='grc' dir='ltr'>τὸν</span> <span class='ocrx_word' id='word_1_46' title='bbox 571 761 684 817; x_wconf 75' lang='grc' dir='ltr'>υἱὸν</span> <span class='ocrx_word' id='word_1_47' title='bbox 731 762 913 833; x_wconf 86' lang='grc' dir='ltr'>μόνον,</span> <span class='ocrx_word' id='word_1_48' title='bbox 938 763 1077 818; x_wconf 89' lang='grc' dir='ltr'>ἀλλά</span> <span class='ocrx_word' id='word_1_49' title='bbox 1113 766 1207 819; x_wconf 77' lang='grc' dir='ltr'>καὶ</span> <span class='ocrx_word' id='word_1_50' title='bbox 1238 766 1367 820; x_wconf 83' lang='grc' dir='ltr'>ὅταν</span> <span class='ocrx_word' id='word_1_51' title='bbox 1391 766 1627 838; x_wconf 72' lang='grc' dir='ltr'>ἐκϐάλλῃ</span> <span class='ocrx_word' id='word_1_52' title='bbox 1671 767 1770 838; x_wconf 84' lang='grc' dir='ltr'>τῆς</span> <span class='ocrx_word' id='word_1_53' title='bbox 1816 769 2011 835; x_wconf 83' lang='grc' dir='ltr'>οἰκίας,</span> 
     </span>
    </p>
   </div>
   <div class='ocr_carea' id='block_1_7' title="bbox 436 854 2011 931">
    <p class='ocr_par' dir='ltr' id='par_1_7' title="bbox 436 854 2011 931">
     <span class='ocr_line' id='line_1_7' title="bbox 436 854 2011 931; baseline 0.004 -24"><span class='ocrx_word' id='word_1_54' title='bbox 436 854 527 908; x_wconf 76' lang='grc' dir='ltr'>καὶ</span> <span class='ocrx_word' id='word_1_55' title='bbox 562 854 691 908; x_wconf 81' lang='grc' dir='ltr'>ὅταν</span> <span class='ocrx_word' id='word_1_56' title='bbox 728 854 979 927; x_wconf 75' lang='grc' dir='ltr'>ἐπιτιμᾷ,</span> <span class='ocrx_word' id='word_1_57' title='bbox 1016 856 1110 909; x_wconf 77' lang='grc' dir='ltr'>καὶ</span> <span class='ocrx_word' id='word_1_58' title='bbox 1141 857 1397 930; x_wconf 75' lang='grc' dir='ltr'>μαστίζῃ,</span> <span class='ocrx_word' id='word_1_59' title='bbox 1428 859 1631 929; x_wconf 82' lang='grc' dir='ltr'>ὁμοίως</span> <span class='ocrx_word' id='word_1_60' title='bbox 1660 859 1778 912; x_wconf 82' lang='grc' dir='ltr'>ἐστὶ</span> <span class='ocrx_word' id='word_1_61' title='bbox 1811 860 2011 931; x_wconf 79' lang='grc' dir='ltr'>πατὴρ,</span> 
     </span>
    </p>
   </div>
   <div class='ocr_carea' id='block_1_8' title="bbox 433 941 2015 1019">
    <p class='ocr_par' dir='ltr' id='par_1_8' title="bbox 433 941 2015 1019">
     <span class='ocr_line' id='line_1_8' title="bbox 433 941 2015 1019; baseline 0.003 -21"><span class='ocrx_word' id='word_1_62' title='bbox 433 945 525 999; x_wconf 75' lang='grc' dir='ltr'>καὶ</span> <span class='ocrx_word' id='word_1_63' title='bbox 568 946 668 1017; x_wconf 86' lang='grc' dir='ltr'>οὐχ</span> <span class='ocrx_word' id='word_1_64' title='bbox 705 941 894 1018; x_wconf 80' lang='grc' dir='ltr'>ἦττον,</span> <span class='ocrx_word' id='word_1_65' title='bbox 923 947 956 1018; x_wconf 80' lang='grc' dir='ltr'><strong>ἢ</strong></span> <span class='ocrx_word' id='word_1_66' title='bbox 990 948 1118 1002; x_wconf 86' lang='grc' dir='ltr'>ὅταν</span> <span class='ocrx_word' id='word_1_67' title='bbox 1149 950 1365 1019; x_wconf 79' lang='grc' dir='ltr'>ἐπαινῇ.</span> <span class='ocrx_word' id='word_1_68' title='bbox 1394 947 1565 1012; x_wconf 81' lang='grc' dir='ltr'>Εἰδὼς</span> <span class='ocrx_word' id='word_1_69' title='bbox 1589 950 1766 1003; x_wconf 83' lang='grc' dir='ltr'>τοίνυν</span> <span class='ocrx_word' id='word_1_70' title='bbox 1800 950 1881 1003; x_wconf 84' lang='grc' dir='ltr'>ὅτι</span> <span class='ocrx_word' id='word_1_71' title='bbox 1922 951 2015 1004; x_wconf 72' lang='grc' dir='ltr'>καὶ</span> 
     </span>
    </p>
   </div>
   <div class='ocr_carea' id='block_1_9' title="bbox 433 1037 2013 1112">
    <p class='ocr_par' dir='ltr' id='par_1_9' title="bbox 433 1037 2013 1112">
     <span class='ocr_line' id='line_1_9' title="bbox 433 1037 2013 1112; baseline 0.003 -23"><span class='ocrx_word' id='word_1_72' title='bbox 433 1037 634 1109; x_wconf 72' lang='grc' dir='ltr'>ἰατρῶν</span> <span class='ocrx_word' id='word_1_73' title='bbox 662 1037 919 1092; x_wconf 83' lang='grc' dir='ltr'>ἀπάντων</span> <span class='ocrx_word' id='word_1_74' title='bbox 950 1037 1427 1109; x_wconf 85' lang='grc' dir='ltr'>φιλοστοργότερος</span> <span class='ocrx_word' id='word_1_75' title='bbox 1452 1041 1480 1092; x_wconf 88' lang='grc' dir='ltr'>ὁ</span> <span class='ocrx_word' id='word_1_76' title='bbox 1504 1038 1656 1103; x_wconf 82' lang='grc' dir='ltr'>Θεὸς,</span> <span class='ocrx_word' id='word_1_77' title='bbox 1688 1038 1762 1111; x_wconf 81' lang='grc' dir='ltr'>μή</span> <span class='ocrx_word' id='word_1_78' title='bbox 1790 1056 2013 1112; x_wconf 88' lang='grc' dir='ltr'>περιερ-</span> 
     </span>
    </p>
   </div>
   <div class='ocr_carea' id='block_1_10' title="bbox 431 1128 2012 1202">
    <p class='ocr_par' dir='ltr' id='par_1_10' title="bbox 431 1128 2012 1202">
     <span class='ocr_line' id='line_1_10' title="bbox 431 1128 2012 1202; baseline 0.001 -21"><span class='ocrx_word' id='word_1_79' title='bbox 431 1128 624 1196; x_wconf 74' lang='grc' dir='ltr'>γάζου,</span> <span class='ocrx_word' id='word_1_80' title='bbox 653 1128 787 1200; x_wconf 87' lang='grc' dir='ltr'>μηδέ</span> <span class='ocrx_word' id='word_1_81' title='bbox 816 1130 1040 1183; x_wconf 77' lang='grc' dir='ltr'>ἀπαίτει</span> <span class='ocrx_word' id='word_1_82' title='bbox 1066 1129 1165 1194; x_wconf 75' lang='grc' dir='ltr'>τὰς</span> <span class='ocrx_word' id='word_1_83' title='bbox 1195 1129 1425 1194; x_wconf 80' lang='grc' dir='ltr'>εὐθύνας</span> <span class='ocrx_word' id='word_1_84' title='bbox 1444 1129 1605 1184; x_wconf 80' lang='grc' dir='ltr'>αὐτὸν</span> <span class='ocrx_word' id='word_1_85' title='bbox 1626 1130 1723 1201; x_wconf 83' lang='grc' dir='ltr'>τῆς</span> <span class='ocrx_word' id='word_1_86' title='bbox 1751 1129 2012 1202; x_wconf 76' lang='grc' dir='ltr'>ἰατρείας,</span> 
     </span>
    </p>
   </div>
   <div class='ocr_carea' id='block_1_11' title="bbox 430 1220 2014 1294">
    <p class='ocr_par' dir='ltr' id='par_1_11' title="bbox 430 1220 2014 1294">
     <span class='ocr_line' id='line_1_11' title="bbox 430 1220 2014 1294; baseline 0.001 -20"><span class='ocrx_word' id='word_1_87' title='bbox 430 1220 549 1274; x_wconf 78' lang='grc' dir='ltr'>ἀλλ’</span> <span class='ocrx_word' id='word_1_88' title='bbox 575 1220 642 1276; x_wconf 78' lang='grc' dir='ltr'>ἀν</span> <span class='ocrx_word' id='word_1_89' title='bbox 684 1238 745 1275; x_wconf 87' lang='grc' dir='ltr'>τε</span> <span class='ocrx_word' id='word_1_90' title='bbox 798 1222 1002 1276; x_wconf 83' lang='grc' dir='ltr'>ἀνεῖναι</span> <span class='ocrx_word' id='word_1_91' title='bbox 1054 1221 1333 1293; x_wconf 87' lang='grc' dir='ltr'>βούληται,</span> <span class='ocrx_word' id='word_1_92' title='bbox 1377 1224 1443 1278; x_wconf 82' lang='grc' dir='ltr'>ἀν</span> <span class='ocrx_word' id='word_1_93' title='bbox 1498 1240 1558 1275; x_wconf 90' lang='grc' dir='ltr'>τε</span> <span class='ocrx_word' id='word_1_94' title='bbox 1611 1222 1835 1294; x_wconf 78' lang='grc' dir='ltr'>κολάζῃ,</span> <span class='ocrx_word' id='word_1_95' title='bbox 1879 1223 2014 1294; x_wconf 70' lang='grc' dir='ltr'>πρὸς</span> 
     </span>
    </p>
   </div>
   <div class='ocr_carea' id='block_1_12' title="bbox 396 1310 2013 1383">
    <p class='ocr_par' dir='ltr' id='par_1_12' title="bbox 396 1310 2013 1383">
     <span class='ocr_line' id='line_1_12' title="bbox 396 1310 2013 1383; baseline 0.002 -19"><span class='ocrx_word' id='word_1_96' title='bbox 396 1310 673 1380; x_wconf 77' lang='grc' dir='ltr'>οέκάτερα</span> <span class='ocrx_word' id='word_1_97' title='bbox 721 1311 922 1380; x_wconf 74' lang='grc' dir='ltr'>ὁμοίως</span> <span class='ocrx_word' id='word_1_98' title='bbox 971 1312 1304 1383; x_wconf 88' lang='grc' dir='ltr'>παρέχωμεν</span> <span class='ocrx_word' id='word_1_99' title='bbox 1345 1311 1603 1376; x_wconf 80' lang='grc' dir='ltr'>ἑαυτούς’</span> <span class='ocrx_word' id='word_1_100' title='bbox 1644 1313 1710 1366; x_wconf 81' lang='grc' dir='ltr'>δι’</span> <span class='ocrx_word' id='word_1_101' title='bbox 1738 1312 2013 1382; x_wconf 77' lang='grc' dir='ltr'>ἑκατέρων</span> 
     </span>
    </p>
   </div>
   <div class='ocr_carea' id='block_1_13' title="bbox 432 1403 2014 1479">
    <p class='ocr_par' dir='ltr' id='par_1_13' title="bbox 432 1403 2014 1479">
     <span class='ocr_line' id='line_1_13' title="bbox 432 1403 2014 1479; baseline -0.003 -20"><span class='ocrx_word' id='word_1_102' title='bbox 432 1405 543 1477; x_wconf 87' lang='lat'>7&amp;9</span> <span class='ocrx_word' id='word_1_103' title='bbox 590 1406 726 1479; x_wconf 65' lang='grc' dir='ltr'>πρὸς</span> <span class='ocrx_word' id='word_1_104' title='bbox 761 1405 949 1475; x_wconf 79' lang='grc' dir='ltr'>ὑγείαν</span> <span class='ocrx_word' id='word_1_105' title='bbox 980 1406 1128 1477; x_wconf 74' lang='grc' dir='ltr'>ἡμᾶς</span> <span class='ocrx_word' id='word_1_106' title='bbox 1159 1404 1441 1473; x_wconf 74' lang='grc' dir='ltr'>ἐπανάγει,</span> <span class='ocrx_word' id='word_1_107' title='bbox 1488 1404 1583 1457; x_wconf 73' lang='grc' dir='ltr'>καὶ</span> <span class='ocrx_word' id='word_1_108' title='bbox 1615 1403 1750 1476; x_wconf 74' lang='grc' dir='ltr'>πρὸς</span> <span class='ocrx_word' id='word_1_109' title='bbox 1792 1404 1891 1474; x_wconf 81' lang='grc' dir='ltr'>τὴν</span> <span class='ocrx_word' id='word_1_110' title='bbox 1935 1404 2014 1455; x_wconf 76' lang='lat' dir='ltr'>ol-</span> 
     </span>
    </p>
   </div>
   <div class='ocr_carea' id='block_1_14' title="bbox 431 1490 2013 1568">
    <p class='ocr_par' dir='ltr' id='par_1_14' title="bbox 431 1490 2013 1568">
     <span class='ocr_line' id='line_1_14' title="bbox 431 1490 2013 1568; baseline -0.003 -17"><span class='ocrx_word' id='word_1_111' title='bbox 431 1497 649 1552; x_wconf 79' lang='grc' dir='ltr'>κειωσιν</span> <span class='ocrx_word' id='word_1_112' title='bbox 678 1498 777 1568; x_wconf 82' lang='grc' dir='ltr'>τὴν</span> <span class='ocrx_word' id='word_1_113' title='bbox 807 1496 1025 1562; x_wconf 81' lang='grc' dir='ltr'>ἑαυτοῦ,</span> <span class='ocrx_word' id='word_1_114' title='bbox 1054 1497 1150 1551; x_wconf 76' lang='grc' dir='ltr'>καὶ</span> <span class='ocrx_word' id='word_1_115' title='bbox 1173 1492 1312 1550; x_wconf 70' lang='grc' dir='ltr'>οἶδεν</span> <span class='ocrx_word' id='word_1_116' title='bbox 1336 1490 1409 1550; x_wconf 85' lang='grc' dir='ltr'>ὧν</span> <span class='ocrx_word' id='word_1_117' title='bbox 1435 1496 1663 1559; x_wconf 76' lang='grc' dir='ltr'>ἕκαστος</span> <span class='ocrx_word' id='word_1_118' title='bbox 1691 1495 1879 1566; x_wconf 86' lang='grc' dir='ltr'>χρείαν</span> <span class='ocrx_word' id='word_1_119' title='bbox 1901 1493 2013 1564; x_wconf 78' lang='grc' dir='ltr'>ἐχο-</span> 
     </span>
    </p>
   </div>
   <div class='ocr_carea' id='block_1_15' title="bbox 432 1585 2013 1659">
    <p class='ocr_par' dir='ltr' id='par_1_15' title="bbox 432 1585 2013 1659">
     <span class='ocr_line' id='line_1_15' title="bbox 432 1585 2013 1659; baseline -0.003 -16"><span class='ocrx_word' id='word_1_120' title='bbox 432 1604 555 1659; x_wconf 81' lang='grc' dir='ltr'>μεν,</span> <span class='ocrx_word' id='word_1_121' title='bbox 583 1589 677 1643; x_wconf 78' lang='grc' dir='ltr'>καὶ</span> <span class='ocrx_word' id='word_1_122' title='bbox 708 1588 762 1642; x_wconf 84' lang='grc' dir='ltr'>τί</span> <span class='ocrx_word' id='word_1_123' title='bbox 793 1587 1071 1659; x_wconf 78' lang='grc' dir='ltr'>συμφέρον</span> <span class='ocrx_word' id='word_1_124' title='bbox 1101 1587 1337 1659; x_wconf 83' lang='grc' dir='ltr'>ἑκάστῳ,</span> <span class='ocrx_word' id='word_1_125' title='bbox 1371 1586 1467 1641; x_wconf 75' lang='grc' dir='ltr'>καὶ</span> <span class='ocrx_word' id='word_1_126' title='bbox 1500 1585 1617 1651; x_wconf 90' lang='grc' dir='ltr'>πῶς</span> <span class='ocrx_word' id='word_1_127' title='bbox 1643 1586 1738 1640; x_wconf 74' lang='grc' dir='ltr'>καὶ</span> <span class='ocrx_word' id='word_1_128' title='bbox 1764 1586 1871 1639; x_wconf 89' lang='grc' dir='ltr'>τίνι</span> <span class='ocrx_word' id='word_1_129' title='bbox 1895 1585 2013 1653; x_wconf 88' lang='grc' dir='ltr'>τρό·</span> 
     </span>
    </p>
   </div>
   <div class='ocr_carea' id='block_1_16' title="bbox 429 1674 2006 1752">
    <p class='ocr_par' dir='ltr' id='par_1_16' title="bbox 429 1674 2006 1752">
     <span class='ocr_line' id='line_1_16' title="bbox 429 1674 2006 1752; baseline -0.004 -18"><span class='ocrx_word' id='word_1_130' title='bbox 429 1696 517 1751; x_wconf 70' lang='lat' dir='ltr'><strong>np</strong></span> <span class='ocrx_word' id='word_1_131' title='bbox 565 1680 803 1752; x_wconf 89' lang='grc' dir='ltr'>σωθῆναι</span> <span class='ocrx_word' id='word_1_132' title='bbox 852 1680 953 1744; x_wconf 77' lang='grc' dir='ltr'>δεῖ,</span> <span class='ocrx_word' id='word_1_133' title='bbox 994 1678 1087 1733; x_wconf 80' lang='grc' dir='ltr'>καὶ</span> <span class='ocrx_word' id='word_1_134' title='bbox 1137 1677 1342 1747; x_wconf 89' lang='grc' dir='ltr'>ταύτην</span> <span class='ocrx_word' id='word_1_135' title='bbox 1388 1678 1535 1749; x_wconf 75' lang='grc' dir='ltr'>ἡμᾶς</span> <span class='ocrx_word' id='word_1_136' title='bbox 1580 1676 1701 1745; x_wconf 76' lang='grc' dir='ltr'>ἄγει</span> <span class='ocrx_word' id='word_1_137' title='bbox 1727 1675 1825 1748; x_wconf 81' lang='grc' dir='ltr'>τὴν</span> <span class='ocrx_word' id='word_1_138' title='bbox 1868 1674 2006 1729; x_wconf 89' lang='grc' dir='ltr'>ὀδόν.</span> 
     </span>
    </p>
   </div>
   <div class='ocr_carea' id='block_1_17' title="bbox 444 1763 2010 1841">
    <p class='ocr_par' dir='ltr' id='par_1_17' title="bbox 444 1763 2010 1841">
     <span class='ocr_line' id='line_1_17' title="bbox 444 1763 2010 1841; baseline -0.002 -16"><span class='ocrx_word' id='word_1_139' title='bbox 444 1769 738 1841; x_wconf 82' lang='grc' dir='ltr'>Ἑπώμεθα</span> <span class='ocrx_word' id='word_1_140' title='bbox 765 1769 945 1825; x_wconf 83' lang='grc' dir='ltr'>τοίνυν</span> <span class='ocrx_word' id='word_1_141' title='bbox 971 1763 1133 1840; x_wconf 72' lang='grc' dir='ltr'>οἷπερ</span> <span class='ocrx_word' id='word_1_142' title='bbox 1168 1768 1236 1823; x_wconf 74' lang='grc' dir='ltr'>ἂν</span> <span class='ocrx_word' id='word_1_143' title='bbox 1266 1769 1429 1833; x_wconf 82' lang='grc' dir='ltr'>αὐτὸς</span> <span class='ocrx_word' id='word_1_144' title='bbox 1459 1768 1678 1840; x_wconf 79' lang='grc' dir='ltr'>κελεύῃ,</span> <span class='ocrx_word' id='word_1_145' title='bbox 1713 1766 1808 1823; x_wconf 66' lang='grc' dir='ltr'>καὶ</span> <span class='ocrx_word' id='word_1_146' title='bbox 1842 1766 2010 1839; x_wconf 80' lang='grc' dir='ltr'>μηδὲν</span> 
     </span>
    </p>
   </div>
   <div class='ocr_carea' id='block_1_18' title="bbox 427 1856 2009 1931">
    <p class='ocr_par' dir='ltr' id='par_1_18' title="bbox 427 1856 2009 1931">
     <span class='ocr_line' id='line_1_18' title="bbox 427 1856 2009 1931; baseline -0.003 -18"><span class='ocrx_word' id='word_1_147' title='bbox 427 1859 931 1931; x_wconf 66' lang='grc' dir='ltr'>ἀκριὼλογώμεθα,</span> <span class='ocrx_word' id='word_1_148' title='bbox 966 1858 1075 1912; x_wconf 78' lang='grc' dir='ltr'>εἴτε</span> <span class='ocrx_word' id='word_1_149' title='bbox 1114 1858 1206 1913; x_wconf 73' lang='grc' dir='ltr'>διὰ</span> <span class='ocrx_word' id='word_1_150' title='bbox 1257 1858 1446 1931; x_wconf 65' lang='grc' dir='ltr'>ῥᾳδίας</span> <span class='ocrx_word' id='word_1_151' title='bbox 1484 1858 1579 1913; x_wconf 85' lang='grc' dir='ltr'>καὶ</span> <span class='ocrx_word' id='word_1_152' title='bbox 1625 1857 1871 1925; x_wconf 86' lang='grc' dir='ltr'>εὐκόλου,</span> <span class='ocrx_word' id='word_1_153' title='bbox 1899 1856 2009 1910; x_wconf 82' lang='grc' dir='ltr'>εἴτε</span> 
     </span>
    </p>
   </div>
   <div class='ocr_carea' id='block_1_19' title="bbox 424 1948 2006 2022">
    <p class='ocr_par' dir='ltr' id='par_1_19' title="bbox 424 1948 2006 2022">
     <span class='ocr_line' id='line_1_19' title="bbox 424 1948 2006 2022; baseline -0.001 -19"><span class='ocrx_word' id='word_1_154' title='bbox 424 1950 512 2003; x_wconf 82' lang='grc' dir='ltr'>διά</span> <span class='ocrx_word' id='word_1_155' title='bbox 543 1949 785 2021; x_wconf 76' lang='grc' dir='ltr'>χαλεπῆς</span> <span class='ocrx_word' id='word_1_156' title='bbox 819 1951 913 2005; x_wconf 61' lang='grc' dir='ltr'>καὶ⁵</span> <span class='ocrx_word' id='word_1_157' title='bbox 951 1951 1288 2022; x_wconf 86' lang='grc' dir='ltr'>τραχυτέρας</span> <span class='ocrx_word' id='word_1_158' title='bbox 1331 1949 1452 2004; x_wconf 81' lang='grc' dir='ltr'>ὀδοῦ</span> <span class='ocrx_word' id='word_1_159' title='bbox 1492 1949 1726 2020; x_wconf 76' lang='grc' dir='ltr'>βαδίζειν</span> <span class='ocrx_word' id='word_1_160' title='bbox 1755 1948 1968 2003; x_wconf 82' lang='grc' dir='ltr'>κελεύοι</span> <span class='ocrx_word' id='word_1_161' title='bbox 1989 1963 2006 1979; x_wconf 79' lang='grc'><strong><em>⁸</em></strong></span> 
     </span>
    </p>
   </div>
   <div class='ocr_carea' id='block_1_20' title="bbox 422 2033 2007 2113">
    <p class='ocr_par' dir='ltr' id='par_1_20' title="bbox 422 2033 2007 2113">
     <span class='ocr_line' id='line_1_20' title="bbox 422 2033 2007 2113; baseline -0.001 -18"><span class='ocrx_word' id='word_1_162' title='bbox 422 2040 612 2112; x_wconf 88' lang='grc' dir='ltr'>ῶσπερ</span> <span class='ocrx_word' id='word_1_163' title='bbox 654 2037 748 2096; x_wconf 73' lang='grc' dir='ltr'>οὖν</span> <span class='ocrx_word' id='word_1_164' title='bbox 787 2041 881 2096; x_wconf 66' lang='grc' dir='ltr'>καλ⁵</span> <span class='ocrx_word' id='word_1_165' title='bbox 915 2042 1009 2096; x_wconf 80' lang='grc' dir='ltr'>τὸν</span> <span class='ocrx_word' id='word_1_166' title='bbox 1047 2041 1357 2113; x_wconf 87' lang='grc' dir='ltr'>παράλυτον</span> <span class='ocrx_word' id='word_1_167' title='bbox 1402 2041 1718 2096; x_wconf 83' lang='grc' dir='ltr'>τοῦτον.Ἒν</span> <span class='ocrx_word' id='word_1_168' title='bbox 1768 2040 1867 2111; x_wconf 77' lang='grc' dir='ltr'>μὲν</span> <span class='ocrx_word' id='word_1_169' title='bbox 1913 2033 2007 2094; x_wconf 82' lang='grc' dir='ltr'>οὖν</span> 
     </span>
    </p>
   </div>
   <div class='ocr_carea' id='block_1_21' title="bbox 421 2129 2007 2207">
    <p class='ocr_par' dir='ltr' id='par_1_21' title="bbox 421 2129 2007 2207">
     <span class='ocr_line' id='line_1_21' title="bbox 421 2129 2007 2207; baseline -0.003 -19"><span class='ocrx_word' id='word_1_170' title='bbox 421 2132 580 2188; x_wconf 87' lang='grc' dir='ltr'>τοῦτο</span> <span class='ocrx_word' id='word_1_171' title='bbox 610 2133 927 2205; x_wconf 77' lang='grc' dir='ltr'>εὐεργεσίας</span> <span class='ocrx_word' id='word_1_172' title='bbox 958 2129 1096 2197; x_wconf 81' lang='grc' dir='ltr'>εἶδος</span> <span class='ocrx_word' id='word_1_173' title='bbox 1129 2129 1199 2207; x_wconf 84' lang='grc' dir='ltr'>ῆν</span> <span class='ocrx_word' id='word_1_174' title='bbox 1222 2134 1283 2188; x_wconf 75' lang='grc' dir='ltr'>τὸ</span> <span class='ocrx_word' id='word_1_175' title='bbox 1311 2133 1488 2205; x_wconf 83' lang='grc' dir='ltr'>χρόνῳ</span> <span class='ocrx_word' id='word_1_176' title='bbox 1514 2130 1756 2202; x_wconf 84' lang='grc' dir='ltr'>τοσούτῳ</span> <span class='ocrx_word' id='word_1_177' title='bbox 1781 2132 1880 2203; x_wconf 81' lang='grc' dir='ltr'>τὴν</span> <span class='ocrx_word' id='word_1_178' title='bbox 1903 2131 2007 2201; x_wconf 76' lang='grc' dir='ltr'>ψυ-</span> 
     </span>
    </p>
   </div>
   <div class='ocr_carea' id='block_1_22' title="bbox 422 2223 2005 2297">
    <p class='ocr_par' dir='ltr' id='par_1_22' title="bbox 422 2223 2005 2297">
     <span class='ocr_line' id='line_1_22' title="bbox 422 2223 2005 2297; baseline 0 -20"><span class='ocrx_word' id='word_1_179' title='bbox 422 2224 525 2297; x_wconf 76' lang='grc' dir='ltr'>χήν</span> <span class='ocrx_word' id='word_1_180' title='bbox 542 2223 708 2278; x_wconf 83' lang='grc' dir='ltr'>αὐτοῦ</span> <span class='ocrx_word' id='word_1_181' title='bbox 733 2224 1037 2297; x_wconf 89' lang='grc' dir='ltr'>καθαίρειν,</span> <span class='ocrx_word' id='word_1_182' title='bbox 1060 2224 1247 2296; x_wconf 86' lang='grc' dir='ltr'>ῶσπερ</span> <span class='ocrx_word' id='word_1_183' title='bbox 1273 2226 1625 2297; x_wconf 84' lang='grc' dir='ltr'>χωνευτηρίῳ</span> <span class='ocrx_word' id='word_1_184' title='bbox 1645 2226 1753 2278; x_wconf 70' lang='grc' dir='ltr'>τινὶ</span> <span class='ocrx_word' id='word_1_185' title='bbox 1781 2227 1848 2295; x_wconf 72' lang='grc' dir='ltr'>τῇ</span> <span class='ocrx_word' id='word_1_186' title='bbox 1875 2240 2005 2295; x_wconf 69' lang='grc' dir='ltr'>πυρο</span> 
     </span>
    </p>
   </div>
   <div class='ocr_carea' id='block_1_23' title="bbox 422 2312 2001 2384">
    <p class='ocr_par' dir='ltr' id='par_1_23' title="bbox 422 2312 2001 2384">
     <span class='ocr_line' id='line_1_23' title="bbox 422 2312 2001 2384; baseline -0.001 -18"><span class='ocrx_word' id='word_1_187' title='bbox 422 2312 555 2366; x_wconf 81' lang='grc' dir='ltr'>ὤσει</span> <span class='ocrx_word' id='word_1_188' title='bbox 605 2313 715 2366; x_wconf 89' lang='grc' dir='ltr'>τῶν</span> <span class='ocrx_word' id='word_1_189' title='bbox 763 2312 1085 2384; x_wconf 82' lang='grc' dir='ltr'>πειρασμῶν</span> <span class='ocrx_word' id='word_1_190' title='bbox 1131 2312 1301 2383; x_wconf 80' lang='grc' dir='ltr'>αὐτὴν</span> <span class='ocrx_word' id='word_1_191' title='bbox 1352 2312 1698 2383; x_wconf 80' lang='grc' dir='ltr'>παραδόντα’</span> <span class='ocrx_word' id='word_1_192' title='bbox 1727 2313 1912 2384; x_wconf 71' lang='grc' dir='ltr'>ἕτερον</span> <span class='ocrx_word' id='word_1_193' title='bbox 1943 2312 2001 2365; x_wconf 80' lang='grc' dir='ltr'>δέ</span> 
     </span>
    </p>
   </div>
   <div class='ocr_carea' id='block_1_24' title="bbox 422 2401 2001 2475">
    <p class='ocr_par' dir='ltr' id='par_1_24' title="bbox 422 2401 2001 2475">
     <span class='ocr_line' id='line_1_24' title="bbox 422 2401 2001 2475; baseline -0.002 -17"><span class='ocrx_word' id='word_1_194' title='bbox 422 2403 524 2458; x_wconf 88' lang='grc' dir='ltr'>οὐκ</span> <span class='ocrx_word' id='word_1_195' title='bbox 552 2401 772 2458; x_wconf 64' lang='grc' dir='ltr'>ἔλαττον</span> <span class='ocrx_word' id='word_1_196' title='bbox 812 2402 1026 2468; x_wconf 87' lang='grc' dir='ltr'>τούτου,</span> <span class='ocrx_word' id='word_1_197' title='bbox 1058 2401 1121 2456; x_wconf 79' lang='grc' dir='ltr'>τὸ</span> <span class='ocrx_word' id='word_1_198' title='bbox 1148 2402 1243 2457; x_wconf 81' lang='grc' dir='ltr'>καὶ</span> <span class='ocrx_word' id='word_1_199' title='bbox 1292 2403 1351 2456; x_wconf 77' lang='grc' dir='ltr'>ἐν</span> <span class='ocrx_word' id='word_1_200' title='bbox 1393 2405 1574 2467; x_wconf 83' lang='grc' dir='ltr'>αὐτοῖς</span> <span class='ocrx_word' id='word_1_201' title='bbox 1604 2406 1856 2475; x_wconf 82' lang='grc' dir='ltr'>παρεῖναι</span> <span class='ocrx_word' id='word_1_202' title='bbox 1890 2405 2001 2467; x_wconf 84' lang='grc' dir='ltr'>τοῖς</span> 
     </span>
    </p>
   </div>
   <div class='ocr_carea' id='block_1_25' title="bbox 424 2491 2001 2566">
    <p class='ocr_par' dir='ltr' id='par_1_25' title="bbox 424 2491 2001 2566">
     <span class='ocr_line' id='line_1_25' title="bbox 424 2491 2001 2566; baseline -0.002 -18"><span class='ocrx_word' id='word_1_203' title='bbox 424 2496 772 2566; x_wconf 79' lang='grc' dir='ltr'>πειρασμοῖς,</span> <span class='ocrx_word' id='word_1_204' title='bbox 797 2493 894 2548; x_wconf 57' lang='grc' dir='ltr'>καὶ⁵</span> <span class='ocrx_word' id='word_1_205' title='bbox 919 2492 1118 2564; x_wconf 82' lang='grc' dir='ltr'>πολλὴν</span> <span class='ocrx_word' id='word_1_206' title='bbox 1154 2491 1303 2563; x_wconf 87' lang='grc' dir='ltr'>αὐτῷ</span> <span class='ocrx_word' id='word_1_207' title='bbox 1333 2492 1595 2563; x_wconf 86' lang='grc' dir='ltr'>παρέχειν</span> <span class='ocrx_word' id='word_1_208' title='bbox 1620 2492 1719 2563; x_wconf 78' lang='grc' dir='ltr'>τήν</span> <span class='ocrx_word' id='word_1_209' title='bbox 1746 2509 2001 2563; x_wconf 88' lang='grc' dir='ltr'>παραμυ-</span> 
     </span>
    </p>
   </div>
   <div class='ocr_carea' id='block_1_26' title="bbox 418 2579 1999 2655">
    <p class='ocr_par' dir='ltr' id='par_1_26' title="bbox 418 2579 1999 2655">
     <span class='ocr_line' id='line_1_26' title="bbox 418 2579 1999 2655; baseline -0.003 -15"><span class='ocrx_word' id='word_1_210' title='bbox 418 2584 564 2641; x_wconf 86' lang='grc' dir='ltr'>θίαν.</span> <span class='ocrx_word' id='word_1_211' title='bbox 590 2584 766 2648; x_wconf 77' lang='grc' dir='ltr'>Αὐτὸς</span> <span class='ocrx_word' id='word_1_212' title='bbox 796 2579 865 2655; x_wconf 82' lang='grc' dir='ltr'>ἦν</span> <span class='ocrx_word' id='word_1_213' title='bbox 893 2585 922 2638; x_wconf 91' lang='lat'>6</span> <span class='ocrx_word' id='word_1_214' title='bbox 950 2582 1259 2655; x_wconf 87' lang='grc' dir='ltr'>διακρατῶν</span> <span class='ocrx_word' id='word_1_215' title='bbox 1302 2582 1460 2636; x_wconf 86' lang='grc' dir='ltr'>αὐτὸν</span> <span class='ocrx_word' id='word_1_216' title='bbox 1490 2582 1584 2637; x_wconf 76' lang='grc' dir='ltr'>καὶ</span> <span class='ocrx_word' id='word_1_217' title='bbox 1616 2583 1874 2654; x_wconf 87' lang='grc' dir='ltr'>συνέχων,</span> <span class='ocrx_word' id='word_1_218' title='bbox 1906 2583 1999 2636; x_wconf 79' lang='grc' dir='ltr'>καὶ</span> 
     </span>
    </p>
   </div>
   <div class='ocr_carea' id='block_1_27' title="bbox 416 2673 1997 2748">
    <p class='ocr_par' dir='ltr' id='par_1_27' title="bbox 416 2673 1997 2748">
     <span class='ocr_line' id='line_1_27' title="bbox 416 2673 1997 2748; baseline -0.002 -19"><span class='ocrx_word' id='word_1_219' title='bbox 416 2678 577 2748; x_wconf 75' lang='grc' dir='ltr'>χεῖρα</span> <span class='ocrx_word' id='word_1_220' title='bbox 600 2674 831 2746; x_wconf 76' lang='grc' dir='ltr'>ὀρέγων,</span> <span class='ocrx_word' id='word_1_221' title='bbox 862 2674 958 2730; x_wconf 75' lang='grc' dir='ltr'>καὶ</span> <span class='ocrx_word' id='word_1_222' title='bbox 1002 2674 1104 2728; x_wconf 88' lang='grc' dir='ltr'>οὐκ</span> <span class='ocrx_word' id='word_1_223' title='bbox 1153 2673 1335 2743; x_wconf 80' lang='grc' dir='ltr'>ἀφιεὶς</span> <span class='ocrx_word' id='word_1_224' title='bbox 1381 2676 1905 2729; x_wconf 82' lang='grc' dir='ltr'>καταπεσεῖν.⁹’οταν</span> <span class='ocrx_word' id='word_1_225' title='bbox 1938 2673 1997 2727; x_wconf 81' lang='grc' dir='ltr'>δὲ</span> 
     </span>
    </p>
   </div>
   <div class='ocr_carea' id='block_1_28' title="bbox 414 2755 1997 2838">
    <p class='ocr_par' dir='ltr' id='par_1_28' title="bbox 414 2755 1997 2838">
     <span class='ocr_line' id='line_1_28' title="bbox 414 2755 1997 2838; baseline -0.002 -18"><span class='ocrx_word' id='word_1_226' title='bbox 414 2765 656 2838; x_wconf 82' lang='grc' dir='ltr'>ἀκούσῃς</span> <span class='ocrx_word' id='word_1_227' title='bbox 679 2765 760 2819; x_wconf 80' lang='grc' dir='ltr'>ὅτι</span> <span class='ocrx_word' id='word_1_228' title='bbox 784 2764 945 2828; x_wconf 82' lang='grc' dir='ltr'>αὐτὸς</span> <span class='ocrx_word' id='word_1_229' title='bbox 965 2758 1055 2836; x_wconf 79' lang='grc' dir='ltr'>ἦν,</span> <span class='ocrx_word' id='word_1_230' title='bbox 1077 2762 1153 2836; x_wconf 83' lang='grc' dir='ltr'>μὴ</span> <span class='ocrx_word' id='word_1_231' title='bbox 1174 2755 1558 2837; x_wconf 81' lang='grc' dir='ltr'>ἀποστερήσῃς</span> <span class='ocrx_word' id='word_1_232' title='bbox 1576 2763 1683 2817; x_wconf 88' lang='grc' dir='ltr'>τῶν</span> <span class='ocrx_word' id='word_1_233' title='bbox 1705 2764 1997 2835; x_wconf 86' lang='grc' dir='ltr'>ἐγκωμίων</span> 
     </span>
    </p>
   </div>
   <div class='ocr_carea' id='block_1_29' title="bbox 413 2853 1993 2929">
    <p class='ocr_par' dir='ltr' id='par_1_29' title="bbox 413 2853 1993 2929">
     <span class='ocr_line' id='line_1_29' title="bbox 413 2853 1993 2929; baseline -0.001 -20"><span class='ocrx_word' id='word_1_234' title='bbox 413 2856 508 2910; x_wconf 81' lang='grc' dir='ltr'>τδν</span> <span class='ocrx_word' id='word_1_235' title='bbox 540 2853 868 2929; x_wconf 86' lang='grc' dir='ltr'>παράλυτον,</span> <span class='ocrx_word' id='word_1_236' title='bbox 899 2856 1037 2927; x_wconf 86' lang='grc' dir='ltr'>μήτε</span> <span class='ocrx_word' id='word_1_237' title='bbox 1054 2857 1278 2923; x_wconf 76' lang='grc' dir='ltr'>ἐκεῖνον,</span> <span class='ocrx_word' id='word_1_238' title='bbox 1306 2856 1443 2927; x_wconf 90' lang='grc' dir='ltr'>μήτε</span> <span class='ocrx_word' id='word_1_239' title='bbox 1470 2854 1629 2910; x_wconf 83' lang='grc' dir='ltr'>ἀλλον</span> <span class='ocrx_word' id='word_1_240' title='bbox 1653 2855 1775 2910; x_wconf 70' lang='grc' dir='ltr'>τινὰ</span> <span class='ocrx_word' id='word_1_241' title='bbox 1801 2873 1993 2928; x_wconf 85' lang='grc' dir='ltr'>πειρα-</span> 
     </span>
    </p>
   </div>
   <div class='ocr_carea' id='block_1_30' title="bbox 416 2944 1995 3019">
    <p class='ocr_par' dir='ltr' id='par_1_30' title="bbox 416 2944 1995 3019">
     <span class='ocr_line' id='line_1_30' title="bbox 416 2944 1995 3019; baseline 0.002 -19"><span class='ocrx_word' id='word_1_242' title='bbox 416 2945 641 3018; x_wconf 81' lang='grc' dir='ltr'>ζόμενον</span> <span class='ocrx_word' id='word_1_243' title='bbox 667 2944 951 3017; x_wconf 77' lang='grc' dir='ltr'>ἄνθρωπον</span> <span class='ocrx_word' id='word_1_244' title='bbox 982 2947 1077 3001; x_wconf 78' lang='grc' dir='ltr'>καὶ</span> <span class='ocrx_word' id='word_1_245' title='bbox 1106 2946 1495 3019; x_wconf 82' lang='grc' dir='ltr'>καρτεροῦντα.</span> <span class='ocrx_word' id='word_1_246' title='bbox 1522 2946 1639 3002; x_wconf 76' lang='grc' dir='ltr'>Κᾶν</span> <span class='ocrx_word' id='word_1_247' title='bbox 1663 2946 1772 3017; x_wconf 90' lang='lat'>7&amp;9</span> <span class='ocrx_word' id='word_1_248' title='bbox 1799 2948 1995 3019; x_wconf 80' lang='grc' dir='ltr'>μυριά-</span> 
     </span>
    </p>
   </div>
   <div class='ocr_carea' id='block_1_31' title="bbox 414 3032 1993 3111">
    <p class='ocr_par' dir='ltr' id='par_1_31' title="bbox 414 3032 1993 3111">
     <span class='ocr_line' id='line_1_31' title="bbox 414 3032 1993 3111; baseline 0.001 -20"><span class='ocrx_word' id='word_1_249' title='bbox 414 3052 503 3101; x_wconf 87' lang='grc' dir='ltr'>κις</span> <span class='ocrx_word' id='word_1_250' title='bbox 528 3036 923 3109; x_wconf 77' lang='grc' dir='ltr'>φιλοσοφῶμεν,</span> <span class='ocrx_word' id='word_1_251' title='bbox 958 3037 1061 3091; x_wconf 80' lang='grc' dir='ltr'>κᾶν</span> <span class='ocrx_word' id='word_1_252' title='bbox 1091 3038 1346 3093; x_wconf 79' lang='grc' dir='ltr'>ἀπάντων</span> <span class='ocrx_word' id='word_1_253' title='bbox 1363 3032 1515 3110; x_wconf 80' lang='grc' dir='ltr'>ὦμεν</span> <span class='ocrx_word' id='word_1_254' title='bbox 1544 3038 1879 3111; x_wconf 86' lang='grc' dir='ltr'>ίσχυρότεροι</span> <span class='ocrx_word' id='word_1_255' title='bbox 1900 3039 1993 3092; x_wconf 80' lang='grc' dir='ltr'>καὶ</span> 
     </span>
    </p>
   </div>
   <div class='ocr_carea' id='block_1_32' title="bbox 409 3124 1993 3202">
    <p class='ocr_par' dir='ltr' id='par_1_32' title="bbox 409 3124 1993 3202">
     <span class='ocr_line' id='line_1_32' title="bbox 409 3124 1993 3202; baseline 0.003 -24"><span class='ocrx_word' id='word_1_256' title='bbox 409 3124 788 3196; x_wconf 82' lang='grc' dir='ltr'>δυνατώτεροι,</span> <span class='ocrx_word' id='word_1_257' title='bbox 832 3126 933 3198; x_wconf 85' lang='grc' dir='ltr'>τῆς</span> <span class='ocrx_word' id='word_1_258' title='bbox 978 3127 1107 3199; x_wconf 77' lang='grc' dir='ltr'>παρ’</span> <span class='ocrx_word' id='word_1_259' title='bbox 1133 3126 1297 3181; x_wconf 88' lang='grc' dir='ltr'>αὐτοῦ</span> <span class='ocrx_word' id='word_1_260' title='bbox 1344 3129 1518 3199; x_wconf 82' lang='grc' dir='ltr'>ῥοπῆς</span> <span class='ocrx_word' id='word_1_261' title='bbox 1550 3130 1829 3202; x_wconf 80' lang='grc' dir='ltr'>ἀπούσης,</span> <span class='ocrx_word' id='word_1_262' title='bbox 1872 3129 1993 3183; x_wconf 81' lang='grc' dir='ltr'>οὐδὲ</span> 
     </span>
    </p>
   </div>
   <div class='ocr_carea' id='block_1_33' title="bbox 416 3215 1992 3293">
    <p class='ocr_par' dir='ltr' id='par_1_33' title="bbox 416 3215 1992 3293">
     <span class='ocr_line' id='line_1_33' title="bbox 416 3215 1992 3293; baseline 0.005 -25"><span class='ocrx_word' id='word_1_263' title='bbox 416 3215 552 3287; x_wconf 72' lang='grc' dir='ltr'>πρὸς</span> <span class='ocrx_word' id='word_1_264' title='bbox 580 3217 671 3271; x_wconf 77' lang='grc' dir='ltr'>τὸν</span> <span class='ocrx_word' id='word_1_265' title='bbox 696 3217 928 3289; x_wconf 85' lang='grc' dir='ltr'>τυχόντα</span> <span class='ocrx_word' id='word_1_266' title='bbox 950 3218 1265 3289; x_wconf 76' lang='grc' dir='ltr'>ἀντιστῆναι</span> <span class='ocrx_word' id='word_1_267' title='bbox 1292 3218 1634 3290; x_wconf 78' lang='grc' dir='ltr'>δυνησόμεθα</span> <span class='ocrx_word' id='word_1_268' title='bbox 1666 3220 1992 3293; x_wconf 80' lang='grc' dir='ltr'>πειρασμόν.</span> 
     </span>
    </p>
   </div>
   <div class='ocr_carea' id='block_1_34' title="bbox 415 3307 1991 3385">
    <p class='ocr_par' dir='ltr' id='par_1_34' title="bbox 415 3307 1991 3385">
     <span class='ocr_line' id='line_1_34' title="bbox 415 3307 1991 3385; baseline 0.003 -24"><span class='ocrx_word' id='word_1_269' title='bbox 415 3307 528 3362; x_wconf 72' lang='grc' dir='ltr'>Καὶ</span> <span class='ocrx_word' id='word_1_270' title='bbox 548 3307 601 3360; x_wconf 84' lang='grc' dir='ltr'>τί</span> <span class='ocrx_word' id='word_1_271' title='bbox 633 3308 773 3378; x_wconf 78' lang='grc' dir='ltr'>λέγω</span> <span class='ocrx_word' id='word_1_272' title='bbox 796 3310 925 3382; x_wconf 72' lang='grc' dir='ltr'>περὶ</span> <span class='ocrx_word' id='word_1_273' title='bbox 943 3309 1102 3381; x_wconf 88' lang='grc' dir='ltr'>ήμῶν</span> <span class='ocrx_word' id='word_1_274' title='bbox 1129 3309 1237 3364; x_wconf 90' lang='grc' dir='ltr'>τῶν</span> <span class='ocrx_word' id='word_1_275' title='bbox 1264 3310 1496 3364; x_wconf 80' lang='grc' dir='ltr'>εὐτελῶν</span> <span class='ocrx_word' id='word_1_276' title='bbox 1525 3312 1618 3365; x_wconf 70' lang='grc' dir='ltr'>καὶ</span> <span class='ocrx_word' id='word_1_277' title='bbox 1642 3311 1991 3385; x_wconf 81' lang='grc' dir='ltr'>ἀπερῥιμμέ-</span> 
     </span>
    </p>
   </div>
   <div class='ocr_carea' id='block_1_35' title="bbox 413 3394 1986 3474">
    <p class='ocr_par' dir='ltr' id='par_1_35' title="bbox 413 3394 1986 3474">
     <span class='ocr_line' id='line_1_35' title="bbox 413 3394 1986 3474; baseline 0.001 -21"><span class='ocrx_word' id='word_1_278' title='bbox 413 3416 548 3466; x_wconf 85' lang='grc' dir='ltr'>νων;</span> <span class='ocrx_word' id='word_1_279' title='bbox 581 3399 699 3454; x_wconf 80' lang='grc' dir='ltr'>Κᾶν</span> <span class='ocrx_word' id='word_1_280' title='bbox 730 3399 839 3471; x_wconf 86' lang='lat'>7&amp;9</span> <span class='ocrx_word' id='word_1_281' title='bbox 873 3399 1083 3463; x_wconf 86' lang='grc' dir='ltr'>Παῦλός</span> <span class='ocrx_word' id='word_1_282' title='bbox 1110 3416 1194 3465; x_wconf 90' lang='grc' dir='ltr'>τις</span> <span class='ocrx_word' id='word_1_283' title='bbox 1213 3394 1269 3474; x_wconf 78' lang='grc' dir='ltr'>ᾗ,</span> <span class='ocrx_word' id='word_1_284' title='bbox 1288 3400 1382 3454; x_wconf 80' lang='grc' dir='ltr'>καὶ</span> <span class='ocrx_word' id='word_1_285' title='bbox 1405 3400 1631 3471; x_wconf 83' lang='grc' dir='ltr'>Πέτρος,</span> <span class='ocrx_word' id='word_1_286' title='bbox 1662 3400 1765 3455; x_wconf 80' lang='grc' dir='ltr'>κᾶν</span> <span class='ocrx_word' id='word_1_287' title='bbox 1805 3402 1986 3455; x_wconf 87' lang='grc' dir='ltr'>Ἰάκω-</span> 
     </span>
    </p>
   </div>
   <div class='ocr_carea' id='block_1_36' title="bbox 409 3490 1988 3565">
    <p class='ocr_par' dir='ltr' id='par_1_36' title="bbox 409 3490 1988 3565">
     <span class='ocr_line' id='line_1_36' title="bbox 409 3490 1988 3565; baseline 0.003 -23"><span class='ocrx_word' id='word_1_288' title='bbox 409 3490 526 3555; x_wconf 77' lang='grc' dir='ltr'>ϐος,</span> <span class='ocrx_word' id='word_1_289' title='bbox 559 3490 661 3545; x_wconf 74' lang='grc' dir='ltr'>κᾶν</span> <span class='ocrx_word' id='word_1_290' title='bbox 701 3491 975 3564; x_wconf 82' lang='grc' dir='ltr'>Ἰωάννης,</span> <span class='ocrx_word' id='word_1_291' title='bbox 1004 3492 1106 3564; x_wconf 88' lang='grc' dir='ltr'>τῆς</span> <span class='ocrx_word' id='word_1_292' title='bbox 1150 3492 1356 3548; x_wconf 77' lang='grc' dir='ltr'>ἀνωθεν</span> <span class='ocrx_word' id='word_1_293' title='bbox 1391 3491 1641 3565; x_wconf 82' lang='grc' dir='ltr'>βοηθείας</span> <span class='ocrx_word' id='word_1_294' title='bbox 1684 3492 1988 3564; x_wconf 89' lang='grc' dir='ltr'>ἀποστερη-</span> 
     </span>
    </p>
   </div>
   <div class='ocr_carea' id='block_1_37' title="bbox 407 3582 1985 3656">
    <p class='ocr_par' dir='ltr' id='par_1_37' title="bbox 407 3582 1985 3656">
     <span class='ocr_line' id='line_1_37' title="bbox 407 3582 1985 3656; baseline 0.001 -19"><span class='ocrx_word' id='word_1_295' title='bbox 407 3582 525 3647; x_wconf 74' lang='grc' dir='ltr'>θεὶς</span> <span class='ocrx_word' id='word_1_296' title='bbox 555 3583 832 3655; x_wconf 71' lang='grc' dir='ltr'>ἐλέγχεται</span> <span class='ocrx_word' id='word_1_297' title='bbox 860 3585 1075 3656; x_wconf 74' lang='grc' dir='ltr'>ῥᾳδίως,</span> <span class='ocrx_word' id='word_1_298' title='bbox 1102 3584 1199 3638; x_wconf 80' lang='grc' dir='ltr'>καὶ</span> <span class='ocrx_word' id='word_1_299' title='bbox 1229 3582 1661 3649; x_wconf 73' lang='grc' dir='ltr'>ῦποσκελίξεται,</span> <span class='ocrx_word' id='word_1_300' title='bbox 1692 3583 1786 3638; x_wconf 70' lang='grc' dir='ltr'>καὶ</span> <span class='ocrx_word' id='word_1_301' title='bbox 1814 3600 1985 3639; x_wconf 83' lang='grc' dir='ltr'>κατα-</span> 
     </span>
    </p>
   </div>
   <div class='ocr_carea' id='block_1_38' title="bbox 406 3673 1983 3749">
    <p class='ocr_par' dir='ltr' id='par_1_38' title="bbox 406 3673 1983 3749">
     <span class='ocr_line' id='line_1_38' title="bbox 406 3673 1983 3749; baseline 0.002 -22"><span class='ocrx_word' id='word_1_302' title='bbox 406 3675 617 3731; x_wconf 81' lang='grc' dir='ltr'>πίπτει.</span> <span class='ocrx_word' id='word_1_303' title='bbox 663 3676 776 3730; x_wconf 69' lang='lat' dir='ltr'>Kal</span> <span class='ocrx_word' id='word_1_304' title='bbox 805 3676 947 3749; x_wconf 79' lang='grc' dir='ltr'>ὐπέρ</span> <span class='ocrx_word' id='word_1_305' title='bbox 970 3675 1176 3730; x_wconf 90' lang='grc' dir='ltr'>τούτων</span> <span class='ocrx_word' id='word_1_306' title='bbox 1205 3674 1370 3730; x_wconf 88' lang='grc' dir='ltr'>αὐτοῦ</span> <span class='ocrx_word' id='word_1_307' title='bbox 1401 3675 1495 3730; x_wconf 89' lang='grc' dir='ltr'>τοῦ</span> <span class='ocrx_word' id='word_1_308' title='bbox 1533 3673 1769 3747; x_wconf 78' lang='grc' dir='ltr'>Χριστοῦ</span> <span class='ocrx_word' id='word_1_309' title='bbox 1801 3676 1983 3747; x_wconf 77' lang='grc' dir='ltr'>φωνὴν</span> 
     </span>
    </p>
   </div>
   <div class='ocr_carea' id='block_1_39' title="bbox 406 3764 1983 3838">
    <p class='ocr_par' dir='ltr' id='par_1_39' title="bbox 406 3764 1983 3838">
     <span class='ocr_line' id='line_1_39' title="bbox 406 3764 1983 3838; baseline 0.001 -20"><span class='ocrx_word' id='word_1_310' title='bbox 406 3765 536 3837; x_wconf 77' lang='grc' dir='ltr'>ὑμῖν</span> <span class='ocrx_word' id='word_1_311' title='bbox 563 3765 985 3837; x_wconf 77' lang='grc' dir='ltr'>ἀναγνώσομαιο</span> <span class='ocrx_word' id='word_1_312' title='bbox 1045 3765 1123 3837; x_wconf 81' lang='grc' dir='ltr'>τῷ</span> <span class='ocrx_word' id='word_1_313' title='bbox 1169 3766 1281 3838; x_wconf 87' lang='lat'>7&amp;9</span> <span class='ocrx_word' id='word_1_314' title='bbox 1313 3766 1507 3838; x_wconf 84' lang='grc' dir='ltr'>Πέτρῳ</span> <span class='ocrx_word' id='word_1_315' title='bbox 1534 3765 1728 3836; x_wconf 78' lang='grc' dir='ltr'>φησιν’</span> <span class='ocrx_word' id='word_1_316' title='bbox 1773 3764 1918 3821; x_wconf 85' lang='grc' dir='ltr'>Ἰδοὺ</span> <span class='ocrx_word' id='word_1_317' title='bbox 1949 3768 1983 3820; x_wconf 82' lang='grc' dir='ltr'><em>ὁ</em></span> 
     </span>
    </p>
   </div>
   <div class='ocr_carea' id='block_1_40' title="bbox 404 3856 1981 3928">
    <p class='ocr_par' dir='ltr' id='par_1_40' title="bbox 404 3856 1981 3928">
     <span class='ocr_line' id='line_1_40' title="bbox 404 3856 1981 3928; baseline -0.001 -15"><span class='ocrx_word' id='word_1_318' title='bbox 404 3857 677 3925; x_wconf 82' lang='grc' dir='ltr'>Σατανᾶς</span> <span class='ocrx_word' id='word_1_319' title='bbox 707 3858 998 3928; x_wconf 72' lang='grc' dir='ltr'>ᾐτήσατο,</span> <span class='ocrx_word' id='word_1_320' title='bbox 1029 3859 1132 3913; x_wconf 76' lang='grc' dir='ltr'>ἵνα</span> <span class='ocrx_word' id='word_1_321' title='bbox 1176 3856 1429 3927; x_wconf 78' lang='grc' dir='ltr'>σινιάσῃ</span> <span class='ocrx_word' id='word_1_322' title='bbox 1459 3857 1616 3927; x_wconf 81' lang='grc' dir='ltr'>ὑμᾶς</span> <span class='ocrx_word' id='word_1_323' title='bbox 1640 3858 1722 3924; x_wconf 84' lang='grc' dir='ltr'>ὠς</span> <span class='ocrx_word' id='word_1_324' title='bbox 1752 3858 1858 3912; x_wconf 85' lang='grc' dir='ltr'>τὸν</span> <span class='ocrx_word' id='word_1_325' title='bbox 1888 3858 1981 3912; x_wconf 83' lang='grc' dir='ltr'>σῖ-</span> 
     </span>
    </p>
   </div>
   <div class='ocr_carea' id='block_1_41' title="bbox 403 3947 1976 4019">
    <p class='ocr_par' dir='ltr' id='par_1_41' title="bbox 403 3947 1976 4019">
     <span class='ocr_line' id='line_1_41' title="bbox 403 3947 1976 4019; baseline -0.001 -16"><span class='ocrx_word' id='word_1_326' title='bbox 403 3965 540 4003; x_wconf 79' lang='grc' dir='ltr'>τονο</span> <span class='ocrx_word' id='word_1_327' title='bbox 582 3948 742 4019; x_wconf 80' lang='grc' dir='ltr'>κάγὼ</span> <span class='ocrx_word' id='word_1_328' title='bbox 781 3947 1035 4017; x_wconf 77' lang='grc' dir='ltr'>ἐδεήθην</span> <span class='ocrx_word' id='word_1_329' title='bbox 1071 3948 1205 4017; x_wconf 80' lang='grc' dir='ltr'>περὶ</span> <span class='ocrx_word' id='word_1_330' title='bbox 1234 3948 1370 4014; x_wconf 89' lang='grc' dir='ltr'>σοῦ,</span> <span class='ocrx_word' id='word_1_331' title='bbox 1415 3949 1518 4004; x_wconf 78' lang='grc' dir='ltr'>ἵνα</span> <span class='ocrx_word' id='word_1_332' title='bbox 1551 3947 1638 4017; x_wconf 80' lang='grc' dir='ltr'>μὴ</span> <span class='ocrx_word' id='word_1_333' title='bbox 1684 3948 1902 4018; x_wconf 74' lang='grc' dir='ltr'>ἐκλίπῃ</span> <span class='ocrx_word' id='word_1_334' title='bbox 1936 3949 1976 4017; x_wconf 80' lang='grc' dir='ltr'><strong><em>ἠ</em></strong></span> 
     </span>
    </p>
   </div>
   <div class='ocr_carea' id='block_1_42' title="bbox 400 4040 1978 4112">
    <p class='ocr_par' dir='ltr' id='par_1_42' title="bbox 400 4040 1978 4112">
     <span class='ocr_line' id='line_1_42' title="bbox 400 4040 1978 4112; baseline -0.001 -16"><span class='ocrx_word' id='word_1_335' title='bbox 400 4044 603 4111; x_wconf 74' lang='grc' dir='ltr'>πίστις</span> <span class='ocrx_word' id='word_1_336' title='bbox 628 4057 765 4098; x_wconf 89' lang='grc' dir='ltr'>σου.</span> <span class='ocrx_word' id='word_1_337' title='bbox 803 4043 870 4096; x_wconf 90' lang='grc' dir='ltr'>Τί</span> <span class='ocrx_word' id='word_1_338' title='bbox 905 4044 1044 4109; x_wconf 78' lang='grc' dir='ltr'>ἐστι,</span> <span class='ocrx_word' id='word_1_339' title='bbox 1072 4040 1343 4107; x_wconf 85' lang='grc' dir='ltr'>σινιάσαι;</span> <span class='ocrx_word' id='word_1_340' title='bbox 1391 4041 1664 4109; x_wconf 78' lang='grc' dir='ltr'>’Δγαγεῖν,</span> <span class='ocrx_word' id='word_1_341' title='bbox 1708 4057 1978 4112; x_wconf 85' lang='grc' dir='ltr'>περιαγα-</span> 
     </span>
    </p>
   </div>
   <div class='ocr_carea' id='block_1_43' title="bbox 398 4130 1976 4204">
    <p class='ocr_par' dir='ltr' id='par_1_43' title="bbox 398 4130 1976 4204">
     <span class='ocr_line' id='line_1_43' title="bbox 398 4130 1976 4204; baseline -0.003 -16"><span class='ocrx_word' id='word_1_342' title='bbox 398 4136 536 4204; x_wconf 85' lang='grc' dir='ltr'>γείν,</span> <span class='ocrx_word' id='word_1_343' title='bbox 571 4132 853 4199; x_wconf 80' lang='grc' dir='ltr'>σαλεῦσαι,</span> <span class='ocrx_word' id='word_1_344' title='bbox 874 4133 1115 4204; x_wconf 81' lang='grc' dir='ltr'>κινῆσαι,</span> <span class='ocrx_word' id='word_1_345' title='bbox 1142 4132 1478 4204; x_wconf 86' lang='grc' dir='ltr'>διαδονῆσαι,</span> <span class='ocrx_word' id='word_1_346' title='bbox 1510 4130 1815 4202; x_wconf 83' lang='grc' dir='ltr'>βασανίσαι,</span> <span class='ocrx_word' id='word_1_347' title='bbox 1839 4131 1976 4204; x_wconf 84' lang='grc' dir='ltr'>ὅπερ</span> 
     </span>
    </p>
   </div>
   <div class='ocr_carea' id='block_1_44' title="bbox 396 4221 1971 4297">
    <p class='ocr_par' dir='ltr' id='par_1_44' title="bbox 396 4221 1971 4297">
     <span class='ocr_line' id='line_1_44' title="bbox 396 4221 1971 4297; baseline -0.003 -17"><span class='ocrx_word' id='word_1_348' title='bbox 396 4227 492 4281; x_wconf 83' lang='grc' dir='ltr'>ἐπὶ</span> <span class='ocrx_word' id='word_1_349' title='bbox 541 4225 650 4280; x_wconf 87' lang='grc' dir='ltr'>τῶν</span> <span class='ocrx_word' id='word_1_350' title='bbox 702 4224 1157 4297; x_wconf 77' lang='grc' dir='ltr'>κοσκινιζομένων</span> <span class='ocrx_word' id='word_1_351' title='bbox 1204 4225 1445 4293; x_wconf 74' lang='grc' dir='ltr'>γίνεταιο</span> <span class='ocrx_word' id='word_1_352' title='bbox 1480 4223 1595 4277; x_wconf 85' lang='grc' dir='ltr'>ἀλλ’</span> <span class='ocrx_word' id='word_1_353' title='bbox 1621 4221 1752 4293; x_wconf 87' lang='grc' dir='ltr'>ἐγὼ,</span> <span class='ocrx_word' id='word_1_354' title='bbox 1787 4224 1971 4295; x_wconf 77' lang='grc' dir='ltr'>φησὶν,</span> 
     </span>
    </p>
   </div>
   <div class='ocr_carea' id='block_1_45' title="bbox 396 4314 1973 4388">
    <p class='ocr_par' dir='ltr' id='par_1_45' title="bbox 396 4314 1973 4388">
     <span class='ocr_line' id='line_1_45' title="bbox 396 4314 1973 4388; baseline 0 -19"><span class='ocrx_word' id='word_1_355' title='bbox 396 4316 652 4388; x_wconf 75' lang='grc' dir='ltr'>ἐπέσχον,</span> <span class='ocrx_word' id='word_1_356' title='bbox 679 4316 834 4379; x_wconf 80' lang='grc' dir='ltr'>εἰδὼς</span> <span class='ocrx_word' id='word_1_357' title='bbox 860 4317 944 4369; x_wconf 85' lang='grc' dir='ltr'>ὅτι</span> <span class='ocrx_word' id='word_1_358' title='bbox 972 4316 1063 4369; x_wconf 78' lang='grc' dir='ltr'>τὸν</span> <span class='ocrx_word' id='word_1_359' title='bbox 1090 4314 1396 4387; x_wconf 81' lang='grc' dir='ltr'>πειρασμὸν</span> <span class='ocrx_word' id='word_1_360' title='bbox 1424 4316 1667 4382; x_wconf 78' lang='grc' dir='ltr'>ἐνεγκεῖν</span> <span class='ocrx_word' id='word_1_361' title='bbox 1707 4314 1769 4368; x_wconf 88' lang='grc' dir='ltr'>οὐ</span> <span class='ocrx_word' id='word_1_362' title='bbox 1810 4314 1973 4369; x_wconf 84' lang='grc' dir='ltr'>δύνα-</span> 
     </span>
    </p>
   </div>
   <div class='ocr_carea' id='block_1_46' title="bbox 398 4403 1970 4479">
    <p class='ocr_par' dir='ltr' id='par_1_46' title="bbox 398 4403 1970 4479">
     <span class='ocr_line' id='line_1_46' title="bbox 398 4403 1970 4479; baseline -0.001 -18"><span class='ocrx_word' id='word_1_363' title='bbox 398 4406 491 4461; x_wconf 88' lang='grc' dir='ltr'>σθε</span> <span class='ocrx_word' id='word_1_364' title='bbox 510 4424 527 4440; x_wconf 74' lang='grc'><strong><em>⁸</em></strong></span> <span class='ocrx_word' id='word_1_365' title='bbox 556 4407 619 4461; x_wconf 82' lang='grc' dir='ltr'>τὸ</span> <span class='ocrx_word' id='word_1_366' title='bbox 654 4407 764 4479; x_wconf 88' lang='lat'>7&amp;9</span> <span class='ocrx_word' id='word_1_367' title='bbox 793 4407 996 4460; x_wconf 79' lang='grc' dir='ltr'>εἰπεῖν·</span> <span class='ocrx_word' id='word_1_368' title='bbox 1031 4405 1154 4460; x_wconf 84' lang='grc' dir='ltr'>Ἵνα</span> <span class='ocrx_word' id='word_1_369' title='bbox 1174 4403 1262 4474; x_wconf 80' lang='grc' dir='ltr'>μὴ</span> <span class='ocrx_word' id='word_1_370' title='bbox 1295 4404 1519 4474; x_wconf 73' lang='grc' dir='ltr'>ἐκλίπῃ</span> <span class='ocrx_word' id='word_1_371' title='bbox 1542 4404 1581 4474; x_wconf 72' lang='grc' dir='ltr'><strong><em>ἠ</em></strong></span> <span class='ocrx_word' id='word_1_372' title='bbox 1606 4405 1811 4472; x_wconf 84' lang='grc' dir='ltr'>πίστις</span> <span class='ocrx_word' id='word_1_373' title='bbox 1831 4420 1970 4469; x_wconf 85' lang='grc' dir='ltr'>σου.</span> 
     </span>
    </p>
   </div>
   <div class='ocr_carea' id='block_1_47' title="bbox 392 4494 1971 4570">
    <p class='ocr_par' dir='ltr' id='par_1_47' title="bbox 392 4494 1971 4570">
     <span class='ocr_line' id='line_1_47' title="bbox 392 4494 1971 4570; baseline -0.001 -18"><span class='ocrx_word' id='word_1_374' title='bbox 392 4495 683 4570; x_wconf 85' lang='grc' dir='ltr'>δηλοῦντός</span> <span class='ocrx_word' id='word_1_375' title='bbox 728 4497 896 4564; x_wconf 84' lang='grc' dir='ltr'>ἐστιν,</span> <span class='ocrx_word' id='word_1_376' title='bbox 940 4497 1024 4550; x_wconf 82' lang='grc' dir='ltr'>ὅτι</span> <span class='ocrx_word' id='word_1_377' title='bbox 1075 4496 1124 4549; x_wconf 86' lang='grc' dir='ltr'>εί</span> <span class='ocrx_word' id='word_1_378' title='bbox 1175 4494 1570 4567; x_wconf 83' lang='grc' dir='ltr'>συνεχώρησεν,</span> <span class='ocrx_word' id='word_1_379' title='bbox 1617 4496 1860 4564; x_wconf 74' lang='grc' dir='ltr'>ἐξέλιπεν</span> <span class='ocrx_word' id='word_1_380' title='bbox 1904 4496 1971 4551; x_wconf 79' lang='grc' dir='ltr'>ἂν</span> 
     </span>
    </p>
   </div>
   <div class='ocr_carea' id='block_1_48' title="bbox 392 4587 1968 4661">
    <p class='ocr_par' dir='ltr' id='par_1_48' title="bbox 392 4587 1968 4661">
     <span class='ocr_line' id='line_1_48' title="bbox 392 4587 1968 4661; baseline -0.001 -18"><span class='ocrx_word' id='word_1_381' title='bbox 392 4588 562 4643; x_wconf 85' lang='grc' dir='ltr'>αὐτοῦ</span> <span class='ocrx_word' id='word_1_382' title='bbox 584 4590 618 4660; x_wconf 88' lang='grc' dir='ltr'>ή</span> <span class='ocrx_word' id='word_1_383' title='bbox 647 4589 850 4653; x_wconf 81' lang='grc' dir='ltr'>πίστις.</span> <span class='ocrx_word' id='word_1_384' title='bbox 879 4589 942 4643; x_wconf 86' lang='grc' dir='ltr'>Εἰ</span> <span class='ocrx_word' id='word_1_385' title='bbox 981 4588 1040 4642; x_wconf 87' lang='grc' dir='ltr'>δὲ</span> <span class='ocrx_word' id='word_1_386' title='bbox 1086 4588 1291 4658; x_wconf 78' lang='grc' dir='ltr'>Πέτρος</span> <span class='ocrx_word' id='word_1_387' title='bbox 1326 4587 1356 4639; x_wconf 97' lang='lat'>6</span> <span class='ocrx_word' id='word_1_388' title='bbox 1388 4587 1589 4660; x_wconf 82' lang='grc' dir='ltr'>θερμὸς</span> <span class='ocrx_word' id='word_1_389' title='bbox 1614 4587 1850 4661; x_wconf 82' lang='grc' dir='ltr'>ἐραστὴς</span> <span class='ocrx_word' id='word_1_390' title='bbox 1874 4589 1968 4642; x_wconf 87' lang='grc' dir='ltr'>τοῦ</span> 
     </span>
    </p>
   </div>
   <div class='ocr_carea' id='block_1_49' title="bbox 393 4676 1969 4753">
    <p class='ocr_par' dir='ltr' id='par_1_49' title="bbox 393 4676 1969 4753">
     <span class='ocr_line' id='line_1_49' title="bbox 393 4676 1969 4753; baseline 0 -19"><span class='ocrx_word' id='word_1_391' title='bbox 393 4679 629 4753; x_wconf 81' lang='grc' dir='ltr'>Χριστοῦ</span> <span class='ocrx_word' id='word_1_392' title='bbox 668 4679 764 4734; x_wconf 62' lang='grc' dir='ltr'>καὶ⁵</span> <span class='ocrx_word' id='word_1_393' title='bbox 798 4679 896 4750; x_wconf 84' lang='grc' dir='ltr'>τήν</span> <span class='ocrx_word' id='word_1_394' title='bbox 939 4678 1118 4751; x_wconf 78' lang='grc' dir='ltr'>ψυχὴν</span> <span class='ocrx_word' id='word_1_395' title='bbox 1165 4678 1306 4749; x_wconf 87' lang='grc' dir='ltr'>ὐπέρ</span> <span class='ocrx_word' id='word_1_396' title='bbox 1333 4676 1498 4731; x_wconf 87' lang='grc' dir='ltr'>αὐτοῦ</span> <span class='ocrx_word' id='word_1_397' title='bbox 1547 4679 1801 4750; x_wconf 81' lang='grc' dir='ltr'>μυριάκις</span> <span class='ocrx_word' id='word_1_398' title='bbox 1846 4679 1969 4734; x_wconf 86' lang='grc' dir='ltr'>ἐπι·</span> 
     </span>
    </p>
   </div>
   <div class='ocr_carea' id='block_1_50' title="bbox 386 4768 1963 4844">
    <p class='ocr_par' dir='ltr' id='par_1_50' title="bbox 386 4768 1963 4844">
     <span class='ocr_line' id='line_1_50' title="bbox 386 4768 1963 4844; baseline -0.002 -17"><span class='ocrx_word' id='word_1_399' title='bbox 386 4770 537 4837; x_wconf 75' lang='grc' dir='ltr'>δοὺς,</span> <span class='ocrx_word' id='word_1_400' title='bbox 562 4772 658 4827; x_wconf 80' lang='grc' dir='ltr'>καὶ</span> <span class='ocrx_word' id='word_1_401' title='bbox 700 4771 994 4844; x_wconf 83' lang='grc' dir='ltr'>προπηδῶν</span> <span class='ocrx_word' id='word_1_402' title='bbox 1039 4771 1128 4825; x_wconf 78' lang='grc' dir='ltr'>ἀεὶ</span> <span class='ocrx_word' id='word_1_403' title='bbox 1158 4770 1254 4823; x_wconf 84' lang='grc' dir='ltr'>τοῦ</span> <span class='ocrx_word' id='word_1_404' title='bbox 1284 4768 1445 4841; x_wconf 88' lang='grc' dir='ltr'>χοροῦ</span> <span class='ocrx_word' id='word_1_405' title='bbox 1485 4770 1594 4824; x_wconf 87' lang='grc' dir='ltr'>τῶν</span> <span class='ocrx_word' id='word_1_406' title='bbox 1630 4770 1963 4838; x_wconf 83' lang='grc' dir='ltr'>ἀποστόλων,</span> 
     </span>
    </p>
   </div>
   <div class='ocr_carea' id='block_1_51' title="bbox 2125 402 3689 490">
    <p class='ocr_par' dir='ltr' id='par_1_51' title="bbox 2125 402 3689 490">
     <span class='ocr_line' id='line_1_51' title="bbox 2125 402 3689 490; baseline 0.012 -36"><span class='ocrx_word' id='word_1_407' title='bbox 2125 402 2268 471; x_wconf 72' lang='grc' dir='ltr'>ἡμᾶς</span> <span class='ocrx_word' id='word_1_408' title='bbox 2298 405 2388 457; x_wconf 73' lang='grc' dir='ltr'>καὶ</span> <span class='ocrx_word' id='word_1_409' title='bbox 2428 408 2762 478; x_wconf 79' lang='grc' dir='ltr'>συγκροτῶν,</span> <span class='ocrx_word' id='word_1_410' title='bbox 2793 409 2920 463; x_wconf 76' lang='grc' dir='ltr'>ὅταν</span> <span class='ocrx_word' id='word_1_411' title='bbox 2949 410 3107 482; x_wconf 77' lang='grc' dir='ltr'>ήμεῐς</span> <span class='ocrx_word' id='word_1_412' title='bbox 3136 410 3400 484; x_wconf 87' lang='grc' dir='ltr'>πρότερον</span> <span class='ocrx_word' id='word_1_413' title='bbox 3440 415 3508 470; x_wconf 74' lang='grc' dir='ltr'>τὰ</span> <span class='ocrx_word' id='word_1_414' title='bbox 3559 424 3689 490; x_wconf 79' lang='grc' dir='ltr'>παρ’</span> 
     </span>
    </p>
   </div>
   <div class='ocr_carea' id='block_1_52' title="bbox 2119 495 3691 586">
    <p class='ocr_par' dir='ltr' id='par_1_52' title="bbox 2119 495 3691 586">
     <span class='ocr_line' id='line_1_52' title="bbox 2119 495 3691 586; baseline 0.015 -41"><span class='ocrx_word' id='word_1_415' title='bbox 2119 495 2327 549; x_wconf 81' lang='grc' dir='ltr'>ἑαυτῶν</span> <span class='ocrx_word' id='word_1_416' title='bbox 2371 499 2790 572; x_wconf 87' lang='grc' dir='ltr'>είσενέγκωμεν,</span> <span class='ocrx_word' id='word_1_417' title='bbox 2832 498 2943 558; x_wconf 71' lang='grc' dir='ltr'>οἷον</span> <span class='ocrx_word' id='word_1_418' title='bbox 2986 506 3314 578; x_wconf 76' lang='grc' dir='ltr'>προθυμίαν,</span> <span class='ocrx_word' id='word_1_419' title='bbox 3361 512 3547 566; x_wconf 77' lang='grc' dir='ltr'>ἐλπὲδα</span> <span class='ocrx_word' id='word_1_420' title='bbox 3594 516 3691 586; x_wconf 76' lang='grc' dir='ltr'>τὴν</span> 
     </span>
    </p>
   </div>
   <div class='ocr_carea' id='block_1_53' title="bbox 2118 586 3689 673">
    <p class='ocr_par' dir='ltr' id='par_1_53' title="bbox 2118 586 3689 673">
     <span class='ocr_line' id='line_1_53' title="bbox 2118 586 3689 673; baseline 0.013 -36"><span class='ocrx_word' id='word_1_421' title='bbox 2118 586 2199 648; x_wconf 81' lang='grc' dir='ltr'>εἰς</span> <span class='ocrx_word' id='word_1_422' title='bbox 2243 587 2424 649; x_wconf 85' lang='grc' dir='ltr'>αὐτὸν,</span> <span class='ocrx_word' id='word_1_423' title='bbox 2461 591 2830 664; x_wconf 78' lang='grc' dir='ltr'>εὐχαριστίαν,</span> <span class='ocrx_word' id='word_1_424' title='bbox 2862 596 3176 669; x_wconf 84' lang='grc' dir='ltr'>καρτερίαν,</span> <span class='ocrx_word' id='word_1_425' title='bbox 3209 597 3506 673; x_wconf 83' lang='grc' dir='ltr'>ὑπομονήν.</span> <span class='ocrx_word' id='word_1_426' title='bbox 3547 603 3689 658; x_wconf 74' lang='grc' dir='ltr'>Οὔτε</span> 
     </span>
    </p>
   </div>
   <div class='ocr_carea' id='block_1_54' title="bbox 2117 675 3693 756">
    <p class='ocr_par' dir='ltr' id='par_1_54' title="bbox 2117 675 3693 756">
     <span class='ocr_line' id='line_1_54' title="bbox 2117 675 3693 756; baseline 0.013 -30"><span class='ocrx_word' id='word_1_427' title='bbox 2117 675 2225 747; x_wconf 86' lang='lat'>7&amp;9</span> <span class='ocrx_word' id='word_1_428' title='bbox 2257 676 2416 748; x_wconf 89' lang='grc' dir='ltr'>μόνον</span> <span class='ocrx_word' id='word_1_429' title='bbox 2443 681 2501 732; x_wconf 86' lang='grc' dir='ltr'>ἐν</span> <span class='ocrx_word' id='word_1_430' title='bbox 2534 684 2643 744; x_wconf 77' lang='grc' dir='ltr'>τοῖς</span> <span class='ocrx_word' id='word_1_431' title='bbox 2676 683 2817 755; x_wconf 82' lang='grc' dir='ltr'>ὐπέρ</span> <span class='ocrx_word' id='word_1_432' title='bbox 2848 683 3077 756; x_wconf 86' lang='grc' dir='ltr'>δύναμιν</span> <span class='ocrx_word' id='word_1_433' title='bbox 3110 686 3393 756; x_wconf 72' lang='grc' dir='ltr'>κινδύνοις,</span> <span class='ocrx_word' id='word_1_434' title='bbox 3424 691 3558 744; x_wconf 85' lang='grc' dir='ltr'>ἀλλά</span> <span class='ocrx_word' id='word_1_435' title='bbox 3592 694 3693 747; x_wconf 68' lang='grc' dir='ltr'>καὶ</span> 
     </span>
    </p>
   </div>
   <div class='ocr_carea' id='block_1_55' title="bbox 2116 768 3692 854">
    <p class='ocr_par' dir='ltr' id='par_1_55' title="bbox 2116 768 3692 854">
     <span class='ocr_line' id='line_1_55' title="bbox 2116 768 3692 854; baseline 0.013 -35"><span class='ocrx_word' id='word_1_436' title='bbox 2116 768 2175 819; x_wconf 85' lang='grc' dir='ltr'>ἐν</span> <span class='ocrx_word' id='word_1_437' title='bbox 2219 770 2401 834; x_wconf 88' lang='grc' dir='ltr'>αὐτοῖς</span> <span class='ocrx_word' id='word_1_438' title='bbox 2445 774 2555 836; x_wconf 86' lang='grc' dir='ltr'>τοῖς</span> <span class='ocrx_word' id='word_1_439' title='bbox 2604 774 2745 829; x_wconf 92' lang='grc' dir='ltr'>κατά</span> <span class='ocrx_word' id='word_1_440' title='bbox 2788 775 3015 848; x_wconf 86' lang='grc' dir='ltr'>δύναμιν</span> <span class='ocrx_word' id='word_1_441' title='bbox 3055 779 3157 850; x_wconf 86' lang='grc' dir='ltr'>τῆς</span> <span class='ocrx_word' id='word_1_442' title='bbox 3209 781 3413 835; x_wconf 84' lang='grc' dir='ltr'>ἀνωθεν</span> <span class='ocrx_word' id='word_1_443' title='bbox 3459 783 3692 854; x_wconf 79' lang='grc' dir='ltr'>δεόμεθα</span> 
     </span>
    </p>
   </div>
   <div class='ocr_carea' id='block_1_56' title="bbox 2118 857 3691 940">
    <p class='ocr_par' dir='ltr' id='par_1_56' title="bbox 2118 857 3691 940">
     <span class='ocr_line' id='line_1_56' title="bbox 2118 857 3691 940; baseline 0.013 -30"><span class='ocrx_word' id='word_1_444' title='bbox 2118 857 2389 929; x_wconf 85' lang='grc' dir='ltr'>βοηθείας,</span> <span class='ocrx_word' id='word_1_445' title='bbox 2421 864 2470 916; x_wconf 85' lang='grc' dir='ltr'>εί</span> <span class='ocrx_word' id='word_1_446' title='bbox 2502 863 2789 935; x_wconf 78' lang='grc' dir='ltr'>μέλλοιμεν</span> <span class='ocrx_word' id='word_1_447' title='bbox 2830 867 3052 923; x_wconf 78' lang='grc' dir='ltr'>ἑστάναι</span> <span class='ocrx_word' id='word_1_448' title='bbox 3082 871 3375 940; x_wconf 79' lang='grc' dir='ltr'>γενναίως’</span> <span class='ocrx_word' id='word_1_449' title='bbox 3408 876 3501 929; x_wconf 78' lang='grc' dir='ltr'>καὶ</span> <span class='ocrx_word' id='word_1_450' title='bbox 3528 877 3691 930; x_wconf 83' lang='grc' dir='ltr'>ἀλλα-</span> 
     </span>
    </p>
   </div>
   <div class='ocr_carea' id='block_1_57' title="bbox 2116 950 3689 1037">
    <p class='ocr_par' dir='ltr' id='par_1_57' title="bbox 2116 950 3689 1037">
     <span class='ocr_line' id='line_1_57' title="bbox 2116 950 3689 1037; baseline 0.013 -35"><span class='ocrx_word' id='word_1_451' title='bbox 2116 950 2211 1020; x_wconf 89' lang='grc' dir='ltr'>χοῦ</span> <span class='ocrx_word' id='word_1_452' title='bbox 2258 952 2367 1024; x_wconf 88' lang='grc' dir='ltr'>γάρ</span> <span class='ocrx_word' id='word_1_453' title='bbox 2410 971 2542 1026; x_wconf 86' lang='grc' dir='ltr'>φησι</span> <span class='ocrx_word' id='word_1_454' title='bbox 2560 972 2573 985; x_wconf 91' lang='grc'><strong>·</strong></span> <span class='ocrx_word' id='word_1_455' title='bbox 2626 957 2830 1023; x_wconf 80' lang='grc' dir='ltr'>Καθὼς</span> <span class='ocrx_word' id='word_1_456' title='bbox 2878 964 3222 1029; x_wconf 77' lang='grc' dir='ltr'>περισσεύει</span> <span class='ocrx_word' id='word_1_457' title='bbox 3265 964 3337 1019; x_wconf 86' lang='grc' dir='ltr'>τὰ</span> <span class='ocrx_word' id='word_1_458' title='bbox 3372 966 3689 1037; x_wconf 79' lang='grc' dir='ltr'>παθήματα</span> 
     </span>
    </p>
   </div>
   <div class='ocr_carea' id='block_1_58' title="bbox 2115 1039 3686 1127">
    <p class='ocr_par' dir='ltr' id='par_1_58' title="bbox 2115 1039 3686 1127">
     <span class='ocr_line' id='line_1_58' title="bbox 2115 1039 3686 1127; baseline 0.015 -36"><span class='ocrx_word' id='word_1_459' title='bbox 2115 1039 2371 1107; x_wconf 84' lang='grc' dir='ltr'>Χριστοῦ</span> <span class='ocrx_word' id='word_1_460' title='bbox 2399 1044 2487 1110; x_wconf 75' lang='grc' dir='ltr'>εἷς</span> <span class='ocrx_word' id='word_1_461' title='bbox 2527 1042 2704 1113; x_wconf 76' lang='grc' dir='ltr'>ἡμᾶς,</span> <span class='ocrx_word' id='word_1_462' title='bbox 2748 1046 2900 1101; x_wconf 84' lang='grc' dir='ltr'>οὕτω</span> <span class='ocrx_word' id='word_1_463' title='bbox 2947 1048 3041 1103; x_wconf 82' lang='grc' dir='ltr'>διὰ</span> <span class='ocrx_word' id='word_1_464' title='bbox 3067 1052 3173 1107; x_wconf 88' lang='grc' dir='ltr'>τοῦ</span> <span class='ocrx_word' id='word_1_465' title='bbox 3204 1054 3454 1121; x_wconf 80' lang='grc' dir='ltr'>Χριστοῦ</span> <span class='ocrx_word' id='word_1_466' title='bbox 3480 1074 3686 1127; x_wconf 85' lang='grc' dir='ltr'>περισ-</span> 
     </span>
    </p>
   </div>
   <div class='ocr_carea' id='block_1_59' title="bbox 2116 1131 3689 1210">
    <p class='ocr_par' dir='ltr' id='par_1_59' title="bbox 2116 1131 3689 1210">
     <span class='ocr_line' id='line_1_59' title="bbox 2116 1131 3689 1210; baseline 0.013 -28"><span class='ocrx_word' id='word_1_467' title='bbox 2116 1131 2281 1184; x_wconf 85' lang='grc' dir='ltr'>σεύει</span> <span class='ocrx_word' id='word_1_468' title='bbox 2321 1132 2421 1185; x_wconf 75' lang='grc' dir='ltr'>καί</span> <span class='ocrx_word' id='word_1_469' title='bbox 2466 1134 2504 1202; x_wconf 81' lang='grc' dir='ltr'><em>ἠ</em></span> <span class='ocrx_word' id='word_1_470' title='bbox 2550 1135 2932 1206; x_wconf 74' lang='grc' dir='ltr'>παράκλησις</span> <span class='ocrx_word' id='word_1_471' title='bbox 2963 1139 3155 1210; x_wconf 79' lang='grc' dir='ltr'>ἡμῶν,</span> <span class='ocrx_word' id='word_1_472' title='bbox 3180 1144 3267 1208; x_wconf 81' lang='grc' dir='ltr'>είς</span> <span class='ocrx_word' id='word_1_473' title='bbox 3291 1143 3359 1197; x_wconf 85' lang='grc' dir='ltr'>τὸ</span> <span class='ocrx_word' id='word_1_474' title='bbox 3393 1145 3689 1203; x_wconf 76' lang='grc' dir='ltr'>δύνασθαι</span> 
     </span>
    </p>
   </div>
   <div class='ocr_carea' id='block_1_60' title="bbox 2113 1220 3688 1307">
    <p class='ocr_par' dir='ltr' id='par_1_60' title="bbox 2113 1220 3688 1307">
     <span class='ocr_line' id='line_1_60' title="bbox 2113 1220 3688 1307; baseline 0.011 -33"><span class='ocrx_word' id='word_1_475' title='bbox 2113 1220 2272 1290; x_wconf 76' lang='grc' dir='ltr'>ἡμᾶς</span> <span class='ocrx_word' id='word_1_476' title='bbox 2315 1226 2689 1292; x_wconf 74' lang='grc' dir='ltr'>παρακαλεῖν</span> <span class='ocrx_word' id='word_1_477' title='bbox 2732 1228 2878 1295; x_wconf 87' lang='grc' dir='ltr'>τοὺς</span> <span class='ocrx_word' id='word_1_478' title='bbox 2922 1230 2993 1283; x_wconf 85' lang='grc' dir='ltr'>ἐν</span> <span class='ocrx_word' id='word_1_479' title='bbox 3030 1228 3197 1301; x_wconf 78' lang='grc' dir='ltr'>πάσῃ</span> <span class='ocrx_word' id='word_1_480' title='bbox 3225 1234 3427 1302; x_wconf 72' lang='grc' dir='ltr'>θλίψει</span> <span class='ocrx_word' id='word_1_481' title='bbox 3457 1235 3554 1290; x_wconf 82' lang='grc' dir='ltr'>διὰ</span> <span class='ocrx_word' id='word_1_482' title='bbox 3579 1238 3688 1307; x_wconf 86' lang='grc' dir='ltr'>τῆς</span> 
     </span>
    </p>
   </div>
   <div class='ocr_carea' id='block_1_61' title="bbox 2114 1308 3688 1387">
    <p class='ocr_par' dir='ltr' id='par_1_61' title="bbox 2114 1308 3688 1387">
     <span class='ocr_line' id='line_1_61' title="bbox 2114 1308 3688 1387; baseline 0.01 -26"><span class='ocrx_word' id='word_1_483' title='bbox 2114 1311 2566 1378; x_wconf 61' lang='grc' dir='ltr'>παρακλήσεως,</span> <span class='ocrx_word' id='word_1_484' title='bbox 2592 1308 2668 1384; x_wconf 83' lang='grc' dir='ltr'>ἧς</span> <span class='ocrx_word' id='word_1_485' title='bbox 2694 1318 3194 1387; x_wconf 73' lang='grc' dir='ltr'>παρακαλούμεθα</span> <span class='ocrx_word' id='word_1_486' title='bbox 3221 1320 3389 1374; x_wconf 77' lang='grc' dir='ltr'>αὐτοὶ</span> <span class='ocrx_word' id='word_1_487' title='bbox 3426 1320 3543 1375; x_wconf 81' lang='grc' dir='ltr'>ὑπὸ</span> <span class='ocrx_word' id='word_1_488' title='bbox 3583 1323 3688 1377; x_wconf 84' lang='grc' dir='ltr'>τοῦ</span> 
     </span>
    </p>
   </div>
   <div class='ocr_carea' id='block_1_62' title="bbox 2117 1397 3688 1476">
    <p class='ocr_par' dir='ltr' id='par_1_62' title="bbox 2117 1397 3688 1476">
     <span class='ocr_line' id='line_1_62' title="bbox 2117 1397 3688 1476; baseline 0.011 -28"><span class='ocrx_word' id='word_1_489' title='bbox 2117 1397 2454 1452; x_wconf 78' lang='grc' dir='ltr'>Θεοῦ.“Ωστε</span> <span class='ocrx_word' id='word_1_490' title='bbox 2487 1402 2580 1454; x_wconf 75' lang='grc' dir='ltr'>καὶ</span> <span class='ocrx_word' id='word_1_491' title='bbox 2608 1404 2635 1455; x_wconf 92' lang='grc' dir='ltr'>ό</span> <span class='ocrx_word' id='word_1_492' title='bbox 2658 1402 2846 1458; x_wconf 85' lang='grc' dir='ltr'>τοῦτον</span> <span class='ocrx_word' id='word_1_493' title='bbox 2875 1406 3267 1476; x_wconf 87' lang='grc' dir='ltr'>παρακαλέσας</span> <span class='ocrx_word' id='word_1_494' title='bbox 3297 1409 3456 1475; x_wconf 90' lang='grc' dir='ltr'>αὐτός</span> <span class='ocrx_word' id='word_1_495' title='bbox 3486 1412 3631 1465; x_wconf 83' lang='grc' dir='ltr'>ἐστιν</span> <span class='ocrx_word' id='word_1_496' title='bbox 3661 1415 3688 1465; x_wconf 87' lang='grc' dir='ltr'>ὁ</span> 
     </span>
    </p>
   </div>
   <div class='ocr_carea' id='block_1_63' title="bbox 2113 1486 3685 1572">
    <p class='ocr_par' dir='ltr' id='par_1_63' title="bbox 2113 1486 3685 1572">
     <span class='ocr_line' id='line_1_63' title="bbox 2113 1486 3685 1572; baseline 0.011 -32"><span class='ocrx_word' id='word_1_497' title='bbox 2113 1486 2202 1541; x_wconf 79' lang='grc' dir='ltr'>τὸν</span> <span class='ocrx_word' id='word_1_498' title='bbox 2237 1491 2537 1561; x_wconf 80' lang='grc' dir='ltr'>πειρασμὸν</span> <span class='ocrx_word' id='word_1_499' title='bbox 2564 1495 2923 1566; x_wconf 84' lang='grc' dir='ltr'>συγχωρήσας</span> <span class='ocrx_word' id='word_1_500' title='bbox 2953 1498 3477 1572; x_wconf 79' lang='grc' dir='ltr'>ἐπενεχθῆναι.”ορα</span> <span class='ocrx_word' id='word_1_501' title='bbox 3505 1502 3561 1556; x_wconf 79' lang='grc' dir='ltr'>δὲ</span> <span class='ocrx_word' id='word_1_502' title='bbox 3593 1505 3685 1557; x_wconf 74' lang='grc' dir='ltr'>καὶ</span> 
     </span>
    </p>
   </div>
   <div class='ocr_carea' id='block_1_64' title="bbox 2116 1579 3682 1660">
    <p class='ocr_par' dir='ltr' id='par_1_64' title="bbox 2116 1579 3682 1660">
     <span class='ocr_line' id='line_1_64' title="bbox 2116 1579 3682 1660; baseline 0.011 -29"><span class='ocrx_word' id='word_1_503' title='bbox 2116 1579 2252 1649; x_wconf 86' lang='grc' dir='ltr'>μετά</span> <span class='ocrx_word' id='word_1_504' title='bbox 2292 1583 2390 1652; x_wconf 80' lang='grc' dir='ltr'>τὴν</span> <span class='ocrx_word' id='word_1_505' title='bbox 2425 1581 2720 1654; x_wconf 82' lang='grc' dir='ltr'>θεραπείαν</span> <span class='ocrx_word' id='word_1_506' title='bbox 2747 1586 2921 1657; x_wconf 89' lang='grc' dir='ltr'>πόσην</span> <span class='ocrx_word' id='word_1_507' title='bbox 2946 1590 3269 1660; x_wconf 88' lang='grc' dir='ltr'>κηδεμονίαν</span> <span class='ocrx_word' id='word_1_508' title='bbox 3298 1592 3682 1649; x_wconf 84' lang='grc' dir='ltr'>ἐπιδείκνυται.</span> 
     </span>
    </p>
   </div>
   <div class='ocr_carea' id='block_1_65' title="bbox 2113 1660 3684 1753">
    <p class='ocr_par' dir='ltr' id='par_1_65' title="bbox 2113 1660 3684 1753">
     <span class='ocr_line' id='line_1_65' title="bbox 2113 1660 3684 1753; baseline 0.015 -41"><span class='ocrx_word' id='word_1_509' title='bbox 2113 1660 2188 1753; x_wconf 68' lang='grc' dir='ltr'>Πύ</span> <span class='ocrx_word' id='word_1_510' title='bbox 2213 1661 2324 1753; x_wconf 80' lang='lat'>7&amp;9</span> <span class='ocrx_word' id='word_1_511' title='bbox 2346 1664 2503 1732; x_wconf 74' lang='grc' dir='ltr'>ἀφεὶς</span> <span class='ocrx_word' id='word_1_512' title='bbox 2531 1667 2691 1721; x_wconf 79' lang='grc' dir='ltr'>αὐτὸν</span> <span class='ocrx_word' id='word_1_513' title='bbox 2714 1670 2974 1741; x_wconf 85' lang='grc' dir='ltr'>ἀπῆλθεν,</span> <span class='ocrx_word' id='word_1_514' title='bbox 3001 1671 3114 1725; x_wconf 85' lang='grc' dir='ltr'>ἀλλ’</span> <span class='ocrx_word' id='word_1_515' title='bbox 3138 1673 3314 1743; x_wconf 67' lang='grc' dir='ltr'>εὑρὼν</span> <span class='ocrx_word' id='word_1_516' title='bbox 3335 1677 3497 1731; x_wconf 83' lang='grc' dir='ltr'>αὐτὸν</span> <span class='ocrx_word' id='word_1_517' title='bbox 3521 1680 3578 1733; x_wconf 87' lang='grc' dir='ltr'>ἐν</span> <span class='ocrx_word' id='word_1_518' title='bbox 3606 1682 3684 1753; x_wconf 82' lang='grc' dir='ltr'>τῷ</span> 
     </span>
    </p>
   </div>
   <div class='ocr_carea' id='block_1_66' title="bbox 2114 1751 3679 1838">
    <p class='ocr_par' dir='ltr' id='par_1_66' title="bbox 2114 1751 3679 1838">
     <span class='ocr_line' id='line_1_66' title="bbox 2114 1751 3679 1838; baseline 0.014 -35"><span class='ocrx_word' id='word_1_519' title='bbox 2114 1751 2245 1823; x_wconf 87' lang='grc' dir='ltr'>ἱερῷ</span> <span class='ocrx_word' id='word_1_520' title='bbox 2276 1770 2441 1825; x_wconf 84' lang='grc' dir='ltr'>φησιν</span> <span class='ocrx_word' id='word_1_521' title='bbox 2457 1772 2471 1786; x_wconf 91' lang='grc'><strong>·</strong></span> <span class='ocrx_word' id='word_1_522' title='bbox 2493 1755 2614 1811; x_wconf 86' lang='grc' dir='ltr'>Ἴδε</span> <span class='ocrx_word' id='word_1_523' title='bbox 2642 1758 2815 1828; x_wconf 77' lang='grc' dir='ltr'>ὑγιὴς</span> <span class='ocrx_word' id='word_1_524' title='bbox 2845 1760 3112 1831; x_wconf 77' lang='grc' dir='ltr'>γέγονας,</span> <span class='ocrx_word' id='word_1_525' title='bbox 3129 1764 3339 1833; x_wconf 77' lang='grc' dir='ltr'>μηκέτι</span> <span class='ocrx_word' id='word_1_526' title='bbox 3361 1751 3679 1838; x_wconf 80' lang='grc' dir='ltr'>ἁμάρτανε,</span> 
     </span>
    </p>
   </div>
   <div class='ocr_carea' id='block_1_67' title="bbox 2111 1842 3683 1928">
    <p class='ocr_par' dir='ltr' id='par_1_67' title="bbox 2111 1842 3683 1928">
     <span class='ocr_line' id='line_1_67' title="bbox 2111 1842 3683 1928; baseline 0.013 -34"><span class='ocrx_word' id='word_1_527' title='bbox 2111 1842 2210 1895; x_wconf 81' lang='grc' dir='ltr'>ἵνα</span> <span class='ocrx_word' id='word_1_528' title='bbox 2252 1843 2338 1913; x_wconf 81' lang='grc' dir='ltr'>μὴ</span> <span class='ocrx_word' id='word_1_529' title='bbox 2382 1845 2584 1914; x_wconf 54' lang='grc' dir='ltr'>χεῷόν</span> <span class='ocrx_word' id='word_1_530' title='bbox 2612 1849 2670 1900; x_wconf 85' lang='grc' dir='ltr'>τί</span> <span class='ocrx_word' id='word_1_531' title='bbox 2694 1865 2791 1902; x_wconf 91' lang='grc' dir='ltr'>σοι</span> <span class='ocrx_word' id='word_1_532' title='bbox 2816 1848 3073 1920; x_wconf 61' lang='grc' dir='ltr'>γένηται.</span> <span class='ocrx_word' id='word_1_533' title='bbox 3101 1854 3162 1907; x_wconf 85' lang='grc' dir='ltr'><strong>Εἰ</strong></span> <span class='ocrx_word' id='word_1_534' title='bbox 3187 1857 3294 1928; x_wconf 90' lang='lat'>7&amp;9</span> <span class='ocrx_word' id='word_1_535' title='bbox 3345 1859 3519 1928; x_wconf 89' lang='grc' dir='ltr'>μισῶν</span> <span class='ocrx_word' id='word_1_536' title='bbox 3560 1878 3683 1915; x_wconf 84' lang='grc' dir='ltr'>συν-</span> 
     </span>
    </p>
   </div>
   <div class='ocr_carea' id='block_1_68' title="bbox 2111 1931 3682 2023">
    <p class='ocr_par' dir='ltr' id='par_1_68' title="bbox 2111 1931 3682 2023">
     <span class='ocr_line' id='line_1_68' title="bbox 2111 1931 3682 2023; baseline 0.015 -40"><span class='ocrx_word' id='word_1_537' title='bbox 2111 1931 2353 2023; x_wconf 81' lang='grc' dir='ltr'>εχώρησε</span> <span class='ocrx_word' id='word_1_538' title='bbox 2378 1935 2475 2007; x_wconf 85' lang='grc' dir='ltr'>τὴν</span> <span class='ocrx_word' id='word_1_539' title='bbox 2498 1937 2738 2005; x_wconf 89' lang='grc' dir='ltr'>κόλασιν,</span> <span class='ocrx_word' id='word_1_540' title='bbox 2760 1940 2861 1994; x_wconf 90' lang='grc' dir='ltr'>οὐκ</span> <span class='ocrx_word' id='word_1_541' title='bbox 2888 1942 2954 1995; x_wconf 79' lang='grc' dir='ltr'>ἂν</span> <span class='ocrx_word' id='word_1_542' title='bbox 2982 1943 3313 2015; x_wconf 80' lang='grc' dir='ltr'>ἀπήλλαξεν,</span> <span class='ocrx_word' id='word_1_543' title='bbox 3334 1948 3434 2002; x_wconf 90' lang='grc' dir='ltr'>οὐκ</span> <span class='ocrx_word' id='word_1_544' title='bbox 3460 1948 3525 2004; x_wconf 80' lang='grc' dir='ltr'>ἂν</span> <span class='ocrx_word' id='word_1_545' title='bbox 3548 1953 3682 2023; x_wconf 80' lang='grc' dir='ltr'>πρὸς</span> 
     </span>
    </p>
   </div>
   <div class='ocr_carea' id='block_1_69' title="bbox 2107 2022 3682 2108">
    <p class='ocr_par' dir='ltr' id='par_1_69' title="bbox 2107 2022 3682 2108">
     <span class='ocr_line' id='line_1_69' title="bbox 2107 2022 3682 2108; baseline 0.012 -33"><span class='ocrx_word' id='word_1_546' title='bbox 2107 2022 2170 2076; x_wconf 75' lang='grc' dir='ltr'>τὸ</span> <span class='ocrx_word' id='word_1_547' title='bbox 2204 2023 2393 2094; x_wconf 88' lang='grc' dir='ltr'>μέλλον</span> <span class='ocrx_word' id='word_1_548' title='bbox 2418 2026 2785 2097; x_wconf 75' lang='grc' dir='ltr'>ἠσφαλίσατο-</span> <span class='ocrx_word' id='word_1_549' title='bbox 2814 2029 2878 2083; x_wconf 83' lang='grc' dir='ltr'>τδ</span> <span class='ocrx_word' id='word_1_550' title='bbox 2898 2030 2955 2084; x_wconf 86' lang='grc' dir='ltr'>δέ</span> <span class='ocrx_word' id='word_1_551' title='bbox 2985 2030 3164 2102; x_wconf 85' lang='grc' dir='ltr'>λέγειν</span> <span class='ocrx_word' id='word_1_552' title='bbox 3182 2050 3197 2065; x_wconf 88' lang='grc'><strong>·</strong></span> <span class='ocrx_word' id='word_1_553' title='bbox 3228 2035 3353 2090; x_wconf 84' lang='grc' dir='ltr'>Ἵνα</span> <span class='ocrx_word' id='word_1_554' title='bbox 3368 2037 3457 2107; x_wconf 80' lang='grc' dir='ltr'>μὴ</span> <span class='ocrx_word' id='word_1_555' title='bbox 3479 2022 3682 2108; x_wconf 78' lang='grc' dir='ltr'>χεῖρόν</span> 
     </span>
    </p>
   </div>
   <div class='ocr_carea' id='block_1_70' title="bbox 2106 2113 3680 2198">
    <p class='ocr_par' dir='ltr' id='par_1_70' title="bbox 2106 2113 3680 2198">
     <span class='ocr_line' id='line_1_70' title="bbox 2106 2113 3680 2198; baseline 0.012 -31"><span class='ocrx_word' id='word_1_556' title='bbox 2106 2113 2167 2168; x_wconf 82' lang='grc' dir='ltr'>τί</span> <span class='ocrx_word' id='word_1_557' title='bbox 2196 2131 2295 2169; x_wconf 91' lang='grc' dir='ltr'>σοι</span> <span class='ocrx_word' id='word_1_558' title='bbox 2333 2116 2596 2188; x_wconf 78' lang='grc' dir='ltr'>γένηται,</span> <span class='ocrx_word' id='word_1_559' title='bbox 2620 2118 2690 2173; x_wconf 82' lang='grc' dir='ltr'>τά</span> <span class='ocrx_word' id='word_1_560' title='bbox 2723 2120 2985 2191; x_wconf 85' lang='grc' dir='ltr'>μέλλοντά</span> <span class='ocrx_word' id='word_1_561' title='bbox 3014 2126 3130 2179; x_wconf 86' lang='grc' dir='ltr'>ἐστι</span> <span class='ocrx_word' id='word_1_562' title='bbox 3160 2130 3680 2198; x_wconf 82' lang='grc' dir='ltr'>προαναστέλλοντος</span> 
     </span>
    </p>
   </div>
   <div class='ocr_carea' id='block_1_71' title="bbox 2103 2204 3673 2290">
    <p class='ocr_par' dir='ltr' id='par_1_71' title="bbox 2103 2204 3673 2290">
     <span class='ocr_line' id='line_1_71' title="bbox 2103 2204 3673 2290; baseline 0.011 -30"><span class='ocrx_word' id='word_1_563' title='bbox 2103 2204 2478 2263; x_wconf 84' lang='grc' dir='ltr'>δεινά.¹Ἐλυσε</span> <span class='ocrx_word' id='word_1_564' title='bbox 2516 2214 2615 2281; x_wconf 80' lang='grc' dir='ltr'>τὴν</span> <span class='ocrx_word' id='word_1_565' title='bbox 2643 2211 2814 2279; x_wconf 86' lang='grc' dir='ltr'>νόσον,</span> <span class='ocrx_word' id='word_1_566' title='bbox 2848 2215 2941 2267; x_wconf 82' lang='grc' dir='ltr'>καὶ</span> <span class='ocrx_word' id='word_1_567' title='bbox 2968 2215 3068 2269; x_wconf 90' lang='grc' dir='ltr'>οὐκ</span> <span class='ocrx_word' id='word_1_568' title='bbox 3094 2215 3250 2271; x_wconf 74' lang='grc' dir='ltr'>ἔλυσε</span> <span class='ocrx_word' id='word_1_569' title='bbox 3278 2219 3377 2290; x_wconf 84' lang='grc' dir='ltr'>τὴν</span> <span class='ocrx_word' id='word_1_570' title='bbox 3397 2221 3636 2290; x_wconf 88' lang='grc' dir='ltr'>ἀγωνίαν</span> <span class='ocrx_word' id='word_1_571' title='bbox 3659 2241 3673 2255; x_wconf 79' lang='lat'><strong><em>°</em></strong></span> 
     </span>
    </p>
   </div>
   <div class='ocr_carea' id='block_1_72' title="bbox 2102 2297 3673 2383">
    <p class='ocr_par' dir='ltr' id='par_1_72' title="bbox 2102 2297 3673 2383">
     <span class='ocr_line' id='line_1_72' title="bbox 2102 2297 3673 2383; baseline 0.01 -30"><span class='ocrx_word' id='word_1_572' title='bbox 2102 2297 2348 2371; x_wconf 78' lang='grc' dir='ltr'>ἀπήλασε</span> <span class='ocrx_word' id='word_1_573' title='bbox 2380 2298 2483 2371; x_wconf 80' lang='grc' dir='ltr'>τὴν</span> <span class='ocrx_word' id='word_1_574' title='bbox 2505 2302 2834 2375; x_wconf 81' lang='grc' dir='ltr'>ἀρῥωστίαν,</span> <span class='ocrx_word' id='word_1_575' title='bbox 2866 2306 2960 2358; x_wconf 78' lang='grc' dir='ltr'>καὶ</span> <span class='ocrx_word' id='word_1_576' title='bbox 2979 2307 3075 2360; x_wconf 87' lang='grc' dir='ltr'>οὐκ</span> <span class='ocrx_word' id='word_1_577' title='bbox 3100 2308 3347 2380; x_wconf 81' lang='grc' dir='ltr'>ἀπήλασε</span> <span class='ocrx_word' id='word_1_578' title='bbox 3374 2310 3467 2366; x_wconf 75' lang='grc' dir='ltr'>τὸν</span> <span class='ocrx_word' id='word_1_579' title='bbox 3490 2314 3673 2383; x_wconf 76' lang='grc' dir='ltr'>φόϐον,</span> 
     </span>
    </p>
   </div>
   <div class='ocr_carea' id='block_1_73' title="bbox 2103 2388 3676 2473">
    <p class='ocr_par' dir='ltr' id='par_1_73' title="bbox 2103 2388 3676 2473">
     <span class='ocr_line' id='line_1_73' title="bbox 2103 2388 3676 2473; baseline 0.011 -30"><span class='ocrx_word' id='word_1_580' title='bbox 2103 2388 2241 2443; x_wconf 83' lang='grc' dir='ltr'>ὥστε</span> <span class='ocrx_word' id='word_1_581' title='bbox 2271 2391 2528 2464; x_wconf 88' lang='grc' dir='ltr'>ἀκίνητον</span> <span class='ocrx_word' id='word_1_582' title='bbox 2562 2389 2701 2449; x_wconf 80' lang='grc' dir='ltr'>εῖναι</span> <span class='ocrx_word' id='word_1_583' title='bbox 2726 2396 2823 2467; x_wconf 81' lang='grc' dir='ltr'>τὴν</span> <span class='ocrx_word' id='word_1_584' title='bbox 2844 2399 3142 2471; x_wconf 84' lang='grc' dir='ltr'>γενομένην</span> <span class='ocrx_word' id='word_1_585' title='bbox 3163 2400 3676 2473; x_wconf 79' lang='grc' dir='ltr'>εὐεργεσίαν.Τεῦτο</span> 
     </span>
    </p>
   </div>
   <div class='ocr_carea' id='block_1_74' title="bbox 2104 2475 3674 2567">
    <p class='ocr_par' dir='ltr' id='par_1_74' title="bbox 2104 2475 3674 2567">
     <span class='ocr_line' id='line_1_74' title="bbox 2104 2475 3674 2567; baseline 0.011 -30"><span class='ocrx_word' id='word_1_586' title='bbox 2104 2483 2286 2557; x_wconf 83' lang='grc' dir='ltr'>ίατροῦ</span> <span class='ocrx_word' id='word_1_587' title='bbox 2318 2487 2675 2559; x_wconf 83' lang='grc' dir='ltr'>κηδεμονικοῦ</span> <span class='ocrx_word' id='word_1_588' title='bbox 2708 2490 2782 2562; x_wconf 78' lang='grc' dir='ltr'>μή</span> <span class='ocrx_word' id='word_1_589' title='bbox 2806 2491 2875 2545; x_wconf 86' lang='grc' dir='ltr'>τά</span> <span class='ocrx_word' id='word_1_590' title='bbox 2899 2491 3140 2563; x_wconf 80' lang='grc' dir='ltr'>παρόντα</span> <span class='ocrx_word' id='word_1_591' title='bbox 3157 2475 3305 2549; x_wconf 76' lang='grc' dir='ltr'>λύείν</span> <span class='ocrx_word' id='word_1_592' title='bbox 3331 2496 3513 2567; x_wconf 87' lang='grc' dir='ltr'>μόνον,</span> <span class='ocrx_word' id='word_1_593' title='bbox 3538 2499 3674 2555; x_wconf 80' lang='grc' dir='ltr'>ἀλλά</span> 
     </span>
    </p>
   </div>
   <div class='ocr_carea' id='block_1_75' title="bbox 2100 2576 3672 2659">
    <p class='ocr_par' dir='ltr' id='par_1_75' title="bbox 2100 2576 3672 2659">
     <span class='ocr_line' id='line_1_75' title="bbox 2100 2576 3672 2659; baseline 0.01 -30"><span class='ocrx_word' id='word_1_594' title='bbox 2100 2576 2365 2647; x_wconf 72' lang='grc' dir='ltr'>καὶπρὸς</span> <span class='ocrx_word' id='word_1_595' title='bbox 2412 2578 2482 2632; x_wconf 89' lang='grc' dir='ltr'>τά</span> <span class='ocrx_word' id='word_1_596' title='bbox 2531 2579 2794 2651; x_wconf 88' lang='grc' dir='ltr'>μέλλοντα</span> <span class='ocrx_word' id='word_1_597' title='bbox 2839 2581 3264 2651; x_wconf 81' lang='grc' dir='ltr'>ἀσφαλίζεσθαι,</span> <span class='ocrx_word' id='word_1_598' title='bbox 3314 2587 3451 2659; x_wconf 75' lang='grc' dir='ltr'>ὅπερ</span> <span class='ocrx_word' id='word_1_599' title='bbox 3502 2589 3596 2643; x_wconf 81' lang='grc' dir='ltr'>καὶ</span> <span class='ocrx_word' id='word_1_600' title='bbox 3642 2593 3672 2644; x_wconf 90' lang='lat'>6</span> 
     </span>
    </p>
   </div>
   <div class='ocr_carea' id='block_1_76' title="bbox 2099 2666 3672 2752">
    <p class='ocr_par' dir='ltr' id='par_1_76' title="bbox 2099 2666 3672 2752">
     <span class='ocr_line' id='line_1_76' title="bbox 2099 2666 3672 2752; baseline 0.01 -33"><span class='ocrx_word' id='word_1_601' title='bbox 2099 2666 2335 2738; x_wconf 75' lang='grc' dir='ltr'>Χριστὸς</span> <span class='ocrx_word' id='word_1_602' title='bbox 2377 2668 2602 2740; x_wconf 86' lang='grc' dir='ltr'>ἐποίησε</span> <span class='ocrx_word' id='word_1_603' title='bbox 2648 2674 2714 2742; x_wconf 72' lang='grc' dir='ltr'>τῇ</span> <span class='ocrx_word' id='word_1_604' title='bbox 2760 2674 2948 2743; x_wconf 85' lang='grc' dir='ltr'>μνήμῃ</span> <span class='ocrx_word' id='word_1_605' title='bbox 2979 2671 3088 2727; x_wconf 91' lang='grc' dir='ltr'>τῶν</span> <span class='ocrx_word' id='word_1_606' title='bbox 3121 2674 3499 2747; x_wconf 87' lang='grc' dir='ltr'>παρελθόντων</span> <span class='ocrx_word' id='word_1_607' title='bbox 3545 2698 3672 2752; x_wconf 83' lang='grc' dir='ltr'>συγ-</span> 
     </span>
    </p>
   </div>
   <div class='ocr_carea' id='block_1_77' title="bbox 2098 2757 3672 2838">
    <p class='ocr_par' dir='ltr' id='par_1_77' title="bbox 2098 2757 3672 2838">
     <span class='ocr_line' id='line_1_77' title="bbox 2098 2757 3672 2838; baseline 0.008 -27"><span class='ocrx_word' id='word_1_608' title='bbox 2098 2757 2307 2829; x_wconf 88' lang='grc' dir='ltr'>κροτῶν</span> <span class='ocrx_word' id='word_1_609' title='bbox 2340 2760 2549 2813; x_wconf 89' lang='grc' dir='ltr'>ἐκείνου</span> <span class='ocrx_word' id='word_1_610' title='bbox 2578 2759 2677 2833; x_wconf 83' lang='grc' dir='ltr'>τήν</span> <span class='ocrx_word' id='word_1_611' title='bbox 2706 2760 2905 2835; x_wconf 78' lang='grc' dir='ltr'>ψυχήν.</span> <span class='ocrx_word' id='word_1_612' title='bbox 2942 2763 3157 2838; x_wconf 77' lang='grc' dir='ltr'>Ἐπειδὴ</span> <span class='ocrx_word' id='word_1_613' title='bbox 3192 2765 3301 2838; x_wconf 84' lang='grc' dir='ltr'>γὰρ</span> <span class='ocrx_word' id='word_1_614' title='bbox 3331 2767 3672 2824; x_wconf 87' lang='grc' dir='ltr'>ἀπελθόντων</span> 
     </span>
    </p>
   </div>
   <div class='ocr_carea' id='block_1_78' title="bbox 2094 2847 3668 2930">
    <p class='ocr_par' dir='ltr' id='par_1_78' title="bbox 2094 2847 3668 2930">
     <span class='ocr_line' id='line_1_78' title="bbox 2094 2847 3668 2930; baseline 0.008 -30"><span class='ocrx_word' id='word_1_615' title='bbox 2094 2847 2205 2901; x_wconf 90' lang='grc' dir='ltr'>τῶν</span> <span class='ocrx_word' id='word_1_616' title='bbox 2247 2847 2556 2904; x_wconf 84' lang='grc' dir='ltr'>όδυνώντων</span> <span class='ocrx_word' id='word_1_617' title='bbox 2596 2852 2763 2923; x_wconf 72' lang='grc' dir='ltr'>ἡμᾶς,</span> <span class='ocrx_word' id='word_1_618' title='bbox 2797 2851 3196 2925; x_wconf 77' lang='grc' dir='ltr'>συναπέρχεται</span> <span class='ocrx_word' id='word_1_619' title='bbox 3241 2855 3337 2908; x_wconf 76' lang='grc' dir='ltr'>καὶ</span> <span class='ocrx_word' id='word_1_620' title='bbox 3386 2859 3419 2929; x_wconf 87' lang='grc' dir='ltr'>ή</span> <span class='ocrx_word' id='word_1_621' title='bbox 3479 2859 3668 2930; x_wconf 86' lang='grc' dir='ltr'>μνήμη</span> 
     </span>
    </p>
   </div>
   <div class='ocr_carea' id='block_1_79' title="bbox 2096 2938 3665 3023">
    <p class='ocr_par' dir='ltr' id='par_1_79' title="bbox 2096 2938 3665 3023">
     <span class='ocr_line' id='line_1_79' title="bbox 2096 2938 3665 3023; baseline 0.008 -31"><span class='ocrx_word' id='word_1_622' title='bbox 2096 2938 2374 3007; x_wconf 78' lang='grc' dir='ltr'>πολλάκις,</span> <span class='ocrx_word' id='word_1_623' title='bbox 2403 2941 2724 3014; x_wconf 87' lang='grc' dir='ltr'>βουλόμενος</span> <span class='ocrx_word' id='word_1_624' title='bbox 2766 2942 2935 3015; x_wconf 81' lang='grc' dir='ltr'>αὐτὴν</span> <span class='ocrx_word' id='word_1_625' title='bbox 2982 2942 3165 3015; x_wconf 79' lang='grc' dir='ltr'>μένειν</span> <span class='ocrx_word' id='word_1_626' title='bbox 3215 2946 3456 3019; x_wconf 82' lang='grc' dir='ltr'>διηνεκῆ,</span> <span class='ocrx_word' id='word_1_627' title='bbox 3493 2951 3625 3023; x_wconf 77' lang='grc' dir='ltr'>φησί</span> <span class='ocrx_word' id='word_1_628' title='bbox 3650 2969 3665 2984; x_wconf 76' lang='grc' dir='ltr'><strong>ο</strong></span> 
     </span>
    </p>
   </div>
   <div class='ocr_carea' id='block_1_80' title="bbox 2093 3030 3668 3115">
    <p class='ocr_par' dir='ltr' id='par_1_80' title="bbox 2093 3030 3668 3115">
     <span class='ocr_line' id='line_1_80' title="bbox 2093 3030 3668 3115; baseline 0.009 -30"><span class='ocrx_word' id='word_1_629' title='bbox 2093 3030 2318 3100; x_wconf 80' lang='grc' dir='ltr'>Μηκέτι</span> <span class='ocrx_word' id='word_1_630' title='bbox 2362 3034 2661 3105; x_wconf 80' lang='grc' dir='ltr'>ἁμάρτανε</span> <span class='ocrx_word' id='word_1_631' title='bbox 2683 3075 2698 3103; x_wconf 94' lang='grc'>,</span> <span class='ocrx_word' id='word_1_632' title='bbox 2732 3037 2831 3090; x_wconf 82' lang='grc' dir='ltr'>ἵνα</span> <span class='ocrx_word' id='word_1_633' title='bbox 2871 3034 2959 3107; x_wconf 78' lang='grc' dir='ltr'>μὴ</span> <span class='ocrx_word' id='word_1_634' title='bbox 3004 3036 3205 3109; x_wconf 82' lang='grc' dir='ltr'>χεῖρόν</span> <span class='ocrx_word' id='word_1_635' title='bbox 3250 3040 3311 3095; x_wconf 84' lang='grc' dir='ltr'>τι</span> <span class='ocrx_word' id='word_1_636' title='bbox 3349 3056 3449 3097; x_wconf 89' lang='grc' dir='ltr'>σοι</span> <span class='ocrx_word' id='word_1_637' title='bbox 3493 3042 3668 3115; x_wconf 73' lang='grc' dir='ltr'>γένη-</span> 
     </span>
    </p>
   </div>
   <div class='ocr_carea' id='block_1_81' title="bbox 2091 3139 2205 3177">
    <p class='ocr_par' dir='ltr' id='par_1_81' title="bbox 2091 3139 2205 3177">
     <span class='ocr_line' id='line_1_81' title="bbox 2091 3139 2205 3177; baseline 0.009 -1"><span class='ocrx_word' id='word_1_638' title='bbox 2091 3139 2205 3177; x_wconf 82' lang='grc' dir='ltr'>ται.</span> 
     </span>
    </p>
   </div>
   <div class='ocr_carea' id='block_1_82' title="bbox 2161 3213 3665 3295">
    <p class='ocr_par' dir='ltr' id='par_1_82' title="bbox 2161 3213 3665 3295">
     <span class='ocr_line' id='line_1_82' title="bbox 2161 3213 3665 3295; baseline 0.011 -28"><span class='ocrx_word' id='word_1_639' title='bbox 2161 3213 2233 3284; x_wconf 88' lang='grc' dir='ltr'>γ’.</span> <span class='ocrx_word' id='word_1_640' title='bbox 2258 3216 2372 3269; x_wconf 88' lang='grc' dir='ltr'>οὐκ</span> <span class='ocrx_word' id='word_1_641' title='bbox 2389 3215 2498 3270; x_wconf 78' lang='grc' dir='ltr'>ἀπὸ</span> <span class='ocrx_word' id='word_1_642' title='bbox 2515 3216 2705 3271; x_wconf 90' lang='grc' dir='ltr'>τούτου</span> <span class='ocrx_word' id='word_1_643' title='bbox 2725 3219 2781 3273; x_wconf 84' lang='grc' dir='ltr'>δέ</span> <span class='ocrx_word' id='word_1_644' title='bbox 2803 3220 2965 3292; x_wconf 87' lang='grc' dir='ltr'>μόνον</span> <span class='ocrx_word' id='word_1_645' title='bbox 2984 3223 3078 3294; x_wconf 79' lang='grc' dir='ltr'>τὴν</span> <span class='ocrx_word' id='word_1_646' title='bbox 3099 3225 3352 3295; x_wconf 88' lang='grc' dir='ltr'>πρόνοιαν</span> <span class='ocrx_word' id='word_1_647' title='bbox 3376 3226 3541 3281; x_wconf 89' lang='grc' dir='ltr'>αὐτοῦ</span> <span class='ocrx_word' id='word_1_648' title='bbox 3571 3231 3665 3284; x_wconf 76' lang='grc' dir='ltr'>καὶ</span> 
     </span>
    </p>
   </div>
   <div class='ocr_carea' id='block_1_83' title="bbox 2088 3304 3661 3380">
    <p class='ocr_par' dir='ltr' id='par_1_83' title="bbox 2088 3304 3661 3380">
     <span class='ocr_line' id='line_1_83' title="bbox 2088 3304 3661 3380; baseline 0.009 -21"><span class='ocrx_word' id='word_1_649' title='bbox 2088 3304 2186 3377; x_wconf 81' lang='grc' dir='ltr'>τὴν</span> <span class='ocrx_word' id='word_1_650' title='bbox 2211 3308 2514 3364; x_wconf 89' lang='grc' dir='ltr'>ἐπιείκειαν</span> <span class='ocrx_word' id='word_1_651' title='bbox 2549 3310 2713 3364; x_wconf 88' lang='grc' dir='ltr'>αὐτοῦ</span> <span class='ocrx_word' id='word_1_652' title='bbox 2754 3312 2899 3367; x_wconf 75' lang='grc' dir='ltr'>ἐστιν</span> <span class='ocrx_word' id='word_1_653' title='bbox 2947 3314 3095 3380; x_wconf 84' lang='grc' dir='ltr'>ίδεῖν,</span> <span class='ocrx_word' id='word_1_654' title='bbox 3134 3315 3269 3370; x_wconf 86' lang='grc' dir='ltr'>ἀλλά</span> <span class='ocrx_word' id='word_1_655' title='bbox 3297 3317 3392 3370; x_wconf 78' lang='grc' dir='ltr'>καὶ</span> <span class='ocrx_word' id='word_1_656' title='bbox 3428 3318 3537 3373; x_wconf 79' lang='grc' dir='ltr'>ἀπὸ</span> <span class='ocrx_word' id='word_1_657' title='bbox 3562 3320 3661 3373; x_wconf 86' lang='grc' dir='ltr'>αὐ-</span> 
     </span>
    </p>
   </div>
   <div class='ocr_carea' id='block_1_84' title="bbox 2086 3398 3661 3482">
    <p class='ocr_par' dir='ltr' id='par_1_84' title="bbox 2086 3398 3661 3482">
     <span class='ocr_line' id='line_1_84' title="bbox 2086 3398 3661 3482; baseline 0.008 -31"><span class='ocrx_word' id='word_1_658' title='bbox 2086 3398 2188 3470; x_wconf 90' lang='grc' dir='ltr'>τῆς</span> <span class='ocrx_word' id='word_1_659' title='bbox 2227 3403 2328 3473; x_wconf 77' lang='grc' dir='ltr'>τῆς</span> <span class='ocrx_word' id='word_1_660' title='bbox 2361 3400 2622 3473; x_wconf 79' lang='grc' dir='ltr'>δοκούσης</span> <span class='ocrx_word' id='word_1_661' title='bbox 2662 3399 2802 3459; x_wconf 76' lang='grc' dir='ltr'>εἶναι</span> <span class='ocrx_word' id='word_1_662' title='bbox 2829 3407 3218 3479; x_wconf 78' lang='grc' dir='ltr'>ἐπιτιμήσεως.</span> <span class='ocrx_word' id='word_1_663' title='bbox 3243 3408 3378 3464; x_wconf 82' lang='grc' dir='ltr'>Οὐδὲ</span> <span class='ocrx_word' id='word_1_664' title='bbox 3419 3408 3528 3482; x_wconf 78' lang='lat'>7&amp;9</span> <span class='ocrx_word' id='word_1_665' title='bbox 3575 3411 3661 3480; x_wconf 77' lang='grc' dir='ltr'>ἐξ·</span> 
     </span>
    </p>
   </div>
   <div class='ocr_carea' id='block_1_85' title="bbox 2087 3489 3660 3570">
    <p class='ocr_par' dir='ltr' id='par_1_85' title="bbox 2087 3489 3660 3570">
     <span class='ocr_line' id='line_1_85' title="bbox 2087 3489 3660 3570; baseline 0.008 -27"><span class='ocrx_word' id='word_1_666' title='bbox 2087 3489 2622 3563; x_wconf 85' lang='grc' dir='ltr'>επόμπευσεναύτοῦ</span> <span class='ocrx_word' id='word_1_667' title='bbox 2651 3494 2721 3548; x_wconf 85' lang='grc' dir='ltr'>τά</span> <span class='ocrx_word' id='word_1_668' title='bbox 2752 3496 3146 3569; x_wconf 83' lang='grc' dir='ltr'>ἁμαρτήματα,</span> <span class='ocrx_word' id='word_1_669' title='bbox 3194 3497 3310 3552; x_wconf 84' lang='grc' dir='ltr'>ἀλλ’</span> <span class='ocrx_word' id='word_1_670' title='bbox 3329 3498 3410 3553; x_wconf 86' lang='grc' dir='ltr'>δτι</span> <span class='ocrx_word' id='word_1_671' title='bbox 3461 3500 3560 3570; x_wconf 82' lang='grc' dir='ltr'>μὲν</span> <span class='ocrx_word' id='word_1_672' title='bbox 3590 3500 3660 3555; x_wconf 81' lang='grc' dir='ltr'>δι’</span> 
     </span>
    </p>
   </div>
   <div class='ocr_carea' id='block_1_86' title="bbox 2086 3580 3658 3664">
    <p class='ocr_par' dir='ltr' id='par_1_86' title="bbox 2086 3580 3658 3664">
     <span class='ocr_line' id='line_1_86' title="bbox 2086 3580 3658 3664; baseline 0.008 -31"><span class='ocrx_word' id='word_1_673' title='bbox 2086 3580 2457 3654; x_wconf 82' lang='grc' dir='ltr'>ἁμαρτήματα</span> <span class='ocrx_word' id='word_1_674' title='bbox 2496 3583 2717 3649; x_wconf 76' lang='grc' dir='ltr'>ἔπαθεν,</span> <span class='ocrx_word' id='word_1_675' title='bbox 2749 3586 2893 3658; x_wconf 73' lang='grc' dir='ltr'>άπερ</span> <span class='ocrx_word' id='word_1_676' title='bbox 2921 3586 3144 3654; x_wconf 75' lang='grc' dir='ltr'>ἔπαθεν,</span> <span class='ocrx_word' id='word_1_677' title='bbox 3180 3583 3330 3643; x_wconf 72' lang='grc' dir='ltr'>εἷπε·</span> <span class='ocrx_word' id='word_1_678' title='bbox 3358 3591 3479 3644; x_wconf 87' lang='grc' dir='ltr'>τίνα</span> <span class='ocrx_word' id='word_1_679' title='bbox 3505 3591 3563 3644; x_wconf 80' lang='grc' dir='ltr'>δέ</span> <span class='ocrx_word' id='word_1_680' title='bbox 3590 3588 3658 3664; x_wconf 78' lang='grc' dir='ltr'>ἦν</span> 
     </span>
    </p>
   </div>
   <div class='ocr_carea' id='block_1_87' title="bbox 2083 3671 3656 3751">
    <p class='ocr_par' dir='ltr' id='par_1_87' title="bbox 2083 3671 3656 3751">
     <span class='ocr_line' id='line_1_87' title="bbox 2083 3671 3656 3751; baseline 0.006 -27"><span class='ocrx_word' id='word_1_681' title='bbox 2083 3671 2151 3724; x_wconf 86' lang='grc' dir='ltr'>τά</span> <span class='ocrx_word' id='word_1_682' title='bbox 2180 3673 2548 3748; x_wconf 83' lang='grc' dir='ltr'>ἁμαρτήματα</span> <span class='ocrx_word' id='word_1_683' title='bbox 2592 3677 2693 3731; x_wconf 91' lang='grc' dir='ltr'>οὐκ</span> <span class='ocrx_word' id='word_1_684' title='bbox 2742 3678 3029 3751; x_wconf 85' lang='grc' dir='ltr'>ἐδήλωσεν,</span> <span class='ocrx_word' id='word_1_685' title='bbox 3055 3679 3177 3733; x_wconf 85' lang='grc' dir='ltr'>οὐδὲ</span> <span class='ocrx_word' id='word_1_686' title='bbox 3202 3678 3346 3745; x_wconf 75' lang='grc' dir='ltr'>εἷπε,</span> <span class='ocrx_word' id='word_1_687' title='bbox 3384 3679 3460 3734; x_wconf 85' lang='grc' dir='ltr'>Τδ</span> <span class='ocrx_word' id='word_1_688' title='bbox 3482 3684 3575 3737; x_wconf 75' lang='grc' dir='ltr'>καὶ</span> <span class='ocrx_word' id='word_1_689' title='bbox 3596 3679 3656 3736; x_wconf 57' lang='grc' dir='ltr'>τί)</span> 
     </span>
    </p>
   </div>
   <div class='ocr_carea' id='block_1_88' title="bbox 2082 3761 3661 3843">
    <p class='ocr_par' dir='ltr' id='par_1_88' title="bbox 2082 3761 3661 3843">
     <span class='ocr_line' id='line_1_88' title="bbox 2082 3761 3661 3843; baseline 0.006 -27"><span class='ocrx_word' id='word_1_690' title='bbox 2082 3761 2350 3836; x_wconf 75' lang='grc' dir='ltr'>ἥμαρτες,</span> <span class='ocrx_word' id='word_1_691' title='bbox 2397 3767 2541 3830; x_wconf 84' lang='grc' dir='ltr'>οὐδὲ,</span> <span class='ocrx_word' id='word_1_692' title='bbox 2571 3768 2645 3822; x_wconf 84' lang='lat' dir='ltr'><strong>T6</strong></span> <span class='ocrx_word' id='word_1_693' title='bbox 2694 3770 2789 3824; x_wconf 78' lang='grc' dir='ltr'>καὶ</span> <span class='ocrx_word' id='word_1_694' title='bbox 2845 3771 2910 3825; x_wconf 82' lang='grc' dir='ltr'>τὸ</span> <span class='ocrx_word' id='word_1_695' title='bbox 2936 3770 3387 3843; x_wconf 84' lang='grc' dir='ltr'>ἐπλημμέλησας,</span> <span class='ocrx_word' id='word_1_696' title='bbox 3437 3772 3550 3825; x_wconf 78' lang='grc' dir='ltr'>ἀλλ’</span> <span class='ocrx_word' id='word_1_697' title='bbox 3578 3772 3661 3828; x_wconf 74' lang='grc' dir='ltr'>ἑνὶ</span> 
     </span>
    </p>
   </div>
   <div class='ocr_carea' id='block_1_89' title="bbox 2081 3852 3656 3933">
    <p class='ocr_par' dir='ltr' id='par_1_89' title="bbox 2081 3852 3656 3933">
     <span class='ocr_line' id='line_1_89' title="bbox 2081 3852 3656 3933; baseline 0.008 -27"><span class='ocrx_word' id='word_1_698' title='bbox 2081 3852 2223 3926; x_wconf 75' lang='grc' dir='ltr'>ψιλῷ</span> <span class='ocrx_word' id='word_1_699' title='bbox 2250 3859 2454 3929; x_wconf 85' lang='grc' dir='ltr'>ῥήματι</span> <span class='ocrx_word' id='word_1_700' title='bbox 2477 3857 2635 3912; x_wconf 87' lang='grc' dir='ltr'>τοῦτο</span> <span class='ocrx_word' id='word_1_701' title='bbox 2662 3859 3033 3931; x_wconf 77' lang='grc' dir='ltr'>ἐνδειξάμενος</span> <span class='ocrx_word' id='word_1_702' title='bbox 3056 3861 3136 3933; x_wconf 81' lang='grc' dir='ltr'>τῷ</span> <span class='ocrx_word' id='word_1_703' title='bbox 3156 3876 3172 3890; x_wconf 84' lang='grc'>⁶</span> <span class='ocrx_word' id='word_1_704' title='bbox 3209 3861 3429 3930; x_wconf 76' lang='grc' dir='ltr'>Μηκέτι</span> <span class='ocrx_word' id='word_1_705' title='bbox 3473 3863 3656 3932; x_wconf 80' lang='grc' dir='ltr'>ἀμὰρ·</span> 
     </span>
    </p>
   </div>
   <div class='ocr_carea' id='block_1_90' title="bbox 2080 3946 3655 4022">
    <p class='ocr_par' dir='ltr' id='par_1_90' title="bbox 2080 3946 3655 4022">
     <span class='ocr_line' id='line_1_90' title="bbox 2080 3946 3655 4022; baseline 0.004 -25"><span class='ocrx_word' id='word_1_706' title='bbox 2080 3960 2245 4011; x_wconf 86' lang='grc' dir='ltr'>τανε,</span> <span class='ocrx_word' id='word_1_707' title='bbox 2279 3946 2371 3999; x_wconf 73' lang='grc' dir='ltr'>καὶ</span> <span class='ocrx_word' id='word_1_708' title='bbox 2413 3946 2665 4000; x_wconf 88' lang='grc' dir='ltr'>τοσοῦτον</span> <span class='ocrx_word' id='word_1_709' title='bbox 2717 3947 2906 4012; x_wconf 77' lang='grc' dir='ltr'>εἰπὼν,</span> <span class='ocrx_word' id='word_1_710' title='bbox 2947 3951 3071 4003; x_wconf 82' lang='grc' dir='ltr'>ὅσον</span> <span class='ocrx_word' id='word_1_711' title='bbox 3114 3951 3421 4022; x_wconf 85' lang='grc' dir='ltr'>ἀναμνῆσαι</span> <span class='ocrx_word' id='word_1_712' title='bbox 3471 3953 3655 4022; x_wconf 88' lang='grc' dir='ltr'>μόνον,</span> 
     </span>
    </p>
   </div>
   <div class='ocr_carea' id='block_1_91' title="bbox 2083 4033 3653 4109">
    <p class='ocr_par' dir='ltr' id='par_1_91' title="bbox 2083 4033 3653 4109">
     <span class='ocr_line' id='line_1_91' title="bbox 2083 4033 3653 4109; baseline 0.006 -24"><span class='ocrx_word' id='word_1_713' title='bbox 2083 4033 2495 4104; x_wconf 86' lang='grc' dir='ltr'>σπουδαιότερον</span> <span class='ocrx_word' id='word_1_714' title='bbox 2529 4035 2692 4089; x_wconf 76' lang='grc' dir='ltr'>αὐτὸν</span> <span class='ocrx_word' id='word_1_715' title='bbox 2719 4035 2854 4104; x_wconf 76' lang='grc' dir='ltr'>πρὸς</span> <span class='ocrx_word' id='word_1_716' title='bbox 2892 4036 2954 4089; x_wconf 89' lang='grc' dir='ltr'>τδ</span> <span class='ocrx_word' id='word_1_717' title='bbox 2991 4036 3183 4107; x_wconf 89' lang='grc' dir='ltr'>μέλλον</span> <span class='ocrx_word' id='word_1_718' title='bbox 3214 4038 3527 4109; x_wconf 89' lang='grc' dir='ltr'>είργάσατο,</span> <span class='ocrx_word' id='word_1_719' title='bbox 3558 4044 3653 4095; x_wconf 74' lang='grc' dir='ltr'>καὶ</span> 
     </span>
    </p>
   </div>
   <div class='ocr_carea' id='block_1_92' title="bbox 2078 4125 3650 4205">
    <p class='ocr_par' dir='ltr' id='par_1_92' title="bbox 2078 4125 3650 4205">
     <span class='ocr_line' id='line_1_92' title="bbox 2078 4125 3650 4205; baseline 0.006 -28"><span class='ocrx_word' id='word_1_720' title='bbox 2078 4126 2178 4197; x_wconf 78' lang='grc' dir='ltr'>τὴν</span> <span class='ocrx_word' id='word_1_721' title='bbox 2222 4125 2321 4197; x_wconf 77' lang='grc' dir='ltr'>μὲν</span> <span class='ocrx_word' id='word_1_722' title='bbox 2362 4125 2639 4198; x_wconf 81' lang='grc' dir='ltr'>ὑπομονὴν</span> <span class='ocrx_word' id='word_1_723' title='bbox 2666 4126 2832 4180; x_wconf 87' lang='grc' dir='ltr'>αὐτοῦ</span> <span class='ocrx_word' id='word_1_724' title='bbox 2869 4127 2963 4181; x_wconf 78' lang='grc' dir='ltr'>καὶ</span> <span class='ocrx_word' id='word_1_725' title='bbox 2991 4127 3092 4200; x_wconf 82' lang='grc' dir='ltr'>τὴν</span> <span class='ocrx_word' id='word_1_726' title='bbox 3124 4129 3379 4201; x_wconf 89' lang='grc' dir='ltr'>ἀνδρείαν</span> <span class='ocrx_word' id='word_1_727' title='bbox 3419 4133 3512 4184; x_wconf 80' lang='grc' dir='ltr'>καὶ</span> <span class='ocrx_word' id='word_1_728' title='bbox 3551 4133 3650 4205; x_wconf 82' lang='grc' dir='ltr'>τήν</span> 
     </span>
    </p>
   </div>
   <div class='ocr_carea' id='block_1_93' title="bbox 2078 4217 3649 4296">
    <p class='ocr_par' dir='ltr' id='par_1_93' title="bbox 2078 4217 3649 4296">
     <span class='ocr_line' id='line_1_93' title="bbox 2078 4217 3649 4296; baseline 0.005 -25"><span class='ocrx_word' id='word_1_729' title='bbox 2078 4217 2393 4288; x_wconf 83' lang='grc' dir='ltr'>φιλοσοφίαν</span> <span class='ocrx_word' id='word_1_730' title='bbox 2434 4220 2613 4273; x_wconf 81' lang='grc' dir='ltr'>πᾶσαν</span> <span class='ocrx_word' id='word_1_731' title='bbox 2639 4218 2804 4292; x_wconf 88' lang='grc' dir='ltr'>δήλην</span> <span class='ocrx_word' id='word_1_732' title='bbox 2830 4219 2961 4291; x_wconf 87' lang='grc' dir='ltr'>ήμίν</span> <span class='ocrx_word' id='word_1_733' title='bbox 2985 4219 3238 4293; x_wconf 84' lang='grc' dir='ltr'>ἐποίησεν</span> <span class='ocrx_word' id='word_1_734' title='bbox 3279 4222 3359 4287; x_wconf 87' lang='grc' dir='ltr'>είς</span> <span class='ocrx_word' id='word_1_735' title='bbox 3400 4224 3649 4296; x_wconf 88' lang='grc' dir='ltr'>ἀνάγκην</span> 
     </span>
    </p>
   </div>
   <div class='ocr_carea' id='block_1_94' title="bbox 2074 4309 3649 4388">
    <p class='ocr_par' dir='ltr' id='par_1_94' title="bbox 2074 4309 3649 4388">
     <span class='ocr_line' id='line_1_94' title="bbox 2074 4309 3649 4388; baseline 0.003 -22"><span class='ocrx_word' id='word_1_736' title='bbox 2074 4310 2236 4366; x_wconf 79' lang='grc' dir='ltr'>αὐτὸν</span> <span class='ocrx_word' id='word_1_737' title='bbox 2264 4311 2609 4382; x_wconf 85' lang='grc' dir='ltr'>καταστήσας</span> <span class='ocrx_word' id='word_1_738' title='bbox 2639 4309 2735 4365; x_wconf 88' lang='grc' dir='ltr'>τοῦ</span> <span class='ocrx_word' id='word_1_739' title='bbox 2765 4312 2945 4366; x_wconf 79' lang='grc' dir='ltr'>πᾶσαν</span> <span class='ocrx_word' id='word_1_740' title='bbox 2967 4312 3378 4385; x_wconf 82' lang='grc' dir='ltr'>ἐκτραγῳδῆσαι</span> <span class='ocrx_word' id='word_1_741' title='bbox 3397 4315 3496 4386; x_wconf 80' lang='grc' dir='ltr'>τὴν</span> <span class='ocrx_word' id='word_1_742' title='bbox 3517 4333 3649 4388; x_wconf 79' lang='grc' dir='ltr'>συμ·</span> 
     </span>
    </p>
   </div>
   <div class='ocr_carea' id='block_1_95' title="bbox 2074 4400 3641 4475">
    <p class='ocr_par' dir='ltr' id='par_1_95' title="bbox 2074 4400 3641 4475">
     <span class='ocr_line' id='line_1_95' title="bbox 2074 4400 3641 4475; baseline 0.004 -21"><span class='ocrx_word' id='word_1_743' title='bbox 2074 4400 2266 4472; x_wconf 74' lang='grc' dir='ltr'>φοράν,</span> <span class='ocrx_word' id='word_1_744' title='bbox 2304 4403 2398 4455; x_wconf 79' lang='grc' dir='ltr'>καὶ</span> <span class='ocrx_word' id='word_1_745' title='bbox 2426 4402 2527 4473; x_wconf 81' lang='grc' dir='ltr'>τὴν</span> <span class='ocrx_word' id='word_1_746' title='bbox 2567 4402 2804 4473; x_wconf 81' lang='grc' dir='ltr'>σπουδήν</span> <span class='ocrx_word' id='word_1_747' title='bbox 2846 4401 3247 4473; x_wconf 78' lang='grc' dir='ltr'>ἐπιδειξάμενος</span> <span class='ocrx_word' id='word_1_748' title='bbox 3287 4403 3384 4475; x_wconf 77' lang='grc' dir='ltr'>τήν</span> <span class='ocrx_word' id='word_1_749' title='bbox 3415 4406 3609 4460; x_wconf 78' lang='grc' dir='ltr'>ἑαυτοῦ</span> <span class='ocrx_word' id='word_1_750' title='bbox 3629 4426 3641 4437; x_wconf 88' lang='grc'><strong>·</strong></span> 
     </span>
    </p>
   </div>
   <div class='ocr_carea' id='block_1_96' title="bbox 2083 4486 3644 4566">
    <p class='ocr_par' dir='ltr' id='par_1_96' title="bbox 2083 4486 3644 4566">
     <span class='ocr_line' id='line_1_96' title="bbox 2083 4486 3644 4566; baseline 0.004 -20"><span class='ocrx_word' id='word_1_751' title='bbox 2083 4494 2182 4548; x_wconf 84' lang='grc' dir='ltr'>Ἐν</span> <span class='ocrx_word' id='word_1_752' title='bbox 2210 4486 2259 4561; x_wconf 82' lang='grc' dir='ltr'><strong>ᾧ</strong></span> <span class='ocrx_word' id='word_1_753' title='bbox 2288 4494 2416 4565; x_wconf 72' lang='grc' dir='ltr'>γὰρ,</span> <span class='ocrx_word' id='word_1_754' title='bbox 2447 4493 2631 4565; x_wconf 68' lang='grc' dir='ltr'>φησιν,</span> <span class='ocrx_word' id='word_1_755' title='bbox 2661 4493 2775 4563; x_wconf 73' lang='grc' dir='ltr'>ἐγὼ</span> <span class='ocrx_word' id='word_1_756' title='bbox 2818 4493 3081 4563; x_wconf 77' lang='grc' dir='ltr'>ἔρχομαι,</span> <span class='ocrx_word' id='word_1_757' title='bbox 3115 4495 3303 4562; x_wconf 65' lang='grc' dir='ltr'>ἄλλος</span> <span class='ocrx_word' id='word_1_758' title='bbox 3343 4496 3456 4564; x_wconf 82' lang='grc' dir='ltr'>πρὸ</span> <span class='ocrx_word' id='word_1_759' title='bbox 3497 4496 3644 4566; x_wconf 83' lang='grc' dir='ltr'>ἐμοῦ</span> 
     </span>
    </p>
   </div>
   <div class='ocr_carea' id='block_1_97' title="bbox 2071 4584 3637 4658">
    <p class='ocr_par' dir='ltr' id='par_1_97' title="bbox 2071 4584 3637 4658">
     <span class='ocr_line' id='line_1_97' title="bbox 2071 4584 3637 4658; baseline 0.001 -19"><span class='ocrx_word' id='word_1_760' title='bbox 2071 4585 2407 4640; x_wconf 80' lang='grc' dir='ltr'>καταϐαίνει</span> <span class='ocrx_word' id='word_1_761' title='bbox 2428 4601 2447 4618; x_wconf 88' lang='grc'><strong>·</strong></span> <span class='ocrx_word' id='word_1_762' title='bbox 2478 4584 2547 4637; x_wconf 83' lang='grc' dir='ltr'>τά</span> <span class='ocrx_word' id='word_1_763' title='bbox 2584 4584 2642 4638; x_wconf 79' lang='grc' dir='ltr'>δὲ</span> <span class='ocrx_word' id='word_1_764' title='bbox 2685 4585 3054 4656; x_wconf 81' lang='grc' dir='ltr'>ἁμαρτήματα</span> <span class='ocrx_word' id='word_1_765' title='bbox 3084 4586 3185 4640; x_wconf 87' lang='grc' dir='ltr'>οὐκ</span> <span class='ocrx_word' id='word_1_766' title='bbox 3211 4585 3637 4658; x_wconf 78' lang='grc' dir='ltr'>ἐξεπόμπευσεν.</span> 
     </span>
    </p>
   </div>
   <div class='ocr_carea' id='block_1_98' title="bbox 2070 4674 3641 4751">
    <p class='ocr_par' dir='ltr' id='par_1_98' title="bbox 2070 4674 3641 4751">
     <span class='ocr_line' id='line_1_98' title="bbox 2070 4674 3641 4751; baseline 0.004 -24"><span class='ocrx_word' id='word_1_767' title='bbox 2070 4674 2281 4747; x_wconf 81' lang='grc' dir='ltr'>Ὥσπερ</span> <span class='ocrx_word' id='word_1_768' title='bbox 2308 4675 2415 4746; x_wconf 92' lang='lat'>7&amp;9</span> <span class='ocrx_word' id='word_1_769' title='bbox 2446 4676 2605 4747; x_wconf 80' lang='grc' dir='ltr'>ήμεῖς</span> <span class='ocrx_word' id='word_1_770' title='bbox 2632 4674 2937 4747; x_wconf 85' lang='grc' dir='ltr'>βουλόμεθα</span> <span class='ocrx_word' id='word_1_771' title='bbox 2969 4677 3036 4731; x_wconf 73' lang='grc' dir='ltr'>τά</span> <span class='ocrx_word' id='word_1_772' title='bbox 3062 4678 3308 4751; x_wconf 83' lang='grc' dir='ltr'>ήμέτερα</span> <span class='ocrx_word' id='word_1_773' title='bbox 3352 4681 3641 4745; x_wconf 73' lang='grc' dir='ltr'>συσκιάζεο</span> 
     </span>
    </p>
   </div>
   <div class='ocr_carea' id='block_1_99' title="bbox 2070 4763 3640 4840">
    <p class='ocr_par' dir='ltr' id='par_1_99' title="bbox 2070 4763 3640 4840">
     <span class='ocr_line' id='line_1_99' title="bbox 2070 4763 3640 4840; baseline 0.003 -21"><span class='ocrx_word' id='word_1_774' title='bbox 2070 4764 2213 4829; x_wconf 89' lang='grc' dir='ltr'>σθαι,</span> <span class='ocrx_word' id='word_1_775' title='bbox 2237 4763 2379 4818; x_wconf 74' lang='grc' dir='ltr'>οὕτω</span> <span class='ocrx_word' id='word_1_776' title='bbox 2427 4765 2520 4818; x_wconf 72' lang='grc' dir='ltr'>καὶ</span> <span class='ocrx_word' id='word_1_777' title='bbox 2567 4767 2596 4819; x_wconf 91' lang='grc' dir='ltr'>ό</span> <span class='ocrx_word' id='word_1_778' title='bbox 2643 4764 2776 4828; x_wconf 76' lang='grc' dir='ltr'>Θεὸς</span> <span class='ocrx_word' id='word_1_779' title='bbox 2827 4765 3007 4837; x_wconf 88' lang='grc' dir='ltr'>πολλῷ</span> <span class='ocrx_word' id='word_1_780' title='bbox 3039 4767 3199 4822; x_wconf 90' lang='grc' dir='ltr'>πλέον</span> <span class='ocrx_word' id='word_1_781' title='bbox 3244 4768 3277 4839; x_wconf 77' lang='grc' dir='ltr'>ἢ</span> <span class='ocrx_word' id='word_1_782' title='bbox 3327 4771 3516 4840; x_wconf 65' lang='grc' dir='ltr'>ἡμεῖς*</span> <span class='ocrx_word' id='word_1_783' title='bbox 3551 4770 3640 4824; x_wconf 71' lang='grc' dir='ltr'>διὰ</span> 
     </span>
    </p>
   </div>
   <div class='ocr_carea' id='block_1_100' title="bbox 388 4854 3641 4935">
    <p class='ocr_par' dir='ltr' id='par_1_100' title="bbox 388 4854 3641 4935">
     <span class='ocr_line' id='line_1_100' title="bbox 388 4854 3641 4935; baseline -0 -18"><span class='ocrx_word' id='word_1_784' title='bbox 388 4864 484 4917; x_wconf 77' lang='grc' dir='ltr'>καὶ</span> <span class='ocrx_word' id='word_1_785' title='bbox 531 4862 682 4935; x_wconf 64' lang='grc' dir='ltr'>παρὰ</span> <span class='ocrx_word' id='word_1_786' title='bbox 731 4863 825 4917; x_wconf 86' lang='grc' dir='ltr'>τοῦ</span> <span class='ocrx_word' id='word_1_787' title='bbox 866 4856 1198 4915; x_wconf 85' lang='grc' dir='ltr'>Διδασκάλου</span> <span class='ocrx_word' id='word_1_788' title='bbox 1241 4860 1695 4932; x_wconf 80' lang='grc' dir='ltr'>μακαριζόμενος,</span> <span class='ocrx_word' id='word_1_789' title='bbox 1740 4862 1834 4916; x_wconf 76' lang='grc' dir='ltr'>καὶ</span> <span class='ocrx_word' id='word_1_790' title='bbox 1874 4860 1965 4917; x_wconf 79' lang='grc' dir='ltr'>διὰ</span> <span class='ocrx_word' id='word_1_791' title='bbox 2064 4855 2223 4910; x_wconf 85' lang='grc' dir='ltr'>τοῦτο</span> <span class='ocrx_word' id='word_1_792' title='bbox 2249 4854 2347 4927; x_wconf 82' lang='grc' dir='ltr'>τὴν</span> <span class='ocrx_word' id='word_1_793' title='bbox 2372 4856 2473 4926; x_wconf 86' lang='grc' dir='ltr'>μὲν</span> <span class='ocrx_word' id='word_1_794' title='bbox 2502 4855 2797 4928; x_wconf 85' lang='grc' dir='ltr'>θεραπείαν</span> <span class='ocrx_word' id='word_1_795' title='bbox 2821 4858 2913 4911; x_wconf 79' lang='grc' dir='ltr'>ἐπὶ</span> <span class='ocrx_word' id='word_1_796' title='bbox 2945 4858 3161 4913; x_wconf 87' lang='grc' dir='ltr'>πάντων</span> <span class='ocrx_word' id='word_1_797' title='bbox 3197 4859 3509 4932; x_wconf 83' lang='grc' dir='ltr'>ἐποιήσατο,</span> <span class='ocrx_word' id='word_1_798' title='bbox 3539 4863 3641 4935; x_wconf 81' lang='grc' dir='ltr'>τὴν</span> 
     </span>
    </p>
   </div>
   <div class='ocr_carea' id='block_1_101' title="bbox 389 4944 1961 5024">
    <p class='ocr_par' dir='ltr' id='par_1_101' title="bbox 389 4944 1961 5024">
     <span class='ocr_line' id='line_1_101' title="bbox 389 4944 1961 5024; baseline 0.002 -19"><span class='ocrx_word' id='word_1_799' title='bbox 389 4950 545 5006; x_wconf 87' lang='grc' dir='ltr'>τοῦτο</span> <span class='ocrx_word' id='word_1_800' title='bbox 558 4951 764 5024; x_wconf 73' lang='grc' dir='ltr'>Πέτρος</span> <span class='ocrx_word' id='word_1_801' title='bbox 780 4950 1022 5022; x_wconf 69' lang='grc' dir='ltr'>κληθεὶς,</span> <span class='ocrx_word' id='word_1_802' title='bbox 1040 4950 1227 5022; x_wconf 81' lang='grc' dir='ltr'>ἐπειδὴ</span> <span class='ocrx_word' id='word_1_803' title='bbox 1244 4944 1496 5005; x_wconf 77' lang='grc' dir='ltr'>ἄσειστον</span> <span class='ocrx_word' id='word_1_804' title='bbox 1525 4947 1637 5022; x_wconf 80' lang='grc' dir='ltr'>εἶχε</span> <span class='ocrx_word' id='word_1_805' title='bbox 1654 4952 1749 5006; x_wconf 59' lang='grc' dir='ltr'>καὶ¹</span> <span class='ocrx_word' id='word_1_806' title='bbox 1767 4952 1961 5024; x_wconf 82' lang='grc' dir='ltr'>ἀπερί-</span> 
     </span>
    </p>
   </div>
   <div class='ocr_carea' id='block_1_102' title="bbox 2063 4948 3632 5024">
    <p class='ocr_par' dir='ltr' id='par_1_102' title="bbox 2063 4948 3632 5024">
     <span class='ocr_line' id='line_1_102' title="bbox 2063 4948 3632 5024; baseline 0.005 -22"><span class='ocrx_word' id='word_1_807' title='bbox 2063 4949 2120 5003; x_wconf 87' lang='grc' dir='ltr'>δέ</span> <span class='ocrx_word' id='word_1_808' title='bbox 2165 4949 2484 5021; x_wconf 88' lang='grc' dir='ltr'>παραίνεσιν</span> <span class='ocrx_word' id='word_1_809' title='bbox 2531 4948 2564 5020; x_wconf 78' lang='grc' dir='ltr'>ἢ</span> <span class='ocrx_word' id='word_1_810' title='bbox 2616 4949 2716 5022; x_wconf 85' lang='grc' dir='ltr'>τήν</span> <span class='ocrx_word' id='word_1_811' title='bbox 2762 4949 3071 5024; x_wconf 79' lang='grc' dir='ltr'>συμϐουλὴν</span> <span class='ocrx_word' id='word_1_812' title='bbox 3103 4952 3345 5007; x_wconf 87' lang='grc' dir='ltr'>κατιδὶαν</span> <span class='ocrx_word' id='word_1_813' title='bbox 3378 4958 3632 5011; x_wconf 86' lang='grc' dir='ltr'>ποιεῖται.</span> 
     </span>
    </p>
   </div>
   <div class='ocr_carea' id='block_1_103' title="bbox 386 5039 3639 5115">
    <p class='ocr_par' dir='ltr' id='par_1_103' title="bbox 386 5039 3639 5115">
     <span class='ocr_line' id='line_1_103' title="bbox 386 5039 3639 5115; baseline 0.002 -21"><span class='ocrx_word' id='word_1_814' title='bbox 386 5059 616 5113; x_wconf 85' lang='grc' dir='ltr'>τρεπτον</span> <span class='ocrx_word' id='word_1_815' title='bbox 664 5045 763 5115; x_wconf 81' lang='grc' dir='ltr'>τὴν</span> <span class='ocrx_word' id='word_1_816' title='bbox 813 5043 1014 5107; x_wconf 89' lang='grc' dir='ltr'>πίστιν,</span> <span class='ocrx_word' id='word_1_817' title='bbox 1043 5043 1245 5114; x_wconf 75' lang='grc' dir='ltr'>ἠνέχθη</span> <span class='ocrx_word' id='word_1_818' title='bbox 1290 5042 1357 5098; x_wconf 76' lang='grc' dir='ltr'>ἂν</span> <span class='ocrx_word' id='word_1_819' title='bbox 1414 5043 1507 5097; x_wconf 81' lang='grc' dir='ltr'>καὶ</span> <span class='ocrx_word' id='word_1_820' title='bbox 1543 5043 1644 5114; x_wconf 89' lang='grc' dir='ltr'>τῆς</span> <span class='ocrx_word' id='word_1_821' title='bbox 1667 5043 1960 5114; x_wconf 83' lang='grc' dir='ltr'>ὁμολογίας</span> <span class='ocrx_word' id='word_1_822' title='bbox 2062 5040 2327 5095; x_wconf 70' lang='grc' dir='ltr'>Οΰδέποτε</span> <span class='ocrx_word' id='word_1_823' title='bbox 2374 5039 2482 5113; x_wconf 80' lang='grc' dir='ltr'>γὰρ</span> <span class='ocrx_word' id='word_1_824' title='bbox 2526 5039 2685 5112; x_wconf 80' lang='grc' dir='ltr'>ἡμῶν</span> <span class='ocrx_word' id='word_1_825' title='bbox 2734 5041 3070 5112; x_wconf 79' lang='grc' dir='ltr'>ἐκπομπεύει</span> <span class='ocrx_word' id='word_1_826' title='bbox 3115 5042 3184 5096; x_wconf 81' lang='grc' dir='ltr'>τὰ</span> <span class='ocrx_word' id='word_1_827' title='bbox 3227 5044 3639 5115; x_wconf 78' lang='grc' dir='ltr'>ἁμαρτήματα,</span> 
     </span>
    </p>
   </div>
   <div class='ocr_carea' id='block_1_104' title="bbox 383 5133 1957 5207">
    <p class='ocr_par' dir='ltr' id='par_1_104' title="bbox 383 5133 1957 5207">
     <span class='ocr_line' id='line_1_104' title="bbox 383 5133 1957 5207; baseline 0.001 -20"><span class='ocrx_word' id='word_1_828' title='bbox 383 5133 664 5201; x_wconf 77' lang='grc' dir='ltr'>ἐξέπεσεν,</span> <span class='ocrx_word' id='word_1_829' title='bbox 686 5135 735 5188; x_wconf 85' lang='grc' dir='ltr'>εἰ</span> <span class='ocrx_word' id='word_1_830' title='bbox 762 5133 1137 5205; x_wconf 80' lang='grc' dir='ltr'>συνεχώρησεν</span> <span class='ocrx_word' id='word_1_831' title='bbox 1163 5136 1191 5188; x_wconf 92' lang='lat'>6</span> <span class='ocrx_word' id='word_1_832' title='bbox 1217 5134 1260 5187; x_wconf 84' lang='grc' dir='ltr'>Χ</span> <span class='ocrx_word' id='word_1_833' title='bbox 1270 5135 1449 5205; x_wconf 71' lang='grc' dir='ltr'>ριστδς</span> <span class='ocrx_word' id='word_1_834' title='bbox 1477 5134 1555 5206; x_wconf 85' lang='grc' dir='ltr'>τῷ</span> <span class='ocrx_word' id='word_1_835' title='bbox 1582 5135 1811 5207; x_wconf 75' lang='grc' dir='ltr'>διαϐόλῳ</span> <span class='ocrx_word' id='word_1_836' title='bbox 1838 5152 1957 5189; x_wconf 88' lang='grc' dir='ltr'>πει-</span> 
     </span>
    </p>
   </div>
   <div class='ocr_carea' id='block_1_105' title="bbox 2059 5131 3630 5207">
    <p class='ocr_par' dir='ltr' id='par_1_105' title="bbox 2059 5131 3630 5207">
     <span class='ocr_line' id='line_1_105' title="bbox 2059 5131 3630 5207; baseline 0.004 -23"><span class='ocrx_word' id='word_1_837' title='bbox 2059 5131 2200 5203; x_wconf 78' lang='grc' dir='ltr'>πλὴν</span> <span class='ocrx_word' id='word_1_838' title='bbox 2226 5133 2275 5185; x_wconf 90' lang='grc' dir='ltr'>εί</span> <span class='ocrx_word' id='word_1_839' title='bbox 2306 5133 2381 5203; x_wconf 90' lang='grc' dir='ltr'>μή</span> <span class='ocrx_word' id='word_1_840' title='bbox 2409 5148 2540 5185; x_wconf 87' lang='grc' dir='ltr'>ποτε</span> <span class='ocrx_word' id='word_1_841' title='bbox 2572 5132 2671 5185; x_wconf 81' lang='grc' dir='ltr'>ῐδοι</span> <span class='ocrx_word' id='word_1_842' title='bbox 2697 5132 3041 5207; x_wconf 86' lang='grc' dir='ltr'>ἀναισθήτως</span> <span class='ocrx_word' id='word_1_843' title='bbox 3071 5134 3291 5206; x_wconf 81' lang='grc' dir='ltr'>ἔχοντας</span> <span class='ocrx_word' id='word_1_844' title='bbox 3317 5135 3453 5205; x_wconf 81' lang='grc' dir='ltr'>πρὸς</span> <span class='ocrx_word' id='word_1_845' title='bbox 3470 5135 3630 5192; x_wconf 81' lang='grc' dir='ltr'>αὐτά.</span> 
     </span>
    </p>
   </div>
   <div class='ocr_carea' id='block_1_106' title="bbox 382 5221 3635 5298">
    <p class='ocr_par' dir='ltr' id='par_1_106' title="bbox 382 5221 3635 5298">
     <span class='ocr_line' id='line_1_106' title="bbox 382 5221 3635 5298; baseline 0 -18"><span class='ocrx_word' id='word_1_846' title='bbox 382 5226 550 5296; x_wconf 85' lang='grc' dir='ltr'>ράσαι</span> <span class='ocrx_word' id='word_1_847' title='bbox 595 5227 719 5280; x_wconf 83' lang='grc' dir='ltr'>ὅσον</span> <span class='ocrx_word' id='word_1_848' title='bbox 764 5225 1041 5296; x_wconf 73' lang='grc' dir='ltr'>ἠϐούλετο,</span> <span class='ocrx_word' id='word_1_849' title='bbox 1070 5223 1153 5288; x_wconf 77' lang='grc' dir='ltr'>τίς</span> <span class='ocrx_word' id='word_1_850' title='bbox 1195 5223 1380 5296; x_wconf 69' lang='grc' dir='ltr'>ἕτερος</span> <span class='ocrx_word' id='word_1_851' title='bbox 1427 5224 1621 5294; x_wconf 88' lang='grc' dir='ltr'>στῆναι</span> <span class='ocrx_word' id='word_1_852' title='bbox 1667 5225 1955 5298; x_wconf 87' lang='grc' dir='ltr'>δυνήσεται</span> <span class='ocrx_word' id='word_1_853' title='bbox 2058 5224 2166 5276; x_wconf 78' lang='grc' dir='ltr'>Καὶ</span> <span class='ocrx_word' id='word_1_854' title='bbox 2191 5221 2298 5294; x_wconf 90' lang='lat'>7&amp;9</span> <span class='ocrx_word' id='word_1_855' title='bbox 2324 5224 2452 5278; x_wconf 82' lang='grc' dir='ltr'>ὅταν</span> <span class='ocrx_word' id='word_1_856' title='bbox 2479 5223 2639 5295; x_wconf 84' lang='grc' dir='ltr'>λέγῃ’</span> <span class='ocrx_word' id='word_1_857' title='bbox 2672 5224 2975 5279; x_wconf 81' lang='grc' dir='ltr'>Πεινῶντά</span> <span class='ocrx_word' id='word_1_858' title='bbox 3015 5242 3092 5295; x_wconf 83' lang='grc' dir='ltr'>με</span> <span class='ocrx_word' id='word_1_859' title='bbox 3128 5225 3336 5291; x_wconf 71' lang='grc' dir='ltr'>εἴδετε,</span> <span class='ocrx_word' id='word_1_860' title='bbox 3371 5226 3467 5279; x_wconf 81' lang='grc' dir='ltr'>καὶ</span> <span class='ocrx_word' id='word_1_861' title='bbox 3520 5229 3635 5283; x_wconf 56' lang='grc' dir='ltr'>οὐκ</span> 
     </span>
    </p>
   </div>
   <div class='ocr_carea' id='block_1_107' title="bbox 380 5313 1953 5387">
    <p class='ocr_par' dir='ltr' id='par_1_107' title="bbox 380 5313 1953 5387">
     <span class='ocr_line' id='line_1_107' title="bbox 380 5313 1953 5387; baseline 0.002 -18"><span class='ocrx_word' id='word_1_862' title='bbox 380 5316 549 5387; x_wconf 72' lang='grc' dir='ltr'>χωρὶς</span> <span class='ocrx_word' id='word_1_863' title='bbox 574 5316 676 5387; x_wconf 90' lang='grc' dir='ltr'>τῆς</span> <span class='ocrx_word' id='word_1_864' title='bbox 708 5315 871 5370; x_wconf 91' lang='grc' dir='ltr'>αὐτοῦ</span> <span class='ocrx_word' id='word_1_865' title='bbox 907 5314 1188 5387; x_wconf 81' lang='grc' dir='ltr'>βοηθείας;</span> <span class='ocrx_word' id='word_1_866' title='bbox 1217 5313 1316 5368; x_wconf 85' lang='grc' dir='ltr'>Διά</span> <span class='ocrx_word' id='word_1_867' title='bbox 1342 5313 1457 5387; x_wconf 72' lang='grc'>[56]</span> <span class='ocrx_word' id='word_1_868' title='bbox 1491 5315 1646 5370; x_wconf 87' lang='grc' dir='ltr'>τοῦτο</span> <span class='ocrx_word' id='word_1_869' title='bbox 1681 5317 1774 5372; x_wconf 77' lang='grc' dir='ltr'>καὶ</span> <span class='ocrx_word' id='word_1_870' title='bbox 1804 5317 1953 5372; x_wconf 88' lang='grc' dir='ltr'>Παῦ-</span> 
     </span>
    </p>
   </div>
   <div class='ocr_carea' id='block_1_108' title="bbox 2056 5314 3635 5388">
    <p class='ocr_par' dir='ltr' id='par_1_108' title="bbox 2056 5314 3635 5388">
     <span class='ocr_line' id='line_1_108' title="bbox 2056 5314 3635 5388; baseline 0.004 -20"><span class='ocrx_word' id='word_1_871' title='bbox 2056 5314 2174 5388; x_wconf 71' lang='grc' dir='ltr'>[δη</span> <span class='ocrx_word' id='word_1_872' title='bbox 2202 5314 2492 5384; x_wconf 76' lang='grc' dir='ltr'>ἐθρέψατε</span> <span class='ocrx_word' id='word_1_873' title='bbox 2517 5333 2529 5345; x_wconf 83' lang='grc'><em>’</em></span> <span class='ocrx_word' id='word_1_874' title='bbox 2560 5317 2659 5370; x_wconf 72' lang='grc' dir='ltr'>καὶ</span> <span class='ocrx_word' id='word_1_875' title='bbox 2695 5315 2983 5386; x_wconf 73' lang='grc' dir='ltr'>διψῶντα,</span> <span class='ocrx_word' id='word_1_876' title='bbox 3019 5318 3119 5372; x_wconf 78' lang='grc' dir='ltr'>καὶ</span> <span class='ocrx_word' id='word_1_877' title='bbox 3153 5319 3265 5371; x_wconf 81' lang='grc' dir='ltr'>οὐκ</span> <span class='ocrx_word' id='word_1_878' title='bbox 3292 5317 3635 5383; x_wconf 73' lang='grc' dir='ltr'>ἐποτίσατε,</span> 
     </span>
    </p>
   </div>
   <div class='ocr_carea' id='block_1_109' title="bbox 377 5402 3635 5479">
    <p class='ocr_par' dir='ltr' id='par_1_109' title="bbox 377 5402 3635 5479">
     <span class='ocr_line' id='line_1_109' title="bbox 377 5402 3635 5479; baseline 0.002 -21"><span class='ocrx_word' id='word_1_879' title='bbox 377 5405 468 5470; x_wconf 89' lang='grc' dir='ltr'>λός</span> <span class='ocrx_word' id='word_1_880' title='bbox 512 5423 647 5478; x_wconf 81' lang='grc' dir='ltr'>φησι</span> <span class='ocrx_word' id='word_1_881' title='bbox 665 5422 679 5436; x_wconf 87' lang='grc'><strong>·</strong></span> <span class='ocrx_word' id='word_1_882' title='bbox 714 5406 939 5471; x_wconf 81' lang='grc' dir='ltr'>Πιστὸς</span> <span class='ocrx_word' id='word_1_883' title='bbox 965 5404 1034 5459; x_wconf 73' lang='grc' dir='ltr'>δὲ</span> <span class='ocrx_word' id='word_1_884' title='bbox 1061 5407 1093 5459; x_wconf 86' lang='grc' dir='ltr'>ό</span> <span class='ocrx_word' id='word_1_885' title='bbox 1123 5405 1290 5471; x_wconf 80' lang='grc' dir='ltr'>Θεὸς,</span> <span class='ocrx_word' id='word_1_886' title='bbox 1318 5405 1387 5472; x_wconf 81' lang='grc' dir='ltr'>ὃς</span> <span class='ocrx_word' id='word_1_887' title='bbox 1432 5408 1544 5461; x_wconf 83' lang='grc' dir='ltr'>οὐκ</span> <span class='ocrx_word' id='word_1_888' title='bbox 1584 5407 1751 5462; x_wconf 81' lang='grc' dir='ltr'>ἐάσει</span> <span class='ocrx_word' id='word_1_889' title='bbox 1798 5408 1953 5478; x_wconf 80' lang='grc' dir='ltr'>ὑμᾶς</span> <span class='ocrx_word' id='word_1_890' title='bbox 2051 5404 2139 5458; x_wconf 75' lang='grc' dir='ltr'>διὰ</span> <span class='ocrx_word' id='word_1_891' title='bbox 2162 5404 2319 5459; x_wconf 89' lang='grc' dir='ltr'>τοῦτο</span> <span class='ocrx_word' id='word_1_892' title='bbox 2339 5402 2484 5472; x_wconf 86' lang='grc' dir='ltr'>λέγει</span> <span class='ocrx_word' id='word_1_893' title='bbox 2517 5405 2656 5458; x_wconf 88' lang='grc' dir='ltr'>κατά</span> <span class='ocrx_word' id='word_1_894' title='bbox 2677 5406 2766 5459; x_wconf 78' lang='grc' dir='ltr'>τὸν</span> <span class='ocrx_word' id='word_1_895' title='bbox 2786 5407 3028 5476; x_wconf 89' lang='grc' dir='ltr'>παρόντα</span> <span class='ocrx_word' id='word_1_896' title='bbox 3053 5407 3263 5479; x_wconf 69' lang='grc' dir='ltr'>καιρὶν,</span> <span class='ocrx_word' id='word_1_897' title='bbox 3288 5409 3372 5461; x_wconf 76' lang='grc' dir='ltr'>ἵνα</span> <span class='ocrx_word' id='word_1_898' title='bbox 3396 5410 3470 5479; x_wconf 81' lang='grc' dir='ltr'>μὴ</span> <span class='ocrx_word' id='word_1_899' title='bbox 3492 5412 3635 5468; x_wconf 68' lang='grc' dir='ltr'>κατὰ</span> 
     </span>
    </p>
   </div>
   <div class='ocr_carea' id='block_1_110' title="bbox 376 5495 3625 5571">
    <p class='ocr_par' dir='ltr' id='par_1_110' title="bbox 376 5495 3625 5571">
     <span class='ocr_line' id='line_1_110' title="bbox 376 5495 3625 5571; baseline 0.002 -21"><span class='ocrx_word' id='word_1_900' title='bbox 376 5498 774 5568; x_wconf 74' lang='grc' dir='ltr'>πειρασθῆναι</span> <span class='ocrx_word' id='word_1_901' title='bbox 811 5496 963 5565; x_wconf 78' lang='grc' dir='ltr'>ὑπὲρ</span> <span class='ocrx_word' id='word_1_902' title='bbox 989 5497 1019 5549; x_wconf 88' lang='grc' dir='ltr'>ὃ</span> <span class='ocrx_word' id='word_1_903' title='bbox 1052 5495 1336 5561; x_wconf 79' lang='grc' dir='ltr'>δύνασθε,</span> <span class='ocrx_word' id='word_1_904' title='bbox 1365 5496 1524 5552; x_wconf 77' lang='grc' dir='ltr'>ἀλλὰ</span> <span class='ocrx_word' id='word_1_905' title='bbox 1546 5498 1786 5565; x_wconf 77' lang='grc' dir='ltr'>ποιήσει</span> <span class='ocrx_word' id='word_1_906' title='bbox 1830 5501 1953 5555; x_wconf 79' lang='grc' dir='ltr'>σὺν</span> <span class='ocrx_word' id='word_1_907' title='bbox 2051 5497 2142 5551; x_wconf 81' lang='grc' dir='ltr'>τὸν</span> <span class='ocrx_word' id='word_1_908' title='bbox 2193 5496 2456 5568; x_wconf 89' lang='grc' dir='ltr'>μέλλοντα</span> <span class='ocrx_word' id='word_1_909' title='bbox 2524 5495 2728 5549; x_wconf 88' lang='grc' dir='ltr'>τούτων</span> <span class='ocrx_word' id='word_1_910' title='bbox 2778 5495 3141 5568; x_wconf 83' lang='grc' dir='ltr'>ἀκουσώμεθα</span> <span class='ocrx_word' id='word_1_911' title='bbox 3185 5498 3294 5552; x_wconf 86' lang='grc' dir='ltr'>τῶν</span> <span class='ocrx_word' id='word_1_912' title='bbox 3348 5502 3625 5571; x_wconf 85' lang='grc' dir='ltr'>ῥημάτων.</span> 
     </span>
    </p>
   </div>
   <div class='ocr_carea' id='block_1_111' title="bbox 378 5587 1949 5660">
    <p class='ocr_par' dir='ltr' id='par_1_111' title="bbox 378 5587 1949 5660">
     <span class='ocr_line' id='line_1_111' title="bbox 378 5587 1949 5660; baseline 0.003 -17"><span class='ocrx_word' id='word_1_913' title='bbox 378 5588 460 5654; x_wconf 82' lang='grc' dir='ltr'>τῷ</span> <span class='ocrx_word' id='word_1_914' title='bbox 490 5588 799 5660; x_wconf 78' lang='grc' dir='ltr'>πειρασμῷ</span> <span class='ocrx_word' id='word_1_915' title='bbox 821 5588 919 5643; x_wconf 81' lang='grc' dir='ltr'>καί</span> <span class='ocrx_word' id='word_1_916' title='bbox 941 5587 1055 5656; x_wconf 77' lang='grc' dir='ltr'>τὴν</span> <span class='ocrx_word' id='word_1_917' title='bbox 1071 5588 1321 5642; x_wconf 73' lang='grc' dir='ltr'>ἔκϐασιν</span> <span class='ocrx_word' id='word_1_918' title='bbox 1340 5587 1446 5642; x_wconf 90' lang='grc' dir='ltr'>τοῦ</span> <span class='ocrx_word' id='word_1_919' title='bbox 1474 5588 1768 5644; x_wconf 82' lang='grc' dir='ltr'>δύνασθαι</span> <span class='ocrx_word' id='word_1_920' title='bbox 1796 5593 1949 5660; x_wconf 74' lang='grc' dir='ltr'>ὑμᾶς</span> 
     </span>
    </p>
   </div>
   <div class='ocr_carea' id='block_1_112' title="bbox 2064 5587 3638 5665">
    <p class='ocr_par' dir='ltr' id='par_1_112' title="bbox 2064 5587 3638 5665">
     <span class='ocr_line' id='line_1_112' title="bbox 2064 5587 3638 5665; baseline 0.003 -22"><span class='ocrx_word' id='word_1_921' title='bbox 2064 5590 2316 5655; x_wconf 76' lang='grc' dir='ltr'>’Λπειλεῖ,</span> <span class='ocrx_word' id='word_1_922' title='bbox 2355 5587 2703 5658; x_wconf 81' lang='grc' dir='ltr'>ἐκπομπεύει,</span> <span class='ocrx_word' id='word_1_923' title='bbox 2725 5587 2979 5652; x_wconf 82' lang='grc' dir='ltr'>ἐνταῦθα,</span> <span class='ocrx_word' id='word_1_924' title='bbox 3004 5590 3090 5644; x_wconf 82' lang='grc' dir='ltr'>ἵνα</span> <span class='ocrx_word' id='word_1_925' title='bbox 3149 5590 3224 5663; x_wconf 76' lang='grc' dir='ltr'>μή</span> <span class='ocrx_word' id='word_1_926' title='bbox 3269 5593 3638 5665; x_wconf 85' lang='grc' dir='ltr'>ἐκπομπεύσῃ</span> 
     </span>
    </p>
   </div>
   <div class='ocr_carea' id='block_1_113' title="bbox 380 5675 3630 5769">
    <p class='ocr_par' dir='ltr' id='par_1_113' title="bbox 380 5675 3630 5769">
     <span class='ocr_line' id='line_1_113' title="bbox 380 5675 3630 5769; baseline 0 -34"><span class='ocrx_word' id='word_1_927' title='bbox 380 5680 746 5751; x_wconf 74' lang='grc' dir='ltr'>ὑπενεγκεῖν.</span> <span class='ocrx_word' id='word_1_928' title='bbox 778 5681 852 5734; x_wconf 86' lang='grc' dir='ltr'>οὐ</span> <span class='ocrx_word' id='word_1_929' title='bbox 890 5679 1050 5750; x_wconf 78' lang='grc' dir='ltr'>μόνον</span> <span class='ocrx_word' id='word_1_930' title='bbox 1098 5678 1225 5751; x_wconf 86' lang='lat'><strong>7&amp;9,</strong></span> <span class='ocrx_word' id='word_1_931' title='bbox 1272 5680 1424 5751; x_wconf 78' lang='grc' dir='ltr'>φησὶ,</span> <span class='ocrx_word' id='word_1_932' title='bbox 1457 5678 1769 5769; x_wconf 49' lang='grc' dir='ltr'>πειρασμὸν.</span> <span class='ocrx_word' id='word_1_933' title='bbox 1804 5681 1946 5754; x_wconf 72' lang='grc' dir='ltr'>ὑπὲρ</span> <span class='ocrx_word' id='word_1_934' title='bbox 2052 5683 2195 5738; x_wconf 84' lang='grc' dir='ltr'>ἐκεῖ·</span> <span class='ocrx_word' id='word_1_935' title='bbox 2221 5682 2413 5751; x_wconf 80' lang='grc' dir='ltr'>ὥσπερ</span> <span class='ocrx_word' id='word_1_936' title='bbox 2446 5675 2540 5734; x_wconf 78' lang='grc' dir='ltr'>οὖν</span> <span class='ocrx_word' id='word_1_937' title='bbox 2565 5680 2657 5734; x_wconf 77' lang='grc' dir='ltr'>καὶ</span> <span class='ocrx_word' id='word_1_938' title='bbox 2681 5681 3053 5752; x_wconf 63' lang='grc' dir='ltr'>καταστρέψαι</span> <span class='ocrx_word' id='word_1_939' title='bbox 3078 5683 3165 5739; x_wconf 74' lang='grc' dir='ltr'>διὰ</span> <span class='ocrx_word' id='word_1_940' title='bbox 3185 5683 3337 5738; x_wconf 86' lang='grc' dir='ltr'>τοῦτο</span> <span class='ocrx_word' id='word_1_941' title='bbox 3368 5686 3630 5758; x_wconf 69' lang='grc' dir='ltr'>ἠπείλησε</span> 
     </span>
    </p>
   </div>
   <div class='ocr_carea' id='block_1_114' title="bbox 378 5771 1948 5845">
    <p class='ocr_par' dir='ltr' id='par_1_114' title="bbox 378 5771 1948 5845">
     <span class='ocr_line' id='line_1_114' title="bbox 378 5771 1948 5845; baseline -0.003 -22"><span class='ocrx_word' id='word_1_942' title='bbox 378 5772 604 5842; x_wconf 79' lang='grc' dir='ltr'>δύναμιν</span> <span class='ocrx_word' id='word_1_943' title='bbox 633 5772 732 5825; x_wconf 79' lang='grc' dir='ltr'>οὐκ</span> <span class='ocrx_word' id='word_1_944' title='bbox 760 5771 982 5842; x_wconf 79' lang='grc' dir='ltr'>ἀφίησιν</span> <span class='ocrx_word' id='word_1_945' title='bbox 1018 5772 1387 5844; x_wconf 77' lang='grc' dir='ltr'>ἐπενεχθῆναι,</span> <span class='ocrx_word' id='word_1_946' title='bbox 1422 5771 1554 5826; x_wconf 74' lang='grc' dir='ltr'>ἀλλὰ</span> <span class='ocrx_word' id='word_1_947' title='bbox 1594 5772 1687 5825; x_wconf 72' lang='grc' dir='ltr'>καὶ</span> <span class='ocrx_word' id='word_1_948' title='bbox 1717 5773 1771 5823; x_wconf 78' lang='grc' dir='ltr'>ἐν</span> <span class='ocrx_word' id='word_1_949' title='bbox 1802 5777 1948 5845; x_wconf 69' lang='grc' dir='ltr'>αὐτῷ</span> 
     </span>
    </p>
   </div>
   <div class='ocr_carea' id='block_1_115' title="bbox 2056 5771 3637 5846">
    <p class='ocr_par' dir='ltr' id='par_1_115' title="bbox 2056 5771 3637 5846">
     <span class='ocr_line' id='line_1_115' title="bbox 2056 5771 3637 5846; baseline 0 -21"><span class='ocrx_word' id='word_1_950' title='bbox 2056 5772 2153 5843; x_wconf 77' lang='grc' dir='ltr'>τὴν</span> <span class='ocrx_word' id='word_1_951' title='bbox 2178 5774 2282 5826; x_wconf 86' lang='grc' dir='ltr'>τῶν</span> <span class='ocrx_word' id='word_1_952' title='bbox 2310 5771 2606 5823; x_wconf 76' lang='grc' dir='ltr'>Νινευιτῶν</span> <span class='ocrx_word' id='word_1_953' title='bbox 2637 5772 2812 5839; x_wconf 85' lang='grc' dir='ltr'>πόλιν,</span> <span class='ocrx_word' id='word_1_954' title='bbox 2830 5771 2918 5827; x_wconf 74' lang='grc' dir='ltr'>ἵνα</span> <span class='ocrx_word' id='word_1_955' title='bbox 2940 5773 3014 5846; x_wconf 81' lang='grc' dir='ltr'>μὴ</span> <span class='ocrx_word' id='word_1_956' title='bbox 3037 5774 3403 5845; x_wconf 62' lang='grc' dir='ltr'>καταστρέψῃ.</span> <span class='ocrx_word' id='word_1_957' title='bbox 3435 5776 3493 5827; x_wconf 73' lang='lat' dir='ltr'>El</span> <span class='ocrx_word' id='word_1_958' title='bbox 3520 5774 3637 5842; x_wconf 76' lang='grc' dir='ltr'>γὰρ</span> 
     </span>
    </p>
   </div>
   <div class='ocr_carea' id='block_1_116' title="bbox 378 5856 3637 5943">
    <p class='ocr_par' dir='ltr' id='par_1_116' title="bbox 378 5856 3637 5943">
     <span class='ocr_line' id='line_1_116' title="bbox 378 5856 3637 5943; baseline 0.005 -32"><span class='ocrx_word' id='word_1_959' title='bbox 378 5861 458 5932; x_wconf 65' lang='grc' dir='ltr'>τις»</span> <span class='ocrx_word' id='word_1_960' title='bbox 503 5859 643 5914; x_wconf 62' lang='grc' dir='ltr'>κατὰ</span> <span class='ocrx_word' id='word_1_961' title='bbox 692 5856 918 5930; x_wconf 71' lang='grc' dir='ltr'>δύναμιν</span> <span class='ocrx_word' id='word_1_962' title='bbox 971 5860 1287 5938; x_wconf 78' lang='grc' dir='ltr'>ἐπαγομὲνῳ</span> <span class='ocrx_word' id='word_1_963' title='bbox 1320 5862 1545 5936; x_wconf 74' lang='grc' dir='ltr'>πάρεστι</span> <span class='ocrx_word' id='word_1_964' title='bbox 1572 5858 1945 5932; x_wconf 73' lang='grc' dir='ltr'>διαδαστάζων</span> <span class='ocrx_word' id='word_1_965' title='bbox 2055 5864 2310 5935; x_wconf 62' lang='grc' dir='ltr'>ῆιὶούλετο</span> <span class='ocrx_word' id='word_1_966' title='bbox 2353 5865 2691 5934; x_wconf 61' lang='grc' dir='ltr'>δημοσιεύειν</span> <span class='ocrx_word' id='word_1_967' title='bbox 2723 5865 2878 5940; x_wconf 75' lang='grc' dir='ltr'>ἡμῶν</span> <span class='ocrx_word' id='word_1_968' title='bbox 2914 5868 2978 5922; x_wconf 67' lang='grc' dir='ltr'>τὰ</span> <span class='ocrx_word' id='word_1_969' title='bbox 3013 5870 3397 5943; x_wconf 67' lang='grc' dir='ltr'>ἁμαρτήματα,</span> <span class='ocrx_word' id='word_1_970' title='bbox 3426 5866 3523 5917; x_wconf 67' lang='grc' dir='ltr'>οὐκ</span> <span class='ocrx_word' id='word_1_971' title='bbox 3562 5859 3637 5914; x_wconf 64' lang='grc' dir='ltr'>ὃν</span> 
     </span>
    </p>
   </div>
  </div>
