4054 6216
404 304 472 391 6'6
1071 334 1128 389 S.
1165 332 1452 388 JOANNIS
1488 333 1978 392 CHRYSOSTOMI
2014 336 2339 400 ARCHIEP.
2383 346 2932 406 CONSTANTINOP.
3601 361 3668 416 δέ

401 456 682 524 προεῖπεν,
710 454 787 508 ὅτι
823 453 1166 524 δημοσιεύσει
1191 473 1203 488 ·
1228 455 1322 511 νῦν
1346 456 1401 510 δέ
1425 457 1514 510 διὰ
1535 458 1690 510 τοῦτο
1709 456 1982 528 προλέγει,

395 546 481 598 ἵνα
514 543 592 615 τῷ
614 544 762 615 φόϐῳ
787 543 888 613 τῆς
916 544 1314 614 δημοσιεύσεως
1351 545 1586 617 ἐκείνης,
1614 547 1659 597 εἰ
1688 547 1782 598 καὶ
1811 546 1885 616 μὴ
1908 545 1986 617 τῷ

399 635 550 708 φόϐῳ
602 637 703 707 τῆς
756 636 1025 700 κολάσεως
1069 637 1550 709 σωφρονισθέντες,
1593 636 1984 708 ἀπονιψὼμεθα

400 730 636 782 ἅπαντα.
671 726 842 780 Τοῦτο
872 727 964 780 καὶ
987 728 1079 780 ἐπὶ
1101 727 1192 781 τοῦ
1225 727 1602 798 βαπτίσματος
1625 728 1860 795 γίνεται·
1893 727 1985 779 καὶ¹

395 823 504 892 γάρ
553 822 674 890 ἄγει
723 821 859 892 πρὸς
902 820 1001 892 τὴν
1045 820 1428 893 κολυμϐήθραν
1473 821 1582 875 τῶν
1635 820 1844 873 ὑδάτων
1894 817 1984 872 16v

392 914 697 985 ἄνθρωπον,
711 913 886 966 οὐδενὶ
904 912 1040 983 δῆλα
1062 914 1290 984 ποιήσας
1311 912 1475 966 06106
1498 911 1565 964 τά
1584 911 1802 983 ἀμαρτή
1813 927 1980 980 ματα,

392 1005 528 1059 ἀλλά
570 1006 669 1076 τὴν
707 1005 804 1076 μὲν
847 1004 1056 1078 δωρεάν
1102 1005 1236 1059 πᾶσι
1267 1004 1559 1074 καθίστησι
1590 1002 1850 1073 φανεράν,
1887 1001 1982 1054 καὶ

392 1100 538 1152 ποιεῖ
575 1098 761 1169 δήλην,
786 1098 855 1152 τά
886 1098 943 1151 δέ
975 1099 1348 1170 ἁμαρτήματα
1373 1095 1511 1166 πλὴν
1542 1094 1707 1150 06106
1753 1094 1848 1147 καὶ
1886 1092 1982 1146 τοῦ

391 1191 490 1261 τὴν
546 1191 741 1259 ἄφεσιν
789 1188 1152 1260 λαμϐάνοντος
1201 1187 1373 1252 οὐδεὶς
1420 1188 1608 1259 ἕτερος
1654 1183 1783 1243 οἶδε.
1811 1185 1982 1238 Τοῦτο

395 1281 490 1334 καὶ
521 1281 613 1332 ἐπὶ
643 1279 829 1333 τούτου
862 1280 1073 1350 γέγονε,
1109 1280 1205 1332 καὶ
1245 1279 1562 1351 ἀμάρτυρον
1609 1280 1843 1331 ποιεῖται
1887 1275 1979 1330 16v

395 1370 636 1441 ἔλεγχον,
671 1370 872 1440 μᾶλλον
905 1370 963 1422 δέ
995 1370 1093 1423 οὐκ
1115 1369 1336 1440 ἔλεγχος
1363 1371 1542 1441 μόνον,
1575 1369 1709 1423 ἀλλά
1737 1368 1831 1421 καὶ
1853 1367 1979 1420 ἀπο⁹

389 1461 547 1529 λογία
570 1461 629 1514 16
659 1461 946 1532 εἰρημένον
971 1463 1134 1525 ἐστὶν,
1167 1460 1354 1532 ὥσπερ
1385 1461 1528 1531 ὺπέρ
1569 1460 1669 1531 τῆς
1706 1458 1979 1529 τοσαύτης

391 1554 685 1616 κακώσεως
705 1552 1140 1624 ἀπολογούμενος
1160 1554 1253 1606 καὶ
1262 1552 1436 1622 λέγων
1458 1551 1972 1622 αύτιξ›,καὶ,δεικνῖδς,

387 1645 471 1696 ὅτι
517 1644 575 1696 οὺ
621 1643 821 1713 μάτην,
854 1643 974 1696 ούδέ
1019 1642 1142 1712 εἰκῆ
1192 1641 1445 1696 τοσοῦτον
1489 1641 1650 1696 αὐτὸν
1701 1638 1970 1710 ἐπέτρεψε

394 1732 710 1801 κακωθῆναι
765 1733 989 1803 χρόνον,
1043 1732 1151 1784 τῶν
1202 1733 1614 1804 ἁμαρτημάτων
1672 1730 1974 1802 ἀνέμνησεν

393 1823 575 1886 αὑτὸν,
611 1822 706 1874 καλ⁵
749 1823 848 1892 τὴν
886 1823 1062 1875 αἰτίαν
1091 1818 1212 1876 εἷπε
1254 1823 1355 1893 τῆς
1405 1822 1733 1894 ἀρρωστίας.
1767 1820 1974 1890 Εὐρὼν

391 1916 498 1985 γάρ
560 1916 766 1978 αὐτὸν,
833 1917 1016 1986 φησὶν,
1077 1916 1148 1968 ἐν
1198 1915 1280 1982 τῷ
1336 1904 1490 1984 ίερῷ,
1547 1912 1716 1970 εἶπεν
1767 1913 1969 1979 αὐτῷ·

387 2008 612 2078 Μηκέτι
647 2007 976 2078 ἁμάρτανε,
1028 2008 1128 2061 ἵνα
1162 2007 1249 2076 μὴ
1292 2006 1494 2076 χεῖρόν
1549 2006 1606 2059 τί
1654 2023 1752 2059 σοι
1797 2004 1970 2076 γένη-

391 2118 480 2153 ται
490 2140 502 2152 .

473 2192 624 2244 Ἐπεὶ
655 2187 745 2244 οὖν
774 2191 1010 2244 τοσαῦτα
1034 2189 1478 2262 ἐκαρπωσάμεθα
1504 2194 1568 2245 ἐκ
1585 2193 1679 2246 τοῦ
1706 2197 1967 2268 προτέρου

389 2283 720 2355 παραλύτου,
752 2284 883 2356 φέρε
921 2283 1163 2354 ἔλθωμεν
1197 2284 1291 2336 καὶ
1331 2285 1414 2352 ἐφ’
1437 2285 1621 2356 ἕτερον
1667 2285 1769 2340 κᾶν
1816 2289 1968 2359 παρά

490 2376 750 2446 Ματθαίῳ
784 2376 1052 2446 κείμενον.
1079 2374 1186 2428 Καὶ
1213 2375 1321 2446 γάρ
1351 2377 1444 2428 καὶ
1473 2377 1528 2429 ἐν
1551 2379 1659 2440 τοίς
1686 2379 1968 2448 μετάλλοις

384 2470 628 2538 ὅπουπερ
660 2468 723 2520 ἂν
752 2466 902 2538 εὖροι
927 2485 1007 2529 τις
1035 2465 1277 2537 χρυσίον,
1304 2465 1468 2518 πλέον
1493 2469 1607 2519 ἐκεί
1641 2467 1966 2523 διασκάπτει

387 2561 548 2614 πάλιν
569 2572 582 2587 '
619 2559 714 2612 καὶ
744 2554 859 2612 οἶδα
889 2558 986 2628 μὲν
1015 2559 1096 2610 ὅτι
1123 2556 1308 2609 πολλοὶ
1341 2557 1449 2609 τῶν
1483 2558 1667 2622 ἁπλῶς
1699 2562 1965 2628 ἀναγινω-

389 2651 623 2706 σκόντων
647 2651 744 2703 ἕνα
770 2649 862 2703 καὶ
885 2648 974 2702 16v
1005 2649 1164 2702 αὑτὸν
1185 2643 1320 2700 εἶναι
1351 2649 1628 2718 νομίζουσι
1656 2650 1965 2721 παράλυτον

367 2741 540 2812 παρὰ
591 2744 701 2803 τοῖς
743 2740 1032 2812 τέσσαρσιν
1077 2737 1483 2807 εύαγγελισταίς
1531 2739 1815 2810 κείμενον·
1865 2742 1966 2794 οὐκ

384 2833 502 2886 ἐστι
542 2833 619 2885 δέ.
663 2832 752 2885 Διδ
795 2832 899 2902 χρὴ
945 2831 1291 2900 διαναστῆναι
1345 2831 1438 2882 καὶ
1478 2832 1768 2902 προσέχειν
1825 2833 1963 2904 μετὰ

384 2923 688 2995 ἀκριϐείας.
720 2923 794 2974 U6
844 2922 952 2993 γάρ
1005 2921 1147 2992 ὑπὲρ
1190 2921 1298 2975 τῶν
1346 2922 1614 2992 τυχόντων
1661 2925 1694 2994 ή
1741 2923 1964 2995 ζήτησίς

385 3018 551 3076 ἐστιν,
579 3014 712 3068 ἀλλά
739 3014 832 3068 καὶ
868 3013 1002 3084 1:96;
1035 3012 1320 3083 Ἕλληνας,
1354 3014 1445 3065 καὶ
1476 3013 1610 3084 πρὸς
1654 3014 1959 3080 Ἰουδαίους,

384 3106 476 3158 καὶ
512 3105 644 3176 1196;
690 3105 914 3168 πολλοὺς
959 3104 1065 3156 τῶν
1107 3103 1399 3174 αἰρετικῶν
1429 3105 1693 3175 χρήσιμος
1738 3106 1766 3157 6
1807 3105 1961 3174 λόγος

379 3189 535 3260 0610;
566 3196 735 3259 ἔσται,
766 3195 864 3266 τὴν
899 3195 1277 3266 προσήκουσαν
1306 3193 1458 3248 λύσιν
1487 3194 1686 3247 λαϐών.
1719 3195 1826 3248 Καὶ
1855 3196 1962 3264 γὰρ

384 3284 527 3340 οὕτω
567 3286 760 3348 πάντες
804 3287 914 3348 τοῖς
951 3283 1363 3353 εύαγγελισταῖς
1393 3283 1713 3353 ἐγκαλοῦσιν
1745 3285 1821 3347 ὡς
1861 3302 1962 3355 μα·-

382 3377 629 3448 χομένοις
669 3377 761 3429 καὶ
806 3374 1161 3445 διαφωνοῦσιν
1184 3391 1195 3403 ·
1221 3375 1320 3428 06x
1352 3373 1465 3427 ἔστι
1496 3374 1573 3436 δέ,
1614 3374 1688 3445 μὴ
1728 3375 1956 3443 γένοιτο,

379 3469 492 3523 ἀλλ’
515 3470 561 3522 εἰ
595 3469 686 3520 καὶ
719 3467 952 3538 διάφορα
986 3466 1052 3519 τὰ
1085 3467 1371 3538 πρόσωπα,
1403 3467 1500 3537 μία
1529 3467 1622 3520 τοῦ
1647 3467 1961 3538 [Ινεύματος

379 3559 415 3630 ἡ
443 3559 599 3629 χάρις
621 3557 786 3618 ἐστὶν,
813 3558 844 3626 ἡ
876 3556 973 3625 τὴν
998 3555 1227 3608 ἑκάστου
1257 3556 1481 3608 κινοῦσα
1511 3556 1688 3626 ψυχήν
1707 3573 1720 3585 ·
1748 3557 1880 3609 ὅπου
1901 3555 1957 3607 δὲ

377 3650 472 3704 τοῦ
505 3648 643 3701 Πνεύ
653 3664 818 3718 ματος
851 3647 1032 3717 χάρις,
1054 3647 1261 3717 ἀγάπη,
1287 3646 1451 3717 χαρὰ,
1475 3647 1662 3720 εερήνη
1685 3662 1696 3674 .
1723 3646 1847 3698 πόλε
1859 3663 1957 3716 μσς

379 3741 474 3794 καὶ
501 3736 1035 3808 ἀμφισϐήτησιςοούκ
1064 3734 1198 3802 ἔστι,
1229 3736 1322 3790 καὶ
1353 3736 1499 3807 μάχη
1533 3737 1627 3790 καὶ
1661 3736 1956 3806 φιλονεικία

378 3847 483 3894 τις.
515 3829 636 3892 Πῶς
659 3823 750 3881 οὖν
787 3827 1086 3898 ποιήσομεν
1118 3827 1368 3896 φανερὸν,
1399 3829 1476 3880 ὅτι
1504 3829 1603 3880 οὐκ
1631 3827 1774 3880 ἔστιν
1805 3829 1832 3880 6
1857 3845 1957 3880 πα-

382 3919 606 3991 ράλυτος
635 3912 784 3980 0610;
805 3918 1029 3978 ἐκεῖνος,
1054 3915 1168 3968 ἀλλ’
1188 3914 1277 3968 ’ἐτε
1288 3932 1378 3986 ρος
1401 3917 1526 3987 παρ’
1549 3917 1782 3982 ἑκεῖνονς
1823 3916 1954 3970 ’Λπδ

379 4003 588 4057 πολλῶν
615 4001 876 4072 σημείων,
904 4003 996 4055 καὶ
1021 4003 1208 4067 τόπου,
1241 4004 1336 4056 κα)⁸
1360 4002 1571 4074 χρόνον,
1600 4005 1694 4058 καὶ
1725 4005 1949 4076 καιρῶν,

373 4096 472 4149 ,καὶ
501 4094 732 4165 ἡμέρας,
760 4095 854 4146 καὶ
883 4094 990 4146 ἀπὸ
1014 4091 1107 4145 τοῦ
1145 4093 1348 4165 τρόπου
1382 4094 1478 4164 τῆς
1509 4093 1823 4164 θεραπείας,
1860 4095 1952 4148 καὶ

377 4186 484 4240 ἀπὸ
509 4185 610 4254 τῆς
633 4184 932 4254 παρουσίας
970 4185 1061 4236 τοῦ
1093 4184 1300 4254 ἰατροῦ,
1337 4184 1430 4237 καὶ
1456 4185 1562 4236 ἀπὸ
1591 4187 1688 4256 τῆς
1717 4185 1949 4257 ἐρημίας

377 4278 469 4330 τοῦ
521 4275 965 4348 θεραπευθέντος.
1012 4276 1117 4328 Καὶ
1167 4275 1218 4326 τί
1264 4273 1450 4341 τοῦτο;
1491 4275 1649 4346 φησί·
1709 4278 1802 4329 καὶ
1841 4277 1948 4350 γὰρ

377 4369 538 4438 ἕτερα
569 4369 769 4437 σημεῖα
806 4367 924 4438 ούχὶ
964 4366 1235 4436 διαφόρως
1263 4366 1601 4434 ἀπήγγειλαν
1631 4366 1814 4420 πολλοὶ
1841 4369 1947 4422 τῶν

378 4455 815 4527 εύαγγελιστῶν;
869 4457 1004 4510 Ἀλλ’
1040 4457 1228 4527 ἕτερόν
1271 4459 1387 4510 ἐστι
1435 4457 1704 4529 διαφόρως
1752 4461 1944 4525 εἰπεῖν,

380 4549 470 4600 καὶ
498 4547 680 4618 ἕτερον
716 4547 1001 4610 ἐναντίως·
1051 4549 1226 4602 ἐκεῖνο
1271 4548 1370 4620 μέν
1403 4548 1509 4620 γάρ
1555 4549 1846 4617 διαφωνίαν
1885 4552 1945 4604 ού

377 4641 518 4690 ποιεῖ
547 4655 687 4700 τινα,
717 4639 834 4690 ούδέ
871 4639 1046 4709 μάχην
1067 4655 1080 4667 ·
1109 4639 1264 4692 τοῦτο
1292 4640 1349 4692 δέ
1379 4641 1439 4693 16
1471 4640 1563 4694 νῦν
1592 4642 1946 4712 προκείμενον

376 4732 506 4799 ἡμῖν
551 4728 750 4798 πολλὴν
797 4728 909 4797 ἔχει
951 4729 1046 4799 τὴν
1093 4731 1434 4794 ἐναντίωσιν,
1487 4734 1534 4784 εἰ
1586 4733 1658 4803 μὴ
1711 4733 1942 4806 δειχθείη

378 4820 560 4887 ἔτερος
607 4817 681 4870 ὢν
728 4819 756 4870 6
803 4820 860 4870 ἐν
912 4821 978 4889 τῇ
1023 4818 1374 4892 κολυμϐήθρα
1410 4823 1774 4891 παραλυτικὸς
1816 4833 1942 4898 παρ’

378 4911 583 4964 ἐκεῖνον
617 4909 704 4962 16v
746 4911 802 4962 ἐν
846 4913 959 4973 τοῖς
987 4912 1166 4983 τρισὶν
1191 4912 1695 4984 ἀναγεγραμμένον.
1723 4916 1833 4969 Καὶ
1859 4917 1946 4969 ἴνα

381 4999 586 5070 μάθητε
636 4999 689 5052 τί
741 4999 869 5052 ποτέ
909 5002 1023 5053 ἐστι
1067 5001 1353 5073 διαφόρως,
1386 5005 1482 5059 καὶ
1526 5005 1577 5057 τί
1622 5005 1752 5058 ποτέ
1795 5007 1943 5059 ἐστιν

376 5089 630 5151 ἐναντίως
662 5089 854 5151 εἰπεῖν,
884 5088 988 5139 τῶν
1026 5089 1428 5158 εύαγγελιστῶν
1461 5090 1577 5163 [58]
1610 5095 1638 5146 6
1670 5093 1767 5164 μὲν
1802 5095 1882 5147 ὅτι
1914 5098 1943 5148 6

375 5180 604 5252 Χριστὸς
628 5180 716 5234 τὸν
747 5180 974 5251 σταυρὸν
1003 5181 1294 5246 ἐϐάσταζεν
1316 5179 1488 5247 εἶπεν,
1525 5185 1554 5236 6
1574 5183 1631 5236 δέ
1659 5185 1739 5238 ὅτι
1763 5185 1942 5256 Σίμων

373 5269 404 5322 ὁ
436 5271 765 5342 Κυρηναῖος·
799 5269 1029 5323 τοῦτοδὲ
1060 5270 1370 5325 ἐναντίωσίν
1396 5289 1516 5326 τινα
1539 5275 1601 5327 06
1636 5277 1939 5339 ποιεῖ,γούδέ

376 5360 578 5432 μάχην.
621 5360 728 5413 Καὶ
755 5360 869 5423 πῶς
891 5361 992 5414 ούκ
1014 5360 1157 5414 ἐστιν
1189 5363 1446 5429 ἐναντίον,
1481 5366 1634 5435 φησὶ,
1665 5367 1724 5420 16
1749 5365 1941 5438 βαστά-

375 5453 487 5520 ζειν
517 5455 594 5526 τῷ
635 5454 707 5524 μὴ
736 5453 1055 5524 βαστάζειν;
1086 5457 1207 5512 Ὅτι
1255 5458 1538 5531 ἀμφότερα
1592 5462 1799 5530 γέγονε.
1828 5463 1939 5517 Καὶ

374 5545 696 5610 ἐξελθόντων
727 5547 824 5616 μὲν
850 5549 912 5600 ἐκ
947 5549 1041 5602 τοῦ
1079 5551 1431 5622 πραιτωρίου,
1459 5556 1486 5606 6
1521 5554 1752 5626 Χριστὸς
1785 5555 1946 5609 ἐϐάσ-

374 5636 499 5698 ταζε
512 5653 523 5664 ·
538 5636 826 5704 προϊόντων
839 5637 918 5702 δέ,
931 5643 958 5692 6
971 5640 1147 5710 Σίμων
1164 5642 1350 5696 ἔλαϐεν
1369 5645 1461 5697 ἀπ’
1474 5645 1634 5697 αὐτοῦ
1650 5645 1741 5697 καί
1753 5645 1844 5713 ἕφε
1852 5663 1908 5716 ρε
1920 5682 1936 5700 .

374 5725 539 5779 Πάλιν
573 5726 661 5780 ἐπὶ
684 5725 790 5782 τῶν
811 5731 1044 5802 λῃστῶν,
1067 5734 1094 5785 ὁ
1119 5735 1220 5804 μέν
1244 5751 1426 5806 φησιν,
1457 5737 1536 5789 ὅτι
1566 5738 1613 5789 οἰ
1649 5737 1740 5792 δύο
1775 5741 1930 5795 αὑτὸν

2092 460 2495 534 ἐϐλασφήμουν·
2515 468 2542 519 6
2557 465 2612 518 δέ
2631 468 2711 521 ὅτι
2728 471 2756 522 6
2773 465 2851 532 είς
2868 470 2965 522 ἐπε
2976 469 3189 540 στόμιζε
3207 470 3296 524 τὸν
3313 479 3672 548 κατηγοροῦν-

2087 569 2172 604 τα.
2204 552 2341 606 Ἀλλ’
2361 555 2482 608 ούδέ
2493 556 2648 610 τοῦτο
2679 559 2838 613 πάλιν
2855 562 3114 617 ἐναντίον.
3135 563 3288 617 Διατί
3306 583 3321 632 ;
3339 565 3463 621 Ὀτι
3480 576 3573 624 καὶ
3589 573 3675 625 ἐν-

2087 642 2560 732 ταῦθαᾼάμφότερα
2576 648 2765 717 γέγονε
2784 653 2876 706 καὶ
2893 653 3044 724 παρὰ
3063 655 3163 724 μέν
3177 655 3274 725 τὴν
3291 657 3467 731 ἀρχὴν
3489 661 3670 732 ἀμφό-

2085 750 2142 786 τε
2154 751 2235 806 ροι
2256 730 2396 806 ἦσαν
2435 738 2484 790 οἰ
2504 741 2930 812 πονηρευόμενοι
2949 759 2963 773 ·
3000 745 3394 814 μετάδέταῦτα
3425 730 3672 820 σημείων

2085 827 2392 896 γενομένων
2417 828 2510 881 καὶ
2540 830 2639 899 τῆς
2655 831 2759 902 γῆς
2787 832 3170 905 κλονουμένης,
3208 835 3302 890 καὶ
3325 837 3432 891 τῶν
3452 841 3668 910 πετρῶν

2087 917 2439 988 σχιζομένων,
2471 920 2567 973 καὶ
2600 922 2750 994 ήλίου
2784 926 3160 996 κρυπτομένου
3180 968 3195 993 ,
3231 926 3456 1000 θάτερος
3486 931 3668 987 αὐτῶν

2087 1008 2388 1079 μετεϐλήθη
2416 1053 2433 1079 ,
2485 1013 2580 1066 καὶ
2637 1014 3075 1087 σωφρονέστερος
3124 1016 3314 1085 γέγονε
3339 1058 3354 1082 ,
3417 1021 3513 1074 καί
3571 1023 3664 1079 16v

2083 1103 2495 1174 ἐσταυρωμένον
2521 1105 2756 1173 ἐπέγνω,
2785 1105 2880 1158 καὶ
2905 1107 3002 1174 τὴν
3043 1106 3320 1177 βασιλείαν
3346 1110 3663 1184 ὡμολόγησε

2080 1190 2178 1260 τήν
2204 1191 2558 1248 ἐκείνου.Ἶνα
2601 1193 2709 1264 γὰρ
2758 1194 2833 1266 μὴ
2878 1196 3124 1268 νομίσῃς,
3165 1197 3246 1250 ὅτι
3297 1198 3512 1274 ἀνάγκη
3558 1204 3666 1257 τινὶ

2081 1278 2175 1331 καὶ
2197 1280 2306 1351 ὶβία
2348 1281 2493 1345 τινὸς
2524 1281 2736 1335 ἔνδοθεν
2763 1282 3027 1347 ὠθοῦντος
3058 1284 3219 1338 αὐτὸν
3243 1285 3400 1342 τοῦτο
3428 1288 3657 1356 γίνεται,

2083 1368 2215 1440 μηδέ
2260 1370 2544 1443 διαπορῇς,
2575 1371 2810 1425 δείκνυσί
2857 1388 2938 1425 σοι
2980 1373 3073 1425 καί
3118 1377 3174 1427 ἐν
3217 1373 3294 1444 τῷ
3321 1376 3539 1448 σταυρῷ
3562 1378 3660 1450 τὴν

2079 1462 2342 1534 πονηρίαν
2379 1463 2542 1516 αὑτοῦ
2587 1463 2667 1516 έτι
2705 1463 3064 1535 διατηροῦντα
3111 1464 3208 1536 τήν
3248 1467 3540 1540 προτέραν,
3572 1471 3660 1526 ἴνα

2077 1551 2241 1622 εἰδῇς,
2284 1553 2366 1606 ὅτι
2415 1551 2624 1606 οἴκοθεν
2669 1554 2763 1607 καὶ
2807 1553 2939 1625 παρ’
2967 1554 3158 1608 ἐαυτοῦ
3203 1557 3656 1630 μεταϐαλόμενος,

2077 1643 2171 1694 καὶ
2211 1643 2311 1714 τῆς
2350 1642 2444 1696 τοῦ
2479 1642 2614 1696 Θεοῦ
2649 1643 2870 1718 χάριτος
2899 1645 3231 1713 ἀπολαύσας,
3260 1647 3403 1703 οὕτω
3435 1650 3659 1720 βελτίων

2075 1727 2308 1795 ἐγένετο.

2142 1816 2202 1872 δ’.
2237 1818 2342 1870 Καὶ
2372 1817 2533 1890 έτερα
2553 1819 2721 1873 πολλὰ
2742 1819 2967 1875 τοιαῦτα
3024 1822 3167 1878 ἐστιν
3189 1825 3253 1878 ἐκ
3279 1825 3387 1879 τῶν
3411 1827 3656 1896 Εὐάγγε-

2071 1900 2200 1952 λίων
2228 1901 2601 1970 ἀναλέγεσθαι,
2642 1902 2678 1955 ά
2703 1902 2848 1956 δοκεῖ
2903 1905 3001 1975 μὲν
3028 1907 3397 1972 ἐναντιώσεως
3421 1911 3657 1981 ὑποψίαν

2075 1983 2250 2053 ἔχειν,
2274 1984 2374 2037 ούκ
2401 1983 2515 2036 ἔστι
2536 1984 2592 2037 δέ
2623 1986 2952 2052 ἐναντίωσις,
2980 1988 3117 2042 ἀλλὰ
3139 1991 3231 2043 καὶ
3258 1991 3326 2046 τὰ
3356 1992 3504 2064 παρὰ
3529 1994 3655 2047 τού-

2073 2082 2173 2118 του
2205 2065 2299 2119 καὶ
2323 2067 2392 2119 τὰ
2417 2066 2546 2138 παρ’
2577 2068 2782 2120 ἐκείνου
2813 2071 3078 2141 εἰρημένα
3105 2073 3428 2144 γεγένηται·
3459 2077 3510 2128 εί
3543 2075 3600 2128 δέ
3625 2090 3652 2116 ι

2073 2147 2150 2218 μὴ
2189 2149 2329 2201 κατὰ
2361 2149 2458 2220 τὴν
2494 2150 2662 2220 αὐτὴν
2691 2150 2859 2221 ὥραν,
2894 2153 2988 2205 καὶ
3010 2155 3038 2206 ὀ
3077 2156 3176 2223 μέν
3210 2157 3494 2228 πρότερον,
3521 2159 3550 2210 6
3595 2157 3653 2211 δὲ

2067 2230 2130 2283 16
2149 2231 2399 2302 δεύτερον
2423 2234 2643 2303 εἴρηκεν
2666 2249 2680 2264 ·
2706 2233 2938 2287 ἐνταῦθα
2959 2235 3014 2288 δέ
3041 2236 3191 2290 οὐδὲν
3215 2239 3454 2292 τοιοῦτόν
3476 2241 3648 2294 ἐστιν·

2068 2314 2205 2368 ἀλλά
2255 2315 2316 2370 16
2358 2317 2559 2387 πλῆθος
2606 2317 2714 2368 τῶν
2769 2319 3073 2390 εἰρημένων
3118 2322 3358 2392 σημείων
3411 2323 3650 2378 δείκνυσι

2069 2399 2164 2450 καὶ
2202 2401 2314 2462 τοῖς
2350 2398 2600 2451 ὁπωσοῦν
2647 2401 3029 2470 προσέχουσιν,
3059 2403 3140 2455 ὅτι
3183 2405 3368 2476 ἐτερος
3404 2407 3503 2473 μέν
3548 2409 3649 2461 αὐ·-

2066 2481 2156 2543 16;
2187 2477 2273 2552 ἦν,
2305 2483 2491 2553 ἕτερος
2517 2482 2572 2534 δέ
2603 2485 2828 2546 ἐκεῖνος.
2865 2486 2940 2536 U6
2973 2486 3142 2555 μικρά
3170 2487 3226 2539 δέ
3261 2489 3352 2541 καὶ
3387 2488 3520 2560 αὕτη
3551 2491 3646 2558 γέ-

2067 2563 2193 2614 νοιτ’
2225 2562 2289 2615 ἂν
2320 2563 2595 2628 ἀπόδειξις
2632 2565 2768 2634 πρὸς
2795 2565 2855 2618 16
2900 2566 3069 2631 δείξαι
3096 2570 3222 2631 τοὺς
3255 2570 3648 2638 εὐαγγελιστάς

2069 2644 2495 2715 συμφωνοῦντας
2519 2645 2789 2717 ἀλλήλοις,
2816 2648 2908 2700 καὶ
2933 2649 2994 2702 06
3029 2651 3385 2721 μαχομένους.
3416 2654 3514 2708 Ἂν
3545 2655 3646 2724 μέν

2065 2727 2171 2799 γὰρ
2207 2729 2368 2791 0616;
2411 2725 2468 2802 ᾗ,
2499 2729 2666 2801 πολλὴ
2703 2731 2734 2800 ή
2779 2730 2959 2802 μάχη·
3000 2732 3066 2786 ἂν
3102 2733 3159 2787 δέ
3189 2735 3374 2807 ἕτερος
3415 2738 3642 2803 ἐκεῖνος,

2065 2813 2213 2863 πάσα
2243 2813 2655 2884 ἀμφισϐήτησις
2689 2813 2926 2870 λέλυται.

2131 2895 2269 2966 Φέρε
2299 2891 2393 2948 οὖν
2425 2896 2598 2960 αὑτάς
2629 2897 2727 2960 τὰς
2756 2898 2935 2960 αἰτίας
2964 2898 3226 2966 εἴπωμεν,
3262 2902 3330 2954 δι’
3359 2901 3424 2966 ἃς
3455 2902 3516 2956 06
3544 2922 3643 2973 φα-

2067 2997 2166 3050 μεν
2203 2980 2390 3034 τοῦτον
2431 2975 2571 3034 εἶναι
2604 2982 2831 3034 ἐκεῖνον.
2861 2981 3017 3045 Τίνες
3041 2978 3133 3036 οὖν
3163 2986 3300 3037 εἰσιν
3336 2979 3533 3054 αὖταις
3581 2991 3640 3042 '0

2064 3063 2164 3134 μέν
2191 3063 2251 3116 ἐν
2296 3062 2690 3135 Ἱεροσολύμοις
2735 3062 3115 3134 θεραπεύεται,
3143 3061 3295 3129 0610;
3336 3068 3392 3121 δέ
3421 3072 3478 3122 ἐν
3528 3071 3636 3124 Κα-

2062 3145 2365 3217 περναοὺμ,
2416 3147 2509 3199 καὶ
2557 3146 2586 3198 6
2623 3147 2720 3216 μέν
2751 3145 2901 3217 παρὰ
2953 3148 3052 3219 τὴν
3098 3148 3484 3222 κολυμϐήθραν
3529 3155 3636 3206 τῶν

2061 3229 2287 3292 ὑδάτων,
2311 3223 2467 3294 0610;
2487 3231 2544 3284 δέ
2566 3232 2622 3283 ἐν
2649 3230 2878 3300 οἰκίσκῳ
2901 3231 3033 3282 τινί·
3068 3233 3176 3285 ἰδοὺ
3200 3233 3309 3286 ἀπὸ
3329 3235 3422 3288 τοῦ
3447 3235 3632 3290 τόπου·

2062 3313 2316 3375 κάκεῖνος
2348 3313 2448 3382 μὲν
2477 3314 2534 3364 ἐν
2561 3315 2721 3384 ἑορτῇ
2743 3331 2758 3345 ·
2795 3314 2903 3366 ἰδοὺ
2933 3315 3040 3367 ἀπὸ
3061 3315 3154 3369 τοῦ
3181 3317 3374 3388 καιροῦ
3404 3336 3408 3340 ·
3446 3322 3632 3373 κάκεῖ-

2059 3410 2146 3456 νος
2181 3394 2279 3463 μὲν
2329 3393 2622 3464 τριάκοντα
2663 3395 2757 3447 καί
2789 3394 2932 3448 ὀκτὼ
2966 3396 3060 3467 έτη
3102 3393 3247 3468 εἶχεν
3281 3401 3340 3452 ἐν
3370 3403 3431 3470 τῇ
3467 3401 3629 3455 ἀσθε-

2058 3477 2204 3546 νείᾳ·
2237 3478 2366 3549 περὶ
2393 3477 2582 3530 τούτου
2606 3478 2661 3530 δέ
2691 3478 2840 3531 ούδέν
2871 3479 3110 3532 τοιοῦτον
3143 3483 3171 3535 6
3200 3483 3594 3555 εὐαγγελιστής
3616 3501 3628 3514 ·
3683 3526 3692 3536 .

2062 3558 2169 3611 ἰδοὺ
2210 3560 2300 3611 καὶ
2326 3559 2436 3613 ἀπὸ
2476 3560 2566 3613 τοῦ
2604 3561 2799 3630 χρόνου
2823 3580 2836 3592 ·
2871 3563 3120 3627 κάκεῖνος
3165 3567 3261 3635 μὲν
3289 3567 3628 3641 ἐθεραπεύθη

2057 3641 2115 3692 ἐν
2150 3641 2431 3712 σαϐϐάτῳ·
2471 3643 2578 3696 ἰδοὺ
2621 3644 2711 3697 καὶ
2751 3645 2858 3698 ἀπὸ
2891 3645 3140 3716 ἡμέρας·
3180 3651 3226 3701 εἰ
3259 3649 3364 3721 γάρ
3398 3654 3454 3703 ἐν
3499 3652 3630 3705 σαϐ-

2056 3723 2203 3793 ϐάτῳ
2234 3723 2576 3796 ἐθεραπεύθη
2609 3729 2700 3781 καὶ
2722 3723 2894 3794 0610;,
2931 3730 3040 3782 οὐδ’
3065 3732 3130 3784 ἂν
3163 3733 3315 3787 τοῦτο
3355 3737 3630 3807 παρεσιώ-

2056 3824 2227 3877 πησεν
2265 3811 2293 3861 6
2345 3810 2643 3873 Ματθαίος,
2685 3812 2791 3864 066'
2844 3813 2910 3866 ἂν
2955 3815 3234 3884 ἡσύχασαν
3275 3819 3324 3869 οἰ
3368 3820 3628 3890 παρόντες

2066 3893 2334 3946 Ἰουδαῖοι·
2365 3895 2414 3945 οἰ
2453 3893 2559 3966 γὰρ
2589 3895 2684 3947 καὶ
2712 3895 2786 3964 μὴ
2819 3897 2875 3948 ἐν
2918 3898 3169 3970 σαϐϐάτῳ
3201 3898 3627 3970 θεραπευθέντος

2053 3975 2214 4028 06106
2247 3975 2674 4048 δυσχεράναντες
2703 3977 2769 4030 δι’
2799 3977 2964 4049 ἄλλην
2991 3981 3189 4044 αἰτίαν,
3221 3982 3401 4053 πολλῷ
3429 3984 3626 4054 μᾶλλον

2053 4060 2101 4109 εἰ
2127 4058 2222 4110 καί⁹
2251 4058 2350 4129 τὴν
2383 4060 2488 4111 ἀπὸ
2519 4059 2611 4113 τοῦ
2639 4060 2832 4131 καιροῦ
2853 4063 3022 4132 λαϐὴν
3049 4063 3226 4134 ἔσχον,
3254 4067 3354 4120 ούκ
3389 4067 3455 4121 ἂν
3481 4070 3624 4137 ἐφεί-

2053 4157 2214 4194 σαντο
2251 4142 2358 4194 τῶν
2391 4142 2750 4213 ἐγκλημάτων
2797 4146 2902 4198 τῶν
2937 4147 3074 4201 κατὰ
3100 4147 3193 4201 τοῦ
3229 4150 3485 4221 Χριστοῦ.
3516 4152 3624 4206 Καὶ

2050 4217 2203 4285 0610;
2237 4223 2334 4293 μὲν
2366 4224 2502 4294 πρὸς
2551 4226 2640 4277 16v
2675 4228 2908 4298 Χριστὸν
2951 4229 3203 4299 φέρεται·
3255 4217 3391 4304 πρὸς
3419 4236 3622 4288 ἐκεῖνον

2049 4304 2105 4358 δέ
2131 4307 2290 4370 0616;
2317 4307 2344 4359 6
2376 4307 2609 4378 Χριστὸς
2645 4310 3024 4380 παραγίνεται,
3051 4313 3290 4384 κάκείνῳ
3325 4317 3423 4385 μὲν
3451 4318 3622 4382 οὐδεὶς

2049 4387 2334 4460 ἄνθρωπος
2358 4387 2425 4462 ἦν
2448 4393 2475 4444 6
2506 4390 2786 4464 βοηθήσων
2806 4411 2819 4424 ·
2846 4396 3021 4463 Κύριε
3042 4396 3170 4468 γάρ,
3195 4398 3379 4469 φησὶν,
3402 4400 3620 4468 ἀνθρωο

2049 4489 2167 4524 πον
2185 4475 2295 4526 οὐκ
2323 4474 2466 4542 ἔχω·
2499 4471 2650 4539 0610;
2679 4477 2733 4529 δέ
2769 4477 2994 4542 πολλοὺς
3025 4475 3136 4550 εἶχε
3161 4482 3286 4544 106;
3318 4485 3618 4553 προσήκον-

2047 4571 2163 4619 τας,
2192 4555 2240 4607 οἳ
2264 4557 2355 4610 καὶ
2370 4556 2458 4610 διὰ
2476 4557 2569 4610 τοῦ
2601 4559 2823 4627 στέγους
2843 4561 3002 4613 αὐτὸν
3028 4561 3319 4632 ἐχάλασαν.
3349 4567 3618 4622 Κάκείνου

2051 4641 2147 4709 μὲν
2178 4641 2282 4713 πρὸ
2314 4641 2413 4711 τῆς
2435 4642 2611 4713 ψυχῆς
2633 4643 2693 4696 16
2729 4644 2885 4714 σῶμα
2901 4644 3173 4715 διώρθωσε
3193 4664 3207 4677 ·
3226 4648 3486 4719 πρότερον
3509 4650 3618 4720 γάρ

2046 4725 2210 4776 06106
2241 4723 2336 4795 τὴν
2369 4725 2482 4797 [59]
2511 4727 2816 4797 παράλυσιν
2849 4727 3096 4797 σφίγξας,
3125 4730 3244 4784 τότε
3274 4733 3464 4802 φησίν·
3497 4733 3614 4789 Ἴδε

2046 4807 2219 4875 ὑγιὴς
2257 4809 2526 4876 γέγονας,
2556 4808 2767 4877 μηκέτι
2800 4810 3128 4878 ἁμάρτανε·
3167 4813 3400 4870 ἐνταῦθα
3427 4815 3482 4870 δὲ
3513 4819 3608 4887 οὐχ

2044 4891 2234 4953 οὕτως,
2262 4889 2398 4942 ἀλλὰ
2445 4891 2712 4962 πρότερον
2758 4893 2921 4946 αύτοῦ
2968 4896 3065 4965 τὴν
3113 4895 3288 4967 ψυχὴν
3325 4899 3614 4969 ἰασάμενος

2046 4972 2200 5043 (φησὶ
2248 4973 2356 5042 γὰρ
2395 4971 2571 5042 αὐτῷ·
2612 4971 2851 5040 Θάρσει,
2888 4976 3120 5041 τέκνον,
3172 4980 3466 5048 ἀφέωνταί
3519 4999 3615 5037 σοι

2043 5057 2101 5106 αἱ
2130 5053 2402 5134 ἁμαρτίαι
2449 5056 2610 5124 σου),
2643 5057 2761 5108 τότε
2812 5058 2909 5128 τὴν
2943 5061 3242 5132 παράλυσιν
3282 5062 3610 5134 διώρθωσεν.

2045 5136 2166 5187 Ὅτι
2196 5137 2294 5207 μέν
2328 5133 2421 5190 οὗν
2469 5138 2568 5190 οὐκ
2610 5137 2755 5191 ἔστιν
2787 5135 2942 5204 0610;
2991 5145 3217 5208 ἐκεῖνος,
3253 5147 3360 5199 ἀπὸ
3407 5148 3612 5202 τούτων

2048 5217 2170 5287 ἡμῖν
2203 5217 2389 5302 σαφῶς
2425 5219 2824 5286 ἀποδέδεικται,
2867 5223 2948 5275 δεῖ
2978 5223 3034 5277 δέ
3061 5225 3243 5280 λοιπὴν
3267 5229 3358 5281 ἐπὶ
3386 5230 3482 5300 τὴν
3515 5232 3600 5302 09-

2040 5300 2139 5369 χὴν
2171 5301 2263 5353 τοῦ
2290 5302 2626 5373 διηγήματος
2657 5303 2908 5369 ἐλθόντας
2949 5307 3094 5373 ἰδετν,
3120 5309 3237 5374 πῶς
3277 5310 3375 5380 μέν
3400 5300 3611 5379 τοῦτον,

2041 5382 2155 5445 πῶς
2180 5383 2235 5435 δέ
2259 5384 2461 5437 ἐκεῖνον
2485 5385 2847 5456 ἐθεράπευσεν
2868 5389 2896 5439 6
2924 5389 3178 5458 Χριστὸς,
3207 5395 3300 5446 καὶ
3321 5395 3409 5448 διὰ
3428 5395 3480 5448 τί
3504 5396 3612 5451 δια-

2039 5464 2218 5535 φόρως
2237 5483 2248 5496 '
2279 5465 2367 5521 διά
2396 5468 2450 5520 τί
2477 5468 2566 5521 16v
2600 5471 2697 5540 μὲν
2727 5473 2783 5522 ἐν
2816 5472 3087 5545 σαϐϐάτῳ,
3124 5477 3329 5530 ἐκεῖνον
3349 5478 3404 5530 δέ
3430 5481 3529 5533 οὐκ
3553 5482 3610 5532 ἐν

2041 5547 2312 5618 σαϐϐάτῳ,
2354 5551 2446 5602 καὶ
2487 5552 2624 5621 πρὸς
2655 5554 2859 5607 ἐκεῖνον
2897 5555 2994 5624 μὲν
3025 5558 3186 5624 0616;
3229 5555 3382 5629 ἦλθε,
3424 5561 3608 5617 τοῦτον

2100 5759 2121 5787 ⁸
2152 5745 2283 5821 ιόςρ
2312 5761 2349 5807 εἰ
2374 5756 2468 5823 καί,
2500 5765 2548 5810 ct
2574 5774 2682 5812 mox
2706 5765 2730 5811 ὀ
2749 5764 2830 5825 μὲν
2857 5763 2907 5812 τὸ
2931 5765 3169 5830 πρότερον.
3195 5762 3328 5815 Eun.
