4054 6216
323 242 392 296 53
1227 243 1292 298 IN
1333 243 1818 300 PARALYTICUSI
1863 241 2212 300 DEMISSUM
2254 241 2386 300 PER
2428 240 2736 298 TEC'I'UM.
3553 238 3624 292 55

323 362 430 432 jam
459 375 586 416 vero
608 359 809 414 ideirco
833 359 1089 429 prmdicit,
1119 368 1174 414 ut
1203 362 1725 431 publicatiouisillius
1749 371 1914 426 metu,

325 455 370 507 si
403 454 580 510 minus
611 452 853 522 supplicii
875 460 1021 506 metu
1039 452 1302 523 castigati,
1323 453 1499 507 omnia
1523 453 1912 522 abstergamus.

330 548 445 602 Hoc
469 555 524 601 et
563 547 616 600 in
659 545 922 614 baptismo
953 545 1046 601 ﬁt:
1090 544 1353 614 siquidem
1384 545 1450 600 ad
1479 561 1738 614 aquarum
1769 545 1917 598 lava-

327 653 480 692 crum
498 636 762 690 hominem
788 633 1026 698 deducit,
1052 650 1150 690 nec
1164 635 1254 688 ulli
1278 637 1394 702 ejus
1415 643 1630 704 peccata
1651 634 1916 704 patefacit:

331 727 426 781 sed
459 725 654 780 donum
698 724 914 794 quidem
960 724 1302 780 manifestum
1347 725 1597 780 omnibus
1626 724 1799 779 reddit
1827 766 1842 790 ,
1867 733 1922 778 et

332 829 548 874 notum:
583 826 798 886 peccata
828 831 958 871 vero
988 825 1190 886 praater
1216 832 1275 871 se
1295 825 1349 872 et
1375 817 1571 886 ipsum,
1603 817 1686 870 cui
1723 816 1920 871 remis-

329 911 407 962 sio
436 909 704 973 tribnitur,
742 924 901 962 nemo
918 909 1055 962 alius
1073 909 1240 962 novit.
1269 909 1380 963 lloc
1403 918 1458 964 et
1486 909 1536 963 in
1570 911 1671 964 isto
1700 908 1916 965 accidit:

328 998 676 1070 reprehensio
699 1001 918 1054 remotis
945 999 1160 1054 arbitris
1185 999 1488 1062 adhibetur,
1515 1001 1622 1054 imo
1651 1014 1779 1054 vero
1814 1014 1917 1053 non

325 1091 675 1162 reprehensio
699 1101 901 1146 tantum
923 1133 937 1155 ,
965 1092 1058 1148 sed
1081 1102 1133 1147 et
1150 1094 1422 1148 excusatio
1444 1092 1684 1163 qumdam
1707 1103 1789 1148 est
1807 1093 1920 1148 hare

325 1187 500 1241 oratio
525 1228 540 1250 .
571 1186 726 1256 quasi
752 1186 822 1242 ob
849 1194 1046 1240 tantam
1076 1186 1277 1241 illatam
1302 1185 1644 1240 alﬁictionem
1672 1201 1730 1241 se
1759 1199 1919 1239 excu-

325 1285 493 1341 saret,
525 1278 679 1344 eique
697 1276 920 1344 diceret,
943 1287 999 1330 et
1023 1276 1345 1348 signiﬁcaret
1373 1292 1476 1331 non
1503 1287 1722 1338 temere.
1748 1291 1920 1346 neque

329 1363 531 1422 [rustra
561 1369 876 1438 permissum
901 1383 1020 1423 esse
1040 1409 1054 1432 ,
1085 1376 1143 1422 ut
1170 1369 1282 1438 ipse
1325 1376 1474 1422 tanto
1505 1377 1746 1437 tempore
1779 1367 1920 1421 al‘lli-

327 1468 546 1526 geretur
569 1501 585 1523 ,
616 1468 834 1529 peccata
869 1459 920 1513 in
950 1459 1262 1514 memoriam
1290 1459 1366 1513 illi
1400 1460 1688 1524 revocavit,
1715 1470 1769 1514 et
1794 1475 1921 1514 can-

327 1562 441 1602 sam
472 1549 681 1619 aperuit
713 1549 1055 1604 inﬁrmitatis.
1083 1549 1207 1605 Cum
1233 1551 1374 1606 enim
1403 1593 1418 1616 ,
1445 1551 1632 1621 lnqnit,
1657 1551 1922 1604 invenisset

325 1653 439 1691 eunt
463 1639 515 1692 in
543 1641 762 1709 templo,
793 1641 924 1695 dixit
955 1641 1069 1696 illi:
1102 1640 1227 1695 Noli
1248 1642 1469 1711 amplius
1499 1659 1725 1712 peccare,
1753 1660 1814 1696 ne
1836 1647 1921 1696 de-

329 1729 486 1783 terius
507 1729 594 1782 tibi
621 1731 813 1800 aliquid
849 1734 1106 1802 contingat
1131 1732 1307 1803 (Joan.
1329 1735 1378 1789 5.
1411 1735 1522 1800 Η).

405 1819 606 1875 Transit
655 1823 722 1875 ad
771 1824 1098 1893 posteriorem
1143 1823 1538 1894 Paralyticuin;
1590 1825 1925 1895 [frange/istm

330 1929 431 1967 non
452 1915 582 1967 inter
614 1931 668 1968 se
708 1925 955 1985 pugnant.
1001 1915 1138 1982 Quid
1166 1917 1230 1969 sit
1271 1917 1466 1970 diversa
1493 1917 1630 1987 loqui
1651 1927 1696 1970 et
1722 1926 1923 1969 contra-

329 2005 423 2058 ria.
443 2004 753 2070 —Quando
785 2006 944 2076 igitur
969 2022 1033 2061 ex
1061 2007 1223 2076 priori
1254 2007 1548 2079 paralytico
1576 2017 1778 2062 tantum
1804 2009 1914 2062 fru-

326 2104 468 2149 ctum
491 2095 825 2166 eollegimus,
855 2112 952 2167 age
969 2097 1076 2166 jam
1096 2096 1164 2151 ad
1185 2099 1406 2152 alterum
1435 2099 1597 2153 etiam
1622 2098 1920 2163 veniamus,

327 2186 394 2241 de
419 2201 524 2256 quo
551 2187 690 2256 apud
711 2186 1016 2241 Matthznum
1043 2189 1214 2258 agitur
1242 2188 1263 2260 (
1289 2188 1471 2242 Matth.
1495 2189 1528 2243 9
1561 2189 1603 2260 ).
1631 2188 1762 2244 Nam
1791 2199 1846 2245 et
1872 2191 1921 2244 in

329 2278 669 2332 metallorum
699 2276 895 2332 fodinis
923 2278 1011 2331 ubi
1037 2279 1158 2348 quis
1175 2279 1292 2348 plus
1321 2280 1436 2334 auri
1469 2281 1728 2350 repererit
1761 2321 1777 2346 ,
1819 2282 1926 2336 illic

328 2368 516 2423 eﬁ'odit
541 2382 726 2422 rursus
752 2385 765 2422 :
796 2377 850 2422 et
872 2368 1068 2422 multos
1088 2370 1289 2423 scimus
1317 2384 1524 2436 eorum,
1543 2370 1632 2440 qui
1655 2371 1925 2441 negligi-n-

333 2467 416 2513 ter
440 2459 699 2528 legerunt,
731 2473 892 2512 unum
922 2467 974 2511 et
1017 2457 1261 2512 eumdem
1301 2473 1421 2513 esse
1449 2468 1636 2529 putare
1663 2461 1918 2532 paralyti-

329 2563 476 2615 cum,
509 2549 577 2602 de
606 2563 715 2619 quo
740 2548 879 2617 apud
905 2561 1134 2618 quatuor
1159 2550 1513 2618 evangelistas
1539 2551 1730 2619 agitur.
1763 2552 1921 2620 Atqui

331 2655 437 2696 non
465 2649 547 2696 est
577 2640 740 2694 idem.
772 2640 1128 2708 Quamobrem
1161 2640 1348 2712 erigite
1379 2657 1472 2696 vos
1504 2683 1520 2708 ,
1551 2658 1614 2697 ac
1643 2643 1925 2714 diligenter

328 2733 603 2790 attendite.
651 2735 835 2806 Neque
873 2735 1015 2791 enim
1066 2735 1134 2790 de
1169 2737 1338 2791 rebus
1372 2737 1675 2792 trivialihus
1701 2739 1925 2808 quaestio

331 2827 556 2884 habetur
575 2869 593 2894 ,
621 2827 716 2883 sed
735 2837 787 2882 et
806 2827 1064 2883 adversus
1085 2828 1309 2897 gentiles
1335 2837 1387 2883 et
1411 2828 1668 2883 adversus
1687 2828 1925 2898 Juda‘os,

329 2929 384 2974 et
407 2920 664 2975 adversus
694 2921 892 2975 multos
916 2919 1200 2975 haereticos
1243 2919 1386 2974 utilis
1418 2920 1532 2974 lucc
1571 2920 1675 2974 erit
1704 2920 1878 2981 oratio
1906 2963 1922 2988 ,

332 3010 418 3065 ubi
451 3011 778 3066 conveniens
819 3011 1013 3065 solutio
1043 3009 1204 3065 fuerit
1232 3009 1432 3064 addita.
1465 3009 1596 3064 Nam
1632 3018 1684 3065 et
1719 3010 1790 3065 ita
1836 3027 1924 3065 re-

335 3103 671 3174 prehendunt
697 3119 885 3159 omnes
906 3104 1260 3174 evangelistas
1285 3113 1550 3172 tamquam
1575 3103 1714 3158 inter
1739 3121 1796 3159 se
1820 3123 1918 3174 pu~

331 3205 559 3267 gnantes
599 3211 662 3250 ac
706 3196 1065 3252 dissonantes.
1100 3195 1258 3266 Atqui
1287 3211 1393 3252 non
1421 3197 1490 3250 ita
1523 3211 1610 3252 res
1635 3212 1696 3252 se
1721 3196 1878 3252 habet
1907 3237 1924 3264 ,

332 3286 503 3340 absit:
545 3286 672 3341 licet
716 3285 946 3342 diverse
983 3301 1224 3357 persona:
1260 3285 1397 3354 sint,
1441 3303 1542 3342 una
1577 3298 1658 3342 est
1697 3286 1926 3358 Spiritus

331 3375 522 3448 gratia,
553 3394 654 3450 qua
683 3379 940 3450 cujusque
964 3380 1142 3433 anima
1175 3391 1452 3434 movetur:
1482 3391 1538 3434 at
1578 3381 1664 3436 ubi
1691 3380 1921 3452 Spiritus

330 3481 416 3528 est
438 3474 608 3543 gratia
639 3515 654 3538 ,
687 3473 882 3527 caritas
907 3512 923 3535 ,
954 3472 1201 3543 gaudium
1231 3513 1248 3539 ,
1280 3489 1414 3543 pax;
1445 3471 1645 3528 bellum
1671 3488 1776 3528 non
1805 3483 1889 3529 est
1908 3516 1924 3541 ,

331 3577 433 3618 nec
461 3561 764 3628 discordia,
814 3577 913 3617 nec
942 3577 1112 3633 pugna
1139 3603 1155 3623 .
1199 3577 1298 3618 nec
1327 3563 1437 3618 ulla
1475 3565 1772 3619 contentio.
1809 3565 1926 3633 Quo

332 3654 545 3711 cuidem
586 3656 743 3726 igitur
777 3664 932 3725 pacto
957 3653 1295 3709 manifestum
1342 3654 1626 3710 reddemus
1653 3655 1793 3710 hunc
1820 3673 1924 3711 non

329 3763 450 3805 esse
475 3749 624 3803 illum
656 3749 1033 3820 paralyticum,
1060 3747 1156 3803 sed
1173 3747 1396 3804 alterum
1424 3747 1493 3801 ab
1517 3747 1610 3802 illo
1631 3747 1927 3803 diversum?

331 3841 410 3896 Ex
437 3841 617 3896 multis
640 3839 848 3894 indiciis
872 3855 992 3894 cum
1023 3839 1123 3893 loci
1155 3849 1264 3893 tum
1297 3839 1572 3908 temporis,
1603 3847 1656 3894 et
1681 3839 1923 3893 occasio-

329 3945 456 3986 num
486 3973 501 3993 .
532 3939 588 3984 et
609 3930 712 3984 diei
739 3971 756 3995 ,
791 3940 846 3985 et
873 3946 940 3985 ex
965 3929 1127 3984 modo
1153 3929 1448 3984 curationis
1477 3970 1493 3993 ,
1523 3930 1667 3984 etab
1694 3930 1926 3984 adventu

331 4021 521 4078 medici
554 4065 571 4090 ,
622 4032 677 4077 et
705 4023 822 4092 ejus
846 4024 936 4093 qui
962 4030 1180 4077 curatus
1211 4031 1295 4076 est
1325 4020 1633 4076 solitudine.
1655 4020 1792 4089 Quid
1815 4030 1926 4076 tum

333 4114 556 4184 postea?
581 4115 725 4170 dicet
747 4115 976 4185 aliquis:
1001 4129 1123 4168 nam
1151 4123 1206 4168 et
1233 4113 1338 4168 alia
1364 4112 1512 4184 signa
1541 4127 1721 4169 nonne
1743 4113 1925 4168 diver-

330 4221 390 4260 sa
407 4207 612 4262 ratione
641 4206 792 4261 multi
810 4205 1157 4276 evangelista:
1184 4204 1510 4260 narrarunt?
1535 4205 1605 4259 At
1627 4204 1926 4261 enimalind

329 4307 416 4354 est
443 4298 656 4356 diverse
685 4315 904 4355 narrare
937 4340 950 4364 ,
978 4298 1122 4354 aliud
1147 4298 1417 4353 contrario
1437 4297 1631 4354 modo:
1664 4299 1927 4371 siquidem

334 4390 464 4446 illud
495 4391 879 4447 dissonantiam
907 4390 1105 4446 nullam
1132 4390 1299 4461 gignit
1328 4398 1420 4445 aut
1448 4405 1680 4462 pugnam
1705 4408 1719 4445 :
1745 4392 1798 4446 in
1827 4391 1929 4447 hoc

335 4497 467 4536 vero
484 4482 625 4553 quod
655 4491 738 4538 est
766 4498 874 4554 pra:
901 4481 1170 4548 manibus,
1197 4481 1362 4536 multa
1382 4491 1604 4552 apparet
1629 4497 1929 4554 repugnan-

335 4575 406 4629 tia
441 4616 458 4641 ,
491 4575 591 4630 nisi
627 4574 857 4631 alterum
883 4589 1002 4630 esse
1028 4573 1342 4630 ostendatur
1370 4574 1422 4628 in
1452 4573 1656 4644 piscina
1679 4575 1929 4645 paralyti-

336 4682 460 4722 eum
491 4709 506 4733 ,
534 4683 694 4739 quam
725 4669 770 4723 is
789 4708 806 4735 ,
838 4667 905 4723 de
933 4682 1040 4738 quo
1070 4675 1181 4722 tres
1206 4665 1550 4736 evangelista:
1574 4665 1925 4734 scripserunt.

338 4761 511 4830 Atque
538 4768 595 4813 ut
624 4759 930 4829 intelligatis
965 4759 1092 4830 quid
1135 4758 1205 4813 sit
1234 4755 1446 4812 diverse
1477 4766 1531 4812 ct
1553 4756 1680 4828 quid
1703 4764 1918 4811 contra-

336 4851 416 4905 ric
443 4851 622 4922 loqui:
649 4868 790 4908 unus
816 4868 883 4908 ex
909 4851 1254 4922 evangelistis
1287 4849 1423 4906 dixit
1447 4865 1662 4906 crucem
1691 4859 1931 4921 portasse

338 4940 630 5008 Christum,
649 4943 787 4999 alter
811 4953 991 4999 autem
1011 4943 1283 4998 Simonem
1303 4941 1650 5014 Cyrenzcum:
1677 4942 1778 4997 hoc
1803 4957 1932 4998 vero

341 5035 775 5089 contrarietatem
789 5035 988 5090 nullam
1004 5034 1189 5105 gignit,
1205 5043 1297 5088 aut
1322 5049 1572 5104 pugnam.
1595 5033 1696 5102 Qui
1727 5041 1927 5104 potest,

340 5123 534 5195 inquit,
566 5141 674 5181 non
693 5140 815 5182 esse
840 5125 1186 5190 contrarium,
1221 5133 1432 5194 portare
1458 5132 1514 5179 et
1542 5138 1648 5178 non
1677 5124 1929 5194 portare?

338 5218 474 5285 Quia
527 5220 780 5276 nimirum
831 5230 1114 5290 utrumque
1156 5217 1369 5273 accidit.
1417 5216 1632 5272 Etcum
1673 5217 1934 5272 exiisscnt

337 5311 556 5380 quidem
595 5327 662 5366 ex
707 5311 959 5384 praetorio
987 5351 1002 5377 ,
1035 5309 1268 5380 portavit
1291 5306 1575 5364 Christus:
1603 5322 1726 5363 cum
1750 5316 1930 5362 autem

340 5399 552 5472 longius
593 5401 859 5474 progressi
901 5409 1084 5457 essent
1108 5441 1124 5468 ,
1180 5398 1364 5455 Simon
1394 5397 1462 5452 ab
1507 5397 1599 5452 illo
1639 5397 1850 5467 accepit
1879 5406 1933 5453 et

341 5492 482 5547 tulit.
515 5492 720 5548 Rursus
743 5492 810 5548 dc
832 5491 1126 5548 latronibus
1156 5505 1295 5545 unus
1342 5487 1556 5560 quidem
1587 5488 1662 5544 ait
1695 5487 1830 5544 duos
1853 5489 1932 5558 ip-

339 5597 461 5638 sum
494 5582 892 5655 blasphemasse
925 5624 942 5650 ,
978 5585 1111 5639 alter
1129 5597 1256 5638 vero
1280 5625 1296 5649 ,
1331 5597 1494 5636 unum
1535 5579 1933 5652 compescuisse

340 5673 495 5732 illum
523 5678 612 5750 qui
653 5677 954 5735 accusabat.
1002 5676 1107 5734 Sed
1146 5691 1318 5751 neque
1356 5675 1460 5734 hoc
1488 5689 1674 5733 rursus
1695 5682 1777 5729 est
1802 5687 1934 5732 con-

2031 362 2272 417 trarium.
2313 359 2451 427 Quid
2493 361 2602 414 ita?
2650 359 2911 428 Quoniam
2971 359 3055 414 hic
3092 373 3300 432 quoque
3339 370 3621 429 utrumque

2025 454 2216 508 accidit
2249 494 2264 519 ,
2293 464 2452 523 atque
2497 453 2650 506 initio
2680 453 2893 522 quidem
2929 463 3152 524 uterque
3179 452 3423 522 improbe
3451 467 3510 508 se
3531 468 3619 521 ge«

2027 544 2209 598 vehat:
2253 554 2435 613 postea
2465 559 2591 598 vero
2620 561 2739 598 enm
2765 543 2899 598 facta
2926 554 3107 600 essent
3151 544 3404 598 miracula
3429 583 3444 610 ,
3475 554 3618 597 terra

2025 646 2190 704 mota,
2217 644 2380 705 petra:
2407 637 2591 691 scissae
2621 679 2633 701 ,
2669 646 2722 691 ct
2743 637 2819 690 sol
2853 637 3197 692 absconditus
3224 679 3238 703 ,
3269 635 3404 691 alter
3432 650 3619 690 eorum

2026 741 2318 781 cunversus
2354 737 2408 781 ct
2435 728 2727 782 modestior
2753 739 2834 782 est
2865 727 3035 782 factus
3055 770 3069 792 ,
3097 737 3150 782 ct
3174 727 3489 782 cruciﬁxum
3523 742 3616 795 ag-

2029 817 2175 870 novit
2197 857 2212 878 ,
2241 817 2463 886 ejusque
2507 833 2727 888 regnum
2751 817 3033 872 confessus
3054 828 3156 871 est.
3185 817 3318 873 Nam
3371 833 3438 871 ne
3482 815 3619 870 forte

2027 911 2361 964 existimares
2386 911 2704 964 necessitate
2730 910 2956 980 quadam
2996 925 3060 964 ae
3096 910 3145 964 vi
3175 909 3450 979 cujusdam
3476 909 3618 962 intus

2027 1019 2147 1056 eum
2181 1001 2502 1070 impellentis
2538 1001 2639 1055 hoc
2676 1002 2787 1055 ﬁeri
2818 1042 2832 1066 ,
2866 1017 2998 1056 neve
3027 1000 3300 1056 dubitares
3329 1041 3346 1066 ,
3381 1001 3527 1054 illum
3564 1001 3616 1053 in

2026 1109 2185 1149 cruce
2218 1094 2309 1148 tibi
2335 1094 2553 1147 exhibet
2584 1095 2815 1162 priorem
2846 1093 3020 1148 adhuc
3053 1093 3447 1162 improbitatem
3487 1093 3617 1148 reti-

2029 1196 2265 1251 nentem,
2290 1195 2344 1238 ιιι
2373 1201 2632 1254 381108(ξὲὶέ
2658 1201 2779 1239 eum
2808 1194 3000 1256 sponte
3021 1195 3180 1254 atque
3209 1200 3237 1238 8
3267 1200 3326 1238 se
3496 1199 3609 1237 mu-

2029 1287 2194 1331 tatum
2229 1318 2243 1342 ,
2278 1277 2475 1346 Deique
2523 1277 2690 1345 gratia
2738 1275 2988 1331 donatum
3037 1277 3108 1330 ita
3161 1275 3436 1330 meliorem
3493 1289 3620 1330 eva—

2029 1370 2186 1422 sisse.

2098 1462 2151 1514 4.
2196 1459 2310 1513 Alia
2335 1473 2544 1529 quoque
2572 1458 2734 1512 multa
2775 1457 3036 1529 ejusmodi
3069 1474 3131 1513 ex
3147 1457 3444 1528 Evangeliis
3467 1457 3621 1512 colli-

2034 1565 2160 1620 gere
2190 1551 2344 1612 licet,
2390 1565 2511 1618 qua:
2555 1549 2800 1604 videntur
2838 1550 3194 1618 suspicionem
3228 1548 3426 1605 habere
3459 1563 3618 1618 repu-

2033 1643 2265 1710 gnanti.c
2293 1660 2306 1694 :
2330 1641 2420 1695 sed
2448 1641 2589 1694 nulla
2615 1650 2792 1694 tamen
2819 1649 2901 1696 cst
2921 1641 3288 1709 repugnantia,
3311 1639 3403 1694 sed
3427 1651 3478 1694 et
3500 1655 3619 1708 qum

2029 1736 2096 1790 ab
2121 1735 2243 1798 hoc,
2275 1743 2329 1787 et
2355 1750 2470 1803 qua:
2506 1733 2572 1787 ah
2603 1733 2694 1786 illo
2723 1732 2861 1787 dicta
2892 1741 3033 1798 sunt,
3064 1743 3349 1786 evenerunt
3375 1732 3616 1786 :tametsi

2036 1843 2142 1881 non
2173 1827 2360 1880 eadem
2389 1825 2519 1879 hora
2547 1867 2562 1891 ,
2595 1834 2646 1879 et
2677 1841 2814 1880 unus
2852 1825 3079 1895 primum
3127 1824 3252 1878 illud
3288 1825 3458 1886 dixit,
3487 1824 3620 1878 alter

2031 1917 2154 1972 iilud
2181 1916 2471 1972 secundum
2498 1934 2510 1970 :
2539 1926 2594 1970 at
2616 1916 2714 1970 hoc
2735 1915 2853 1970 loco
2883 1916 3012 1969 nihil
3045 1924 3127 1969 est
3149 1916 3276 1981 tale,
3309 1915 3400 1969 sed
3432 1929 3618 1969 eorum

2032 2007 2347 2062 indiciorum
2381 2005 2661 2061 multitudo
2686 2048 2701 2073 ,
2733 2023 2850 2076 qua:
2881 2016 3056 2060 notata
3093 2016 3256 2071 sunt,
3288 2006 3350 2058 iis
3375 2045 3390 2070 ,
3413 2004 3502 2074 qni
3535 2014 3620 2057 nt-

2033 2115 2266 2169 cumque
2297 2099 2530 2152 anituum
2560 2097 2888 2152 adverterint
2908 2138 2922 2160 ,
2953 2096 3187 2150 ostendit
3225 2095 3450 2149 alterum
3482 2094 3620 2148 hunc

2039 2191 2204 2244 fuisse
2226 2232 2240 2254 ,
2269 2199 2320 2244 ct
2347 2191 2574 2242 alterum
2621 2187 2788 2242 illum.
2833 2187 3016 2256 Neque
3051 2201 3179 2241 vero
3211 2185 3494 2239 mediocris
3521 2184 3620 2238 ista

2031 2298 2150 2338 esse
2178 2291 2354 2352 potest
2381 2281 2764 2336 demonstratio
2806 2279 2872 2334 ad
2915 2278 3240 2348 probandum
3268 2277 3621 2347 evangelistas

2035 2375 2176 2428 inter
2202 2389 2260 2428 se
2290 2373 2612 2436 consentire,
2643 2386 2749 2425 non
2780 2385 3038 2441 pugnare.
3073 2368 3129 2424 Si
3170 2369 3310 2423 enim
3352 2368 3490 2424 idem
3518 2369 3616 2433 sit,

2031 2480 2223 2536 magna
2251 2479 2425 2534 pugna
2461 2482 2474 2517 :
2505 2463 2586 2518 sin
2615 2474 2791 2517 autem
2837 2461 2974 2516 alter
3015 2469 3098 2515 est
3140 2461 3261 2526 ille,
3294 2460 3498 2514 sublata
3539 2468 3622 2514 est

2031 2557 2206 2612 omnis
2229 2556 2511 2610 dubitatio.

2106 2648 2300 2716 Quibus
2349 2649 2727 2718 distinguantur
2768 2647 2870 2700 duo
2902 2645 3225 2717 Paralytici;
3264 2645 3532 2698 incisione:
3575 2654 3623 2698 et

2030 2738 2253 2793 ustione:
2274 2739 2580 2793 medicorum
2609 2747 2969 2809 comparantur
2997 2754 3108 2790 cum
3130 2737 3390 2790 curatione
3413 2737 3528 2790 ista.
3551 2765 3622 2776 —-

2035 2833 2148 2901 Age
2179 2831 2338 2901 igitur
2365 2845 2555 2886 causas
2581 2831 2722 2900 ipsas
2763 2843 3124 2900 proponamus
3143 2868 3159 2894 ,
3190 2827 3381 2897 quibus
3408 2827 3622 2882 adducti

2033 2919 2261 2976 dicimus
2275 2921 2416 2974 hunc
2439 2922 2582 2975 illum
2602 2935 2706 2974 non
2743 2934 2882 2974 esse.
2905 2919 3157 2986 Quaenam
3178 2920 3279 2974 illa:
3297 2934 3454 2988 porro
3469 2920 3621 2973 sunt?

2037 3011 2132 3066 lllc
2159 3021 2375 3065 sanatur
2403 3011 2775 3082 Jerosolymis,
2806 3011 2891 3066 hic
2917 3027 3044 3065 vero
3074 3011 3125 3065 in
3151 3010 3545 3082 Capharnaum,
3568 3023 3624 3069 et

2037 3103 2128 3158 ille
2157 3101 2371 3172 quidem
2407 3101 2556 3171 juxta
2605 3103 2862 3174 piscinam
2907 3118 3204 3172 aquarum,
3234 3105 3333 3160 iste
3361 3113 3536 3159 autem
3569 3106 3622 3159 in

2038 3196 2268 3266 quodam
2299 3195 2545 3250 cubiculo
2569 3236 2584 3259 ,
2634 3210 2760 3250 ecce
2809 3195 3062 3249 indicium
3089 3211 3118 3248 a
3155 3197 3270 3250 loco
3303 3214 3316 3249 :
3349 3205 3507 3266 atque
3532 3197 3623 3250 ille

2039 3285 2258 3357 quidem
2283 3287 2333 3340 in
2357 3286 2446 3342 die
2476 3285 2612 3341 festo
2633 3327 2649 3352 ,
2675 3301 2802 3340 ecce
2837 3301 2868 3339 a
2919 3287 3170 3355 temporis
3193 3285 3498 3340 conditione
3527 3303 3540 3337 :
3569 3297 3622 3340 et

2037 3376 2132 3432 ille
2158 3375 2370 3446 quidem
2398 3377 2609 3446 triginta
2639 3385 2695 3431 ct
2719 3386 2840 3430 octo
2864 3389 3032 3429 annos
3061 3375 3285 3429 habebat
3313 3375 3365 3429 in
3394 3373 3622 3429 inﬁrmi-

2032 3476 2142 3524 tate
2170 3483 2265 3523 sua
2293 3483 2311 3534 ;
2337 3467 2405 3523 de
2439 3469 2538 3523 hoc
2565 3477 2746 3524 autem
2770 3467 2901 3522 nihil
2934 3469 3036 3522 tale
3065 3467 3387 3537 evangelista
3419 3477 3616 3529 narrat.

2034 3577 2162 3618 ecce
2201 3577 2232 3616 a
2282 3571 2524 3632 tempore
2553 3579 2566 3616 :
2595 3571 2649 3615 et
2690 3563 2779 3618 ille
2818 3560 3029 3629 quidem
3063 3562 3113 3614 in
3138 3559 3359 3614 sabbato
3403 3568 3620 3614 sanatus

2039 3663 2141 3716 est.
2165 3668 2292 3708 ecce
2311 3667 2341 3706 a
2362 3653 2448 3708 die
2481 3670 2495 3707 :
2527 3653 2571 3707 si
2599 3653 2741 3708 enim
2769 3653 2819 3706 in
2848 3651 3066 3706 sabbato
3092 3651 3274 3704 luisset
3300 3649 3385 3705 hic
3410 3661 3618 3719 quoque

2031 3757 2256 3801 sanatus
2279 3787 2296 3810 ,
2330 3760 2502 3815 neque
2530 3743 2582 3800 id
2613 3744 2866 3799 tacuisset
2891 3743 3169 3798 hlatthaeus
3193 3783 3210 3809 ,
3246 3756 3418 3811 neque
3451 3741 3622 3796 Juda‘i

2031 3837 2121 3905 qui
2164 3835 2392 3890 aderunt
2421 3875 2436 3901 ,
2479 3835 2809 3904 quievisscnt
2837 3850 2850 3886 :
2878 3834 2964 3903 qui
2994 3833 3138 3887 enim
3176 3833 3336 3886 etiam
3363 3840 3471 3885 tum
3499 3846 3620 3884 cum

2034 3928 2124 3982 ille
2151 3929 2202 3982 in
2234 3927 2456 3981 sabbato
2481 3935 2700 3980 sanatus
2731 3941 2835 3979 non
2869 3934 2949 3978 est
2970 3964 2984 3987 ,
3016 3924 3171 3976 aliam
3206 3923 3276 3975 ob
3302 3937 3514 3976 causam
3542 3924 3623 3976 in-

2032 4019 2235 4088 dignati
2276 4026 2434 4082 sinit,
2476 4016 2644 4070 multo
2670 4016 2837 4084 magis
2885 4015 2929 4067 si
2970 4030 2998 4068 a
3041 4023 3278 4080 tempore
3317 4011 3436 4066 data
3478 4021 3623 4066 esset

2033 4125 2160 4167 ansa
2184 4108 2631 4181 reprehendendi,
2653 4117 2982 4178 nequaquam
2995 4103 3258 4176 jactandis
3279 4105 3330 4158 in
3351 4104 3619 4159 Christum

2031 4201 2494 4261 criminationilms
2537 4201 2924 4272 pepercissent.
2965 4200 3140 4269 Atque
3177 4197 3262 4251 hic
3297 4195 3510 4267 quidem
3553 4197 3620 4251 ad

2032 4297 2308 4358 Christum
2335 4294 2595 4358 defertur,
2628 4294 2695 4350 ad
2725 4293 2872 4348 illum
2901 4300 3077 4347 autem
3105 4289 3349 4346 Christus
3373 4289 3575 4345 accedit
3602 4329 3621 4356 ,

2033 4398 2088 4444 et
2120 4388 2194 4444 illi
2220 4387 2396 4442 nullus
2421 4394 2538 4442 erat
2567 4383 2729 4439 homo
2751 4382 2840 4454 qui
2865 4381 3136 4452 suppetias
3166 4378 3330 4434 ferret
3358 4397 3373 4434 :
3410 4379 3642 4439 Domine.

2031 4483 2200 4547 enim,
2231 4481 2440 4550 inquit,
2472 4477 2725 4532 hominem
2753 4491 2855 4529 non
2885 4473 3042 4528 habeo
3069 4472 3257 4543 (Joan.
3285 4473 3340 4528 5.
3371 4473 3444 4543 7)
3476 4488 3492 4524 :
3523 4472 3623 4526 iste

2034 4586 2165 4626 vero
2186 4571 2382 4628 inultos
2410 4567 2638 4623 habebat
2681 4566 3008 4636 propinquos
3030 4606 3046 4631 ,
3069 4563 3161 4635 qui
3203 4573 3259 4618 et
3299 4579 3394 4634 per
3424 4572 3620 4618 tectum

2036 4663 2182 4718 illum
2228 4661 2582 4718 demiserunt.
2638 4658 2707 4712 Et
2756 4657 2898 4713 illius
2948 4656 3163 4728 quidem
3216 4665 3340 4712 ante
3391 4659 3624 4710 animam

2034 4767 2228 4823 corpus
2253 4751 2489 4806 correxit
2521 4767 2537 4805 :
2566 4749 2833 4820 siquidem
2873 4763 2994 4802 cum
3025 4747 3169 4817 prius
3198 4746 3482 4819 paralysim
3508 4746 3627 4816 ejus

2035 4853 2300 4908 satiasset,
2332 4839 2526 4896 deinde
2554 4840 2720 4905 dixit,
2755 4838 2888 4893 Ecce
2909 4855 3064 4892 unus
3087 4842 3252 4909 factus
3276 4855 3328 4892 es
3346 4878 3364 4904 ,
3391 4838 3494 4892 noli
3518 4855 3628 4890 amo

2038 4935 2172 5004 plius
2214 4947 2424 5004 peccare
2482 4945 2502 4985 :
2557 4929 2644 4984 hic
2680 4937 2860 4984 autem
2899 4943 3005 4983 non
3052 4928 3122 4983 ita
3152 4945 3165 4982 :
3193 4927 3287 4982 sed
3324 4942 3444 4983 cum
3481 4929 3628 4997 prius

2037 5025 2228 5082 animae
2261 5024 2401 5079 illius
2427 5021 2723 5077 medicatus
2757 5028 2936 5087 esset;
2958 5020 3031 5075 ait
3055 5019 3195 5075 enim
3225 5019 3324 5090 ipsi
3352 5037 3365 5072 :
3393 5019 3624 5086 Con/ide,

2037 5121 2148 5191 ﬁli,
2192 5119 2513 5173 remittuntur
2552 5115 2638 5170 tibi
2685 5125 2890 5186 peccata
2933 5124 3021 5168 tua
3078 5111 3290 5183 (Matth.
3317 5110 3371 5166 9.
3399 5109 3481 5177 ἓ),
3512 5118 3625 5162 tum

2037 5209 2231 5266 deinde
2260 5207 2544 5279 paralysim
2575 5206 2804 5261 sanavit.
2834 5203 2992 5258 llnnc
3021 5203 3178 5272 igitur
3199 5200 3344 5254 illum
3377 5212 3483 5251 non
3509 5211 3628 5250 esse

2037 5305 2183 5359 clare
2220 5299 2376 5357 nobis
2401 5317 2466 5356 ex
2499 5299 2584 5354 his
2610 5307 2694 5355 est
2725 5298 3148 5354 demonstratum
3180 5312 3193 5347 :
3222 5291 3330 5362 jam
3356 5299 3532 5345 autem
3562 5288 3629 5343 ad

2045 5397 2215 5467 ipsum
2251 5391 2574 5449 narrationis
2603 5390 2811 5445 initium
2837 5387 3156 5444 veniendum
3193 5393 3311 5448 est,
3349 5397 3410 5436 ac
3440 5379 3627 5436 viden-

2037 5487 2190 5552 dum,
2217 5500 2324 5555 quo
2344 5493 2502 5555 pacto
2531 5482 2672 5538 hunc
2696 5490 2750 5537 ct
2771 5495 2878 5550 quo
2903 5487 3056 5549 pacto
3078 5477 3225 5531 illum
3247 5471 3447 5529 sanat-it
3469 5470 3629 5526 Chri-

2046 5589 2164 5635 stus
2185 5618 2203 5647 ,
2233 5587 2289 5634 et
2318 5593 2416 5634 cur
2458 5575 2670 5632 diversa
2716 5574 2922 5629 ratione
2950 5589 2967 5626 :
2996 5587 3090 5627 cur
3125 5569 3268 5626 hunc
3293 5569 3344 5623 in
3371 5567 3594 5622 sabbato
3612 5608 3632 5637 ,

2043 5671 2194 5728 illum
2220 5685 2327 5727 non
2354 5669 2408 5727 in
2433 5666 2657 5726 sabbato
2673 5706 2692 5740 ,
2723 5673 2777 5726 et
2801 5663 2866 5721 ad
2895 5664 3046 5720 illum
3073 5663 3189 5736 ipse
3214 5660 3461 5728 venerit,
3488 5661 3622 5716 hum
