4054 6216
403 279 472 333 55
1143 283 1202 342 s.
1243 282 1522 342 JOANNIS
1557 272 2035 346 cnnvsosront
2085 272 2406 351 A'ncutur.
2447 298 2986 361 CONSTANTINOP.
3625 313 3693 372 ss

407 404 584 449 autem
609 395 1002 466 exspectaverit
1021 397 1086 451 ad
1107 413 1166 452 se
1185 398 1401 464 deferri,
1429 409 1483 455 et
1508 417 1664 471 quam
1688 402 1756 456 oh
1780 418 1996 457 causam

406 475 545 540 illius
569 489 779 556 corpori
817 489 994 558 prius,
1039 491 1193 559 hujus
1223 507 1350 546 vero
1386 493 1577 547 anima:
1611 494 1755 563 prius
1787 495 1998 551 medea-

408 585 515 630 tur.
558 577 741 646 Neque
784 581 927 633 enim
974 588 1174 635 temere
1215 590 1307 635 aut
1345 583 1461 638 sine
1499 597 1660 638 causa
1702 585 1799 639 ista
1831 585 1996 654 facit,

411 681 533 721 cum
563 669 774 737 sapiens
803 670 872 722 sit
893 678 946 724 et
973 672 1245 739 providus.
1276 673 1626 730 Attendamus
1649 675 1825 746 igitur,
1843 693 1997 732 eum-

411 773 512 826 que
560 759 862 816 medentem
910 764 1354 831 contemplemur.
1387 764 1441 820 Si
1470 766 1612 820 enim
1649 782 1769 822 cum
1806 769 1996 824 medici

408 850 689 916 quemdam
737 861 950 916 secant,
1000 863 1257 918 uruntve,
1305 863 1397 909 aut
1428 856 1532 911 alio
1567 857 1793 929 quodam
1838 860 2000 915 modo

408 943 704 996 nmtilatnm
736 953 787 996 et
816 942 1146 1000 debilitatum
1177 947 1434 1014 incidunt,
1465 964 1528 1004 ac
1555 950 1854 1006 membrum
1878 967 1996 1008 am-

408 1043 614 1100 putant,
649 1035 798 1089 mnlti
826 1045 932 1089 tam
957 1053 1157 1106 aegrum
1181 1053 1338 1108 quam
1361 1040 1626 1096 medicum
1652 1043 1999 1100 circumstant

411 1124 508 1177 ista
558 1125 875 1192 facientem,
907 1130 1074 1183 multo
1121 1131 1289 1200 magis
1333 1145 1430 1186 nos
1468 1131 1568 1188 hoc
1615 1133 1733 1190 loco
1759 1135 1812 1190 id
1841 1151 1999 1206 agere

411 1225 644 1284 oportet,
677 1229 873 1286 quanto
897 1229 950 1272 et
981 1219 1219 1275 medicus
1240 1223 1429 1292 major,
1463 1233 1518 1279 et
1543 1226 1758 1295 gravior
1781 1227 1999 1283 morbus

413 1316 495 1361 est
515 1347 529 1372 ,
560 1309 646 1377 qui
673 1325 776 1362 non
802 1320 916 1364 arte
941 1309 1173 1365 humana
1193 1353 1208 1377 ,
1242 1312 1336 1368 sed
1363 1315 1530 1385 gratia
1556 1316 1732 1370 divina
1759 1331 1994 1374 curatur.

407 1402 582 1470 Atque
632 1401 735 1456 illie
778 1405 990 1472 quidem
1037 1406 1227 1476 pellem
1276 1409 1544 1464 concisam
1586 1424 1808 1466 cernere
1839 1411 1998 1479 licet,

405 1495 612 1547 saniem
631 1494 973 1564 defluentem,
1002 1499 1334 1568 putredinem
1350 1509 1680 1570 cvacuatam,
1697 1518 1760 1559 ac
1777 1505 1998 1559 multam

413 1585 709 1639 molestiam
735 1603 799 1641 ex
832 1588 923 1643 illo
949 1590 1164 1645 allatam
1194 1594 1504 1662 spectaculo
1529 1595 1813 1662 sustinere,
1844 1596 1997 1651 dolo-

408 1691 628 1746 remque
660 1693 764 1732 non
799 1679 1122 1736 mediocrem
1151 1691 1204 1737 et
1224 1699 1498 1754 angorem,
1521 1700 1678 1755 quem
1710 1703 1815 1741 non
1843 1687 2002 1742 modo

408 1767 690 1822 vulnerum
719 1778 1037 1838 conspectus
1057 1814 1072 1837 ,
1102 1773 1194 1827 sed
1225 1789 1412 1828 eorum
1439 1775 1598 1828 etiam
1619 1817 1633 1841 ,
1662 1777 1749 1846 qui
1779 1787 2003 1832 uruntur

407 1867 761 1928 secanturque
781 1901 796 1926 ,
841 1863 1108 1918 cruciatus
1139 1864 1300 1919 inurit
1330 1881 1345 1918 :
1376 1866 1556 1920 nullus
1584 1868 1726 1921 enim
1758 1877 1842 1923 est
1866 1869 2002 1924 adeo

409 1962 610 2003 saxeus
635 1991 647 2014 ,
678 1960 736 2005 ut
763 1968 883 2007 cum
913 1954 1016 2008 illis
1042 1997 1057 2020 ,
1090 1956 1176 2025 qui
1209 1956 1328 2010 talia
1363 1958 1636 2026 patiuntur
1658 2001 1672 2024 ,
1701 1959 1999 2028 adstiterit,

411 2055 473 2094 ac
496 2041 850 2100 lamentantes
879 2047 1164 2115 audiverit,
1196 2065 1298 2104 non
1325 2059 1747 2120 commoveatur,
1779 2052 2003 2109 confun-

411 2133 569 2187 datur
593 2176 608 2197 ,
649 2143 704 2189 et
737 2136 1004 2206 ingentem
1034 2140 1217 2194 animo
1248 2142 1513 2211 concipiat
1543 2157 1829 2198 mmrorem
1865 2163 1878 2199 :
1908 2162 2000 2202 vc-

413 2235 712 2281 rumtamen
740 2230 809 2284 ob
837 2231 1110 2300 Spectandi
1133 2232 1476 2302 cupiditatem
1491 2234 1614 2292 ‘hmc
1634 2239 1808 2291 omnia
1837 2239 2003 2293 susti-

416 2333 624 2374 nemus.
661 2321 755 2376 llic
778 2332 956 2377 autem
983 2323 1112 2378 nihil
1142 2325 1244 2379 tale
1269 2341 1490 2382 cernere
1521 2327 1663 2392 licet,
1698 2344 1802 2384 non
1826 2330 2000 2399 ignem

416 2409 713 2476 admoveri,
734 2427 837 2466 non
863 2412 1058 2468 feri-nm
1083 2417 1346 2486 immergi,
1371 2433 1475 2473 non
1496 2420 1810 2488 sanguinem
1833 2421 1998 2488 fundi,

413 2515 518 2553 non
555 2516 756 2570 argrum
801 2504 1065 2572 cruciari,
1105 2522 1210 2559 non
1238 2507 1518 2562 lamentari
1553 2527 1567 2563 :
1597 2510 1648 2563 in
1679 2525 1838 2565 causa
1876 2527 2004 2567 vero

412 2599 496 2643 est
523 2591 711 2644 medici
742 2594 998 2662 sapientia
1021 2635 1036 2660 ,
1071 2611 1188 2665 qua:
1218 2596 1376 2650 nullis
1405 2597 1598 2668 indiget
1635 2599 1793 2654 rebus
1819 2611 2004 2656 exter-

418 2680 523 2742 nis,
555 2681 648 2737 sed
678 2684 788 2752 ipsa
817 2683 1015 2739 sufficit
1041 2685 1161 2742 sibi.
1194 2685 1464 2753 Siquidem
1495 2691 1690 2745 sufficit
1717 2699 1920 2747 tantum
1949 2701 2006 2748 ut

416 2772 644 2842 imperet
663 2816 678 2839 ,
708 2785 761 2830 et
788 2776 964 2830 omnia
993 2779 1130 2832 mala
1156 2779 1443 2848 pelluntur.
1476 2780 1658 2851 Neque
1686 2798 1812 2838 vero
1832 2783 2004 2838 admia

416 2866 622 2921 ratione
642 2867 856 2938 dignum
888 2868 990 2924 huc
1014 2879 1131 2935 est,
1159 2871 1300 2941 quod
1333 2879 1476 2926 tanta
1503 2871 1752 2929 facilitate
1780 2875 2004 2930 medici-

417 2973 538 3011 nam
567 2958 756 3026 faciat,
798 2961 891 3015 sed
923 2961 1063 3030 quod
1089 2963 1204 3017 sine
1233 2962 1420 3019 dolore
1443 3006 1458 3028 ,
1488 2980 1587 3020 nec
1616 2965 1774 3020 ullam
1806 2967 2005 3022 moles-

414 3049 543 3102 tiam
571 3049 759 3103 all'crat
801 3051 864 3105 iis
905 3053 991 3122 qui
1023 3063 1297 3107 curantur.
1321 3053 1546 3122 Quando
1589 3056 1746 3126 igitur
1768 3066 1822 3112 et
1844 3059 2006 3113 mira-

416 3139 594 3194 culum
619 3141 788 3210 majus
805 3150 858 3196 et
873 3144 1139 3213 copiosior
1159 3145 1441 3211 medicina,
1470 3156 1524 3201 et
1539 3147 1606 3202 ab
1624 3150 1767 3204 omni
1795 3151 2005 3206 tristitia

419 3232 668 3288 immunis
699 3236 1089 3304 spectatoribus
1117 3239 1360 3308 voluptas
1388 3239 1626 3305 offertur,
1657 3257 1753 3313 age
1778 3243 2005 3312 diligen-

420 3331 504 3378 ter
527 3335 800 3382 curantem
828 3327 1097 3384 Christum
1120 3339 1443 3400 spectemus.
1467 3331 1537 3386 Et
1563 3336 1834 3389 ascendens
1849 3335 2005 3392 Jesus

413 3417 467 3470 in
487 3419 769 3472 naviculam
787 3421 1147 3489 transfretavit,
1173 3433 1219 3475 et
1242 3424 1372 3476 venit
1399 3425 1449 3476 in
1473 3425 1721 3479 civitate»:
1745 3443 1910 3481 suam.
1937 3425 2006 3481 Et

416 3523 530 3562 ecce
558 3509 846 3562 obtulerunt
892 3510 970 3563 illi
1008 3513 1346 3581 paralyticnm
1375 3515 1628 3583 jacentem
1665 3517 1717 3570 in
1761 3517 1887 3571 lecto
1917 3533 1935 3570 :
1959 3527 2006 3571 et

415 3599 591 3651 videns
619 3597 772 3653 Iesus
803 3601 957 3668 ﬁdem
993 3602 1198 3655 illorum
1234 3604 1363 3656 dixit
1391 3605 1672 3675 paralytico
1706 3622 1726 3660 .'
1755 3607 1966 3676 Conﬁde
1986 3649 2003 3674 ,

412 3688 526 3756 ﬁli,
559 3690 881 3743 remittuntur
928 3693 1018 3746 tibi
1073 3704 1282 3761 peccata
1342 3705 1431 3748 tua
1485 3693 1713 3764 (Matth.
1755 3697 1804 3752 9.
1851 3697 1898 3749 1.
1927 3698 2004 3766 2).

422 3779 748 3832 Ccnturione
802 3781 1012 3853 quidem
1070 3784 1347 3840 inferiores
1385 3793 1529 3852 sunt,
1571 3786 1745 3855 quoad
1804 3787 2003 3854 ﬁdem,

424 3868 514 3920 illo
541 3881 716 3924 autem
761 3872 811 3926 in
863 3874 1058 3942 piscina
1091 3875 1305 3944 jacente
1347 3876 1636 3947 paralytico
1679 3880 2003 3948 superiores.

423 3957 556 4012 Nam
607 3960 696 4015 ille
742 3964 955 4032 quidem
994 3981 1167 4036 neque
1205 3965 1470 4020 medicum
1509 3968 1709 4034 traxit,
1742 3983 1915 4040 neque
1941 3969 2006 4025 ad

417 4051 682 4108 medicum
713 4055 864 4110 duxit
886 4067 1179 4128 aegrotum;
1209 4059 1301 4113 sed
1331 4069 1597 4130 tamquam
1628 4060 1694 4115 ad
1725 4061 1888 4116 Deum
1915 4076 2009 4116 ac-

417 4147 616 4214 cessit,
665 4157 721 4202 et
762 4151 874 4204 ait:
910 4150 1003 4204 Dic
1051 4151 1197 4205 verba
1235 4162 1430 4204 tantum
1453 4193 1468 4217 ,
1500 4163 1546 4206 et
1588 4154 1851 4206 sanabitur
1886 4170 2010 4224 puer

417 4252 560 4290 meus
582 4239 726 4307 (Luc.
749 4238 798 4292 7.
823 4239 890 4308 7).
913 4236 1004 4292 Isti
1025 4254 1152 4293 vero
1172 4239 1434 4294 medicum
1457 4240 1508 4294 in
1532 4241 1674 4295 mdes
1699 4258 1805 4296 non
1836 4251 2008 4298 traxe-

415 4335 578 4393 runt,
611 4336 665 4382 ct
695 4328 745 4382 in
775 4329 877 4385 hoc
905 4330 1204 4386 centurioni
1245 4341 1369 4386 sunt
1393 4332 1659 4402 mquales;
1686 4334 1781 4389 sed
1809 4351 2008 4405 a'grum

419 4421 713 4476 attulerunt
741 4422 807 4477 ad
838 4423 1122 4492 medicum,
1151 4424 1276 4479 etin
1306 4425 1407 4480 hoc
1430 4434 1554 4480 sunt
1583 4426 1838 4494 minores,
1867 4427 2008 4497 quod

422 4528 530 4567 non
561 4513 810 4581 dixerint,
847 4515 943 4570 Dic
968 4518 1112 4572 verba
1143 4528 1356 4573 tantum.
1391 4517 1485 4572 lllo
1511 4518 1723 4590 quidem
1749 4529 1895 4576 certe
1921 4521 2008 4591 qui

417 4604 486 4657 ad
531 4605 786 4673 piscinam
820 4608 1032 4676 jaeehat
1062 4611 1230 4664 multo
1261 4619 1386 4665 sunt
1415 4609 1500 4665 isti
1527 4610 1813 4679 meliores,
1843 4611 2009 4682 siqui-

415 4695 539 4749 dem
584 4697 670 4750 ille
705 4698 868 4764 dicit,
897 4699 1132 4769 Domine,
1174 4704 1427 4758 hominem
1457 4721 1558 4758 non
1597 4704 1788 4771 habeo,
1819 4716 1875 4759 ut
1894 4723 2010 4760 cum

415 4786 618 4839 turbata
642 4790 794 4858 fuerit
813 4807 964 4859 aqua,
985 4793 1149 4846 mittat
1173 4811 1250 4847 me
1269 4797 1319 4848 in
1343 4797 1586 4865 piscinam
1618 4797 1796 4867 (Joan.
1824 4798 1876 4853 Β.
1916 4799 1968 4869 7)
1991 4815 2006 4854 :

419 4875 504 4928 isti
562 4891 691 4931 vero
736 4878 903 4934 nihilo
965 4881 1202 4953 indigere
1245 4883 1516 4941 Christum
1569 4888 1852 4954 sciebant,
1903 4905 2008 4945 non

417 4964 608 5036 aquis,
659 4983 763 5023 non
804 4971 1004 5040 piscina
1028 5015 1043 5036 ,
1078 4990 1181 5029 non
1209 4975 1312 5030 alia
1358 4993 1416 5032 re
1457 4980 1743 5050 quapiam:
1773 4991 2010 5038 attamen

413 5057 665 5115 Christus
695 5077 800 5116 non
830 5065 1157 5121 centurionis
1183 5077 1384 5123 tantum
1413 5086 1654 5140 puer-um,
1681 5073 1774 5128 sed
1796 5083 1848 5128 et
1869 5073 2010 5129 lnmc

417 5161 473 5205 et
516 5153 664 5207 illum
701 5155 891 5211 morbo
939 5157 1214 5227 liberavit;
1259 5177 1434 5232 neque
1465 5163 1596 5218 dixit
1627 5181 1640 5218 :
1669 5165 2011 5237 Quandoqui-

415 5241 538 5296 dem
566 5243 725 5300 tidem
749 5247 986 5303 obtulisti
1013 5249 1275 5306 minorem
1298 5295 1312 5317 ,
1337 5254 1665 5310 curationem
1695 5257 1896 5327 pariter
1914 5272 2006 5311 ac-

415 5334 585 5403 cipies
615 5339 747 5394 :sed
771 5354 893 5394 cum
925 5341 1179 5414 majorem
1209 5345 1535 5402 exhibuisset
1562 5387 1578 5412 ,
1617 5364 1738 5402 cum
1768 5349 2012 5405 laudibus

416 5434 469 5478 ct
503 5430 718 5484 coronis
748 5446 868 5486 cum
894 5433 1124 5502 dimisit,
1151 5435 1334 5492 dicens
1369 5454 1382 5492 :
1419 5435 1599 5508 Neque
1624 5441 1677 5494 in
1704 5439 1870 5494 Israel
1894 5451 2010 5494 tan-

431 5528 533 5571 tam
556 5521 707 5588 [idem
737 5524 903 5580 inveni
933 5527 1062 5600 (an
1087 5530 1137 5583 7.
1169 5529 1246 5601 9).
1282 5529 1418 5586 Eum
1447 5548 1596 5598 vero,
1629 5535 1718 5604 qui
1749 5535 2008 5589 minorem

423 5624 582 5676 quam
615 5615 701 5670 ille
725 5616 882 5672 fidem
922 5620 1215 5689 obtulerat,
1249 5625 1395 5678 nullo
1418 5625 1576 5680 modo
1609 5625 1877 5680 laudavit:
1905 5643 2008 5680 non

420 5709 597 5760 tamen
621 5707 849 5768 sanitate
879 5713 1126 5782 privavit,
1155 5716 1250 5772 sed
1281 5732 1378 5772 nec
1406 5717 1576 5786 illum,
1608 5718 1696 5787 qui
1727 5718 1924 5773 nullam
1950 5716 2014 5772 ti-

2105 405 2224 461 dem
2270 409 2606 466 exhibuerat.
2642 413 2838 470 Vcrum
2869 417 3314 486 quemadmodum
3345 420 3537 478 medici
3573 437 3693 480 cum

2107 499 2352 554 eumdem
2378 504 2622 558 morbum
2641 516 2850 572 curent,
2877 523 2907 561 a
2930 510 3242 578 quibusdam
3265 524 3478 568 centum
3502 530 3695 573 aureos

2106 589 2396 660 accipiunt,
2426 594 2493 648 ab
2519 595 2638 650 aliis
2667 597 3073 670 quinquaginta,
3103 601 3170 655 ab
3195 603 3314 659 aliis
3340 607 3641 675 pauciores,
3665 627 3693 664 a

2104 682 2420 751 quibusdam
2453 685 2582 740 nihil
2610 690 2818 758 penitus
2848 692 2964 746 :sic
3007 693 3256 748 nimirum
3297 706 3353 750 et
3395 694 3641 755 Christus
3665 715 3694 754 a

2103 779 2416 834 centurione
2445 780 2656 851 quidem
2687 784 2906 837 multam
2934 793 2988 840 et
3009 786 3320 842 immensam
3354 789 3511 845 fidem
3539 806 3696 848 acce-

2104 868 2215 938 pit,
2244 869 2312 923 ab
2348 870 2448 926 hoc
2474 881 2650 927 autem
2694 874 2954 930 minorem
2979 918 2996 943 ,
3023 876 3090 930 ab
3117 877 3211 932 illo
3241 895 3372 935 vero
3411 883 3694 952 nequidem

2106 961 2432 1016 mediocrem
2455 1005 2470 1030 ,
2499 972 2554 1018 et
2584 973 2758 1020 tamen
2784 982 2971 1022 omnes
3003 971 3228 1025 sanavit.
3254 969 3525 1043 Curigitut
3553 973 3696 1032 hunc

2104 1069 2317 1126 quoque
2339 1060 2426 1129 qui
2468 1060 2600 1114 nihil
2635 1063 2971 1131 contulerat,
3000 1065 3262 1122 beneﬁcio
3291 1067 3539 1139 dignatus
3567 1071 3695 1126 est?

2105 1149 2258 1216 Quod
2289 1167 2394 1206 non
2421 1168 2531 1222 pra:
2555 1155 2718 1209 nimia
2747 1157 3065 1228 negligentia
3083 1201 3099 1227 ,
3142 1175 3242 1214 nec
3269 1160 3338 1216 ob
3366 1161 3558 1218 anima:
3577 1173 3696 1220 stu-

2105 1254 2312 1308 porem,
2341 1242 2434 1297 sed
2462 1244 2603 1314 quod
2625 1243 2898 1300 Christum
2921 1247 3138 1303 minime
3160 1259 3362 1315 nosset,
3387 1251 3696 1323 nullumque

2107 1347 2328 1401 parvum
2359 1344 2448 1388 aut
2481 1351 2730 1406 magnum
2758 1337 2825 1392 de
2853 1337 2944 1391 illo
2966 1339 3281 1394 miraculum
3309 1340 3596 1410 audiisset,
3628 1347 3694 1398 ti-

2105 1424 2227 1480 dem
2276 1441 2382 1481 non
2419 1428 2744 1484 exhibuerit.
2775 1429 2977 1485 Idcirco
3005 1445 3133 1501 ergo
3163 1432 3372 1488 veniam
3415 1434 3644 1489 obtinuit
3677 1454 3690 1489 :

2105 1517 2245 1587 quod
2270 1527 2322 1573 et
2353 1520 2581 1576 obscure
2604 1520 2846 1577 indicans
2866 1522 3188 1593 evangelista
3219 1522 3389 1578 dixit:
3415 1522 3690 1580 Nesciebat

2104 1611 2236 1665 enim
2264 1611 2376 1680 quis
2415 1621 2541 1666 esset
2569 1612 2746 1685 (Joan.
2771 1614 2824 1668 5.
2855 1612 2995 1687 15),
3028 1629 3210 1670 verum
3246 1631 3312 1671 ex
3339 1625 3558 1686 aspectu
3579 1618 3697 1673 solo

2107 1705 2256 1759 illum
2287 1707 2522 1776 agnovit,
2553 1723 2673 1762 cum
2699 1708 2750 1762 in
2776 1708 2949 1778 ipsum
2983 1708 3174 1763 iterum
3204 1709 3408 1764 incidit.

2177 1798 2232 1852 5.
2272 1798 2497 1866 Quidam
2529 1798 2690 1869 igitur
2713 1799 2898 1855 dicunt
2922 1799 3062 1854 hunc
3089 1809 3328 1856 curatum
3360 1801 3540 1868 fuisse,
3572 1816 3694 1858 cum

2108 1888 2207 1957 illi,
2233 1891 2323 1959 qui
2349 1889 2676 1955 obtulerant,
2705 1891 3062 1946 credidissent
3099 1901 3301 1946 tantum
3332 1909 3344 1945 :
3373 1892 3466 1946 sed
3490 1907 3594 1947 non
3624 1895 3694 1948 ita

2105 1989 2208 2037 est.
2246 1980 2434 2035 Videas
2455 1982 2596 2037 enim
2624 1983 2778 2052 ﬁdem
2809 1982 3038 2050 illorum,
3073 1999 3178 2037 non
3208 1999 3392 2039 eorum
3424 1984 3512 2055 qui
3535 1986 3695 2039 obtu-

2110 2073 2290 2127 lerunt
2313 2082 2540 2141 tantum,
2575 2073 2668 2128 sed
2693 2083 2747 2128 et
2770 2073 2934 2145 ipsius
2955 2074 3044 2145 qui
3071 2073 3282 2129 oblatus
3307 2082 3408 2128 est.
3437 2073 3576 2142 Quid
3602 2074 3699 2145 igi-

2107 2165 2227 2219 tur?
2251 2165 2421 2220 altero
2446 2163 2697 2220 credente
2722 2165 2856 2221 alter
2885 2182 2988 2219 non
3011 2165 3272 2220 sanatur?
3299 2164 3442 2220 dicet
3476 2165 3693 2235 aliquis.

2109 2257 2223 2313 Non
2252 2257 2501 2328 equidem
2528 2256 2782 2324 arbitror,
2815 2257 2912 2311 nisi
2944 2255 3082 2312 forte
3106 2257 3152 2311 si
3174 2255 3258 2312 vel
3286 2265 3503 2326 propter
3522 2255 3698 2311 anatis

2107 2350 2569 2419 immaturitatcm,
2596 2351 2680 2405 vel
2701 2351 2769 2405 ob
2786 2349 3002 2404 nimiam
3027 2349 3387 2404 infirmitatem
3410 2349 3698 2405 destitutus

2109 2441 2314 2496 viribus
2354 2441 2578 2496 credere
2607 2451 2853 2512 nequeat.
2899 2440 3178 2507 Quomodo
3205 2440 3364 2511 igitur
3393 2441 3446 2495 in
3471 2440 3696 2495 historia

2107 2531 2444 2596 Chananmze,
2475 2531 2680 2601 inquit,
2709 2530 2936 2585 credidit
2965 2531 3178 2602 quidem
3207 2539 3395 2597 mater,
3431 2531 3537 2586 lilia
3569 2547 3699 2586 vero

2108 2629 2293 2674 sanata
2316 2621 2440 2675 est?
2469 2630 2523 2675 et
2547 2635 2668 2674 eum
2695 2621 2939 2674 centurio
2971 2619 3159 2676 fuisset
3196 2620 3535 2686 incredulus,
3563 2635 3700 2692 quo-

2108 2713 2268 2768 modo
2298 2728 2429 2783 puer
2453 2713 2708 2779 surrexit,
2739 2721 2795 2768 et
2819 2713 2997 2768 salvus
3023 2713 3239 2768 evasit?
3267 2711 3417 2780 Quod
3446 2713 3694 2766 nimirum

2107 2801 2328 2857 credere
2357 2801 2578 2876 minime
2605 2809 2826 2872 possent
2847 2801 3057 2872 aegroti.
3088 2801 3223 2856 Audi
3253 2817 3383 2857 sane
3407 2801 3532 2873 quid
3558 2800 3700 2856 Cha-

2108 2909 2292 2948 nanzea
2337 2893 2504 2950 dicit:
2538 2892 2677 2948 Filia
2717 2911 2827 2948 mea
2871 2894 3002 2947 male
3039 2910 3072 2946 a
3100 2893 3350 2947 dwmonio
3388 2901 3612 2957 vexatur,
3649 2901 3700 2946 et

2107 3002 2240 3039 nunc
2280 2984 2481 3055 quidem
2532 2985 2667 3038 cadit
2713 2985 2766 3038 in
2813 2966 2998 3054 aqudm
3020 3025 3036 3052 ,
3072 2999 3206 3037 nunc
3246 2992 3416 3038 autem
3449 2983 3503 3036 in
3531 2983 3699 3053 ignem

2107 3077 2189 3148 (a)
2219 3077 2430 3150 (Matth.
2473 3077 2560 3132 l5.
2593 3075 2685 3146 22)
2727 3093 2740 3129 :
2774 3076 2863 3131 illa
2892 3091 3021 3131 vero
3049 3075 3308 3146 vertigine
3338 3076 3606 3143 laborans,
3642 3084 3702 3130 et

2106 3183 2137 3222 a
2163 3167 2406 3222 daemone
2449 3175 2726 3237 correpta,
2759 3181 2984 3237 qumque
3029 3180 3316 3236 numquam
3356 3166 3549 3220 mentis
3585 3179 3701 3219 sua:

2109 3272 2329 3328 compos
2358 3273 2478 3314 esse
2506 3267 2734 3328 poterat,
2757 3272 2932 3328 neque
2955 3271 3083 3312 sana
3112 3271 3255 3324 esse,
3277 3271 3382 3328 quo
3407 3266 3562 3328 pacto
3579 3271 3701 3312 cre-

2107 3349 2236 3406 dere
2264 3349 2562 3420 potuisset?

2184 3441 2368 3495 Fidem
2393 3440 2608 3494 ostendit
2640 3439 2943 3511 Paralytici.
2971 3470 3044 3480 —
3068 3438 3134 3496 Ut
3159 3440 3316 3512 igitur
3334 3439 3472 3508 apud
3493 3439 3704 3496 Chana-

2109 3547 2278 3586 nzeam
2305 3573 2319 3599 ,
2361 3531 2440 3587 sic
2472 3541 2524 3586 et
2557 3531 2696 3601 apud
2741 3532 3147 3600 centurionem;
3183 3533 3232 3586 in
3260 3531 3460 3587 :edihus
3484 3531 3703 3600 jaeebat

2109 3640 2263 3694 puer,
2295 3624 2384 3694 qui
2415 3638 2515 3678 nec
2537 3623 2650 3694 ipse
2669 3632 2891 3678 noverat
2918 3623 3210 3688 Christum,
3241 3638 3409 3692 neque
3434 3622 3555 3693 quis
3575 3630 3704 3676 tan-

2115 3717 2234 3772 dem
2263 3727 2440 3783 esset,
2485 3717 2572 3786 qui
2599 3716 2856 3786 potuisset
2895 3716 3054 3786 igitur
3082 3717 3130 3770 ei
3153 3731 3310 3786 quem
3349 3729 3454 3769 non
3481 3723 3702 3770 noverat

2111 3807 2363 3874 credere,
2391 3815 2444 3861 et
2468 3808 2620 3877 cujus
2652 3807 2944 3876 periculum
2987 3807 3186 3861 nullum
3210 3805 3442 3861 fecerat?
3469 3805 3698 3860 Atenim

2111 3899 2179 3954 de
2210 3899 2311 3952 hoc
2335 3897 2517 3952 dicere
2545 3896 2686 3951 istud
2728 3912 2834 3951 non
2867 3897 2990 3952 licet
3024 3915 3036 3951 :
3067 3896 3326 3967 siquidem
3352 3896 3576 3951 credidit
3604 3910 3701 3966 pa-

2111 3990 2382 4062 ralyticus.
2415 3988 2568 4046 Unde
2597 3988 2649 4044 id
2675 3989 2921 4044 constat?
2953 3989 3030 4043 Ex
3071 3989 3186 4057 ipso
3232 3989 3424 4052 modo,
3458 4002 3562 4056 quo
3606 3986 3701 4040 ad-

2113 4083 2309 4138 ductus
2337 4094 2444 4140 est.
2468 4083 2651 4153 Neque
2678 4083 2819 4137 enim
2851 4080 2976 4136 illud
2998 4081 3288 4136 oscitanter
3308 4079 3493 4135 audias
3513 4123 3528 4146 ,
3558 4079 3699 4151 quod

2111 4175 2443 4230 demiserunt
2473 4189 2594 4229 eum
2631 4189 2726 4243 per
2751 4183 2946 4228 tectum
2975 4190 2987 4226 :
3013 4171 3107 4228 sed
3131 4187 3250 4226 cum
3292 4172 3472 4226 animo
3495 4180 3585 4226 tuo
3611 4185 3702 4226 re-

2114 4275 2238 4336 puta
2263 4307 2278 4331 ,
2324 4273 2580 4335 quantum
2611 4263 2681 4318 sit
2709 4269 2966 4334 mgrotum
2994 4262 3043 4318 id
3081 4263 3187 4333 pati
3222 4271 3530 4318 contentum
3557 4276 3700 4317 esse.

2117 4357 2290 4412 Probe
2319 4355 2580 4428 siquidem
2613 4357 2783 4410 nostis
2813 4355 2947 4410 adeo
2974 4355 3341 4425 pusillanimes
3367 4369 3431 4408 ac
3458 4368 3703 4408 morosos

2115 4465 2288 4521 :egros
2313 4465 2454 4516 esse,
2484 4459 2543 4504 ut
2573 4448 2866 4504 ministeria
2903 4465 3020 4518 qua:
3039 4447 3337 4516 jacentibus
3368 4447 3419 4500 in
3442 4445 3580 4501 lecto
3607 4444 3705 4500 de-

2114 4541 2388 4608 feruntur,
2421 4555 2790 4613 smpenumero
2815 4539 3195 4603 adversentur,
3237 4537 3526 4608 malintque
3554 4551 3704 4591 mor—

2116 4637 2306 4691 borum
2334 4635 2550 4690 dolores
2591 4632 2829 4704 perferre
2852 4673 2866 4697 ,
2908 4646 3065 4702 quam
3096 4629 3366 4685 molestias
3391 4643 3576 4684 eorum
3613 4627 3704 4697 qni

2114 4727 2368 4797 adjuvant
2417 4725 2700 4780 sustinere.
2758 4723 2861 4778 Iste
2903 4737 3030 4776 vero
3077 4730 3131 4776 et
3171 4736 3238 4775 ex
3285 4719 3487 4774 mdibus
3523 4717 3705 4788 egredi

2115 4826 2397 4871 contentus
2426 4824 2561 4880 erat,
2586 4823 2643 4868 et
2665 4828 2759 4882 per
2785 4813 2957 4866 forum
2991 4810 3214 4881 ingredi,
3240 4825 3359 4865 cum
3381 4818 3702 4878 gestareIur,

2122 4923 2286 4977 seque
2309 4915 2386 4961 tot
2418 4904 2771 4975 prmseutibus
2801 4903 3106 4958 hominibus
3135 4900 3438 4956 ostendere.
3472 4899 3562 4956 Est
3605 4901 3708 4953 hoc

2115 4999 2274 5054 etiam
2298 4997 2352 5052 in
2382 5011 2531 5052 more
2559 4995 2790 5066 positum
2820 5003 3161 5064 agrotornm,
3197 4992 3278 5065 [ut
3307 5007 3411 5046 non
3437 4989 3590 5044 facile
3611 5005 3705 5043 ve-

2116 5089 2215 5145 lint
2241 5088 2406 5143 ullum
2434 5102 2546 5142 sua:
2575 5086 2901 5156 mgritudinis
2927 5099 3048 5140 esse
3075 5080 3288 5155 testem]
3321 5098 3336 5135 :
3368 5081 3445 5135 sic
3466 5088 3526 5134 ut
3554 5079 3705 5133 multi

2116 5181 2401 5237 maluerint
2427 5179 2667 5250 Oppressi
2696 5177 2894 5231 morbis
2922 5176 3157 5239 interire,
3189 5190 3346 5246 quam
3373 5172 3703 5227 calamitates

2115 5288 2240 5329 suas
2261 5273 2530 5343 detegere.
2577 5271 2644 5325 At
2664 5285 2766 5324 non
2810 5271 2879 5324 ita
2923 5283 3065 5339 aeger
3091 5269 3220 5331 iste,
3253 5280 3442 5320 verum
3467 5279 3589 5319 cum
3618 5279 3708 5318 re-

2118 5367 2317 5436 pletum
2345 5364 2550 5419 videret
2579 5363 2866 5424 theatrum,
2906 5359 3081 5414 aditus
3112 5357 3462 5422 interclusas,
3495 5363 3708 5425 portum

2119 5459 2398 5528 obseptum
2425 5498 2438 5520 ,
2477 5471 2570 5526 per
2611 5463 2806 5509 tectum
2851 5452 3057 5507 demitti
3099 5460 3384 5506 contentus
3415 5449 3532 5503 fuit.
3557 5446 3712 5501 Adeo

2115 5549 2290 5605 solcrs
2311 5556 2394 5602 est
2424 5561 2596 5611 amor,
2624 5555 2679 5601 et
2705 5544 2942 5614 locuples
2967 5543 3182 5597 caritas.
3214 5541 3346 5596 Nam
3374 5539 3463 5611 qui
3489 5537 3708 5610 qua-rit,

2183 5725 2256 5788 (α)
2291 5725 2370 5775 ttic
2394 5722 2614 5788 qmedam
2637 5721 2923 5787 adjiciuntur
2951 5732 3012 5770 ex
3038 5719 3200 5769 Matth.
3232 5719 3302 5767 t7.
3334 5716 3408 5765 li.
