4054 6216
427 245 499 302 b7
1065 244 1126 303 S.
1166 245 1453 302 JOANNIS
1491 243 1987 302 CHRYSOSTOMI

2124 244 2345 304 CUIEP.
2385 248 2932 307 CONSTANTINOP.
3611 249 3678 303 58

423 353 583 409 τοῦτό
616 357 792 421 ἐστιν;
828 354 877 408 τί
921 355 1269 428 θορυϐεῖσθε;
1300 357 1350 410 τί
1390 356 1447 411 δὲ
1481 355 1802 426 ἐπείγεσθες
1844 355 2003 409 Ἀνα-

429 440 685 515 σχώμεθα
742 438 1037 510 κενωθῆναι
1098 440 1159 493 τὸ
1211 440 1517 512 δωμάτιον,
1575 439 1891 508 διαλυθῆναι
1943 438 2005 492 τὸ

430 526 688 596 θέατρονα
742 524 1189 594 ἀναχωρήσουσιν
1223 524 1273 576 οί
1324 522 1747 594 συνειλεγμένοι,
1784 521 2006 593 δυνησό-

434 608 572 676 μεθα
622 604 867 658 κατιδίαν
915 606 1058 676 αὐτῷ
1116 605 1447 678 προσελθεῖν,
1488 604 1584 657 καὶ
1634 606 1761 676 περὶ
1804 603 2005 657 τούτων

432 689 915 744 ἀνακοινώσασθαι.
962 688 1026 741 Τί
1061 689 1143 742 δεῖ
1189 689 1403 742 πάντων
1444 688 1692 760 ὁρώντων
1724 690 1804 752 είς
1841 687 2005 759 μέσον

432 773 759 845 προτεθῆναι
803 772 902 836 τάς
943 771 1083 842 ἐμὰς
1118 771 1423 842 συμφοράς,
1456 771 1552 825 καὶ
1585 771 1791 826 ἀνωθεν
1836 770 2005 842 χαλᾶ-

434 858 577 912 σθαι.
627 857 719 910 καὶ
760 857 1123 926 ἀσχημονεῖνς
1176 852 1394 908 Τούτων
1443 854 1595 908 οὐδὲν
1626 856 1832 919 ἐκεῖνος
1883 852 2006 907 οὔτε

434 939 570 1007 πρὸς
601 939 816 1001 ἐαυτὸν,
846 937 971 991 οὔτε
997 937 1133 1008 πρὸς
1158 936 1284 1000 τοὺς
1320 937 1645 1007 κομίζοντας
1673 932 1846 1001 εἶπεν,
1873 936 2009 990 ἀλλά

433 1021 636 1092 κόσμον
686 1017 823 1075 εἶναι
861 1020 1077 1090 ἐνόμιζε
1116 1019 1179 1073 τὸ
1220 1019 1501 1091 μάρτυρας
1545 1018 1832 1083 τοσούτους
1861 1019 2011 1090 ποιή-

436 1102 631 1156 σασθαι
672 1102 772 1172 τῆς
820 1101 1014 1156 ἐαυτοῦ
1063 1099 1380 1172 θεραπείας.
1414 1102 1528 1156 Οὐκ
1576 1101 1685 1156 ἀπὸ
1717 1100 1905 1156 τούτου
1952 1100 2009 1155 δέ

438 1186 596 1255 μόνον
620 1184 784 1238 αὑτοῦ
814 1185 912 1256 τὴν
945 1186 1124 1238 πίστιν
1154 1180 1219 1255 ἦν
1247 1184 1396 1248 ίδεῖν,
1435 1184 1571 1238 ἀλλά
1597 1184 1689 1238 καὶ
1709 1185 1800 1238 ἀπ’
1829 1183 2009 1237 αὐτῶν

433 1267 542 1321 τῶν
574 1268 666 1321 τοῦ
712 1267 947 1339 Χριστοῦ
1000 1267 1279 1338 ῥημάτων.
1326 1268 1542 1340 Ἐπειδὴ
1588 1267 1697 1338 7&9
1737 1266 2008 1338 ἐχαλάσθη

438 1350 531 1403 καὶ
559 1349 923 1421 προσηνέχθη,
952 1349 1116 1419 φησὶν
1141 1347 1289 1419 αύτῷ
1308 1352 1337 1402 ό
1359 1349 1592 1419 Χριστός
1612 1368 1625 1380 ·
1652 1349 1888 1417 Θάρσει,
1919 1348 2009 1401 τέ-

435 1448 607 1497 κνον,
647 1430 945 1500 ἀφέωνταί
972 1447 1068 1486 σοι
1102 1434 1162 1484 al
1181 1431 1475 1500 ἁμαρτίαι.
1506 1432 1615 1484 Kal
1635 1430 1808 1484 ταῦτα
1847 1427 2011 1483 ἀκού-

438 1533 537 1580 σας
571 1514 671 1568 οὐκ
724 1515 1122 1586 ἠγανάκτησεν,
1179 1516 1279 1569 οὐκ
1328 1516 1703 1588 ἐδυσχέρανεν,
1750 1516 1851 1569 οὐκ
1890 1511 2009 1569 εἷπε

438 1599 574 1672 πρὸς
594 1600 685 1653 τὸν
716 1599 900 1670 ἰατρόν
923 1617 936 1630 ’
969 1601 1035 1657 Τί
1065 1616 1196 1653 ποτε
1226 1599 1383 1653 τοῦτό
1426 1601 1610 1664 ἐστιν;
1643 1598 1828 1670 ἕτερον
1847 1594 2010 1666 ἦλθον

435 1682 838 1755 θεραπευθῆναι
871 1681 1063 1745 πάθος,
1100 1684 1195 1736 καὶ
1227 1682 1417 1755 ἕτερον
1464 1682 1627 1746 αὐτὸς
1686 1681 2008 1755 θεραπεύεις

436 1764 640 1832 Σκῆψις
663 1763 836 1816 ταῦτα
881 1762 976 1817 καὶ
1018 1764 1310 1833 πρόφασις,
1345 1764 1440 1817 καὶ
1483 1763 1768 1826 ἀσθενείας
1807 1780 2012 1834 προκα-

436 1845 714 1917 λύμματα.
759 1845 1057 1917 Ἀμαρτίας
1098 1846 1276 1914 ἀφίεις
1305 1846 1402 1910 τὰς
1433 1847 1531 1917 οὐχ
1562 1846 1879 1918 όρωμένας;
1907 1847 2012 1899 Οὑ-

436 1926 522 1981 δέν
552 1927 756 1981 τούτων
782 1927 882 1980 οὐκ
919 1923 1092 1991 εἶπεν,
1128 1928 1229 1982 οὐκ
1266 1930 1575 2000 ἐνενόησεν⁸
1611 1928 1725 1982 ἀλλ’
1751 1929 2012 1997 ἀνέμενεν

438 2010 746 2082 ἐπιτρέπων
797 2009 888 2063 τὸν
941 2010 1122 2082 ἰατρὸν
1176 2010 1283 2081 ὀδῷ
1333 2010 1640 2082 χρήσασθαι
1690 2009 2009 2081 θεραπείας,

436 2090 617 2165 ἧσπερ
639 2092 908 2147 ἐϐούλετο.
936 2092 1035 2146 Διά
1056 2091 1214 2146 τοῦτο
1242 2093 1336 2146 καὶ
1362 2097 1390 2147 ὁ
1419 2093 1653 2164 Χριστὸς
1682 2093 1783 2147 οὐκ
1803 2092 2010 2164 ἀπῆλθε

437 2176 573 2244 πρὸς
618 2174 800 2237 αὐτὸν,
841 2173 954 2227 ἀλλ’
986 2174 1267 2246 ἀνέμεινεν
1305 2176 1468 2230 αὐτὸν
1519 2174 1712 2236 ἐλθεῖν,
1746 2174 1830 2227 ἵνα
1882 2176 2010 2227 ἐπι-

435 2258 581 2331 δείξῃ
627 2256 792 2312 αὑτοῦ
834 2256 932 2330 τήν
976 2258 1156 2311 πίστιν
1190 2259 1344 2312 πᾶσι.
1374 2259 1464 2329 Μὴ
1509 2258 1617 2330 7&9
1654 2258 1752 2312 οὐκ
1780 2258 2012 2329 ἠδύνατο

435 2342 534 2412 τὴν
582 2340 784 2394 εἴσοδον
834 2343 1055 2412 ποιῆσαι
1117 2338 1374 2409 εῦκολον;
1418 2340 1557 2393 Ἀλλ’
1607 2341 1756 2394 οὐδὲν
1807 2338 2011 2393 τούτων

437 2421 710 2489 ἐποίησεν,
744 2422 832 2475 ἴνα
852 2423 1016 2475 πᾶσιν
1047 2422 1212 2476 αὑτοῦ
1239 2422 1336 2494 τὴν
1363 2423 1599 2493 σπουδὴν
1632 2423 1894 2495 ἐπιδείξῃ,
1917 2421 2011 2475 καὶ

437 2502 535 2573 τὴν
566 2502 791 2567 ζέουσαν
840 2502 1043 2556 πίστιν.
1084 2503 1352 2574 Καθάπερ
1382 2504 1490 2575 7&9
1512 2506 1648 2573 πρὸς
1684 2505 1887 2555 ἐκεῖνον
1919 2503 2010 2554 τὸν

438 2587 732 2657 τριάκοντα
750 2584 894 2638 ὀκτὼ
912 2585 1008 2654 ἐτη
1037 2585 1229 2654 ἔχοντα
1250 2586 1413 2656 ἀπῄει
1433 2586 1521 2638 διὶ
1544 2586 1605 2639 τδ
1640 2584 1841 2655 μηδένα
1866 2583 2013 2655 αὑτῷ

439 2670 729 2739 παρεῖναι·
781 2666 924 2722 οῦτω
958 2668 1164 2729 τοῦτον,
1215 2668 1401 2739 ἐπειδὴ
1456 2667 1684 2728 πολλοὺς
1727 2662 1842 2739 εἶχε
1885 2669 2012 2731 τοὺς

440 2751 836 2822 προσήκοντας,
884 2749 1166 2820 ἀνέμεινεν
1196 2750 1368 2803 ἐλθεῖν
1401 2750 1534 2822 πρὸς
1577 2748 1757 2815 αὑτὸν,
1791 2750 1876 2803 ἵνα
1918 2751 2012 2803 καὶ

439 2832 630 2886 τούτου
660 2831 757 2903 τήν
784 2833 963 2886 πίστιν
995 2833 1193 2904 ποιήσῃ
1227 2831 1391 2905 δήλην
1417 2832 1504 2886 διὰ
1535 2831 1624 2886 τοῦ
1658 2831 2014 2904 προσενεχθῆ-

442 2932 552 2978 ναι,
577 2914 829 2969 κάκείνου
865 2913 961 2985 τὴν
994 2915 1226 2986 ἐρημίαν
1258 2916 1406 2986 ἡμᾶς
1434 2914 1618 2988 διδάξῃ
1644 2914 1731 2968 διὰ
1753 2912 1848 2969 τοῦ
1877 2915 2013 2986 πρὸς

441 2997 603 3052 αὐτὸν
632 2995 906 3064 ἀπελθεῖν,
947 2996 1042 3050 καὶ
1087 2997 1277 3050 τούτου
1328 2998 1427 3069 τὴν
1476 2988 1709 3069 σπουδήν
1760 2997 2011 3050 κάκείνου

440 3082 542 3151 τήν
574 3079 852 3150 ὑπομονὴν
873 3079 1152 3151 ἐκκαλύψῃ
1184 3082 1337 3143 πᾶσι,
1371 3081 1465 3134 καὶ
1497 3080 1729 3150 μάλιστα
1752 3082 1865 3143 τοῖς
1891 3079 2011 3132 τότε

444 3161 730 3234 παροῦσιν.
766 3162 980 3233 Ἐπειδή
1017 3162 1126 3234 γάρ
1166 3162 1417 3216 εἰώθασιν
1469 3163 1709 3215 Ἰουδαῖοι
1754 3161 2011 3232 βάσκανοί

441 3262 586 3306 τινες
615 3244 709 3298 καὶ
737 3244 1113 3316 μισάνθρωποι
1139 3247 1259 3308 ταῖς
1283 3244 1391 3299 τῶν
1418 3244 1642 3315 πλησίον
1672 3244 2011 3315 εὐεργεσίαις

443 3328 677 3399 φθονεῖν,
713 3329 807 3382 xal
838 3328 932 3383 νῦν
965 3328 1073 3381 ἀπὸ
1095 3327 1191 3381 τοῦ
1223 3327 1415 3399 καιροῦ
1447 3330 1560 3391 τοῖς
1593 3326 1861 3397 θαύμασιν
1890 3328 2011 3380 ἐπι-

446 3412 707 3481 σκήπτειν
743 3410 1013 3479 λέγοντες,
1054 3411 1135 3463 ὅτι
1170 3412 1227 3463 ἐν
1273 3408 1528 3481 σαϐϐάτῳ
1569 3409 1881 3481 θεραπεύει,
1917 3409 2013 3463 νῦν

443 3493 500 3546 δὲ
534 3493 640 3546 ἀπὸ
680 3492 773 3546 τοῦ
829 3492 943 3562 βίου
979 3492 1084 3545 τῶν
1131 3491 1596 3563 εὐεργετουμένων
1637 3492 1885 3561 λέγοντες
1911 3513 1919 3520 ·
1946 3494 2014 3545 El

445 3571 524 3643 ἦν
553 3573 862 3643 προφήτης
893 3570 1091 3638 οὗτος,
1129 3572 1257 3643 ᾔδει
1295 3575 1386 3639 τίς
1412 3569 1547 3644 ἦνή
1579 3573 1732 3641 γυνὴ
1756 3575 1792 3641 ἡ
1829 3575 2012 3626 ἁπτο-

445 3655 597 3726 μένη
630 3654 961 3729 αὐτοῦονυύκ
1002 3654 1224 3721 εἰδότες,
1263 3655 1345 3708 δτι
1377 3654 1560 3726 ἰατροῦ
1601 3655 1833 3726 μάλιστα
1858 3654 2015 3710 τοῦτό

448 3740 567 3791 ἐστι
603 3738 665 3790 τὸ
711 3739 824 3800 τοῖς
863 3737 1233 3809 ἀρρωστοῦσιν
1278 3737 1693 3808 ἀναμίγνυσθαι,
1725 3738 1821 3791 καὶ
1866 3738 2017 3810 παρά

447 3821 574 3883 τοὺς
592 3817 879 3883 νοσοῦντας
905 3821 991 3873 ἀεὶ
1013 3818 1315 3889 φαίνεσθαι,
1342 3818 1478 3873 ἀλλά
1507 3818 1582 3891 μή
1609 3824 1798 3889 φυγεῖν
1820 3821 2016 3886 αὐτοὺς

445 3898 583 3971 μηδὲ
630 3901 936 3973 ἀποπηδᾷν,
980 3903 1156 3973 Ὅπερ
1187 3898 1279 3955 οῦν
1321 3902 1414 3956 καὶ
1450 3902 1586 3974 πρὸς
1624 3902 1864 3969 ἐκείνους
1901 3903 2014 3977 [42]

450 3984 862 4055 ἀποτεινόμενος
892 3984 1105 4053 ἔλεγεν·
1138 3986 1221 4039 Ui:
1245 3985 1455 4054 χρείαν
1478 3985 1728 4055 ἔχουσιν
1748 3989 1801 4041 οί
1831 3988 2017 4059 ὑγιαί-

449 4082 661 4133 νοντες
703 4066 923 4136 ἰατροῦ,
960 4067 1095 4122 ἀλλ’
1128 4070 1182 4122 οἱ
1221 4066 1420 4134 κακῶς
1457 4066 1724 4137 ἔχοντες.
1766 4069 1885 4124 Ἵνα
1923 4067 2015 4124 οῦν

454 4149 531 4220 μὴ
572 4149 638 4203 τά
666 4149 806 4203 αὐτὰ
838 4149 998 4204 πάλιν
1033 4149 1324 4219 ἐγκαλῶσι,
1348 4149 1610 4222 πρότερον
1638 4151 1910 4206 δείκνυσιν
1940 4152 2016 4217 ὡς

450 4230 592 4297 ἀξιοι
623 4233 720 4302 τῆς
751 4230 1044 4302 θεραπείας
1089 4232 1224 4286 εἰσὶν
1254 4233 1306 4285 οἱ
1346 4233 1658 4302 προσιόντες
1686 4234 1774 4288 διά
1804 4235 1903 4306 τὴν
1928 4236 2016 4288 πί-

450 4330 590 4376 στιν,
624 4315 689 4385 ην
717 4314 1102 4369 ἐκδείκνυνται.
1134 4313 1233 4369 Διά
1268 4313 1424 4368 τοῦτο
1468 4315 1719 4371 κάκείνου
1762 4317 1861 4390 τήν
1888 4320 2017 4389 ἐρη-

452 4396 602 4467 μίαν.
632 4398 726 4451 καὶ
770 4396 960 4451 τούτου
992 4397 1090 4468 τὴν
1114 4397 1341 4461 ζέουσαν
1379 4397 1559 4453 πίστιν
1593 4399 1689 4453 καὶ
1712 4400 2016 4471 προθυμίαν

450 4478 620 4545 ἔδειξε
644 4497 659 4511 ·
712 4478 799 4532 διά
834 4478 993 4533 τοῦτο
1029 4481 1234 4535 ἐκεῖνον
1285 4479 1386 4552 μὲν
1421 4482 1478 4535 ἐν
1531 4480 1785 4552 σαϐϐάτῳ
1827 4481 2014 4557 ἐθερά-

446 4579 638 4627 πευσε,
658 4559 845 4615 τοῦτον
863 4561 920 4616 δέ
945 4563 1044 4616 οὐκ
1060 4564 1117 4618 ἐν
1130 4562 1387 4635 σαϐϐάτῳ
1407 4578 1420 4591 ·
1456 4562 1544 4628 ἵν’,
1570 4564 1695 4619 ὅταν
1714 4564 1829 4637 ίδῃς
1845 4568 1938 4620 καὶ
1959 4569 2016 4621 ἐν

449 4644 651 4715 ἐτέρᾳή
661 4644 802 4715 μέρα
817 4643 1177 4713 ἐγκαλοῦντας
1198 4646 1290 4699 καὶ
1307 4647 1670 4718 ἐπιτιμῶντας
1685 4647 1762 4719 τῷ
1775 4649 2013 4721 Χριστῷ.

454 4725 650 4795 μάθῃς,
680 4726 763 4778 ὅτι
799 4726 895 4777 καὶ
935 4726 1057 4778 τότε
1086 4728 1146 4779 ού
1172 4727 1259 4781 διὰ
1291 4727 1390 4799 τὴν
1426 4728 1519 4782 τοῦ
1557 4730 1723 4800 νόμου
1765 4736 2014 4805 παρατή-

452 4822 611 4877 ρησιν
642 4805 945 4869 ἐνεκάλουν,
973 4806 1108 4861 ἀλλά
1135 4807 1234 4879 τὴν
1270 4810 1477 4864 οἰκείαν
1503 4810 1800 4881 βασκανίαν
1829 4815 2016 4887 φέρειν

449 4889 549 4941 οὐκ
600 4887 830 4958 ἔχοντες.
870 4888 969 4945 Διά
1008 4890 1060 4943 τί
1089 4889 1147 4944 δέ
1187 4892 1288 4945 οὐκ
1338 4893 1433 4946 ἐπὶ
1464 4892 1525 4946 τὸ
1566 4894 1666 4966 τήν
1713 4896 2016 4967 παράλυσιν

448 4969 684 5043 ὀρθῶσαι
713 4972 976 5045 πρότερον
994 4967 1176 5045 ἦλθεν,
1203 4972 1344 5029 ἀλλά
1356 4990 1508 5046 φησι·
1529 4974 1768 5044 Θάρσει,
1784 4979 2018 5047 τέκνον,

446 5047 748 5117 ἀφέωνται
758 5066 876 5107 σου
887 5054 945 5106 al
959 5054 1257 5123 άμαρτίαι;
1282 5056 1389 5107 Καὶ
1410 5055 1565 5109 τοῦτο
1586 5056 1788 5129 σφόδρα
1812 5061 2010 5130 σοφῶς.

449 5130 558 5186 Καὶ
584 5130 692 5216 γάρ
721 5136 833 5197 τοῖς
860 5136 1062 5216 ίατροῖς
1083 5134 1201 5199 ἔθος
1232 5137 1348 5189 ἐστὶ
1376 5137 1451 5207 μὴ
1477 5137 1738 5210 πρότερον
1757 5140 1826 5194 τά
1851 5144 2012 5216 νοσή-

453 5228 600 5293 ματα
630 5213 800 5280 λύειν,
840 5215 978 5269 ἀλλά
1006 5216 1105 5281 τάς
1143 5216 1328 5287 πηγάς
1368 5219 1547 5273 αὐτῶν
1589 5221 1849 5293 ἀναιρεῖν.
1889 5213 2014 5281 Οίον

450 5291 712 5379 πολλάκις
793 5296 898 5350 ὑπὸ
946 5298 1182 5371 πονηροῦ
1243 5299 1416 5369 χυμοῦ
1472 5303 1567 5356 καὶ
1619 5291 2013 5379 διεφθαρμένου

445 5378 728 5463 ῥεύματος
760 5379 1159 5463 ἐνοχλουμένων
1197 5380 1511 5452 ὀφθαλμῶν,
1555 5387 1714 5455 ἀφεὶς
1755 5389 1785 5441 ὁ
1816 5378 2014 5463 θίατρὸς

445 5461 544 5542 τὴν
576 5458 834 5515 νοσοῦσαν
876 5460 1208 5534 θεραπεῦσαι
1246 5465 1435 5538 κόρην,
1473 5467 1572 5537 τῆς
1613 5469 1857 5542 κεφαλῆς
1887 5458 2015 5527 ἐπε.

449 5541 740 5626 μελήσατο,
767 5542 893 5626 ἔνθα
921 5546 954 5618 ή
999 5544 1126 5617 ρίζα
1154 5548 1249 5602 zcal
1286 5549 1319 5620 ή
1373 5550 1523 5622 πηγή
1554 5551 1656 5622 τῆς
1700 5541 2013 5626 ἀρρωστίας

448 5615 540 5693 ἦν·
582 5621 725 5677 οὕτω
764 5625 856 5678 καὶ
887 5628 916 5681 ὸ
942 5615 1202 5701 ’Χριστὸς
1235 5615 1477 5702 ἐπὸίηὲ,
1510 5615 1623 5705 τὴν
1663 5615 1844 5707 πηγήν
1884 5615 2011 5693 ἅναξ

2114 357 2320 411 στέλλει
2358 359 2467 412 τῶν
2496 360 2680 415 κακῶν
2719 361 3001 432 πρότερον.
3048 360 3202 433 Πηγὴ
3234 360 3341 433 7&9
3374 361 3562 416 κακῶν
3586 366 3681 417 καὶ

2114 449 2239 520 ρίζα
2266 451 2360 504 καὶ
2394 454 2578 524 μήτηρ
2611 455 2829 509 πάντων
2856 453 2975 507 ἐστὶ⁵
3006 452 3103 523 τῆς
3134 452 3407 523 ἁμαρτίας
3437 452 3472 526 ή
3502 453 3681 523 φύσις.

2112 537 2261 610 Δῦτη
2295 541 2363 593 τά
2408 542 2637 612 σώματα
2660 543 2819 614 ήμῶν
2865 542 3162 614 παραλύει“
3194 540 3334 613 αῦτη
3371 543 3470 604 τάς
3494 543 3684 610 νόσους

2112 628 2308 699 ἐπάγει
2329 646 2345 662 ·
2366 632 2451 686 διὰ
2472 632 2628 686 τοῦτο
2643 634 2737 687 καὶ
2753 631 2989 687 ἐνταῦθά
3003 648 3161 702 φησι·
3189 631 3426 701 Θάρσει,
3445 632 3678 701 τέκνον,

2113 721 2410 790 ἀφέωνταί
2451 741 2569 779 σου
2616 726 2675 780 αι
2724 725 3027 796 ἁμαρτίαν
3074 726 3234 780 κάκεῖ
3277 741 3475 797 φησιν·
3528 727 3682 783 Ἰδοὺ

2112 815 2288 885 ὑγιὴς
2318 816 2589 887 γέγονας,
2629 818 2838 888 μηκέτι
2877 818 3200 889 ἁμάρτανε,
3239 818 3338 871 ἵνα
3366 815 3452 887 μὴ
3482 820 3684 888 χεῷὀν

2113 907 2171 960 τί
2200 922 2296 962 σοι
2320 909 2580 977 γένηται,
2612 910 2785 982 δηλῶν
2824 910 3175 981 ἀμφοτέροις,
3209 910 3291 964 ὄτι
3324 907 3382 975 ἐξ
3435 910 3684 984 ἁμαρτη-

2117 996 2301 1067 μάτων
2332 998 2630 1071 ἐτέχθησαν
2677 994 2837 1056 αῦται
2875 1003 2930 1054 αἱ
2968 1002 3136 1054 νόσοι.
3168 1002 3278 1055 Καὶ
3320 1004 3379 1055 ἐν
3409 1004 3552 1074 ἀρχῇ
3586 1005 3684 1056 καὶ

2114 1086 2173 1137 ἐν
2203 1087 2507 1158 προοιμίοις
2539 1088 2640 1160 τῆς
2683 1091 2914 1154 κτίσεως
2947 1091 3005 1156 ἐξ
3035 1090 3309 1163 ἁμαρτίας
3353 1093 3387 1163 ή
3419 1092 3573 1157 νόσος
3600 1094 3682 1157 είς

2114 1176 2175 1230 τὸ
2202 1176 2295 1229 τοῦ
2329 1179 2468 1234 Κάῖν
2494 1179 2807 1251 κατέσκηψε
2838 1180 3017 1252 σῶμα.
3040 1183 3150 1236 Καὶ
3175 1182 3284 1255 γὰρ
3315 1185 3520 1247 ἐκεῖνος
3544 1183 3684 1254 μετὰ

2114 1269 2213 1339 τήν
2256 1270 2689 1339 ἀδελφοκτονίαν,
2734 1272 2875 1342 μετά
2911 1272 3011 1343 τὴν
3057 1274 3397 1345 παρανομίαν
3444 1274 3677 1345 ἐκείνην,

2114 1360 2236 1414 τότε
2268 1362 2543 1435 παρελύθη
2587 1364 2649 1417 τὸ
2683 1364 2861 1436 σῶμα.
2895 1365 2969 1418 Tb
2996 1365 3103 1437 7&9
3129 1366 3351 1437 τρέμειν
3378 1367 3529 1420 οὐδὲν
3565 1367 3684 1420 ἐτε-

2118 1451 2210 1523 ρόν
2232 1452 2376 1505 ἐστιν
2413 1453 2446 1524 ἢ
2479 1454 2800 1525 παράλυσις.
2834 1456 2945 1510 Kal
2980 1455 3090 1527 7&9
3121 1457 3248 1509 ὅταν
3276 1458 3309 1527 ή
3349 1458 3411 1510 τὸ
3444 1456 3579 1522 ζῶον
3598 1458 3681 1510 οί-

2117 1542 2420 1614 κονομοῦσα
2476 1544 2703 1617 δύναμις
2754 1547 3116 1620 ἀσθενεστέρα
3187 1548 3440 1620 γένηται,
3499 1548 3682 1602 οὐκέτι

2116 1634 2386 1705 δυναμένη
2412 1636 2591 1690 πάντα
2614 1636 2993 1701 διαϐαστάζειν
3019 1639 3087 1692 τὰ
3112 1638 3268 1710 μέλη,
3294 1639 3517 1710 ἀφίησιν
3544 1639 3683 1694 αὐτά

2117 1725 2217 1795 τῆς
2244 1726 2449 1791 οἰκείας
2477 1729 2751 1798 προνοίας,
2774 1725 2891 1783 εἶτα
2927 1730 3260 1801 χαλασθέντα
3287 1733 3467 1786 ἐκεῖνα
3489 1731 3677 1804 τρέμει

2118 1815 2212 1869 καὶ
2237 1816 2610 1889 περιφέρεται.

2187 1954 2260 2021 ς’.
2279 1955 2449 2012 Τοῦτο
2464 1956 2561 2011 zeal
2579 1952 2787 2020 Παῦλος
2811 1955 3073 2028 ἐδήλωσεν
3092 1970 3108 1987 ’
3126 1957 3395 2029 ἁμαρτίαν
3426 1958 3532 2029 γάρ
3560 1973 3686 2012 τινα

2117 2043 2426 2114 Κορινθίοις
2467 2046 2713 2115 ἐγκαλῶν
2767 2061 2933 2117 φησι⁶
2987 2050 3090 2104 Διά
3133 2050 3309 2105 τοῦτο
3342 2051 3557 2106 πολλοὶ
3612 2052 3687 2105 ὲν

2116 2134 2260 2203 ὑμῖν
2276 2135 2552 2204 ἀσθενεῖς
2578 2139 2674 2192 καί
2702 2139 2992 2208 ἄρρωστοι
3009 2159 3023 2173 ·
3059 2141 3147 2196 διὰ
3181 2143 3338 2197 τοῦτο
3376 2144 3468 2196 καὶ
3496 2146 3525 2198 ό
3553 2141 3687 2214 X9:-

2119 2226 2243 2289 στδς
2287 2228 2549 2301 πρότερον
2583 2231 2682 2301 τήν
2718 2233 2897 2286 αἰτίαν
2931 2234 3145 2304 ἀναιρεῖ
3189 2233 3298 2288 τῶν
3343 2234 3553 2299 κακῶν,
3586 2236 3687 2290 καὶ

2117 2318 2304 2381 εἰπὼν,
2335 2318 2572 2390 Θάρσει,
2596 2323 2828 2390 τέκνον,
2845 2325 3141 2395 ἀφέωνταί
3161 2342 3276 2382 σου
3297 2329 3356 2381 αἱ
3387 2326 3684 2396 ἁμαρτίαι,

2117 2413 2396 2484 ἀνίστησιν
2428 2414 2591 2468 αὐτοῦ
2624 2414 2685 2468 τὸ
2727 2416 3001 2488 φρόνημα,
3040 2417 3294 2489 διεγείρει
3345 2418 3684 2489 καταϐεϐλη-

2122 2506 2289 2577 μένην
2319 2508 2417 2577 τήν
2444 2508 2625 2578 ψυχήν
2644 2525 2658 2538 ·
2691 2510 2719 2562 ό
2739 2509 2848 2580 γάρ
2868 2510 3024 2577 λόγος
3053 2509 3212 2580 ἔργον
3238 2511 3467 2580 ἐγίνετο,
3491 2510 3581 2566 καὶ
3605 2512 3688 2575 εἰς

2118 2596 2178 2650 τὸ
2211 2598 2446 2662 συνειδὸς
2484 2599 2739 2654 εἰσελθὼν
2777 2602 2947 2672 αὐτῆς
2983 2605 3185 2674 ἥπτετο
3233 2604 3331 2673 τῆς
3360 2604 3558 2675 ψυχῆς,
3587 2605 3687 2659 καὶ

2119 2690 2300 2743 πᾶσαν
2345 2691 2581 2759 ἀγωνίαν
2615 2691 2886 2756 ἐξέϐαλεν.
2917 2694 3081 2747 υύδέν
3132 2694 3242 2767 7&9
3272 2694 3446 2760 οὕτως
3484 2695 3685 2767 ήδονὴν

2118 2782 2281 2844 ποιεῖ,
2322 2782 2417 2835 καὶ⁴
2441 2782 2670 2854 παρέχει
2701 2782 2923 2856 θαρρεῖν
2963 2784 3038 2850 ὼς
3068 2783 3131 2838 τὸ
3167 2785 3331 2856 μηδὲν
3359 2784 3553 2839 ἐαυτοῦ
3592 2802 3689 2840 κα-

2116 2874 2388 2942 τηγορεῖν.
2423 2872 2658 2941 Θάρσει,
2685 2861 2919 2939 τέκθοκ,
2942 2874 3237 2945 ἀφέωνται
3267 2890 3383 2931 σου
3403 2879 3463 2931 αι
3499 2877 3688 2945 ἁμαρ·

2118 2963 2254 3018 τΙαι.
2288 2963 2460 3018 Ὅπου
2488 2967 2595 3036 7&9
2641 2966 3051 3038 ἁμαρτημάτων
3094 2965 3309 3036 ἄφεσις,
3351 2968 3468 3021 ἐκεῖ
3515 2969 3691 3022 υίοθε-

2121 3049 2230 3105 σία.
2284 3051 2440 3106 Οὕτω
2475 3052 2605 3122 γοῦν
2646 3054 2740 3107 καὶ
2773 3055 2932 3125 ἡμεῖς
2989 3055 3050 3108 οὐ
3106 3055 3370 3127 πρότερον
3413 3056 3689 3127 δυνάμεθα

2119 3142 2343 3196 καλέσαι
2378 3144 2614 3215 Πατέρα,
2650 3144 2755 3209 ἓως
2786 3146 2845 3198 ἐν
2868 3148 2933 3217 τῇ
2965 3145 3316 3218 κολυμϐήθρᾳ
3347 3147 3454 3200 τῶν
3483 3147 3691 3202 ὑδάτων

2118 3233 2227 3286 τῶν
2256 3232 2425 3302 ἁγίων
2448 3234 2838 3307 ἀπονιψὼμεθα
2867 3236 2931 3290 τά
2946 3238 3336 3309 ἁμαρτήματα.
3368 3238 3536 3292 Ὅταν
3558 3238 3690 3308 γοῦν

2119 3322 2329 3378 ἐκεῖθεν
2366 3325 2678 3397 ἀνέλθωμεν
2709 3327 2770 3381 τὸ
2803 3328 3039 3400 πονηρὸν
3082 3329 3254 3381 ἐκεῖνο
3301 3328 3518 3400 φορτίον
3555 3330 3692 3383 ἀπο-

2121 3414 2355 3486 θέμενοι,
2386 3417 2506 3473 τότε
2533 3418 2782 3491 λέγομεν,
2802 3419 2993 3488 Πάτερ
3018 3418 3207 3491 ἡμῶν,
3238 3424 3270 3475 ὀ
3289 3421 3358 3474 ἐν
3376 3420 3499 3487 τοῖς
3521 3421 3694 3488 οὐρα·

2119 3507 2268 3574 νοῖς.
2315 3509 2476 3563 ’Δλλά
2520 3511 2663 3574 τίνος
2705 3511 2890 3565 ἐνεκεν
2938 3512 3032 3565 ἐπὶ
3067 3511 3162 3566 τοῦ
3208 3510 3497 3583 τριάκοντα
3540 3508 3692 3564 ὀκτὼ

2121 3598 2334 3668 ἔχοντος
2383 3600 2481 3671 οὐχ
2530 3599 2704 3665 οὕτως
2752 3601 3026 3672 ἐποίησεν,
3065 3602 3199 3657 ἀλλά
3237 3602 3297 3655 τὸ
3329 3600 3485 3671 σῶμα
3518 3600 3694 3654 αὐτοῦ

2124 3687 2238 3761 [45]
2266 3689 2540 3761 διώρθωσε
2581 3691 2841 3764 πρότερον
2864 3708 2879 3754 ς
2917 3691 3039 3746 Ὅτι
3079 3692 3272 3763 ἐκείνῳ
3298 3692 3394 3763 μέν
3421 3692 3500 3763 τῷ
3522 3693 3693 3764 μήκει

2120 3779 2216 3834 τοῦ
2243 3779 2431 3852 χρόνου
2451 3780 2519 3835 τά
2545 3781 2920 3852 ἁμαρτήματα
2945 3781 3278 3854 δεδαπάνητο
3299 3802 3311 3814 ·
3339 3781 3558 3837 δύναται
3581 3782 3693 3854 γάρ

2123 3867 2426 3941 πειρασμοῦ
2476 3869 2703 3941 μέγεθος
2755 3870 2816 3924 τὸ
2862 3870 2971 3925 τῶν
3025 3872 3432 3944 ἁμαρτημάτων
3476 3873 3692 3945 φορτίον

2122 3958 2322 4028 κοῦφον
2344 3958 2547 4013 ποιεῖν·
2581 3958 2770 4031 ῶσπερ
2802 3954 2894 4015 οῦν
2924 3958 3019 4013 καὶ
3056 3960 3147 4013 ἐπὶ
3174 3958 3269 4012 τοῦ
3302 3956 3548 4030 Λαζάρου
3587 3973 3692 4027 φηο

2125 4051 2228 4113 σὶν,
2257 4050 2339 4103 ὅτι
2366 4049 2606 4105 ἀπέλαϐε
2627 4048 2697 4102 τά
2721 4049 2867 4103 κακά
2903 4048 3090 4114 αὐτοῦ,
3124 4049 3217 4105 καὶ
3249 4047 3479 4105 ἐνταῦθα
3511 4063 3691 4118 παρα-

2123 4139 2407 4193 καλεῖται’
2459 4139 2554 4192 καὶ
2596 4137 2759 4192 πάλιν
2812 4137 3044 4209 ἀλλαχοῦ
3087 4154 3248 4210 φησι·
3289 4135 3691 4207 Παρακαλεῖτε

2124 4229 2231 4284 τὸν
2258 4230 2414 4285 λαόν
2432 4246 2575 4299 μου,
2604 4228 2913 4298 ludﬁcari:
2939 4231 3026 4297 εἰς
3049 4229 3163 4299 τὴν
3187 4229 3439 4299 καρδίαν
3478 4230 3693 4299 Ἰερου-

2123 4319 2354 4390 σαλὴμ,
2392 4320 2488 4375 ὅτι
2523 4320 2768 4387 ἐδέξατο
2807 4321 2876 4376 ἐκ
2905 4321 3103 4392 χειρὸς
3141 4322 3362 4389 Κυρίου
3399 4320 3584 4377 διπλᾶ
3618 4321 3695 4376 τὰ

2125 4409 2509 4481 ἁμαρτήματα
2530 4409 2739 4480 αὐτῆς.
2775 4411 2885 4465 Kal
2910 4411 3069 4465 πάλιν
3096 4412 3126 4463 ὁ
3160 4412 3462 4482 προφήτης,
3493 4410 3691 4479 Κύριε,

2123 4502 2372 4572 εἰρήνην
2419 4502 2526 4569 δὸς
2573 4503 2737 4573 ἡμῖν,
2771 4501 2968 4558 πάντα
3016 4504 3126 4574 γὰρ
3172 4502 3484 4569 ἀπέδωκας
3525 4501 3692 4573 ἡμῖν,

2124 4593 2425 4666 ἐμφαίνων,
2458 4595 2540 4649 ὅτι
2568 4595 2627 4649 αἱ
2667 4594 2926 4667 τιμωρίαι
2968 4595 3062 4648 καὶ
3088 4596 3142 4647 αί
3171 4593 3419 4657 κολάσεις
3445 4594 3695 4665 ἁμαρτη-

2126 4688 2312 4757 μάτων
2359 4686 2704 4757 συγχώρησιν
2752 4684 2984 4752 ποιοῦσι,
3025 4684 3120 4740 καὶ
3167 4683 3491 4756 πολλαχόθεν
3537 4683 3696 4738 τοῦτό

2125 4782 2244 4834 ἐστι
2271 4779 2503 4850 φανερὸν
2524 4777 2768 4847 ποιῆσαι.

2205 4909 2359 4981 Ἐμοὶ
2391 4909 2564 4964 τοίνυν
2583 4909 2730 4962 δοκεῖ
2746 4908 2911 4981 μηδὲν
2934 4908 3125 4980 ἐκείνῳ
3158 4909 3283 4979 περὶ
3305 4908 3549 4977 ἀφέσεως
3573 4905 3663 4958 δια
3681 4933 3694 4944 -

2120 5000 2399 5070 λεχθῆναι,
2426 4999 2562 5055 ἀλλά
2604 4998 2741 5071 πρὸς
2772 4997 2831 5053 τὸ
2863 4998 3051 5070 μέλλον
3079 4998 3241 5053 αὐτὸν
3270 4994 3695 5068 ἀσφαλίσασθαι,

2119 5091 2197 5156 ὡς
2230 5091 2338 5147 τῶν
2371 5092 2472 5163 ήδη
2530 5091 3026 5164 πλημμεληθέντων
3060 5091 3138 5163 τῷ
3172 5092 3337 5162 μήκει
3377 5091 3479 5160 τῆς
3510 5090 3695 5160 ἀρρω-

2124 5182 2275 5247 στίας
2300 5201 2312 5213 ·
2352 5182 2463 5254 ήεί
2505 5182 2580 5254 μὴ
2620 5182 2797 5245 τοῦτο,
2829 5182 2915 5237 διά
2963 5182 3025 5236 τὸ
3065 5182 3229 5252 μηδὲν
3265 5180 3425 5235 αὐτὸν
3473 5179 3699 5251 μηδέπω

2125 5276 2253 5346 περὶ
2296 5273 2390 5328 τοῦ
2422 5274 2654 5346 Χριστοῦ
2700 5273 2987 5328 πεπεῖσθαι
3019 5273 3181 5345 μέγα,
3213 5273 3301 5328 διὰ
3335 5273 3495 5327 τοῦτο
3525 5271 3700 5327 ἐπὶτδ

2120 5366 2337 5420 ἔλαττον
2397 5366 2657 5437 πρότερον
2702 5360 2855 5436 ἦλθε,
2882 5367 2976 5419 zeal
3027 5364 3089 5418 τὸ
3117 5365 3346 5438 φανερὸν
3386 5365 3480 5419 καὶ
3515 5363 3699 5434 δῆλον,

2115 5452 2213 5524 τὴν
2232 5456 2328 5512 τοῦ
2362 5456 2610 5528 σώματος
2662 5457 2848 5526 ὑγείαν
2861 5474 2885 5528 ς
2925 5457 3018 5510 ἐπὶ
3055 5456 3113 5510 δέ
3154 5456 3344 5511 τούτου
3373 5458 3473 5527 οὐχ
3500 5454 3698 5518 οὕτως.

2117 5549 2232 5602 ἀλλ’
2261 5550 2446 5621 ἐπειδὴ
2487 5550 2686 5622 μᾶλλον
2738 5551 3047 5614 ἐπίστευσε,
3091 5548 3186 5602 καὶ
3216 5548 3549 5620 ὑψηλοτέραν
3582 5545 3699 5618 εἶχε

2116 5641 2312 5712 ψυχὴν,
2341 5641 2427 5695 διά
2487 5642 2639 5696 τοῦτο
2683 5641 2832 5715 αὒτῷ
2859 5643 2984 5715 περὶ
3012 5641 3107 5712 τῆς
3149 5641 3538 5712 χαλεπωτέρας
3567 5642 3705 5711 πρόσ-
