4054 6216
289 271 356 325 5'7
1178 263 1245 322 IN
1278 261 1769 322 PARALYTICUM
1803 263 2146 325 DEMISSUM
2189 270 2324 328 PER
2363 268 2659 332 TECTUM.
3507 285 3578 338 53%

286 381 510 448 invenit,
538 388 590 436 et
617 382 844 453 pulsanti
872 381 1141 451 aperietur
1170 380 1319 452 (an.
1350 383 1437 436 lt.
1464 381 1580 451 10).
1611 381 1726 437 Non
1747 380 1884 436 dixit

296 474 609 546 proptnquis
649 474 792 541 suis,
824 473 963 541 Quid
992 473 1096 529 hoc
1120 473 1200 528 rei
1227 473 1342 528 est?
1377 472 1513 541 Quid
1558 472 1883 528 turbamini?

285 567 411 638 quid
434 580 563 620 vero
592 565 936 637 properatis?
978 564 1365 635 Exspectemus
1390 579 1665 636 quousque
1690 563 1883 619 domus

284 667 606 724 evacuetur,
648 657 916 714 theatrum
955 656 1298 712 dimittatur:
1328 656 1587 713 recedent
1627 657 1718 726 qui
1750 670 1881 711 con-

285 751 487 821 gregati
530 759 690 817 sunt,
733 749 1029 820 poterimus
1056 748 1301 818 privatim
1328 748 1393 803 ad
1424 748 1571 803 illum
1599 747 1878 815 accedere,

286 856 348 894 ae
377 841 443 895 de
468 840 550 895 his
572 840 733 896 rebus
760 839 908 894 illum
934 839 1236 894 consulere.
1266 838 1403 906 Quid
1435 853 1569 909 opus
1597 847 1677 892 est
1707 838 1883 907 inspe-

284 933 551 989 ctantibus
590 932 842 988 omnibus
875 932 1207 987 calamitates
1235 946 1383 987 meas
1414 931 1464 985 in
1495 930 1726 986 medium
1756 944 1881 999 pro-

283 1024 450 1092 ferri,
482 1037 534 1081 et
568 1026 799 1096 desuper
833 1025 1108 1093 submitti,
1159 1033 1317 1094 atque
1348 1024 1597 1079 indecore
1636 1022 1882 1079 moveri?

284 1118 488 1173 llorum
526 1118 659 1173 nihil
689 1127 780 1173 aut
802 1118 938 1189 apud
969 1134 1028 1173 se
1052 1126 1143 1172 aut
1178 1119 1246 1173 ad
1277 1133 1371 1173 eos
1395 1120 1483 1189 qui
1515 1134 1573 1173 se
1599 1118 1881 1188 gestabant

282 1212 567 1282 cloquutus
592 1221 708 1277 est,
740 1211 834 1267 sed
868 1220 1182 1267 ornamento
1209 1212 1310 1267 sibi
1337 1226 1456 1267 esse
1484 1211 1655 1277 duxit,
1687 1221 1743 1265 ut
1770 1220 1876 1266 tam

283 1305 483 1359 multos
523 1304 816 1360 curationis
860 1319 971 1360 sure
1009 1313 1177 1360 testes
1224 1304 1494 1360 redderet.
1525 1305 1705 1376 Neque
1750 1319 1879 1360 vero

282 1402 488 1450 tantum
520 1411 587 1451 ex
629 1395 731 1452 hoc
762 1395 895 1452 ﬁdes
924 1396 1041 1466 ejus
1061 1396 1207 1451 cerni
1233 1405 1473 1466 poterat,
1503 1397 1596 1452 sed
1626 1396 1783 1451 etiam
1811 1412 1877 1451 ex

282 1488 413 1559 ipsis
435 1487 635 1546 Christi
678 1491 878 1546 verbis.
924 1491 1213 1562 Postquam
1243 1493 1388 1547 enim
1427 1491 1692 1547 demissus
1716 1499 1798 1547 est
1824 1500 1879 1546 et

277 1580 508 1649 oblatus,
532 1583 606 1637 ait
633 1583 705 1638 illi
727 1581 993 1650 Christus,
1024 1582 1255 1654 Conﬁde,
1288 1585 1366 1654 ﬁli
1385 1625 1400 1648 ,
1430 1586 1754 1639 remittuntur
1782 1584 1872 1638 tibi

280 1681 506 1741 peccata.
538 1671 631 1726 llis
656 1671 748 1727 ille
772 1671 968 1728 auditis
999 1688 1103 1729 non
1124 1688 1265 1743 tegre
1293 1674 1429 1739 tulit,
1459 1689 1563 1730 non
1593 1673 1728 1729 dixit
1755 1687 1872 1727 me-

282 1760 405 1817 dico
439 1780 453 1817 :
485 1762 627 1831 Quid
656 1763 758 1819 hoc
779 1764 855 1819 rei
886 1773 966 1820 est
985 1764 1010 1817 1
1031 1764 1113 1820 Ab
1141 1765 1309 1821 altero
1347 1764 1537 1820 morbo
1567 1774 1623 1818 ut
1652 1779 1875 1818 sanarer

281 1852 511 1921 adveni,
553 1864 608 1909 et
648 1854 874 1910 alterum
920 1856 1035 1926 ipse
1073 1856 1266 1911 sanat?
1296 1855 1395 1911 Ista
1419 1863 1720 1911 commenta
1749 1862 1875 1909 sunt

281 1955 336 2001 et
382 1955 705 2017 praetextas,
756 1957 813 2003 et
852 1948 1232 2003 imbecillitatis
1274 1959 1602 2021 tegumenta.
1648 1948 1873 2003 Peccata

280 2053 457 2102 sanas,
482 2054 602 2110 qua:
629 2055 735 2094 non
762 2043 1096 2096 cernuntur?
1117 2041 1258 2095 Nihil
1290 2041 1480 2096 borum
1512 2056 1683 2111 neque
1702 2040 1867 2105 dixit,

277 2145 451 2200 neque
475 2132 767 2202 cogitavit,
806 2132 900 2187 sed
938 2134 1271 2203 exspectavit
1298 2135 1644 2204 permittens,
1676 2144 1871 2189 utme-

274 2220 426 2276 dicus
453 2237 571 2277 eam
613 2219 911 2278 curationis
948 2223 1087 2278 viam
1118 2233 1351 2291 teneret,
1386 2240 1545 2296 quam
1570 2225 1750 2280 vellet.
1784 2223 1871 2279 ld-

282 2312 430 2367 circo
457 2315 617 2367 etiam
645 2311 893 2369 Christus
933 2330 1039 2369 non
1081 2315 1149 2370 ad
1194 2331 1316 2371 eum
1364 2316 1627 2386 perrexit,
1655 2315 1748 2371 sed
1774 2329 1872 2371 ex-

278 2404 547 2471 spectavit
571 2402 695 2457 dum
727 2404 966 2471 veniret,
994 2413 1057 2458 ut
1084 2404 1243 2459 ﬁdem
1272 2404 1435 2470 ipsius
1464 2405 1667 2461 cunctis
1692 2415 1871 2460 osten-

272 2491 451 2548 deret.
498 2492 765 2563 Numquid
803 2495 943 2549 enim
1004 2495 1211 2551 facilem
1256 2496 1329 2550 illi
1377 2497 1545 2565 potuit
1594 2486 1869 2552 aceesSum

270 2586 502 2641 reddere
522 2586 546 2640 ἲ
564 2586 669 2641 Sed
697 2586 826 2643 nihil
853 2586 1042 2641 horum
1074 2587 1199 2643 fecit
1217 2630 1233 2654 ,
1267 2599 1323 2643 ut
1351 2589 1467 2659 ejus
1493 2588 1727 2645 studium
1755 2606 1871 2645 om-

272 2677 431 2733 nibus
456 2680 812 2748 patefaceret,
860 2690 915 2735 et
953 2680 1112 2736 ﬁdem
1143 2680 1444 2736 ardentem.
1497 2682 1630 2737 Nam
1677 2698 1868 2753 quem-

271 2769 559 2824 admodum
578 2771 643 2824 ad
663 2771 809 2825 illum
832 2772 1107 2842 adivit,qtti
1131 2782 1253 2828 octo
1266 2783 1316 2828 et
1343 2774 1556 2845 triginta
1570 2774 1678 2843 jam
1699 2790 1868 2830 annos

275 2861 506 2917 habebat
526 2904 541 2927 ,
585 2879 650 2918 eo
689 2864 831 2934 quod
882 2881 1039 2920 nemo
1084 2866 1157 2919 illi
1188 2865 1400 2922 adesset
1433 2884 1447 2923 :
1477 2868 1554 2923 sic
1578 2875 1634 2923 et
1660 2868 1819 2922 istum
1850 2910 1865 2935 ,

279 2962 559 3022 propterea
586 2954 727 3024 quod
757 2955 952 3011 multos
981 2956 1206 3012 habebat
1239 2958 1565 3029 propinquos
1583 3000 1598 3027 ,
1645 2960 1771 3015 dum
1800 2960 1868 3015 ad

273 3057 335 3097 se
356 3045 578 3108 veniret.
612 3048 962 3115 exspectavit,
995 3056 1051 3101 ttt
1079 3057 1134 3102 et
1163 3048 1314 3103 istius
1344 3050 1677 3105 manifestam
1709 3050 1867 3107 ﬁdem

277 3134 557 3202 redderet,
590 3152 656 3191 eo
685 3136 828 3208 quod
878 3137 1091 3193 oblatus
1128 3138 1325 3194 fuerit:
1356 3149 1410 3195 et
1450 3140 1591 3194 illius
1620 3140 1867 3197 solitudi-

275 3241 399 3282 nem
446 3244 544 3282 nos
583 3228 825 3296 doceret,
871 3244 939 3286 eo
973 3230 1115 3301 quod
1142 3230 1209 3285 ad
1241 3231 1411 3301 ipsum
1442 3234 1766 3299 accesserit,
1814 3242 1869 3290 et

269 3325 381 3372 tam
428 3319 583 3375 istius
623 3321 855 3377 studium
879 3362 895 3387 ,
924 3338 1083 3393 quam
1128 3322 1271 3378 illius
1310 3325 1619 3395 patientiam
1657 3329 1867 3381 cunctis

268 3408 585 3482 detegeret,
630 3424 788 3482 atque
835 3414 939 3469 illis
977 3416 1244 3487 prtecipue
1271 3416 1359 3487 qui
1389 3416 1690 3473 adstabant.
1732 3416 1864 3473 Nam

271 3503 526 3572 quoniam
564 3503 734 3560 Judaei
780 3504 1024 3561 homines
1066 3507 1228 3563 invidi
1274 3516 1330 3563 et
1375 3507 1651 3565 hominum
1682 3523 1867 3566 osores

266 3595 635 3665 proximorum
658 3594 935 3651 beneﬁciis
961 3596 1198 3653 invidere
1218 3608 1627 3666 consueverunt,
1651 3609 1706 3656 et
1727 3615 1867 3657 nunc

266 3696 482 3757 sumpta
501 3689 787 3745 occasione
811 3704 839 3742 a
872 3699 1111 3760 tempore
1139 3692 1389 3746 miracula
1408 3709 1649 3764 carpere,
1678 3693 1865 3749 dicen-

269 3786 354 3832 tes
381 3792 503 3831 eum
544 3778 596 3833 in
627 3779 849 3834 sabbato
872 3795 1061 3837 curare
1082 3823 1098 3848 ,
1133 3797 1275 3837 nunc
1299 3782 1367 3837 ab
1390 3799 1575 3838 eorum
1606 3785 1743 3851 vita,
1774 3785 1865 3855 qui

266 3873 637 3937 curabuntur,
683 3872 952 3938 dicentes,
988 3872 1089 3927 Hic
1131 3874 1174 3928 si
1211 3884 1337 3928 esset
1384 3876 1670 3944 propheta,
1713 3876 1864 3929 sciret

266 3979 503 4032 quintam
526 3965 591 4018 sit
620 3966 822 4027 mulier.
855 3983 969 4036 qna:
994 3968 1154 4037 tangit
1184 3983 1297 4021 eum
1340 3965 1490 4037 (an.
1522 3968 1573 4021 7.
1610 3967 1733 4036 39),
1764 3984 1862 4024 ne-

264 4054 501 4109 scientes
556 4053 659 4111 hoc
709 4071 830 4111 esse
877 4058 1142 4127 praecipue
1191 4057 1424 4124 medici,
1479 4072 1600 4114 cum
1644 4061 1863 4130 a‘grotis

267 4149 507 4216 misceri,
538 4160 589 4205 et
612 4148 760 4220 juxta
793 4152 1033 4206 inﬁrmos
1060 4167 1274 4222 semper
1300 4152 1527 4219 versari,
1552 4170 1658 4210 non
1684 4166 1862 4211 autem

270 4238 394 4293 illos
421 4238 633 4309 fugere,
670 4251 723 4295 et
749 4241 817 4296 ab
846 4240 951 4297 illis
982 4243 1204 4297 resilire.
1234 4243 1385 4311 Quod
1411 4245 1625 4315 quidem
1656 4256 1711 4302 et
1739 4263 1861 4303 eum

270 4326 324 4381 in
368 4342 463 4383 eos
499 4330 843 4386 inveheretur
866 4333 1075 4388 dicebat
1107 4352 1119 4387 :
1152 4332 1272 4390 Non
1312 4346 1384 4390 est
1429 4353 1555 4406 apus
1583 4339 1864 4394 valentibus

263 4422 462 4476 medico
482 4464 497 4489 ,
525 4424 615 4478 sed
640 4424 774 4481 male
803 4426 1099 4481 habentibus
1121 4427 1345 4497 (Matth.
1371 4430 1423 4485 9.
1450 4429 1559 4503 12).
1600 4431 1678 4487 Ne
1704 4433 1863 4503 igitur

264 4512 453 4568 eadem
486 4531 675 4571 rursus
699 4516 990 4586 objicercnt
1009 4558 1025 4583 ,
1056 4521 1202 4588 prius
1239 4520 1435 4575 indicat
1464 4536 1559 4577 eos
1585 4523 1863 4579 curatione

267 4605 459 4675 dignos
500 4621 653 4672 esse,
690 4608 779 4679 qui
817 4609 1178 4676 accedebant,
1203 4611 1272 4665 ob
1294 4610 1451 4666 ﬁdem
1475 4627 1631 4681 quam
1663 4628 1773 4682 pra:
1800 4628 1859 4670 se

262 4695 524 4752 ferebantt.
558 4698 842 4769 Proltterea
869 4709 923 4755 et
950 4700 1089 4756 illius
1114 4702 1453 4758 Solitudinem
1480 4711 1535 4757 et
1565 4703 1857 4761 ferventem

261 4787 418 4842 istius
462 4788 623 4844 ﬁdem
672 4799 727 4847 et
780 4792 939 4846 animi
990 4794 1461 4863 promptitutlinem
1514 4794 1802 4851 declaravit
1843 4813 1859 4851 :

260 4888 543 4947 propterea
574 4890 685 4935 tum
718 4881 863 4937 illutn
913 4882 965 4938 itt
1011 4884 1234 4939 sabbato
1263 4886 1505 4949 curavit.
1553 4896 1663 4941 tum
1714 4887 1858 4945 hunc

263 4985 373 5023 non
412 4971 464 5025 in
495 4971 759 5027 sabbato:
789 4985 877 5041 ut,
910 4991 1031 5031 cum
1064 4976 1185 5030 illos
1211 4976 1381 5032 altero
1419 4977 1505 5033 die
1544 4978 1743 5034 videris
1767 4995 1855 5035 re-

262 5061 603 5130 prehendere
655 5075 710 5121 et
757 5066 1039 5137 increpare
1083 5067 1390 5135 Christum,
1441 5070 1704 5141 intelligas
1745 5080 1856 5127 tum

263 5157 525 5226 temporis
546 5159 728 5223 etiam.
759 5174 864 5215 non
895 5160 1036 5232 quod
1064 5160 1284 5217 studiosi
1308 5172 1487 5217 essent
1515 5162 1645 5233 legis
1667 5162 1857 5218 obsor-

258 5247 473 5312 vandzr,
498 5250 931 5318 reprehendisse,
958 5266 1143 5306 verum
1164 5266 1285 5305 cum
1314 5252 1581 5322 propriam
1606 5252 1857 5308 invidiam

260 5339 411 5395 ferre
447 5355 553 5396 non
599 5352 833 5412 possent.
862 5342 1039 5411 Quare
1083 5358 1211 5398 vero
1245 5358 1350 5398 non
1394 5344 1538 5414 prius
1570 5345 1857 5416 paralysim

259 5445 455 5487 sanare
476 5448 761 5504 aggressus
790 5444 873 5489 est
897 5475 913 5499 ,
946 5433 1038 5489 sed
1062 5433 1231 5500 dixit,
1261 5433 1502 5505 Conﬁde,
1536 5436 1613 5507 ﬁli
1634 5478 1650 5502 ,
1684 5438 1858 5491 dimit-

256 5528 439 5577 lltulttr
482 5534 689 5605 peccata
732 5526 867 5579 tua?
890 5526 956 5582 Et
983 5526 1083 5581 hoc
1122 5527 1392 5597 sapienter
1432 5527 1738 5584 admodum.
1774 5529 1859 5585 Si.

262 5615 478 5686 quidem
512 5626 595 5673 est
626 5618 724 5672 hoc
755 5618 805 5673 in
842 5632 991 5673 more
1018 5619 1251 5689 positum
1274 5620 1603 5677 medicorum
1625 5664 1640 5689 ,
1666 5631 1724 5677 ut
1750 5637 1856 5680 non

263 5705 417 5775 prius
459 5707 677 5764 morbos
731 5709 962 5779 abigant,
1020 5710 1113 5765 sed
1174 5727 1357 5772 eorum
1406 5713 1578 5770 fontes
1637 5713 1849 5773 tollant.

595 5822 865 5884 Parnm.
911 5825 1026 5885 Cn.
1079 5822 1171 5886 Li.

1994 384 2245 458 Exempli
2277 403 2436 444 causa
2463 404 2832 460 saepenumero
2863 405 2982 448 cum
3010 406 3036 445 a
3088 408 3255 464 pravo
3287 391 3508 449 humore
3528 403 3584 448 et

1930 545 1939 552 φ
1986 488 2235 551 corrupta
2267 481 2509 539 ﬁuxione
2531 482 2852 541 infestantur
2870 486 3031 554 oculi,
3061 487 3299 543 medicus
3327 489 3582 544 omittens

1989 572 2240 641 pupillam
2286 588 2482 644 aegram
2530 590 2752 642 curare,
2798 576 2988 648 capitis
3030 592 3213 633 curam
3261 578 3441 651 gerit,
3489 580 3579 634 ubi

1985 662 2134 718 radix
2163 673 2216 719 et
2238 663 2359 719 fons
2401 674 2518 720 erat
2568 667 2898 737 aegritudinis
2930 686 2942 723 :
2972 669 3043 724 ita
3086 685 3299 741 quoque
3336 668 3579 726 Christus

1984 756 2135 825 agit:
2168 756 2314 825 prius
2354 758 2614 815 malorum
2664 760 2863 816 fontem
2908 763 3169 834 reprimit.
3200 763 3342 821 Fons
3385 764 3581 836 quippe

1986 847 2250 903 malorum
2280 857 2335 905 et
2363 851 2511 905 radix
2541 860 2595 906 et
2621 861 2791 907 utater
2837 862 2919 908 est
2963 856 3201 909 omnittm
3240 864 3425 911 natura
3452 872 3580 927 pec-

1985 939 2109 993 cati.
2157 940 2280 995 llaec
2318 950 2401 995 est
2443 957 2562 1011 qua:
2602 958 2827 1012 corpora
2883 954 3063 1000 nostra
3109 956 3272 1001 vexat
3305 947 3577 1018 paralysi.

1985 1028 2101 1083 hrec
2132 1030 2351 1087 morbos
2380 1032 2581 1086 invehit
2610 1049 2624 1098 ;
2659 1033 2858 1088 idcirco
2901 1035 3059 1089 etiam
3092 1036 3261 1104 inquit
3286 1035 3389 1091 hoc
3416 1036 3535 1091 loco
3557 1078 3573 1100 ,

1984 1119 2231 1190 Con/ide,
2282 1123 2389 1190 ﬁli,
2437 1123 2759 1178 dimittuntur
2804 1136 3011 1199 peccata
3056 1134 3181 1192 tua;
3223 1136 3276 1181 et
3315 1127 3423 1181 illic
3463 1128 3574 1181 ait:

1984 1210 2117 1267 Ecce
2155 1230 2312 1267 sanus
2358 1218 2525 1285 factus
2565 1233 2646 1279 es,
2694 1218 2799 1271 noli
2847 1219 3068 1287 amplius
3094 1235 3337 1289 peccare,
3371 1219 3580 1289 nequid

1982 1304 2199 1359 deterius
2226 1306 2315 1359 tibi
2339 1309 2596 1379 contingat
2618 1326 2639 1373 ,-
2667 1318 2895 1380 utroque
2920 1310 3038 1365 loco
3058 1310 3337 1367 declarans
3357 1312 3578 1367 morbos

1982 1395 2114 1451 istos
2144 1412 2209 1452 ex
2239 1409 2460 1468 peccato
2498 1408 2652 1455 natos
2694 1416 2836 1456 esse.
2867 1401 2932 1456 Et
2957 1401 3008 1456 in
3040 1401 3302 1473 principio
3325 1411 3484 1474 atque
3520 1403 3575 1459 in

1982 1486 2205 1543 exordio
2240 1490 2527 1544 creationis
2568 1505 2634 1546 ex
2677 1500 2896 1561 peccato
2945 1492 3162 1547 morbus
3202 1492 3350 1548 Caiui
3376 1507 3575 1562 corpus

1981 1579 2194 1634 invasit.
2227 1579 2360 1635 Nam
2387 1590 2440 1636 et
2464 1581 2555 1637 ille
2580 1591 2701 1653 post
2726 1581 3077 1638 fratricidium
3098 1624 3114 1650 ,
3149 1593 3269 1654 post
3295 1583 3423 1638 illud
3448 1598 3572 1639 sce-

1979 1671 2083 1739 lus,
2104 1680 2214 1725 tum
2242 1672 2469 1743 paralysi
2486 1673 2726 1743 corporis
2754 1683 2835 1728 cst
2859 1683 3158 1745 correptus.
3184 1674 3408 1730 Tremor
3425 1675 3570 1729 enim

1979 1764 2070 1820 ille
2096 1764 2226 1819 nihil
2256 1766 2399 1821 aliud
2431 1765 2710 1837 fuitquam
2744 1768 3020 1839 paralysis.
3054 1768 3279 1836 Quando
3305 1769 3448 1824 enim
3478 1768 3573 1827 illa

1978 1857 2168 1925 virtus,
2201 1874 2319 1928 qua:
2349 1858 2544 1913 animal
2570 1859 2726 1929 regit,
2760 1859 3080 1915 imbecillior
3103 1870 3185 1915 est
3213 1859 3442 1925 reddita,
3470 1875 3573 1914 m-e

1977 1951 2203 2019 amplius
2249 1951 2426 2005 omnia
2465 1960 2640 2022 potest
2685 1952 2922 2007 membra
2953 1961 3290 2020 sustentare,
3323 1968 3415 2008 sua
3441 1968 3570 2008 cura

1977 2038 2065 2093 illa
2083 2039 2344 2107 destituit,
2359 2050 2517 2112 atque
2530 2042 2617 2096 illa
2634 2043 2871 2097 relaxata
2895 2052 3129 2098 tremunt
3142 2045 3562 2113 etexagitantur.

2046 2130 2240 2187 6.lloc
2293 2132 2452 2187 etiam
2502 2133 2752 2188 indicavit
2816 2134 3043 2201 Paulus,
3088 2149 3208 2189 cum
3253 2132 3549 2189 Corinthiis

1974 2229 2251 2291 peccatum
2296 2221 2564 2292 quoddam
2609 2222 2945 2293 exprobrans
2989 2224 3064 2279 ait
3092 2242 3104 2279 :
3131 2222 3258 2279 Ideo
3306 2224 3438 2279 inter
3480 2242 3566 2279 vos

1975 2311 2120 2365 multi
2144 2313 2333 2381 inﬁrmi
2360 2322 2408 2366 et
2443 2313 2711 2368 imbecilles
2734 2315 2810 2384 (1.
2838 2313 2956 2369 Cor.
2988 2316 3074 2370 11.
3106 2315 3199 2385 30)
3225 2333 3239 2370 :
3273 2314 3392 2371 ideo
3412 2314 3570 2370 Chri-

1976 2412 2094 2457 stus
2135 2418 2348 2472 quoque
2398 2404 2543 2473 prius
2572 2419 2789 2459 causam
2840 2405 3102 2459 malorum
3137 2406 3308 2473 tollit,
3335 2421 3568 2477 cumque

1973 2493 2231 2549 dixisset:
2258 2494 2488 2564 Con/ide,
2514 2495 2612 2563 ﬁli,
2635 2496 2956 2550 dimittuntur
2978 2506 3184 2568 peccata
3206 2507 3311 2565 tua,
3329 2498 3565 2552 animum

1974 2584 2090 2655 ejus
2132 2585 2324 2656 erigit,
2372 2586 2749 2656 dejectamque
2800 2596 3036 2642 mentem
3088 2587 3562 2659 excitat:quippe

1973 2692 2155 2733 sermo
2181 2677 2426 2749 prodibat
2448 2679 2500 2734 in
2526 2693 2684 2750 Opus,
2705 2687 2759 2734 et
2785 2679 2838 2734 in
2869 2679 3252 2735 conscientiam
3277 2689 3564 2750 penetrans

1972 2770 2204 2824 animam
2238 2770 2407 2838 ipsam
2437 2771 2722 2837 movebat,
2754 2786 2817 2827 ac
2843 2779 3042 2827 metum
3088 2786 3301 2827 omnem
3331 2771 3570 2842 expelle-

1973 2860 2083 2915 bat.
2108 2859 2270 2934 [Nihil
2299 2862 2441 2917 enim
2472 2872 2554 2918 est
2587 2862 2727 2933 quod
2753 2863 2819 2917 ita
2862 2862 3201 2919 formidinem
3230 2878 3292 2918 ac
3314 2863 3564 2919 timorem

1973 2951 2176 3022 injiciat
2195 2994 2211 3018 ,
2237 2963 2295 3007 ut
2319 2954 2648 3009 conscientia
2676 2963 3017 3024 peccatorum
3051 2975 3064 3010 :
3098 2954 3117 3029 ]
3157 2955 3286 3010 nihil
3312 2957 3382 3011 ita
3408 2957 3563 3010 volu-

1973 3054 2173 3115 ptatem
2203 3045 2360 3114 parit,
2390 3055 2444 3099 et
2470 3045 2846 3101 conﬁdentiam
2878 3047 3175 3117 ingenerat,
3204 3064 3266 3102 ac
3291 3049 3334 3103 si
3363 3048 3563 3103 nullius

1972 3137 2091 3207 quis
2118 3135 2338 3192 sceleris
2366 3136 2466 3191 sibi
2493 3138 2561 3191 sit
2588 3136 2853 3196 conscius.
2885 3136 3116 3206 Con/ide,
3142 3138 3223 3208 ﬁli
3246 3178 3261 3202 ,
3289 3138 3559 3191 dimittun-

1974 3240 2055 3283 tur
2080 3239 2287 3299 peccata
2329 3238 2437 3283 tua.
2468 3227 2566 3285 Ubi
2593 3229 2736 3283 enim
2783 3229 3030 3284 remissio
3054 3239 3137 3284 est
3164 3238 3506 3300 peccatorum
3541 3271 3555 3293 ,

1977 3317 2084 3375 illic
2109 3327 2162 3373 et
2188 3318 2404 3390 adoptio
2427 3327 2509 3375 est
2532 3318 2780 3375 ﬁliorum.
2817 3320 2891 3375 Ita
2918 3336 3016 3374 nos
3042 3335 3253 3392 quoque
3278 3336 3383 3376 non
3406 3321 3556 3391 prius

1978 3410 2190 3466 Patrem
2217 3425 2500 3482 possumus
2520 3410 2810 3481 aopellare,
2835 3427 2991 3482 quam
3015 3412 3068 3467 in
3099 3427 3370 3468 sacrarum
3393 3428 3561 3483 aqua-

1971 3517 2090 3557 rum
2118 3502 2329 3557 lavacro
2374 3510 2591 3573 peccata
2634 3501 3065 3558 absterserimus.
3119 3502 3348 3573 Quando
3400 3502 3563 3575 igitur

1972 3594 2112 3650 mala
2140 3594 2228 3650 illa
2256 3594 2498 3667 deposita
2526 3597 2736 3652 sarcina
2770 3596 2893 3652 inde
2911 3595 3272 3664 ascendimus,
3300 3605 3413 3651 tum
3439 3596 3567 3650 diri-

1974 3701 2125 3751 mus,
2166 3681 2324 3741 Pater
2349 3697 2537 3755 noster,
2564 3689 2651 3757 qui
2675 3704 2726 3743 es
2765 3689 2817 3742 in
2844 3690 3000 3744 uelis.
3024 3686 3227 3744 Verum
3259 3690 3400 3746 enim
3434 3705 3564 3743 vero

1970 3776 2124 3847 cujus
2153 3779 2229 3833 rei
2260 3779 2425 3849 gratia
2458 3794 2563 3834 non
2592 3781 2663 3833 ita
2691 3796 2751 3835 sc
2777 3781 2943 3851 gessit
2969 3797 3094 3852 erga
3126 3782 3272 3835 illum
3294 3824 3310 3848 ,
3344 3782 3433 3852 qui
3463 3783 3529 3835 tri
3549 3813 3564 3823 -

1970 3869 2115 3939 ginta
2162 3878 2285 3924 octo
2328 3886 2497 3924 annos
2542 3868 2809 3935 habebat,
2864 3871 2958 3925 sed
2992 3872 3141 3940 prius
3183 3873 3325 3927 illius
3366 3887 3565 3942 corpus

1971 3959 2215 4013 curavit?
2254 3959 2514 4025 Quoniam
2564 3956 2639 4013 i.li
2692 3959 2908 4028 quidem
2953 3961 3209 4029 temporis
3260 3962 3565 4031 prolixitate

1971 4052 2180 4109 fuerant
2207 4060 2520 4124 consumpta
2546 4062 2763 4123 peccata
2793 4070 2807 4107 :
2837 4062 3007 4125 potest
3037 4054 3179 4110 enim
3211 4056 3561 4111 tentationutn

1969 4144 2206 4214 gravitas
2256 4159 2395 4200 onus
2436 4154 2776 4215 peccatorum
2836 4146 3003 4201 levius
3044 4145 3269 4203 reddere
3311 4163 3327 4203 :
3372 4162 3564 4218 quem-

1972 4234 2263 4291 admodum
2284 4246 2336 4291 et
2363 4236 2431 4292 de
2458 4236 2658 4293 Lazaro
2684 4238 2977 4304 dixit,etnn
3002 4238 3137 4292 mata
3151 4253 3247 4293 sua
3274 4239 3561 4308 recepisse.

1975 4336 2135 4397 atque
2167 4327 2255 4382 hic
2278 4327 2545 4383 consolari
2576 4344 2590 4380 :
2623 4335 2676 4382 et
2702 4343 2889 4382 rursus
2915 4329 2988 4381 ait
3014 4328 3139 4381 alibi
3170 4345 3183 4380 :
3216 4324 3565 4383 Consolantini

1975 4421 2221 4491 populum
2247 4437 2413 4474 meum
2436 4461 2452 4485 ,
2492 4420 2756 4490 loquimini
2784 4422 2851 4472 ad
2881 4436 2968 4473 cor
2991 4418 3300 4486 Jerusalem,
3329 4421 3449 4491 quia
3477 4437 3566 4474 re-

1969 4513 2099 4581 cepit
2129 4514 2192 4565 dc
2218 4529 2373 4565 manu
2411 4511 2617 4566 Domini
2654 4510 2879 4581 duplicia
2905 4517 3112 4579 peccata
3135 4525 3230 4564 sua
3256 4509 3450 4582 (Hesai.
3469 4505 3559 4574 Mt,

1972 4604 2024 4658 1.
2053 4604 2133 4674 2).
2160 4604 2225 4658 Et
2248 4605 2439 4659 iterum
2470 4603 2730 4674 propheta
2766 4621 2777 4657 :
2813 4602 3031 4659 Domine
3053 4646 3069 4672 ,
3094 4622 3266 4675 pacem
3287 4606 3355 4660 da
3384 4604 3525 4661 nobis
3545 4647 3561 4671 ,

1971 4697 2142 4749 omnia
2167 4696 2301 4750 enim
2328 4696 2591 4750 reddidisti
2619 4697 2763 4751 nobis
2791 4695 2944 4769 (lies.
2974 4697 3065 4753 26.
3094 4698 3186 4769 12)
3208 4740 3222 4764 ,
3251 4699 3562 4770 signiﬁcans

1971 4802 2161 4855 pmnas
2203 4796 2258 4842 ct
2286 4787 2546 4857 supplicia
2587 4789 2797 4842 veniam
2834 4788 3125 4859 impetrare
3177 4799 3520 4860 peccatorum
3545 4831 3562 4856 ,

1971 4877 2133 4950 idque
2164 4877 2403 4949 plurimis
2425 4895 2490 4936 ex
2523 4880 2655 4936 locis
2681 4891 2855 4953 potest
2874 4883 3256 4938 demonstrari.

2048 4969 2373 5025 Divinitatem
2403 4988 2547 5026 suam
2594 4973 2785 5029 indicat
2822 4972 3071 5030 Christus.
3101 5000 3173 5016 -ο
3201 4971 3384 5045 Itaque
3432 4970 3565 5026 nihil

1969 5061 2099 5118 mihi
2146 5062 2357 5118 videtur
2380 5062 2447 5118 de
2478 5075 2815 5135 peccatorum
2854 5064 3173 5121 remissione
3193 5063 3395 5119 dixisse
3419 5104 3435 5129 ,
3465 5062 3561 5117 sed

1970 5152 2022 5207 in
2050 5163 2323 5223 posterum
2346 5155 2492 5211 illum
2521 5157 3026 5227 praemunisse,cum
3047 5170 3110 5211 ea
3128 5170 3249 5226 quas
3270 5154 3481 5211 fuerant
3498 5156 3567 5208 ah

1971 5247 2064 5303 illo
2090 5248 2375 5304 commissa
2394 5249 2503 5319 jam
2532 5250 2863 5320 :rgritudinis
2888 5259 3070 5306 essent
3089 5246 3390 5319 prolixitate
3415 5248 3561 5302 dele-

1972 5350 2023 5396 ta
2057 5357 2072 5395 :
2105 5350 2196 5395 aut
2218 5342 2262 5396 si
2290 5340 2393 5399 hoc
2415 5356 2519 5398 non
2548 5343 2636 5405 sit,
2662 5350 2942 5413 propterea
2969 5341 3111 5414 quod
3143 5340 3379 5396 nondum
3401 5339 3562 5410 quid-

1974 5447 2135 5502 quam
2167 5447 2419 5505 magnum
2449 5433 2520 5488 illi
2551 5433 2724 5488 fuerat
2751 5433 2819 5489 de
2857 5431 3075 5490 Christo
3100 5447 3413 5504 persuasum
3436 5474 3452 5498 ,
3485 5432 3568 5487 id-

1972 5526 2119 5583 circo
2138 5525 2203 5582 ad
2227 5525 2278 5581 id
2306 5525 2447 5597 quod
2481 5527 2655 5581 minus
2680 5536 2796 5583 erat
2817 5569 2831 5593 ,
2859 5528 3005 5598 prius
3047 5527 3273 5583 accessit
3291 5565 3309 5593 ,
3340 5536 3395 5583 et
3423 5528 3566 5597 quod

1972 5619 2195 5677 evidens
2220 5636 2283 5675 ac
2312 5617 2672 5685 manifestum,
2697 5621 2947 5677 nituirum
2969 5618 3212 5693 corporis
3228 5620 3512 5675 sanitatem
3545 5636 3561 5673 :

1974 5716 2028 5774 in
2062 5714 2161 5771 hoc
2191 5725 2368 5771 autem
2396 5726 2499 5769 non
2526 5712 2594 5769 ita
2617 5755 2633 5783 ,
2661 5712 2752 5770 sed
2779 5713 3032 5786 quoniam
3076 5712 3244 5781 magis
3282 5707 3567 5773 credebat.

3122 5810 3160 5873 ὗ

4052 2660 4054 2681 |

4048 3178 4054 3341 Ι

4048 3410 4051 3473 1

4048 3502 4051 3535 l

4048 3564 4049 3595 l
