4054 6216
403 317 474 373 59
1127 316 1186 368 S.
1229 311 1509 370 JOANNIS
1538 311 2016 370 CIIRYSOSTOMI
2048 314 2367 374 ARCHIEP.
2405 318 2952 375 CONSTANTINOP.
3623 327 3694 382 co

405 444 459 486 ct
486 429 782 483 sublimiori
811 436 986 482 mente
1014 427 1267 496 praulitus
1295 437 1411 483 erat
1429 470 1444 493 ,
1477 437 1760 498 propterea
1780 426 1847 483 de
1871 443 1991 498 gra-

406 523 539 576 viori
577 523 723 590 prius
752 520 890 590 apud
925 521 1072 572 illum
1113 519 1304 573 morbo
1329 519 1583 573 disseruit
1613 537 1626 571 :
1655 529 1851 588 prmter
1882 521 1999 574 hare

407 611 608 672 omnia,
633 609 812 665 utsibi
857 609 1117 679 :equalem
1161 626 1281 663 cum
1329 607 1490 664 Patre
1513 609 1696 665 deberi
1739 609 1999 663 honorem

404 704 740 758 ostenderet.
781 701 856 757 Ut
889 702 1032 756 enim
1082 699 1189 755 illic
1221 702 1274 755 in
1326 702 1549 756 sabbato
1589 702 1827 765 curavit,
1859 700 2001 770 quod

406 809 506 848 eos
531 794 689 848 vellet
716 808 746 847 a
772 791 991 847 Iudaica
1013 791 1387 846 observatione
1416 807 1673 846 revocare
1701 831 1716 853 ,
1747 801 1908 861 atque
1936 806 2002 845 ex

414 888 627 943 illorum
649 885 1112 941 criminationibus
1133 885 1468 939 occasionem
1489 893 1728 953 captaret
1744 883 2004 952 mqualem

413 996 475 1038 se
489 981 728 1036 Genitori
759 978 1081 1035 ostendendi
1106 996 1118 1030 :
1145 979 1214 1032 ita
1241 977 1491 1030 nimirum
1518 986 1572 1031 et
1594 975 1679 1031 hic
1707 975 2007 1045 prrevidcns

417 1073 559 1143 quod
587 1081 741 1127 erant
769 1071 987 1137 dicturi,
1019 1073 1133 1123 haec
1151 1068 1311 1123 verba
1343 1066 1593 1137 protulit,
1623 1075 1678 1120 ut
1705 1065 1827 1120 hinc
1853 1064 2005 1118 initio

421 1167 602 1231 ducto,
620 1175 676 1220 et
694 1163 975 1218 occasione
999 1170 1207 1232 sumpta
1230 1160 1564 1214 demonstret
1586 1157 1773 1228 mquali
1805 1171 1863 1212 se
1887 1171 2010 1211 cum

425 1259 682 1314 Genitore
727 1257 946 1328 dignum
979 1255 1201 1308 honore.
1227 1253 1340 1308 Non
1381 1252 1524 1306 enim
1552 1265 1617 1305 es
1659 1265 1812 1319 aequo
1841 1263 1898 1303 se
1927 1263 2014 1302 res

427 1353 624 1417 habet,
656 1351 700 1406 si
733 1350 944 1405 nemine
987 1345 1420 1417 reprehendente
1448 1345 1531 1399 vel
1567 1353 1886 1406 accusante,
1915 1356 2013 1396 sua

427 1451 622 1514 sponte
649 1441 769 1512 quis
792 1440 844 1494 in
875 1453 1178 1494 sermonem
1221 1437 1289 1491 de
1320 1436 1404 1489 bis
1434 1435 1731 1497 delabatur,
1763 1441 1819 1488 et
1855 1433 2018 1486 sicae-

430 1536 559 1589 teris
586 1548 802 1588 causam
828 1531 1208 1602 prmhentibus,
1231 1531 1448 1582 nomine
1469 1542 1532 1581 ac
1561 1525 1740 1596 specie
1761 1523 2020 1579 defensio-

431 1627 516 1681 nis
544 1625 647 1680 hoc
691 1626 863 1694 ipsum
892 1621 1221 1692 prmstiterit.
1271 1620 1402 1674 Nam
1436 1619 1527 1674 ille
1556 1617 1770 1689 quidem
1799 1617 2020 1671 demon-

440 1714 730 1768 strationisi
753 1712 946 1767 modus
977 1712 1246 1766 auditores
1265 1708 1579 1764 olfendisset
1604 1726 1615 1761 :
1649 1707 1736 1762 hic
1765 1721 1894 1761 vero
1920 1706 2021 1759 mi-

437 1823 536 1860 nus
564 1805 782 1860 odiosus
827 1813 981 1869 erat,
1015 1813 1070 1858 et
1099 1799 1308 1856 facilius
1354 1788 1562 1854 admitti
1596 1808 1837 1869 poterat,
1873 1797 2024 1851 vide-

429 1884 666 1966 Ynusque
689 1896 958 1950 Christum
989 1895 1090 1948 hoc
1131 1892 1329 1962 ubique
1374 1899 1630 1961 prmstare
1654 1930 1669 1955 ,
1698 1903 1869 1959 neque
1919 1897 2024 1940 tam

442 1987 619 2043 verbis
648 2003 807 2059 quam
840 1985 993 2041 factis
1018 1984 1378 2054 aequalitatem
1407 1997 1556 2036 suam
1585 1979 1888 2035 ostendere.
1918 1975 2035 2032 lloc'

439 2079 656 2147 quidem
690 2089 840 2132 certe
871 2075 1214 2131 subindicans
1242 2072 1568 2142 evangelista
1608 2070 1818 2124 dicebat
1847 2067 2029 2137 (Joan.

443 2169 497 2221 5.
528 2168 618 2240 16)
646 2208 662 2233 ,
701 2177 983 2238 propterea
1027 2173 1377 2234 pcrsequutos
1416 2176 1544 2217 eum
1587 2159 1752 2214 fuisse
1779 2158 1992 2214 Judmos
2016 2197 2031 2220 ,

448 2275 553 2314 non
580 2261 752 2315 solum
783 2260 904 2329 quia
951 2259 1191 2314 solvebat
1218 2255 1506 2312 sabbatum
1529 2297 1544 2322 ,
1570 2254 1665 2309 sed
1696 2263 1752 2308 et
1789 2254 1910 2322 quia
1939 2268 2034 2322 pa-

445 2362 582 2406 trem
613 2368 767 2406 suum
799 2349 1011 2405 dicebat
1038 2350 1236 2412 Deum,
1265 2349 1526 2418 aequalem
1552 2361 1612 2401 se
1660 2346 1860 2400 faciens
1889 2344 1998 2400 Deo
2018 2386 2032 2409 ,

450 2441 592 2512 quod
623 2442 793 2495 multo
845 2450 928 2494 est
958 2441 1131 2510 majus
1160 2458 1172 2492 :
1203 2439 1307 2494 hoc
1335 2439 1477 2493 enim
1521 2438 1693 2506 ipsum
1725 2451 1820 2506 per
1857 2451 2037 2489 rermn

449 2532 964 2586 demonstrationem
999 2530 1329 2585 adstruebat.
1375 2529 1512 2596 Quid
1562 2528 1722 2598 igitur
1753 2526 1915 2581 invidi
1966 2526 2039 2579 illi

453 2635 612 2693 atque
649 2623 931 2685 scelerati,
964 2621 1054 2692 qui
1103 2621 1330 2674 aliorum
1380 2619 1534 2673 bonis
1579 2626 1941 2679 macerantur,
1988 2625 2044 2671 et

458 2714 690 2783 nudique
714 2729 898 2768 ansam
927 2707 1354 2782 reprehendendi
1387 2709 1743 2780 perquirunt?
1770 2708 1905 2777 Quid
1927 2708 2042 2774 hic,

455 2805 734 2874 inquiunt,
769 2803 1141 2874 blasphemat?
1167 2800 1330 2856 Nemo
1356 2802 1489 2855 enim
1525 2809 1684 2870 potest
1721 2808 1928 2869 peccata
1956 2799 2044 2854 di-

455 2896 650 2947 mittere
673 2935 688 2960 ,
720 2894 818 2946 nisi
862 2892 999 2946 solus
1027 2892 1160 2946 Deus
1199 2890 1389 2962 (Marc.
1412 2890 1467 2943 2.
1497 2891 1572 2960 7).
1601 2888 1750 2945 Sicut
1796 2889 1901 2944 illic
1922 2905 2046 2944 eum

458 2986 933 3054 persequebantur,
967 2982 1106 3053 quod
1150 2983 1427 3038 sabbatum
1457 2982 1717 3047 solveret,
1739 2990 1794 3036 ct
1815 2996 1883 3036 ex
1927 2981 2049 3036 illo-

461 3090 580 3128 rum
624 3073 1132 3144 reprehensionibus
1161 3083 1369 3143 sumpta
1411 3073 1697 3128 occasione
1727 3071 2051 3127 defensionis

464 3167 678 3222 nomine
702 3183 766 3222 ac
799 3168 979 3238 specie
1026 3183 1175 3222 suam
1211 3182 1332 3221 cum
1383 3166 1540 3222 Patre
1567 3166 1926 3237 mqualitatem
1964 3180 2052 3218 os-

464 3257 668 3321 tendit,
697 3273 759 3339 ac
797 3258 928 3312 dixit
957 3277 968 3312 :
998 3255 1153 3311 Pater
1186 3274 1326 3311 meus
1377 3267 1634 3326 Operatur,
1667 3266 1716 3310 et
1747 3272 1836 3328 ego
1873 3271 2053 3326 operor

467 3349 644 3419 (Joan.
673 3350 725 3404 5.
756 3350 845 3420 17)
882 3350 996 3404 :sic
1027 3349 1275 3403 nimirum
1313 3350 1412 3402 hoc
1453 3349 1570 3402 loco
1610 3364 1672 3402 ex
1705 3349 1769 3402 iis
1805 3365 1922 3418 qua:
1955 3347 2052 3416 ipsi

463 3439 740 3506 objiciunt,
768 3440 909 3493 Patri
941 3455 1035 3507 per
1061 3439 1239 3492 omnia
1270 3439 1496 3492 similem
1527 3439 1761 3508 seipsnm
1793 3438 2049 3491 ostendit.

467 3530 604 3596 Quid
632 3531 772 3582 enim
795 3530 912 3583 ait?
943 3527 1108 3582 Nemo
1131 3539 1287 3598 potest
1310 3539 1512 3596 peccata
1535 3529 1784 3581 dimittere
1807 3529 1904 3581 nisi
1918 3529 2057 3581 solus

467 3621 629 3673 Deus.
675 3619 900 3686 Quando
937 3620 1095 3689 igitur
1125 3621 1224 3689 ipsi
1270 3620 1410 3673 lnmc
1461 3620 1678 3673 limitem
1727 3628 2052 3688 posuerunt,

472 3710 570 3779 ipsi
612 3709 748 3764 hanc
777 3711 1010 3780 regulam
1057 3710 1410 3774 induxerunt,
1444 3710 1541 3779 ipsi
1570 3711 1736 3780 legem
1786 3710 2054 3779 tulerunt,

478 3799 704 3868 propriis
735 3800 852 3853 illos
878 3800 1054 3853 verbis
1085 3799 1275 3853 irrctit.
1296 3798 1423 3864 Vos,
1455 3801 1644 3868 inquit,
1669 3799 1897 3855 cool'essi
1929 3802 2058 3855 estis

473 3889 639 3942 solius
660 3905 778 3944 esse
805 3890 894 3945 Dei
920 3898 1132 3960 peccata
1150 3890 1441 3955 dimittere;
1465 3889 1760 3945 indubitata
1793 3893 1950 3962 igitur
1977 3901 2062 3946 est

473 3982 768 4050 a-qualitas.
793 3981 974 4052 Neque
1001 3997 1128 4036 vero
1165 3983 1251 4038 isti
1291 3983 1462 4037 solum
1508 3982 1610 4038 hoc
1638 3983 1856 4050 dicunt,
1885 3982 1978 4038 sed
2009 3993 2063 4038 ct

474 4073 766 4143 propheta,
807 4072 933 4127 dum
986 4074 1054 4127 ita
1109 4074 1344 4144 loquitur
1384 4072 1552 4138 :Quis
1603 4073 1737 4128 Deus
1787 4075 1916 4129 sicut
1967 4074 2064 4127 tu?

475 4163 670 4217 deinde
712 4163 839 4232 quid
870 4166 939 4217 sit
968 4165 1238 4233 proprium
1283 4165 1523 4219 indicans
1553 4164 1780 4233 adjecit,
1816 4165 2063 4233 Auferens

475 4257 765 4324 iniquitates
785 4298 798 4318 ,
847 4265 892 4309 et
938 4259 1294 4310 transcenderis
1323 4258 1604 4326 impietates
1631 4258 1818 4329 (Mich.
1869 4259 1920 4311 7.
1951 4260 2062 4329 18).

477 4344 532 4399 Si
560 4346 676 4414 quis
704 4361 835 4416 ergo
877 4347 1013 4400 alius
1037 4355 1318 4416 appareat,
1353 4349 1440 4416 qui
1484 4347 1585 4402 hoc
1616 4351 1786 4418 ipsum
1829 4350 1896 4402 ita
1931 4365 2065 4420 pra}-

480 4443 620 4497 stet,
648 4437 809 4490 etiam
854 4437 993 4492 Deus
1034 4446 1149 4502 est,
1183 4446 1237 4492 et
1282 4437 1422 4492 Deus
1459 4438 1905 4506 quemadmodum
1957 4440 2065 4494 illo.

487 4524 592 4579 Sed
639 4526 912 4582 videamus
956 4543 1063 4598 quo
1111 4536 1263 4598 pact:
1305 4527 1424 4582 illos
1461 4530 1784 4599 argumentis
1821 4529 2068 4586 Christus

485 4627 690 4683 urgeat,
720 4634 878 4688 quam
909 4630 1184 4676 mansuete
1217 4635 1279 4676 ac
1305 4620 1543 4676 modeste
1567 4664 1579 4685 ,
1608 4637 1920 4692 summaque
1946 4639 2066 4678 eum

486 4711 863 4765 sollicitudine.
909 4710 973 4764 Et
1001 4727 1108 4766 ecce
1152 4713 1356 4782 quidam
1393 4714 1456 4767 de
1482 4715 1658 4768 scribis
1679 4715 1908 4769 dicebant
1936 4716 2070 4768 intra

484 4802 676 4870 scipsos
708 4818 727 4855 :
759 4800 856 4853 llic
905 4801 1218 4871 blasphemat
1248 4803 1457 4872 (Matth.
1497 4805 1550 4858 9.
1603 4806 1679 4876 5).
1727 4805 2067 4875 Nequaquam

483 4893 703 4945 verbum
732 4891 1087 4960 protulerunt,
1121 4907 1227 4947 non
1254 4896 1661 4964 pronuntiarunt
1682 4897 1881 4965 lingua,
1902 4895 1992 4949 sed
2017 4897 2068 4949 in

486 4981 683 5036 mentis
721 4997 918 5038 arcano
960 4983 1283 5053 cogitabant.
1315 4983 1452 5052 Quid
1487 5000 1613 5054 ergo
1633 4983 1919 5040 Christus?
1948 4985 2071 5040 Illo-

488 5089 606 5126 rum
653 5087 875 5128 arcanas
922 5075 1272 5146 cogitationes
1303 5077 1518 5146 protulit
1547 5078 1599 5130 in
1634 5077 1897 5142 medium,
1922 5086 2073 5134 antc-

488 5181 646 5233 quam
669 5165 735 5219 ad
761 5165 1270 5220 demonstrationem
1305 5167 1528 5230 veniret,
1555 5184 1710 5238 quam
1738 5183 1800 5223 ex
1833 5169 2073 5240 corporis

490 5255 764 5324 paralytici
793 5257 1066 5310 curatione
1117 5257 1417 5325 prolaturus
1456 5267 1605 5324 erat,
1645 5259 1785 5328 quod
1830 5261 1934 5314 illis
1962 5277 2072 5315 suze

489 5348 781 5402 divinitatis
804 5351 962 5403 vellet
1007 5351 1297 5418 potentiam
1337 5349 1636 5406 declarare.
1665 5351 1734 5406 Ut
1779 5353 1918 5407 enim
1945 5368 2075 5406 con-

492 5449 596 5492 stet
646 5439 813 5493 solius
859 5440 950 5494 Dei
999 5455 1117 5494 esse
1167 5441 1364 5494 mentis
1405 5457 1596 5496 arcana
1639 5443 1969 5512 patefm-ere,
2005 5443 2076 5498 'lu

494 5548 699 5598 prorsus
725 5533 861 5586 solus
888 5534 1016 5587 nosti
1038 5535 1191 5587 corda
1218 5535 1273 5602 (3
1303 5532 1432 5604 Reg.
1461 5535 1515 5590 8.
1546 5535 1661 5605 59),
1695 5537 1884 5604 inquit.
1917 5536 2077 5591 Vides

495 5620 624 5673 illud
656 5623 807 5677 Solus
835 5641 1018 5678 rursus
1047 5642 1150 5680 non
1189 5625 1255 5680 ad
1285 5626 1682 5681 distinctionem
1714 5627 1831 5681 Filii
1873 5627 2075 5682 dicttnn

495 5713 654 5767 esse?
681 5715 735 5769 Si
774 5717 916 5773 enim
942 5715 1097 5773 Pater
1119 5717 1260 5773 solus
1299 5716 1460 5775 corda
1497 5719 1663 5784 novit.
1695 5719 1962 5790 quomodo
1992 5719 2074 5775 Fi-

2110 427 2214 484 lius
2244 431 2391 485 novit
2414 431 2724 487 abscondita
2749 431 2949 486 cordis?
2977 431 3007 484 1
3013 447 3101 502 pse
3119 433 3271 498 enim,
3298 432 3488 503 inquit,
3508 437 3696 492 sciebat

2106 522 2228 590 quid
2249 531 2374 575 esset
2393 523 2446 575 in
2473 523 2674 576 homine
2705 520 2886 592 (Joau.
2909 521 3075 592 2.95)
3104 541 3118 576 :
3151 533 3206 577 et
3236 523 3434 579 Paulus
3455 526 3700 581 indicans

2099 613 2382 682 .proprium
2412 627 2533 668 esse
2561 613 2652 666 Dei
2693 623 2900 668 secreta
2943 628 3303 683 cognoscere,
3334 616 3413 670 ait
3439 633 3452 668 :
3479 615 3578 682 Qui
3597 634 3701 669 au-

2113 712 2209 757 tem
2251 713 2508 756 scrutatur
2539 703 2694 756 corda
2721 703 2900 771 (Rom.
2943 703 2997 758 8.
3027 703 3118 775 27)
3153 723 3166 757 :
3195 705 3390 774 quibus
3425 706 3603 762 verbis
3631 712 3704 760 si-

2105 794 2328 865 gnicat
2350 795 2465 850 haec
2489 794 2733 849 eamdem
2760 796 2868 849 vim
2901 795 3119 862 habere,
3149 812 3309 867 quam
3343 799 3454 867 ipsa
3484 798 3578 853 Dei
3608 798 3705 852 hac

2101 889 2203 944 bet
2227 887 2535 957 appellatio.
2564 886 2635 943 Ut
2656 888 2801 942 enim
2828 902 2951 944 cum
2982 888 3104 943 dico
3124 930 3139 956 ,
3171 890 3262 958 qui
3291 890 3426 959 pluit
3451 932 3467 957 ,
3499 891 3706 945 nullum

2117 981 2278 1034 alium
2307 988 2500 1049 praeter
2521 979 2694 1033 Deum
2726 978 2949 1050 designo
2976 995 3071 1051 per
3098 995 3212 1034 rem
3241 981 3419 1048 illam,
3451 983 3708 1052 quoniam

2109 1071 2216 1125 "Dei
2246 1071 2414 1125 solius
2440 1070 2671 1125 estillud
2693 1085 2871 1140 agere;
2895 1080 2950 1125 et
2977 1071 3022 1125 si
3049 1071 3241 1135 dicam,
3266 1072 3355 1142 qui
3382 1072 3547 1127 solem
3579 1074 3715 1128 oriri

2109 1162 2268 1230 facit,
2297 1177 2396 1217 nec
2429 1160 2620 1214 addam
2641 1203 2658 1226 ,
2712 1162 2886 1225 Deus,
2921 1171 3096 1217 tamen
3145 1178 3240 1232 per
3268 1178 3381 1218 rem
3415 1163 3557 1218 illam
3587 1179 3713 1219 eum

2123 1256 2348 1310 ostendo
2377 1270 2390 1307 :
2416 1256 2493 1310 sic
2523 1254 2773 1309 nimirum
2793 1263 2861 1310 et
2887 1255 3091 1310 Paulus
3129 1270 3257 1310 cum
3283 1258 3359 1310 ait
3389 1273 3404 1310 :
3434 1255 3534 1321 Qui
3565 1273 3716 1310 scru-

2127 1356 2262 1400 tatur
2287 1346 2462 1412 corda,
2485 1347 2656 1399 solius
2685 1345 2850 1414 ipsius
2875 1360 2995 1402 esse
3012 1348 3234 1402 scrutari
3266 1347 3428 1402 corda
3454 1347 3716 1402 declarat.

2128 1437 2238 1492 Nisi
2269 1437 2409 1490 enim
2441 1436 2542 1490 hoc
2568 1437 2812 1491 eamdem
2849 1437 2956 1491 vim
2990 1436 3246 1504 haberet,
3288 1454 3446 1508 quam
3475 1453 3676 1494 nomen
3700 1481 3717 1502 .

2131 1530 2296 1597 Deus,
2326 1531 2392 1584 ad
2413 1545 2535 1585 eum
2559 1530 2713 1585 nobis
2737 1531 3076 1585 indicandum
3097 1532 3186 1600 qui
3212 1531 3609 1602 dcsignabatur,
3633 1547 3728 1587 so

2133 1621 2238 1674 lum
2271 1621 2323 1675 id
2354 1622 2573 1676 minime
2613 1622 2900 1691 posuisset.
2930 1621 3062 1676 Nam
3085 1622 3129 1676 si
3165 1622 3265 1677 hoc
3293 1631 3437 1678 esset
3482 1623 3555 1676 illi
3597 1638 3720 1678 cum

2130 1721 2378 1767 creatura
2407 1727 2712 1778 connnune,
2729 1713 2878 1767 illum
2900 1713 2988 1782 qui
3007 1712 3316 1783 designatur
3341 1727 3739 1782 nonagnosce-

2135 1819 2335 1868 remus,
2368 1819 2490 1859 cum
2521 1805 2878 1858 communitas
2905 1803 2993 1858 illa
3021 1804 3390 1858 confusionem
3431 1803 3483 1857 in
3529 1813 3726 1857 menti.

2138 1895 2238 1950 bus
2280 1897 2522 1965 gigneret
2556 1894 2880 1950 auditorum.
2931 1893 3071 1950 Cum
3118 1895 3277 1964 igitur
3319 1902 3575 1964 appareat
3621 1892 3728 1948 hoc

2139 1987 2416 2057 pr0prium
2449 1986 2620 2041 Patris
2649 2002 2769 2041 esse
2789 2029 2804 2052 ,
2831 1987 3066 2055 itemque
3095 1986 3229 2040 Filio
3271 1994 3485 2040 constet
3511 1999 3729 2054 compc-

2143 2086 2254 2131 tcre
2273 2117 2289 2140 ,
2317 2092 2437 2131 cum
2469 2091 2574 2146 quo
2601 2076 2890 2131 indubitata
2919 2076 3234 2146 relinquitur
3261 2075 3382 2131 inde
3411 2076 3716 2146 aequalitas,

2145 2171 2381 2234 idcirco,
2432 2171 2569 2237 Quid
2615 2170 2886 2240 cogitatis,
2943 2169 3144 2240 inquit,
3197 2169 3333 2222 mata
3393 2169 3447 2222 in
3496 2167 3732 2222 cordibus

2146 2265 2365 2319 vestris?
2393 2263 2530 2329 Quid
2560 2266 2692 2317 enim
2720 2273 2789 2317 est
2812 2264 3016 2332 [acilius
3045 2262 3230 2325 dicere,
3260 2259 3589 2314 Dimittuntur
3612 2275 3733 2330 pec-

2141 2366 2260 2410 cata
2289 2367 2394 2419 tua,
2419 2373 2484 2410 an
2507 2356 2690 2421 dicere,
2724 2356 2891 2426 Surge
2918 2365 2964 2408 et
2989 2354 3192 2408 ambula
3221 2352 3435 2422 (Matth.
3461 2352 3516 2408 9.
3547 2355 3600 2406 4.
3630 2353 3686 2423 5)
3708 2352 3733 2403 ?

2220 2445 2273 2499 7.
2296 2446 2465 2499 Altera
2483 2446 2840 2498 demonstratio
2861 2444 3166 2497 remissionis
3181 2440 3736 2512 peccatorumEcce

2151 2538 2370 2592 alteram
2418 2537 2576 2590 etiam
2627 2535 2845 2590 exhibet
2885 2534 3219 2590 remissionis
3265 2542 3604 2602 peccatorum
3640 2532 3734 2586 de-

2152 2627 2619 2682 monstrationem.
2651 2625 2782 2680 Nam
2825 2625 3093 2679 dimittere
3126 2635 3340 2693 peccata
3371 2623 3536 2676 multo
3566 2621 3738 2690 majus

2152 2728 2235 2772 est
2259 2759 2275 2784 ,
2305 2732 2464 2786 quam
2497 2731 2692 2786 corpus
2737 2730 2928 2769 sanare
2953 2755 2968 2782 ,
2999 2723 3257 2784 tantoque
3306 2712 3476 2782 majus
3501 2754 3515 2777 ,
3539 2721 3740 2781 quanto

2155 2813 2331 2866 anima
2357 2825 2602 2878 corpore.
2634 2808 2705 2864 Ut
2731 2809 2869 2862 enim
2911 2808 3154 2876 corporis
3178 2807 3396 2861 morbus
3421 2815 3502 2861 est
3524 2804 3741 2875 paraly-

2156 2903 2252 2970 sis,
2284 2901 2360 2956 sic
2387 2911 2442 2956 et
2468 2901 2661 2954 anima:
2693 2899 2916 2953 morbus
2951 2907 3227 2968 peccatum
3253 2908 3336 2952 est
3362 2916 3375 2952 :
3401 2911 3581 2950 verum
3612 2894 3741 2948 illud

2158 2995 2257 3050 etsi
2285 2993 2454 3063 majus
2483 3001 2596 3046 crat
2617 3033 2631 3054 ,
2663 2991 2947 3046 obscurum
2985 3000 3132 3045 erat:
3161 2990 3262 3044 hoc
3287 3006 3414 3045 vero
3438 2989 3539 3044 etsi
3563 2989 3742 3042 mimis

2158 3095 2314 3153 erat,
2347 3083 2685 3139 manifestum
2720 3093 2853 3138 erat.
2903 3082 3166 3150 Quoniam
3203 3082 3360 3150 igitur
3413 3081 3480 3134 ad
3522 3079 3744 3134 demon-

2159 3178 2471 3232 strationem
2517 3175 2733 3244 majoris
2778 3188 2971 3228 usurus
2995 3183 3075 3228 est
3108 3173 3298 3226 minori
3324 3215 3340 3238 ,
3370 3171 3658 3227 ostendens
3687 3185 3746 3224 se

2162 3281 2378 3340 propter
2405 3269 2614 3323 illorum
2643 3267 3004 3321 infirmitatem
3037 3267 3108 3320 ita
3131 3265 3328 3320 fecisse
3349 3306 3365 3331 ,
3399 3274 3558 3333 atque
3583 3263 3646 3315 ad
3682 3264 3747 3316 il-

2162 3362 2332 3416 lorum
2375 3358 2724 3412 humilitatem
2768 3372 2828 3412 se
2872 3356 3186 3421 demisisse,
3216 3356 3350 3422 Quid
3395 3365 3467 3408 est
3511 3354 3746 3424 facilius,

2165 3452 2351 3521 inquit,
2379 3452 2560 3513 dicere,
2585 3448 2921 3501 Dimittuntur
2941 3459 3145 3517 peccata
3164 3459 3265 3509 tua,
3288 3463 3353 3498 an
3374 3446 3560 3508 dicere,
3588 3444 3749 3513 Surge

2162 3555 2209 3598 et
2236 3543 2466 3598 ambula?
2493 3542 2602 3596 Cur
2644 3541 2802 3610 igitur
2832 3541 2895 3594 ad
2944 3540 3120 3593 minus
3172 3547 3384 3608 propter
3416 3537 3534 3589 illos
3567 3534 3752 3587 venis?

2167 3634 2427 3699 Quoniam
2464 3632 2512 3685 id
2543 3631 2681 3702 quod
2715 3630 3054 3684 manifestum
3075 3637 3187 3692 est,
3211 3628 3436 3680 obscuro
3467 3623 3751 3678 clariorem

2166 3724 2382 3779 exhibet
2406 3723 2941 3777 demonstrationem.
2975 3720 3260 3789 Propterea
3295 3732 3398 3770 non
3428 3715 3573 3786 prius
3607 3715 3753 3767 illum

2167 3818 2356 3880 erexit,
2385 3831 2545 3886 qnam
2568 3815 2702 3868 dixit
2733 3814 2871 3866 illis:
2908 3811 2975 3866 Ut
3012 3821 3185 3864 atttem
3214 3809 3416 3870 sciatis,
3443 3808 3561 3876 quia
3589 3805 3755 3858 Filius

2170 3909 2385 3963 hominis
2426 3908 2572 3961 habet
2602 3915 2893 3976 potestatem
2936 3905 2988 3956 in
3032 3913 3164 3956 terra
3195 3898 3477 3953 dimittendi
3529 3906 3754 3968 peccata,

2170 4010 2287 4052 tunc
2335 3999 2405 4052 ait
2460 3997 2738 4067 paralytica
2764 4036 2778 4057 ,
2808 3994 2976 4063 Surge
3001 4001 3046 4046 et
3083 3989 3287 4044 ambula
3327 3986 3541 4059 (Matth.
3569 3985 3621 4040 9.
3656 3985 3714 4051 6)
3740 4002 3754 4038 :

2170 4090 2320 4160 quasi
2369 4089 2602 4151 diceret,
2638 4086 2809 4156 majus
2857 4085 3070 4154 quidem
3115 4083 3323 4152 signum
3379 4089 3463 4134 est
3509 4077 3758 4132 remissio

2173 4191 2536 4251 peccatorum,
2557 4177 2648 4232 sed
2672 4187 2894 4246 propter
2923 4190 3018 4228 vos
3050 4173 3190 4242 quod
3220 4173 3394 4226 minus
3419 4180 3500 4224 est.
3526 4168 3719 4238 adjicio
3741 4209 3759 4225 .

2173 4269 2603 4342 quandoquidem
2632 4268 2732 4322 hoc
2763 4268 2914 4321 vobis
2946 4265 3084 4320 illius
3125 4279 3244 4320 esse
3269 4261 3658 4317 demonstratio
3681 4257 3761 4311 vi-

2174 4367 2348 4422 detur.
2393 4365 2523 4419 Nam
2571 4359 3020 4433 quemadmodum
3069 4359 3175 4413 illic
3230 4372 3352 4410 cum
3389 4353 3760 4408 centurionem

2175 4457 2442 4513 laudasset
2471 4457 2558 4525 qui
2584 4455 2824 4509 dixerat:
2853 4453 2945 4505 Dic
2989 4461 3184 4504 tantum
3214 4447 3359 4502 verba
3384 4489 3398 4509 ,
3431 4457 3477 4500 et
3504 4445 3763 4499 sanabitur

2177 4565 2312 4621 puer.
2331 4565 2469 4602 meus
2493 4563 2510 4600 :
2531 4563 2649 4600 nam
2676 4556 2720 4599 et
2743 4562 2832 4616 ego
2850 4546 2962 4597 dico
2985 4544 3121 4604 huic,
3151 4539 3311 4608 Vade,
3330 4549 3375 4594 et
3399 4537 3558 4600 vadit,
3577 4545 3622 4587 et
3650 4533 3760 4596 alii,

2189 4639 2330 4704 Veni,
2355 4650 2402 4694 et
2431 4639 2561 4693 venit
2592 4636 2803 4710 (Matth.
2833 4636 2885 4690 8.
2934 4636 2987 4690 8.
3010 4634 3090 4706 9),
3116 4633 3352 4686 animum
3383 4630 3499 4698 ejus
3521 4626 3764 4681 laudibus

2179 4731 2555 4788 confirmavit:
2583 4739 2636 4784 et
2673 4742 2863 4783 rursus
2906 4742 3026 4782 cum
3076 4724 3290 4780 Judaaos
3332 4717 3766 4790 reprehendisset

2179 4823 2280 4878 sibi
2310 4823 2622 4892 objicicntes
2671 4821 2724 4874 in
2751 4821 2972 4874 sabbato
3020 4819 3189 4887 legem
3222 4817 3289 4870 ab
3310 4816 3425 4885 ipso
3457 4809 3638 4865 violari
3667 4852 3680 4873 ,
3711 4809 3764 4862 ia

2181 4931 2274 4970 sua
2304 4922 2563 4986 potestate
2609 4913 2770 4967 situm
2811 4927 2929 4966 esse
2973 4909 3205 4964 ostendit
3248 4908 3392 4976 leges
3438 4904 3770 4964 immutare:

2182 5010 2258 5065 sic
2281 5007 2531 5063 nimirum
2563 5004 2664 5060 hoc
2693 5006 2811 5059 loco
2833 5046 2848 5072 ,
2878 5019 2998 5056 cum
3051 5003 3121 5056 illi
3152 4999 3449 5061 dixissent,
3482 4992 3767 5064 Equalem

2183 5112 2234 5157 te
2273 5103 2442 5170 ipsum
2488 5099 2617 5155 facis
2640 5099 2782 5166 Deo,
2813 5097 3128 5168 promittens
3160 5109 3220 5146 ca
3244 5135 3258 5157 ,
3282 5107 3399 5161 quae
3430 5089 3593 5143 solius
3646 5094 3765 5138 sunt

2184 5193 2374 5250 Patris.
2404 5189 2804 5261 reprehendens
2827 5202 2921 5242 eos
2941 5225 2957 5248 ,
2991 5197 3044 5239 et
3073 5197 3326 5238 accusans
3353 5222 3367 5245 ,
3400 5189 3559 5244 atque
3585 5179 3764 5242 aperi-

2181 5285 2281 5341 bus
2307 5285 2433 5356 ipsis
2460 5282 2750 5338 ostendens
2776 5295 2834 5334 se
2873 5278 3092 5332 minime
3120 5273 3487 5344 blasphemare
3513 5311 3526 5332 ,
3561 5265 3768 5321 indubi-

2184 5387 2342 5432 tatam
2385 5375 2536 5430 nobis
2565 5373 2790 5444 prtebuit
2815 5367 3356 5428 demonstrationem,
3386 5368 3524 5416 unde
3559 5365 3772 5412 constet

2182 5469 2366 5525 eadem
2419 5467 2628 5537 ipsum;
2671 5479 2788 5534 qua:
2839 5460 3082 5526 Genitor,
3117 5471 3272 5528 posse
3321 5463 3594 5525 pnnstare.
3632 5446 3770 5502 Vide

2185 5561 2360 5631 igitur,
2393 5571 2498 5626 quo
2522 5566 2675 5626 pacto
2697 5553 2835 5608 istud
2871 5552 3157 5607 contendat
3183 5548 3460 5603 adstruere
3483 5586 3499 5610 ,
3527 5558 3646 5611 qum
3672 5541 3774 5595 Pa-

2186 5651 2283 5705 tris
2311 5649 2474 5703 solius
2495 5657 2655 5711 sunt,
2679 5663 2739 5701 ea
2768 5646 2936 5716 ipsius
2969 5656 3128 5700 etiam
3155 5657 3273 5698 esse
3298 5660 3311 5694 :
3336 5656 3441 5694 non
3472 5639 3614 5690 enim
3642 5637 3774 5687 siin-

2193 5743 2400 5818 plicitcr
2424 5741 2771 5811 paralyticum
2800 5739 2990 5806 creuit,
3025 5736 3116 5793 scd
3149 5750 3266 5790 cum
3292 5731 3548 5796 dixisset,
3581 5728 3641 5784 (r't
3673 5743 3774 5782 au-
