4054 6216
274 268 347 326 59

270 396 429 453 τερον
451 379 696 455 διελέχθη
728 382 883 438 νόσου
906 398 921 415 ⁸
952 383 1043 438 καί
1068 380 1201 455 πρὸς
1219 380 1429 444 τούτοις
1447 380 1505 433 δέ
1532 379 1755 441 ἅπασιν,
1778 376 1868 428 ῖνα

270 464 368 535 τήν
397 466 479 528 εἰς
527 466 621 519 τὸν
665 467 886 538 Πατέρα
939 465 1210 535 ἰσοτιμίαν
1254 462 1611 533 ἐπιδείξηται.
1656 460 1868 528 Ὥσπερ

272 549 384 619 γάρ
404 547 523 601 ἐκεῖ
553 548 614 601 ἐν
631 547 891 619 σαϐϐάτῳ
915 547 1273 619 ἐθεράπευσε,
1302 545 1627 617 βουλόμενος
1668 540 1867 601 αὐτοὺς

268 629 369 700 τῆς
419 630 855 704 παρατηρήσεως
901 631 1213 699 ἀπαγαγεῖν
1247 624 1348 699 τῆς
1403 625 1724 695 Ἰουδαϊκῆς,
1775 620 1871 676 καὶ

269 712 336 764 ἐκ
365 710 472 765 τιῖιν
509 713 874 785 ἐγκλημάτων
910 714 1019 767 τῶν
1053 712 1236 768 αὐτῶν
1264 709 1452 766 λαϐεῖν
1490 708 1747 781 ἀφορμὴν
1770 705 1868 759 106

270 794 439 862 δεῖξαι
473 796 664 851 ὲαυτὸν
687 797 801 851 ἴσον
825 796 905 868 τῷ
947 796 1300 868 γεγεννηκότι
1327 810 1340 824 '
1383 793 1526 849 οὕτω
1555 794 1621 864 δὴ
1655 791 1751 846 καὶ
1777 791 1868 843 ἐν-

269 877 444 934 ταῦθα
471 880 756 953 προειδὼς,
788 881 928 952 ὅπερ
966 880 1200 952 ἤμελλον
1230 880 1400 951 ἐρεῖν,
1434 873 1556 933 εἶπε
1599 876 1772 931 ταῦτα
1798 872 1871 928 τὰ

273 962 522 1033 ῥήματα,
568 962 636 1019 ἶν’
686 962 937 1019 ἐντεῦθεν
982 962 1164 1017 λαϐὼν
1214 963 1389 1034 ἀρχὴν
1435 964 1532 1017 καὶ
1594 961 1869 1032 πρόφασιν

270 1044 418 1117 δείξῃ
434 1045 513 1117 τῷ
533 1046 886 1117 γεγεννηκότι
921 1046 1182 1118 ὁμότιμον
1227 1046 1357 1101 ὄντα
1383 1045 1592 1100 ἑαυτόν.
1644 1044 1720 1098 υύ
1758 1042 1868 1114 γὰρ

274 1125 388 1181 ίσον
407 1126 632 1199 μηδενὸς
666 1126 1045 1196 ἐγκαλοῦντος,
1080 1128 1215 1201 μηδέ
1244 1128 1567 1199 αἰτιωμένου
1588 1169 1603 1194 ,
1630 1128 1722 1195 ἀφ’
1749 1126 1868 1180 ἐαυο

270 1208 367 1262 τοῦ
396 1210 478 1274 εἰς
510 1209 603 1263 τὸν
634 1211 761 1282 περὶ
787 1211 995 1265 τούτων
1030 1211 1276 1267 καθεῖναι
1316 1211 1493 1280 λόγον.
1538 1211 1632 1263 καὶ
1664 1206 1859 1280 ἐτέρωι

273 1292 627 1363 παρεχόντων
657 1293 755 1358 τὰς
783 1294 963 1360 αἰτίας
997 1293 1057 1348 ἐν
1086 1294 1378 1364 ἀπολογίας
1421 1293 1574 1358 τάξει
1615 1293 1711 1347 καὶ
1743 1292 1855 1363 σχή·

277 1391 411 1444 ματι
439 1374 597 1429 τοῦτο
646 1376 778 1430 αὐτὸ
833 1379 1266 1432 κατασκευάσαι.
1301 1375 1547 1448 Ἐκείνης
1605 1374 1706 1446 μὲν
1756 1373 1863 1445 γὰρ

270 1455 369 1532 τῆς
403 1456 728 1525 ἀποδείξεως
756 1462 785 1512 ὁ
820 1460 1021 1531 τρόπος
1049 1460 1340 1532 ἀντέκρουε
1391 1462 1503 1523 τοῖς
1535 1457 1824 1513 ἀκούουσιν
1847 1467 1860 1484 ⁸

270 1530 424 1603 οὗτος
462 1539 520 1592 δὲ
547 1530 1013 1613 ἀνεπαχθέστερος
1039 1537 1126 1615 ἦν,
1167 1530 1261 1596 καὶ
1294 1542 1703 1614 εύπαράδεκτος
1739 1539 1866 1611 μᾶλ·

269 1621 383 1686 λον,
415 1624 511 1676 καὶ
547 1624 824 1695 πανταχοῦ
863 1625 918 1678 δέ
950 1626 1165 1697 ὁρῶμεν
1196 1626 1354 1680 τοῦτο
1384 1626 1548 1681 αὑτὸν
1581 1622 1861 1687 ποιοῦντα,

272 1706 369 1757 καὶ
399 1705 495 1775 οὐχ
518 1704 659 1759 οὕτω
687 1705 777 1759 διὰ
811 1706 1092 1780 ῥημάτων,
1124 1707 1200 1772 ὡς
1243 1707 1334 1762 διά
1362 1707 1706 1780 πραγμάτων
1746 1708 1860 1760 ἐπι-

269 1784 620 1856 δεικνύμενον
644 1787 743 1858 τὴν
769 1789 1008 1859 ἰσότητα.
1046 1791 1218 1845 Τοῦτο
1250 1790 1380 1859 γοῦν
1399 1783 1495 1844 ἶιαὶ
1515 1792 1544 1844 6
1575 1787 1864 1857 εὐαγγελι-

274 1867 406 1937 στὴς
431 1870 802 1941 αἰνιττόμενος
851 1872 1059 1941 ἔλεγεν,
1099 1873 1183 1927 ὅτι
1205 1873 1429 1928 ἐδίωκον
1457 1872 1619 1927 αὑτὸν
1649 1873 1700 1926 οί
1734 1872 1853 1925 Ἴου·

268 1948 426 2014 δαῖοι,
454 1952 550 2022 οὐχ
581 1953 666 2006 ὅτι
727 1952 888 2022 μόνον
917 1954 1038 2009 ἔλυε
1077 1955 1139 2009 τὸ
1170 1956 1460 2020 σάϐϐατον,
1490 1955 1606 2011 ἀλλ’
1645 1956 1727 2008 ὅτι
1769 1952 1864 2007 καὶ

273 2033 483 2106 πατέρα
518 2034 647 2089 ίδιον
679 2035 835 2104 ἔλεγε
874 2036 966 2091 τὸν
1004 2037 1160 2104 Θεὸν,
1211 2041 1325 2093 [σον
1355 2040 1546 2094 ἐαυτὸν
1579 2038 1750 2093 ποιῶν
1785 2034 1864 2106 τῷ

269 2114 408 2186 Θεῷ,
436 2116 465 2169 δ
517 2116 698 2187 πολλῷ
738 2118 921 2190 μεῖζόν
962 2121 1113 2174 ἐστιν
1136 2137 1149 2151 ·
1182 2121 1270 2175 διὰ
1304 2122 1410 2194 γάρ
1457 2122 1556 2193 τῆς
1586 2121 1694 2175 τῶν
1721 2136 1866 2191 πρα-

268 2197 498 2267 γμάτων
526 2198 857 2266 ἀποδείξεως
877 2202 1036 2256 τοῦτο
1059 2203 1193 2257 αύτὸ
1212 2203 1600 2269 κατεσκεύαζε.
1625 2204 1691 2256 Τί
1706 2199 1799 2256 οὖν
1813 2202 1863 2255 οἰ

269 2278 537 2348 βάσκανοι
561 2282 657 2336 καί
690 2284 940 2354 πονηροὶ,
976 2284 1071 2338 καὶ
1106 2288 1221 2349 τοῖς
1244 2285 1544 2358 ἀλλοτρίοις
1572 2284 1863 2357 τηκόμενοι

270 2361 480 2427 καλοῖς,
535 2365 630 2419 καί
678 2365 1015 2436 πανταχόθεν
1045 2366 1213 2431 λαϐἀς
1240 2367 1528 2439 ζητοῦντες
1555 2368 1768 2439 εύρεῖνς
1799 2364 1865 2419 Τί

267 2438 446 2510 οὗτος,
471 2447 604 2517 φησί
620 2447 973 2520 ,βλασφημεῖς
996 2450 1207 2516 Οὐδείς
1368 2451 1615 2505 δύναται
1626 2438 1865 2519 ἀφιέναι

269 2525 559 2595 ἁμαρτίας
588 2530 639 2582 εί
672 2528 762 2599 μὴ
788 2531 978 2599 μόνος
1007 2534 1041 2586 ό
1080 2534 1242 2599 Θεός.
1263 2532 1473 2604 Ὥσπερ
1504 2535 1622 2587 ἐκεῖ
1644 2533 1864 2585 ἐδίωκον

270 2607 433 2660 αὑτὸν
457 2607 540 2661 ὅτι
573 2610 697 2665 ἔλυε
728 2612 790 2666 τὸ
834 2613 1123 2678 σάϐϐατον,
1153 2616 1247 2669 καὶ
1288 2616 1437 2687 παρὰ
1459 2615 1567 2669 τῶν
1591 2613 1865 2686 ἐγκλημά⁶

270 2703 379 2741 των
405 2690 584 2744 αὐτῶν
611 2690 789 2748 λαϐὼν
820 2695 1072 2768 ἀφορμὴν
1105 2696 1209 2768 τὴν
1230 2697 1450 2768 ίσότητα
1485 2697 1543 2751 ἐν
1568 2696 1863 2764 ἀπολογίας

270 2776 423 2842 τάξει
451 2777 549 2849 τὴν
579 2778 715 2850 πρὸς
739 2780 830 2834 τὸν
861 2784 1225 2855 γεγεννηκότα
1266 2783 1535 2854 ἐδήλωσεν
1564 2782 1734 2837 εἰπών
1758 2800 1771 2813 ·
1803 2778 1877 2835 ’θ’

272 2863 474 2932 Πατήρ
500 2882 619 2935 μου
644 2866 962 2937 ἐργάζεται,
985 2871 1147 2941 κάγὼ
1167 2870 1495 2942 ἐργάζομαι·
1522 2867 1667 2925 οὕτω
1681 2871 1746 2941 δὴ
1772 2873 1865 2925 κοιλ⁵

273 2951 523 3017 ἐνταῦθα,
560 2954 655 3025 ἀφ’
707 2949 785 3011 ὧν
838 2957 1184 3027 ἐγκαλοῦσιν,
1224 2959 1333 3015 ἀπὸ
1384 2958 1585 3016 τούτων
1621 2959 1686 3013 τὸ
1727 2960 1866 3031 πρὸς

270 3038 365 3092 τὸν
415 3040 635 3112 Πατέρα
678 3044 1098 3115 ἀπαράλλακτον
1127 3046 1388 3100 δείκνυσι.
1422 3046 1488 3098 Τί
1524 3046 1632 3118 γάρ
1664 3061 1861 3118 φησιν;

276 3126 486 3193 οὐδεὶς
504 3127 753 3185 δύναται
805 3131 1044 3200 ἀφιέναι
1081 3132 1392 3201 ἁμαρτίας,
1421 3132 1476 3185 ει
1492 3130 1579 3201 μὴ
1612 3135 1803 3202 μόνος
1832 3135 1866 3187 ό

274 3213 440 3280 Θεός.
478 3215 633 3270 Ἐπεὶ
660 3212 754 3271 οὖν
780 3218 936 3272 αὐτοὶ
963 3218 1055 3272 τὸν
1085 3219 1210 3290 ὅρον
1237 3218 1444 3290 ἔθηκαν
1467 3218 1676 3285 τοῦτον,
1710 3219 1866 3274 αὐτοὶ

272 3299 366 3354 τὸν
394 3302 593 3355 κανόνα
623 3304 968 3375 εἰσήνεγκαν,
997 3305 1154 3360 αὐτοὶ
1182 3305 1274 3359 τὸν
1306 3306 1471 3377 νόμον
1502 3305 1770 3377 ἔγραψαν,
1802 3309 1867 3360 ἐκ

276 3386 393 3459 [44]
424 3388 531 3443 τῶν
549 3390 766 3445 οἰκείων
795 3391 991 3456 αὐτοὺς
1021 3392 1207 3447 λοιπὸν
1233 3393 1553 3464 συμποδίζει
1579 3393 1860 3466 ῥημάτων.

286 3473 493 3545 Ὑμεῖς,
518 3476 705 3547 φησὶν,
747 3476 1135 3551 ὡμολογήσατε
1173 3479 1256 3532 ὃτι
1300 3476 1435 3534 Θεοῦ
1473 3480 1635 3552 μόνον
1663 3481 1778 3534 ἐστὶ
1805 3481 1865 3534 τὸ

272 3562 493 3628 ἀφιέναι
546 3564 845 3633 ἁμαρτίας·
894 3564 1373 3637 άναμφισϐήτητός
1431 3566 1580 3622 ἐστιν
1660 3567 1859 3638 ἰσότης.

275 3647 384 3727 καὶ
411 3649 512 3719 οὐχ
535 3643 678 3703 οὗτοι
710 3650 765 3703 δὲ
787 3652 943 3704 10610
982 3651 1140 3722 μόνον
1165 3653 1348 3721 φασὶν,
1378 3653 1517 3709 ἀλλᾶ
1546 3655 1640 3709 καὶ
1660 3657 1690 3709 6
1726 3673 1862 3727 προ-

274 3736 451 3806 φήτης
473 3734 616 3790 οὕτω
630 3736 804 3805 λέγων
822 3754 837 3767 ·
882 3739 973 3804 Τίς
1006 3738 1149 3805 Θεὸς
1164 3739 1366 3809 ὥσπερ
1380 3742 1462 3795 σύ
1478 3759 1498 3807 ;
1522 3738 1642 3796 εἶτα
1654 3742 1866 3808 δεικνὺς

272 3821 325 3873 τί
346 3821 497 3884 ίδιον,
521 3824 822 3894 ἐπήγαγεν,
861 3824 1147 3894 Ἐεαίρων
1173 3827 1443 3895 ἀνομίας,
1460 3830 1558 3883 καί
1588 3829 1867 3898 ὑπερϐαίο

272 3925 399 3962 νων
456 3910 715 3977 ἀδικίας.
743 3912 840 3963 Ἂν
875 3911 1056 3965 τοίνυν
1083 3914 1224 3983 φανῇ
1257 3929 1342 3976 τις
1378 3914 1564 3984 ἕτερος
1594 3913 1767 3978 οὕτως
1802 3915 1867 3969 τὸ

273 3995 410 4049 αὐτὸ
431 3995 591 4051 τοῦτο
637 3996 828 4062 ποιῶν,
857 3999 955 4052 καὶ
1008 3997 1142 4063 Θεός
1178 4000 1346 4062 ἐστιν,
1383 4000 1477 4054 καὶ
1507 4000 1638 4065 Θεὸς
1675 4001 1865 4075 ὥσπερ

192 4130 195 4131 ν
272 4084 502 4147 ἐκεῖνος.
546 4083 683 4138 Ἀλλ’
723 4084 923 4157 ἴδωμεν
962 4085 1079 4151 πῶς
1110 4087 1295 4152 αὐτοῖς
1325 4088 1354 4140 6
1376 4087 1608 4159 Χριστὸς
1623 4088 1866 4159 συλλογί-

274 4171 449 4238 ζεται,
477 4171 594 4233 πῶς
625 4171 834 4241 πράως.
867 4173 961 4227 καί
982 4173 1365 4238 ἐπιεικιῖ›ς.κα’ί¹
1384 4174 1521 4244 μετά
1542 4175 1865 4247 κηδεμονίας

273 4258 515 4330 ἀπάσης.
536 4258 641 4312 Καὶ
690 4258 817 4312 ἰδού
846 4275 1006 4325 τινες
1038 4257 1158 4313 τῶν
1178 4260 1560 4330 γραμματέων
1592 4256 1767 4316 εἷπον
1795 4261 1865 4315 ἐν

272 4345 512 4411 ἑαυτοῖς
535 4361 551 4377 ο
615 4340 804 4412 Οὗτος
858 4345 1233 4415 βλασφημεῖ.
1294 4347 1410 4401 Ούκ
1462 4347 1758 4420 ἐξήνεγκαν
1802 4351 1864 4405 τὸ

281 4433 450 4503 ῥῆμα,
478 4432 540 4486 ού
561 4433 903 4504 προήνεγκαν
930 4431 1015 4485 διὰ
1035 4431 1305 4504 γλώσσης,
1327 4433 1441 4488 ἀλλ’
1472 4437 1528 4488 ἐν
1556 4436 1670 4499 τοῖς
1692 4435 1863 4510 ἀπορι

284 4519 469 4591 ρήτοις
506 4519 607 4591 τῆς
652 4518 891 4583 διανοίας
927 4519 1247 4588 ἐλογίζοντο.
1293 4520 1359 4573 Τί
1395 4516 1487 4575 οὖν
1522 4522 1551 4575 6
1593 4523 1860 4592 Χριστός;

281 4609 513 4680 ήνεγκεν
542 4609 621 4671 εἰς
646 4606 708 4661 τὸ
741 4606 905 4677 μέσον
932 4605 1002 4659 τά
1049 4606 1339 4679 ἀπόρρητα
1364 4607 1591 4661 ἐκείνων
1647 4608 1867 4679 βουλεύ-

283 4713 430 4767 ματα
487 4694 596 4764 πρὸ
636 4695 735 4765 τῆς
771 4693 1097 4759 ἀποδείξεως
1141 4694 1240 4765 τῆς
1289 4694 1430 4749 κατὰ
1470 4694 1570 4767 τὴν
1600 4696 1742 4750 ίασιν
1770 4695 1864 4750 τοῦ

279 4782 531 4855 σώματος
551 4780 647 4835 106
672 4780 1068 4851 παραλυτικῶ,
1110 4781 1434 4852 βουλόμενος
1471 4782 1653 4847 αὐτοῖς
1694 4782 1864 4849 δεῖξαι

276 4871 374 4941 τῆς
402 4867 567 4924 06106
590 4868 842 4939 θεότητος
895 4868 993 4940 τὴν
1026 4868 1198 4941 ἰσχύν.
1234 4869 1354 4923 Ὅτι
1405 4870 1514 4942 γάρ
1542 4870 1677 4926 Θεοῦ
1707 4871 1867 4942 μόνον

277 4959 396 5012 ἐστὶ
422 4958 492 5012 τά
517 4958 809 5030 ἀπόρρητα
834 4956 929 5027 τῆς
957 4956 1194 5020 διανοίας
1230 4955 1403 5021 δεῖξαι
1427 4958 1528 5029 τῆς
1558 4958 1720 5013 αὐτοῦ
1751 4959 1865 5014 θεό-

276 5061 459 5116 τητος.
486 5044 572 5099 Σὺ
618 5044 941 5099 ἐπίστασαι
984 5043 1229 5113 καρδίας
1259 5043 1598 5113 μονώτατος
1615 5084 1634 5111 ,
1666 5047 1854 5118 φησίν.

291 5131 455 5203 Ὁρᾷς
474 5133 556 5186 ὅτι
580 5131 641 5185 τὸ
674 5130 868 5201 μόνος
896 5130 1058 5185 πάλιν
1085 5131 1145 5185 οὐ
1175 5132 1309 5204 πρὸς
1337 5132 1435 5204 τὴν
1463 5132 1865 5204 ἀντιδιαστολὴν

277 5217 372 5272 106
402 5218 533 5272 Υἰοῦ
556 5218 808 5289 λέγεταις
846 5218 907 5271 Et
932 5219 1039 5292 γὰρ
1062 5219 1091 5272 6
1114 5218 1302 5290 Πατὴρ
1329 5219 1614 5273 ἐπίσταται
1640 5219 1866 5292 καρδίας

281 5305 611 5376 μονώτατος,
666 5305 784 5368 πῶς
819 5306 848 5359 6
893 5305 1019 5370 Υἱὸς
1055 5300 1162 5359 οἶδε
1199 5303 1267 5358 τά
1313 5304 1597 5377 ἀπόρρητα
1632 5306 1731 5375 τῆς
1751 5306 1869 5360 610-

278 5392 461 5457 νοίαςς
494 5393 687 5459 Αὐτός
702 5390 813 5462 γὰρ
837 5391 986 5460 ᾔδει,
1004 5392 1157 5462 φησὶ,
1184 5392 1242 5446 τί
1266 5387 1345 5462 ἦν
1363 5392 1434 5446 ἐν
1452 5391 1531 5457 τῷ
1545 5392 1831 5461 ἀνθρώπῳ
1847 5409 1864 5426 ·

281 5480 377 5534 καὶ
400 5481 432 5533 6
460 5477 675 5542 Παῦλος
707 5477 941 5545 δεικνὺς,
970 5478 1052 5533 ὅτι
1080 5477 1208 5533 ίδιον
1235 5478 1369 5533 Θεοῦ
1399 5478 1557 5533 τοῦτό
1579 5480 1695 5534 ἐστι
1722 5478 1782 5534 τὸ
1800 5480 1870 5536 τὰ

281 5562 575 5640 ἀπόρρητα
615 5565 835 5631 είδίναι,
886 5564 1049 5637 φησίν
1071 5581 1087 5598 ·
1120 5567 1175 5619 Ὁ
1204 5565 1272 5621 δὲ
1293 5564 1556 5640 ἐρευνῶν
1584 5567 1692 5633 τὰς
1727 5583 1870 5635 amp-

281 5650 437 5728 ϐίας,
493 5653 729 5723 δεικνὺς,
782 5654 863 5709 ὅτι
903 5656 967 5725 τῇ
1014 5653 1145 5719 Θεὸς
1191 5655 1533 5732 προσηγορίᾳ
1563 5655 1662 5728 τήν
1699 5655 1871 5728 αὐτὴν

1197 267 1266 325 IN
1304 259 1798 324 PARALYTICUM
1843 228 2195 315 0133113va
2237 257 2367 315 m1
2399 249 2701 312 marum.

3495 245 3571 301 00

1974 371 2129 443 ίσχῦν
2150 371 2264 442 ἔχει
2281 369 2458 425 τοῦτο.
2496 369 2707 438 Ὥσπερ
2735 364 2843 437 γὰρ
2877 363 2972 420 ἐὰν
3007 359 3190 417 εἶπωό
3213 358 3441 432 βρέχων,
3470 359 3561 413 01'.-

1910 488 1922 502 -
1970 463 2096 518 δένα
2117 464 2276 519 ἄλλον
2290 461 2437 534 δηλῶ
2452 461 2487 532 ἢ
2535 457 2628 514 τὸν
2655 455 2788 513 Θεὸν
2806 456 2894 512 διὰ
2907 456 3003 511 τοῦ
3019 454 3365 527 πράγματος,
3382 446 3571 534 ἐπειδὴ

1967 547 2131 602 αὐτοῦ
2168 547 2326 618 μόνον
2371 543 2528 599 τοῦτό
2555 545 2672 597 ἐστι
2694 560 2709 576 ο
2740 538 2836 595 καὶ
2875 541 2974 596 ἐάν
3012 541 3171 602 εῖπω,
3198 538 3228 591 6
3255 533 3565 592 ἀνατέλλων

1967 637 2060 693 τὸν
2096 638 2267 709 ήλιον,
2293 636 2390 689 καὶ
2419 634 2494 706 μὴ
2526 631 2825 705 προσθῶτὸ
2856 627 3010 695 Θεὸς,
3035 630 3184 700 ὅμως
3228 624 3389 682 αὐτὸν
3414 621 3563 696 δηλῶ

1966 733 2056 788 διὰ
2092 732 2188 786 106
2243 730 2602 803 πράγματοςο
2635 724 2779 782 οὕτω
2836 724 2901 798 δὴ
2926 722 3021 781 καὶ
3068 727 3099 779 6
3147 719 3359 785 Παῦλός
3398 734 3566 790 φησιν

1968 822 2161 887 εἰπὼν,
2202 823 2255 876 Ὀ
2276 818 2539 892 ἐρευνῶν
2567 818 2677 886 τὰς
2710 816 2980 887 καρδίας,
3021 813 3241 880 ἔδειξεν.
3281 810 3369 867 δτι
3400 807 3567 866 αὐτοῦ

1971 915 2133 989 μόνον
2171 915 2286 970 ἐστί
2326 910 2388 968 16
2422 912 2649 986 ὲρευνᾷν
2707 909 2805 974 τὰς
2836 906 3082 981 καρδίας.
3114 907 3178 991 Εἰ
3213 903 3323 977 γὰρ
3365 903 3440 976 μὴ
3467 900 3567 972 τήν

1968 1015 2142 1086 αὐτὴν
2180 1012 2332 1085 ίσχὺν
2374 1008 2487 1084 εἶχε
2525 1009 2682 1066 τοῦτο
2746 1007 2827 1079 τῷ
2883 1003 3015 1069 Θεὸς
3060 1001 3287 1075 ὀνόματι
3327 1000 3464 1073 πρὸς
3503 998 3566 1054 τὸ

1965 1104 2139 1173 δεῖξαι
2169 1103 2301 1177 ήμῖν
2343 1098 2435 1158 τὸν
2500 1100 2851 1174 δηλούμενον,
2879 1095 2979 1152 οὐκ
3024 1096 3090 1152 ἀν
3122 1093 3255 1149 αὐτὸ
3284 1094 3403 1147 κατ’
3432 1091 3565 1145 αὐτὸ

1967 1209 2230 1267 τέθεικεν.
2264 1208 2369 1264 K01
2425 1207 2534 1281 γὰρ
2578 1209 2628 1262 εί
2664 1203 2841 1262 κοινὸν
2885 1199 2955 1277 ἦν
2986 1199 3136 1272 αύτῷ
3167 1200 3263 1254 καὶ
3300 1198 3436 1269 πρὸς
3463 1195 3564 1267 τήν

1966 1303 2144 1358 κτίσιν
2176 1301 2354 1364 10610,
2386 1300 2487 1354 ούκ
2535 1296 2602 1353 ἂν
2644 1298 2888 1369 ἔγνωμεν
2939 1292 3030 1348 τὸν
3066 1288 3416 1363 δηλούμενον.
3464 1284 3565 1355 τῆς

1967 1393 2253 1458 κοινωνίας
2317 1388 2576 1465 σύγχυσιν
2632 1387 3013 1462 ἐμποιησάσης
3068 1383 3135 1456 τῇ
3186 1377 3397 1452 διανοίᾳ
3451 1378 3564 1432 τῶν

1965 1483 2269 1556 ἀκροατῶν.
2303 1483 2471 1537 Ὅταν
2522 1476 2614 1537 οὖν
2666 1476 2922 1552 φαίνηται
2970 1476 3100 1531 ἴδιον
3142 1471 3354 1541 Πατρὸς
3380 1465 3561 1556 τοῦτο,

1967 1555 2229 1645 φαίνηται
2256 1574 2311 1629 δέ
2341 1576 2438 1628 καὶ
2466 1568 2543 1645 τῷ
2577 1572 2713 1642 Υίῷ,
2736 1569 2871 1640 πρὸς
2889 1568 2948 1622 δν
2965 1562 3447 1635 ἀναμφισϐήτητος
3463 1555 3562 1612 καὶ

1966 1668 2214 1723 ἐντεῦθεν
2242 1669 2276 1739 ή
2311 1669 2513 1738 ἰσότης,
2537 1665 2623 1719 διὰ
2650 1664 2830 1725 10610,
2863 1662 2948 1725 Τί,
2968 1658 3122 1732 φησί,
3151 1653 3558 1726 διαλογίζεσθε

1966 1758 2200 1828 πονηρά
2227 1759 2297 1815 ἐν
2326 1756 2455 1825 ταῖς
2477 1754 2747 1826 καρδίαις
2778 1749 2947 1823 ὑμῶν
2968 1750 3063 1813 ςτί
3088 1747 3197 1818 γὰρ
3224 1743 3567 1837 είιιιο.πιέ›τε;⁹

1958 1868 2074 1922 ρον
2094 1851 2303 1918 εἰπεῖν,
2338 1847 2664 1921 Ἀφέωνταί
2680 1862 2817 1903 σου
2839 1846 2898 1899 αί
2946 1841 3244 1913 ἁμαρτίαι,
3268 1835 3308 1906 ἣ
3341 1835 3553 1902 εἰπεῖν,

1971 1941 2225 2011 Ἕγειραι
2250 1939 2351 1996 καί
2378 1941 2720 2013 περιπάτει;

1936 2054 1958 2115 _.'
2033 2048 2100 2116 ζ’.
2146 2049 2276 2106 Ἰδοὺ
2306 2051 2400 2104 καὶ
2425 2048 2684 2120 δευτέραν
2720 2046 2993 2113 ἀπόδειξιν
3014 2048 3249 2101 ποιεῖται
3295 2045 3395 2118 τῆς
3448 2046 3557 2100 τῶν

1965 2141 2376 2215 ἁμαρτημάτων
2423 2139 2689 2211 ἀφέσεως.
2721 2137 2796 2193 Τὸ
2829 2137 2925 2211 μέν
2961 2137 3071 2210 γὰρ
3100 2134 3372 2209 ἁμαρτίας
3402 2135 3558 2205 ἀφιέ-

1930 2234 2055 2300 ’,ναι
2080 2229 2177 2286 106
2199 2230 2360 2302 σῶμα
2390 2228 2727 2302 θεραπεῦσαι
2761 2225 2940 2297 πολλῷ
2977 2222 3176 2298 μᾶλλον
3203 2221 3386 2296 μεῖζόν
3413 2225 3554 2285 ἐστι,

1964 2321 2059 2376 καὶ
2091 2321 2343 2376 τοσοῦτον
2400 2319 2611 2391 μεῖζον,
2663 2318 2788 2374 ὅσον
2831 2319 2978 2390 ψυχὴ
3036 2313 3306 2388 σώματοςο
3336 2314 3554 2388 Ὥσπερ

1964 2411 2074 2484 γὰρ
2117 2407 2212 2464 τοῦ
2261 2407 2512 2481 σώματος
2536 2408 2746 2481 νόσοςή
2787 2407 3109 2482 παράλυσις,
3137 2404 3280 2462 οὕτω
3318 2407 3415 2462 καὶ
3452 2406 3554 2479 τῆς

1962 2501 2140 2573 ψυχῆς
2185 2500 2340 2565 νόσος
2387 2502 2420 2572 ὴ
2476 2501 2755 2575 ἀμαρτίαο
2804 2500 2920 2556 ἀλλ’
2957 2500 3218 2556 ἐκείνοδεί
3244 2498 3338 2554 καὶ
3370 2499 3553 2571 μεῖζον

1962 2588 2053 2664 ἦν,
2086 2590 2281 2663 ἄδηλον
2311 2586 2406 2663 ἦν’
2436 2592 2594 2649 τοῦτο
2621 2592 2677 2647 δέ
2708 2594 2758 2646 εἰ
2802 2592 2896 2646 καὶ
2928 2591 3147 2645 ἔλαττον
3191 2584 3282 2662 ἦν,
3318 2589 3553 2661 φανερὸν

1963 2677 2051 2754 ἦν.
2119 2680 2335 2753 Ἐπειδὴ
2374 2682 2555 2737 τοίνυν
2608 2680 2792 2754 μέλλει
2856 2680 2992 2754 πρὸς
3024 2680 3121 2753 τὴν
3159 2680 3432 2747 ἀπόδειξιν
3458 2678 3552 2734 106

1967 2769 2212 2841 μείζονος
2234 2770 2313 2842 τῷ
2336 2769 2580 2825 ἐλάττονι
2615 2770 2938 2843 κεχρῆσθαι,
2973 2770 3210 2837 δεικνὺς,
3240 2770 3322 2823 ὅτι
3341 2767 3428 2824 διά
3454 2769 3554 2839 τὴν

1963 2868 2247 2923 ἀσθένειαν
2281 2871 2382 2941 τὴν
2426 2869 2650 2925 ἐκείνων
2690 2869 2863 2935 οὕτως
2882 2869 3127 2942 ἐποίησε.
3154 2869 3247 2924 καὶ
3278 2884 3555 2940 συγκατα-

1964 2966 2163 3021 ϐαίνων
2186 2966 2366 3023 αὐτῶν
2399 2971 2467 3037 τῇ
2486 2967 2835 3039 ταπεινότητι
2888 2984 3022 3039 φησι
3040 2982 3054 2996 °
3096 2968 3158 3023 Τί
3186 2966 3357 3023 ἐστιν
3380 2967 3555 3022 εὐκο-

1964 3064 2231 3134 πώτερον
2244 3063 2452 3132 εἰπεῖν,
2490 3064 2810 3136 Ἀφέωνταί
2848 3082 2964 3121 σου
2991 3069 3050 3122 αἰ
3077 3065 3372 3137 ἁμαρτίαι,
3399 3066 3438 3137 ἢ
3470 3070 3552 3122 εί-

1965 3163 2399 3235 πεῖν,Ἔγειραι
2420 3159 2520 3216 καί
2536 3160 2876 3227 περιπάτει;
2894 3162 3010 3238 [45]
3041 3164 3196 3229 Τίνος
3226 3159 3320 3219 οὗν
3365 3164 3552 3219 ἕνεκεν

1965 3261 2059 3316 ἐπὶ
2079 3260 2143 3314 τὸ
2178 3259 2396 3315 ἔλαττον
2417 3258 2554 3333 ἔρχῃ
2584 3260 2651 3313 δι’
2681 3260 2954 3326 ἐκείνουςς
2984 3259 3201 3333 Ἐπειδὴ
3225 3260 3287 3314 16
3317 3262 3551 3333 φανερὸν

1964 3362 2059 3419 τοῦ
2086 3361 2325 3433 ἀφανοῦς
2380 3363 2711 3437 τρανοτέραν
2753 3360 3052 3435 παρέχεται
3108 3360 3206 3435 τὴν
3255 3360 3548 3429 ἀπόδειξιν.

1965 3463 2065 3520 Διά
2089 3462 2249 3519 τοῦτο
2271 3464 2334 3518 ού
2361 3462 2625 3537 πρότερον
2650 3463 2813 3519 αὐτὸν
2838 3463 3156 3535 ἀνέστησεν,
3179 3464 3285 3532 ἕως
3302 3457 3365 3520 οὖ
3391 3458 3545 3519 εῐπεν

1965 3565 2182 3630 αὐτοῖς·
2222 3565 2348 3621 Ἵνα
2384 3563 2454 3618 δὲ
2485 3563 2703 3630 εἰδῆτε,
2736 3561 2825 3618 ὅτι
2860 3562 3153 3630 ἐξουσίαν
3194 3564 3320 3635 ἔχει
3347 3567 3380 3620 δ
3415 3566 3549 3633 Υίύς

1963 3665 2071 3719 τοῦ
2095 3665 2408 3733 ἀνθρώπου
2422 3663 2658 3734 ἀφιέναι
2687 3664 2978 3734 ἁμαρτίας
3000 3664 3101 3720 ἐπί
3124 3661 3232 3732 τῆς
3256 3663 3391 3735 τῆς.
3418 3669 3552 3721 τότε

1962 3762 2116 3831 φησί
2176 3762 2257 3828 τῷ
2307 3758 2704 3833 παραλυτικῷ,
2755 3764 3006 3833 Ἕτσιραι
3055 3765 3153 3819 καί
3220 3768 3545 3834 περιπάτει,

1962 3867 2165 3921 ὡσανεὶ⁸
2199 3863 2383 3936 ελεγι*
2418 3865 2621 3933 Μεῖζον
2650 3867 2749 3938 μέν
2771 3868 2884 3921 ἐστι
2904 3864 3127 3938 σημεῖον
3156 3869 3190 3940 ή
3217 3868 3324 3922 τῶν
3356 3871 3541 3941 ἀμαρ-

1962 3967 2222 4039 τημάτων
2246 3967 2439 4037 ἄφεσις
2461 3983 2475 3997 ο
2504 3966 2594 4020 διὰ
2625 3967 2682 4021 δέ
2725 3967 2869 4037 ὑμᾶς
2897 3966 2992 4021 καὶ
3027 3966 3091 4020 τὸ
3126 3965 3346 4022 ἔλαττον
3374 3986 3548 4042 προσ-

1963 4066 2174 4138 τίθημι,
2201 4051 2389 4139 ἐπειδὴ
2405 4065 2564 4122 τοῦτο
2590 4066 2720 4137 ύμῖν
2745 4064 3016 4134 ἀπόδειξις
3059 4065 3269 4122 ἐκείνου
3298 4062 3438 4124 εἶναι
3459 4070 3547 4125 δο-

1965 4169 2069 4222 κεῖ.
2122 4167 2333 4239 ’Ὠσπερ
2373 4165 2484 4237 γὰρ
2512 4167 2629 4221 ἐκεῖ
2664 4167 2758 4222 τὸν
2799 4164 3198 4239 ἑκατοντάρχην
3254 4168 3546 4233 ἐπαινόσας

1966 4268 2209 4333 είπόντα,
2238 4266 2385 4322 Εἰπὲ
2426 4266 2589 4339 λόγῳ
2616 4270 2831 4337 μόνον,
2868 4268 2968 4323 καί
3000 4268 3305 4335 ἰαθήσεται
3343 4271 3377 4323 ό
3404 4269 3546 4336 παῖς

1959 4383 2109 4437 μου·
2138 4366 2237 4422 καί
2273 4365 2383 4437 γὰρ
2421 4366 2537 4435 ἐγὼ
2575 4364 2732 4436 λέγω
2755 4366 2961 4431 τούτῳ.
2986 4365 3274 4434 Πορεύου,
3306 4365 3403 4420 καί
3440 4381 3547 4420 που

1956 4467 2212 4534 ρεύεταιο
2245 4466 2342 4519 καὶ
2367 4464 2447 4531 τῷ
2474 4462 2661 4527 ἄλλῳ,
2684 4463 2925 4531 Ἔρχου,
2946 4458 3045 4514 καί
3059 4457 3314 4535 ἔρχεται,
3337 4458 3545 4531 ἐκύρω-

1967 4580 2058 4617 σεν
2083 4561 2246 4618 αὑτοῦ
2279 4563 2377 4633 τὴν
2402 4560 2627 4634 γνώμην
2658 4559 2745 4613 διά
2774 4558 2879 4612 τῶν
2911 4556 3229 4628 ἐγκωμίων·
3258 4560 3352 4613 καὶ
3383 4557 3548 4615 πάλιν

1963 4665 2076 4727 τοῖς
2112 4661 2383 4725 Ἰουδαίοις
2429 4660 2730 4728 ἐγκαλέσας
2760 4658 2853 4712 ἐπὶ
2888 4656 2982 4712 106
3015 4656 3286 4712 σαϐϐάτου
3337 4674 3549 4731 μεμφο-

1968 4764 2149 4834 μένοις
2182 4760 2348 4832 αύτῷ,
2378 4762 2461 4816 ὅτι
2509 4761 2670 4815 πάλιν
2719 4761 2988 4833 παραλύει
3022 4760 3111 4815 τὸν
3132 4760 3318 4830 νόμον,
3344 4759 3547 4826 ἔδειξεν

1964 4860 2048 4915 δτι
2093 4859 2278 4933 κύριός
2330 4859 2444 4913 ἐστι
2469 4858 2778 4931 μεταθεῖναι
2797 4861 3021 4932 νόμους·
3060 4859 3203 4915 οὕτω
3230 4859 3294 4931 δὴ
3323 4861 3418 4914 καὶ
3459 4862 3549 4915 ἐν·

1965 4960 2138 5015 ταῦθα
2165 4961 2388 5015 εἰπόντα
2437 4958 2645 5025 τοῦτον,
2692 4961 2805 5013 ίσον
2857 4960 3049 5015 ἑαυτὸν
3100 4963 3247 5015 ποιεῖ
3291 4959 3371 5031 τῷ
3401 4960 3545 5030 Θεῷ,

1965 5057 2430 5130 ἐπαγγελλόμενος
2474 5057 2514 5112 ἃ
2542 5057 2636 5113 τοῦ
2669 5059 2911 5131 Πατέρος
2948 5060 3065 5113 ἐστὶ
3105 5060 3286 5130 μόνον,
3329 5060 3550 5131 μομφὰς

1970 5173 2130 5229 μενος
2181 5156 2378 5220 αὐτοὺς
2426 5155 2520 5211 καὶ
2551 5157 2955 5228 αἰτιασάμενος,
2999 5156 3093 5211 καὶ
3116 5155 3206 5210 διά
3230 5155 3342 5211 τῶν
3370 5156 3550 5230 ἔργων

1965 5255 2237 5322 ἐπιδείξας
2265 5256 2347 5309 δτι
2393 5255 2455 5309 οὐ
2484 5254 2811 5328 βλασφημεῖ,
2837 5256 3227 5329 ἀναντίρρητον
3253 5257 3386 5330 ήμῐν
3412 5272 3553 5329 παρ-

1966 5356 2123 5429 έσχεν
2149 5356 2443 5424 ἀπόδειξιν,
2469 5356 2553 5412 ὅτι
2580 5355 2754 5411 ταῦτα
2785 5357 3029 5423 δύναται,
3050 5356 3086 5412 ἀ
3115 5356 3209 5412 καὶ
3234 5358 3263 5411 6
3290 5372 3552 5429 γεγεννη-

1966 5456 2095 5522 κώς.
2128 5458 2270 5531 Ὅρα
2302 5457 2431 5528 γοῦν
2472 5456 2591 5524 πῶς
2634 5456 2791 5513 10610
2838 5457 3244 5512 κατασκευάσαι
3277 5455 3548 5527 βούλεται,

1966 5559 2049 5613 ὅτι
2084 5556 2121 5613 ἃ
2148 5557 2240 5613 τοῦ
2268 5557 2479 5630 Πατρός
2514 5559 2630 5614 ἐστι
2690 5558 2869 5630 μόνον,
2910 5554 3085 5613 ταῦτα
3118 5556 3214 5614 καὶ
3238 5555 3438 5614 αὐτοῦ·
3484 5558 3550 5612 ού

1970 5656 2081 5731 γὰρ
2115 5655 2297 5725 ἀπλῶς
2342 5657 2608 5731 ἀνίστησι
2644 5658 2736 5715 τὸν
2766 5654 3157 5729 παραλυτικὸν,
3201 5657 3318 5715 ἀλλ’
3347 5650 3544 5710 εἰπών’
