4054 6216
328 196 391 253 α
1047 198 1058 210 “
1225 185 1302 241 ΙΝ·
1331 176 1818 241 ΡΑΒΑῙᾹῐΪΙΟωΙ
1861 175 1922 232 Dl

2025 175 2211 232 lSSU.“
2257 177 2390 233 PER
2434 176 2734 234 TECTUM.
3549 185 3620 239 62

328 300 426 343 teut
469 286 676 350 sciatis,
707 285 837 354 quia
861 282 1042 336 Filius
1065 281 1292 336 hominis.
1321 280 1484 332 habet
1517 273 1826 348 potestatein.
1858 275 1912 327 in

328 391 461 433 terra
500 376 787 430 dimittendi
814 383 1019 445 peccata
1046 369 1258 437 (Matth.
1292 369 1346 425 9.
1377 368 1445 437 6)
1484 386 1498 423 :
1525 367 1661 422 adeo
1700 364 1922 420 curabat

327 485 390 524 ac
411 467 662 522 studebat
690 464 796 521 hoe
831 464 1061 518 maxime
1084 461 1372 518 ostendere
1408 459 1512 514 sibi
1531 456 1774 513 eamdem
1798 469 1919 510 esse

327 559 700 613 macritatem
727 571 850 611 cum
879 555 1056 610 Patre.

399 648 455 704 8.
499 647 747 717 Epilogus
774 645 1022 700 sermonis
1055 659 1154 713 quo
1192 643 1261 696 ad
1291 643 1582 712 patientiam
1611 641 1666 694 in
1695 639 1919 694 aduersis

327 738 846 793 roltortatur.—lla:c
875 737 1034 808 igitur
1049 736 1226 790 omnia
1249 747 1300 790 et
1326 751 1445 806 quae
1476 734 1730 790 hesterno
1747 733 1832 788 die
1856 746 1920 787 ac

329 827 716 884 nudiustertius
750 828 890 883 dicta
933 837 1079 892 sunt,
1125 827 1407 896 diligenter
1450 824 1703 879 memoria
1737 833 1920 878 tenea-

329 934 466 984 mus,
488 935 551 975 ac
575 919 741 974 Deum
765 933 1067 989 precemur,
1095 926 1155 972 ut
1179 935 1240 972 ea
1269 918 1319 971 in
1344 926 1523 972 nostra
1551 924 1727 970 mente
1745 915 1918 968 deﬁxa

330 1019 700 1078 permaneant,
725 1019 1075 1078 nostrumque
1104 1007 1337 1062 studium
1369 1006 1730 1072 conferamus,
1758 1014 1919 1074 atque

327 1098 394 1151 nd
426 1097 568 1154 hunc
597 1098 773 1152 locum
803 1096 1114 1168 frequenter
1140 1097 1474 1153 accedamus.
1520 1097 1609 1152 Sic
1633 1095 1775 1151 enim
1808 1094 1918 1162 ﬁet,

330 1200 382 1242 ut
416 1199 471 1244 et
499 1204 561 1244 ea
590 1205 708 1260 qua:
735 1191 980 1259 superius
998 1189 1138 1244 dicta
1164 1198 1289 1243 sunt
1315 1204 1715 1256 conservemus,
1739 1197 1793 1244 et
1818 1189 1918 1244 alia

331 1295 520 1335 rursus
543 1281 881 1350 acquiramus
909 1295 926 1334 :
958 1280 1102 1351 quod
1126 1280 1174 1334 si
1201 1280 1326 1351 quid
1353 1278 1493 1334 forte
1528 1280 1678 1350 lapsu
1711 1288 1919 1350 tempo-

329 1372 405 1425 ris
432 1371 713 1437 efﬁuserit,
743 1372 898 1428 facile
922 1371 1053 1427 illud
1082 1372 1294 1426 assidua
1321 1371 1563 1426 doctrina
1589 1372 1783 1427 exculti
1813 1387 1916 1442 po-

329 1461 549 1517 terimus
570 1478 908 1534 recuperare.
933 1463 1116 1532 Neque
1139 1478 1272 1518 vero
1296 1477 1425 1517 sana
1449 1473 1651 1517 tantum
1673 1463 1920 1534 dogmata

328 1554 718 1623 permanebunt
762 1564 828 1611 et.
859 1555 1206 1625 incerrupta,-
1233 1555 1328 1610 sed
1374 1565 1446 1610 et.
1474 1556 1633 1609 vitam
1683 1565 1919 1610 nostram

329 1644 517 1714 majori
545 1660 689 1700 ουτω
711 1654 778 1700 et
792 1647 1038 1702 cautione
1057 1647 1374 1717 dirigemus,
1414 1655 1468 1700 et
1501 1661 1622 1701 cum
1653 1646 1922 1715 voluptate

328 1735 600 1806 animique
627 1738 1008 1808 tranquillitate
1035 1737 1137 1793 hoc
1181 1753 1353 1792 aevum
1396 1737 1691 1808 transigere
1720 1737 1918 1792 licebit.

328 1823 472 1880 Nam
483 1841 828 1898 quaecumque
851 1829 1059 1884 tandem
1083 1827 1410 1898 perturbatio
1431 1836 1667 1883 nostram
1688 1828 1920 1882 animam

327 1917 580 1986 exagitet,
607 1917 731 1972 dum
761 1918 985 1974 inhunc
1015 1919 1188 1974 locum
1214 1919 1583 1986 convenimus,
1616 1917 1773 1974 facile
1802 1920 1917 1974 dis-

327 2007 437 2060 cuti
469 2012 668 2078 poterit
698 2026 713 2064 :
743 2010 1171 2080 quandoquidem
1201 2020 1256 2066 et
1281 2009 1524 2065 Christus
1563 2026 1706 2065 nunc
1745 2012 1918 2077 adest,

326 2108 382 2154 ct
408 2102 496 2170 qui
523 2115 644 2156 cum
687 2101 792 2158 ﬁde
820 2102 887 2156 ad
934 2103 1079 2156 illum
1109 2101 1339 2168 accedit,
1383 2102 1590 2157 facilem
1630 2102 1920 2172 adepturus

327 2201 417 2244 est
435 2193 786 2247 curationem.
822 2193 1138 2263 Paupertate
1169 2193 1289 2262 quis
1317 2193 1944 2258 assiduaeonlliclatur,

327 2291 397 2336 ct-
413 2285 734 2339 necessariis
753 2284 1059 2340 destituitur
1083 2286 1370 2349 alimentis,
1400 2294 1455 2340 et
1482 2285 1619 2340 fame
1647 2285 1922 2341 conlectus

330 2391 702 2444 saepenumero
723 2376 916 2431 lectum
947 2378 1093 2446 petiit
1121 2395 1134 2430 :
1166 2387 1341 2432 tamen
1360 2377 1464 2432 huc
1487 2377 1774 2447 ingressus,
1800 2393 1920 2433 cum

329 2467 558 2522 audierit
582 2468 804 2523 Paulum
835 2469 1123 2536 dicentem,
1153 2470 1206 2523 in
1236 2469 1374 2524 fame
1401 2480 1455 2524 et
1483 2471 1568 2524 siti
1599 2480 1653 2526 et
1683 2470 1922 2526 nuditate

326 2574 387 2612 se
415 2557 633 2628 degere,
653 2574 817 2630 seque
843 2574 949 2614 non
973 2575 1096 2622 uno,
1128 2571 1220 2614 aut
1247 2559 1476 2626 duobus,
1501 2569 1592 2615 aut
1613 2561 1782 2617 tribus
1801 2561 1920 2616 die-

328 2649 446 2714 bus,
477 2649 572 2704 sed
604 2659 860 2720 perpetuo
901 2666 1114 2721 passum
1157 2666 1278 2731 esse
1317 2651 1479 2724 (quod
1518 2651 1732 2723 quidem
1779 2652 1918 2707 indi-

323 2757 456 2796 cans
481 2741 679 2807 aiebat,
713 2741 886 2814 (Isque
912 2749 965 2798 tn
991 2744 1121 2798 hanc
1149 2745 1328 2800 horam
1355 2754 1404 2798 et
1443 2746 1711 2812 esurimus,
1739 2755 1784 2800 et
1811 2747 1923 2801 sui-

327 2848 459 2894 mus,
489 2841 536 2886 et
559 2832 688 2886 nudi
713 2839 915 2902 sumus|
939 2840 964 2891 1
995 2847 1116 2889 cur.
1146 2836 1200 2890 4.
1232 2829 1356 2902 tl],
1379 2836 1733 2893 suflicientem
1760 2853 1827 2891 ex
1853 2852 1921 2891 eo

332 2923 754 2978 consolationem
785 2926 1060 2996 percipiet,
1091 2941 1214 2982 cum
1244 2944 1307 2982 ex
1353 2927 1418 2983 iis
1457 2944 1578 3000 qme
1615 2929 1757 2984 dicta
1795 2938 1922 2985 sunt

327 3011 575 3070 didicerit
596 3015 787 3082 Deum,
815 3034 921 3074 non
941 3019 1084 3089 quod
1106 3020 1250 3076 illum
1275 3019 1496 3084 odisset,
1526 3022 1578 3077 in
1607 3032 1920 3094 paupertate

328 3109 532 3164 versari
557 3110 864 3180 permisisse
891 3131 906 3167 ι
934 3128 1110 3183 neque
1126 3114 1290 3181 enim,
1319 3114 1366 3170 si
1391 3115 1790 3189 odiooprosequi
1816 3118 1918 3174 hoe

329 3208 498 3267 esset,
530 3201 696 3256 Paulo
727 3218 838 3273 prae
865 3205 1547 3261 caetensomnibusamico
1573 3221 1672 3262 suo
1702 3208 1752 3263 id
1781 3208 1947 3264 actio-

328 3288 460 3345 dere
485 3292 856 3360 permisisset:
887 3311 1070 3350 verum
1099 3296 1243 3366 quod
1277 3295 1348 3352 de
1367 3312 1444 3353 eo
1471 3297 1729 3354 sollicitus
1750 3309 1946 3368 esset,.

330 3381 490 3452 eique
518 3385 840 3454 provideret,
885 3395 1046 3458 atque
1091 3387 1156 3442 ad
1205 3387 1460 3458 majorem
1505 3389 1650 3445 illum
1681 3391 1946 3461 philosom

331 3473 510 3541 phiam
539 3486 892 3544 promoveret.
940 3477 1032 3534 Est
1058 3479 1193 3533 alius
1231 3479 1516 3550 quispiam,
1545 3481 1695 3552 cujus
1727 3498 1922 3552 corpus

331 3567 532 3622 morbis
575 3583 638 3624 ac
683 3571 835 3626 malis
869 3571 1164 3628 innumeris
1206 3572 1519 3629 obsidetur?
1556 3575 1921 3632 Sufﬁcientem

329 3655 454 3712 huic
495 3657 721 3714 aﬂ‘erent
773 3662 1194 3719 consolationem
1239 3664 1654 3736 paralyticorum
1699 3667 1920 3722 istorum

326 3763 573 3817 corpora,
609 3759 812 3805 etcum
845 3753 948 3806 illis
978 3752 1165 3808 beatus
1200 3770 1262 3809 ac
1289 3771 1582 3825 generosus
1625 3757 1772 3812 Pauli
1816 3759 1924 3813 dis-

325 3839 557 3908 cipulus,
586 3841 675 3911 qui
703 3843 969 3912 perpetuis
993 3844 1193 3897 morbis
1220 3843 1646 3910 conﬂictabatur,
1676 3862 1774 3900 nec
1802 3864 1920 3902 utn-

327 3948 487 4000 quam
510 3949 538 3986 a
569 3934 722 4006 longa
745 3937 1062 4006 aegritudine
1087 3936 1406 4005 respirabat,
1439 3937 1578 4008 quod
1601 3939 1762 3993 etiam
1788 3940 1925 3995 Pau-

329 4025 659 4082 lus-dicebat
708 4046 742 4083 ε·
766 4027 972 4082 Modico
1013 4029 1128 4082 vino
1172 4032 1314 4082 utere
1353 4037 1561 4100 propter
1605 4031 1922 4085 stomachum

330 4127 492 4181 tuum,
525 4127 583 4171 et
600 4119 1028 4188 frequentesttuas
1067 4120 1386 4188 inﬁrmitates
1418 4121 1437 4193 (
1464 4121 1512 4175 1.
1549 4121 1680 4174 Tim.
1713 4123 1766 4178 5.
1793 4121 1919 4193 25),

328 4225 435 4264 non
465 4210 778 4281 simpliciter
805 4212 939 4266 dixit
971 4211 1327 4267 inﬁrmitates.
1359 4213 1509 4268 Alius
1536 4214 1800 4286 quispiam
1827 4232 1921 4271 ca-

329 4300 546 4356 lnmniis
582 4303 855 4372 appetitus
881 4314 964 4357 est
993 4303 1061 4357 ab
1106 4304 1208 4372 iis,
1239 4304 1329 4374 qui
1373 4320 1618 4374 magnam
1660 4306 1733 4361 illi
1779 4307 1920 4376 apud

328 4393 583 4464 pupulum
603 4393 1211 4461 conflaruntinfamiam,
1239 4404 1401 4465 atque
1421 4394 1523 4450 hoc
1543 4395 1662 4465 ejus
1684 4397 1920 4452 animum

327 4487 731 4557 graviterangit
757 4496 812 4542 et
842 4497 1109 4557 perpetuo
1125 4487 1328 4543 cruciat
1357 4505 1369 4542 :
1404 4487 1448 4543 si
1488 4486 1759 4559 ingressus
1803 4489 1921 4545 fue-

327 4580 417 4643 rit,
447 4587 502 4633 et
527 4577 775 4646 audierit,
805 4577 950 4632 Beati
975 4579 1116 4644 estis,
1142 4595 1260 4632 cum
1281 4577 1638 4634 maledixcrint
1666 4580 1804 4635 vobis
1837 4581 1924 4636 Ito-

328 4671 507 4734 mines,
542 4680 592 4724 et
616 4670 1233 4726 dixerint-omne-malum
1261 4671 1524 4725 adversum
1553 4687 1640 4726 vos
1676 4675 1941 4728 mentiar--

327 4772 400 4816 tes
425 4777 444 4816 :
471 4762 690 4835 gaudete
729 4775 776 4818 et
813 4762 1080 4830 exsultate,
1119 4763 1359 4834 quoniam
1401 4780 1587 4818 merces
1629 4777 1790 4820 vestra
1833 4783 1921 4821 co-

332 4857 474 4925 piosa
498 4866 571 4909 est
593 4856 645 4910 in
683 4858 820 4912 ca’lis
839 4856 1057 4926 (Matth.
1079 4856 1133 4911 5.
1180 4858 1268 4912 lt.
1303 4857 1390 4924 l2)
1415 4875 1430 4914 :
1452 4873 1668 4914 omnem
1688 4857 1924 4929 deponet

332 4963 641 5013 mmrorem,
660 4959 714 5004 et
735 4965 952 5004 summa
977 4950 1251 5021 voluptate
1281 4950 1658 5019 perfundetur;
1699 4952 1926 5008 subsilite

329 5042 472 5096 exim
501 5053 548 5096 et
577 5043 846 5103 exsultate,
887 5043 1078 5110 inquit,
1120 5058 1234 5096 cum
1276 5042 1537 5111 injecerint
1574 5045 1709 5100 vobis
1744 5062 1922 5101 nomen

330 5138 522 5189 malum
545 5135 697 5202 (Luc.
727 5134 780 5190 6.
806 5134 898 5190 22.
921 5135 1037 5202 25).
1062 5135 1235 5204 Atque
1257 5134 1377 5188 illos
1399 5135 1614 5204 quidem
1627 5138 1716 5206 qui
1735 5139 1920 5193 convi-

331 5229 426 5282 riis
482 5226 808 5289 alﬁciuntur,
867 5226 968 5279 hoc
1018 5225 1178 5279 modo
1229 5225 1540 5280 consolatur
1588 5243 1602 5280 :
1652 5241 1747 5281 eos
1793 5244 1923 5283 vero

331 5320 418 5390 qui
473 5319 730 5375 conviciis
784 5318 1054 5383 afﬁciunt,
1116 5318 1270 5371 aliter
1329 5326 1525 5383 terret,
1586 5333 1722 5374 cum.
1771 5318 1846 5374 ait
1907 5341 1920 5376 :

219 5425 237 5441 ⁸
335 5413 496 5467 Omne
520 5413 723 5467 verbum
748 5412 982 5476 otiosum,
1028 5410 1163 5482 quod
1201 5410 1393 5482 loquuti
1440 5411 1625 5482 fuerint
1671 5411 1918 5476 homines,

334 5508 541 5561 reddent
568 5509 633 5560 de
660 5521 718 5560 eo
746 5505 1013 5566 rationem,
1055 5503 1159 5557 sive
1187 5503 1369 5558 bonum
1396 5502 1570 5577 fuerit,
1602 5503 1704 5557 sive
1730 5503 1922 5558 malum

335 5596 544 5668 (.ilatth.
583 5596 667 5652 l2.
700 5593 813 5668 36).
847 5593 1085 5650 Filiolam
1122 5594 1380 5669 quispiam
1422 5595 1556 5652 alius
1587 5594 1786 5664 amisit,
1825 5605 1931 5654 aut

2029 273 2330 340 ﬁliumraut
2357 275 2520 328 alium
2546 274 2774 345 aliquem
2797 290 2861 330 ex
2889 276 3223 347 propinquis,
3253 287 3307 332 et
3335 277 3420 332 hic
3442 281 3486 333 si
3515 281 3618 336 huc

2023 366 2223 432 veniat,
2252 365 2599 422 cuanaulus
2636 377 2852 437 propter
2896 380 3212 437 praesentem
3257 373 3418 426 vitam
3461 373 3610 442 inge-

2024 456 2234 521 miscat,
2281 464 2337 511 et
2365 456 2594 511 futuram
2625 457 2805 514 videre
2830 459 3288 530 cupiat,.eumque
3313 461 3506 517 taedeat
3534 464 3618 517 hic

2025 547 2229 601 tamdiu
2266 547 2492 614 morari,
2517 547 2803 605 sufﬁcienti
2845 558 2900 605 et
2935 550 3050 620 ipse
3092 552 3482 607 medicamento
3520 569 3619 608 ac-

2022 649 2178 707 cepto
2207 639 2462 702 discedet,
2488 640 3324 700 ubidicentem.illumaudiverit
3351 663 3365 698 :
3388 645 3470 700 De
3491 647 3611 700 dor-

2023 731 2294 785 mientibus
2319 742 2488 786 autem
2512 734 2630 788 nolo
2656 751 2743 788 vos
2770 736 3024 805 ignorare,
3052 737 3255 808 fratres,
3285 749 3339 793 ut
3364 757 3464 795 non
3492 758 3614 795 con-

2025 822 2289 877 tristemini
2317 820 2447 878 sicut
2467 834 2515 878 et
2539 827 2725 892 ωηεν-ἰ,
2747 827 2832 897 qui
2852 843 2991 897 spem
3016 846 3116 884 non
3137 831 3321 886 habent
3348 833 3396 904 (ι
3432 832 3610 888 Thess.

2023 915 2077 969 4.
2114 914 2225 984 ΙΞ).
2272 914 2385 968 Non
2415 915 2549 970 dixit
2583 917 2659 972 De
2685 917 3051 984 morientibus,
3081 921 3176 977 sed
3207 922 3285 977 De
3313 924 3612 980 dormienti-

2023 1003 2135 1070 bus,
2176 1020 2421 1060 somnum
2462 1021 2581 1062 esse
2611 1018 2838 1062 mortem
2867 1010 3179 1067 ostendens.
3214 1013 3283 1070 Ut
3309 1015 3467 1085 igitur
3492 1032 3613 1072 cum

2023 1094 2260 1151 dormire
2300 1095 2584 1164 quemdam
2635 1097 2898 1165 videmus,
2947 1115 3054 1155 non
3101 1103 3394 1171 turbamur,
3441 1123 3615 1178 neque

2024 1201 2256 1242 maerore
2280 1187 2561 1254 efﬁcimur,
2588 1189 2734 1244 illum
2765 1191 2918 1259 plane
2940 1204 3364 1252 resurrecturum
3390 1213 3614 1269 speran-

2027 1287 2106 1331 tes
2139 1294 2152 1330 :
2182 1277 2251 1332 ita
2280 1294 2402 1333 cum
2434 1290 2659 1335 mortem
2685 1281 2884 1337 obiisse
2909 1284 3196 1357 quemdam
3235 1287 3499 1354 videmus,
3530 1291 3616 1346 ni-

2026 1369 2098 1423 hil
2126 1371 2516 1440 perturbemur,
2539 1388 2713 1444 neque
2737 1375 2918 1430 animo
2940 1377 3283 1435 concidamus
3307 1398 3322 1435 :
3351 1381 3614 1452 siquidem

2025 1462 2126 1518 hoc
2155 1479 2368 1535 quoque
2395 1480 2617 1522 somnus
2635 1477 2750 1531 est;
2780 1469 3036 1539 prolixior
3055 1473 3293 1542 quidem,
3316 1474 3409 1530 sed
3439 1485 3615 1532 tamen

2024 1570 2264 1612 somnus.
2297 1558 2477 1628 Itaque
2497 1559 2834 1617 dormitionis
2859 1563 3082 1619 nomine
3099 1565 3345 1635 lugentes
3363 1569 3613 1624 conscta-

2025 1656 2112 1701 ως
2136 1657 2238 1714 est,
2266 1650 2661 1704 accusationem
2697 1661 2884 1706 autem
2905 1652 3198 1710 inﬁdeliutn
3241 1656 3512 1712 refutavita
3557 1658 3612 1714 Si

2023 1737 2687 1810 defunctumvimpatienter
2707 1743 2876 1814 luges,
2903 1743 3170 1801 inﬁdelem
3197 1737 3611 1818 illumimitaris,

2023 1832 2114 1900 qui
2145 1834 2552 1889 resurrectionis
2574 1834 2740 1890 ﬁdem
2773 1853 2876 1892 non
2905 1838 3088 1895 habet.
3128 1838 3218 1896 Ille
3263 1851 3406 1898 recte
3445 1843 3606 1914 luget,

2026 1925 2326 1995 utpotequi
2345 1925 2482 1981 nihil
2507 1926 2577 1982 de
2608 1927 2770 1983 rebus
2797 1927 2989 1984 futuris
3004 1929 3378 2002 philosophari
3405 1947 3568 2004 queat
3592 1953 3610 1989 :

2026 2024 2081 2070 tu
2112 2031 2240 2085 vero
2266 2017 2351 2072 cui
2400 2027 2474 2074 tot
2501 2019 2638 2074 datae
2667 2021 2891 2076 suntde
2929 2022 3103 2077 futura
3136 2025 3240 2079 vita
3269 2025 3610 2082 demonstra-

2025 2107 2218 2174 tiones,
2246 2125 2404 2179 quam
2433 2111 2502 2166 ob
2530 2125 2745 2166 causam
2791 2112 2842 2166 in
2879 2114 3122 2168 eamdem
3149 2129 3272 2170 cum
3304 2117 3396 2171 illo
3437 2118 3610 2174 imbe-

2022 2199 2294 2255 cillitatem
2317 2200 2646 2257 devolveris?
2675 2204 2960 2272 Proliterea
3005 2205 3155 2271 dicit,
3203 2206 3282 2262 Ds
3317 2208 3616 2264 dormienti-

2023 2292 2114 2346 bus
2141 2293 2376 2346 nolumus
2403 2310 2490 2348 vos
2531 2295 2785 2365 ignorare,
2818 2307 2870 2350 ut
2914 2313 3016 2351 non
3058 2299 3440 2368 contristemim,
3482 2301 3613 2357 sicut

2024 2395 2071 2438 et
2099 2386 2289 2450 cwteri,
2316 2385 2402 2456 qui
2425 2403 2563 2457 spem
2590 2403 2690 2442 non
2717 2388 2923 2443 habent.

2097 2476 2400 2546 Exemplum
2441 2480 2802 2550 potiemia.—
2822 2481 3006 2554 Neque
3044 2497 3173 2540 vero
3213 2501 3278 2541 ex
3309 2485 3457 2542 Novo
3487 2496 3608 2543 tan-

2027 2577 2155 2634 tum,
2176 2569 2272 2625 sed
2292 2571 2450 2625 etiam
2466 2587 2532 2626 ex
2555 2571 2731 2628 Veteri
2749 2574 3097 2632 Testamento
3113 2592 3397 2648 possumus
3423 2596 3616 2637 conso-

2025 2661 2278 2718 lationetn
2299 2663 2529 2726 haurire.
2546 2665 2680 2719 Cum
2696 2667 2839 2722 enim
2853 2667 2958 2723 Joh
2972 2671 3122 2723 audis
3139 2679 3258 2740 post
3271 2673 3616 2741 pecuniarum

2019 2753 2305 2823 jacturam,
2339 2766 2460 2827 post
2487 2757 2760 2812 interitum
2800 2769 3189 2828 armentorum,
3220 2779 3328 2817 non
3360 2780 3524 2819 unum
3564 2775 3618 2821 ct

2025 2847 2180 2912 duos,
2209 2864 2274 2903 ac
2301 2849 2554 2915 tresrsed
2585 2850 2848 2922 integrum
2890 2865 3088 2908 conum
3131 2854 3357 2910 ﬁliorum
3403 2857 3455 2912 in
3501 2858 3618 2929 ipso

2023 2940 2200 2994 atatis
2239 2939 2372 2996 ﬂore
2413 2942 2680 3008 amisisse,
2724 2954 2854 3014 post
2888 2954 3090 3002 tantam
3133 2949 3296 3004 animi
3341 2954 3613 3018 virtutem,

2024 3033 2267 3103 quamvis
2307 3034 2545 3088 omnium
2578 3036 3143 3103 sis-.inﬁmnissimus.
3189 3041 3342 3098 facile
3383 3044 3614 3115 teipsunt

2025 3122 2324 3180 refocillare
2377 3125 2578 3194 poteris
2617 3126 2969 3183 ac.~reﬁcere.
3014 3128 3145 3184 Nam
3195 3140 3248 3185 tu
3293 3134 3537 3202 quidem,
3582 3151 3617 3190 o

2026 3214 2522 3288 homo,-:egrotanti
2549 3217 2660 3273 filio
2683 3219 2920 3286 adfuisti,
2953 3219 3361 3280 dccumbentem
3391 3227 3456 3280 in.
3475 3227 3617 3283 lecto

2026 3307 2523 3378 vidisti,,postrema
2546 3311 2705 3366 verba
2730 3310 3084 3381 proferentetn
3115 3313 3350 3382 audiisti,
3366 3326 3619 3375 etrestrc-

2025 3414 2171 3454 mum
2193 3398 2416 3455 halitum
2435 3400 2700 3457 exhalanti
2717 3401 2988 3471 adstitisti,
3006 3403 3317 3476 depressisti
3335 3410 3609 3476 oculos,”

2024 3505 2086 3548 os
2114 3493 2426 3550 conclusisti
2452 3512 2464 3548 :
2487 3505 2542 3550 at
2569 3495 2655 3551 ille
2677 3511 2848 3568 neque
2869 3497 3100 3552 animam
3127 3498 3498 3558 exhalantibus
3523 3503 3616 3558 ad-

2026 3584 2143 3652 fuit,
2165 3601 2262 3640 nec
2284 3586 2616 3656 exspirantes
2632 3589 2866 3658 aspexit,
2889 3605 3071 3644 verum
3092 3598 3360 3662 tamquam
3381 3609 3486 3647 uno
3497 3610 3618 3650 con-

2026 3677 2119 3731 diti
2164 3687 2290 3733 sunt
2326 3693 2518 3734 onlnes
2553 3681 2800 3750 sepulcro
2842 3680 3047 3737 aedibus
3074 3683 3205 3746 suis,
3248 3694 3302 3738 et
3344 3685 3395 3739 in
3426 3687 3613 3743 cadent

2026 3787 2209 3827 mensa
2222 3775 2498 3830 cerebrum
2521 3776 2718 3844 pariter
2733 3783 2786 3829 et
2798 3777 3014 3847 sanguis
3032 3775 3370 3844 fundebatur,
3387 3789 3440 3835 et
3455 3781 3618 3851 ligna,

2025 3874 2080 3918 et
2100 3865 2308 3934 tegular,
2331 3877 2381 3919 et
2402 3865 2863 3934 pulvis,etcarnes
2877 3869 3128 3933 concism,
3151 3879 3206 3925 et
3219 3873 3394 3927 omnia
3415 3875 3619 3944 pariter

2026 3955 2410 4009 miscebantur.
2439 3955 2814 4011 Verumtamen
2843 3968 2963 4028 post
2984 3967 3062 4013 tot
3089 3971 3141 4015 et
3169 3971 3313 4016 tanta
3343 3965 3477 4018 mala
3509 3982 3614 4021 non

2027 4044 2179 4112 luxit,
2199 4059 2303 4099 non
2325 4043 2664 4116 impatienter
2681 4046 2798 4101 tulit
2821 4066 2834 4101 :
2863 4048 2958 4104 sed
2975 4050 3100 4120 quid
3128 4051 3242 4106 ait?
3266 4052 3516 4109 Dominus
3533 4056 3622 4110 de-

2026 4136 2120 4200 dit,
2141 4135 2390 4191 Dominus
2407 4135 2631 4205 abstulit,
2650 4139 2778 4195 sicut
2808 4139 3026 4196 Domino
3043 4143 3257 4212 placuit,
3277 4146 3348 4198 ita
3365 4157 3409 4200 et
3428 4152 3620 4217 factum

2025 4238 2097 4282 est
2116 4242 2135 4282 :
2151 4228 2222 4282 sit
2232 4244 2412 4283 nomen
2431 4228 2639 4285 Domini
2660 4231 2976 4287 benedictum
2992 4234 3045 4288 in
3062 4236 3251 4290 secula
3291 4236 3419 4306 (Job-
3432 4239 3480 4292 ιι
3501 4238 3618 4307 21).

2027 4319 2174 4375 lianc
2195 4335 2294 4376 nos
2307 4337 2522 4392 quoque
2539 4337 2723 4378 vocem
2747 4324 2798 4378 in
2821 4325 3043 4394 singulis
3056 4341 3173 4394 qua:
3191 4327 3349 4382 nobis
3372 4329 3620 4384 accidunt

2025 4414 2380 4483 proferamus,
2430 4416 2928 4485 sive-pecuniarum
2963 4419 3342 4487 jactura,..sire
3375 4423 3618 4492 corporis

2026 4506 2468 4573 inﬁrtnitas,esive
2487 4508 2829 4576 contumelia,
2853 4509 2967 4565 sive
2995 4510 3282 4577 calumnia,
3309 4512 3424 4569 sive
3447 4514 3621 4585 quod-

2025 4598 2105 4653 vis
2141 4599 2605 4655 aliud-humanum
2651 4600 2848 4655 malum
2894 4602 3167 4671 acciderit,
3213 4603 3314 4659 ista
3350 4605 3618 4673 dicamus,

2027 4687 2278 4744 Daminus
2299 4690 2455 4758 dedit,
2478 4688 2727 4746 Dominus
2744 4693 2948 4747 abstulit
2973 4695 3139 4748 :sicut
3159 4695 3382 4751 Domino
3403 4698 3616 4768 placuit,

2025 4781 2097 4834 ita
2125 4791 2172 4835 et
2197 4781 2390 4850 factum
2418 4791 2490 4835 est
2515 4782 2628 4836 :.sit
2653 4799 2836 4837 nomen
2865 4782 3072 4838 Domini
3089 4786 3414 4841 benedictum
3442 4789 3495 4842 in
3521 4805 3618 4843 sc-

2026 4875 2160 4927 cula.
2189 4871 2263 4928 lla
2289 4874 2334 4928 si
2363 4872 2819 4944 philosophemur,
2848 4875 2979 4930 nihil
3011 4893 3262 4946 umquam
3294 4878 3417 4933 mali
3448 4878 3620 4950 patie-

2029 4982 2169 5027 mur,
2203 4965 2327 5021 licet
2369 4967 2644 5020 innumera
2688 4967 2950 5036 patiamur
2995 4986 3010 5022 :
3053 4968 3145 5023 sed
3195 4969 3369 5038 majus
3408 4970 3613 5026 lucrum

2027 5064 2128 5119 erit
2155 5077 2314 5133 quam
2339 5061 2614 5128 damnum,
2635 5062 2797 5132 plura
2826 5063 2963 5118 bona
2991 5079 3151 5133 quant
3197 5065 3334 5118 mala
3373 5080 3466 5134 per
3503 5065 3618 5120 hare

2027 5156 2186 5210 verba
2220 5156 2313 5211 tibi
2341 5156 2614 5221 evenient,
2635 5155 2760 5210 dum
2788 5166 2842 5212 et
2869 5157 3158 5226 propitium
3191 5153 3283 5211 tibi
3318 5156 3416 5226 ipsi
3448 5157 3614 5213 Deum

2027 5248 2240 5314 reddes,
2262 5259 2315 5304 et
2332 5249 2882 5320 inimicityrannidem
2909 5250 3262 5319 propulsabis.
3281 5247 3451 5306 Simul
3473 5268 3616 5307 entnt

2025 5352 2183 5410 atque
2208 5341 2371 5395 verba
2419 5341 2529 5394 illa-
2558 5341 2733 5410 lingua
2774 5343 3020 5412 protulit,
3048 5342 3292 5397 diabolus
3333 5343 3615 5399 contestint

2024 5433 2284 5488 altsecs-il
2317 5451 2332 5488 :
2366 5433 2456 5487 illo
2487 5448 2644 5503 porro
2671 5433 3015 5500 abscedi-nte,
3060 5435 3228 5489 nubes
3265 5451 3477 5506 qttoque
3520 5435 3611 5491 tri-

2025 5525 2182 5580 stitia:
2207 5525 2508 5590 discutitur,
2541 5534 2739 5580 etcum
2773 5527 2859 5581 illa
2890 5528 3136 5581 celeriter
3163 5527 3439 5597 aufugiam
3471 5531 3616 5593 cori-

2029 5621 2280 5686 tationcs,
2309 5635 2429 5684 qua:
2472 5631 2571 5673 nos
2601 5614 2880 5687 afﬂigunt;
2929 5632 2993 5673 ac
3039 5627 3231 5682 praeter
3283 5619 3397 5673 lucc
3437 5613 3616 5668 onntia

4034 1148 4037 1179 ι

4034 1182 4035 1216 1

4033 1354 4035 1397 |

4033 1430 4035 1469 1

4031 2074 4035 2119 1

4031 2156 4035 2191 1

4031 2230 4033 2263 |

4029 2276 4033 2335 1

4029 2350 4033 2407 1

4029 2424 4033 2481 1

4029 2505 4034 2553 1

4019 3434 4027 3492 1
