4054 6216
435 275 524 332 6'3-
536 275 606 330 67

1135 271 1192 325 S.
1229 269 1522 327 JOANNIS
1557 265 2049 325 CIIRYSOSTOMI
2091 262 2408 322 ARCHIEI‘.
2449 254 2996 318 CONSTANTINOP.

3504 244 3670 303 06-68

1865 699 2242 776 SERMO

415 962 494 1007 sn
538 959 649 1003 eos
693 959 801 1012 om
845 959 1229 1004 CONVENTUM
1275 961 1587 1006 ecetesw
1629 962 2114 1018 nessnueuvnr,
2162 965 2242 1007 ET
2313 964 2483 1017 quon
2553 968 2677 1012 non
2721 969 3051 1016 omnem
3105 973 3440 1020 SACRABUM
3510 977 3690 1023 scut-

491 1059 835 1103 eruamus:
879 1059 1142 1104 TITULOS
1189 1061 1764 1117 PRETERMITTERE,
1826 1062 1907 1104 ET
1949 1061 2014 1105 IN
2059 1062 2545 1110 INSCRIPTIONEM
2589 1069 2877 1129 ALTARIS,
2922 1073 3003 1116 nr
3044 1073 3108 1118 liv
3163 1074 3371 1120 uersu
3431 1065 3682 1124 intumo

493 1162 712 1205 NATOS.

1926 1231 2020 1274 OG

479 1369 529 1420 t.
574 1363 711 1434 Quid
743 1364 844 1420 hoc
871 1364 972 1420 sibi
1023 1364 1170 1420 vult?
1219 1364 1336 1431 Quo
1383 1363 1537 1419 nobis
1582 1361 1711 1418 festa
1761 1363 1987 1419 ulterius

405 1457 839 1530 progrediuntur,
871 1470 937 1510 eo
981 1455 1216 1510 minores
1242 1456 1482 1510 collecta:
1529 1455 1682 1511 fiunt.
1711 1453 1787 1510 Ne
1813 1463 1987 1510 tamen

404 1550 606 1605 ideirco
647 1546 861 1604 desides
904 1549 1072 1602 simus
1102 1553 1201 1601 nes
1240 1547 1330 1616 qui
1375 1545 1630 1601 adsumus
1662 1562 1677 1598 :
1727 1543 1987 1614 siquidem

401 1643 642 1699 minores
671 1639 904 1707 fiunt,si
957 1638 1348 1693 multitudinem
1384 1645 1626 1708 spectes;
1658 1636 1703 1692 si
1741 1636 1990 1692 alacrita-

399 1745 508 1790 tem
534 1733 719 1799 animi,
739 1748 842 1787 non
869 1731 1000 1786 fiunt
1022 1731 1294 1785 minores:
1323 1744 1545 1785 numero
1575 1729 1709 1784 fiunt
1731 1729 1990 1796 minores,

403 1841 510 1882 non
539 1825 752 1880 affectu.
783 1824 952 1880 Porro
971 1823 1166 1878 idcirco
1195 1822 1525 1888 minuuntur,
1558 1831 1617 1877 ut
1639 1822 1727 1891 qui
1755 1823 1808 1877 in
1839 1822 1991 1877 vobis

405 1918 610 1989 probati
623 1925 769 1983 sunt,
785 1914 1050 1969 manifesti
1072 1914 1220 1979 flant,
1239 1923 1294 1970 et
1318 1913 1535 1984 quinam
1561 1928 1627 1968 ex
1650 1912 1992 1968 consuetudi-

401 2011 744 2082 ue,quiuam
774 2009 1076 2064 divinorum
1119 2007 1454 2079 eloquiorum
1497 2007 1821 2078 cupiditate,
1873 2007 1990 2077 qni-

402 2119 526 2159 nam
575 2101 819 2158 lectionis
847 2100 1137 2170 spiritualis
1183 2099 1450 2155 desiderio
1473 2099 1616 2155 ducti
1642 2101 1708 2155 ad
1756 2115 1984 2154 annuam

399 2194 660 2251 rentitent
684 2191 1112 2257 solemnitatem,
1137 2191 1392 2246 sciamus.
1437 2190 1766 2246 Przecedenti
1810 2189 1989 2245 domi-

397 2286 516 2342 nica
544 2285 734 2340 civitas
779 2284 865 2339 bic
906 2281 1094 2338 aderat
1117 2283 1362 2337 universa
1383 2321 1400 2348 ,
1451 2281 1609 2352 plena
1635 2289 1980 2352 erantsepta,

395 2385 454 2431 et
477 2375 760 2431 multitudo
789 2373 1103 2429 recedentes
1133 2372 1325 2428 ﬂuetus
1350 2381 1513 2443 atque
1541 2373 1831 2428 redeuntes
1858 2372 1984 2428 imi-

398 2467 652 2522 labatur:
691 2465 785 2520 sed
814 2464 944 2519 mihi
975 2465 1225 2520 fluctibus
1277 2465 1381 2519 illis
1409 2464 1642 2533 optatior
1685 2473 1740 2518 et
1786 2465 1987 2534 gratior

397 2567 482 2613 cst
511 2557 862 2625 tranquillitas
882 2565 1090 2620 vestra;
1122 2554 1290 2626 pluris
1316 2569 1416 2625 ego
1442 2555 1576 2608 facio
1601 2555 1836 2624 quietem
1895 2567 1988 2608 ve-

399 2657 588 2712 stram,
608 2660 768 2718 quam
790 2647 1074 2701 tumultum
1097 2655 1153 2700 et
1169 2644 1351 2698 turbas
1381 2644 1514 2698 illas.
1538 2644 1672 2699 Tum
1703 2653 1985 2713 praesentia

397 2740 740 2795 dinumerare
768 2753 989 2808 corpora
1017 2738 1229 2804 licebat,
1253 2751 1394 2792 nunc
1419 2736 1639 2791 all‘ectus
1661 2738 1846 2807 plenos
1869 2737 1984 2806 pie-

396 2830 541 2884 tatis.
569 2829 625 2886 Si
651 2829 772 2900 quis
793 2828 932 2884 banc
958 2843 1254 2899 paucorum
1279 2827 1554 2883 hominum
1593 2827 1903 2894 collectam,
1932 2837 1987 2882 et

394 2937 460 2976 es
490 2920 812 2991 pauperibus
841 2920 1028 2990 majori
1054 2934 1120 2976 ex
1159 2927 1310 2991 parte
1335 2927 1669 2975 constantem
1690 2960 1704 2985 ,
1755 2928 1809 2975 et
1836 2919 1983 2974 illam

395 3013 682 3067 multorum
735 3010 1009 3066 hominttm
1056 3026 1125 3067 ex
1165 3009 1418 3067 divitibus
1469 3010 1672 3080 majore
1710 3025 1776 3066 ex
1833 3020 1984 3081 parte

392 3103 674 3160 conﬂatam
695 3145 710 3170 .
738 3104 784 3161 si
829 3104 949 3175 quis
979 3113 1227 3175 utrasque
1255 3103 1506 3159 collectas
1546 3104 1678 3160 istas
1713 3113 1981 3174 tamquam

394 3199 448 3253 in
493 3197 687 3252 trutina
733 3204 788 3252 et
814 3204 1009 3251 statera
1060 3194 1360 3266 ponderare
1380 3195 1639 3262 voluerit,
1675 3195 1810 3249 banc
1835 3209 1986 3251 com-

392 3288 564 3359 perict
616 3287 1047 3359 praeponderare.
1079 3287 1410 3358 Quamquam
1457 3287 1632 3353 enim,
1686 3287 1729 3341 si
1773 3286 1982 3342 numeri

390 3383 528 3438 ratio
556 3382 835 3449 habeatur,
863 3381 1101 3437 minores
1123 3381 1251 3435 estis
1283 3398 1298 3435 :
1330 3380 1376 3434 si
1422 3388 1597 3434 tamen
1639 3377 1980 3450 cupiditatem

388 3475 744 3544 all‘ectumque
762 3481 1085 3543 spectemus,
1114 3472 1284 3541 pluris
1311 3470 1539 3527 faciendi
1557 3471 1707 3527 estis.
1740 3470 1814 3526 Ita
1842 3472 1900 3526 fit
1928 3471 1979 3526 in

391 3567 572 3631 rebus,
603 3581 723 3634 quze
767 3562 1132 3635 ponderantur
1170 3579 1182 3616 :
1211 3563 1256 3617 si
1302 3562 1422 3632 quis
1443 3561 1632 3618 decem
1659 3576 1853 3618 aureos
1871 3572 1980 3617 sta-

390 3668 536 3713 teras
564 3664 774 3722 sumat,
806 3663 862 3711 et
905 3654 957 3708 in
988 3669 1092 3708 una
1119 3655 1268 3709 lance
1311 3653 1578 3724 deponat,
1611 3668 1674 3709 ac
1697 3653 1892 3709 deinde
1922 3653 1974 3708 in

388 3753 555 3806 altera
583 3759 800 3804 centum
824 3761 999 3802 meos
1027 3761 1302 3810 nummos;
1336 3745 1589 3800 trutinam
1617 3745 1828 3815 quidem
1853 3759 1980 3802 cen-

388 3853 500 3896 tum
553 3841 678 3896 a-rei
734 3839 937 3896 nummi
981 3837 1234 3895 deorsum
1270 3837 1337 3893 ad
1365 3853 1427 3894 se
1465 3837 1713 3901 trahunt,
1743 3845 1976 3893 attamen

386 3933 534 3990 aurei
573 3933 757 3990 decem
786 3931 858 3987 illi
887 3946 1012 3988 cum
1044 3929 1224 3986 habita
1251 3930 1460 3985 ratione
1491 3928 1728 3985 materia:
1766 3928 1977 3999 gravio-

386 4041 476 4080 res
498 4026 605 4081 sint
631 4039 695 4080 ac
739 4023 1077 4094 pretiosiores
1101 4064 1117 4090 ,
1145 4029 1350 4077 natura:
1392 4035 1504 4076 suae
1529 4019 1785 4090 dignitate
1831 4035 1974 4090 pra:-

386 4117 705 4188 ponderaut.
753 4115 934 4186 Itaque
961 4115 1076 4170 fieri
1104 4122 1312 4186 potest,
1345 4123 1402 4168 ut
1424 4113 1512 4183 qui
1541 4113 1691 4183 pauci
1726 4123 1850 4167 sunt
1873 4129 1975 4167 nu-

388 4225 573 4275 mero,
596 4207 764 4276 pluris
803 4205 1028 4259 faciendi
1055 4205 1164 4259 sint
1188 4213 1242 4259 et
1277 4204 1515 4258 utiliores
1543 4203 1840 4258 habeantur
1870 4203 1975 4259 illis

385 4302 475 4372 qui
515 4315 657 4356 mum
676 4313 738 4352 ro
761 4297 913 4352 multi
952 4297 1078 4352 sint.
1109 4294 1213 4352 Sed
1242 4294 1371 4364 quid
1400 4309 1499 4364 ego
1527 4294 1681 4348 vobis
1730 4295 1973 4364 exempla

385 4393 600 4463 profero
640 4405 669 4444 a
698 4389 858 4445 rebus
882 4386 1154 4443 consuetis
1178 4384 1401 4455 repetita
1419 4424 1436 4449 ,
1463 4397 1585 4438 cum
1610 4382 1779 4453 ipsam
1807 4397 1836 4436 a
1866 4383 1974 4437 Deo

384 4485 643 4554 prolatam
689 4479 1006 4537 sententiam
1059 4485 1304 4548 oporteat
1356 4476 1408 4531 in
1470 4474 1704 4531 medium
1751 4475 1973 4530 alferri?

382 4577 517 4646 Quid
545 4577 702 4648 igitur
730 4575 816 4629 illa
841 4572 1004 4628 dicit?
1030 4570 1214 4625 Melior
1237 4577 1315 4624 est
1359 4584 1491 4622 unus
1515 4567 1708 4640 faciens
1736 4568 1972 4621 uolunta.

384 4680 482 4722 tem
511 4667 745 4732 Domini,
777 4680 929 4731 quant
949 4662 1200 4716 innumeri
1229 4660 1638 4731 prceuaricatores
1661 4657 1848 4729 (Eccii.
1879 4659 1966 4714 16.

383 4761 462 4828 3).
497 4757 586 4812 Est
612 4757 754 4811 enim
775 4795 790 4821 ,
819 4763 900 4808 est
925 4766 1068 4822 stupe
1113 4767 1248 4806 unus
1271 4749 1434 4804 homo
1462 4749 1756 4804 innumeris
1807 4750 1973 4821 tequi-

385 4849 671 4923 parandns.
702 4846 838 4915 Quid
866 4846 985 4900 dico
1013 4859 1174 4899 unum
1207 4842 1482 4897 hominem
1534 4842 1706 4896 solum
1737 4842 1973 4912 :rquipa-

383 4943 607 5001 randum
637 4937 964 4996 innumeris?
992 4938 1098 4992 imo
1127 4945 1238 4992 toto
1257 4936 1389 4992 orbe
1431 4944 1692 4992 terrarum
1717 4936 1894 4989 utilior
1917 4943 1973 4990 et

382 5034 665 5106 pretiosior
706 5039 973 5088 censetur.
1022 5031 1197 5098 Atque
1229 5026 1384 5096 hujus
1411 5027 1487 5082 rei
1520 5027 1876 5082 testimonium
1903 5041 1969 5082 ex

381 5125 532 5183 Pauli
565 5123 747 5180 verbis
777 5119 1078 5176 mutuabor.
1109 5113 1242 5172 Cum
1272 5117 1414 5172 enim
1454 5116 1728 5174 hominum
1769 5107 1968 5187 paupe-

382 5235 540 5286 rum,
586 5226 901 5274 vesatorum
928 5253 944 5278 ,
991 5211 1412 5282 exagitatornm,
1463 5209 1778 5264 afflictorum
1819 5225 1968 5265 meu-

384 5315 583 5370 tiuncm
632 5309 865 5372 fecisset,
896 5304 1134 5374 adjecit:
1166 5301 1483 5358 Circuicrunt
1538 5300 1592 5354 in
1638 5300 1869 5368 melctis,
1915 5303 1969 5355 in

381 5406 596 5467 pellibus
647 5399 889 5473 caprinis,
929 5405 1145 5468 egentes,
1193 5393 1498 5466 angustiati,
1546 5394 1715 5464 amicti
1735 5434 1748 5455 .
1790 5393 1968 5463 quibus

382 5501 566 5569 dignus
591 5513 690 5551 non
717 5502 824 5550 erat
865 5491 1080 5546 mundus
1111 5490 1268 5561 (Πρὸ.
1295 5491 1382 5546 Η.
1415 5490 1502 5546 57.
1529 5489 1644 5556 58).
1691 5487 1826 5557 Quid
1857 5485 1970 5542 ais?

381 5589 692 5645 Hominibus
717 5585 994 5657 egentibus
1015 5624 1030 5651 ,
1073 5581 1305 5651 afflictis,
1337 5581 1534 5652 patrias
1558 5579 1712 5636 sedes
1742 5593 1844 5634 non
1879 5578 1971 5632 ba-

382 5677 630 5734 bentibus
657 5677 841 5742 dignus
873 5692 978 5734 non
1026 5685 1141 5732 erat
1185 5672 1451 5732 mundus?
1480 5671 1598 5729 Non
1641 5670 1785 5728 vides
1811 5689 1967 5745 quam

2104 1381 2304 1438 paucos
2329 1377 2433 1424 tam
2485 1372 2667 1429 multis
2691 1376 3044 1445 opposueris?
3071 1377 3253 1446 Video,
3277 1379 3466 1451 inquit,
3490 1393 3544 1437 et
3571 1383 3693 1438 ideo

2101 1457 2209 1514 dixi
2247 1461 2502 1516 mundum
2527 1462 2636 1518 illis
2685 1480 2789 1520 non
2820 1464 2985 1522 fuisse
3012 1467 3269 1539 dignum:
3312 1481 3436 1526 nota
3484 1475 3681 1544 quippe

2100 1551 2237 1607 mihi
2258 1561 2342 1608 est
2371 1555 2749 1612 numismatum
2777 1561 3000 1614 Istorum
3029 1570 3237 1616 natura.
3265 1562 3322 1619 Si
3354 1571 3550 1618 terram
3582 1580 3682 1635 po-

2100 1659 2281 1712 suere,
2333 1663 2500 1717 mare,
2527 1664 2701 1720 reges,
2751 1650 3053 1720 praefectos,
3074 1661 3129 1709 et
3157 1662 3320 1709 totam
3341 1657 3560 1711 omnino
3588 1673 3687 1712 na-

2098 1742 2273 1791 turam
2311 1735 2596 1794 humanam
2614 1781 2630 1806 ,
2657 1748 2712 1795 et
2733 1739 2870 1796 duos
2901 1750 3076 1797 tresve
3103 1757 3366 1814 pauperes
3404 1744 3487 1800 his
3515 1762 3688 1817 oppo-

2097 1843 2280 1897 suero,
2309 1831 2641 1888 conﬁdenter
2689 1847 2928 1890 asseram
2983 1834 3118 1901 fore,
3175 1846 3233 1891 ut
3277 1853 3550 1908 pauperes
3598 1840 3683 1894 isti

2097 1921 2524 1990 praponderent.
2580 1923 2732 1990 Quod
2759 1925 2803 1980 si
2848 1925 2921 1980 illi
2946 1941 2978 1980 e
3001 1927 3188 1997 patriis
3207 1928 3422 1984 sedibus
3444 1930 3684 2000 expelle-

2099 2009 2312 2079 bantur,
2352 2022 2528 2068 tamen
2568 2015 2794 2084 patriam
2840 2031 3127 2087 supernam
3169 2018 3462 2075 Jerusalem
3513 2021 3682 2078 babe-

2099 2099 2251 2156 bant.
2269 2101 2324 2156 in
2354 2113 2665 2174 paupertate
2691 2107 2853 2160 vitam
2897 2107 3123 2178 agebant
3146 2124 3165 2174 ;
3189 2119 3244 2164 at
3265 2110 3465 2180 pietate
3488 2111 3684 2168 divites

2095 2199 2269 2245 erant.
2295 2191 2611 2248 Hominibus
2630 2204 2784 2250 erant
2808 2197 3002 2263 odiosi,
3030 2206 3084 2251 at
3127 2199 3236 2253 Deo
3264 2200 3422 2268 grati.
3453 2200 3682 2268 Quinam

2096 2280 2172 2336 illi
2215 2297 2374 2352 porro
2412 2285 2578 2338 sunt?
2608 2284 2814 2353 Helias,
2847 2285 3092 2357 Elisaaus,
3147 2297 3201 2342 et
3246 2289 3386 2344 illius
3425 2292 3682 2360 temporis

2095 2387 2301 2428 omnes.
2332 2373 2517 2447 Neque
2563 2391 2691 2431 vero
2735 2375 2786 2432 id
2831 2386 3074 2447 spectes,
3125 2379 3271 2450 quod
3315 2397 3382 2437 ne
3426 2383 3679 2438 alimenta

2091 2462 2307 2533 quidem
2333 2464 2434 2520 illis
2460 2467 2760 2522 necessaria
2782 2469 3173 2538 suppetebant:
3195 2479 3251 2524 at
3270 2471 3410 2541 quod
3426 2487 3486 2527 os
3512 2473 3682 2530 Helia

2091 2555 2279 2610 emtum
2307 2555 2558 2613 clauserit
2585 2567 2640 2613 et
2665 2560 2974 2629 aperuerit,
2993 2560 3213 2633 ejusque
3267 2564 3463 2620 melote
3486 2564 3680 2621 Jorda—

2091 2661 2213 2701 nem
2236 2657 2382 2703 retro
2406 2647 2632 2705 ﬂexerit.

2165 2736 2432 2794 [auehitur
2475 2741 2528 2795 in
2557 2759 2640 2797 eos
2667 2744 2754 2814 qui
2778 2747 3079 2813 spectaculis
3115 2747 3383 2802 intersunt.
3411 2779 3483 2789 —
3506 2749 3679 2819 Atque

2091 2827 2205 2884 Ilzl‘c
2230 2845 2350 2885 cum
2380 2831 2511 2887 mihi
2539 2835 2756 2888 veniunt
2777 2835 2827 2890 in
2859 2847 3090 2892 mentem
3109 2879 3124 2901 ,
3155 2839 3392 2908 gaudeo,
3414 2849 3470 2894 et
3483 2841 3674 2896 doleo:

2089 2921 2294 2993 gaudeo
2319 2923 2533 2993 quidem
2580 2934 2794 2996 propter
2846 2943 2942 2984 vos
2983 2929 3071 2999 qui
3101 2930 3334 2985 adestis:
3364 2931 3518 2986 doleo
3549 2948 3677 2988 vero

2088 3021 2306 3083 propter
2332 3028 2425 3070 eos
2453 3016 2541 3086 qui
2567 3016 2760 3072 absunt
2789 3017 2984 3074 :doleo
3009 3017 3180 3084 valde,
3203 3021 3530 3092 molesteque
3558 3022 3676 3078 fero

2087 3115 2144 3158 et
2164 3105 2328 3161 corde
2368 3115 2636 3163 conteror.
2669 3108 2797 3175 Quis
2829 3110 2970 3164 enim
2989 3119 3071 3166 est
3099 3111 3235 3166 adeo
3258 3127 3447 3168 sensus
3474 3113 3676 3170 doloris

2087 3209 2314 3266 expers,
2367 3205 2556 3252 utnon
2598 3198 2778 3255 doleat
2802 3215 2922 3256 cum
2971 3201 3024 3257 in
3049 3218 3113 3258 ea
3142 3219 3261 3273 qua:
3307 3203 3375 3260 ad
3401 3204 3668 3260 diabolum

2087 3287 2387 3356 pertinent,
2431 3289 2548 3359 plus
2600 3291 2759 3346 studii
2788 3292 3022 3348 conferri
3069 3297 3285 3350 cernat?
3312 3297 3471 3366 Atqui
3527 3296 3672 3351 nulla

2085 3391 2212 3448 spes
2240 3379 2406 3434 venia
2427 3380 2582 3435 nobis
2605 3383 2687 3436 vel
2709 3376 3071 3441 excusationis
3089 3386 3290 3458 reliqua
3315 3397 3488 3454 esset,
3517 3389 3562 3443 si
3586 3389 3670 3444 vel

2085 3470 2292 3540 :equale
2315 3471 2548 3528 studium
2575 3473 2907 3531 conferretur
2935 3495 2950 3532 :
2979 3491 3100 3533 cum
3124 3488 3300 3535 autem
3324 3481 3483 3535 etiam
3513 3481 3672 3551 longe

2085 3570 2337 3631 superet,
2389 3563 2510 3633 quis
2544 3563 2698 3620 nobis
2743 3565 3070 3624 defensionis
3112 3569 3260 3625 locus
3310 3569 3673 3640 relinquitur?

2083 3652 2333 3722 Quotidie
2353 3669 2450 3712 nos
2481 3655 2703 3712 invitant
2729 3660 3054 3730 spectacula,
3075 3677 3173 3718 nec
3196 3661 3334 3717 ullus
3363 3661 3668 3732 pigritatur,

2083 3744 2261 3800 nullus
2280 3753 2362 3800 est
2390 3745 2480 3816 qui
2519 3757 2831 3816 cunctetur;
2865 3751 3044 3808 nullus
3073 3761 3156 3809 est
3197 3753 3285 3824 qui
3335 3753 3667 3824 negotiorum

2079 3836 2459 3906 occupationes
2493 3837 2749 3894 obtendat
2778 3881 2794 3905 ,
2847 3841 2942 3897 sed
2997 3850 3263 3913 tamquam
3313 3842 3545 3912 expediti
3613 3851 3670 3897 et

2079 3928 2224 3981 omni
2276 3941 2404 3983 cura
2446 3928 2604 3984 soluti
2648 3941 2933 3987 accurrunt
2963 3947 3152 3988 omnes
3198 3949 3212 3986 :
3261 3948 3365 3986 nou
3417 3932 3666 3986 canitiem

2080 4033 2246 4075 senex
2275 4031 2571 4089 reveretur,
2595 4037 2700 4076 non
2721 4021 2967 4079 ardorem
2995 4033 3197 4081 natura:
3225 4039 3289 4080 ac
3317 4024 3550 4079 libidinis
3573 4025 3661 4094 ju-

2079 4109 2236 4164 venis
2262 4119 2571 4180 suspectnm
2601 4109 2796 4178 habet,
2827 4127 2999 4184 neque
3023 4113 3331 4185 dignitatem
3361 4129 3510 4169 suam
3540 4129 3665 4184 pro-

2079 4198 2177 4254 bro
2203 4214 2262 4254 se
2279 4199 2495 4256 afﬁcere
2518 4210 2702 4256 censet
2725 4202 3027 4273 opulentus.
3058 4204 3130 4258 At
3153 4205 3198 4259 si
3227 4204 3439 4275 quidem
3465 4205 3533 4259 ad
3572 4219 3666 4259 ec-

2078 4289 2293 4344 clesiam
2321 4291 2638 4347 veniendum
2668 4293 2765 4361 sit,
2791 4295 2941 4364 quasi
2962 4309 3027 4351 ex
3048 4296 3228 4366 aliquo
3256 4295 3469 4351 sublimi
3495 4296 3664 4366 gradu

2077 4392 2132 4437 et
2159 4381 2362 4439 honore
2389 4383 2741 4442 desiliendum
2769 4389 2873 4455 sit,
2895 4389 2965 4444 ita
2992 4388 3270 4460 pigritatur
3291 4399 3344 4444 et
3365 4398 3540 4460 torpet
3562 4431 3578 4456 ,
3609 4398 3668 4445 et

2079 4474 2295 4529 inﬂatur
2317 4474 2514 4532 deinde
2534 4519 2550 4544 ,
2600 4480 2752 4550 quasi
2781 4481 3049 4550 quidpiam
3073 4481 3230 4536 fuerit
3258 4481 3372 4538 Deo
3392 4481 3614 4552 largitus
3645 4499 3661 4535 :

2076 4581 2198 4621 cum
2228 4581 2355 4622 vero
2391 4580 2642 4640 properat
2686 4571 2754 4627 ad
2803 4572 3101 4640 theatrum,
3163 4573 3250 4627 ubi
3297 4583 3420 4628 sunt
3467 4573 3664 4628 lasciva

2075 4661 2378 4730 spectacula
2419 4671 2475 4718 et
2519 4672 2855 4729 acroamata,
2908 4681 3014 4720 non
3067 4665 3339 4720 existimat
3379 4679 3438 4722 se
3466 4665 3665 4736 probro

2075 4753 2312 4824 seipsum
2342 4755 2564 4811 allicere
2585 4797 2602 4823 ,
2648 4771 2753 4811 non
2780 4757 2991 4812 divitias
3013 4772 3138 4813 suas
3165 4772 3263 4812 nec
3309 4757 3660 4812 nobilitatem.

2073 4843 2224 4901 Scire
2247 4859 2496 4915 cuperem
2518 4886 2532 4909 ,
2579 4846 2841 4914 ubinunc
2885 4847 3026 4911 sint,
3057 4849 3146 4918 qui
3171 4857 3278 4901 tum
3329 4847 3423 4902 illo
3450 4847 3537 4901 die
3566 4861 3668 4900 nos

2075 4937 2495 4994 iuterturbabant
2528 4979 2544 5002 ,
2570 4938 2832 5009 siquidem
2879 4939 3248 4996 interturbatio
3274 4940 3517 5009 quaedam
3547 4947 3667 4994 erat

2082 5030 2318 5100 ipsorum
2341 5029 2625 5099 prmsentia
2651 5047 2666 5084 :
2694 5030 2833 5086 scire
2861 5045 3113 5102 cuperem
3148 5031 3274 5102 quid
3302 5045 3443 5086 nunc
3471 5038 3662 5100 agant,

2073 5119 2201 5190 quid
2229 5120 2412 5176 utilius
2454 5120 2573 5189 bis,
2618 5137 2736 5192 qua:
2765 5121 2919 5178 nobis
2939 5132 3064 5178 sunt
3088 5139 3200 5194 pra:
3227 5123 3473 5178 manibus
3495 5163 3510 5187 ,
3543 5122 3664 5177 illos

2073 5222 2316 5283 occupet.
2347 5212 2458 5270 lmo
2505 5215 2646 5269 nulla
2669 5217 2949 5287 occupatio
2988 5216 3107 5271 illos
3125 5215 3364 5282 detinet,
3393 5213 3488 5271 sed
3516 5215 3663 5270 solus

2073 5305 2259 5360 fastus.
2309 5303 2428 5371 Quo
2455 5305 2580 5374 quid
2609 5305 2848 5361 insanius
2900 5305 3069 5362 videri
3099 5305 3312 5378 potest?
3345 5305 3459 5362 Cur
3478 5306 3620 5361 enim
3638 5342 3660 5366 ο

2071 5409 2256 5466 quaso
2273 5437 2288 5461 ,
2319 5395 2599 5468 magnifice
2619 5411 2682 5452 ac
2702 5397 2934 5467 superbe
2969 5396 3039 5453 de
3067 5407 3118 5454 te
3136 5398 3339 5467 sentis,
3365 5399 3439 5454 mi
3467 5395 3663 5453 homo?

2074 5494 2232 5556 teque
2260 5486 2412 5542 nobis
2437 5486 2721 5557 gratiﬁcari
2747 5502 2936 5544 censes
2956 5531 2972 5555 ,
2993 5489 3041 5545 si
3069 5504 3192 5545 cum
3222 5491 3327 5546 huc
3344 5490 3556 5546 veneris
3579 5499 3666 5542 sto

2074 5575 2283 5643 lendas,
2315 5585 2370 5631 ct
2393 5592 2511 5648 qua:
2539 5576 2606 5632 ad
2648 5578 2876 5635 salutem
2904 5581 3108 5636 animae
3140 5590 3243 5638 tua:
3269 5583 3534 5653 pertinent
3558 5595 3657 5635 an-

2073 5671 2224 5728 dias?
2249 5685 2407 5741 quam
2439 5667 2508 5725 ob
2533 5683 2781 5738 causam,
2827 5687 3031 5744 qu.eso,
3075 5682 3129 5729 et
3173 5675 3325 5746 cujus
3367 5674 3442 5731 rei
3479 5668 3660 5746 gratia
