4054 6216
335 187 366 240 fi
373 190 408 243 9
933 188 997 245 ΙΝ
1036 187 1556 246 ιΝδειιιΡΤιοΝΕδι
1594 187 1890 257 ALTARIS

2000 187 2016 246 Γ
2055 190 2120 246 IN
2161 189 2554 251 PRINCIPIUM
2594 194 2946 256 ACTORUM.
2989 200 3031 257 l.
3528 214 3594 270 70
3651 205 3657 209 ’

326 306 608 379 gloriaris?
627 324 697 364 an
733 307 802 363 ob
825 291 1071 363 divitias?
1115 322 1183 362 an
1212 307 1282 362 ob
1311 316 1484 362 vestes
1531 307 1760 362 sericas?
1807 307 1912 362 Cur

326 416 434 456 non
462 400 636 470 potius
666 399 868 469 cogitas
891 398 1004 455 illas
1030 399 1289 453 vermium
1316 413 1435 453 esse
1459 399 1681 453 stamina
1713 407 1768 452 et
1787 398 1912 451 bar-

326 492 576 547 barorum
605 491 879 545 hominum
927 489 1509 545 inventa?meretrices
1553 490 1656 544 illis
1685 505 1746 543 ac
1775 487 1911 543 mol-

327 582 424 645 les,
474 591 527 637 et
570 582 938 651 sepulcrorum
988 581 1348 651 perfossores,
1409 597 1471 636 ac
1515 581 1747 636 latrones
1800 581 1912 635 ttti?

325 670 544 725 Divitias
568 685 799 741 agnosce
825 671 1084 742 legitimas
1108 712 1123 736 ,
1157 680 1211 725 et
1239 670 1306 725 ab
1346 670 1435 725 illo
1471 671 1685 724 sublimi
1739 685 1904 724 vano-

323 775 426 828 que
447 759 584 814 fastu
625 760 909 829 aliquando
957 759 1235 826 delabere;
1268 769 1471 814 natura:
1500 761 1752 813 vilitatem
1779 775 1906 814 con-

322 849 517 904 sidera.
550 850 714 906 Terra
759 866 818 906 es
848 860 903 906 et
945 851 1118 921 pulvis
1138 893 1154 917 ,
1177 851 1310 906 ciuis
1335 861 1390 907 et
1419 851 1628 917 favilla,
1655 852 1831 906 fumus
1857 861 1912 907 et

323 943 544 1007 umbra,
581 941 782 998 faenum
809 952 864 998 et
891 943 990 1000 flos
1035 943 1181 998 fceni.
1219 942 1422 1009 Taline,
1455 960 1669 1014 quaeso,
1721 955 1907 1000 natura

318 1032 601 1101 gloriaris?
627 1034 763 1102 Quid
780 1050 908 1090 vero
932 1051 1050 1091 esse
1077 1044 1254 1106 potest
1278 1037 1444 1107 magis
1467 1037 1746 1093 ridiculum
1772 1037 1794 1090 ?
1816 1038 1910 1092 At-

317 1123 409 1192 qui
431 1125 612 1180 multis
632 1117 941 1182 hominibus
965 1127 1230 1199 imperas?
1250 1128 1385 1196 Quid
1411 1128 1512 1182 hoc
1543 1130 1633 1183 tibi
1667 1129 1902 1199 prodest,

319 1216 464 1285 quod
495 1216 796 1273 hominibus
839 1220 1103 1289 imperes,
1134 1235 1253 1273 cum
1288 1219 1745 1289 perturbationum
1790 1231 1906 1274 lua-

318 1321 440 1359 rum
489 1321 676 1375 servus
723 1317 777 1363 et
823 1310 1063 1379 captivus
1090 1309 1199 1364 sis?
1237 1309 1694 1377 Quemadmodum
1721 1312 1906 1382 siquis

315 1396 463 1450 domi
489 1397 702 1468 quidem
729 1414 760 1453 a
789 1398 1001 1455 famulis
1027 1401 1338 1456 verberibus
1363 1416 1426 1455 ac
1443 1402 1746 1457 vulneribus
1772 1419 1904 1458 con-

315 1486 541 1556 cidatur,
576 1488 706 1546 foris
735 1501 914 1546 autem
943 1493 993 1546 in
1022 1492 1195 1548 forum
1218 1492 1469 1559 veniens,
1492 1493 1633 1563 quod
1657 1495 1773 1548 aliis
1799 1494 1901 1548 im-

315 1590 486 1650 peret,
541 1583 835 1652 glorietur:
869 1585 940 1640 ita
970 1601 1088 1640 cum
1123 1596 1174 1642 te
1219 1588 1466 1641 verberet
1509 1587 1681 1640 inanis
1719 1587 1904 1655 gloria:

315 1670 600 1738 cupiditas,
625 1689 746 1730 cum
777 1674 870 1730 tibi
902 1675 1118 1731 vulnera
1147 1675 1348 1746 iuﬂigat
1377 1677 1580 1731 luxuria
1602 1717 1618 1742 ,
1646 1692 1765 1731 cum
1789 1693 1903 1730 om-

314 1760 462 1814 nium
495 1764 948 1830 perturbationum
977 1783 1165 1822 servus
1191 1768 1287 1833 sis,
1317 1769 1559 1838 gloriaris
1579 1768 1720 1839 quod
1769 1784 1900 1838 gen-

315 1851 496 1906 tilibus
526 1855 627 1909 tuis
664 1856 931 1927 imperes?
957 1859 1131 1929 Atque
1161 1859 1360 1914 utinam
1417 1860 1522 1915 illis
1572 1861 1897 1930 imperares!

313 1941 512 1996 utinam
542 1945 952 2015 :equiparandus
984 1949 1087 2002 iliis
1114 1949 1292 2004 esses!

379 2031 432 2085 2.
469 2032 589 2087 Νοη
616 2035 822 2104 divitiae,
852 2038 940 2091 sed
966 2038 1251 2092 divitiarum
1275 2040 1460 2095 abttsus
1486 2041 1902 2096 damnandus.—

309 2122 423 2178 Non
457 2135 512 2180 ut
535 2125 727 2182 divites
749 2143 997 2184 accusem
1030 2130 1145 2187 haec
1163 2131 1311 2196 dico,
1346 2133 1439 2188 sed
1470 2148 1562 2188 eos
1587 2137 1675 2204 qui
1703 2133 1898 2189 divitiis

308 2231 589 2285 perperam
621 2230 864 2276 utuntur.
896 2220 1076 2292 Neque
1102 2223 1242 2278 enim
1274 2224 1472 2278 malum
1508 2235 1631 2280 sunt
1667 2225 1861 2280 divitia:
1881 2266 1894 2293 ,

305 2307 350 2360 si
377 2309 456 2361 eis
477 2317 536 2362 ut
557 2319 769 2379 oportet
797 2312 872 2366 uti
899 2313 1242 2380 voluerimus,
1279 2315 1373 2370 sed
1399 2316 1645 2386 superbia
1673 2325 1728 2372 et
1753 2332 1898 2370 arro-

304 2397 511 2463 gantia.
535 2397 590 2452 Si
613 2398 806 2454 malum
832 2412 1013 2458 essent
1033 2403 1246 2469 divitiae,
1273 2420 1605 2475 nequaquam
1627 2407 1692 2459 ad
1723 2406 1895 2461 sinum

303 2486 539 2541 Abraba:
567 2490 850 2557 pervenire
877 2502 1182 2562 optaremus
1209 2509 1396 2550 omnes
1420 2537 1434 2562 ,
1461 2496 1552 2566 qui
1580 2496 1897 2552 vernaculos

301 2575 490 2632 habuit
520 2586 790 2637 trecentos
815 2591 870 2637 et
897 2584 1192 2640 octodecim
1223 2585 1470 2644 famulos.
1501 2589 1617 2644 Non
1645 2598 1770 2646 sunt
1800 2591 1898 2662 igi-

302 2680 392 2724 tur
437 2670 630 2725 tnalum
663 2671 861 2728 divitia:
887 2716 901 2741 ,
929 2675 1024 2730 sed
1071 2676 1378 2746 illegitimus
1418 2695 1600 2734 earum
1643 2696 1770 2737 usus
1813 2690 1897 2736 est

301 2759 526 2814 malum.
552 2762 618 2817 Et
643 2763 781 2818 sicut
808 2781 978 2836 nuper
1000 2766 1067 2822 de
1097 2767 1354 2825 ebrietate
1381 2771 1539 2826 verba
1563 2773 1764 2828 faciens
1785 2789 1892 2830 non

299 2850 489 2906 vinum
529 2853 844 2909 accusabam
874 2855 948 2929 (a)
980 2875 995 2924 ;
1024 2859 1220 2930 quippe
1263 2877 1384 2916 cum
1436 2863 1610 2918 omnis
1649 2875 1892 2923 creatura

299 2938 399 2995 Dei
431 2941 568 2996 bona
590 2985 606 3008 ,
637 2944 871 3016 nihilque
898 2947 1243 3018 rejiciendum
1271 2952 1341 3006 sit
1374 2953 1514 3022 quod
1542 2969 1662 3009 cum
1690 2956 1893 3026 gratia-

300 3046 421 3086 rum
449 3033 658 3090 actione
687 3037 975 3108 percipitur
997 3041 1072 3110 (1.
1095 3039 1230 3094 Tim.
1263 3044 1316 3097 4.
1345 3044 1410 3114 4)
1445 3062 1456 3096 :
1490 3045 1562 3100 ita
1591 3063 1729 3102 nunc
1755 3064 1895 3118 quo-

299 3139 408 3193 que
451 3141 557 3179 non
585 3125 779 3183 divites
804 3145 1020 3197 accuso,
1062 3147 1236 3203 neque
1264 3136 1515 3204 pecunias
1541 3137 1590 3190 itt
1639 3137 1889 3194 invidiam

299 3217 531 3285 adduco,
562 3220 655 3274 sed
686 3222 883 3276 malum
907 3239 1060 3278 usum
1089 3226 1453 3294 pecuniarum,
1486 3236 1541 3284 et
1568 3229 1657 3299 qui
1689 3229 1741 3284 in
1768 3231 1892 3285 libi-

300 3307 459 3362 dines
495 3309 834 3379 impenditur.
861 3313 1147 3384 Propterea
1187 3330 1415 3387 χρήματα
1443 3317 1519 3390 (ὁ)
1547 3321 1783 3388 pecunia:
1813 3321 1894 3375 di-

300 3410 516 3466 cuntur,
547 3412 601 3457 ut
629 3419 725 3458 nos
753 3405 858 3460 illis
897 3417 1138 3474 utamur,
1167 3419 1221 3464 et
1263 3425 1369 3466 non
1399 3413 1502 3467 illm
1543 3414 1694 3468 nobis
1727 3431 1741 3469 :
1771 3430 1894 3485 pro-

300 3499 485 3560 pterea
532 3495 897 3562 possessiones
922 3499 1205 3567 dicuntur,
1239 3512 1296 3556 ut
1340 3519 1440 3557 nos
1476 3504 1593 3558 illas
1623 3507 1893 3574 possidea-

300 3597 458 3645 taus,
491 3591 545 3636 et
606 3599 710 3639 non
769 3586 874 3641 illa:
929 3603 1047 3643 nos.
1099 3590 1203 3644 Cur
1258 3593 1417 3662 igitur
1463 3610 1676 3651 servum
1726 3598 1892 3654 habes

297 3672 615 3728 dominum?
659 3691 754 3730 cur
808 3680 1067 3734 invertisti
1112 3682 1391 3738 ordinem?
1435 3687 1504 3741 At
1554 3689 1694 3743 enim
1753 3692 1891 3746 scire

299 3779 646 3834 percuperem
667 3810 682 3834 ,
709 3768 832 3838 quid
874 3770 948 3825 illi
982 3787 1120 3826 nunc
1161 3784 1321 3843 agant
1347 3777 1436 3844 qui
1467 3778 1745 3834 collectam
1792 3782 1890 3838 tle-

299 3866 617 3924 serucrunt,
657 3868 711 3913 et
753 3861 941 3930 quibus
964 3873 1312 3934 occupentur.
1347 3865 1602 3922 Nimirum
1643 3879 1734 3923 aut
1773 3873 1889 3927 alea

300 3947 524 4016 ludunt,
557 3961 648 4004 aut
671 3954 890 4008 omnino
918 3954 1081 4010 rebus
1107 3957 1453 4014 saecularibus
1473 4000 1489 4026 ,
1514 3976 1634 4030 qua:
1663 3965 1890 4020 tumultu

299 4037 636 4105 redundant,
664 4041 999 4099 distinentur.
1033 4045 1130 4101 Hic
1152 4048 1198 4102 si
1224 4048 1468 4116 adesses,
1501 4051 1573 4105 mi
1604 4050 1764 4108 homo
1787 4095 1803 4121 ,
1833 4055 1888 4110 in

299 4133 684 4202 tranquillitate
709 4145 866 4206 atque
891 4137 942 4192 iu
970 4148 1124 4209 portu
1146 4155 1327 4197 esses:
1350 4159 1452 4198 non
1482 4143 1752 4216 ingressus
1780 4147 1890 4203 dis-

297 4233 553 4291 pensatur
597 4226 1013 4296 iuterturbaret,
1068 4247 1174 4287 non
1215 4245 1528 4303 procurator
1575 4237 1886 4309 interpella-

297 4323 409 4379 ret,
461 4332 568 4370 non
625 4317 852 4374 famulus
889 4321 959 4377 ob
1004 4325 1278 4380 saecularia
1329 4329 1538 4397 negotia
1588 4331 1886 4388 molestiam

297 4407 532 4470 all‘erret.
564 4425 668 4466 non
691 4411 828 4468 alius
853 4415 993 4471 ullus
1015 4415 1268 4484 irritaret,
1297 4419 1390 4475 sed
1421 4422 1471 4476 itt
1497 4423 1675 4492 quiete
1696 4427 1887 4482 vivens

296 4497 494 4554 divinis
522 4500 837 4558 lectionibus
880 4505 1183 4562 interesses.
1214 4509 1481 4579 Nusquam
1528 4514 1612 4569 hic
1652 4515 1883 4572 fluctus:

298 4607 560 4664 nusquam
615 4597 904 4663 tumultus,
963 4599 1058 4656 sed
1118 4601 1419 4657 benedictio
1464 4615 1518 4660 et
1564 4622 1785 4676 preces,
1833 4620 1888 4665 et

298 4698 478 4740 sermo
507 4687 801 4756 spiritualis
825 4730 841 4756 ,
886 4691 1017 4745 etin
1048 4693 1236 4748 cadum
1279 4697 1668 4767 commigratio,
1699 4709 1753 4754 et
1773 4701 1885 4769 jam

296 4789 360 4829 es
389 4775 491 4832 hoc
513 4779 630 4834 loco
651 4819 665 4843 ,
694 4791 916 4850 accepto
956 4783 1173 4853 pignore
1203 4785 1351 4855 regni
1395 4788 1680 4857 etelorum,
1713 4791 1886 4848 disce-

296 4866 473 4922 deres.
505 4868 676 4935 Quam
705 4870 772 4926 ob
798 4887 1012 4927 causam
1039 4875 1346 4943 opulentam
1389 4878 1525 4935 hanc
1562 4897 1801 4937 mensam
1831 4893 1884 4939 et

297 4957 571 5026 opiparam
618 4961 871 5018 deserens
894 5005 910 5031 ,
947 4964 1012 5018 ad
1038 4965 1195 5021 aliam
1242 4970 1407 5024 multo
1437 4972 1799 5030 molestiorem
1833 4985 1886 5031 te

298 5049 614 5105 transtulisti
639 5093 654 5115 ,
690 5061 745 5107 et
771 5052 1027 5109 derelicto
1058 5067 1210 5122 portu
1238 5073 1357 5113 cum
1395 5062 1562 5117 turbis
1591 5067 1884 5135 tranquilli-

297 5148 460 5195 tatem
487 5145 865 5200 commutasti?
896 5147 988 5201 Est
1013 5149 1142 5202 illttd
1163 5149 1374 5219 quidem
1401 5169 1582 5226 grave,
1611 5157 1752 5226 quod
1775 5173 1880 5214 non

296 5231 545 5289 intersint
575 5253 835 5308 pauperes
855 5281 870 5303 ,
900 5241 987 5310 qui
1018 5250 1125 5296 tum
1154 5243 1375 5302 aderant
1403 5266 1415 5301 :
1445 5248 1540 5303 sed
1574 5264 1679 5304 non
1703 5251 1772 5306 ita
1801 5262 1882 5306 ta-

294 5339 417 5380 men
447 5341 610 5396 grave
630 5368 645 5394 ,
677 5337 735 5383 ut
771 5330 912 5400 quod
945 5331 1135 5388 divites
1163 5350 1267 5390 non
1299 5338 1564 5398 intersint.
1597 5341 1731 5409 Quid
1763 5343 1832 5398 ita
1859 5344 1882 5398 ?

292 5479 434 5590 cum)
470 5480 587 5531 \‘idc
618 5495 763 5546 supra
799 5485 969 5536 ttomil.
1005 5497 1167 5539 contra
1204 5492 1422 5559 Ebriosos
1459 5502 1510 5552 et
1540 5495 1604 5548 de
1646 5503 1882 5551 ttesurre-

364 5555 479 5590 000..

364 5555 479 5592 000..

365 5603 433 5667 (ὁ)
470 5604 512 5653 Α
537 5607 704 5664 verbo,
724 5622 876 5672 ηάομαι
894 5647 907 5669 ,
932 5611 976 5660 id
1004 5620 1094 5672 cst,
1120 5618 1235 5673 utar,

2020 306 2171 374 Quod
2209 323 2470 379 pauperes
2515 315 2830 370 necessariis
2859 320 3296 387 occupationibus
3331 323 3617 383 detinean-

2023 404 2127 461 tur,
2162 401 2451 468 quotidiani
2481 404 2675 472 opificii
2705 406 3081 470 sollicitudine.
3113 413 3357 471 manibus
3387 419 3498 474 suis
3528 420 3604 474 vi—

2018 495 2160 543 ctum
2199 491 2298 545 sibi
2327 506 2701 563 comparantes
2731 516 2742 551 :
2771 501 3166 560 educandorum
3196 507 3482 564 liberorum
3511 527 3606 567 cu-

2019 593 2132 632 ram
2155 591 2369 648 gcrunt,
2402 597 2621 640 uxorem
2650 597 2880 657 tuentur,
2907 607 2970 646 ac
3001 596 3098 650 nisi
3131 597 3394 666 laborent,
3427 604 3603 660 vivero

2018 684 2307 740 nequeunt.
2344 674 2466 730 llaec
2496 691 2524 728 a
2553 690 2638 732 me
2676 678 2959 749 dicuntur,
2988 700 3092 739 non
3140 699 3196 741 ttt
3237 690 3602 750 defensionem

2017 759 2123 814 illis
2168 776 2505 832 componam,
2551 768 2645 822 sed
2692 778 2747 823 ut
2787 771 2977 828 divites
3028 775 3213 846 majori
3266 785 3603 840 accttsatione

2015 865 2136 906 esse
2197 852 2385 923 dignos
2442 860 2742 916 ostendam.
2798 862 3007 929 Quanto
3068 867 3254 938 majori
3317 875 3602 932 securitate

2014 940 2281 1007 fruuntur,
2313 955 2458 1002 tanto
2490 951 2658 1020 magis
2680 950 3091 1022 damnabuntur,
3114 961 3253 1027 quod
3278 961 3432 1017 nullis
3458 965 3601 1034 ejus-

2013 1033 2153 1087 tnodi
2185 1035 2342 1091 rebus
2378 1050 2722 1108 occupentur.

2081 1122 2279 1181 Judwis
2301 1129 2494 1196 peiores
2529 1133 2616 1202 qui
2643 1131 2823 1187 absunt
2843 1133 2905 1189 ab
2925 1137 3154 1190 ercleat'a.
3186 1169 3256 1179 -—-
3277 1140 3464 1199 Nonne
3500 1145 3598 1200 Ju-

2011 1211 2154 1267 dzeos
2190 1214 2416 1286 videtis,
2453 1220 2561 1276 Deo
2609 1223 2870 1285 rebelles.
2904 1228 2990 1296 qui
3034 1227 3252 1298 Spiritui
3292 1245 3474 1288 sancto
3522 1253 3601 1292 re-

2010 1305 2239 1372 sistunt,
2299 1309 2460 1366 duros
2505 1312 2622 1368 illos
2670 1318 2916 1372 cervice?
2967 1319 3058 1375 llis
3113 1325 3331 1379 omnino
3389 1327 3596 1397 pejores

2009 1407 2168 1464 sunt,
2206 1399 2294 1470 qui
2339 1417 2442 1456 non
2493 1417 2772 1461 venerunt.
2803 1407 2912 1463 illis
2962 1411 3004 1464 si
3063 1412 3294 1469 dixerint
3341 1420 3595 1473 sacerdo-

2009 1495 2092 1542 tcs
2139 1500 2341 1559 septem
2385 1492 2575 1550 diebus
2615 1497 2681 1551 ab
2722 1501 2972 1568 operibus
3015 1505 3360 1573 cessandum,
3393 1510 3476 1564 vel
3503 1511 3596 1566 dc-

2008 1595 2124 1638 csm
2150 1623 2165 1648 ,
2199 1584 2281 1638 vel
2327 1585 2551 1655 viginti,
2595 1590 2680 1644 vel
2734 1593 2978 1662 triginta,
3029 1612 3130 1649 non
3181 1603 3591 1658 contradicunt:

2011 1677 2220 1729 tametsi
2252 1677 2376 1746 quid
2406 1679 2491 1732 illa
2520 1685 2794 1739 vacatione
2822 1681 3097 1742 molestius
3123 1688 3232 1743 fieri
3260 1695 3472 1761 potest?
3500 1695 3594 1750 Fo-

2007 1777 2093 1816 res
2124 1765 2408 1820 occludtmt
2427 1810 2441 1834 ,
2474 1785 2572 1824 nec
2600 1771 2775 1842 ignem
2803 1776 3103 1831 accendunt
3122 1821 3134 1840 .
3169 1796 3268 1835 nec
3297 1798 3485 1852 aquam
3519 1785 3594 1840 fc»

2006 1861 2164 1918 runt,
2197 1870 2368 1926 neque
2409 1859 2551 1914 aliud
2589 1863 2874 1934 quidquam
2915 1867 2980 1920 ad
3011 1868 3269 1937 ejusmodi
3315 1889 3464 1928 usum
3494 1891 3590 1946 ag-

2004 1943 2153 2012 gredi
2181 1945 2285 2002 illis
2329 1951 2649 2018 permittitur
2673 1972 2686 2007 :
2719 1955 2812 2010 sed
2841 1957 2950 2010 otio
2973 1966 3239 2029 tamquam
3270 1975 3456 2019 catena
3485 1943 3592 2021 viit-

2004 2035 2234 2104 ciuntur,
2263 2048 2316 2093 et
2342 2054 2408 2095 ne
2448 2051 2556 2096 tum
2578 2045 2792 2114 quidem
2823 2051 3213 2106 contradicunt.
3239 2057 3306 2107 At
3335 2073 3434 2124 ego
3457 2057 3588 2113 nihil

2007 2124 2110 2179 tale
2134 2125 2254 2182 dico
2275 2170 2290 2195 ,
2322 2145 2428 2185 non
2471 2132 2676 2203 impero
2704 2147 2758 2189 ιιι
2787 2147 2988 2207 septem
3019 2141 3273 2198 decemve
3307 2145 3494 2200 diebus
3520 2147 3590 2202 ab

2003 2217 2254 2286 operibus
2282 2221 2568 2290 abstineas,
2600 2227 2695 2281 sed
2722 2228 2854 2282 duas
2878 2231 3006 2286 mihi
3031 2233 3137 2289 dici
3172 2236 3328 2290 horas
3357 2248 3409 2291 ttt
3436 2253 3586 2293 com-

2001 2307 2207 2375 modes,
2232 2311 2463 2382 reliquas
2506 2315 2619 2386 ipse
2641 2317 2735 2372 tibi
2767 2319 2995 2387 habeas,
3024 2332 3077 2378 et
3113 2341 3180 2379 ne
3211 2325 3346 2382 hanc
3368 2330 3584 2399 quidem

2001 2400 2130 2455 mibi
2165 2419 2468 2461 mensuram
2515 2411 2827 2465 contribuis.
2861 2412 2970 2468 lmo
3000 2431 3129 2470 vero
3171 2418 3300 2472 mihi
3345 2436 3410 2474 ne
3448 2438 3588 2475 com-

2001 2493 2188 2548 modes
2215 2494 2346 2550 duas
2386 2496 2579 2564 horas,
2620 2501 2713 2556 sed
2748 2503 2839 2557 tibi
2870 2505 2990 2575 ipsi,
3035 2515 3092 2561 ut
3121 2524 3184 2562 cx
3215 2511 3453 2565 oratione
3498 2527 3587 2581 pa-

2002 2589 2140 2636 trum
2187 2586 2419 2655 aliquam
2452 2590 2869 2648 consolationem
2919 2597 3221 2667 percipias,
3264 2609 3320 2654 ut
3367 2602 3587 2658 benedi-

1999 2672 2264 2729 ctionibus
2290 2677 2482 2748 plenus
2512 2681 2759 2751 recedas,
2794 2695 2851 2739 ut
2895 2688 3038 2741 onmi
3084 2705 3147 2743 ex
3191 2701 3336 2760 parte
3365 2708 3586 2752 securus

1997 2761 2182 2832 abeas,
2211 2775 2268 2820 ut
2292 2769 2653 2838 spiritualibus
2677 2778 2912 2846 acceptis
2931 2781 3093 2834 armis
3123 2780 3350 2838 invictus
3372 2785 3585 2842 diabolo

1998 2862 2053 2907 et
2078 2855 2499 2929 inexpugnabilis
2524 2861 2639 2918 fias.
2671 2865 2806 2932 Quid
2827 2867 3111 2936 jucundius
3131 2913 3147 2938 ,
3177 2889 3360 2944 qtueso
3378 2916 3393 2942 ,
3426 2891 3584 2947 quam

1999 2943 2086 3000 hic
2107 2951 2348 3004 versari?
2375 2951 2430 3007 Si
2453 2955 2595 3008 enim
2625 2965 2763 3010 totos
2784 2958 2899 3013 dies
2931 2960 3016 3016 ltic
3046 2963 3339 3036 transigere
3366 2983 3585 3026 necesse

1997 3047 2160 3103 esset,
2189 3040 2315 3110 quid
2347 3044 2695 3112 prmelarius?
2723 3049 2847 3115 quid
2883 3051 3066 3116 tutius,
3101 3055 3186 3108 ubi
3220 3065 3296 3110 tot
3326 3068 3450 3113 sunt
3477 3060 3582 3116 fra-

2000 3135 2126 3194 tres,
2157 3129 2245 3184 ubi
2273 3130 2500 3202 Spiritus
2522 3147 2761 3205 sanctus,
2789 3140 2875 3193 ubi
2908 3144 3115 3198 medius
3139 3145 3314 3212 Jesus,
3348 3162 3401 3204 et
3428 3152 3584 3208 Pater

1996 3218 2154 3288 ejus?
2187 3220 2406 3289 Qualem
2446 3225 2603 3280 aliam
2646 3229 2804 3284 talem
2851 3237 3314 3305 congregationem
3346 3243 3584 3312 quaeris?

1996 3308 2207 3378 qualem
2232 3313 2394 3367 alium
2423 3320 2710 3372 senatum?
2730 3321 2943 3391 qualem
2971 3339 3289 3383 conventum
3313 3333 3336 3386 ?
3362 3333 3463 3387 Tot
3489 3335 3584 3390 bo-

1997 3401 2083 3454 nis
2111 3403 2304 3458 referta
2333 3418 2414 3461 est
2445 3425 2648 3477 mensa,
2675 3420 2752 3466 tot
2789 3413 2946 3471 lectio
2974 3416 3283 3490 Scriptum,
3310 3434 3384 3478 tot
3414 3425 3580 3482 bene-

1995 3494 2278 3564 dLetiones,
2311 3508 2385 3554 tot
2411 3517 2616 3571 preces,
2641 3514 2719 3561 tot
2746 3507 2845 3577 ipsi
2872 3525 3188 3582 congressus
3219 3535 3232 3570 :
3262 3527 3316 3572 et
3346 3528 3397 3573 tit
3424 3522 3580 3576 aliam

1996 3593 2454 3649 conversationem
2477 3605 2529 3651 et
2560 3599 2823 3670 colloquia
2851 3607 3107 3673 spectas?
3135 3608 3372 3677 Quanam
3403 3626 3582 3669 autem

1995 3681 2148 3734 venia
2178 3681 2370 3752 dignus
2392 3688 2728 3746 censeberc?
2761 3693 2885 3748 llzec
2925 3711 2954 3748 a
2997 3713 3082 3752 me
3110 3698 3248 3754 dicta
3291 3713 3447 3770 sunt,
3477 3722 3580 3760 non

1996 3779 2053 3823 ut
2079 3786 2173 3825 vos
2201 3775 2428 3831 audiatis
2457 3795 2468 3829 :
2505 3795 2681 3849 neque
2710 3783 2851 3837 enim
2883 3801 2980 3840 vos
3007 3790 3408 3847 medicamentis
3433 3799 3580 3864 ejus-

1995 3865 2138 3917 ntodi
2166 3866 2431 3938 indigetis,
2460 3873 2549 3940 qui
2578 3873 2708 3940 ipsis
2732 3877 2981 3942 operibus
3004 3894 3164 3934 sanos
3191 3898 3286 3937 vos
3306 3901 3424 3940 es.~e
3444 3903 3583 3942 com-

1996 3955 2300 4024 probastis,
2350 3959 2441 4028 qui
2491 3961 2759 4027 obeditis,
2807 3965 2895 4033 qui
2930 3976 3076 4021 tanto
3121 3973 3297 4028 studio
3348 3987 3579 4035 vestrum

1995 4059 2230 4100 amorem
2254 4049 2566 4105 ostendistis
2590 4069 2604 4105 :
2628 4053 2721 4108 sed
2751 4055 2818 4109 ad
2848 4071 2940 4111 vos
2963 4057 3079 4114 haec
3103 4060 3243 4117 dicta
3271 4075 3395 4120 sunt
3417 4084 3448 4123 a
3470 4087 3577 4138 me,

1994 4146 2053 4192 ut
2081 4153 2144 4192 ex
2174 4139 2322 4194 vobis
2351 4141 2569 4198 audiant
2596 4146 2684 4215 qui
2714 4164 2817 4202 non
2848 4149 3062 4205 adsunt.
3091 4152 3266 4210 Nolite
3295 4157 3473 4216 dicere
3497 4177 3578 4216 so-

1995 4231 2103 4285 lum
2138 4246 2167 4284 a
2200 4248 2284 4286 me
2309 4245 2588 4291 accusatos
2615 4253 2710 4294 eos
2739 4255 2857 4294 esse
2891 4243 2979 4311 qui
3023 4260 3125 4298 non
3159 4263 3413 4304 venerunt
3439 4294 3453 4316 ,
3484 4254 3581 4308 sed

1996 4329 2160 4376 totam
2201 4338 2231 4377 a
2276 4325 2535 4395 principio
2565 4328 2668 4383 illis
2707 4331 3003 4386 orationem
3046 4347 3277 4392 narrate.
3311 4339 3581 4400 Rcvoeate

1993 4413 2100 4469 illis
2141 4416 2192 4470 itt
2240 4420 2549 4473 memoriam
2576 4419 2825 4487 Jttdans,
2867 4436 3115 4480 revocate
3165 4429 3216 4481 itt
3264 4438 3575 4490 memoriam

1993 4507 2205 4575 negotia
2237 4509 2510 4564 saacularia
2543 4527 2556 4562 :
2586 4510 2746 4566 dicite
2772 4523 2972 4583 quanto
3001 4521 3339 4586 praestantior
3364 4525 3434 4580 sit
3475 4527 3578 4584 iste

1991 4609 2329 4653 conventus:
2361 4600 2518 4656 dicite
2547 4612 2801 4672 quantum
2831 4622 2954 4676 erga
2989 4624 3075 4664 res
3113 4613 3413 4672 mundanas
3459 4629 3572 4676 stu-

1991 4687 2137 4743 dium
2166 4689 2489 4759 exhibeant,
2520 4693 2682 4750 dicite
2720 4708 2915 4766 quanta
2944 4715 3151 4757 merces
3178 4704 3299 4760 illos
3330 4722 3570 4775 maan,

1992 4779 2079 4849 qui
2101 4779 2186 4834 hic
2210 4794 2617 4854 congregantur.
2639 4785 2694 4840 Si
2718 4790 2859 4843 enim
2883 4799 3082 4846 tantum
3107 4794 3347 4853 dixeritis
3367 4817 3583 4858 accusa-

1991 4871 2208 4927 tosillos
2231 4889 2260 4928 a
2283 4890 2368 4929 me
2391 4875 2575 4943 fuisse,
2601 4879 2731 4933 iram
2759 4884 3077 4949 excitabitis,
3101 4896 3153 4942 et
3169 4889 3362 4947 vulnus
3385 4893 3586 4965 inﬂige-

1991 4960 2079 5026 tis,
2098 4979 2202 5017 non
2233 4965 2547 5022 medicinam
2574 4969 2930 5029 admovebitis
2961 4993 2973 5028 :
3000 4977 3082 5031 sin
3113 4988 3290 5036 autem
3328 4983 3448 5038 illos
3477 4960 3566 5041 (Ινο-

1990 5059 2208 5113 cueritis
2235 5075 2320 5115 me
2345 5077 2450 5117 non
2475 5072 2741 5136 tamquam
2767 5069 3034 5127 inimicum
3058 5089 3357 5141 accusasse,
3390 5097 3573 5138 verum

1989 5157 2257 5221 tamquam
2287 5158 2518 5213 amicum
2547 5160 2853 5230 indoluisse,
2877 5173 3037 5238 atque
3059 5168 3161 5223 illis
3181 5178 3573 5243 persuaseritis,

1990 5243 2254 5301 Fideliora
2304 5267 2410 5304 esse
2473 5255 2681 5306 vulnera
2733 5258 3006 5312 amicorum
3029 5301 3046 5325 ,
3098 5277 3250 5330 quam
3297 5277 3575 5334 spontanca

1990 5339 2163 5394 oscula
2192 5340 2509 5396 inimicorum
2540 5343 2720 5413 (Prov.
2751 5347 2840 5402 27.
2870 5349 2957 5418 6),
2986 5355 3378 5408 accusationem
3408 5360 3572 5414 multa

1989 5447 2108 5487 cum
2140 5432 2409 5502 voluptate
2455 5435 2745 5504 suscipient
2775 5457 2787 5492 :
2818 5454 2922 5493 non
2965 5441 3106 5495 enim
3141 5442 3208 5498 ad
3239 5446 3399 5502 verba
3419 5485 3436 5513 ,
3481 5452 3574 5505 sed

1990 5523 2053 5576 ad
2084 5524 2398 5580 sententiam
2427 5525 2654 5582 dicentis
2689 5529 2984 5586 attendent.
3017 5531 3093 5586 Ita
3131 5534 3322 5593 fratres
3365 5551 3573 5597 vestros

1994 5626 2194 5674 curate.
2219 5616 2380 5677 Notus
2419 5619 2602 5676 saiutis
2645 5622 2881 5679 oumium
2918 5635 3153 5683 vestrum
3181 5669 3196 5697 ,
3223 5631 3312 5703 qui
3341 5633 3573 5695 adestis,
