4054 6216
459 303 522 358 71
1170 295 1226 352 8.
1267 290 1546 351 JOANNIS
1582 287 2058 345 CIIRYSOSTOMI
2099 287 2413 346 ARCIIIEP.
2455 289 2990 348 CONSTANTINOP.
3664 289 3739 342 7‘2

455 430 537 472 est
556 418 691 472 ratio
712 412 1192 478 reddenda,vobis,
1219 424 1406 466 eorum
1427 412 1514 477 qut
1541 410 1752 460 absunt.
1773 405 1886 457 Non
1916 417 2044 472 pos-

455 522 641 563 sumus
682 509 780 577 ipsi
817 521 912 575 per
946 519 1047 560 nos
1073 519 1196 560 cum
1236 501 1339 556 illis
1373 500 1427 554 in
1466 495 1786 566 colloquium
1828 492 2044 559 venire,

456 617 554 672 per
580 617 673 656 vos
692 615 814 657 cum
842 599 945 655 illis
971 597 1027 654 in
1055 595 1387 665 colloquium-
1407 591 1684 646 veniamus
1703 629 1717 651 .
1740 597 1796 643 et
1823 601 1918 656 per
1949 600 2046 640 ve.

458 708 623 751 stram
651 694 1002 750 eruditionem
1036 710 1050 746 :
1081 692 1152 747 sit
1179 688 1336 745 nobis
1365 687 1533 740 instar
1562 681 1738 753 pontis
1771 676 2048 748 cujusdam

459 805 582 859 erga
609 788 730 842 illos
761 787 958 842 caritas
996 795 1220 840 vestra:
1253 780 1448 837 eflicite
1477 787 1533 831 ut
1567 791 1663 846 per
1697 774 2051 844 linguam-ve-

460 890 623 933 stram
656 877 822 931 nostri
853 891 1130 932 sermones
1154 872 1228 928 ad“
1263 871 1474 926 illorum
1513 879 1672 921 aures
1699 861 2048 931 trajiciantur.

459 971 733 1027 Sullicieut
759 968 985 1022 fortasse
1027 981 1146 1036 quae
1188 963 1419 1018 diximus
1441 959 1510 1014 de
1547 956 1671 1018 illis,
1701 954 1790 1024 qui
1811 952 2052 1008 collecta:

463 1079 570 1118 non
601 1063 886 1124 intersunt,
916 1073 1090 1128 neque
1119 1055 1405 1127 quidquam
1435 1059 1518 1106 est
1560 1045 1886 1103 addendum.
1916 1042 2050 1097 Nam

463 1157 610 1227 plora
639 1153 853 1225 quidem
881 1151 1060 1206 dicere
1091 1148 1471 1219 potuissemus,
1502 1141 1609 1197 sed’
1638 1155 1704 1194 ne
1724 1147 1890 1194 totum
1919 1144 2054 1190 tem-

463 1265 563 1319 pus
591 1248 642 1302 in
673 1243 934 1314 ejus-modi
966 1240 1334 1297 accusationes
1363 1233 1752 1304 impendamus,
1781 1236 1836 1284 et
1863 1227 1929 1282 ad
1955 1239 2052 1280 vos

463 1342 609 1411 ipsos
631 1380 653 1406 ,
684 1338 772 1408 qui
807 1332 1184 1398 adestis,ltino
1216 1329 1416 1385 utilitas
1445 1325 1587 1380 nulla
1618 1325 1885 1385 dimanet,
1915 1333 2014 1390 age
2033 1358 2049 1384 ,

463 1433 621 1488 vobis
640 1433 803 1486 etiam
834 1425 1106 1482 insolitum
1136 1439 1200 1478 ac
1229 1435 1424 1476 novum
1462 1415 1728 1488 quoddam
1771 1411 2052 1482 opsonium

463 1534 804 1595 apponamus
834 1535 848 1572 :
891 1515 1164 1572 insolitum
1211 1521 1401 1565 autem
1431 1523 1494 1564 ac
1534 1521 1726 1561 novum
1762 1503 1916 1569 dico,
1946 1515 2053 1555 non

466 1614 650 1669 habita
670 1611 889 1667 ratione
904 1621 1102 1663 mensze
1128 1602 1420 1675 spiritualis
1438 1640 1456 1668 ,
1487 1597 1583 1655 scd
1611 1597 1818 1652 aurium
1845 1601 2053 1650 vestra-

463 1722 582 1762 rum
614 1704 791 1759 habita
823 1701 1049 1756 ratione.

537 1799 590 1854 3.
617 1793 1008 1866 Superioribus.
1024 1789 1171 1861 apud
1181 1801 1278 1843 vos
1300 1785 1489 1843 diebus
1513 1783 1583 1840 de
1603 1779 1909 1853 apostolicis
1937 1793 2056 1833 ver-

464 1888 548 1944 bis
579 1927 597 1956 ,
625 1885 797 1955 deque
849 1879 1167 1952 evangelieis
1212 1876 1596 1936 disseruimus,
1641 1887 1762 1927 cum
1809 1869 1878 1925 de
1920 1868 2053 1924 Juda

465 1979 626 2034 verba
653 1976 949 2032 iaceremus
979 1972 1055 2043 (a)
1089 1989 1102 2024 :
1129 1967 1481 2025 disseruimus
1503 1975 1556 2019 et
1589 1962 1657 2019 de
1688 1958 2009 2033 propheticis
2037 1973 2053 2024 ;

470 2069 728 2124 hodierno
761 2065 849 2120 die
885 2063 1130 2118 volumus
1174 2060 1240 2115 de
1285 2057 1664 2128 Apostolorum
1705 2054 1852 2109 Actis
1895 2049 2056 2106 verba

467 2161 665 2215 facere.
695 2157 982 2226 Propterea
1009 2152 1281 2207 insolitum
1306 2149 1417 2204 dixi
1444 2146 1723 2218 opsmtium
1751 2153 1805 2200 et
1833 2158 1939 2197 non
1971 2141 2056 2196 in-

467 2252 704 2307 solitum.
730 2247 846 2304 Non
878 2245 1149 2302 insolitum
1192 2241 1408 2314 quidem
1431 2238 1612 2309 ,quod
1646 2237 1712 2292 ad
1740 2235 1933 2290 seriem
1973 2248 2059 2288 su-

468 2359 678 2398 crarum
737 2339 998 2409 pertineat
1043 2336 1438 2406 Scripturarnm
1472 2350 1493 2385 τ·
1529 2330 1796 2385 insolitum
1840 2334 2015 2381 autem
2040 2366 2054 2390 ,

467 2433 609 2503 quod
653 2446 810 2485 aures
850 2430 1074 2483 fortasse
1115 2433 1305 2479 vestra:
1353 2421 1571 2478 minime
1615 2421 1720 2475 sint
1769 2415 2060 2473 narrationi

469 2521 731 2592 ejusmodi
777 2529 1022 2574 assuetae.
1051 2515 1225 2570 Multis
1251 2514 1464 2583 quidem
1494 2521 1641 2566 certe
1668 2525 1767 2564 nec
1793 2518 1950 2563 notus
1976 2516 2060 2562 est

472 2617 607 2670 liber
637 2614 734 2668 iste
764 2629 778 2664 :
809 2627 840 2666 a
881 2609 1059 2664 multis
1086 2621 1270 2661 rursus
1298 2619 1418 2659 cum
1445 2603 1621 2657 clarus
1647 2611 1700 2655 et
1737 2610 1954 2668 apertus
1979 2599 2059 2653 vi—

470 2709 681 2772 deatur,
711 2715 890 2760 tamen
917 2699 1276 2757 contemnitur
1307 2715 1319 2750 τ
1354 2707 1408 2752 et
1438 2696 1520 2749 his
1545 2693 1760 2764 quidem
1787 2691 2018 2762 cognitio
2041 2732 2058 2759 ,

473 2800 576 2856 illis
601 2806 777 2853 autem
805 2792 1096 2866 ignorantia
1137 2789 1470 2844 occisionem
1506 2785 1661 2840 aﬂ'ert
1701 2783 2059 2854 negligentiae.

474 2889 541 2946 Ut
566 2889 724 2960 igitur
748 2897 802 2942 et
829 2884 917 2954 qui
943 2899 1055 2938 non
1079 2887 1339 2936 noverunt
1362 2920 1380 2945 ,
1410 2884 1466 2933 et
1491 2877 1578 2947 qui
1609 2876 1753 2931 clare
1779 2890 1837 2929 se
1866 2872 2066 2955 intelli-

471 2999 599 3056 gere
624 2981 968 3042 arbitrantur,
999 2975 1189 3029 multas
1215 2973 1269 3027 in
1299 2986 1364 3026 eo
1393 2967 1680 3040 profundas
1708 2977 1759 3024 et
1786 2967 2061 3022 abstrusas

473 3090 594 3132 esse
621 3070 915 3128 sententias
935 3069 1182 3131 discant,
1217 3079 1395 3134 opera:
1429 3062 1657 3133 pretium
1690 3059 1841 3115 fuerit
1873 3059 2062 3113 ambo-

475 3183 591 3223 rum
632 3161 1003 3235 negligentiam
1036 3158 1294 3212 hodierno
1317 3155 1403 3209 die
1430 3153 1718 3222 corrigere.
1750 3150 1904 3206 Prius
1929 3150 2066 3204 scia-

476 3271 594 3314 mus
622 3270 756 3326 Opns
785 3261 866 3308 est
887 3293 900 3316 ,
941 3250 1060 3321 quis
1086 3248 1277 3304 librum
1305 3245 1580 3314 scripserit
1609 3260 1622 3294 :
1654 3243 1738 3296 hic
1762 3242 1903 3296 enim
1925 3239 2064 3311 opti-

478 3362 597 3402 tnns
625 3341 980 3415 indagationis
1013 3348 1095 3394 est
1123 3337 1291 3402 ordo,
1324 3345 1380 3388 ut
1416 3333 1485 3390 de
1513 3341 1731 3386 auctore
1756 3331 2060 3397 videamus,

477 3452 545 3491 an
582 3436 742 3490 homo
766 3433 874 3498 sit,
903 3446 970 3485 an
1000 3443 1127 3485 vero
1153 3429 1292 3482 Dcus
1319 3442 1343 3480 :
1363 3440 1426 3478 ac
1454 3423 1500 3478 si
1523 3422 1685 3476 homo
1711 3420 1925 3491 quidem
1960 3420 2062 3486 sit,

477 3529 783 3595 rejiciamus
818 3538 833 3577 :
871 3521 1046 3577 Nolite
1091 3519 1235 3574 enim
1261 3558 1276 3580 .
1317 3517 1512 3586 inquit,
1557 3531 1734 3568 vocare
1769 3513 2063 3584 magistrum

477 3634 629 3688 super
655 3626 839 3670 terram
865 3614 884 3685 (
912 3610 1096 3666 Matth.
1124 3609 1215 3664 23.
1239 3607 1294 3678 8)
1323 3624 1338 3662 :
1368 3610 1449 3662 sin
1476 3617 1653 3661 autem
1683 3605 1842 3670 D'eus,
1872 3603 2066 3658 admit-

481 3717 652 3760 tamus
685 3723 698 3759 :
729 3702 959 3758 cmlestis
999 3700 1141 3755 enim
1181 3709 1262 3752 est
1291 3706 1346 3752 et
1371 3711 1598 3767 superna
1630 3694 1812 3750 schola
1842 3701 2022 3748 nostra
2045 3733 2061 3758 ,

479 3796 742 3866 siquidem
782 3793 898 3848 talis
939 3802 1022 3847 est
1059 3790 1289 3860 dignitas
1315 3788 1469 3858 hujus
1511 3786 1740 3852 theatri,
1774 3795 1831 3840 ut
1859 3785 1927 3840 ab
1964 3784 2060 3839 ho-

481 3887 712 3943 minibus
738 3883 890 3950 nihil,
915 3881 1009 3938 scd
1039 3898 1133 3953 per
1161 3880 1404 3934 homines
1432 3893 1461 3932 a
1495 3877 1603 3932 Deo
1630 3877 1920 3932 discamus.

555 3974 712 4030 Tituli
738 3974 1021 4039 Scriptum
1040 3987 1138 4025 non
1179 3968 1529 4039 praterctmdi.
1560 3995 1625 4008 ——
1655 3965 2062 4036 Disqnirendum

481 4070 633 4125 nobis
652 4076 764 4133 est,
789 4067 907 4138 quis
941 4063 1218 4134 scripserit
1235 4103 1250 4126 ,
1278 4073 1331 4118 et
1355 4061 1568 4133 quando
1597 4060 1890 4130 scripserit,
1918 4067 1972 4113 et
1997 4058 2065 4113 de

479 4161 692 4229 quibus,
721 4168 775 4212 et
797 4172 898 4225 qua
919 4155 988 4209 de
1016 4169 1175 4207 causa
1206 4163 1529 4221 praeceptum
1558 4152 1646 4218 sit,
1673 4163 1731 4206 ut
1769 4151 1857 4206 ille
1885 4151 1936 4205 in
1967 4151 2065 4204 hac

479 4249 812 4304 solemnitate
857 4250 1122 4314 egeretur.
1150 4240 1282 4296 Nam
1312 4250 1424 4295 toto
1449 4241 1688 4296 fortassis
1712 4257 1853 4295 anno
1877 4241 1977 4312 legi
2003 4241 2066 4294 li-

487 4339 640 4394 brum
668 4351 770 4391 non
797 4337 1003 4391 auditis.
1065 4332 1352 4389 Enimvero
1391 4331 1494 4388 boc
1518 4347 1726 4404 quoque
1753 4347 1912 4388 nosse
1939 4348 2062 4402 pro-

483 4434 603 4488 dest
632 4451 645 4486 :
677 4441 741 4484 ac
765 4425 958 4483 deinde
988 4425 1337 4494 quaerendum
1361 4432 1442 4478 est
1511 4438 1611 4490 qua
1643 4422 1710 4478 de
1737 4439 1894 4478 causa
1923 4422 2065 4477 hunc

483 4522 692 4578 ιιιιιΙυιη
719 4535 828 4592 prae
867 4535 926 4574 se
967 4520 1132 4584 lerat,
1159 4516 1286 4571 Acta
1309 4516 1686 4586 Apostolorum.
1717 4513 1899 4584 Neque
1919 4515 2062 4570 enim

484 4626 688 4668 temere
716 4609 1065 4681 praetereundi
1101 4617 1225 4663 sunt
1254 4608 1390 4662 tituli
1415 4648 1430 4673 ,
1459 4622 1630 4678 neque
1658 4606 1937 4662 confestim
1966 4605 2066 4660 ini-

477 4705 609 4760 tium
629 4701 750 4756 libri
772 4697 1135 4770 attingendutn
1162 4706 1246 4754 est
1275 4719 1289 4754 :
1317 4697 1410 4754 sed
1443 4701 1588 4768 prius
1611 4698 1728 4752 libri
1762 4713 1955 4752 nomen
1979 4698 2064 4751 vi-

479 4793 734 4850 dendum.
760 4789 892 4846 Nam
918 4788 1366 4860 quemadmodum
1409 4790 1464 4844 in
1491 4791 1641 4846 nobis
1675 4805 1746 4844 ex
1774 4791 1949 4861 capite
1979 4804 2066 4843 re-

479 4885 683 4954 liquum
721 4895 916 4950 corpus
960 4881 1020 4934 lit
1048 4879 1255 4946 notius,
1303 4888 1358 4935 et
1383 4895 1612 4949 superne
1657 4880 1940 4936 imminens
1989 4881 2062 4936 illi

475 4973 643 5030 facies
669 4969 1003 5026 manifestum
1043 4969 1175 5024 illud
1223 4969 1394 5026 reddit
1420 5011 1436 5036 ,
1465 4971 1540 5026 sic
1561 4987 1592 5025 a
1617 4970 1877 5041 superiori
1917 4981 2064 5041 parte

479 5065 762 5134 impositus
784 5062 947 5118 textui
979 5062 1162 5117 titulus
1182 5061 1238 5117 in
1266 5061 1440 5118 fronte
1459 5064 1717 5133 reliquam
1743 5063 2063 5133 scripturam

478 5157 643 5214 efficit
677 5157 968 5212 notiorem.
1011 5153 1201 5210 Nonne
1247 5153 1351 5208 hoc
1388 5153 1582 5208 videtis
1615 5157 1667 5208 in
1700 5155 1860 5224 regiis
1902 5155 2062 5208 etiam

479 5251 818 5322 imaginibus,
849 5257 909 5304 ut
937 5263 1148 5304 sursum
1179 5247 1392 5317 quidem
1423 5247 1591 5316 posita
1619 5248 1687 5302 sit
1718 5248 1912 5317 imago,
1943 5262 2065 5317 qua:

478 5345 618 5413 regis
639 5356 834 5396 nomen
861 5340 1178 5409 inscriptum
1208 5340 1386 5403 habet,
1411 5338 1631 5393 inferius
1662 5339 1713 5392 in
1746 5339 1855 5392 basi
1886 5339 2066 5392 trium-

477 5438 614 5505 phos
656 5433 830 5506 regis,
863 5431 1110 5488 victorias
1146 5442 1201 5489 et
1239 5431 1491 5502 prteclara
1530 5431 1763 5488 facinora
1813 5431 2065 5499 inscripta

479 5525 680 5582 habet?
708 5525 852 5581 Idem
885 5525 935 5580 in
966 5524 1256 5596 Scriptnris
1283 5525 1407 5581 licet
1435 5540 1678 5580 cernere.
1709 5524 1929 5580 Sursum
1951 5523 2066 5594 qui-

479 5619 599 5674 dum
626 5617 832 5688 depicta
868 5627 950 5672 est
975 5619 1148 5690 imago
1171 5620 1316 5689 regia
1345 5639 1358 5674 :
1391 5618 1608 5673 inferius
1637 5629 1813 5673 autem
1847 5616 2062 5673 victoria

543 5729 617 5788 (a)
653 5727 764 5777 \ide
789 5728 1021 5776 monitum
1043 5729 1103 5777 ad
1127 5728 1367 5779 humilium
1393 5729 1441 5778 iu
1465 5727 1649 5777 ludant.

2153 408 2406 476 inscripta
2430 415 2592 460 estet
2616 415 2816 476 tropzea
2848 413 2916 460 et'
2937 420 3024 460 res
3048 417 3239 459 omnes
3276 402 3531 473 prmdare
3545 414 3664 472 gest
3684 424 3734 458 ιο.

2153 497 2228 553 lta
2259 496 2480 552 facimus
2509 497 2668 552 etiam
2687 539 2704 562 ,
2731 512 2852 552 cum
2879 496 3157 566 epistolam
3188 496 3598 564 acceperimus:
3632 513 3735 551 non

2151 587 2409 642 continuo
2438 587 2708 642 vinculum
2734 588 3010 649 solvimus,
3042 602 3220 657 neque
3237 589 3492 646 continuo
3517 603 3634 657 qua:
3658 590 3740 641 in-

2155 690 2241 737 tus
2270 681 2435 736 latent
2459 721 2477 743 ,
2511 680 2735 750 legimus
2765 701 2791 736 τ
2809 679 2902 735 sed
2930 679 3164 734 exterius
3189 679 3416 749 positam
3442 679 3741 748 inscriptio-

2155 790 2276 831 nem
2321 773 2466 844 prius
2505 774 2870 844 percurrimus
2895 814 2912 837 ,
2942 781 2998 826 et
3032 787 3098 826 ex
3138 771 3228 828 illa
3270 771 3526 826 discimus
3560 781 3613 826 et
3650 771 3754 841 qui

2155 867 2382 932 miserit,
2404 876 2458 922 et
2495 881 2523 918 a
2554 879 2662 936 quo
2691 864 2852 934 recipi
2880 862 3088 918 debeat.
3119 862 3510 933 A‘nnomigitnr
3546 861 3740 916 absur—

2155 957 2282 1013 dum
2308 967 2413 1021 est,
2443 965 2501 1010 ut
2529 956 2582 1010 in
2609 955 2766 1010 rebus
2788 955 3002 1026 quidem
3033 953 3378 1008 smeuharibus
3400 962 3600 1008 tantum
3625 963 3741 1008 stu-

2156 1047 2230 1103 dii
2253 1047 2637 1111 adhibeamus,
2661 1061 2833 1115 neqne
2858 1059 3289 1100 commoveamur
3307 1085 3324 1110 ,
3349 1053 3451 1098 aut"
3467 1045 3746 1114 perturbe-

2157 1155 2297 1206 mur,
2325 1137 2418 1194 sed
2445 1138 2634 1192 ordine
2657 1137 2862 1206 singula
2896 1150 3271 1206 percurramus
3301 1157 3314 1191 :
3345 1135 3444 1190 hoc
3470 1150 3600 1190 vero
3623 1135 3754 1188 loco

2156 1247 2298 1302 a‘gre
2347 1230 2616 1296 feramus,
2663 1239 2717 1286 et
2757 1229 3035 1285 confestim
3082 1228 3288 1283 initium
3329 1228 3747 1299 aggrediamur?

2157 1322 2329 1377 Vultis
2355 1322 2654 1392 intelligere
2681 1331 2880 1392 quanta
2907 1324 2976 1376 sit
2999 1321 3080 1375 vis
3105 1320 3278 1384 tituli,
3309 1329 3506 1390 quanta
3531 1321 3600 1374 sit
3634 1321 3744 1375 vir-

2159 1419 2279 1478 tus,
2327 1420 2558 1482 quantus
2597 1410 2650 1465 in
2681 1410 3076 1481 Seripturarum
3122 1409 3286 1465 initiis
3333 1409 3638 1465 reconditus
3675 1412 3748 1464 sit

2160 1503 2488 1558 thesaurus?
2508 1503 2836 1565 Auscultate,
2863 1517 2931 1556 ne
2955 1517 3229 1557 sacrorum
3253 1500 3532 1556 Librorum
3564 1501 3748 1557 titulos

2157 1594 2533 1651 contentnatis.
2554 1593 2791 1649 Athenas
2807 1592 3090 1663 aliquando
3117 1591 3308 1648 Pitulus
3332 1593 3601 1663 ingressus
3627 1601 3744 1649 est':

2162 1687 2276 1742 haec
2312 1685 2531 1741 historia
2585 1685 2782 1755 scripta
2821 1693 2915 1740 est‘
2946 1686 2998 1740 in
3045 1684 3148 1739 hoc
3201 1684 3317 1754 ipso
3371 1683 3537 1749 libro;
3592 1699 3750 1752 repe-

2161 1779 2232 1834 rit
2275 1779 2330 1832 i'n
2375 1777 2508 1832 urbe
2548 1791 2654 1832 non
2693 1777 2887 1831 llbrum
2944 1789 3194 1842 sacrum,
3224 1773 3318 1829 sed
3368 1773 3630 1828 idolorum
3671 1773 3746 1828 alé

2161 1881 2275 1928 tare
2305 1893 2318 1928 :
2354 1871 2750 1938 inscriptionem
2796 1868 3009 1939 reperit
3041 1883 3160 1939 quae
3199 1871 3277 1923 sic
3311 1866 3526 1931 habuit,
3553 1866 3756 1922 Iaso-ro

2163 1965 2276 2020 Deo
2306 1964 2444 2030 (Act.
2475 1965 2559 2018 l7.
2589 1962 2681 2032 25)
2713 1983 2727 2018 :
2759 1976 2930 2031 neque
2959 1957 3532 2030 pneteriit,’sed'hujns
3562 1958 3748 2011 inscri-

2160 2054 2359 2127 ptionis
2401 2054 2586 2109 altaris
2630 2068 2791 2122 opera
2834 2053 3008 2122 ipsum
3035 2051 3204 2106 altare
3232 2050 3511 2105 subvertit.
3553 2050 3751 2106 Paulus

2163 2148 2254 2203 ille
2279 2157 2514 2210 sanctus,
2544 2146 2630 2216 qui
2661 2144 2890 2215 Spiritus
2913 2144 3138 2214 gratiam
3166 2142 3417 2208 habebat;
3441 2141 3624 2196 altaris
3663 2142 3749 2196 ine

2163 2241 2504 2317 scriptionem
2545 2255 2650 2294 non
2681 2239 2966 2309 prmtet‘iit',
2989 2246 3044 2293 et
3071 2247 3124 2291 ιιι
3146 2236 3541 2305 Scripturarnm
3569 2235 3758 2290 titulos

2165 2333 2439 2402 praeteris?
2458 2333 2549 2388 Ille
2570 2332 2709 2402 quod
2718 2331 3083 2386 Athenienses
3100 2328 3746 2398 idololatraescripserant;

2165 2439 2271 2478 non
2300 2423 2503 2487 omisit,
2524 2433 2584 2479 et
2601 2433 2656 2478 tu
2685 2439 2804 2492 quae
2829 2421 3060 2492 Spiritus
3086 2429 3304 2476 sanctus
3331 2421 3542 2489 scripsit
3567 2435 3741 2474 neces-

2163 2516 2300 2568 saria
2345 2529 2465 2570 esse
2513 2529 2617 2569 non
2666 2515 2898 2569 censes?
2927 2513 3039 2582 Qua
3082 2512 3301 2568 tandem
3346 2513 3498 2567 venia
3555 2512 3759 2582 dignus-

2163 2603 2317 2661 cris?
2350 2608 2538 2660 Verum
2567 2604 2709 2660 enim
2735 2620 2862 2659 vero
2889 2612 3144 2674 quantam
3177 2603 3448 2674 pepererit
3471 2603 3747 2658 utilitatem

2167 2696 2282 2751 haec
2322 2696 2595 2765 inscriptio
2631 2696 2926 2752 videamus.
2953 2696 3084 2752 Cum
3110 2711 3239 2766 ergo
3259 2695 3410 2750 altari
3438 2695 3762 2765 insculptam

2165 2787 2565 2857 inscriptionem
2602 2796 2800 2842 tantam
2840 2786 3037 2842 videris
3075 2787 3456 2857 suppeditasse
3477 2785 3763 2850 virtutemr

2167 2878 2333 2934 multo
2359 2879 2528 2948 magis
2555 2894 2585 2933 a
2610 2879 3004 2949 Scripturarnm
3030 2877 3464 2948 i'nscriptibnibns
3499 2877 3553 2931 id
3571 2879 3750 2946 perlici

2173 2986 2332 3040 posse
2362 2971 2649 3041 intelliges.
2678 2972 2954 3041 ingressus
2979 2979 3062 3028 est
3091 2970 3279 3025 urbem
3307 2971 3522 3035 Paulus,
3556 2970 3761 3025 invenit

2167 3063 2354 3126 altare,
2381 3063 2466 3117 cui
2488 3072 2599 3117 erat
2629 3060 2942 3131 inscriptum
2972 3060 3155 3133 Ignoto
3186 3060 3313 3116 Deo.
3335 3061 3472 3129 Quid
3497 3061 3591 3116 init
3616 3077 3761 3132 opus

2169 3155 2308 3207 laeto
2332 3153 2358 3207 ἲ
2384 3151 2623 3207 Gentiles
2645 3160 2800 3207 erant
2829 3167 3038 3218 omnes,
3071 3151 3217 3221 impii
3247 3167 3436 3207 omnes
3460 3173 3474 3208 :
3504 3151 3627 3222 quid
3658 3151 3769 3221 igi'

2170 3253 2254 3299 tur
2285 3244 2582 3299 faciendum
2624 3242 2764 3299 fuit?
2796 3239 3186 3314 DeEvangeliis
3229 3243 3388 3298 verba
3433 3243 3647 3298 facere?
3686 3247 3766 3298 At:

2167 3351 2192 3392 s
2220 3337 2610 3392 .bsannassent.
2638 3336 2774 3391 Num
2819 3335 2889 3391 de
2922 3335 3299 3406 prephetarum
3344 3335 3493 3390 libris
3517 3376 3531 3400 ,
3559 3335 3642 3388 vel
3685 3336 3755 3389 de

2168 3428 2300 3500 legis
2322 3427 2586 3483 mandatis
2609 3428 2723 3482 fAt
2744 3443 2848 3482 non
2870 3427 3245 3483 credidissent.
3277 3426 3412 3492 Quid
3433 3441 3561 3497 ergo
3591 3426 3714 3480 fecit
3731 3427 3772 3479 Τ

2169 3519 2413 3574 Accurrit
2435 3518 2503 3574 ad
2541 3519 2728 3581 altare,
2751 3527 2805 3574 et
2842 3519 2954 3573 suis
2979 3517 3401 3588 ipsorum-armis
3425 3517 3607 3571 hostes
3627 3518 3756 3570 sufi-

2169 3611 2297 3678 egit.
2330 3612 2501 3679 Atque
2543 3609 2645 3664 hoc
2682 3608 2819 3663 illud
2851 3619 2934 3664 est
2970 3608 3122 3680 quod
3150 3607 3352 3664 dicebat
3375 3649 3404 3674 ,.
3425 3606 3615 3659 Factus
3640 3624 3754 3660 sinu

2170 3701 2400 3755 omnibus
2423 3701 2612 3767 omnia,
2640 3699 2838 3755 ludatis
2877 3709 3132 3770 tamquam
3155 3698 3401 3764 Judteus,
3433 3697 3492 3750 iis
3523 3697 3608 3766 qui
3647 3698 3756 3749 sine

2169 3792 2278 3859 lege
2309 3801 2482 3856 erant,
2517 3801 2770 3860 tamquam
2807 3790 2917 3844 sine
2958 3787 3065 3859 lege
3101 3805 3257 3844 essent
3292 3790 3309 3857 (
3338 3789 3389 3842 ί.
3418 3785 3539 3842 Cbr.
3561 3787 3595 3842 9
3639 3785 3751 3846 ει).

2171 3883 2316 3938 Vidit
2353 3885 2552 3949 altare,
2583 3882 2714 3938 vidit
2743 3882 3142 3952 inscriptionem
3169 3923 3183 3941 .
3221 3879 3507 3935 insurrein
3534 3879 3752 3946 Spiritu.

2171 3978 2313 4032 Talis
2332 3977 2474 4032 enim
2496 3987 2576 4032 est
2598 3976 2826 4047 Spiritus
2852 3976 3019 4047 gratia
3047 3996 3060 4032 :
3089 3975 3254 4029 efficit
3292 3982 3347 4026 ut
3390 3972 3477 4041 qui
3518 3986 3633 4025 eam
3665 3985 3753 4021 ru-

2169 4069 2408 4136 ccperint
2431 4109 2446 4132 ,
2478 4067 2713 4137 undique
2743 4067 2946 4121 lucrum
2974 4064 3266 4134 colligant;
3299 4061 3424 4115 talia
3457 4069 3580 4114 sunt
3604 4074 3750 4112 arma

2173 4167 2353 4212 nostra
2382 4157 2696 4227 spiritualia.
2726 4155 2792 4210 In
2821 4156 3157 4224 captivitatem
3187 4152 3351 4217 enim,
3397 4150 3584 4219 inquit,
3615 4149 3751 4200 redi"-

2169 4261 2336 4322 gcnm
2363 4266 2558 4303 onmem
2597 4248 2908 4304 intellectum
2933 4248 2985 4302 iu
3012 4245 3300 4313 obsequium
3325 4241 3513 4299 Christi
3539 4242 3612 4310 (ξ.
3633 4238 3754 4294 Cor.

2171 4345 2258 4399 ιο.
2289 4341 2389 4416 5).
2426 4343 2565 4398 Vidit
2600 4357 2728 4413 ergo
2769 4342 2960 4408 altare,
3005 4354 3103 4395 nec
3131 4334 3517 4398 reformidavit,
3545 4332 3646 4387 sed
3688 4332 3753 4385 ad

2169 4437 2402 4506 seipsum
2453 4436 2621 4492 altare
2652 4435 2881 4491 traduxit
2909 4453 2922 4488 :
2957 4433 3044 4488 vel
3088 4432 3261 4502 potius
3296 4429 3508 4486 omissis
3550 4427 3753 4491 litoris,

2169 4529 2285 4599 ejus
2310 4545 2525 4585 sensum
2549 4528 2922 4583 transmutavit
2945 4548 2958 4583 :
2982 4535 3038 4582 et
3064 4523 3511 4597 quemadmodum
3540 4522 3590 4575 in
3615 4520 3756 4574 bcll'o

2167 4620 2272 4675 dux
2303 4621 2570 4676 exercitus
2594 4621 2648 4675 si'
2663 4633 2982 4690 generosum
3010 4616 3230 4671 militem
3260 4615 3310 4670 in
3337 4613 3511 4668 hostili
3544 4612 3656 4666 acie
3688 4611 3758 4663 vi-

2168 4711 2341 4775 derit,
2373 4717 2432 4765 et
2471 4724 2622 4765 coma
2669 4709 2987 4779 prehensum
3026 4705 3093 4762 ad
3137 4704 3306 4760 aciem
3355 4703 3575 4758 militem
3608 4701 3756 4755 illum

2171 4801 2537 4865 transtulerit,
2570 4811 2730 4870 atque
2772 4808 2835 4853 ut'
2869 4813 2965 4869 pro
3001 4811 3062 4852 se
3105 4804 3344 4869 pugnet,
3375 4793 3612 4850 effecerit
3640 4813 3653 4848 :
3685 4793 3756 4845 ita

2169 4910 2379 4965 quoque
2408 4893 2600 4948 Paulus
2643 4892 2787 4962 egit,
2817 4905 2937 4945 cum
2980 4901 3248 4957 tamquam
3291 4887 3344 4942 in
3383 4887 3612 4941 hostium
3643 4885 3758 4938 acie

2171 4986 2572 5054 inscriptionem
2599 4981 2753 5036 altari
2784 4980 3098 5051 insculptam
3128 4977 3474 5042 offendisset,
3505 4975 3572 5030 ad
3605 4989 3753 5027 suam

2169 5077 2337 5130 aciem
2369 5072 2659 5140 transtulit,
2687 5081 2745 5126 ut
2772 5071 3030 5126 adversus
3055 5068 3406 5124 Athenienses
3432 5082 3550 5120 cum
3595 5064 3760 5119 Panl'o

2169 5176 2460 5240 pugnaret.
2494 5179 2598 5220 non
2635 5180 2754 5219 cum
2803 5162 3215 5217 Atheniensibus
3261 5158 3481 5214 Paulum
3515 5170 3760 5227 percute-

2171 5271 2253 5316 ret
2286 5281 2300 5316 :
2329 5259 2536 5330 gladius
2560 5259 2702 5313 enim
2729 5266 2843 5311 erat
2873 5255 3312 5318 Atheniensium,
3336 5251 3480 5306 ensis
3506 5259 3620 5305 erat
3656 5249 3758 5301 lin-

2170 5351 2329 5405 stium
2377 5350 2462 5404 illa
2521 5349 2833 5418 inscriptio:
2865 5345 2957 5402 sed
3005 5343 3099 5401 hic
3138 5345 3284 5399 ensis
3322 5343 3554 5398 hostium
3598 5351 3768 5407 caput

2170 5442 2480 5512 amputavit.
2511 5440 2625 5495 Non
2659 5441 2730 5494 ita
2757 5437 2998 5494 mirabile
3024 5436 3245 5498 fuisset,
3269 5436 3311 5490 si
3333 5435 3454 5506 quis
3477 5433 3639 5502 ipsius
3672 5445 3760 5484 ar-

2172 5535 2273 5589 mis
2299 5549 2394 5589 eos
2421 5533 2707 5589 devicisset
2734 5551 2748 5587 :
2779 5530 2881 5586 hoc
2915 5530 3058 5586 enim
3084 5528 3278 5584 merito
3304 5525 3498 5581 accidit
3527 5544 3540 5580 :
3573 5537 3753 5576 verum

2173 5624 2299 5680 illud
2329 5639 2522 5678 novum
2563 5630 2723 5678 estet
2749 5620 3006 5685 insolens,
3031 5634 3152 5674 cum
3181 5617 3408 5672 hostium
3439 5630 3584 5670 arma
3617 5623 3754 5666 unn-

2177 5731 2332 5787 quam
2357 5713 2633 5773 machinas
2663 5711 2904 5769 hostibus
2928 5709 3273 5766 admovemus
3296 5747 3315 5778 ,
3340 5721 3460 5763 cum
3503 5703 3708 5777 gladius
3728 5741 3745 5768 ,
