4054 6216
490 348 565 406 ιη
1213 328 1270 384 S.
1310 329 1596 387 JOANNIS
1635 328 2115 387 CIIBYSOSTOMI
2156 333 2477 393 ARCIIIEP.
2514 337 3061 404 CONSTANTINOP.
3698 335 3761 393 Ἠ

560 460 625 514 δ’.
645 454 879 527 Τοιαύτη
908 453 1014 525 γάρ
1036 452 1181 526 ήτοῦ
1201 450 1342 506 Πνεύ
1350 467 1518 522 ματος
1531 449 1780 521 δύναμις.
1804 447 1961 503 οὕτω
1976 444 2071 501 καὶ

491 542 526 596 6
564 538 726 595 Δαυῖδ
772 537 996 609 ἐποίησέ
1041 551 1207 589 ποτεο
1238 534 1429 606 ἐξῆλθε
1470 532 1679 603 γυμνὸς
1723 530 1832 586 τῶν
1875 527 2076 591 ὅπλων,
2109 581 2133 611 ⁸

498 625 583 678 ἵνα
608 624 749 693 φανῇ
772 620 957 691 γυμνὴ
987 621 1021 691 ή
1042 618 1136 673 τοῦ
1160 616 1296 672 Θεοῦ
1321 617 1500 688 χάρις.
1527 614 1709 684 Μηδὲν
1733 612 1860 686 γὰρ,
1890 610 2075 682 φησὶν,

496 704 833 777 ἀνθρώπινον
877 703 1038 768 ἔστω,
1082 703 1210 756 ὅταν
1263 701 1396 762 Θεὸς
1450 698 1593 770 ὑπὲρ
1641 698 1796 769 ήμῶν
1842 696 2073 767 πολεμῇ.

509 789 730 861 Ἐξῆλθε
766 788 945 842 τοίνυν
993 785 1199 858 γυμνὸς
1228 785 1338 838 τῶν
1386 784 1600 847 ὃπλων,
1635 782 1724 836 καὶ
1772 782 2077 853 κατήνεγκε

496 875 587 930 τδν
615 874 821 947 πύργον
852 873 1080 927 ἐκεῖνον.
1113 865 1248 925 Εἶτα
1276 867 1462 936 ἐπειδὴ
1497 867 1634 920 ὅπλα
1660 866 1759 919 οὐκ
1786 862 1917 935 εἶχε,
1949 865 2078 936 δρα-

500 957 616 1031 μὼν
640 958 856 1029 ἥρπασε
879 954 978 1023 τὴν
1011 954 1285 1025 μάχαιραν
1316 950 1409 1005 τοῦ
1442 949 1659 1013 Γολιὰθ,
1694 949 1788 1003 καὶ
1813 948 1952 1002 οὕτω
1979 948 2077 1031 τήν

497 1029 738 1111 κεφαλὴν
775 1039 998 1109 ἐξέτεμε
1020 1037 1118 1106 τὴν
1142 1036 1234 1089 τοῦ
1274 1034 1551 1106 βαρῦάρου
1573 1049 1586 1062 ’
1625 1031 1768 1086 οὕτω
1800 1032 1893 1085 καὶ
1927 1029 2077 1084 Παῦ-

495 1124 587 1187 λος
612 1122 868 1194 ἐποίησεν
905 1120 1000 1173 ἐπὶ
1031 1118 1125 1172 τοῦ
1156 1119 1577 1188 ἐπιγράμματος
1604 1114 1815 1169 τούτου.
1854 1114 1964 1168 Καὶ
1990 1114 2079 1167 ἵνα

504 1205 844 1275 σαφέστερος
893 1202 1118 1271 γένηται
1165 1203 1195 1254 6
1243 1199 1529 1271 :ﬁ;‘le1;;
1564 1198 1787 1270 :961:0;.
1830 1197 1922 1250 καὶ
1978 1196 2078 1268 τὴν

495 1274 723 1360 δύναμιν
756 1274 895 1358 ύμῖν
944 1285 1038 1339 τοῦ
1084 1284 1504 1355 ἐπιγράμματος
1546 1281 1674 1353 ἐρῶ.
1727 1274 1866 1352 Εὗρε
1899 1280 2078 1335 τοίνυν

495 1375 525 1427 6
555 1370 766 1433 Παῦλος
817 1372 876 1423 ἐν
916 1368 1171 1438 Ἀθήναις
1220 1366 1405 1437 βωμὸν
1428 1407 1444 1430 ,
1496 1367 1555 1419 ἐν
1604 1361 1650 1433 ᾧ
1698 1366 2078 1435 ἐπεγέγραπτο

510 1454 817 1523 ’Λγνώστῳ
851 1449 993 1516 Θεῷ.
1026 1450 1122 1514 Τίς
1155 1450 1212 1503 δὲ
1237 1445 1308 1521 ἦν
1346 1451 1376 1502 6
1407 1447 1789 1517 ἀγνοούμενος,
1829 1448 1947 1501 ἀλλ’
1983 1448 2016 1518 ἦ
2048 1449 2077 1500 6

497 1536 731 1607 Χριστός
750 1552 766 1599 ;
790 1530 942 1597 Εἶδες
975 1532 1092 1596 πῶς
1109 1530 1519 1603 ἐξῃχμαλώτισε
1536 1532 1597 1584 :6
1613 1532 1959 1608 ἐπίγραμμα,
1978 1531 2076 1585 οὐκ

497 1618 590 1671 ἐπὶ
629 1616 782 1688 κακῷ
823 1615 930 1669 τῶν
956 1614 1306 1686 γραψάντων,
1344 1613 1458 1667 ἀλλ’
1489 1614 1581 1666 ἐπὶ
1622 1614 1865 1685 σωτηρίᾳ
1899 1612 2077 1666 αὐτῶν

497 1702 591 1756 καὶ
626 1698 890 1769 προνοίᾳ;
937 1698 1004 1750 Τί
1044 1693 1255 1762 οῦν;οἱ
1294 1694 1567 1764 Ἀθηναῖοι
1607 1694 1695 1747 διά
1722 1695 1814 1748 τὸν
1845 1694 2078 1766 Χριστὸν

498 1784 742 1854 ἔγραψαν
770 1781 950 1848 τοῦτο,
978 1781 1180 1852 φησίν;
1219 1781 1284 1837 Εί
1312 1780 1402 1833 διά
1427 1780 1518 1835 τὸν
1556 1780 1791 1852 Χριστὸν
1833 1779 2077 1851 ἔγραψαν

496 1868 547 1918 οἰ
578 1864 878 1935 Ἀθηναῖοι,
892 1865 992 1917 οὐκ
1008 1858 1077 1936 ἦν
1101 1860 1244 1916 οῦτω
1268 1861 1606 1932 θαυμαστόν·
1626 1862 1762 1916 ἀλλά
1783 1861 1940 1915 τοῦτό
1962 1866 2076 1917 ἐστι

497 1950 559 2002 :6
595 1946 928 2019 θαυμαστὸν,
957 1948 1039 2001 ὅτι
1069 1948 1266 2000 ἐκεῖνοι
1294 1945 1393 2016 μὲν
1419 1943 1592 2008 ἄλλως
1625 1944 1889 2015 ἔγραψαν,
1923 1939 2077 2010 οὗτος

495 2034 553 2087 δὲ
593 2033 814 2103 ίσχυσεν
847 2030 1023 2094 ἄλλως
1051 2030 1185 2085 αὐτὸ
1231 2028 1577 2100 μεταϐαλεῖν.
1605 2029 1876 2101 Πρότερον
1905 2029 2076 2098 ἀναγ-

496 2121 654 2173 καῖον
711 2119 888 2170 εἰπεῖν
934 2114 1080 2179 τίνος
1132 2114 1319 2168 ἕνεκεν
1372 2117 1421 2169 οί
1484 2114 1754 2186 Ἀθηναῖοι
1805 2113 2073 2185 ἔγραψαν,

510 2197 819 2269 ’.ἀγνώστῳ
848 2195 992 2262 Θεῷ.
1010 2198 1166 2261 Τίνος
1194 2188 1286 2250 οὖν
1308 2198 1496 2251 ἐνεκεν
1532 2196 1812 2267 ἐγραψανς
1843 2196 2076 2259 Πολλοὺς

495 2277 642 2352 εἶχον
690 2280 846 2345 θεοὺς
897 2281 1118 2346 ἐκεῖνοι,
1163 2278 1364 2349 μᾶλλον
1403 2279 1461 2332 δὲ
1508 2279 1738 2342 πολλοὺς
1776 2278 2038 2350 δαίμονας
2055 2297 2072 2311 ⁸

478 2362 728 2429 ,Πάντες
753 2362 863 2434 γὰρ
894 2365 948 2419 οἱ
978 2361 1100 2416 θεοὶ
1124 2360 1242 2417 τῶν
1262 2361 1452 2418 ἐθνῶν
1481 2361 1775 2431 δαιμόνια.
1798 2357 1956 2432 Εἶχον
1984 2363 2076 2417 καί

498 2448 850 2517 ἐπιχωρίους,
890 2446 986 2500 καὶ
1033 2445 1236 2511 ξένους.
1285 2445 1480 2516 ὐρᾶτε
1518 2447 1642 2509 ὅσος
1678 2447 1708 2498 6
1738 2446 2072 2514 κατάγελως.

501 2530 564 2584 ΕΞ
592 2530 700 2601 γὰρ
737 2529 870 2592 Θεός
899 2530 1069 2588 ἐστιν,
1102 2528 1206 2581 οὐκ
1244 2527 1361 2581 ἔστι
1392 2528 1572 2594 ξένοςο
1616 2528 1716 2597 τῆς
1746 2527 1856 2600 γάρ
1895 2530 2075 2583 οἰκου-

503 2613 675 2684 μένης
721 2613 938 2682 ἀπάσης
972 2611 1252 2679 Δεσπότης
1292 2610 1430 2665 ἐστί.
1470 2610 1686 2664 Τούτων
1724 2611 1904 2665 τοίνυν
1949 2612 2075 2676 τοὺς

503 2696 602 2764 μὲν
632 2694 783 2765 παρὰ
816 2693 1065 2765 πατέρων
1085 2688 1228 2763 εἶχον
1256 2691 1561 2762 δεξάμενοι,
1592 2694 1718 2756 τοὺς
1745 2693 1802 2746 δὲ
1830 2693 1940 2747 61:6
1964 2694 2074 2748 τῶν

485 2777 729 2847 ,πλησίον
757 2776 947 2836 ἐθνῶν,
981 2771 1091 2829 οἷον
1117 2775 1226 2830 61:6
1272 2775 1512 2841 Σκυθῶν,
1542 2776 1650 2830 ἀπὸ
1674 2776 1927 2848 Θρᾳκῶν,
1965 2777 2075 2832 61:6

499 2852 842 2928 Αἰγυπτίων*
865 2859 959 2912 καὶ
980 2861 1029 2912 εί
1054 2858 1154 2929 τῆς
1179 2858 1376 2925 ἔξωθεν
1404 2858 1737 2923 παιδεύσεως
1759 2856 1858 2931 ἦτε
1884 2860 2075 2930 ἔμπει-

503 2958 606 3012 ροι,
630 2943 723 2994 καὶ
745 2939 948 3004 ταύτας
975 2940 1041 2993 ἂν
1066 2940 1194 3011 ύμῖν
1220 2940 1461 3008 ἀνέγνων
1486 2941 1583 3004 :6;
1608 2941 1847 3013 ἱστορίας
1868 2943 2070 3005 πάσας.

514 3024 663 3075 Ἐπεὶ
698 3019 790 3076 οὖν
817 3023 917 3076 οὐκ
950 3022 1008 3088 ἐξ
1029 3022 1203 3094 ἀρχῆς
1242 3023 1451 3086 πάντας
1469 3022 1736 3090 ἐδέξαντο,
1764 3024 1899 3078 ἀλλὰ
1933 3025 2074 3079 κατά

503 3104 700 3177 μικρὸν
738 3105 1134 3175 εἰσηνέχθησαν
1168 3106 1369 3170 αὐτοῖς,
1398 3107 1449 3159 οἰ
1491 3107 1589 3175 μὲν
1618 3108 1710 3160 ἐπὶ
1753 3107 1863 3161 τῶν
1904 3107 2071 3162 πατέ-

501 3205 628 3258 ρων,
668 3189 715 3241 οἱ
744 3187 801 3240 δὲ
833 3187 925 3240 ἐπὶ
962 3188 1062 3259 τῆς
1092 3190 1286 3256 γενεᾶς
1336 3188 1437 3258 τῆς
1467 3189 1697 3254 ἑαυτῶν,
1730 3190 2072 3255 συνελθόντες

499 3265 651 3325 εἶπον
680 3270 817 3341 πρὸς
845 3269 1107 3341 ἀλλήλους
1125 3288 1138 3301 ’
1160 3274 1244 3327 ὅτι
1261 3270 1475 3343 ’Ὥσπερ
1496 3269 1718 3335 τούτους
1746 3274 2068 3343 ἠγνοοῦμεν,

498 3354 684 3421 φασὶν,
714 3352 906 3407 ἔπειτα
941 3351 1168 3424 ὕστερον
1198 3352 1392 3415 αὐτοὺς
1437 3353 1737 3424 ἐδεξάμεθα
1780 3356 1874 3408 καὶ
1904 3358 2071 3425 ὲγνω-

500 3436 749 3510 ρίσαμεν,
786 3434 928 3487 οὕτω
964 3435 1373 3504 συμϐαίνεικαὶ
1412 3434 1569 3488 ἀλλον
1597 3432 1737 3490 εἶναι
1774 3439 2070 3510 ἀγνοούμε-

497 3534 606 3578 νον,
632 3507 725 3570 κάι
744 3517 872 3570 δντα
899 3518 998 3587 μὲν
1016 3517 1172 3577 Θεὸν.
1189 3518 1250 3570 ού
1275 3518 1672 3589 γνωριζόμενον
1696 3519 1753 3574 δὲ
1774 3522 1862 3590 ὑφ’
1883 3526 1915 3593 ή
1925 3507 2067 3593 μῶν·

486 3594 592 3651 ’καὶ
613 3599 699 3651 διὰ
727 3599 883 3651 τοῦτο
907 3597 1161 3653 λανθάνει
1199 3598 1586 3670 ἀμελούμενος,
1618 3602 1713 3653 καὶ
1747 3603 1880 3675 μηδέ
1909 3604 2070 3675 θερα-

499 3679 817 3748 πευόμενος.
855 3679 921 3733 Τί
955 3676 1048 3734 οὖν
1102 3680 1189 3733 ἵνα
1228 3680 1481 3752 γένηται;
1533 3682 1804 3755 Ἔστησαν
1863 3684 2066 3755 βωμὸν,

497 3763 594 3817 καὶ
629 3762 897 3835 ἔγραψαν,
923 3764 1225 3833 Ἀγνὼστῳ
1257 3763 1398 3830 Θεῷ,
1417 3765 1572 3818 τοῦτο
1593 3765 1839 3835 λέγοντες
1866 3769 1952 3823 διὰ
1972 3771 2066 3825 τοῦ

496 3847 916 3916 ἐπιγράμματος
935 3862 949 3877 ο
970 3845 1050 3898 δτι
1073 3845 1184 3900 Καὶ
1202 3847 1257 3900 εῐ
1271 3847 1352 3912 τίς
1377 3849 1491 3901 ἐστι
1517 3848 1635 3913 θεὸς
1650 3850 1835 3923 ἔτερος
1859 3852 2069 3910 οὐδέπω

496 3928 816 4000 γνωρισθεὶς
840 3930 990 4000 ἡμῖν,
1010 3931 1258 3983 κάκεῖνον
1282 3930 1726 4002 θεραπεύσωμεν.
1743 3934 1881 4006 Ὅρα
1909 3941 2071 4010 ὑπερ-

488 4012 658 4083 ϐολὴν
685 4012 1128 4083 δεισιδαιμονίας.
1154 4013 1254 4067 Διά
1280 4012 1437 4067 τοῦτο
1473 4016 1501 4068 6
1534 4014 1743 4079 Παῦλος
1768 4018 2067 4092 ἀρχόμενος

495 4093 599 4165 ἔφη
626 4136 640 4160 ,
675 4094 835 4149 Κατὰ
870 4094 1066 4148 πάντα
1108 4095 1190 4160 ὡς
1231 4094 1880 4167 δεισιδαιμονεστέρους
1912 4103 2067 4171 ὑμᾶς

495 4176 641 4244 ὁρῶο
675 4177 735 4229 ού
779 4177 889 4246 γὰρ
921 4179 1047 4240 τοὺς
1083 4177 1393 4248 γνωρίμους
1439 4181 1566 4249 ὑμῖν
1593 4180 1853 4250 δαίμονας
1900 4183 2064 4255 θερα-

495 4258 900 4335 πεύετε-μόνον,
945 4259 1108 4335 ἀλλάΔ
1125 4261 1220 4335 καὶ
1262 4261 1401 4335 τοὺς-
1425 4262 1636 4335 ούδέπω
1666 4266 2066 4335 γνωρισθέντας

497 4330 646 4399 ύμῖν.
689 4330 917 4382 Ἐκεῖνοι
947 4330 1045 4399 μὲν
1084 4329 1172 4382 διά
1198 4329 1356 4383 τοῦτο
1386 4329 1725 4401 ἐπέγραψαν,

498 4412 640 4478 Θεῷ,
674 4414 702 4465 6
759 4412 816 4465 δὲ
854 4411 1064 4475 Παῦλος
1104 4413 1465 4484 ήρμήνευσεν.
1504 4415 1565 4466 υί
1614 4414 1715 4483 μὲν
1751 4416 1859 4488 γάρ
1908 4419 2065 4475 τοῦτο

494 4497 624 4568 περὶ
647 4496 822 4551 ἀλλων
858 4493 973 4567 [57]
1006 4495 1225 4563 ελεγον,
1265 4495 1427 4560 αὐτὸς
1462 4496 1519 4549 δὲ
1565 4497 1697 4551 αὐτὸ
1734 4501 2064 4574 μετέστησεν

495 4577 585 4630 ἐπὶ
625 4579 716 4630 τὸν
748 4576 1006 4646 Χριστὸν.
1040 4578 1445 4648 αἰχμαλωτίσας
1472 4580 1531 4633 :6
1567 4581 1773 4653 νόημα,
1807 4584 1900 4637 καὶ
1942 4586 2062 4656 μεθ’

495 4662 687 4716 ἐαυτοῦ
718 4664 922 4733 στήσας
949 4664 1007 4716 ὲν
1035 4666 1099 4733 τῇ
1137 4664 1439 4735 παρατάξει
1465 4670 1530 4739 τῇ
1563 4669 1755 4723 ἑαυτοῦ
1775 4687 1790 4702 ·
1820 4674 1928 4726 Ὃν
1949 4674 2062 4744 γὰρ

493 4746 853 4815 ἀγνοοῦντες
886 4748 1183 4804 εὐσεϐεῖτε
1220 4752 1406 4820 ὑμεῖς,
1439 4754 1656 4808 τοῦτον
1691 4758 1805 4826 ἐγὼ
1845 4776 2061 4831 κατατε

493 4832 728 4903 γέλλω,
776 4833 975 4904 φησὶνσ
1029 4836 1305 4903 ἄγνωστος
1349 4839 1456 4913 γάρ
1503 4839 1634 4904 Θεὸς
1676 4843 1851 4908 οὐδεὶς
1905 4847 2062 4914 ἄλλος

494 4916 640 4970 ἐστὶν
673 4916 706 4988 ἢ
750 4917 779 4969 6
818 4918 1074 4988 Χριστός.
1115 4921 1225 4974 Καὶ
1262 4922 1362 4993 ὅρα
1406 4923 1619 4979 σύνεσιν
1662 4934 2056 5003 πνευματικήν.

497 5003 759 5074 Ἐμελλον
789 5003 938 5075 αύτῷ
979 5006 1115 5076 μετά
1150 5007 1321 5061 ταῦτα
1352 5010 1621 5079 ἐγκαλεῖν,
1666 5008 1749 5065 ὅτι
1774 5012 2061 5082 Ξενίζοντα

494 5091 765 5163 εἰσφέρεις
811 5091 1059 5163 δόγματα
1089 5095 1169 5158 εἰς
1196 5095 1293 5160 τὰς
1322 5097 1491 5161 ἀκοὰς
1533 5101 1566 5170 ή
1577 5099 1722 5170 μῶν,
1752 5103 1835 5156 ὅτι
1876 5122 2059 5161 καινοκ

491 5180 797 5248 τομεῖς,ὅτι
821 5177 940 5232 θεὸν
969 5181 1263 5252 εἰσφέρεις,
1294 5183 1354 5236 ὃν
1389 5184 1487 5237 ούκ
1521 5187 1695 5257 ἴσμεν.
1730 5188 2059 5262 Βουλόμενος

490 5265 669 5319 τοίνυν
693 5267 1075 5337 ἀπαλλαγῆναι
1104 5269 1204 5339 τῆς
1239 5269 1474 5340 ὑποψίας
1513 5272 1609 5344 τῆς
1646 5276 1785 5329 κατά
1811 5276 1908 5348 τὴν
1938 5297 2060 5333 και-

490 5351 744 5422 νοτομίαν
770 5391 785 5417 ,
842 5356 937 5407 καὶ
974 5354 1144 5422 δεῖξαι
1187 5357 1267 5410 ὅτι
1305 5359 1364 5410 οὺ
1404 5355 1551 5423 ξένον
1603 5361 1860 5431 κηρύττει
1902 5364 2057 5432 θεὸν,

489 5434 604 5490 ἀλλ’
636 5436 695 5490 δν
742 5437 1101 5509 προλαϐόντες
1133 5440 1220 5495 διὰ
1265 5445 1364 5515 τῆς
1413 5442 1709 5518 θεραπείας
1753 5449 2055 5522 ἐτίμησαν,

489 5525 739 5595 ἐπήγαγε
767 5527 859 5580 καὶ
889 5522 1041 5582 εἶπεν
1059 5546 1075 5562 ο
1107 5530 1190 5583 6:1
1224 5533 1324 5586 Ὃν
1351 5534 1711 5603 ἀγνοοῦντες
1734 5539 2053 5604 εὐσεϐεῖτε,

489 5611 704 5697 τοῦτον
720 5612 834 5682 ἐγὼ
870 5616 1254 5686 καταγγέλλω
1303 5620 1463 5691 ὑμῖν.
1504 5622 1689 5695 Ὑμεῖς
1727 5642 1794 5695 με
1827 5627 2055 5697 προελά-

488 5693 639 5763 σετε,
692 5698 886 5770 φησίν·
924 5700 1364 5783 ἔφθασεν-ὐμῶν
1410 5711 1443 5780 ή
1502 5693 1767 5782 θεραπεία
1814 5693 1884 5765 τὸ*
1921 5714 2052 5784 ἐμὸν

2178 445 2460 518 κήρυγμα.
2508 444 2601 518 Μὴ
2630 444 2811 500 τοίνυν
2858 443 3143 514 ἐγκαλεῖτε
3163 483 3180 509 ,
3215 440 3301 497 6:1
3329 441 3482 510 ξενον
3526 443 3764 518 εἰσφέροι·

2176 541 2300 597 θεόν
2320 558 2335 572 ο
2383 540 2570 595 τοῦτον
2601 540 2712 612 γάρ
2748 539 3124 609 καταγγέλλω,
3155 538 3216 593 ὃν
3247 539 3407 610 ὑμεῖς
3442 537 3761 609 ἀγνοοῦντες

2174 635 2531 708 θεραπεύετε,
2560 635 2663 689 οὐκ
2681 635 2818 705 ἀξίῳ
2855 635 2955 706 μὲν
2983 633 3149 689 αὐτοῦ
3183 634 3393 707 τρόπῳ,
3428 635 3761 707 θεραπεύετε

2173 732 2233 786 δὲ
2267 735 2437 804 ὅμως.
2471 733 2544 786 Οὐ
2582 732 2695 803 γάρ
2736 729 2979 794 τοιοῦτος
3025 729 3208 801 βωμὸς
3240 729 3457 784 ἵσταται
3507 730 3590 802 τῷ
3628 732 3761 805 Χρι-

2179 829 2314 901 στῷ.
2350 829 2486 884 6116
2541 828 2726 900 βωμὸς
2775 828 3017 899 ἔμψυχος
3056 826 3152 881 καὶ
3198 828 3597 897 πνευματικός·
3646 829 3761 885 611‘

2175 926 2285 981 61:6
2306 924 2497 980 τούτου
2520 925 2665 996 ὑμᾶς
2689 925 2782 979 καὶ
2803 923 2938 996 1:96;
2956 923 3161 977 ἐκεῖνον
3184 921 3483 992 ἀναγαγεῖν
3503 922 3759 995 δύναμαι.

2176 1020 2332 1076 Οῦτω
2353 1020 2447 1075 καὶ
2484 1019 2726 1074 Ἰουδαῖοι
2739 1018 2801 1073 :6
2828 1017 3055 1073 παλαιὸν
3077 1016 3408 1089 ἐθεράπευον
3428 1033 3440 1052 '
3475 1017 3592 1072 ἀλλ’
3624 1021 3759 1073 ἀπέ-

2178 1133 2383 1182 στησαν
2414 1115 2524 1170 61:6
2572 1114 2673 1186 τῆς
2713 1114 3030 1185 σωματικῆς
3067 1112 3405 1184 θεραπείας,
3448 1115 3544 1168 καὶ
3598 1109 3760 1186 ἦλθον

2176 1214 2270 1268 ἐπὶ
2292 1213 2392 1286 τὴν
2427 1211 2809 1284 πνευματικὴν
2834 1211 2883 1264 οἰ
2912 1208 3299 1274 πιστεύσαντες
3330 1208 3590 1275 ἅπαντες.
3609 1207 3760 1276 Εἶδες

2177 1311 2370 1382 σοφίαν
2420 1308 2669 1374 Παύλου;
2722 1302 2863 1371 εἶδες
2908 1306 3152 1371 σύνεσιν;
3211 1301 3351 1371 εἶδες
3407 1304 3524 1371 πῶς
3561 1306 3759 1371 αὐτοὺς

2175 1407 2525 1481 ἐχειρώσατο,
2563 1407 2664 1459 οὐκ
2698 1405 2806 1459 61:6
2839 1401 3210 1472 Εύαγγελίων,
3259 1402 3359 1455 οὐκ
3392 1402 3502 1456 61:6
3542 1420 3758 1475 προφη-

2174 1505 2368 1569 τικῶν,
2389 1500 2527 1557 ἀλλὰ
2553 1500 2662 1555 61:6
2696 1499 3152 1571 ἐπιγράμματος;
3183 1498 3275 1569 Μὴ
3306 1496 3621 1569 παράτρεχε
3651 1500 3758 1553 τοι.

2176 1619 2291 1667 νυν,
2319 1597 2594 1671 ἀγαπητὴ
2623 1596 2722 1667 τὴν
2756 1595 3066 1669 ἐπιγραφὴν
3094 1593 3201 1648 τῶν
3242 1593 3402 1649 θείων
3427 1593 3622 1664 λογίων
3643 1611 3657 1627 ·
3688 1595 3758 1649 ἂν

2179 1698 2279 1772 μὲν
2316 1699 2494 1767 νήφῃς
2536 1694 2631 1749 καὶ
2668 1694 2968 1764 ἐγρήγορος
3001 1689 3088 1766 ᾖς,
3121 1693 3215 1746 καὶ
3237 1692 3296 1746 ὲν
3335 1691 3632 1763 ἀλλοτρίοις
3665 1693 3756 1747 εύ-

2178 1792 2387 1867 ρίσκεις
2414 1808 2466 1844 τι
2495 1790 2765 1861 χρήσιμον
2785 1802 2801 1818 ⁸
2840 1786 2906 1842 ἂν
2931 1786 2990 1841 δὲ
3023 1786 3264 1859 ῥᾴθυμος
3291 1786 3388 1842 καὶ
3425 1787 3752 1842 ἀναπεπτω-

2176 1888 2308 1952 κὼς,
2338 1887 2461 1942 οὐδὲ
2487 1887 2595 1941 ἀπὸ
2619 1887 2727 1940 τῶν
2753 1886 2912 1940 θείων
2941 1884 3173 1956 Γραφῶν
3198 1884 3350 1939 ἔσται
3380 1885 3464 1940 σοί
3492 1904 3545 1941 τι
3569 1885 3749 1940 πλέον.

2179 1985 2389 2055 Ὠσπερ
2410 1982 2520 2053 γὰρ
2561 1982 2590 2035 6
2623 1980 2778 2046 εἰδὼς
2809 1979 3129 2053 κερδαίνειν,
3165 1982 3499 2052 πανταχόθεν
3537 1981 3754 2053 κερδαί-

2173 2096 2254 2135 νει
2276 2094 2291 2110 ο
2323 2079 2467 2133 οὕτω
2492 2078 2586 2132 καὶ
2605 2079 2634 2131 6
2673 2076 2750 2148 μὴ
2772 2075 2949 2140 εἰδὼς,
2975 2076 3080 2130 κᾶν
3111 2076 3386 2148 θησαυρὸν
3411 2073 3571 2148 εὕρῃ,
3598 2076 3750 2138 κενὸς

2173 2176 2382 2230 ἄπεισι.
2427 2171 2692 2227 Βούλεσθε
2749 2173 2888 2225 εῐπω
2928 2173 3023 2226 καὶ
3048 2172 3234 2244 ἔτερόν
3263 2190 3317 2226 τι
3356 2171 3597 2226 τοιοῦτον
3625 2153 3777 2224 ἐπι-Γ

2172 2272 2434 2344 χείρημα,
2464 2270 2602 2340 ὅπερ
2623 2267 2781 2331 6110;
2805 2269 2903 2337 μὲν
2928 2268 3047 2339 μεθ’
3080 2267 3272 2339 ἐτέρας
3313 2265 3609 2337 ἐφθέγξατο
3630 2266 3749 2321 διας

2172 2367 2342 2433 νοίας,
2371 2367 2401 2419 6
2439 2364 2498 2418 δὲ
2523 2362 2920 2435 εύαγγελιστὴς
2948 2362 3086 2434 πρὸς
3120 2361 3310 2417 ἑαυτὸν
3345 2364 3608 2436 μετέθηκε
3640 2363 3748 2417 τῶν

2173 2461 2479 2536 εἰρημένων
2508 2458 2887 2530 τὴνδύναμινς
2917 2457 3128 2511 Οὐκοῦν
3156 2458 3451 2529 προσέχετε
3482 2457 3744 2531 ἀκριϐῶς,

2170 2560 2262 2614 ἴνα
2294 2557 2521 2630 μάθητε,
2564 2557 2647 2609 δτι
2688 2556 2942 2618 κάκεῖνος
2977 2553 3325 2626 ῂχμαλὼτισε
3359 2556 3421 2608 :6
3453 2556 3631 2627 νόημα
3668 2558 3748 2619 εἰς

2170 2656 2269 2727 τὴν
2301 2651 2548 2724 ὑπακοὴν
2588 2650 2683 2704 τοῦ
2722 2648 2994 2722 Χριστοῦ’
3046 2652 3132 2704 ἵνα
3181 2650 3410 2721 μάθητε,
3451 2651 3533 2705 ὅτι
3580 2654 3629 2705 εἰ
3678 2652 3747 2705 τὰ

2172 2750 2428 2822 ἀλλότρια
2455 2746 2877 2819 αἱχμαλωτίζειν
2905 2745 3203 2818 δυνάμεθα,
3241 2746 3420 2819 πολλῷ
3463 2745 3662 2817 μᾶλλον
3688 2749 3747 2800 ἐν

2171 2848 2283 2909 τοῖς
2337 2844 2558 2908 οἰκείοις
2608 2841 3060 2913 ἐμπορευσόμεθα
3104 2843 3197 2895 καὶ
3241 2841 3625 2914 κερδανοῦμεν.
3681 2843 3742 2894 ’0
3833 2910 3837 2914 _

2169 2941 2427 3010 Καϊάφας
2449 2937 2738 3010 ἀρχιερεὺς
2762 2932 2830 3009 ἦν
2852 2936 2947 2990 τοῦ
2971 2935 3219 2990 ἐνιαυτοῦ
3250 2937 3460 2991 ἐκείνου
3477 2954 3493 2970 ο
3521 2939 3614 2991 καὶ
3638 2938 3743 3009 γὰρ

2171 3037 2266 3091 καὶ
2308 3035 2466 3090 τοῦτο
2510 3034 2610 3106 τῆς
2672 3032 2967 3103 Ἰουδαϊκῆς
3010 3032 3228 3101 ἐγένετο
3271 3034 3568 3105 πονηρίαςο
3617 3050 3745 3087 κατ-

2170 3133 2403 3205 ῄσχυνω
2455 3131 2561 3202 γάρ
2609 3131 2670 3183 :6
2712 3128 2813 3199 τῆς
2863 3128 3163 3200 ἱερωσύνης
3214 3128 3467 3200 ἀξίωμα,
3504 3129 3743 3200 ὠνητοὺς

2170 3229 2494 3299 ποιήσαντες
2520 3224 2835 3297 ἀρχιερέας.
2862 3222 3211 3294 Ἐμπροσθεν
3239 3223 3295 3275 δὲ
3327 3224 3427 3295 οὐχ
3452 3224 3621 3286 οῦτως
3654 3215 3738 3291 ἦν,

2170 3323 2305 3378 6116
2336 3325 2403 3394 τῇ
2449 3321 2675 3391 τελευτῇ
2729 3321 2864 3391 μόνῃ
2915 3318 3207 3374 κατελύετο
3247 3320 3280 3392 ή
3339 3319 3606 3392 ἱερωσύνη
3647 3318 3742 3374 τοῦ

2168 3419 2472 3490 ἀρχιερέως
2494 3434 2508 3448 ·
2530 3416 2651 3470 τότε
2673 3415 2728 3468 δὲ
2750 3415 2844 3469 καὶ
2863 3415 3062 3480 ζῶντες
3091 3414 3423 3487 παρελύοντο
3440 3416 3539 3485 τῆς
3558 3416 3741 3486 τιμῆς.

2181 3510 2494 3581 ’Δρχιερεὺς
2524 3509 2702 3561 τοίνυν
2739 3506 2813 3559 ὢν
2846 3505 2940 3558 τοῦ
2980 3505 3230 3561 ἐνιαυτοῦ
3267 3505 3476 3558 ἐκείνου
3500 3509 3529 3559 6
3566 3506 3744 3560 Καϊά-

2169 3617 2295 3669 φας,
2340 3596 2651 3663 καθώπλιζε
2698 3596 2837 3650 κατὰ
2871 3595 2968 3649 τοῦ
2997 3597 3232 3668 Χριστοῦ
3268 3598 3394 3660 τοὺς
3433 3597 3741 3663 Ἰουδαίους,

2167 3688 2262 3742 καὶ
2296 3687 2478 3755 ἔλεγεν
2498 3704 2510 3717 ·
2552 3687 2740 3740 ὃτιδεί
2777 3685 2965 3740 τοῦτον
3004 3686 3321 3752 ἀποθανεῖν,
3356 3687 3604 3756 ἐγκαλεῖν
3642 3688 3742 3757 μὲν

2167 3778 2319 3833 οὐδὲν
2354 3778 2522 3849 ἔχων,
2567 3775 2833 3848 βασκανίᾳ
2875 3776 2932 3830 δέ
2987 3778 3304 3849 τηκόμενος.
3349 3778 3597 3832 Τοιοῦτον
3633 3778 3741 3848 γὰρ

2166 3870 2195 3922 6
2243 3868 2469 3940 φθόνος·
2518 3868 2626 3922 τῶν
2655 3866 2982 3939 εὐεργεσιῶν
3025 3868 3278 3934 τοιαύτας
3314 3870 3600 3924 ἀποδίδωσι
3642 3871 3741 3933 τὰς

2169 3959 2422 4031 ἀμοιϐάς.
2458 3959 2621 4013 Ὅθεν
2663 3959 2757 4012 καὶ
2803 3959 2901 4030 τὴν
2948 3961 3128 4015 αἰτίαν
3160 3961 3424 4021 διδάσκων
3469 3962 3569 4032 τῆς
3615 3963 3738 4014 ἐπι-

2169 4051 2384 4123 ϐουλῆς,
2426 4052 2613 4121 ἔλεγεο
2654 4049 2944 4121 Συμφέρει
2973 4052 3075 4106 ἵνα
3114 4048 3203 4119 εἷς
3232 4053 3542 4123 ἅνθρωπος
3591 4054 3739 4109 ἀπο-

2167 4141 2339 4208 θάνῃ,
2386 4141 2482 4194 καί
2519 4138 2605 4210 μὴ
2646 4139 2792 4193 ὅλον
2848 4140 2914 4194 τὸ
2947 4140 3123 4208 ἔθνος
3170 4143 3486 4210 ἀπόληται.
3534 4143 3737 4196 Τούτου

2165 4228 2256 4283 τοῦ
2288 4230 2527 4299 ῥήματος
2554 4230 2587 4298 ή
2617 4227 2847 4301 δύναμις
2875 4229 2974 4302 ὅρα
3010 4229 3125 4293 πῶς
3152 4229 3270 4299 μεθ’
3304 4230 3459 4300 ἡμῶν
3485 4230 3697 4299 ἐγένετο
3720 4245 3737 4260 ⁸

2166 4318 2255 4372 ἵνα
2305 4317 2481 4389 μάθῃς
2513 4317 2594 4370 ὅτι
2647 4320 2706 4372 :6
2752 4319 2851 4390 μὲν
2887 4322 3037 4390 ῥῆμα
3085 4315 3154 4391 ἦν
3197 4320 3293 4374 τοῦ
3340 4321 3544 4391 ἱερέως.
3590 4319 3651 4372 :6
3679 4320 3737 4373 δὲ

2163 4407 2341 4481 νόημα
2372 4407 2610 4479 ἠδυνήθη
2638 4409 2889 4477 γενέσθαι
2912 4409 3604 4480 πνευματικόν.Συμξ;έρει
3634 4411 3738 4463 ἵνα

2161 4495 2250 4565 εἷς
2281 4498 2590 4567 ἅνθρωπος
2604 4498 2898 4569 ἀποθάνῃ,
2923 4500 3021 4554 καί
3047 4499 3133 4569 μὴ
3164 4499 3450 4572 [5816λον
3468 4502 3533 4554 τὸ
3561 4502 3737 4566 ἔθνος

2161 4590 2478 4655 ἀπόληται.
2517 4589 2700 4644 Τοῦτο
2739 4590 2807 4644 δὲ
2843 4593 2953 4644 οὐκ
2984 4590 3195 4661 ἔλεγεν
3233 4592 3334 4660 ἀφ’
3361 4592 3599 4654 ἑαυτοῦ,
3631 4609 3737 4663 φη·-

2165 4684 2268 4747 σὶν,
2306 4683 2443 4736 ἀλλ’
2479 4681 2568 4735 ὅτι
2593 4682 2903 4751 ἀρχιερεὺς
2934 4679 3011 4753 ἦν
3036 4684 3140 4738 τοῦ
3166 4680 3443 4739 ἐνιαυτοῦ
3475 4684 3730 4747 ἐκείνου,

2161 4771 2635 4839 προεφήτευσεν,
2670 4773 2750 4824 δτι
2777 4772 2858 4824 δεῖ
2900 4772 2990 4826 τὸν
3036 4774 3268 4844 Χριστὸν
3310 4774 3627 4840 ἀποθανεῖν,
3668 4776 3731 4828 ού

2165 4864 2323 4932 μόνον
2385 4862 2525 4930 ὑπὲρ
2589 4862 2889 4925 Ἰουδαίων,
2950 4863 3086 4918 ἀλλά
3134 4865 3229 4918 καὶ
3261 4865 3402 4936 ὑπὲρ
3454 4866 3576 4921 ὅλου
3636 4867 3733 4920 τοῦ

2160 4951 2346 5016 ἔθνους
2366 4967 2380 4981 ⁸
2413 4952 2501 5006 διὰ
2532 4952 2691 5006 τοῦτο
2728 4953 2821 5005 καὶ
2849 4953 3055 5023 ἔλεγεν,
3084 4956 3165 5009 6:1
3191 4956 3483 5026 Συμςρέρει
3521 4958 3620 5010 ἵνα
3644 4952 3735 5023 εἷς

2159 5041 2471 5109 ἄνθρωπος
2507 5043 2799 5114 ἀποθάνῃ,
2841 5045 2939 5097 καὶ
2972 5045 3057 5115 μὴ
3101 5045 3251 5101 ὅλον
3281 5047 3348 5107 τι)
3376 5048 3551 5115 ἔθνος
3583 5049 3732 5103 ἀπό⁴

2157 5137 2354 5200 ληται.
2394 5128 2549 5198 Εἶδες
2589 5134 2817 5206 δύναμιν
2855 5134 3012 5204 Θεοῦ,
3045 5137 3165 5203 πῶς
3212 5138 3310 5211 τὴν
3346 5139 3593 5209 γλῶτταν
3622 5141 3732 5194 τῶν

2159 5223 2369 5294 ἐχθρῶν
2391 5225 2693 5294 ἀναγκάζει
2721 5227 2787 5281 τά
2816 5228 2954 5300 ὑπὲρ
2974 5228 3075 5300 τῆς
3106 5230 3365 5301 ἀληθείας
3396 5231 3607 5302 λέγειν;

2189 5344 2192 5349 ν
2227 5317 2286 5371 ε’.
2325 5320 2442 5373 ’Ἰνα
2469 5320 2568 5389 μὲν
2602 5316 2694 5375 οὖν
2719 5320 2790 5393 μὴ
2812 5325 3244 5396 παρατρέχωμεν
3280 5327 3378 5392 τὰς
3417 5326 3729 5399 ἐπιγραφὰς

2156 5399 2265 5454 τῶν
2296 5399 2455 5455 θείων
2489 5402 2741 5474 Γραφῶν,
2792 5404 3104 5477 ἀρκούντως
3143 5407 3318 5462 ταῦτα
3368 5413 3596 5482 εἴρηται.
3631 5410 3727 5465 ἐὰν

2160 5483 2535 5555 μνημονεύητε
2558 5502 2571 5516 ·
2604 5485 2902 5557 ἐϐουλόμην
2928 5487 2984 5541 δὲ
3012 5490 3206 5553 εἰπεῖν,
3229 5493 3322 5545 καὶ
3356 5493 3440 5556 τίς
3463 5497 3492 5548 6
3510 5493 3726 5564 γράψας

2155 5565 2217 5618 :6
2243 5565 2467 5636 βιϐλίον,
2491 5568 2587 5621 καὶ
2611 5569 2762 5629 πότε,
2785 5570 2880 5623 καὶ
2909 5571 3055 5634 τίνος
3081 5572 3265 5627 ἕνεκεν
3295 5573 3545 5644 ἔγραψεν.
3567 5575 3727 5630 Ἀλλά

2156 5648 2293 5711 τέως
2317 5649 2489 5702 ταῦτα
2523 5650 2840 5722 κατέχωμεν
2864 5668 2881 5685 ’
2909 5654 3093 5708 ἐκεῖνα
3121 5654 3179 5708 δέ
3205 5658 3284 5721 εἱς
3314 5658 3414 5729 τήν
3442 5657 3726 5728 ἐπιοῦσαν,

2157 5729 2254 5785 ἐὰν
2284 5732 2312 5783 6
2333 5730 2465 5794 Θεὸς
2501 5731 2647 5800 θέλῃ,
2684 5734 3054 5806 ἀποδώσομεν.
3088 5736 3354 5811 Βούλομαι
3385 5740 3494 5813 γὰρ
3536 5740 3724 5797 λοιπὸν
