4054 6216
363 315 438 370 73
979 305 1042 360 IN
1074 301 1599 362 INSCRIPTIONEM
1640 298 1935 356 ALTARIS

2059 299 2062 317 ⁵
2102 299 2167 356 ΙΝ
2207 298 2605 358 ΡΒΙΝΟΙΡΙΠΜ
2647 299 2997 360 ACTORUM.
3040 303 3080 358 ι.
3585 307 3652 363 74

365 438 526 494 quem
545 421 599 474 in
632 431 730 473 nos
754 425 985 488 gestant,
1016 416 1104 472 hic
1131 417 1236 472 illis
1261 415 1417 471 letale
1447 414 1637 468 vulnus
1673 412 1882 483 inﬂigit.

436 517 492 570 4.
525 511 862 579 Compuratur
888 509 1086 564 Paulus
1110 527 1223 562 rum
1251 507 1462 562 Doride.
1498 536 1568 546 —-
1597 505 1742 559 Talis
1757 504 1956 574 quippe
1997 570 2019 592 .

367 608 539 662 virtus
581 613 664 660 est
690 603 938 674 Spiritus.
973 602 1046 657 Ita
1092 601 1359 672 quondam
1388 600 1496 670 egit
1540 599 1699 653 etiam
1745 596 1957 651 David:

366 698 529 753 exivit
573 697 737 751 armis
768 695 963 760 nudus,
1017 702 1075 748 ut
1119 693 1258 747 nuda
1296 690 1464 761 gratia
1506 689 1599 744 Dei
1650 693 1954 757 appareret.

366 787 506 843 Nihil
533 788 699 850 enim,
733 785 922 856 inquit,
947 784 1236 839 humanum
1274 783 1363 848 sit,
1411 780 1624 852 quando
1670 792 1768 848 pro
1805 777 1957 831 nobis

368 890 567 952 pugnat
595 880 756 934 Deus.
791 878 968 932 Exivit
1002 891 1132 947 ergo
1159 875 1331 930 nudus
1357 875 1542 938 armis,
1574 882 1628 927 et
1677 869 1865 926 turrim
1893 868 1949 923 il-

370 973 474 1027 lam
499 970 715 1040 dejecit.
749 969 946 1025 Deinde
969 983 1089 1024 cum
1115 967 1281 1023 armis
1324 966 1611 1022 destitutus
1636 971 1800 1026 esset,
1829 977 1955 1017 cur-

369 1081 496 1120 rens
523 1063 755 1135 gladium
795 1061 1026 1118 Goliathi
1056 1060 1254 1130 rapuit,
1278 1068 1437 1129 atque
1466 1059 1536 1112 ita
1563 1056 1771 1112 barbari
1801 1061 1958 1123 caput

367 1156 662 1226 amputavit
689 1173 704 1210 :
737 1154 808 1208 ita
835 1166 1046 1224 quoque
1076 1150 1268 1204 Paulus
1294 1152 1345 1204 in
1369 1149 1468 1204 hac
1497 1147 1840 1217 inscriptione
1869 1144 1956 1200 fe-

369 1247 465 1301 cit.
496 1251 667 1315 Atque
714 1252 771 1298 ut
804 1241 1135 1298 manifestior
1163 1240 1252 1294 ﬁat
1273 1241 1507 1294 victoria:
1555 1238 1764 1304 modus,
1788 1237 1956 1291 virtu-

373 1349 482 1394 tem
503 1340 652 1394 vobis
672 1335 1028 1406 inscriptionis
1057 1333 1365 1389 declarabo.
1393 1332 1575 1386 Altare
1603 1331 1763 1400 igitur
1791 1329 1959 1384 Athe-

375 1436 460 1488 nis
488 1434 679 1489 Paulus
708 1432 945 1496 invenit,
973 1431 1059 1485 cui
1088 1429 1396 1499 inscriptum
1438 1434 1552 1481 erat
1571 1466 1586 1490 ,
1620 1423 1802 1495 Ignoto
1828 1423 1954 1477 Deo.

375 1527 504 1594 Quis
525 1538 698 1580 autem
723 1525 812 1579 ille
840 1525 1183 1593 erat'iguotus
1200 1563 1215 1587 ,
1239 1522 1339 1574 nisi
1359 1516 1637 1574 Christus?
1671 1515 1828 1572 Vides
1851 1530 1958 1585 quo

374 1631 526 1689 pacto
541 1617 936 1686 inscriptionem
959 1613 1262 1684 captivitate
1279 1611 1534 1676 liberarit,
1562 1624 1666 1662 non
1689 1617 1745 1660 ιιι
1762 1606 1958 1660 dainno

373 1708 610 1763 afﬁceret
633 1722 727 1762 eos
749 1707 837 1777 qui
860 1706 1206 1773 scripserunt,
1236 1703 1329 1756 sed
1346 1709 1402 1756 ut
1421 1715 1516 1756 eos
1541 1698 1717 1753 salvos
1734 1695 1956 1762 faceret,

374 1803 558 1870 eisque
595 1799 903 1869 prodesset?
923 1797 1060 1865 Quid
1091 1797 1287 1866 igitur?
1325 1810 1391 1848 an
1425 1799 1639 1862 propter
1663 1789 1953 1853 Christum,

373 1891 510 1946 dicet
554 1890 761 1960 aliquis,
803 1889 941 1943 istud
961 1889 1291 1957 scripserant
1332 1882 1724 1939 Athenienses?
1749 1879 1804 1936 Si
1834 1894 1957 1949 pro-

375 1992 489 2050 pter
513 1981 778 2034 Christum
805 1978 920 2034 Itth
949 1978 1302 2033 Athenienses
1323 1975 1682 2044 scripsissent,
1714 1985 1802 2026 res
1821 1968 1957 2024 adeo

374 2073 627 2125 mirabilis
647 2086 752 2125 non
799 2069 984 2126 fuisset
1011 2086 1226 2124 :veruin
1252 2068 1355 2123 hoc
1381 2076 1464 2123 est
1498 2064 1762 2131 mirabile,
1812 2061 1955 2132 quod

371 2164 443 2216 illi
469 2163 681 2232 quidem
723 2161 880 2216 aliter
907 2160 1236 2229 scripserint,
1287 2158 1373 2212 hic
1424 2169 1599 2212 autem
1631 2155 1786 2211 aliter
1827 2152 1955 2207 illud

371 2257 599 2324 potuerit
626 2257 929 2309 immutare.
952 2253 1140 2322 Opera:
1162 2251 1391 2321 pretium
1422 2260 1504 2305 est
1525 2250 1669 2318 prius
1693 2247 1951 2311 dicamus,

369 2363 471 2416 qua
503 2347 576 2400 de
624 2361 785 2400 causa
826 2343 1136 2412 scripserint
1180 2342 1552 2406 Atheuienses,
1604 2338 1786 2409 Ignoto
1825 2335 1950 2390 Deo.

371 2439 670 2502 Quamnam
722 2435 878 2506 igitur
918 2435 989 2488 ob
1028 2449 1241 2488 causam
1263 2431 1621 2501 scripserunt?
1655 2428 1844 2483 Multos
1880 2427 1955 2480 illi

374 2530 512 2582 Deos
541 2527 824 2592 habebant,
854 2528 936 2580 vel
979 2527 1152 2595 potius
1181 2525 1376 2578 multos
1419 2522 1690 2576 daemones
1720 2537 1734 2572 :
1769 2517 1956 2574 Omnes

369 2620 564 2688 quippe
588 2618 660 2669 dii
683 2618 904 2687 gentium
931 2615 1182 2669 dwmonia
1229 2614 1398 2680 (Psal.
1445 2613 1533 2669 95.
1563 2611 1654 2686 5
1680 2611 1957 2667 [iubebant

367 2718 421 2763 et
463 2709 662 2777 patrios
684 2715 741 2761 et
786 2706 1115 2776 peregrinos.
1163 2705 1364 2759 Videtis
1413 2715 1608 2774 quanta
1659 2703 1854 2758 irrisio.
1897 2703 1953 2759 Si

286 2813 289 2815 ·
367 2800 511 2853 enim
561 2799 699 2852 Deus
724 2805 826 2862 est,
877 2811 985 2851 non
1020 2806 1101 2851 est
1143 2795 1456 2866 peregrinus
1496 2813 1508 2849 :
1540 2794 1801 2864 siquidem
1833 2793 1954 2848 uni-

369 2889 507 2943 versi
554 2899 816 2942 terrarum
861 2888 1008 2942 orbis
1053 2895 1138 2942 est
1189 2887 1454 2943 dominus.
1489 2885 1758 2954 Quosdam
1795 2886 1954 2956 igitur

368 2981 588 3035 istorum
618 2980 750 3034 alios
772 2995 801 3033 a
835 2980 1070 3048 patribus
1098 2980 1207 3034 suis
1234 2988 1484 3048 acceptos
1512 2978 1797 3044 habebant,
1820 2979 1953 3032 alios

367 3087 396 3124 a
429 3071 666 3125 finitimis
688 3071 1009 3134 nationibus,
1030 3081 1211 3140 utpote
1237 3085 1266 3123 a
1300 3068 1514 3141 Scythis
1538 3111 1554 3135 ,
1583 3084 1613 3124 a
1635 3069 1950 3135 Thracibus,

366 3165 436 3216 ab
464 3161 730 3234 Egyptiis
763 3181 776 3216 ε
806 3162 947 3232 quod
973 3162 1017 3216 si
1049 3161 1282 3230 profana:
1309 3161 1462 3230 periti
1477 3161 1666 3216 essetis
1690 3160 1951 3215 eruditio-

365 3261 470 3321 nis,
502 3257 596 3311 has
625 3256 785 3310 etiam
817 3254 966 3308 vobis
985 3268 1172 3308 omnes
1197 3251 1442 3306 historias
1478 3252 1779 3307 recitarem.
1807 3252 1952 3318 Quo-

365 3352 507 3404 niam
535 3349 694 3420 igitur
721 3363 910 3402 omnes
929 3347 997 3400 ab
1020 3347 1168 3401 initio
1195 3362 1300 3400 non
1319 3355 1686 3414 susceperant,
1719 3345 1812 3400 sed
1845 3345 1952 3400 illis

365 3443 557 3496 invecti
589 3440 839 3510 paulatim
877 3438 1106 3506 fuerant,
1139 3437 1230 3491 alii
1265 3437 1477 3508 quidem
1529 3445 1738 3506 patrum
1768 3444 1948 3502 relate,

365 3535 454 3587 alii
478 3548 605 3588 vero
640 3533 874 3600 ipsorum
902 3539 1160 3600 tempore,
1197 3530 1578 3584 convenientes
1606 3528 1858 3584 dixerunt
1885 3527 1950 3584 ad

366 3627 593 3681 invicem
623 3642 636 3678 :
665 3623 1121 3690 Quemadmodum
1140 3621 1271 3676 istos
1291 3620 1685 3690 ignorabamus,
1713 3619 1954 3690 quando-

363 3719 578 3789 quidem
606 3718 750 3786 ipsos
777 3715 1028 3782 deinceps
1052 3713 1355 3781 accepimus
1407 3720 1461 3767 et
1489 3713 1800 3781 agnovimus
1835 3730 1850 3766 ε
1879 3711 1949 3764 ita

365 3809 480 3863 ﬁeri
508 3815 701 3877 potest,
735 3815 793 3859 ut
832 3804 1113 3873 sitaliquis
1139 3803 1272 3856 alius
1295 3803 1523 3872 ignotus,
1554 3801 1642 3870 qui
1690 3817 1845 3856 verus
1883 3803 1953 3857 sit

365 3903 529 3967 Deus,
557 3899 652 3956 sed
673 3915 703 3953 a
742 3897 896 3952 nobis
923 3898 1140 3950 minime
1181 3895 1452 3964 cognitus,
1485 3893 1576 3960 qui
1606 3908 1636 3946 a
1668 3891 1823 3946 nobis
1866 3892 1950 3945 in-

362 3994 489 4046 sciis
513 4000 793 4060 propterea
823 3987 1120 4057 negligatur
1147 3992 1203 4039 et
1233 3999 1338 4037 non
1363 3982 1590 4036 colatur.
1623 3980 1761 4047 Quid
1793 3980 1952 4050 igitur

363 4079 654 4139 fecerunt?
682 4082 843 4135 Aram
869 4085 1155 4132 erexerunt
1180 4117 1194 4139 ,
1223 4085 1278 4129 et
1323 4073 1730 4142 inscripserunt,
1763 4070 1950 4144 Ignoto

364 4173 494 4239 Ileo,
532 4181 590 4226 ut
621 4186 716 4241 per
741 4168 1140 4237 inscriptionem
1195 4167 1295 4220 hoc
1324 4165 1702 4234 significarent,
1727 4162 1783 4220 Si
1815 4161 1951 4218 forte

362 4266 628 4334 qttiSpittm
659 4263 727 4316 sit
754 4261 889 4315 alius
915 4259 1074 4321 Deus,
1092 4257 1180 4326 qui
1209 4256 1442 4311 nondum
1464 4254 1616 4310 nobis
1639 4255 1949 4323 innotuerit,

364 4357 505 4409 hunc
527 4355 686 4409 etiam
709 4352 965 4407 colemus.
989 4349 1118 4404 Vide
1140 4348 1475 4402 immodicam
1496 4349 1950 4418 superstitionem.

367 4450 655 4518 Propterea
680 4444 813 4498 dixit
837 4461 865 4496 a
897 4441 1156 4513 principio
1206 4440 1420 4504 Paulus,
1455 4438 1556 4492 Per
1591 4441 1761 4494 omnia
1809 4440 1952 4510 quasi

363 4540 811 4612 srqmstitiosiores
855 4552 939 4590 vos
978 4535 1120 4590 video
1171 4536 1186 4602 (
1216 4536 1328 4586 Act.
1363 4532 1545 4586 17.22
1577 4535 1594 4602 )
1625 4551 1636 4585 :
1662 4548 1766 4588 non
1806 4534 1950 4587 enim

363 4636 516 4686 vobis
547 4640 702 4685 notus
730 4628 1067 4683 Solummodo
1097 4626 1268 4680 colitis
1294 4625 1444 4689 deos,
1473 4624 1568 4678 sed
1619 4638 1713 4678 eos
1740 4625 1900 4679 etiam
1929 4666 1946 4690 ,

363 4725 454 4792 qui
482 4723 634 4777 vobis
665 4719 899 4774 nondum
921 4717 1268 4772 innotuerint.
1317 4713 1703 4783 Inscripserant
1732 4714 1804 4768 illi
1825 4715 1950 4786 qui-

363 4815 510 4878 dum,
541 4813 728 4884 Igno'o
752 4809 876 4872 Deo,
911 4809 1004 4864 sed
1036 4809 1230 4862 Paulus
1278 4807 1656 4874 interpretatus
1672 4815 1792 4872 est;
1826 4822 1948 4862 nam

367 4907 440 4960 illi
467 4908 682 4974 quidem
714 4905 765 4958 id
791 4905 860 4958 de
887 4903 1008 4958 aliis
1037 4902 1299 4964 dixerant,
1331 4909 1386 4953 at
1430 4900 1557 4954 illud
1579 4901 1691 4969 ipse
1721 4900 1952 4956 traduxit

361 4999 432 5051 ad
461 4999 750 5061 Clu-istum,
793 4994 926 5051 etin
955 4993 1310 5064 captivitatem
1355 5005 1568 5046 sensum
1604 4992 1846 5062 redegit,
1896 5003 1950 5046 et

363 5089 419 5143 in
461 5103 556 5143 sua
587 5103 768 5142 secum
798 5087 913 5141 acie
952 5085 1230 5140 collocavit
1262 5100 1275 5136 :
1311 5083 1470 5150 Quem
1497 5083 1631 5136 enim
1657 5083 1949 5155 ignorantes

362 5198 452 5235 eos
472 5183 657 5244 colitis,
689 5180 821 5232 lium:
844 5193 936 5249 ego
963 5177 1098 5231 vobis
1118 5175 1362 5228 annuntio
1380 5173 1484 5244 (1b.
1514 5189 1561 5226 v.
1583 5173 1698 5244 28).
1732 5175 1902 5245 inquit
1929 5190 1944 5240 ;

363 5275 577 5341 ignotus
603 5272 747 5326 enim
779 5271 914 5324 alius
960 5269 1099 5324 Deus
1136 5283 1241 5320 non
1271 5277 1372 5331 est,
1427 5266 1528 5320 nisi
1559 5265 1820 5321 Christus.
1873 5268 1950 5321 Ac

363 5366 488 5420 vide
539 5363 878 5436 prudentiam
922 5359 1274 5430 spiritualem.
1302 5357 1568 5425 Objecturi
1599 5357 1851 5426 deinceps
1877 5358 1951 5412 illi

364 5469 542 5518 erant,
571 5456 717 5511 Nova
748 5455 989 5524 quaedam
1017 5453 1261 5523 dogmata
1305 5449 1466 5504 infers
1489 5449 1706 5504 auribus
1732 5450 1950 5514 nostris,

365 5549 520 5602 novis
550 5547 711 5602 rebus
759 5546 945 5602 studes
971 5587 986 5610 ,
1021 5545 1184 5599 Deum
1214 5543 1438 5606 invehis,
1465 5557 1620 5612 quem
1669 5557 1774 5595 non
1805 5541 1955 5595 novi-

367 5655 508 5693 mus.
551 5639 618 5695 Ut
648 5639 807 5708 igitur
839 5639 939 5691 illis
992 5636 1346 5707 suspicionem
1377 5636 1636 5692 eximeret
1680 5633 1950 5698 novitatis,

366 5747 533 5803 seqmi.
564 5745 762 5786 novum
810 5729 972 5784 Deum
1007 5728 1222 5783 minime
1264 5728 1552 5798 prmdicarc
1601 5728 1949 5796 ostenderet,

2063 410 2158 464 sed
2188 427 2346 482 quem
2380 414 2476 484 ipsi
2527 413 2674 484 prius
2715 415 2860 472 cultu
2889 416 3256 475 honorandum
3284 433 3600 479 censuerant
3632 467 3649 490 ,

2061 501 2308 572 adiunxit
2331 515 2384 560 et
2409 506 2562 573 dixit,
2598 507 2759 572 Quem
2780 510 3071 580 ignorantes
3093 511 3282 580 colitis,
3304 530 3420 568 eum
3448 531 3539 585 ego
3565 530 3650 569 tto-

2064 591 2138 645 bis
2160 596 2429 649 annuntio.
2460 595 2567 650 Vos
2591 612 2680 653 me
2703 601 3052 668 pmvenistis,
3083 601 3250 673 inquit
3275 620 3290 669 ;
3319 605 3653 674 przedicatio-

2064 697 2186 738 nem
2215 699 2387 740 meam
2413 687 2589 744 cultus
2616 699 2794 745 vester
2819 695 3233 765 praeoccupavit.
3257 695 3336 752 Ne
3365 697 3524 768 igitur
3551 698 3621 754 ob
3639 727 3652 742 ι

2059 773 2254 842 jiciatis
2301 792 2498 831 novum
2532 795 2564 835 a
2616 796 2703 837 me
2737 782 2900 838 Deum
2933 785 3113 840 inferri
3143 786 3326 842 :hunc
3375 789 3518 843 enim
3548 805 3647 843 an-

2064 865 2250 920 nuntio
2275 882 2432 936 quem
2456 884 2548 925 vos
2563 871 2739 927 colitis
2765 874 3090 944 ignorantes,
3120 893 3223 933 non
3245 879 3407 950 digno
3435 881 3648 951 quidem

2065 955 2246 1020 modo,
2280 959 2374 1014 sed
2406 971 2580 1017 tamen
2611 965 2802 1019 colitis.
2831 965 2946 1021 Non
2995 969 3139 1023 enim
3169 970 3273 1025 tale
3299 972 3512 1031 Christo
3539 975 3646 1030 eri-

2061 1048 2205 1117 gitur
2223 1050 2408 1116 altare,
2441 1055 2535 1108 sed
2569 1056 2858 1112 animatum
2908 1060 3078 1116 altare
3103 1077 3167 1117 ac
3209 1064 3521 1134 spirituale;
3553 1084 3649 1124 vc-

2062 1149 2361 1197 runitamen
2390 1144 2457 1199 ab
2483 1144 2586 1201 hoc
2613 1146 2681 1203 ad
2709 1148 2837 1204 illud
2869 1165 2965 1205 vos
2987 1167 3206 1221 possum
3237 1155 3547 1223 perducere.
3572 1158 3648 1214 ita

2061 1249 2281 1306 quoque
2309 1237 2480 1295 Judaei
2508 1243 2776 1312 quondam
2829 1247 3032 1302 cultum
3080 1249 3442 1306 exhibebant:
3470 1253 3564 1308 sed
3613 1271 3642 1306 a

2061 1331 2328 1397 corporali
2360 1333 2506 1388 cultu
2529 1347 2884 1403 recesserunt,
2907 1349 2956 1394 et
2981 1340 3045 1394 ad
3063 1341 3391 1411 Spiritualem
3422 1344 3645 1400 traducti

2060 1429 2201 1484 Sttttt,
2223 1422 2311 1490 qui
2336 1423 2675 1481 crediderunt
2700 1442 2906 1484 omnes.
2941 1430 3097 1487 Vides
3121 1432 3268 1487 Pauli
3293 1435 3648 1504 sapientiam?

2064 1511 2213 1567 vides
2260 1515 2641 1582 prudentiam?
2688 1520 2838 1575 vides
2867 1538 2972 1592 quo
3023 1533 3177 1593 pacto
3227 1526 3347 1582 illos
3389 1525 3648 1583 devicerit

2062 1617 2170 1658 non
2215 1607 2554 1676 evangelicis,
2585 1625 2688 1664 non
2715 1612 3044 1683 pr0pheticis
3070 1631 3196 1670 usus
3233 1615 3410 1686 dictis,
3437 1619 3530 1672 sed
3562 1620 3645 1673 iu-

2061 1694 2382 1764 scriptioue?
2401 1697 2516 1752 Noli
2538 1715 2686 1770 ergo,
2712 1704 3005 1769 carissime,
3025 1704 3325 1762 divinorum
3343 1709 3646 1778 inscriptio-

2062 1801 2183 1841 nem
2214 1789 2546 1858 eloquiorum
2580 1797 3027 1862 praztermittere:
3058 1813 3181 1854 nam
3232 1801 3276 1854 si
3328 1809 3564 1856 attentus
3591 1811 3643 1857 et

2061 1877 2282 1947 vigilans
2315 1879 2500 1948 fueris,
2531 1885 2690 1938 etiam
2723 1886 2775 1940 in
2802 1887 2992 1942 alienis
3023 1891 3153 1945 utile
3177 1890 3448 1963 quidpiam
3476 1893 3644 1949 oﬁ'enJ

2061 1968 2155 2024 des
2190 1987 2202 2022 :
2235 1972 2314 2024 sin
2338 1984 2516 2029 autem
2549 1977 2821 2049 negligens
2869 1995 2933 2036 ac
2959 1984 3244 2050 remissus,
3275 2001 3344 2041 ne
3371 1988 3500 2058 ipsa:
3524 1989 3644 2059 qui-

2061 2061 2179 2116 dem
2205 2064 2294 2117 tibi
2316 2080 2482 2121 sacra:
2505 2067 2698 2123 Litora:
2728 2071 2984 2140 prodesse
3010 2083 3274 2143 poterunt.
3302 2075 3433 2132 Nam
3457 2094 3644 2149 quem-

2060 2150 2346 2207 admodum
2377 2157 2465 2225 qui
2517 2159 2659 2214 lucra
2704 2161 2850 2215 novit
2888 2163 3136 2233 colligere
3162 2206 3178 2230 ,
3224 2168 3459 2238 undique
3499 2171 3643 2226 lucra

2059 2243 2264 2314 Colligit
2295 2262 2308 2298 :
2340 2245 2412 2300 ila
2437 2257 2491 2302 et
2513 2249 2556 2302 is
2594 2249 2688 2318 qui
2715 2252 2933 2307 minime
2963 2256 3131 2320 novit,
3153 2259 3398 2325 quamvis
3427 2259 3642 2316 thesau-

2060 2350 2176 2388 rum
2199 2337 2480 2405 invenerit,
2511 2340 2683 2395 inauis
2709 2344 2925 2398 recedit.
2957 2345 3126 2401 Vultis
3145 2356 3199 2401 et
3226 2349 3448 2404 alterum
3473 2353 3645 2408 simile

2060 2440 2430 2498 argumentum
2459 2432 2511 2486 in
2550 2434 2784 2488 medium
2815 2436 3056 2503 afferam,
3083 2441 3222 2509 quod
3263 2441 3399 2496 alius
3428 2444 3642 2514 quidem

2062 2518 2170 2573 alio
2196 2534 2357 2574 sensu
2405 2524 2644 2592 protulit,
2674 2525 2768 2580 sed
2809 2530 3129 2596 evangelista
3163 2531 3266 2585 vim
3312 2548 3497 2588 eorum
3527 2551 3644 2606 qua:

2060 2606 2200 2663 dicta
2248 2611 2448 2665 fuerant
2479 2613 2544 2667 ad
2572 2629 2630 2668 se
2658 2615 2930 2673 traduxit?
2961 2617 3141 2688 Itaque
3159 2621 3443 2692 diligenter
3465 2636 3642 2680 atten-

2059 2697 2187 2764 dite,
2221 2709 2281 2754 ut
2303 2700 2450 2755 illum
2477 2718 2688 2774 quoque
2713 2705 2931 2762 discatis
2949 2710 3276 2766 intellectum
3303 2714 3368 2784 ad
3390 2716 3644 2772 obedien-

2058 2787 2191 2880 dum
2212 2789 2424 2846 Christo
2453 2793 2504 2848 in
2527 2797 2884 2864 captivitatem
2899 2803 3164 2871 redegisse
3187 2803 3262 2875 (2.
3285 2802 3404 2861 Cor.
3437 2807 3522 2862 l0.
3551 2809 3639 2880 5):

2060 2888 2117 2933 ut
2145 2879 2385 2948 discetis,
2416 2883 2460 2937 si
2508 2885 2680 2940 aliena
2711 2903 2992 2958 possumus
3022 2893 3071 2946 in
3102 2895 3462 2963 captivitatem
3495 2879 3639 2953 redi-

2055 2983 2202 3038 gere,
2233 2972 2399 3028 multo
2424 2976 2590 3045 magis
2616 2992 2714 3031 nos
2739 2979 2789 3033 iu
2837 2983 3062 3050 propriis
3087 2990 3465 3055 ticgotiatttros,
3497 3007 3644 3059 qua:-

2057 3070 2305 3133 stttmque
2331 3065 2584 3124 facturos.
2614 3069 2858 3126 Pontifex
2891 3086 3008 3128 erat
3054 3079 3181 3132 anui
3209 3079 3348 3135 illius
3374 3081 3602 3152 Caiphas
3627 3103 3640 3139 :

2057 3169 2178 3209 nam
2203 3166 2256 3210 et
2286 3155 2387 3212 hoc
2407 3159 2506 3213 fuit
2528 3159 2762 3217 Judaica:
2780 3166 3134 3234 improbitatis
3165 3188 3178 3223 :
3201 3174 3451 3241 quoniam
3478 3176 3644 3247 digni-

2057 3254 2218 3302 tatem
2264 3250 2648 3308 sacerdotalem
2680 3255 2816 3312 adeo
2867 3257 3224 3330 deturpabant
3253 3306 3268 3330 ,
3325 3275 3382 3319 ut
3427 3271 3641 3326 venales

2059 3343 2336 3410 pontiﬁces
2374 3345 2680 3402 redderent.
2731 3350 2899 3405 Antea
2928 3367 3055 3408 vero
3085 3370 3190 3408 non
3216 3356 3284 3410 ita
3315 3359 3493 3427 fiebat,
3544 3364 3640 3417 sed

2055 3433 2169 3489 sola
2199 3443 2370 3490 morte
2403 3438 2669 3506 pontiﬁcis
2701 3442 3056 3498 sacerdotium
3082 3447 3462 3504 terminabatur
3488 3469 3502 3505 :
3527 3462 3639 3508 tum

2057 3539 2186 3580 vero
2214 3526 2373 3580 etiam
2403 3530 2640 3585 viventes
2671 3531 2871 3587 honore
2900 3548 2959 3588 se
2997 3536 3333 3593 abdicabant.
3383 3541 3515 3595 Cum
3546 3543 3643 3613 igi-

2059 3627 2143 3671 tur
2164 3617 2305 3672 illius
2331 3621 2456 3674 anni
2487 3623 2724 3691 pontifex
2753 3633 2896 3680 esset
2925 3627 3176 3697 Caiplias,
3207 3629 3422 3686 Judieos
3454 3635 3644 3691 adven

2056 3723 2149 3764 sus
2176 3708 2446 3766 Christum
2475 3714 2717 3769 armabat
2765 3731 2827 3770 ac
2855 3716 3070 3773 dicebat
3098 3737 3111 3774 :
3142 3721 3292 3777 lluue
3321 3725 3454 3780 mori
3482 3741 3642 3796 opor-

2059 3808 2131 3854 tet
2158 3817 2315 3857 :cum
2344 3811 2522 3859 tamen
2551 3806 2684 3859 nihil
2715 3808 2936 3863 haberet
2961 3811 3101 3879 quod
3133 3813 3181 3867 ei
3231 3815 3506 3884 obiiceret,
3546 3821 3642 3874 sed

2056 3891 2250 3946 invidia
2273 3895 2446 3947 solum
2479 3896 2796 3951 tabescerct.
2823 3899 2894 3952 Ea
2929 3915 3156 3969 namque
3177 3904 3386 3959 invidia:
3407 3918 3491 3961 est
3513 3925 3642 3963 con-

2055 3981 2206 4045 ditio,
2234 3984 2391 4037 talem
2434 3997 2771 4054 acceptorum
2819 3989 3200 4046 beneﬁciorum
3229 4000 3525 4053 mercedem
3558 4018 3641 4055 rc-

2057 4072 2258 4142 pendit.
2316 4073 2467 4130 Unde
2496 4076 2806 4131 insidiarmn
2837 4096 3051 4135 causam
3102 4087 3345 4154 aperiens
3388 4089 3596 4144 dicebat
3621 4133 3637 4158 ,

2060 4163 2280 4234 Expedit
2311 4175 2362 4218 ut
2388 4183 2516 4221 unus
2547 4169 2693 4221 homo
2729 4172 2996 4234 moriatur,
3031 4185 3078 4227 et
3128 4193 3227 4230 non
3274 4188 3378 4231 tota
3405 4197 3527 4250 gens
3553 4200 3639 4251 pe-

2055 4267 2167 4311 reat
2185 4255 2363 4327 (Joan.
2390 4260 2476 4314 Η.
2499 4259 2610 4330 50).
2640 4261 2809 4333 Hujus
2837 4267 2983 4319 verbi
3012 4270 3178 4321 virtus
3201 4270 3319 4325 vide
3348 4288 3454 4340 quo
3482 4285 3638 4344 pacto

2059 4349 2110 4402 in
2135 4359 2344 4404 nostras
2378 4361 2555 4420 partes
2584 4355 2875 4419 transierit,
2903 4365 2958 4408 tit
2983 4357 3244 4428 intelligas
3282 4362 3500 4417 verbum
3522 4367 3634 4434 qni-

2055 4440 2175 4494 dem
2200 4440 2364 4496 fuisse
2392 4443 2702 4508 sacerdotis,
2729 4455 2782 4497 at
2809 4460 3022 4499 sensum
3043 4449 3370 4516 spiritualem
3399 4453 3512 4508 ﬁeri
3545 4473 3638 4524 po-

2058 4533 2240 4587 tuisse.
2271 4532 2490 4604 Ea‘pedit
2513 4545 2565 4588 ut
2583 4552 2714 4588 unus
2738 4537 2887 4590 homo
2909 4539 3173 4606 moriatur,
3197 4551 3240 4594 et
3267 4560 3366 4598 non
3392 4555 3497 4601 tota
3517 4567 3639 4619 gens

2058 4632 2244 4692 pereat.
2272 4621 2387 4676 Hoc
2414 4633 2582 4678 autem
2609 4641 2642 4678 a
2661 4627 2927 4695 semetipso
2951 4645 3050 4683 non
3077 4631 3294 4701 dicebat,
3317 4636 3518 4706 inquit,
3549 4643 3638 4695 sed

2059 4714 2348 4798 cum-esset
2371 4711 2608 4776 pontifex
2637 4717 2763 4769 anni
2786 4717 2952 4776 ilLus,
2971 4720 3296 4786 prophetarit
3321 4721 3427 4792 (Ib.
3452 4743 3497 4780 υ.
3517 4729 3631 4798 51),

2059 4791 2204 4861 quod
2223 4796 2360 4850 mori
2379 4796 2656 4855 Christum
2677 4813 2958 4872 Oportet‘et
2979 4823 3084 4863 non
3107 4813 3268 4865 modo
3295 4791 3392 4883 pro
3403 4791 3628 4886 Judaais,

2059 4888 2152 4942 sed
2180 4897 2233 4943 et
2259 4906 2356 4960 pro
2384 4901 2496 4948 tota
2521 4906 2682 4965 gente
2706 4916 2719 4952 :
2747 4913 3031 4971 propterea
3055 4905 3295 4975 dicebat,
3319 4911 3543 4981 Expedit
3569 4927 3628 4969 ut

2056 4994 2191 5034 unus
2225 4985 2483 5038 moriatur
2507 4986 2685 5047 homo.
2715 5002 2764 5044 et
2795 5009 2896 5046 non
2938 5005 3046 5049 tota
3078 5017 3195 5069 gens
3225 5014 3420 5070 pereat.
3459 5005 3626 5060 Vides

2057 5081 2349 5150 potentiam
2377 5080 2492 5145 Dei,
2516 5097 2622 5153 quo
2667 5090 2830 5153 pacto
2857 5083 3091 5155 linguam
3122 5095 3275 5155 cogat
3301 5086 3637 5144 inimicorum

2057 5187 2154 5242 pro
2179 5173 2400 5226 veritate
2426 5172 2589 5226 verba
2619 5171 2836 5228 facere?

2125 5263 2178 5317 5.
2211 5259 2467 5332 Neopltyti
2487 5265 2572 5332 qui
2596 5263 2698 5317 veri
2726 5265 2846 5317 sint.
2867 5295 2942 5306 —
2960 5265 3028 5322 Ut
3058 5266 3215 5335 igitur
3242 5267 3530 5338 Scriptum
3552 5287 3640 5327 sa-

2056 5368 2162 5409 cra:
2189 5353 2370 5407 titulos
2397 5368 2502 5407 non
2527 5355 3016 5423 praetermittamus,
3039 5356 3367 5414 sufﬁcienter
3394 5360 3508 5415 haec
3556 5365 3638 5417 di-

2057 5457 2140 5502 cta
2171 5447 2296 5510 sint,
2324 5447 2368 5499 si
2399 5443 2536 5500 forte
2565 5445 2921 5501 recordemiui
2949 5465 2962 5500 :
2995 5463 3244 5517 cuperem
3271 5462 3452 5506 autem
3479 5454 3638 5511 etiam

2058 5541 2238 5597 dicere
2284 5541 2406 5614 quis
2435 5541 2504 5595 sit
2546 5549 2733 5594 auctor
2761 5539 2902 5604 libri,
2934 5549 2990 5596 et
3030 5542 3281 5609 quando,
3327 5561 3538 5616 quaque
3575 5548 3640 5604 de

2059 5647 2216 5689 causa
2239 5633 2386 5687 illum
2409 5629 2702 5702 scripserit.
2735 5631 2840 5687 Sed
2871 5631 2984 5686 haec
3011 5632 3220 5688 interim
3253 5647 3432 5692 mente
3463 5647 3640 5692 tenea—

2065 5739 2217 5795 mus;
2249 5725 2335 5781 illa
2366 5739 2494 5780 vero
2521 5723 2755 5780 crasﬁuo
2779 5721 2888 5780 die.
2919 5723 2962 5778 si
3011 5722 3151 5779 Deus
3197 5726 3456 5796 voluerit,
3486 5728 3651 5782 resti-
