4054 6216
477 335 549 390 75
1172 328 1230 382 S.
1271 324 1551 383 JOANXIS
1587 319 2063 382 CllRYSOSTOMI
2104 320 2419 377 ARCIIIEP.
2449 321 2984 380 CONS‘I‘ANTINOP.

482 457 712 502 tuemus.
740 443 911 501 Statui
958 428 1210 512 namque,
1236 440 1376 511 quod
1404 439 1670 510 reliquum
1705 444 1809 502 est,
1854 448 2064 489 sermo-

486 553 607 592 nem
637 537 703 591 ad
746 550 917 602 nuper
942 534 1269 588 illuminatos
1305 538 1643 586 convertere.
1686 528 1864 598 Nuper
1886 538 2063 578 autem

484 627 811 681 illuminatos
841 624 1052 694 appello
1087 638 1194 677 non
1223 635 1341 686 eos,
1376 620 1466 690 qui
1495 628 1620 673 ante
1664 618 1799 671 duos
1827 626 1879 671 et
1910 624 2019 669 tres
2043 652 2062 678 ,

482 733 655 786 neque
682 718 770 786 qui
800 725 926 769 ante
950 715 1136 770 decem
1166 713 1284 769 dies
1313 710 1595 767 illuminati
1646 719 1772 765 sunt
1814 716 2015 762 tantutn
2045 747 2061 771 ,

475 812 569 865 sed
614 825 709 865 eos
744 810 903 865 etiam
933 808 1023 879 qui
1080 817 1211 862 ante
1250 822 1487 871 annum,
1513 814 1672 873 atque
1718 802 1852 857 adeo
1897 800 2064 856 multo

474 912 599 956 ante
627 910 866 971 tempore
892 918 905 954 :
930 898 1362 969 quandoquidem
1410 895 1509 949 hos
1533 908 1747 966 quoque
1769 894 1845 947 sic
1875 890 2061 961 appel-

476 995 572 1049 lari
602 1003 834 1065 oportet.
861 994 916 1049 Si
937 994 1080 1047 enim
1111 992 1164 1046 in
1187 988 1479 1047 excolenda
1514 990 1689 1042 anima
1716 996 1897 1041 nostra
1922 984 2063 1039 mul-

475 1096 586 1141 tum
618 1087 780 1141 studii
811 1086 1215 1141 exhibuerimus
1248 1124 1264 1149 ,
1315 1097 1605 1154 possumus
1633 1090 1685 1135 et
1714 1088 1833 1150 post
1873 1079 2059 1133 decem

472 1196 641 1235 anno:
678 1195 847 1249 nuper
875 1179 1155 1235 illuminati
1176 1192 1317 1237 esse.
1344 1176 1389 1229 si
1417 1174 1568 1230 nobis
1599 1175 1884 1245 ingenitam
1914 1186 1942 1224 a
1971 1171 2063 1224 ba-

474 1276 721 1343 ptismate
752 1272 1083 1342 iuventutem
1131 1267 1650 1323 conservaverimus.
1696 1264 1877 1333 Neque
1917 1264 2058 1316 enim

472 1381 641 1434 nuper
680 1365 1030 1417 illuminalum
1073 1360 1239 1415 eflicit
1278 1368 1507 1426 tempus,
1536 1355 1633 1411 sed
1679 1355 1786 1408 vita
1840 1351 2057 1416 munda,

470 1471 590 1506 cum
624 1453 735 1506 fieri
766 1453 956 1520 possit,
987 1460 1041 1504 ut
1071 1460 1187 1517 post
1211 1449 1347 1503 duos
1366 1449 1525 1502 etiam
1547 1447 1683 1509 dies,
1715 1446 1803 1513 qui
1835 1445 1929 1497 sibi
1955 1458 2058 1497 non

471 1554 676 1604 Caveat,
702 1540 1075 1611 appellationis
1099 1539 1256 1608 hujus
1285 1539 1596 1609 dignitatem
1622 1536 1849 1589 amittat.
1883 1538 2056 1605 Atque

469 1634 627 1701 hujus
659 1634 735 1687 rei
783 1632 932 1685 vobis
969 1631 1280 1701 exemplum
1329 1627 1620 1699 proferam,
1649 1642 1754 1697 quo
1783 1635 1937 1695 pacto
1966 1625 2055 1694 qui

469 1742 639 1794 nuper
665 1725 996 1779 illutninatus
1026 1733 1179 1789 erat,
1204 1723 1383 1777 statim
1410 1731 1527 1791 post
1554 1720 1688 1775 duos
1717 1719 1832 1773 dies
1853 1728 1908 1772 et
1933 1734 2060 1788 gra-

468 1817 595 1869 tiam
616 1824 672 1870 et
702 1816 962 1868 honorem
1015 1828 1186 1884 nuper
1214 1811 1496 1867 illuminati
1521 1811 1778 1864 amiserit.
1812 1808 1923 1862 lloc
1960 1824 2057 1861 au-

469 1916 573 1961 tem
600 1906 902 1975 exemplum
952 1904 1154 1958 idcirco
1183 1919 1212 1957 a
1242 1917 1329 1957 me
1360 1901 1628 1972 profertur
1652 1941 1669 1964 ,
1716 1909 1773 1953 ut
1801 1916 1922 1954 cum
1966 1899 2048 1952 la-

468 2013 622 2067 psum
670 1998 831 2051 istum
859 1995 1118 2062 videritis,
1146 1994 1375 2049 salutem
1404 2002 1636 2046 vestram
1684 1991 1736 2044 in
1772 1998 1887 2043 tuto
1929 2004 2059 2043 emt-

467 2090 721 2143 stituatis.
759 2087 875 2143 Non
905 2088 1052 2143 enim
1100 2096 1304 2141 tantum
1351 2099 1541 2139 eorum
1598 2083 1844 2152 exemplo
1907 2082 2057 2137 vobis

465 2181 739 2253 proposito
765 2181 855 2251 qui
886 2189 1189 2242 steterunt,
1224 2178 1319 2232 sed
1356 2192 1544 2231 eorum
1584 2176 1765 2241 etiam,
1798 2175 1886 2245 qui
1917 2188 2050 2243 sup-

468 2272 686 2341 plantati
725 2281 889 2334 sunt,
942 2268 1245 2340 corrigendi
1297 2269 1429 2322 estis
1478 2276 1533 2325 et
1580 2265 1821 2320 sanandi.
1869 2264 2054 2319 Simon

464 2366 653 2430 Magos
676 2376 970 2416 conversus
998 2371 1143 2426 erat,
1198 2359 1389 2428 inquit,
1444 2367 1499 2412 et
1544 2357 1842 2427 baptizatus
1870 2356 2055 2409 adhae-

466 2456 617 2510 rehz-t
644 2454 909 2521 Philippo,
942 2453 1128 2506 videns
1167 2452 1317 2520 signa
1350 2468 1363 2503 :
1396 2450 1491 2504 sed
1538 2461 1655 2519 post
1709 2463 1904 2517 paucos
1936 2448 2054 2502 dies

464 2545 640 2600 statim
664 2544 730 2597 ad
763 2543 1030 2613 propriam
1069 2558 1316 2597 reversus
1353 2552 1437 2595 est
1472 2542 1787 2609 nequitiam,
1818 2549 1871 2595 et
1900 2556 2049 2593 suam

464 2638 690 2691 salutem
716 2650 895 2689 emere
943 2634 1162 2703 pecunia
1195 2633 1427 2686 volebat.
1457 2631 1592 2701 Quid
1633 2647 1762 2701 ergo
1794 2647 1961 2699 nuper
1992 2630 2052 2683 il-

465 2728 721 2781 lutniuato
747 2726 882 2780 dixit
912 2726 1102 2780 Petrus
1124 2727 1148 2776 ἲ
1196 2724 1263 2777 In
1308 2725 1425 2796 felle
1472 2722 1827 2776 amaritudinis
1853 2733 1899 2775 et
1926 2722 2054 2775 obli-

461 2821 660 2891 gatione
681 2818 953 2887 iniquitatis
974 2816 1115 2869 rideo
1144 2825 1191 2869 te
1218 2832 1323 2869 esse
1342 2829 1363 2868 .'
1386 2815 1619 2882 quocirca
1650 2813 1810 2867 Deum
1833 2830 1977 2882 roga,
2006 2814 2049 2865 si

461 2919 591 2983 [orte
614 2911 898 2963 remittatur
927 2909 1013 2962 tibi
1038 2908 1145 2961 Iure
1171 2907 1392 2977 nequitia
1416 2907 1550 2976 (Act.
1581 2906 1615 2961 8
1657 2904 1746 2960 25.
1764 2905 1879 2973 ‘22).
1910 2904 2052 2957 Non-

462 3003 590 3057 dum
621 3002 892 3071 ingressus
918 3011 1000 3055 est
1020 2999 1335 3061 certamina,
1366 3009 1419 3051 ct
1448 2998 1623 3052 statim
1655 2996 1874 3064 indigno
1896 2995 2050 3049 venia

460 3109 585 3149 casu
621 3095 896 3162 prolapsus
922 3099 1024 3146 est.
1057 3089 1121 3146 Ut
1177 3091 1339 3159 igitur
1365 3100 1481 3159 post
1520 3088 1656 3142 duos
1681 3087 1798 3142 dies
1849 3088 2046 3141 cadere

460 3199 760 3257 possumus,
783 3196 839 3240 et
869 3200 1037 3255 nuper
1076 3182 1359 3237 illutniuati
1396 3180 1803 3251 appellationem
1835 3189 1888 3232 et
1921 3194 2046 3248 gra-

461 3280 587 3332 tiam
617 3277 837 3348 perdere
862 3294 874 3329 :
906 3276 978 3330 ita
1004 3290 1215 3346 quoque
1244 3282 1362 3343 post
1388 3272 1574 3326 decem
1613 3287 1677 3325 ac
1725 3270 1909 3340 viginti
1944 3284 2045 3324 au-

458 3386 576 3434 nos,
602 3379 657 3425 ct
683 3369 749 3423 ad
777 3368 935 3423 linem
961 3384 1129 3438 usque
1150 3368 1271 3420 vita:
1301 3379 1585 3435 possumus
1607 3364 1918 3434 praeclarum
1945 3362 2047 3417 hoc

457 3470 617 3530 atque
647 3459 1005 3513 venerandum
1033 3474 1227 3512 nomen
1258 3472 1321 3511 ac
1353 3472 1465 3511 rem
1496 3471 1837 3511 conservare.
1866 3459 2042 3524 Atque

458 3551 562 3606 hoc
590 3550 785 3605 Paulus
817 3559 1041 3605 testatur
1058 3548 1353 3617 apostolus,
1382 3548 1470 3617 qui
1499 3548 1550 3601 in
1573 3556 1849 3601 senectute
1876 3548 2044 3600 maaio

456 3658 545 3697 me
571 3640 793 3696 illustris
817 3640 937 3695 fuit.
958 3639 1091 3696 Nam
1115 3640 1366 3710 quoniam
1409 3655 1439 3691 a
1464 3646 1655 3693 natura
1684 3653 1789 3692 non
1820 3648 1902 3692 est
1930 3638 2044 3693 lucc

458 3732 738 3795 iuventus,
766 3732 861 3787 sed
903 3732 1179 3803 utriusque
1222 3731 1478 3802 propositi
1519 3742 1795 3801 compotes
1821 3746 2039 3796 sumus;

458 3833 516 3879 ut
544 3824 625 3877 vel
679 3837 1044 3891 senescamus,
1072 3823 1156 3877 vel
1191 3822 1413 3891 juvenes
1440 3836 1769 3888 maneamus,
1798 3836 1828 3875 a
1860 3832 2042 3877 nostro

457 3916 653 3987 pendet
689 3916 930 3971 arbitrio.
978 3915 1032 3970 In
1058 3930 1284 3985 corpore
1320 3914 1537 3985 quidem
1577 3913 1702 3969 licet
1742 3928 1903 3969 omne
1930 3926 2042 3968 stu-

453 4009 599 4064 dium
629 4008 747 4079 qnis
795 4007 1040 4063 adhibeat
1069 4047 1084 4071 ,
1116 4008 1240 4061 licet
1285 4022 1500 4061 omnem
1548 4005 1777 4076 lapidem
1807 4014 2036 4071 moveat,

454 4100 576 4155 licet
602 4098 729 4155 illud
761 4099 979 4154 minime
1008 4108 1183 4159 vexet,
1214 4098 1338 4152 licet
1389 4098 1533 4151 domi
1574 4098 1865 4158 contineat.
1915 4097 2041 4151 licet

454 4190 727 4245 laboribus
765 4189 895 4243 illud
942 4198 998 4242 et
1036 4188 1305 4243 continuis
1362 4186 1616 4257 operibus
1644 4202 1749 4241 non
1792 4186 1990 4255 afﬂigat
2022 4202 2035 4239 :

454 4292 631 4338 tamen
661 4297 725 4336 ex
758 4281 876 4350 lege
900 4288 1103 4335 natura:
1125 4278 1203 4333 sic
1226 4294 1435 4349 quoque
1461 4278 1616 4348 plane
1636 4288 1884 4332 senectus
1912 4278 2038 4332 illud

454 4373 688 4429 invadet.
715 4373 772 4427 In
798 4373 973 4426 anima
1004 4386 1132 4425 vero
1160 4386 1264 4424 non
1313 4370 1383 4425 ita
1430 4372 1488 4423 lit
1516 4388 1530 4425 :
1560 4369 1654 4424 sed
1685 4370 1727 4423 si
1762 4370 1903 4423 illam
1932 4371 2036 4423 mi-

451 4467 595 4519 nime
623 4478 805 4527 vexes,
835 4477 1008 4533 neque
1034 4460 1380 4517 saecularibus
1423 4475 1543 4515 eam
1569 4459 1838 4514 laboribus
1862 4461 2036 4515 curis-

449 4571 553 4624 que
581 4553 863 4608 mundanis
880 4554 1177 4617 excrucies,
1204 4552 1536 4622 juventutem
1577 4566 1727 4605 suam
1780 4565 2037 4621 perpetuo

454 4648 666 4706 retinet,
702 4646 1030 4715 illtesamque
1078 4653 1383 4700 conservat.
1415 4644 1603 4700 Nonne
1633 4644 1824 4699 videtis
1857 4644 1954 4698 has
1981 4646 2035 4699 in

449 4737 585 4790 cado
624 4737 760 4789 lixas
788 4734 1005 4790 stellas?
1030 4734 1148 4789 Jam
1184 4751 1279 4804 per
1307 4752 1477 4790 annos
1505 4736 1681 4791 sexies
1706 4736 1851 4791 inille
1881 4737 2036 4791 nobis

453 4829 651 4893 lucent,
685 4842 783 4882 nec
813 4828 1046 4897 ipsarum
1080 4828 1185 4882 ulla
1217 4826 1353 4882 facta
1377 4837 1462 4884 est
1487 4829 1783 4883 obscurior.
1807 4828 1958 4896 Quod
1989 4828 2034 4883 si

450 4920 537 4974 ubi
556 4928 759 4975 natura:
776 4935 861 4974 res
877 4926 979 4982 est,
998 4920 1067 4973 ita
1094 4933 1282 4974 recens
1295 4927 1350 4974 et
1371 4920 1603 4974 vividum
1624 4920 1799 4974 lumen
1824 4936 2036 4975 reman-

449 5013 562 5065 sit:
593 5010 685 5065 ubi
715 5009 1006 5065 voluntatis
1043 5025 1133 5064 res
1180 5020 1297 5076 est,
1326 5025 1503 5065 nonne
1542 5011 1709 5065 multo
1735 5012 1902 5081 magis
1930 5012 2034 5067 tale

451 5100 813 5171 permanebit,
847 5102 1007 5171 quale
1033 5101 1101 5155 ab
1123 5100 1273 5155 ittitio
1298 5100 1548 5155 refulsit?
1578 5101 1688 5155 lmo
1715 5115 1844 5155 vero
1872 5102 1916 5155 si
1943 5118 2036 5155 ve-

453 5194 634 5256 limus,
662 5207 767 5247 non
797 5192 902 5246 tale
929 5202 1132 5247 tantum
1175 5192 1525 5261 permanebit,
1575 5192 1669 5246 sed
1700 5191 2030 5261 splendidius

446 5285 607 5338 etiam
637 5284 761 5350 crit,
793 5284 871 5336 sic
916 5292 974 5336 ut
1019 5282 1354 5352 ipsos-etiam
1382 5281 1513 5338 solis
1530 5282 1709 5337 radios
1728 5283 2023 5337 aemuletur.

452 5374 567 5429 Vin‘
600 5382 656 5429 tu
688 5373 983 5444 intelligere
1033 5388 1141 5444 quo
1189 5382 1345 5444 meto
1401 5387 1685 5443 possumus
1718 5374 1877 5429 etiam
1910 5384 2029 5444 post

450 5466 665 5535 longum
694 5473 904 5533 tempus
939 5478 1062 5519 esse
1114 5477 1285 5533 nuper
1313 5463 1628 5518 illuminati?
1657 5463 1793 5519 Audi
1835 5465 2025 5534 quibus

446 5557 623 5610 verbis
645 5555 840 5610 Paulus
867 5555 1109 5611 homines
1130 5557 1297 5611 multo
1324 5564 1449 5610 ante
1479 5565 1721 5624 tempore
1754 5556 2021 5613 illumina-

448 5651 529 5697 tos
558 5646 861 5715 alloquatur
892 5646 957 5700 :l
968 5658 1076 5702 nter
1116 5664 1239 5717 quos
1282 5648 1459 5701 lucetis
1504 5647 1635 5701 sicut
1660 5648 1932 5702 luminaria
1969 5651 2022 5703 in

445 5735 653 5801 mutulo,
675 5736 873 5789 verbum
895 5737 1009 5791 vita'
1028 5739 1333 5793 continentes
1353 5738 1422 5791 ad
1444 5737 1659 5809 gloriam
1678 5755 1838 5794 meam
1864 5739 2019 5811 (1⁵1ιὲ-

3692 328 3762 383 76

2176 434 2304 504 (ipp.
2328 434 2494 489 2.15.
2522 434 2630 505 16).
2654 436 2898 491 Veterem
2920 436 3260 510 laceramque
3286 446 3490 495 vestem
3514 441 3759 504 exuistis,

2172 526 2433 595 spirituali
2463 536 2733 598 unguento
2758 528 2980 584 delibuti
3007 532 3166 595 estis,
3220 532 3372 587 liberi
3416 548 3603 587 «nues
3639 534 3757 589 facti

2172 617 2302 671 estis
2331 634 2346 672 :
2376 633 2533 672 nemo
2557 618 2813 689 deinceps
2837 621 2903 675 ad
2946 622 3176 691 priorem
3203 622 3387 677 redeat
3419 637 3749 681 servantem.

2172 708 2379 764 Bellum
2407 708 2672 778 quoddam
2696 725 2763 764 ac
2800 721 3068 766 certamen
3097 721 3224 767 sunt
3264 728 3351 769 res
3382 714 3518 769 istae.

2240 803 2559 858 Athletarsnn
2586 805 2814 875 probatio
2843 807 2895 860 in
2924 805 3223 877 Olyntpicis.
3257 836 3329 848 -
3356 807 3523 862 Nemo
3548 819 3714 864 certat
3732 852 3752 874 ,

2168 896 2258 965 qui
2289 911 2476 951 servus
2502 897 2573 951 sit
2608 915 2622 952 :
2655 912 2812 952 nemo
2844 898 3031 951 militat
3055 898 3143 968 qui
3171 900 3241 952 sit
3278 898 3507 955 famulus
3534 919 3548 953 :
3577 902 3671 956 sed
3710 903 3754 959 si

2168 1003 2357 1042 servus
2381 988 2841 1057 deprehendatur,
2866 1004 2930 1042 ex
2955 988 3075 1042 albo
3101 989 3323 1042 militum
3349 1005 3469 1044 cum
3494 993 3755 1060 supplicio

2166 1080 2402 1147 eiicitur.
2434 1080 2617 1150 Neque
2642 1095 2770 1135 vero
2800 1080 2852 1135 in
2882 1079 2981 1135 hac
3008 1089 3209 1134 tantum
3237 1079 3419 1135 militia
3445 1120 3462 1146 ,
3495 1081 3591 1137 sed
3618 1094 3672 1137 et
3698 1084 3753 1139 iu

2165 1172 2456 1244 Olympicis
2482 1172 2862 1227 certaminibus
2893 1172 3032 1226 idem
3074 1173 3172 1227 iste
3216 1188 3332 1228 mos
3360 1175 3581 1229 obtinet.
3628 1175 3753 1230 Post

2166 1264 2379 1334 triginta
2407 1264 2551 1318 enim
2588 1264 2703 1318 dies
2735 1263 2823 1318 hic
2850 1274 3145 1318 transactus
3170 1305 3185 1327 ,
3216 1267 3267 1319 in
3292 1265 3603 1321 suburbium
3633 1268 3751 1322 illos

2164 1357 2384 1412 eductos
2406 1357 2830 1421 circumvehunt,
2858 1368 2911 1412 et
2942 1368 3052 1411 toto
3081 1359 3299 1412 sedente
3328 1358 3535 1414 theatro
3558 1361 3751 1415 clamat

2165 1465 2341 1519 praeco
2374 1449 2549 1505 :Num
2580 1450 2701 1520 quis
2731 1449 2868 1504 hunc
2893 1451 3146 1505 accusat?
3185 1451 3254 1504 ita
3286 1459 3341 1503 ut
3368 1452 3510 1505 omni
3542 1453 3751 1507 servilis

2163 1541 2483 1597 conditionis
2520 1541 2819 1611 suspicione
2849 1541 3067 1610 depulsa
3093 1583 3107 1604 ,
3141 1542 3193 1595 in
3232 1542 3520 1596 certamina
3554 1545 3744 1613 pedem

2165 1634 2373 1689 inferat.
2420 1632 2575 1701 Quod
2603 1633 2646 1687 si
2678 1632 2920 1687 diabolus
2953 1633 3003 1687 in
3042 1648 3239 1704 agones
3276 1649 3405 1689 suos
3432 1650 3615 1690 servos
3639 1653 3745 1693 nou

2162 1725 2425 1792 admittit,
2452 1742 2559 1797 quo
2586 1734 2743 1797 pacto
2772 1734 2847 1789 tu,
2876 1740 2997 1780 cum
3028 1728 3228 1795 peccati
3259 1740 3446 1781 servus
3473 1729 3705 1783 evaseris
3727 1770 3745 1793 ,

2165 1817 2216 1872 in
2247 1816 2443 1871 Christi
2483 1827 2755 1873 certamen
2796 1816 3000 1887 ingredi
3044 1816 3247 1871 audes?
3286 1817 3396 1872 Illic
3434 1819 3645 1889 quidem
3672 1822 3746 1877 ait

2160 1922 2359 1978 praeco,
2389 1907 2526 1965 Num
2550 1908 2670 1978 quis
2705 1907 2862 1977 hujus
2889 1907 2958 1962 sit
2982 1908 3299 1962 accusator?
3324 1908 3410 1964 hic
3436 1925 3561 1964 vero
3586 1911 3743 1966 Chri-

2163 2012 2278 2053 Stus
2300 2015 2404 2053 non
2429 2000 2499 2054 ita
2522 1999 2669 2065 dicit,
2693 1999 2785 2055 sed
2810 2000 3054 2069 quamvis
3073 2013 3259 2055 omnes
3276 2009 3400 2055 ante
3425 2000 3743 2071 baptismqu

2164 2090 2311 2144 illum
2342 2100 2612 2155 accusent,
2638 2090 2786 2156 dicit,
2812 2090 2925 2160 Ego
2948 2090 3096 2144 illum
3117 2090 3390 2144 admittam
3417 2101 3470 2146 et
3490 2093 3746 2147 servitute

2171 2180 2428 2242 liberabo.
2451 2192 2610 2251 atque
2638 2182 2689 2235 in
2717 2181 3016 2236 libertatem
3038 2180 3357 2236 vindicatum
3380 2182 3433 2237 iu
3453 2183 3742 2238 certamina

2162 2272 2514 2327 introducam.
2550 2272 2708 2327 Vides
2734 2271 3068 2343 agonothette
3093 2273 3512 2343 benignitatem?
3538 2273 3652 2329 Non
3678 2290 3740 2328 ea

2162 2368 2350 2437 quturit
2369 2383 2487 2438 qua-
2510 2367 2912 2438 przccesserint;
2942 2365 3033 2421 sed
3054 2382 3238 2421 eorum
3264 2383 3383 2437 quae
3408 2381 3743 2439 consequun-

2160 2466 2265 2523 tur,
2287 2458 2451 2528 exigit
2476 2459 2757 2513 rationcm.
2788 2457 2921 2513 Cum
2948 2472 3135 2512 servus
3158 2471 3326 2523 esses,
3351 2458 3492 2512 mille
3520 2474 3734 2513 accusa-

2158 2559 2302 2606 tores
2329 2551 2581 2614 habebas,
2613 2550 3016 2614 conseientiam,
3049 2560 3264 2619 peccata
3284 2592 3298 2612 ,
3331 2550 3601 2605 daemones
3626 2568 3735 2605 om-

2158 2659 2271 2699 nes.
2293 2643 2477 2699 Nullus
2498 2659 2603 2709 me,
2622 2644 2810 2711 inquit,
2833 2642 3043 2696 illorum
3061 2642 3341 2696 adversum
3362 2650 3412 2696 te
3431 2645 3736 2705 commovit,

2160 2753 2333 2807 neque
2361 2749 2410 2791 te
2440 2738 2574 2790 meis
2601 2736 2978 2790 certaminibus
3008 2734 3278 2804 indignum
3306 2734 3485 2789 censui
3503 2777 3517 2799 ,
3548 2734 3640 2789 sed
3672 2735 3735 2788 ad

2160 2830 2326 2884 luctas
2351 2828 2561 2893 admisi,
2589 2844 2693 2882 non
2722 2827 2792 2881 ob
2826 2837 2968 2881 tuam
3000 2826 3331 2897 dignitatem,
3353 2826 3445 2879 sed
3473 2826 3541 2880 ob
3567 2842 3736 2879 meant

2156 2923 2555 2993 benignitatem.
2587 2921 2739 2976 Mane
2761 2920 2919 2990 igitur
2939 2936 3001 2974 ac
3022 2920 3255 2985 decerta,
3280 2920 3391 2975 sive
3416 2920 3734 2974 currendum

2159 3014 2247 3077 sit,
2292 3015 2403 3068 sive
2448 3013 2681 3084 pugilatu
2707 3055 2724 3080 ,
2755 3014 2866 3067 sive
2896 3014 3168 3081 pancratio
3197 3010 3506 3065 certandum
3534 3010 3623 3077 sit,
3672 3028 3738 3066 ne

2156 3108 2366 3163 occulte
2388 3149 2403 3173 ,
2435 3123 2502 3162 ne
2532 3119 2733 3163 temere
2756 3146 2771 3171 ,
2806 3120 2903 3161 nec
2952 3104 3004 3159 in
3046 3120 3238 3159 vanum
3282 3103 3541 3159 deeertes.
3600 3104 3735 3157 Audi

2152 3201 2279 3273 qttid
2306 3203 2474 3272 egerit
2514 3201 2728 3256 Paulus.
2767 3198 3055 3254 Confestim
3088 3197 3174 3252 ubi
3215 3197 3283 3252 de
3312 3198 3522 3251 lavacro
3546 3212 3736 3251 ascen-

2151 3295 2267 3358 dit,
2316 3295 2491 3349 statim
2545 3302 2662 3363 pust
2713 3292 3033 3362 bapti~mum
3083 3289 3426 3354 decertabat,
3482 3288 3736 3359 pra'dica-

2151 3386 2241 3441 bat
2273 3428 2288 3452 ,
2320 3387 2568 3455 quoniam
2597 3385 2683 3440 hic
2706 3395 2787 3440 est
2814 3383 2979 3439 Filius
3011 3382 3103 3437 Dei
3125 3423 3139 3445 ,
3168 3390 3222 3435 et
3244 3380 3454 3435 Judteos
3475 3381 3585 3449 jam
3615 3380 3735 3433 inde

2149 3494 2179 3533 a
2210 3480 2383 3549 primo
2401 3477 2488 3532 die
2506 3476 2860 3532 confundebat
2882 3475 3017 3548 (Act.
3042 3474 3096 3528 9.
3117 3473 3230 3540 22).
3265 3474 3332 3527 At
3360 3481 3413 3525 tu
3443 3472 3733 3541 pra-dicare

2148 3586 2255 3625 non
2282 3578 2453 3640 potes,
2475 3584 2648 3637 neque
2669 3566 2887 3622 verbum
2914 3566 3170 3620 doctrinm
3196 3564 3395 3619 habes?
3422 3562 3583 3633 Igitur
3600 3578 3731 3632 epe-

2149 3662 2296 3715 ribus
2324 3671 2378 3715 et
2412 3660 2820 3714 conversatione
2848 3660 3222 3727 actionumque
3261 3654 3540 3725 splendore
3568 3654 3723 3709 doce.

2148 3750 2336 3806 ancat
2360 3752 2502 3806 enim
2528 3794 2543 3816 ,
2574 3751 2779 3821 inquit,
2808 3749 2900 3803 tua:
2935 3759 3098 3804 vestra
3126 3765 3295 3803 coram
3325 3747 3608 3802 hominibus
3634 3791 3646 3809 ,
3675 3758 3729 3802 ut

2146 3845 2343 3898 uideant
2367 3860 2521 3913 Opera
2546 3854 2706 3898 vestra
2731 3842 2882 3909 bona,
2907 3853 2954 3896 et
2977 3842 3258 3913 gloriﬁcent
3285 3839 3490 3894 Patrem
3511 3850 3726 3894 oestrum

2144 3935 2231 4004 qni
2257 3935 2309 3988 in
2337 3935 2473 3988 caelis
2501 3933 2802 4004 est(MattIt.
2824 3935 2879 3989 5.
2902 3934 3017 4005 lii).
3039 3932 3154 3988 Non
3184 3942 3332 4002 potes
3356 3931 3570 3987 Judteos
3600 3946 3728 3985 voce

2144 4026 2510 4081 confundere?
2536 4025 2641 4081 Fac
2671 4036 2724 4079 ut
2754 4035 2839 4080 tua
2869 4024 3275 4079 conversatione
3300 4022 3691 4079 confundantur
3709 4064 3723 4084 ,

2145 4116 2228 4172 fac
2273 4126 2329 4171 ιιι
2369 4127 2807 4172 commoveantur
2843 4126 2929 4170 tua
2972 4116 3263 4170 mutatione
3301 4117 3547 4185 gentiles.
3590 4114 3723 4169 Cum

2144 4210 2285 4264 enim
2312 4210 2540 4264 viderint
2571 4224 2692 4263 eum
2716 4210 2802 4278 qui
2833 4210 3078 4272 lascivus,
3110 4223 3303 4278 pravus
3326 4250 3341 4272 ,
3373 4222 3435 4261 ac
3457 4207 3727 4277 negligens

2143 4312 2197 4358 et
2219 4312 2500 4371 corruptus
2524 4310 2657 4367 erat,
2683 4302 2860 4356 subito
2891 4301 3054 4355 fuisse
3084 4308 3361 4363 mutatum,
3392 4310 3442 4353 et
3467 4309 3582 4369 post
3610 4314 3727 4351 ntu-

2148 4398 2400 4451 tationem
2428 4413 2491 4451 ex
2518 4397 2681 4466 gratia
2704 4396 3045 4449 mutationem
3068 4411 3129 4450 ex
3154 4393 3556 4447 conversatione
3576 4392 3724 4447 exhi-

2142 4485 2343 4554 huisse,
2367 4502 2543 4542 nonne
2563 4487 2973 4551 confundantur,
2996 4495 3049 4540 et
3068 4484 3245 4540 dicent
3266 4485 3314 4539 id
3335 4484 3474 4556 quod
3498 4485 3563 4539 de
3581 4500 3726 4539 casco

2141 4578 2308 4633 Judrci
2337 4578 2603 4648 quondam
2630 4578 2907 4641 dicebant,
2946 4576 3043 4631 llic
3067 4586 3172 4643 est,
3209 4575 3325 4630 Non
3357 4587 3431 4631 est
3459 4577 3577 4640 ille,
3608 4575 3725 4628 lmo

2141 4670 2250 4740 ipse
2274 4682 2346 4725 est
2384 4669 2564 4739 (Joan.
2591 4670 2646 4726 9.
2678 4670 2730 4724 8.
2760 4668 2857 4741 9)?
2883 4669 3017 4724 Sunt
3045 4669 3185 4723 enim
3217 4668 3331 4722 htnc
3360 4668 3521 4723 verba
3547 4666 3722 4722 bomi-

2142 4779 2267 4817 num
2293 4762 2658 4824 confusorum,
2685 4762 2753 4817 de
2782 4761 2995 4817 nomine
3021 4761 3118 4815 sibi
3147 4771 3271 4815 noto
3295 4760 3559 4824 dubitare,
3585 4761 3725 4815 inter

2140 4868 2200 4909 se
2225 4852 2502 4916 dissidere,
2534 4853 2762 4922 propriae
2784 4851 3126 4906 conscientiae
3152 4851 3369 4905 minime
3394 4851 3634 4915 credere,
3659 4865 3723 4905 ac

2140 4958 2209 4998 ne
2230 4945 2342 4998 suis
2369 4942 2580 5014 quidem
2611 4943 2799 4998 oculis.
2828 4942 2920 4997 llle
2948 4944 3239 4998 cmcitatem
3269 4942 3601 5013 corporalem
3628 4941 3724 4994 ab-

2135 5033 2287 5102 jecit,
2312 5042 2368 5088 tu
2391 5033 2717 5104 spiritualem
2742 5033 3037 5089 caecitatem
3060 5032 3335 5102 abiecisti;
3366 5033 3453 5089 ille
3478 5033 3529 5087 in
3551 5033 3720 5087 solum

2140 5123 2281 5178 hunc
2306 5126 2557 5194 reSpexit.
2581 5133 2636 5180 tu
2670 5125 2723 5180 in
2749 5126 2967 5196 justitite
2995 5124 3161 5181 solem
3191 5124 3415 5195 reSpice.
3447 5125 3718 5194 Agnovisti

2140 5215 2419 5271 Dominum
2446 5234 2459 5271 :
2484 5217 2565 5273 fac
2591 5218 2749 5287 igitur
2767 5233 2827 5275 ea
2850 5234 2966 5289 qua:
2994 5219 3092 5274 hac
3115 5219 3385 5289 agnitione
3409 5218 3517 5274 sint
3536 5218 3717 5289 digna,

2137 5316 2195 5362 ut
2227 5315 2283 5364 et
2309 5308 2557 5365 caelorum
2585 5325 2805 5379 regnum
2832 5310 3135 5380 assequaris
3153 5352 3169 5377 ,
3201 5312 3369 5380 gratia
3394 5322 3447 5366 et
3475 5309 3717 5381 benigni.

2136 5407 2245 5454 tate
2270 5399 2475 5453 Domini
2503 5400 2670 5456 nostri
2693 5400 2820 5455 Jesu
2844 5399 3061 5463 Christi,
3094 5416 3189 5470 per
3211 5416 3369 5471 quem
3390 5410 3447 5455 et
3471 5414 3719 5469 cumquo

2134 5490 2279 5546 Patri
2322 5490 2487 5561 gloria
2513 5533 2527 5557 ,
2559 5492 2728 5549 honor
2749 5534 2765 5558 ,
2796 5493 3076 5564 imperium
3101 5533 3116 5557 ,
3149 5507 3251 5547 una
3294 5506 3415 5547 cum
3447 5500 3631 5547 sancto
3655 5503 3719 5545 ac

2132 5582 2344 5637 vit-ilico
2367 5582 2586 5652 Spiritu,
2612 5600 2750 5641 nunc
2770 5594 2824 5640 et
2852 5599 3083 5656 semper,
3113 5592 3166 5641 et
3192 5586 3245 5640 in
3271 5583 3464 5640 saecula
3492 5583 3710 5639 sanatio.

2131 5690 2272 5731 rum.
2304 5675 2495 5730 Amen.

2934 5768 2961 5781 δ.
