4054 6216
463 288 547 349 ’17

1184 282 1243 339 S.
1286 285 1572 345 JOANNIS
1607 290 2103 351 CIIRYSOSTOMI
2143 294 2462 354 ARCHIEP.
2496 299 3055 360 CONS‘I‘AN'I‘INOP.

3640 290 3719 354 ’18

472 620 790 687 Συνὰξεως
840 609 939 675 διὰ
994 618 1217 691 χρόνον
1244 617 1316 673 ἐν
1354 615 1431 687 τῇ
1479 615 1708 686 παλαιᾷ
1746 612 2046 683 ἐκκλησίᾳ
2074 613 2420 687 γενομένης,
2455 618 2545 686 είς
2589 619 2705 690 τὴν
2730 619 3071 692 ἐπιγραφὴν
3100 619 3220 676 τῶν
3281 622 3560 693 Πράξεων
3603 628 3724 686 τῶν

532 713 916 775 ἀποστόλων,
947 710 1046 764 καί
1075 710 1162 766 ὅτι
1196 707 1642 782 χρησιμώτερος
1670 708 1812 774 βίος
1833 703 2114 776 ἐνάρετος
2139 707 2405 776 σημείων
2430 709 2529 764 καὶ
2555 711 2889 784 θαυμάτων,
2925 712 3023 768 καί
3051 713 3202 770 κατὰ
3228 714 3287 770 τί
3311 714 3576 787 διαφέρει
3613 736 3722 775 πο.

529 802 723 859 λιτειά
747 798 1032 870 σημείων.

535 1086 608 1134 α’.
640 1077 738 1135 Διά
763 1076 956 1150 χρόνου
981 1076 1117 1149 πρὸς
1131 1069 1228 1146 τὴν
1261 1073 1475 1145 μητέρα
1493 1071 1649 1142 ἡμῶν
1669 1065 2042 1140 ἐπανήλθομεν

465 1173 648 1236 πάλιν,
677 1173 777 1244 τὴν
826 1169 1080 1241 ποθεινὴν
1121 1169 1216 1222 καὶ
1261 1165 1564 1239 ἐπέραστον
1599 1164 1806 1235 ταύτην
1839 1162 2055 1237 ἅπασιν

463 1260 779 1333 ἐκκλησίαν,
817 1259 954 1332 πρὸς
984 1259 1085 1329 τὴν
1119 1256 1329 1328 μητέρα
1372 1254 1531 1327 ήμῶν
1568 1254 1663 1308 καὶ
1706 1253 1815 1308 τῶν
1843 1252 2042 1324 ἐκκλη-

464 1355 597 1410 σιῶν
626 1354 871 1409 ἀπασῶν.
908 1351 1105 1423 Μήτηρ
1150 1350 1248 1421 μὲν
1282 1348 1413 1419 7&9,
1467 1348 1566 1419 ούχ
1624 1347 1707 1401 δτι
1757 1346 1834 1418 τῷ
1866 1346 2042 1418 χρόνῳ

464 1445 814 1518 πρεσϐυτέρα
848 1444 1007 1516 μόνον
1056 1441 1224 1506 ἐστὶν,
1258 1439 1371 1494 ἀλλ’
1403 1440 1486 1493 δτι
1542 1439 1637 1492 κα)⁵
1679 1437 1783 1492 ὑπὸ
1807 1439 2041 1492 ἀποστο-

460 1537 630 1593 λικῶν
654 1534 990 1608 ἐθεμελιώοη
1030 1531 1266 1606 χειρῶν·
1319 1529 1407 1584 διά
1454 1527 1613 1582 τοῦτο
1658 1528 1916 1592 πολλάκις
1946 1527 2041 1582 καὶ

460 1633 880 1701 κατασκαφεῖσα
917 1628 1004 1684 διὰ
1039 1629 1099 1682 τὸ
1124 1628 1293 1698 ὄνομα
1325 1626 1419 1681 τοῦ
1448 1622 1708 1696 Χριστοῦ,
1742 1622 1905 1676 πάλιν
1931 1621 2041 1693 ὠρ-

462 1724 610 1795 won
643 1722 732 1777 διὰ
755 1722 854 1793 τῆς
872 1720 1155 1790 δυνάμεως
1183 1717 1277 1772 τοῦ
1306 1716 1565 1789 Χριστοῦ.
1584 1715 1657 1769 Ού
1680 1713 1789 1787 7&9
1820 1715 1874 1768 αἱ
1908 1713 2042 1767 ἀπο-

462 1812 709 1870 στολικαὶ
735 1811 895 1883 μόνον
932 1808 1105 1880 αὐτὴν
1132 1808 1504 1879 ἐθεμελίωσαν
1536 1808 1741 1879 χεῖρες,
1773 1804 1911 1859 ἀλλά
1946 1803 2042 1858 καὶ

459 1906 558 1962 τοῦ
587 1903 859 1958 Δεσπότοο
890 1900 999 1955 τῶν
1036 1899 1351 1955 ἀποστόλων
1392 1900 1426 1970 ή
1466 1899 1739 1968 ἀπόφασις
1782 1896 2041 1969 ἐτείχισεν

460 2000 630 2072 αὐτὴν
656 1996 830 2067 καινῷ
852 1996 948 2051 καὶ
976 1992 1266 2066 παραδόξῳ
1294 1989 1576 2063 τειχισμοῦ
1597 1991 1803 2063 τρόπῳ.
1834 1991 1910 2043 Οὐ
1931 1988 2041 2061 γὰρ

462 2091 595 2157 ξύλα
618 2090 713 2145 καὶ
743 2090 927 2154 λίθους
953 2087 1188 2151 συνθεὶς,
1217 2086 1391 2149 οὕτως
1421 2084 1740 2156 ᾠκοδόμησε
1759 2082 1851 2137 τὸν
1886 2081 2042 2154 περί-

460 2181 637 2247 ϐολον,
661 2179 782 2234 οὐδὲ
812 2179 1021 2251 τάφρον
1053 2177 1253 2245 ἔξωθεν
1277 2176 1625 2250 περιελάσας,
1650 2176 1745 2231 καὶ
1773 2175 2039 2239 σκόλοπας

460 2267 804 2341 καταπήξας,
851 2267 945 2321 καὶ⁵
1001 2266 1247 2339 πύργους
1291 2266 1614 2337 ἀναστήσας,
1658 2265 1832 2332 οὕτως
1869 2264 2037 2337 αὐτὴν

458 2359 812 2432 ήσιραλίσατο·
840 2354 956 2413 ἀλλ’
986 2357 1287 2429 ἐφθέγξατο
1318 2356 1412 2411 δύο
1438 2358 1660 2428 ῥήματα
1687 2355 1818 2431 ψιλά
1846 2357 2031 2427 μόνον,

460 2447 761 2505 καὶταῦτα
791 2449 1032 2520 ⁷ήρκεσεν
1065 2447 1185 2501 ἀντὶ
1221 2446 1435 2516 τείχους
1478 2447 1637 2517 αὐτῇ,
1672 2447 1766 2499 καὶ
1802 2446 2033 2517 πύργου,

461 2542 556 2597 καὶ
582 2541 811 2610 τάφρου,
835 2538 932 2592 καὶ
959 2538 1257 2607 ἀσφαλείας
1285 2536 1525 2608 ἀπάσης.
1548 2537 1659 2591 Καὶ
1681 2536 1802 2591 τίνα
1831 2538 1946 2590 ἐστὶ
1968 2538 2035 2590 τά

463 2627 687 2698 ῥήματα
709 2623 903 2691 ταῦτα,
932 2624 968 2678 ἀ
988 2623 1258 2694 τοσαύτην
1290 2623 1402 2695 ἔχει
1436 2623 1535 2695 τήν
1565 2624 1717 2694 ἰσχύν
1742 2641 1757 2689 ;
1799 2625 1929 2679 Ἐπὶ
1961 2623 2034 2694 τῇ

461 2715 649 2785 πέτρᾳ
686 2715 872 2783 ταύτῃ
920 2712 1296 2783 οἰκοδομήσω
1324 2731 1446 2783 μου
1475 2714 1591 2783 τὴν
1644 2714 2029 2783 Ἐκκλησίαν·

461 2807 563 2861 καὶ
606 2807 795 2861 πύλαι
829 2804 976 2873 ᾅδου
1020 2806 1088 2861 οὑ
1119 2805 1608 2875 κατισχύσουσιν
1625 2805 1835 2874 αὐτῆς.
1865 2805 2035 2860 Τοῦτό

462 2901 581 2955 ἐστι
601 2898 663 2953 τδ
687 2901 886 2968 τεῖχος,
923 2896 1084 2953 τοῦτο
1106 2898 1136 2949 6
1171 2897 1476 2969 περίϐολος,
1503 2897 1709 2971 τοῦτοή
1742 2899 2032 2969 ἀσφάλεια,

460 2990 620 3046 τοῦτο
648 2989 811 3063 λιμὴν
832 2990 927 3046 καὶ
948 2992 1255 3063 καταφυγή.
1293 2992 1364 3046 Σὺ
1391 2990 1454 3046 δέ
1477 3007 1568 3063 μοι
1589 2991 1779 3045 σκόπει
1807 2991 2035 3045 κάντεῦ-

461 3084 553 3138 θεν
580 3083 676 3138 τοῦ
706 3083 917 3155 τείχους
945 3084 1007 3138 τὸ
1043 3082 1308 3156 ἀρῤαγές.
1341 3083 1417 3137 Ού
1462 3083 1569 3156 7&9
1597 3077 1770 3150 εἶπεν,
1811 3083 1896 3137 ὅτι
1936 3083 2033 3137 ἀν-

461 3176 697 3248 θρώπιον
734 3175 1016 3231 ἐπιϐουλαὶ
1060 3176 1126 3229 ού
1178 3173 1595 3245 κατισχύσουσιν
1644 3175 1814 3247 αὐτῆς
1848 3175 2030 3246 μόνον,

460 3267 576 3323 ἀλλ’
607 3269 690 3322 δτι
709 3267 820 3322 οὐδ’
847 3267 1008 3322 αύταὶ
1034 3269 1088 3322 αί
1118 3265 1358 3338 μηχαναὶ
1389 3265 1484 3320 τοῦ
1515 3265 1665 3338 ᾄδου-
1691 3267 1883 3320 Πύλαι
1901 3260 2031 3337 γὰρ,

460 3359 649 3431 φησὶν,
682 3359 919 3427 ᾄδουσὺ
941 3359 1428 3427 κατισχύσουσιν
1459 3355 1669 3426 αὐτῆς.
1710 3358 1823 3411 Οὐκ
1858 3351 2032 3425 εἶπεν,

461 3452 534 3504 Ού
552 3448 667 3523 [61]
685 3448 1083 3520 προσϐαλοῦσιν
1105 3449 1264 3519 αὐτῇ,
1285 3447 1399 3502 ἀλλ’
1426 3449 1508 3502 ὅτι
1534 3449 1615 3501 Οὐ
1632 3448 2036 3517 κατισχύσου-

460 3553 567 3592 σιν
602 3536 809 3606 αὐτῆς·
844 3536 1214 3609 προσϐαλοῦσι
1257 3539 1356 3608 μὲν
1408 3533 1553 3609 γὰρ,
1585 3539 1646 3591 ού
1685 3538 2028 3610 περιέσονται

460 3628 517 3681 δέ
549 3627 738 3698 αὐτῆς.
798 3626 958 3680 Ἀλλά
994 3628 1047 3681 τί
1077 3627 1206 3680 ποτέ
1262 3628 1400 3691 ἐστι,
1452 3630 1641 3683 Πύλαι
1674 3630 1858 3698 ς’ἰδου;
1887 3631 2028 3703 τάχα

460 3717 570 3789 γὰρ
592 3718 799 3787 ἀσαφὲς
851 3716 915 3771 τὸ
946 3717 1255 3789 εἰρημένον.
1310 3704 1613 3793 mome
1638 3722 1691 3773 τί
1734 3724 1850 3775 ἐστι
1882 3722 2028 3794 πύλη

460 3809 689 3873 πόλεως,
726 3809 818 3863 καὶ
841 3808 963 3863 τότε
992 3807 1250 3879 εἰσόμεθα
1279 3808 1332 3863 τί
1364 3810 1480 3864 ἐστι
1510 3811 1650 3884 πύλη
1685 3812 1833 3885 ᾅδου.
1878 3814 2025 3886 Πύλη

456 3899 670 3964 πόλεώς
721 3901 867 3955 ἐστιν
909 3900 1111 3964 εἴσοδος
1152 3902 1185 3972 ή
1236 3901 1318 3965 είς
1353 3900 1451 3973 τὴν
1503 3903 1687 3982 πόλιν·
1710 3904 1906 3960 οὐκοῦν
1934 3907 2029 3960 καὶ

456 3992 606 4064 πύλη
626 3993 752 4066 ᾅδου
769 3993 886 4047 ἐστὶ
908 3993 1149 4058 κίνδυνος
1172 3993 1253 4057 είς
1269 3994 1360 4049 τὸν
1381 3994 1512 4066 ᾅδην
1535 3985 1733 4072 φέρων.
1759 3999 1824 4051 Ὅ
1848 3998 2028 4053 τοίνυν

458 4083 630 4153 λέγει,
658 4082 899 4137 τοιοῦτόν
950 4083 1122 4137 ἐστιν·
1150 4082 1250 4136 Ἂν
1280 4084 1511 4139 τοιοῦτοι
1541 4078 2023 4158 ’κ·ίνδυνοι,’καταρο

458 4170 673 4246 ραγῶσι
715 4170 812 4225 καὶ
859 4171 1259 4241 προσϐάλωσιν,
1292 4173 1369 4237 ὡς
1413 4173 1547 4244 πρὸς
1591 4166 1753 4227 αύτδν
1772 4176 2027 4243 ’ἐνεγκεῖν

456 4254 608 4334 ἡμᾶς
649 4262 741 4317 τδν
780 4261 947 4334 ᾅδην,
980 4261 1373 4333 ἀπερίτρεπτος
1424 4265 1457 4335 ή
1519 4264 1812 4335 Ἐκκλησία
1854 4266 2023 4338 μένει.

468 4353 734 4409 Ἦδύνατο
769 4352 868 4424 μὲν
892 4351 1000 4425 γὰρ
1036 4352 1109 4424 μὴ
1135 4352 1351 4422 ἀφεῖναι
1402 4357 1597 4424 πεῖραν
1622 4357 1792 4428 αὐτὴν
1841 4358 2027 4413 λαϐεῖν

456 4444 571 4501 τῶν
594 4444 805 4501 δεινῶν·
855 4445 999 4509 τίνος
1027 4440 1119 4499 οὖν
1168 4443 1352 4500 ἐνεκεν
1402 4445 1643 4519 ἀφῆκεν;
1673 4447 1791 4502 ’Ότι
1848 4450 2026 4522 πολλῷ

462 4536 647 4610 μεῖζόν
672 4539 787 4592 ἐστι
820 4536 915 4593 τοῦ
946 4536 1186 4592 κωλῦσαι
1217 4538 1344 4603 τοὺς
1369 4541 1702 4611 πειρασμοὺς
1722 4540 1783 4595 τὸ
1812 4560 2025 4614 συγχω-

459 4632 701 4703 ρήσαντα
727 4630 854 4694 τοὺς
879 4632 1216 4701 πειρασμοὺς
1230 4631 1421 4694 ἐλθεῖν,
1438 4633 1601 4704 μηδὲν
1619 4634 1834 4703 ἀφεῖναι
1857 4635 2026 4692 δεινὸν

462 4723 529 4776 ἐκ
563 4721 663 4792 τῆς
688 4721 982 4791 ἐπαγωγῆς
1008 4720 1214 4776 τούτων
1263 4721 1473 4777 παθεῖν.
1518 4725 1616 4778 Διά
1654 4725 1809 4780 τοῦτο
1845 4727 2024 4800 ἀφῆκε

460 4812 668 4877 πάντας
692 4810 936 4869 ἐπελθεῖν
961 4812 1087 4876 τοὺς
1114 4815 1454 4884 πειρασμοὺς
1473 4854 1488 4876 ,
1525 4814 1612 4869 ἵνα
1650 4816 2023 4890 δοκιμωτέραν

459 4902 628 4974 αὐτὴν
656 4891 975 4975 ἐργάσηται·
998 4902 1080 4959 "H
1104 4904 1213 4975 7&9
1239 4905 1446 4974 θλίψις
1475 4908 1793 4978 ὑπομονὴν
1817 4927 2022 4980 κατερσ

460 4990 708 5057 τέξεται,
730 4992 777 5059 ἡ
794 4990 864 5047 δὲ
885 4990 1158 5061 ὑπομονὴ
1186 4991 1460 5062 δοκιμήν.
1491 4994 1603 5048 Καὶ
1630 4995 1716 5050 ῖνα
1746 4997 1844 5069 τὴν
1863 4998 2024 5054 δύνα-

462 5096 557 5151 μιν
572 5077 669 5151 τὴν
687 5077 885 5134 ἑαυτοῦ
911 5080 1046 5150 μετά
1074 5078 1317 5145 πλείονος
1344 5082 1670 5153 ἐπιδείξηται
1687 5088 2022 5157 περιουσίας,

458 5170 518 5237 ἐξ
553 5169 732 5223 αὐτῶν
769 5168 877 5223 τῶν
908 5169 1095 5223 πυλῶν
1117 5167 1212 5223 τοῦ
1244 5170 1473 5226 θανάτου
1513 5172 1806 5245 ἐξαρπάζει
1833 5178 2021 5249 αὑτήν.

458 5263 558 5318 Διά
604 5262 764 5317 τοῦτο
818 5264 914 5317 καὶ
968 5261 1030 5316 τὸ
1082 5262 1368 5318 κλυδώνιον
1414 5264 1567 5318 είασε
1616 5268 1887 5336 γενέσθαι,
1932 5272 2026 5325 καὶ

458 5353 827 5429 βαπτισθῆναι
855 5353 914 5408 τὸ
937 5354 1141 5423 σκάφος
1168 5354 1268 5407 οὐκ
1296 5355 1497 5409 εἴασεν.
1528 5357 1685 5412 οὕτω
1710 5361 1803 5413 καὶ
1828 5363 2024 5432 κυϐερο

459 5445 623 5516 νήτην
651 5443 1022 5516 θαυμάζομεν,
1057 5445 1155 5517 οὐχ
1186 5445 1312 5501 ὅταν
1344 5445 1405 5512 ἐξ
1439 5446 1624 5519 οὐρίας
1666 5448 1863 5515 πλέων,
1914 5451 2022 5505 οὐδ’

459 5535 582 5588 ’ὁταν
603 5534 745 5590 κατά
760 5536 1014 5607 πρύμναν
1031 5538 1318 5609 ἱσταμένου
1344 5536 1438 5592 τοῦ
1464 5537 1769 5610 πνεύματος
1781 5540 2021 5614 διασώσῃ

466 5625 516 5677 τὸ
552 5625 776 5696 σκάφος·
811 5627 926 5681 ἀλλ’
954 5628 1081 5682 ὅταν
1114 5628 1214 5699 τῆς
1263 5628 1539 5701 θαλάσσης
1591 5630 1983 5705 στασιαζούσης
2003 5673 2019 5700 ,

459 5710 550 5765 καὶ
597 5712 706 5767 τῶν
761 5715 1018 5786 κυμάτων
1047 5717 1442 5789 ἀγριουμένων,
1476 5719 1571 5772 καὶ
1610 5720 1706 5776 τοῦ
1752 5723 2019 5795 χειμῶνος

2072 907 2146 920 '-

2144 1067 2690 1141 καταρρηγνυμένου,
2712 1068 2813 1143 τήν
2848 1070 3045 1143 τέχνην
3078 1069 3216 1144 πρὸς
3236 1072 3336 1146 τὴν
3365 1075 3474 1131 τῶν
3503 1078 3720 1151 ἀνέμων

2142 1157 2473 1228 ἀντιστήσας
2508 1159 2700 1233 φοράν,
2732 1162 2795 1214 ἐκ
2821 1162 2986 1234 μέσου
3016 1162 3110 1216 τοῦ
3130 1164 3397 1236 χειμῶνος
3427 1168 3716 1246 ἐξαρπάσῃ

2142 1247 2205 1302 τὸ
2230 1249 2432 1305 πλοῖον.
2463 1249 2619 1305 Οὕτω
2667 1252 2761 1305 καὶ
2794 1255 2823 1308 6
2872 1254 3107 1326 Χριστὸς
3155 1256 3399 1329 ἐποίησε.
3446 1261 3719 1337 Καθάπερ

2143 1338 2325 1393 πλοῖον
2363 1341 2423 1393 ἐν
2455 1340 2692 1415 θαλάττῃ
2728 1342 2828 1415 τὴν
2866 1344 3193 1417 Ἐκκλησίαν
3226 1349 3285 1401 ἐν
3322 1352 3389 1421 τῇ
3422 1353 3716 1426 οἰκουμένη

2143 1431 2406 1503 φέρεσθαι
2436 1433 2596 1488 πάλιν
2625 1433 2806 1504 ἀφεὶς,
2839 1436 2900 1490 ού
2941 1437 3206 1492 κατέλυσε
3231 1438 3331 1511 τὴν
3359 1441 3554 1515 ζάλην,
3592 1446 3709 1499 ἀλλ’

2140 1524 2416 1597 ἐξήρπασε
2451 1523 2553 1596 τῆς
2581 1523 2771 1597 ζάλης·
2806 1527 2868 1579 ού
2917 1527 3228 1583 κατέστειλε
3256 1531 3356 1603 τήν
3402 1533 3714 1596 θάλασσαν,

2139 1614 2254 1669 ἀλλ’
2285 1615 2619 1687 ἠσφαλίσατο
2657 1616 2755 1688 τὴν
2791 1616 2957 1671 ναῦν·
3009 1621 3103 1673 καὶ
3148 1620 3579 1695 διανισταμένων
3608 1628 3716 1681 τῶν

2141 1707 2418 1778 πανταχοῦ
2467 1707 2675 1779 δήμων,
2728 1709 2981 1782 καθάπερ
3030 1712 3291 1782 κυμάτων
3339 1716 3569 1788 ἀγρίων,
3622 1721 3716 1773 καὶ

2139 1797 2561 1869 προσϐαλόντων
2610 1800 2746 1870 αὐτῇ
2792 1800 2901 1854 τῶν
2932 1802 3256 1872 πνευμάτων
3288 1806 3395 1859 τῶν
3427 1809 3713 1881 πονηρῶν,

2138 1887 2389 1960 καθάπερ
2416 1889 2667 1959 χαλεπῶν
2688 1891 2926 1962 ἀνέμων,
2956 1893 3050 1946 καὶ
3078 1893 3341 1950 πάντοθεν
3361 1899 3713 1971 ἐγειρομένου

2137 1979 2233 2032 τοῦ
2274 1980 2577 2052 χειμῶνος,
2628 1982 2831 2049 πολλὴν
2873 1987 2939 2056 τῇ
2991 1985 3288 2065 Ἐκκλησία
3328 1988 3428 2062 τὴν
3471 1992 3715 2065 γαλήνην

2139 2070 2339 2124 ἐποίει·
2374 2071 2471 2125 καὶ
2499 2070 2562 2125 τὸ
2589 2071 2654 2144 δή
2683 2064 3031 2145 θαυμαστὸν,
3059 2076 3142 2130 δτι
3169 2078 3232 2131 ού
3266 2080 3425 2151 μόνον
3452 2083 3483 2135 6
3504 2064 3715 2154 χειμιὶιν

2137 2161 2199 2214 ού
2226 2161 2527 2215 κατέκλυσε
2557 2162 2657 2234 τὴν
2687 2164 3004 2231 ναῦν,.ἀλλ’
3039 2166 3120 2221 ὃτι
3161 2169 3256 2222 καὶ
3281 2170 3369 2223 τὸν
3397 2174 3641 2243 χειμῶνα
3671 2177 3706 2246 ή

2137 2251 2270 2316 ναῦς
2292 2253 2606 2307 κατέλυσεν.
2630 2256 2695 2309 υἱ
2728 2256 2837 2328 γὰρ
2867 2255 3097 2328 διωγμοὶ
3124 2261 3171 2313 οί
3195 2264 3439 2331 συνεχεῖς
3465 2264 3525 2317 ού
3553 2265 3713 2335 μόνον

2134 2342 2196 2396 ού
2229 2344 2623 2399 κατεπόντισαν
2653 2345 2751 2417 τὴν
2792 2347 3141 2420 Ἐκκλησίαν,
3180 2351 3316 2406 ἀλλά
3348 2356 3440 2408 καὶ
3464 2336 3711 2430 διελύθη-

2136 2448 2237 2486 σαν
2268 2433 2373 2488 ύπδ
2406 2435 2508 2506 τῆς
2547 2437 2891 2508 Ἑκκλησίας.
2923 2438 3048 2505 Πῶς
3081 2443 3174 2497 καὶ⁵
3206 2443 3326 2498 τίνα
3360 2447 3583 2517 τρόπον,
3614 2451 3710 2503 καὶ

2135 2522 2300 2612 πόθεν
2324 2541 2338 2589 ;
2388 2525 2522 2580 Ἀπὸ
2556 2531 2659 2600 τῆς
2684 2530 3015 2600 ἀποφάσεως
3043 2533 3245 2606 ταύτης
3270 2535 3370 2606 τῆς
3398 2537 3666 2612 λεγούσης
3687 2582 3703 2602 ,

2133 2611 2327 2664 Πύλαι
2358 2612 2508 2680 ᾅδου
2536 2616 2610 2669 οὐ
2649 2619 3133 2688 κατισχύσουσιν
3167 2624 3376 2695 αὐτῆς.
3409 2627 3560 2683 Πόσα
3584 2611 3710 2685 ἔκα-

2137 2718 2235 2773 μον
2263 2702 2548 2777 Ἕλληνες,
2599 2706 2742 2762 ὥστε
2779 2709 2839 2764 τὸ
2883 2711 3035 2783 ῥῆμα
3065 2714 3223 2768 τοῦτο
3263 2716 3535 2785 καθελεῖν,
3566 2720 3707 2776 ὥστε

2134 2796 2336 2870 ἄκυρον
2362 2800 2586 2871 ποιῆσαι
2612 2801 2710 2873 τὴν
2734 2804 3028 2875 ἀπόφασιν,
3046 2806 3143 2861 καὶ
3162 2808 3262 2863 οὐκ
3287 2810 3513 2881 ἴσχυσαν
3537 2830 3709 2868 κατα-

2133 2888 2294 2946 λῦσαι
2309 2908 2324 2955 ;
2340 2890 2475 2946 Θεοῦ
2500 2892 2609 2966 γὰρ
2629 2896 2663 2966 ή
2689 2895 2963 2965 ἀπόφασις
2978 2894 3066 2970 ἦν.
3088 2901 3199 2955 Καὶ
3224 2901 3477 2976 καθάπερ
3499 2904 3708 2979 πύργον

2133 2980 2192 3048 ἐξ
2219 2982 2598 3054 ἀδαμαντίνων
2630 2985 2793 3042 λίθων
2830 2989 3203 3061 συγκείμενον,
3231 2992 3433 3066 σιδήρῳ
3464 2995 3704 3050 συνδεδε-

2137 3074 2295 3143 μένον
2320 3074 2585 3147 ἀκριϐῶς,
2627 3078 2678 3131 οί
2728 3078 2976 3151 πολέμιοι
3023 3083 3361 3153 πανταχόθεν
3388 3085 3702 3156 βάλλοντες,

2133 3157 2259 3214 οὔτε
2286 3160 2386 3233 τὴν
2413 3164 2706 3236 οἰκοδομὴν
2755 3166 3083 3237 χαυνοῦσιν,
3122 3170 3246 3224 οὗτε
3287 3173 3388 3245 τὴν
3435 3175 3701 3247 ἁρμονίαν

2134 3251 2519 3324 παραλύουσιν,
2551 3254 2665 3309 ἀλλ’
2697 3257 3022 3329 ἀπέρχονται
3044 3260 3136 3313 τὸν
3166 3263 3263 3333 μὲν
3302 3264 3510 3334 πύργον
3536 3267 3701 3337 μηδὲν

2133 3340 2598 3411 καταϐλάψαντες,
2632 3345 2767 3415 μηδὲ
2818 3348 3144 3417 ποιήσαντες
3173 3368 3227 3404 τι
3277 3352 3482 3418 κακὸν,
3526 3355 3622 3426 τὴν
3646 3354 3703 3409 δέ

2132 3433 2342 3488 ἐαυτῶν
2375 3436 2777 3504 καταλύσαντες
2800 3440 3213 3513 δύναμιν·οῦτω
3244 3443 3306 3516 δὴ
3330 3446 3422 3499 καὶ
3452 3447 3517 3500 τὸ
3549 3449 3702 3520 ῥῆμα

2133 3525 2311 3590 τοῦτο,
2330 3528 2582 3602 καθάπερ
2604 3532 2812 3604 πύργον
2844 3534 3046 3607 ὑψηλὸν
3069 3540 3126 3590 ἐν
3149 3537 3285 3608 μέσῃ
3317 3541 3380 3608 τῇ
3405 3540 3700 3616 οἰκουμένῃ

2138 3616 2275 3687 μετὰ
2312 3621 2611 3689 ἀσφαλείας
2656 3626 3056 3698 τετειχισμένον
3080 3668 3094 3692 ,
3127 3629 3176 3682 οἱ
3206 3626 3463 3700 ’Έλληνες
3497 3648 3704 3685 παντα-

2134 3709 2290 3779 χόθεν
2321 3710 2624 3781 βάλλοντες,
2650 3715 2812 3769 αὐτόν
2833 3733 2891 3769 τε
2933 3717 3152 3790 ἰσχυρὸν
3180 3719 3481 3791 ἀπέφηναν,
3514 3723 3612 3794 τὴν
3645 3724 3702 3778 δέ

2133 3801 2341 3857 ἑαυτῶν
2371 3804 2773 3872 καταλύσαντες
2797 3807 3157 3879 ίσχὺν,οῧτως
3176 3811 3467 3868 ἀπέθανον.
3498 3814 3564 3867 Τί
3588 3816 3697 3888 γὰρ

2132 3893 2231 3947 οὐκ
2276 3895 2689 3968 ἐμηχανήσαντο
2742 3899 2884 3953 κατά
2931 3900 3033 3970 τῆς
3085 3901 3412 3973 ἀποφάσεως
3465 3903 3699 3977 ταύτης;

2134 3986 2481 4056 Στρατόπεδα
2513 3989 2980 4060 παρεσκευάζετο,
3011 3991 3155 4046 ὅπλα
3187 3995 3436 4062 ἐκινεῖτο,
3467 3993 3701 4065 βασιλεῖς

2133 4079 2555 4146 καθωπλίζοντο,
2574 4083 2737 4154 δῆμοι
2761 4084 3122 4158 διηγείροντο,
3137 4088 3318 4154 πόλεις
3340 4090 3699 4157 διανίσταντο,

2131 4176 2384 4230 δικασταὶ
2435 4178 2850 4248 παρωξύνοντο,
2902 4181 3048 4236 ἅπαν
3100 4186 3372 4257 τιμωρίας
3402 4186 3517 4260 [621
3560 4183 3703 4251 εἶδος

2133 4273 2421 4329 ἐπενοεῖτο·
2456 4274 2632 4339 οὐδεὶς
2682 4276 3129 4351 παρελιμπάνετο
3159 4280 3436 4348 κολάσεως
3459 4283 3662 4354 τρόπος
3680 4300 3699 4319 ·

2132 4369 2266 4443 πῦρ,
2300 4370 2395 4424 καὶ
2435 4371 2652 4444 σίδηρος
2703 4384 2752 4442 ι,
2794 4376 2887 4428 καὶ
2920 4374 3128 4448 θηρίων
3168 4376 3398 4457 ὀδόντες,
3436 4379 3532 4432 καὶ
3562 4396 3702 4452 κρη-

2135 4465 2278 4537 μνοὶ,
2309 4468 2405 4521 καὶ
2428 4470 3006 4541 καταποντισμοὶ,.καὶ
3047 4470 3341 4544 βάραθρον,
3385 4475 3481 4527 καὶ
3521 4474 3699 4543 ξύλον,

2131 4561 2226 4617 καὶ
2252 4564 2505 4638 σταυρὸς,
2535 4564 2629 4619 καὶ
2654 4565 2903 4637 κάμινος,
2938 4568 3034 4621 καὶ
3067 4570 3242 4623 πάντα
3271 4569 3372 4623 ὅσα
3401 4568 3555 4641 ὤφθη
3588 4573 3701 4625 πώ-

2130 4676 2263 4713 ποτε
2281 4658 2676 4733 βασανιστήρια
2700 4662 2780 4726 είς
2803 4663 2967 4734 μέσον
2987 4663 3262 4734 ἐφέροντο·
3277 4665 3514 4721 ἀπειλῶν
3537 4667 3702 4736 δγκος

2130 4757 2358 4827 ἀφατος,
2386 4758 2560 4830 τιμῶν
2589 4758 2908 4829 ὑποσχέσεις
2931 4760 3150 4828 ἀφατοι,
3201 4758 3343 4814 ὥστε
3372 4762 3565 4834 ἐκείνῳ
3596 4764 3698 4834 μὲν

2129 4856 2367 4927 φοϐῆσαι
2393 4855 2473 4928 τῷ
2497 4855 2708 4929 τρόπῳ,
2747 4854 2924 4926 τούτῳ
2952 4856 3010 4910 δὲ
3041 4856 3265 4911 ἐκλῦσαι
3304 4860 3400 4913 καὶ
3428 4859 3699 4915 δελεάσαι.

2130 4954 2294 5008 οὐδὲν
2310 4953 2442 5021 γοῦν
2467 4952 2703 5023 ἀπάτης,
2720 4952 2781 5006 οὐ
2806 4952 2929 5024 βίας
2948 4953 3390 5025 παρελιμπάνετο
3407 4951 3567 5021 εἶδος.
3586 4958 3700 5013 Καὶ

2129 5049 2237 5121 γὰρ
2267 5050 2498 5120 πατέρες
2523 5050 2718 5114 παῖδας
2747 5050 3088 5120 παρέδωκαν,
3122 5051 3214 5104 καὶ
3238 5052 3424 5118 παῖδες
3451 5054 3702 5128 πατέρας

2127 5146 2420 5216 ⁴ήγνόησαν·
2455 5146 2688 5218 μητέρες
2719 5145 2923 5201 ὠδίνων
2973 5147 3319 5202 ἐπελάθοντο·
3367 5150 3460 5204 καὶ
3511 5152 3561 5204 οι
3598 5149 3701 5222 τῆς

2130 5239 2344 5309 φύσεως
2382 5241 2765 5314 ἀνετράπησαν
2803 5243 2977 5314 νόμοι.
3021 5243 3161 5296 Ἀλλ’
3183 5244 3333 5311 ὅμως
3362 5246 3411 5298 οἱ
3454 5244 3698 5315 θεμέλιοι

2129 5338 2228 5408 τῆς
2262 5338 2583 5411 Ἐκκλησίας
2632 5340 2751 5394 ούδέ
2801 5339 2974 5404 οὕτως
3036 5340 3423 5412 ἐσαλεύθησαν·
3452 5340 3586 5396 ἀλλά
3611 5342 3703 5397 διὰ

2129 5435 2230 5505 τῆς
2256 5437 2576 5506 συγγενείας
2604 5436 2772 5508 αὐτῆς
2809 5439 2838 5491 6
2866 5436 3101 5509 πόλεμος
3127 5430 3289 5510 ήρετο
3321 5439 3414 5492 καὶ
3440 5439 3549 5493 τῶν
3582 5455 3702 5494 τει-

2193 5613 2219 5641 ³
2244 5610 2354 5678 Πῦρ.
2370 5612 2451 5660 καὶ
2488 5611 2695 5678 σίδηρος.
2721 5612 2796 5662 Ab
2827 5613 2906 5678 his
2929 5623 3095 5678 νει-ωε
3115 5615 3287 5678 incipit
3307 5629 3402 5678 _ms.
3435 5615 3541 5662 Mox
3564 5615 3699 5678 idem

2129 5672 2260 5738 ξύλον
2282 5672 2361 5720 καὶ
2381 5673 2547 5738 τροχός
2569 5672 2899 5738 καὶ-σταυρὸς.
2929 5673 3037 5738 Mox
3064 5672 3271 5738 ἐφέρετο.
3306 5676 3536 5725 Ἀπειλῶν
3559 5675 3703 5735 ὄγκος

2124 5733 2421 5798 ἀφόρητος-..⁷
2441 5733 2565 5784 lhfl'a
2586 5734 2721 5783 οὐδὲν
2744 5733 2832 5783 ὀύκ
2858 5733 3107 5793 ἀπάτης...’
3122 5733 3293 5793 παῖδας
3311 5733 3605 5801 προέδωκανέ
