4054 6216
307 272 377 329 ’Π
1417 273 1484 332 ΙΝ
1525 271 2051 332 lNSCRlPTlONEM
2089 273 2437 332 ACTORUM.
2479 275 2521 332 ll
3524 282 3593 336 78

305 502 437 548 CUI
483 502 547 547 IN
578 503 806 546 νει-ειη
846 501 1140 546 Εροιεεμ
1174 502 1378 546 ιοκαο
1404 503 1798 546 ιΝτιζιινΑιιο
1826 501 1896 544 CE

2002 503 2195 546 BRATA
2225 501 2538 545 COLLECTA
2572 504 2783 559 ESSET,
2815 505 3027 549 SERHO
3055 505 3326 549 BABlTUS
3373 505 3438 548 IN
3484 505 3598 548 [iV-

385 606 812 651 SCRIPTIONEM
844 607 1148 652 ACTORUM
1177 608 1675 652 APOSTOLORUM:
1709 610 1789 651 ET
1831 609 2034 652 νισι-ΑΜ
2078 609 2209 652 CUM
2255 611 2530 654 VIRTUTE
2561 613 2772 658 ACTAM
2818 615 3168 660 UTILIOREM
3213 616 3355 661 ESSE
3400 617 3599 662 SIGNIS

387 707 464 750 AC
509 706 852 751 IIIRACULIS
891 709 906 748 ε
954 707 1035 750 ΒΤ
1077 707 1408 761 ρωτεΝυε
1452 709 1775 751 DIFFERAT
1821 709 1856 750 Δ

2003 707 2099 750 NIS
2128 707 2563 753 CONVERSATIO
2608 694 2720 776 (η).

1601 855 1877 866 σ--α-ι

381 983 432 1036 1.
464 980 692 1035 Ecctesia
711 997 801 1034 nec
823 981 1248 1052 persecutionibus
1263 998 1353 1037 nec
1373 983 1474 1037 alio
1492 983 1639 1036 modo
1659 982 1891 1035 vincitur.

305 1099 376 1113 --
396 1072 598 1126 Rursus
622 1072 686 1126 ad
710 1081 932 1127 matrem
957 1084 1193 1128 nostram
1216 1075 1374 1144 longo
1394 1075 1671 1130 intervallo
1694 1071 1894 1128 reversi

305 1180 494 1218 sumus
517 1205 533 1226 .
564 1165 630 1218 ad
672 1165 1027 1219 desideratam
1057 1175 1112 1221 et
1143 1180 1322 1220 caram
1365 1169 1612 1223 omnibus
1639 1167 1775 1221 hanc
1801 1181 1893 1220 ec-

305 1257 542 1311 clesiam.
567 1256 633 1310 ad
665 1265 900 1310 nostram
928 1264 985 1312 et
1008 1258 1245 1312 omnium
1271 1259 1618 1314 ecclesiarum
1643 1266 1892 1311 matrem.

308 1346 440 1402 Nam
464 1358 635 1403 mater
659 1348 869 1418 quidem
895 1359 978 1403 est
1007 1364 1112 1402 non
1139 1349 1279 1419 quod
1303 1350 1569 1420 antiquior
1597 1359 1798 1403 tantum
1828 1349 1898 1402 sit

308 1448 550 1508 tempore
574 1457 588 1492 :
613 1439 705 1494 sed
726 1439 867 1509 quod
891 1440 1252 1510 apostolorum
1281 1441 1523 1495 manibus
1546 1440 1616 1494 sit
1638 1440 1853 1494 fundata
1881 1456 1896 1496 :

307 1545 466 1600 quam
509 1531 580 1584 ob
621 1544 837 1584 causam
885 1531 1155 1586 multoties
1199 1542 1416 1602 pr0pter
1459 1531 1652 1586 Christi
1701 1547 1896 1585 nomen

308 1635 520 1687 eversa,
551 1621 745 1677 Chrisﬁ
773 1623 966 1678 virtute
991 1639 1179 1678 rursus
1204 1633 1288 1679 est
1313 1632 1512 1678 erecta.
1545 1623 1727 1694 Neque
1752 1622 1896 1677 enim

309 1713 618 1783 apostolicae
660 1723 862 1769 tantum
906 1731 1095 1770 manus
1143 1717 1284 1770 illam
1327 1715 1612 1771 fundarunt
1639 1758 1654 1782 ,
1705 1715 1800 1771 sed
1845 1723 1900 1770 et

312 1805 482 1874 ipsius
524 1806 881 1876 apostolorum
923 1807 1130 1861 Domini
1167 1807 1441 1863 decretum
1483 1808 1626 1862 illam
1667 1822 1807 1862 novo
1844 1815 1901 1862 et

311 1895 564 1950 inusitato
609 1899 919 1953 munitionis
960 1915 1157 1969 genere
1183 1900 1428 1954 munivit.
1459 1899 1574 1955 Non
1601 1900 1742 1956 enim
1773 1915 1899 1954 coa-

306 1984 593 2058 gmentatis
631 1990 788 2061 lignis
820 2001 874 2045 et
899 1991 1161 2062 lapidibus
1181 2002 1329 2063 septa
1361 1993 1694 2055 construxit,
1723 2007 1898 2062 neque

307 2077 448 2133 fossa
471 2081 707 2136 exterius
730 2082 887 2136 ducta
914 2083 1262 2138 circumdedit
1287 2097 1378 2139 aut
1406 2085 1540 2155 palis
1566 2083 1775 2149 deﬁxis,
1806 2093 1900 2138 aut

307 2171 546 2225 turribus
570 2172 914 2228 exmdiﬁeatis
937 2174 1078 2228 illam
1104 2175 1363 2236 munivit;
1393 2175 1486 2230 sed
1508 2175 1615 2230 duo
1637 2175 1774 2230 nuda
1806 2190 1896 2229 so-

304 2258 419 2314 ium
445 2261 608 2316 verba
636 2263 881 2330 protulit,
904 2273 960 2319 et
987 2263 1102 2319 haac
1127 2265 1201 2318 illi
1229 2265 1442 2320 fuerunt
1467 2267 1632 2320 instar
1658 2266 1816 2332 muri,
1845 2275 1899 2322 et

304 2351 509 2412 turris.
538 2359 594 2404 et
623 2351 778 2406 fossa:
801 2395 817 2417 ,
843 2362 899 2408 et
921 2354 1152 2424 cujusvis
1181 2357 1299 2410 loco
1326 2357 1658 2412 munimenti.
1687 2357 1754 2412 Et
1780 2373 1898 2428 qua:

300 2441 530 2495 tandem
572 2441 659 2496 illa
701 2453 826 2498 sunt
867 2445 1028 2500 verba
1053 2487 1069 2513 ,
1097 2462 1218 2516 quae
1247 2456 1444 2502 tantam
1475 2450 1581 2502 vim
1612 2447 1898 2504 obtinent?

301 2533 488 2602 Super
511 2535 641 2588 hanc
667 2547 862 2606 petram
888 2538 1147 2607 aediﬁcabo
1174 2540 1452 2594 Ecclesia»:
1478 2557 1639 2596 meam
1665 2559 1684 2596 :
1709 2553 1756 2597 et
1781 2561 1902 2612 por-

300 2632 375 2676 ta:
395 2623 549 2692 inferi
569 2641 669 2678 non
691 2627 1033 2696 pmalebunt
1050 2629 1287 2684 adversus
1306 2647 1414 2684 eam
1436 2631 1645 2700 (Matth.
1672 2634 1759 2689 i6.
1783 2634 1896 2706 l8).

300 2712 426 2769 Hoc
448 2729 634 2769 murus
658 2726 738 2770 est
761 2756 778 2783 ,
807 2717 907 2772 hoc
933 2728 1141 2788 septum
1167 2760 1182 2786 ,
1212 2720 1316 2776 hoc
1342 2723 1729 2778 munimentum
1753 2766 1766 2789 ,
1798 2723 1900 2781 hoc

299 2816 496 2876 portus
525 2817 580 2862 et
616 2809 891 2880 refugium.
927 2811 1004 2867 Tu
1034 2828 1163 2868 vero
1190 2829 1347 2883 quam
1376 2814 1804 2888 inexpugnabilis
1829 2820 1901 2874 sit

299 2898 398 2953 hic
443 2915 668 2966 murus,
711 2901 833 2956 inde
877 2904 1164 2974 perpende.
1212 2905 1393 2976 Neque
1434 2908 1577 2962 enim
1623 2909 1897 2966 hominum

299 2999 518 3046 tantum
546 2991 764 3048 insidias
790 2994 1045 3050 adversus
1069 3011 1187 3051 eam
1219 2998 1353 3053 dixit
1381 3014 1485 3054 non
1513 3002 1897 3070 praevalituras,

296 3081 404 3138 sed
438 3099 536 3139 nec
570 3083 710 3155 ipsas
740 3085 933 3142 inferni
963 3089 1256 3144 machinas.
1289 3090 1462 3147 Porta:
1489 3094 1652 3160 enim,
1685 3096 1853 3166 inquit
1880 3137 1896 3163 ,

297 3177 462 3249 inferi
513 3195 613 3232 non
654 3180 993 3250 prwvalebunt
1032 3182 1271 3237 adversus
1323 3200 1454 3238 eam.
1483 3185 1597 3241 Non
1638 3187 1809 3257 dixit,
1842 3188 1898 3245 ln

298 3267 458 3324 illam
483 3285 586 3324 non
612 3270 832 3336 irruent,
859 3273 974 3338 sed,
1000 3274 1250 3330 Adversus
1271 3292 1380 3330 eam
1400 3294 1499 3332 non
1523 3279 1900 3348 prtevalebunt:

299 3376 442 3415 nam
473 3361 670 3416 irruent
694 3363 798 3444 illa:
829 3364 1041 3434 quidem
1069 3408 1084 3432 ,
1116 3366 1210 3422 sed
1242 3367 1385 3422 illam
1416 3384 1524 3425 non
1551 3373 1895 3442 superabunt.

295 3450 419 3506 Sed
445 3452 565 3522 quid
589 3453 716 3508 illud
739 3463 822 3509 est
843 3496 858 3520 ,
886 3455 1058 3511 Porta:
1090 3458 1242 3528 inferi
1255 3459 1281 3513 .’
1309 3461 1444 3517 forte
1468 3479 1696 3534 namque
1716 3465 1901 3521 obscu-

297 3559 431 3598 rum
454 3553 537 3598 est
557 3543 776 3600 dictum.
800 3547 1080 3603 Discamus
1101 3550 1226 3620 quid
1249 3552 1316 3606 sit
1341 3564 1490 3622 porta
1513 3557 1674 3618 urbis.
1697 3567 1752 3612 et
1778 3567 1902 3613 tunc

297 3633 546 3688 sciemus
572 3635 696 3704 quid
737 3637 806 3690 sit
843 3647 994 3708 porta
1024 3638 1197 3694 inferi.
1248 3641 1407 3698 Porta
1435 3646 1580 3701 urbis
1607 3659 1687 3702 est
1726 3649 1902 3706 aditus

296 3726 355 3780 in
390 3726 584 3782 urbem
614 3745 626 3780 :
656 3728 831 3799 itaque
860 3741 1010 3800 porta
1037 3732 1189 3788 inferi
1216 3743 1296 3790 est
1323 3737 1636 3806 periculum,
1664 3741 1804 3810 quod
1833 3742 1900 3796 ad

295 3816 513 3872 inferos
558 3818 744 3874 tendit.
776 3819 927 3888 Quod
972 3821 1131 3892 igitur
1173 3825 1288 3890 ait,
1317 3834 1400 3880 est
1443 3827 1704 3896 ejusmodi
1735 3848 1748 3884 :
1777 3831 1902 3887 licet

293 3908 518 3964 irruant
543 3919 596 3966 et
617 3913 873 3981 impetum
901 3915 1093 3969 faciant
1114 3924 1256 3970 tanta
1279 3919 1530 3987 pericula,
1559 3931 1617 3975 ut
1637 3922 1702 3976 ad
1729 3926 1898 3992 ipsum

293 4015 404 4055 nos
439 4003 737 4073 prmcipites
763 4016 920 4076 agant
965 4008 1229 4064 infernum
1259 4052 1274 4076 ,
1319 4011 1557 4067 Ecclesia
1588 4028 1766 4071 manet
1797 4018 1898 4071 im-

291 4105 477 4150 mota.
527 4097 740 4152 Poterat
771 4099 857 4154 ille
892 4100 1105 4170 quidem
1145 4118 1249 4157 non
1278 4106 1591 4175 permittere
1612 4149 1628 4172 ,
1661 4117 1720 4162 ut
1754 4110 1898 4166 nulla

292 4187 451 4241 mala
491 4190 896 4260 experiremur:
923 4207 1018 4248 cur
1056 4209 1184 4264 ergo
1222 4195 1501 4264 permisit?
1539 4197 1694 4266 Quod
1734 4203 1901 4257 multo

294 4280 484 4350 magis
509 4281 597 4344 sit,
627 4298 785 4351 quam
821 4285 1140 4340 tentationes
1167 4288 1451 4356 prohibere
1471 4330 1485 4355 ,
1518 4291 1560 4345 si
1588 4292 1711 4346 dum
1739 4293 1900 4350 adve-

289 4372 424 4425 nire
457 4372 775 4428 tentationes
817 4375 976 4442 sinit,
1009 4377 1141 4431 nihil
1173 4389 1346 4434 tamen
1379 4396 1444 4435 ex
1473 4371 1654 4437 earum
1686 4385 1898 4440 incursu

290 4462 431 4516 mali
459 4478 560 4518 nos
586 4462 726 4519 ferre
754 4469 1055 4535 permittat;
1082 4469 1278 4526 ideirco
1304 4488 1488 4528 omnes
1508 4478 1750 4534 accidere
1781 4489 1897 4534 ten-

287 4559 538 4612 tationes
563 4558 724 4624 sivit,
755 4569 812 4614 ut
849 4562 1204 4631 probatiorem
1238 4564 1380 4618 illam
1407 4566 1650 4624 redderet
1681 4587 1693 4624 :
1724 4570 1896 4640 siqui-

356 4693 444 4756 (α)
478 4693 656 4763 Collata
678 4709 789 4763 cum
813 4705 892 4747 Ms.
913 4697 1190 4763 Colbertino
1211 4699 1353 4760 3058,
1377 4702 1461 4763 qui
1483 4701 1646 4751 deﬁcit
1685 4704 1822 4753 initio
1845 4711 1898 4755 et

283 4755 425 4825 ﬁne.
450 4765 548 4826 t_\’on
571 4755 718 4804 alium
743 4759 981 4826 hactenus
1000 4762 1220 4826 codicem
1241 4755 1453 4826 nancisci
1479 4766 1736 4826 potuimus.
1756 4768 1894 4825 Ihid.,

282 4819 340 4886 in
371 4819 548 4886 Ifatwa
561 4831 656 4886 seu
678 4821 828 4886 veteri
849 4821 1076 4886 Ecclesia.
1092 4825 1312 4873 Libanius
1334 4828 1383 4873 in
1401 4819 1684 4886 Aniiochico
1701 4829 1783 4886 ait,
1802 4819 1896 4877 Ani

285 4881 535 4948 tiochiam
559 4880 607 4928 in
625 4881 747 4930 duas
766 4882 917 4933 fuisse
939 4885 1092 4948 nrbes
1113 4887 1334 4944 divisam,
1372 4885 1576 4936 alteram
1598 4880 1783 4948 παλαιάνξ
1807 4890 1898 4940 hoc

283 4950 395 4996 est.
425 4945 695 5012 antiquam,
721 4957 830 5006 qua;
854 4945 1120 5012 secundum
1163 4949 1355 4996 Orontis
1387 4950 1517 4998 ﬁuvii
1549 4965 1678 4998 oram
1700 4945 1896 5012 longum

278 5005 571 5073 occupabat
595 5005 974 5073 terrm’_spatium
998 5019 1012 5054 :
1037 5007 1240 5073 alteram
1263 5022 1454 5073 novam,
1481 5015 1531 5060 in
1559 5005 1892 5073 ejusdemuﬁu-

281 5065 354 5114 vii
385 5066 553 5133 insula
569 5071 728 5133 sitam,
746 5065 897 5118 forma
921 5069 1140 5127 rotunda,
1164 5083 1274 5132 qua:
1288 5065 1505 5133 quinque
1530 5065 1756 5133 pontibus
1769 5078 1894 5123 anti-

275 5139 408 5194 (λικε
432 5127 751 5194 jungehatur.
769 5136 818 5194 tu
842 5143 978 5194 mia
999 5143 1090 5179 seu
1112 5127 1550 5194 anfiqua'esst'aha't
1572 5143 1713 5184 vetns
1738 5135 1896 5186 eccle-

274 5189 380 5246 sia,
412 5189 486 5236 ab
504 5189 749 5260 apostolis
770 5189 983 5260 fundata,
1014 5198 1068 5240 ut
1090 5194 1205 5243 dicit
1229 5189 1434 5260 bomilim
1461 5197 1595 5260 initio
1615 5197 1894 5260 (:brysosto-

277 5263 408 5316 inus
450 5264 475 5316 :_
502 5253 715 5316 iquue
757 5256 1012 5316 apostolica
1051 5263 1246 5304 vocatur
1285 5268 1314 5304 a
1351 5255 1656 5316 Theodoreto
1697 5253 1723 5308 ι’
1751 5267 1803 5307 et
1845 5263 1894 5310 in

273 5312 538 5382 Chronico
571 5312 910 5382 Alesand'rino
936 5315 1086 5382 palata
1127 5314 1486 5382 itemieeclesia
1517 5320 1710 5369 dicitur.
1750 5323 1894 5382 Cujus

275 5373 842 5483 apgellatlouisduplex
868 5379 1060 5426 videtur
1083 5390 1224 5426 causa
1251 5381 1416 5435 fuisse,
1443 5386 1494 5429 et
1517 5382 1643 5444 quod
1661 5384 1710 5430 in
1734 5373 1892 5434 vet'eri

275 5446 341 5482 ur
387 5449 425 5483 ο
450 5436 564 5483 sita.
591 5445 644 5483 el.
664 5439 794 5483 auod
835 5440 1101 5483 amiauilus
1121 5444 1182 5483 al)
1204 5439 1432 5483 anaslolis
1469 5441 1661 5483 fundam
1699 5444 1890 5483 fuisset:

274 5436 564 5513 licia}:
591 5445 644 5488 et
664 5436 794 5513 quod
835 5440 1101 5513 antiquitus
1120 5444 1187 5513 _ah_
1204 5439 1432 5513 apostolis
1469 5436 1663 5491 fundata
1698 5444 1890 5513 fuisset;

438 5497 559 5547 licet
581 5497 832 5563 multoties
867 5497 1065 5563 propter
1086 5497 1253 5551 (luisti
1300 5515 1477 5554 nomen
1502 5517 1692 5561 eversa,
1719 5497 1893 5554 multo;

273 5561 387 5606 lies
410 5566 587 5608 erecta
602 5561 767 5610 denuo
790 5561 1135 5620 ΐυοὶίιζαλιιις
1168 5571 1350 5621 tamen,
1383 5580 1473 5616 seu
1498 5570 1684 5616 veteris
1711 5581 1890 5616 nomen

272 5632 387 5689 non
417 5623 658 5689 amiserat
681 5627 828 5689 etiam
846 5630 1067 5686 tempore
1090 5627 1298 5689 auctoris
1318 5628 1530 5680 chronici
1556 5629 1890 5689 Alexandrini;

261 5683 800 5795 ιζᾶιεέηὗῧηιὶοώίω
823 5683 1060 5738 memorat
1091 5688 1378 5741 Athanasius
1401 5699 1530 5743 tonio
1551 5691 1610 5740 ad
1631 5683 1889 5741 Antioche;

1881 833 2041 888 (sese

2049 857 2332 867 ——————.

2005 977 2125 1033 dem
2153 977 2435 1034 Tribufatio
2465 981 2756 1049 patientiam
2784 991 3041 1052 operatur,
3071 982 3313 1053 patientia
3338 996 3452 1035 vero
3476 995 3598 1049 pro-

2005 1068 2251 1122 bationem
2283 1071 2302 1139 (
2335 1070 2484 1124 Rom.
2511 1071 2565 1124 5.
2594 1071 2645 1125 3.
2675 1071 2708 1124 4
2731 1071 2772 1141 ).
2806 1073 2979 1140 Atque
3011 1083 3067 1125 ut
3111 1071 3300 1139 majori
3349 1085 3469 1124 cum
3498 1085 3596 1122 ex-

2005 1174 2160 1213 ceSsu
2213 1161 2460 1216 virtutem
2489 1176 2638 1215 suam
2681 1163 2964 1229 ostendat,
3009 1178 3074 1217 ex
3116 1163 3242 1232 ipsis
3281 1178 3398 1216 eam
3430 1161 3598 1229 portis

2002 1251 2157 1320 eripit
2200 1253 2404 1307 mortis.
2444 1253 2726 1322 Propterea
2760 1263 3128 1324 tempestatem
3169 1253 3292 1309 sivit
3336 1253 3593 1308 excitari;

2009 1353 2064 1396 et
2110 1345 2273 1413 mergi
2321 1343 2564 1414 cymbam
2613 1345 2828 1400 minime
2871 1346 3012 1398 sivit.
3057 1345 3146 1400 Sic
3185 1345 3593 1414 gubernatorem

2010 1449 2224 1504 quoque
2252 1435 2546 1498 laudamus,
2571 1451 2674 1490 non
2701 1451 2821 1492 cum
2853 1435 3100 1491 secundis
3126 1435 3296 1490 ventis
3319 1435 3594 1505 navigans.

2009 1543 2184 1595 neque
2213 1545 2330 1582 cum
2359 1543 2388 1582 a
2421 1529 2580 1600 puppi
2607 1529 2856 1583 flantibus
2885 1529 3027 1583 auris
3069 1529 3387 1584 incolumem
3421 1528 3596 1581 navim

2002 1627 2211 1683 servat;
2245 1619 2335 1673 sed
2374 1635 2496 1674 cum
2537 1621 2670 1674 mari
2712 1619 2956 1690 procellis
2985 1621 3182 1691 agitato
3206 1662 3222 1688 ,
3262 1634 3326 1674 ac
3349 1619 3598 1674 ﬂuctibus

2009 1711 2502 1779 effervescentibus,
2535 1727 2597 1766 ac
2618 1719 2937 1782 tempestate
2959 1723 3227 1769 commota
3250 1726 3398 1766 suam
3425 1722 3598 1767 artem

2001 1803 2257 1858 adversus
2289 1804 2555 1874 impetum
2587 1815 2864 1860 ventorum
2887 1805 3128 1876 opponit,
3156 1813 3212 1860 ct
3237 1805 3500 1874 navigium
3529 1819 3597 1858 ex

2005 1894 2194 1949 mediis
2233 1896 2482 1964 procellis
2521 1897 2726 1952 salvum
2754 1897 2948 1953 educit.
2983 1899 3055 1953 lta
3084 1897 3208 1954 fecit
3240 1906 3294 1953 et
3321 1897 3583 1952 Christus.

2005 1983 2140 2038 Dum
2174 1995 2438 2056 tamquam
2467 1988 2731 2057 navigium
2755 1989 2806 2042 in
2837 1989 2970 2043 mari
3002 1989 3293 2043 Ecelesiam
3325 2003 3512 2043 rursus
3540 1990 3590 2040 iu

2007 2075 2207 2129 mundo
2236 2075 2360 2131 ferri
2393 2077 2672 2147 permisit,
2707 2093 2878 2148 neque
2906 2079 3096 2134 ﬁoctus
3129 2079 3372 2146 sedavit,
3400 2077 3497 2132 sed
3527 2094 3591 2132 ex

2006 2165 2258 2222 ﬂuctibus
2297 2167 2492 2238 eripuit
2519 2186 2532 2222 :
2564 2185 2668 2224 non
2711 2185 2860 2224 mare
2897 2170 3264 2240 compescuit,
3296 2169 3390 2224 sed
3418 2169 3593 2222 navim

2006 2260 2386 2326 communivit;
2416 2269 2616 2316 etcum
2647 2271 2929 2333 surgerent
2958 2262 3191 2332 undique
3215 2262 3428 2332 populi,
3460 2269 3595 2315 tam-

2005 2365 2164 2420 quam
2193 2352 2318 2406 suavi
2351 2351 2541 2408 ﬂuetus
2564 2392 2582 2420 ,
2613 2362 2669 2409 ct
2693 2354 2910 2424 maligni
2946 2355 3164 2424 Spiritus
3202 2365 3467 2424 tamquam
3495 2353 3594 2406 ad—

1999 2443 2139 2498 versi
2164 2443 2376 2514 quidam
2405 2446 2544 2500 venti
2575 2446 2628 2500 in
2654 2460 2772 2501 eam
2798 2447 3087 2512 irruerent,
3110 2447 3334 2502 excitata
3364 2446 3596 2515 undique.

2008 2543 2346 2605 tempestate,
2373 2538 2592 2592 multam
2623 2539 2802 2594 attulit
2829 2541 3084 2595 Ecclesia:
3115 2539 3550 2610 tranquillitatem
3579 2557 3591 2592 :

2005 2626 2253 2696 quodque
2277 2629 2566 2697 permirum
2597 2645 2726 2684 sane
2757 2630 2890 2695 fuit,
2925 2648 3028 2686 non
3070 2631 3228 2686 modo
3259 2632 3434 2686 navim
3467 2645 3592 2700 pro-

1999 2718 2131 2771 cella
2155 2732 2258 2772 non
2285 2719 2482 2785 obruit,
2505 2720 2597 2775 sed
2618 2730 2673 2776 et
2695 2723 2978 2791 procellam
3000 2723 3186 2793 cymba
3210 2723 3432 2777 sedavit.
3457 2721 3591 2775 Nam

2001 2808 2267 2862 continua:
2312 2813 2755 2880 persequutiones
2798 2828 2904 2866 non
2943 2813 3102 2867 modo
3145 2813 3439 2869 Ecclesium
3485 2828 3592 2867 non

1999 2897 2439 2967 submerserunt,
2489 2900 2584 2956 sed
2636 2901 2705 2957 ab
2752 2901 2988 2958 Ecclesia
3033 2913 3156 2958 sunt
3198 2904 3416 2959 sedatze.
3475 2904 3592 2971 Quo

2005 2986 2220 3043 tandem
2247 3001 2421 3058 pacto,
2451 2999 2505 3045 et
2529 3006 2757 3061 quorum
2782 2993 2983 3061 opera?
3011 2994 3176 3062 llujus
3201 2995 3481 3049 sententiae
3513 2995 3592 3048 ni-

2005 3078 2200 3132 mirum
2229 3080 2300 3134 ita
2331 3082 2684 3150 pronuntiata:
2705 3123 2720 3148 ,
2753 3083 2923 3137 Poma
2948 3084 3099 3154 inferi
3123 3101 3224 3137 non
3249 3085 3593 3154 prmalebuut

2003 3167 2242 3224 adversus
2269 3186 2384 3225 eam
2405 3169 2620 3241 (Matth.
2655 3171 2737 3226 l6.
2770 3172 2879 3243 l8).
2907 3173 3076 3240 Quam
3099 3174 3265 3228 ntulta
3285 3175 3456 3229 Graeci
3479 3192 3594 3241 mo-

2005 3259 2085 3314 liti
2112 3269 2256 3327 sunt,
2286 3270 2344 3315 ut
2367 3262 2586 3317 verbum
2613 3261 2716 3318 hoc
2740 3264 3010 3329 tollerent,
3039 3271 3097 3318 ut
3120 3265 3440 3319 sententiam
3467 3265 3588 3320 irri-

2003 3359 2110 3405 tam
2133 3351 2444 3418 redderent,
2464 3368 2634 3424 neque
2657 3362 2939 3424 potuerunt
2964 3353 3293 3410 dissolvere?
3317 3353 3408 3408 Dei
3437 3355 3592 3426 quip-

2006 3459 2072 3515 pe
2106 3445 2370 3500 sententia
2409 3454 2544 3500 erat.
2587 3447 2654 3501 Et
2680 3445 3126 3517 quemadmodum
3155 3446 3340 3502 turrim
3368 3462 3436 3502 ex
3461 3447 3592 3502 ada-

2003 3535 2256 3590 mantinis
2280 3543 2535 3590 structam
2557 3535 2819 3606 lapidibus
2843 3577 2858 3603 ,
2891 3537 3034 3592 ferro
3061 3536 3284 3592 firmiter
3311 3537 3549 3608 junctam
3573 3579 3589 3604 ,

2005 3626 2188 3682 hostes
2209 3627 2440 3699 undique
2459 3629 2505 3683 si
2528 3629 2828 3696 verberent,
2853 3645 3026 3700 neque
3048 3639 3366 3686 structuram
3390 3633 3590 3695 laxant,

2006 3733 2181 3788 neque
2223 3720 2738 3788 coagmentationcm
2769 3721 3099 3786 dissolvunt,
3143 3721 3237 3776 sed
3269 3723 3432 3777 illarsa
3463 3725 3593 3778 turii

2006 3818 2278 3876 manente,
2305 3825 2401 3866 nec
2423 3811 2542 3865 ullis
2562 3812 2912 3867 incommodis
2928 3813 3140 3878 affecta,
3159 3815 3373 3883 suisque
3395 3816 3594 3870 viribus

2005 3901 2278 3956 exhaustis
2319 3902 2598 3957 discedunt
2645 3921 2659 3957 :
2702 3906 2779 3958 sic
2823 3904 3074 3958 nimirum
3121 3917 3174 3959 et
3221 3907 3441 3960 verbum
3493 3909 3594 3961 hoc

2004 4000 2272 4062 tamquam
2299 3993 2460 4047 altam
2489 3994 2770 4063 quamdam
2801 3994 2985 4049 turrim
3018 3996 3070 4050 in
3107 3997 3283 4051 medio
3308 3997 3454 4052 orbis
3481 4007 3589 4052 ter-

2003 4101 2182 4140 rarum
2207 4084 2430 4140 ﬁrmiter
2454 4087 2853 4153 communitam,
2880 4101 3000 4142 cum
3025 4087 3196 4145 ῧτωςὶ
3219 4088 3452 4160 undique
3473 4107 3593 4145 ver-

2002 4177 2282 4234 berassent
2303 4220 2318 4241 ,
2356 4195 2477 4234 cum
2509 4180 2652 4234 illam
2681 4181 2889 4236 firmam
2926 4181 3307 4250 reddiderunt,
3343 4191 3452 4238 tum
3479 4185 3592 4239 suis

2005 4272 2208 4326 viribus
2233 4271 2415 4326 fractis
2441 4282 2667 4326 mortem
2699 4271 2965 4328 obierunt.
2999 4273 3133 4341 Quid
3163 4274 3305 4329 enim
3334 4274 3592 4329 adversus

2003 4367 2140 4420 lianc
2169 4365 2487 4420 sententiam
2515 4380 2618 4418 non
2643 4364 2926 4418 machinati
2951 4365 3110 4418 sunt?
3133 4363 3472 4419 Exercituum
3495 4365 3590 4420 de-

2000 4455 2169 4510 lectus
2201 4456 2513 4522 habebatur,
2544 4469 2691 4508 arma
2719 4455 3066 4509 movebantur
3087 4498 3100 4520 ,
3131 4471 3285 4524 reges
3307 4457 3588 4511 armaban-

2001 4557 2105 4613 tur,
2122 4549 2301 4617 populi
2319 4545 2811 4610 commovebautur,
2830 4545 2994 4601 urbes
3010 4547 3587 4618 insurgebant.judices

1998 4640 2476 4714 excandescebant,
2508 4654 2667 4694 omne
2698 4639 2942 4709 supplicii
2973 4655 3141 4710 genus
3167 4643 3586 4712 excogitabatur.

1999 4735 2175 4790 nullus
2191 4749 2364 4804 ptenze
2383 4732 2570 4787 modus
2589 4731 2952 4799 omittebalur,
2971 4732 3128 4802 ignis,
3153 4732 3376 4801 ferrum,
3399 4733 3589 4791 dentes

1998 4825 2249 4888 ferarum,
2275 4824 2588 4895 prmcipitia,
2613 4821 3028 4888 submersiones,
3055 4823 3388 4891 barathrum,
3412 4841 3584 4896 equu-

1997 4917 2132 4982 leus,
2153 4932 2283 4972 crux
2311 4927 2365 4971 et
2393 4915 2597 4978 fornax,
2628 4923 2683 4969 et
2702 4913 2877 4967 omnia
2904 4929 3024 4984 qua:
3049 4931 3297 4985 umquam
3323 4916 3434 4970 visa
3457 4926 3582 4971 sunt

1998 5017 2282 5073 tormenta,
2309 5007 2360 5061 in
2385 5006 2616 5060 medium
2645 5004 3051 5074 proferebantur
3075 5022 3087 5056 :
3115 5006 3299 5075 ingens
3320 5006 3580 5060 minarum

1996 5117 2226 5172 agmen,
2269 5101 2529 5155 honorum
2572 5099 2980 5170 pollicitationes
3022 5099 3355 5165 innumerae,
3399 5111 3452 5153 ut
3499 5100 3585 5154 illa

1995 5193 2209 5262 quidem
2241 5193 2446 5247 ratione
2477 5199 2769 5254 terrerent,
2803 5190 2900 5245 hac
2929 5205 3056 5244 vero
3085 5189 3354 5243 mollirent
3379 5199 3435 5244 et
3459 5189 3581 5242 alli-

1996 5295 2201 5341 cerent.
2231 5285 2445 5340 Nullum
2473 5284 2630 5354 igitur
2657 5283 2878 5348 fraudis,
2908 5283 3110 5337 nullum
3133 5282 3397 5337 violentia:
3417 5298 3584 5353 genus

1998 5377 2523 5449 prmtermittebatur.
2553 5374 2682 5429 Nam
2714 5383 2768 5428 et
2795 5384 2968 5444 patres
2999 5374 3136 5428 ﬁlios
3167 5372 3499 5442 prodebant,
3531 5384 3585 5426 et

2000 5471 2089 5525 ﬁlii
2118 5481 2295 5539 patres
2320 5482 2426 5521 non
2453 5465 2841 5537 agnoscebant,
2869 5473 3066 5517 matres
3090 5478 3308 5517 suorum
3337 5473 3581 5534 partuum

1994 5559 2438 5616 obliviscebantur
2465 5597 2482 5624 ,
2513 5564 2568 5612 et
2608 5563 2809 5608 natura:
2859 5553 3000 5623 leges
3047 5554 3441 5609 evertebantur.
3476 5552 3581 5606 Ve-

1995 5660 2295 5708 rumtamen
2335 5663 2403 5704 ne
2444 5649 2520 5704 sic
2549 5645 2760 5716 quidem
2790 5644 3042 5701 Ecclesiae
3082 5643 3424 5702 fundamenta
3455 5658 3584 5698 con-

1997 5758 2152 5801 cussa
2171 5749 2322 5798 sunt:
2337 5748 2392 5797 et
2409 5737 2650 5812 quamvis
2665 5736 2733 5794 ab
2755 5739 2870 5811 ejus
2889 5735 3200 5810 propinquis
3224 5737 3424 5794 bellum
3454 5733 3583 5789 indi-
