4054 6216
449 346 516 401 79
1198 337 1254 392 S.
1277 333 1560 393 JOANNIS
1598 326 2076 393 CHRYSOSTOMI
2104 331 2412 392 ARCl‘llEP.
2443 339 2976 404 CONSTANTINOP.

447 477 590 518 ctum
608 468 772 526 esset,
794 475 897 515 non
922 469 1096 513 tamen
1117 457 1181 512 ad
1200 469 1382 510 muros
1401 470 1568 527 usque
1585 455 1750 524 ipsius
1767 449 2026 523 pervenit,

450 565 668 626 propter
688 552 815 609 illud
841 551 1061 607 verbum
1081 551 1222 622 quod
1245 551 1324 605 sic
1343 550 1542 615 habuit,
1571 548 1745 607 Porta:
1757 552 1906 621 inferi
1931 565 2030 604 non

448 649 787 724 praevalebunt
811 646 1051 708 adversus
1070 661 1200 700 eam.
1222 643 1341 700 Noli
1361 646 1504 701 enim
1529 645 1580 700 id
1603 657 1864 718 spectare,
1888 647 2030 718 quod

449 741 668 795 verbum
691 747 824 804 erat,
855 737 972 804 sed,
995 737 1134 808 quod
1158 739 1374 792 verbum
1400 737 1490 790 Dei
1520 754 1533 792 :
1557 737 1816 806 siquidem
1843 740 2030 795 cadum

449 830 613 886 verbo
639 829 869 884 firmavit
915 829 1053 883 Deus
1081 826 1266 899 (Psal.
1298 827 1385 882 52.
1415 827 1524 897 6),
1553 838 1606 882 et
1648 839 1838 884 terram
1871 832 2032 885 verbo

449 937 610 992 super
633 935 799 991 aquas
822 919 1057 975 fundavit
1082 918 1249 991 (Psal.
1279 919 1400 974 105.
1430 919 1509 989 5),
1532 929 1585 973 et
1611 919 1784 974 effecit
1801 963 1816 988 ,
1842 931 1896 975 ut
1918 921 2033 976 inec

447 1014 614 1068 densa
643 1010 925 1083 gravisque
955 1021 1142 1066 natura
1179 1010 1248 1066 ab
1278 1012 1366 1066 illa
1413 1011 1514 1067 levi
1545 1010 1791 1082 fluxoque
1819 1023 2032 1068 susten-

452 1115 678 1170 taretur,
698 1115 751 1159 ct
772 1119 938 1171 mare,
955 1103 1107 1174 cujus
1128 1105 1205 1158 vis
1229 1105 1506 1166 indomita,
1525 1105 1668 1176 quod
1691 1115 1764 1161 tot
1787 1105 2033 1163 fluctibus

449 1213 513 1254 ac
542 1197 790 1270 procellis
817 1212 875 1253 se
903 1197 1128 1261 extollit,
1159 1197 1405 1254 imbecilli
1431 1199 1572 1254 vallo
1598 1215 1774 1254 arena:
1803 1201 2034 1270 undique

452 1305 547 1358 per
576 1288 793 1343 verbum
824 1305 979 1342 suum
1008 1289 1244 1343 vallavit.
1270 1289 1410 1359 Ergo
1436 1290 1524 1360 qui
1550 1291 1740 1346 caelum
1764 1292 1925 1346 verbo
1947 1290 2036 1346 fir-

451 1381 639 1446 mavit,
671 1380 761 1448 qui
793 1388 987 1434 terram
1019 1379 1278 1446 fundavit,
1302 1381 1390 1450 qui
1416 1397 1564 1436 mare
1591 1381 2030 1448 circumvallavit,

446 1474 576 1547 quid
605 1475 818 1530 miraris
840 1514 856 1538 ,
885 1473 929 1527 si
960 1473 1251 1528 Ecclesiam
1277 1474 1408 1529 cado
1431 1516 1446 1540 ,
1481 1483 1623 1531 terra
1653 1475 1890 1546 marique
1914 1489 2035 1546 pre-

448 1569 722 1623 tiosiorem
750 1579 934 1623 rursus
959 1566 1062 1623 hoc
1091 1567 1255 1623 verbo
1282 1567 1544 1624 munivit?

519 1659 574 1714 2.
627 1658 856 1714 Ecclesia
904 1659 1156 1731 quomodo
1206 1658 1445 1730 fundata.
1491 1687 1562 1698 —
1607 1657 1832 1726 Quando
1877 1656 2036 1728 igitur

450 1751 584 1805 adeo
617 1750 808 1805 stabile
847 1759 930 1804 est
956 1761 1011 1805 et
1040 1750 1415 1805 inconcussum
1442 1749 1725 1805 aedificium
1745 1790 1762 1816 ,
1793 1750 1929 1804 adeo
1955 1749 2036 1804 in-

446 1843 802 1914 expugnabile
834 1843 1240 1904 munimentum,
1271 1858 1374 1914 qua
1402 1843 1608 1898 ratione
1635 1843 1859 1913 apostoli
1884 1844 2033 1912 jcce-

451 1935 556 1988 rint
583 1933 954 2001 fundamenta,
988 1933 1284 1998 videamus,
1307 1949 1467 2004 quam
1495 1933 1810 2004 profundam
1837 1933 2035 1988 fossam

440 2025 698 2082 duxerint
717 2065 733 2090 ,
767 2033 823 2078 ut
851 2025 1224 2079 inconcussum
1253 2023 1404 2080 fieret
1431 2023 1734 2079 aedificium.
1764 2023 1876 2079 Non
1910 2040 2036 2094 pro-

448 2116 666 2172 fundam
698 2116 895 2172 fossam
917 2117 1200 2181 duxerunt,
1222 2132 1393 2188 neque
1417 2125 1564 2172 tanto
1591 2117 1772 2171 labore
1798 2116 2038 2187 indigue-

414 2228 420 2233 ν
449 2217 594 2264 runt.
617 2209 754 2278 Quid
782 2209 892 2264 ita?
917 2209 1083 2265 Vetus
1101 2209 1351 2264 invenere
1379 2207 1806 2276 fundamentum,
1833 2209 1974 2280 quod
2005 2223 2038 2264 a

453 2301 725 2371 prophetis
748 2301 948 2372 jactnm
977 2311 1114 2356 erat.
1145 2301 1215 2358 Ut
1238 2301 1397 2371 igitur
1424 2300 1584 2356 homo
1605 2342 1618 2366 ,
1642 2302 1728 2372 qui
1753 2302 2039 2356 maximam

450 2391 666 2446 domum
697 2391 1054 2449 aedificaturus
1080 2394 1182 2459 sit,
1229 2402 1504 2464 postquam
1536 2403 1694 2449 vetus
1733 2402 1788 2450 et
1829 2394 2038 2448 firmum

451 2498 514 2538 ac
537 2483 727 2539 stabile
746 2483 1148 2540 fundamentum
1169 2484 1410 2552 offendit,
1441 2501 1547 2540 non
1580 2485 1821 2541 vectibus
1848 2485 2040 2541 funda-

453 2587 629 2632 menta
660 2577 956 2645 subvertit,
985 2592 1088 2632 non
1116 2577 1316 2647 lapides
1347 2578 1464 2633 loco
1485 2587 1696 2644 movet,
1728 2578 1821 2634 sed
1853 2579 2042 2632 ἰιηιιιο-

453 2679 566 2722 tum
605 2669 786 2724 sinens
807 2709 821 2734 ,
861 2683 1056 2724 novum
1087 2668 1369 2723 aedificium
1410 2669 1674 2738 imponit:
1704 2669 1782 2724 sic
1819 2678 1874 2723 et
1906 2684 2040 2737 apo-

452 2760 575 2815 stoli
604 2774 725 2815 cum
753 2775 1001 2832 magnum
1028 2758 1166 2815 istud
1187 2759 1504 2814 exstructuri
1527 2768 1704 2814 essent
1732 2757 2035 2825 aedificium,

455 2852 750 2910 Ecclesium
769 2893 785 2920 ,
813 2868 932 2924 qua:
957 2853 1152 2923 ubique
1179 2860 1440 2908 terrarum
1469 2852 1722 2922 erigitur,
1764 2867 1868 2906 non
1911 2865 2040 2922 pro-

457 2943 674 2999 fundam
698 2941 897 2999 fossam
924 2942 1230 3011 duxerunt,
1270 2942 1362 2998 sed
1393 2942 1610 2997 invento
1637 2943 1804 2998 veteri
1850 2941 2042 2996 funda.

455 3043 638 3092 mento
663 3036 1040 3109 prophetarum
1060 3077 1075 3102 ,
1099 3035 1227 3092 illud
1255 3035 1472 3091 minime
1501 3034 1907 3100 subvertcrunt,
1941 3049 2042 3090 nec

377 3129 380 3132 ’
457 3129 736 3184 aedificium
762 3137 818 3185 et
842 3129 1142 3184 doctrinam
1178 3127 1564 3184 immutarunt:
1597 3126 1692 3182 sed
1731 3126 1818 3181 illa
1847 3125 2041 3181 intacta

455 3237 606 3276 suam
632 3220 826 3278 deinde
851 3221 1154 3293 imposuere
1178 3221 1476 3276 doctrinam
1500 3261 1516 3286 ,
1557 3217 1696 3274 hanc
1723 3219 1926 3275 scilicet
1947 3233 2042 3273 no-

457 3328 576 3368 vam
603 3313 857 3370 Ecclesia:
890 3313 1070 3370 fidem.
1111 3315 1285 3383 Atque
1329 3321 1388 3366 ut
1417 3311 1677 3381 intelligas
1721 3320 1873 3365 vetus
1920 3309 2044 3364 illos

457 3407 858 3464 fundamentum
889 3407 1008 3462 loco
1031 3422 1136 3462 non
1166 3406 1430 3471 movisse,
1458 3405 1551 3461 sed
1577 3419 1738 3474 super
1759 3405 1889 3459 illud
1915 3403 2045 3459 auli-

460 3500 682 3566 ticasse,
712 3499 1007 3567 sapientem
1040 3498 1212 3567 ipsum
1243 3498 1591 3552 architectum
1621 3498 1838 3552 Paulum
1881 3498 2040 3566 audi,

459 3587 614 3642 nobis
636 3595 877 3642 exactam
907 3586 1272 3642 :udificationis
1289 3587 1616 3657 diligentiam
1644 3589 2041 3646 declarantem:

459 3677 719 3748 siquidem
741 3677 854 3747 ipse
874 3679 1089 3747 sapiens
1111 3687 1192 3732 est
1215 3678 1559 3734 architectus.
1593 3679 1661 3735 Ut
1684 3680 1885 3751 sapiens
1902 3681 2043 3736 enim

459 3769 779 3835 architectus,
809 3769 994 3840 inquit,
1023 3770 1406 3840 fundamentum
1427 3773 1572 3841 posui
1603 3773 1677 3845 (Ι.
1698 3773 1817 3828 Cor.
1846 3776 1900 3828 5.
1931 3777 2042 3849 10).

461 3860 565 3915 Sed
595 3860 900 3927 videamus,
932 3877 1035 3933 qua
1079 3863 1283 3918 ratione
1313 3862 1714 3921 fundamentum
1747 3866 1916 3938 ipsum
1946 3884 2043 3939 po-

461 3953 649 4009 suerit.
680 3954 855 4024 Super
882 3954 1045 4019 aliud,
1071 3955 1273 4026 inquit,
1306 3956 1706 4014 fundamentum
1737 3967 1888 4015 vetus
1920 3978 2046 4030 pro-

463 4046 760 4115 phetarum.
793 4043 946 4102 Unde
985 4046 1034 4101 id
1065 4047 1312 4102 constat?
1334 4047 1454 4103 lam
1493 4066 1592 4104 non
1627 4051 1745 4104 estis
1787 4053 2006 4121 hospites
2031 4093 2044 4118 ,

465 4135 668 4204 inquit,
699 4137 789 4190 sed
820 4138 948 4190 cives
975 4147 1264 4192 sanctorum
1283 4179 1298 4205 ,
1331 4143 1724 4210 superadi/tcalt'
1752 4153 1905 4214 super
1930 4148 2051 4214 {uu-

464 4225 754 4279 damcntum
797 4227 1139 4295 apostolorum
1175 4238 1224 4282 st
1266 4231 1624 4300 praphetarum
1668 4233 1830 4304 (Eph.
1871 4235 1925 4287 2.
1963 4235 2045 4290 l9.

465 4316 582 4389 90).
622 4317 780 4373 Vides
810 4317 1212 4374 fundamentum
1234 4362 1248 4385 ,
1277 4329 1331 4376 et
1359 4320 1756 4378 fundamentum
1781 4366 1795 4390 ,
1822 4326 2048 4381 alterum

467 4411 865 4481 prophetarum,
892 4413 1113 4469 alterum
1131 4415 1518 4484 apostolorum,
1551 4414 1694 4486 quod
1719 4431 1875 4486 supra
1905 4419 2049 4488 posi-

467 4512 578 4558 tum
607 4513 710 4559 est.
742 4505 808 4559 Et
834 4504 974 4575 quod
1004 4520 1134 4560 sane
1170 4507 1364 4562 mirum
1403 4515 1519 4572 est,
1561 4522 1668 4562 non
1713 4509 1890 4563 statim
1932 4519 2052 4579 post

468 4596 756 4665 prophetas
801 4590 1063 4652 venerunt
1110 4599 1373 4668 apostoli,
1430 4598 1523 4654 sed
1577 4601 1798 4656 multum
1847 4599 2050 4656 interea

469 4697 678 4757 tempus
701 4688 939 4757 elapsum
961 4698 1062 4743 est.
1083 4689 1218 4757 Quid
1253 4691 1322 4744 ita
1338 4691 1362 4743 ?
1381 4690 1533 4759 Quod
1555 4692 1622 4746 ita
1651 4692 1845 4747 faciant
1865 4693 2052 4763 optimi

466 4778 664 4848 quique
700 4778 976 4834 architecti
1005 4797 1020 4833 :
1053 4781 1142 4834 ubi
1180 4781 1408 4850 jccerint
1458 4780 1894 4851 fundamentum,
1945 4799 2050 4839 non

468 4871 748 4928 confestim
779 4871 1060 4928 aedilicium
1111 4877 1589 4945 superimponunt,
1635 4891 1702 4931 ne
1743 4875 1879 4932 forte
1923 4876 2050 4932 dum

469 4966 646 5022 mollis
671 4981 735 5021 ac
761 4980 948 5022 recens
968 4976 1048 5022 est
1079 4966 1408 5024 fundamenti
1438 4977 1734 5033 structura,
1763 4984 1925 5038 grave
1961 4985 2054 5040 pa-

471 5059 664 5114 rietum
705 5057 912 5128 pondus
947 5059 1166 5116 minime
1203 5059 1342 5116 ferre
1379 5062 1567 5132 possit.
1602 5061 1886 5132 Propterea
1928 5077 2051 5118 cum

471 5151 629 5223 longo
669 5161 908 5221 tempore
961 5151 1157 5208 firmari
1215 5150 1414 5221 lapides
1457 5154 1710 5219 siverint,
1765 5154 1852 5207 ubi
1906 5163 2052 5209 recte

469 5251 868 5314 coagmentatos
912 5243 1029 5299 illos
1071 5242 1303 5298 viderint
1347 5251 1404 5298 et
1449 5255 1788 5312 compactos,
1845 5255 1970 5299 tunc
1998 5254 2052 5300 ct

470 5335 731 5406 parietum
761 5334 953 5408 molem
980 5335 1276 5402 imponunt.
1309 5334 1384 5390 ita
1413 5350 1621 5405 quoque
1640 5334 1764 5390 fecit
1788 5333 2050 5403 Christus,

472 5444 590 5483 cum
623 5427 999 5499 prOphctarum
1026 5426 1428 5483 fundamentum
1467 5427 1516 5482 in
1539 5428 1836 5483 auditorqu
1861 5431 2054 5484 menti-

434 5569 436 5574 ,
471 5519 570 5574 bus
595 5519 772 5591 defigi,
800 5535 865 5576 ac
894 5521 1096 5576 firmam
1115 5521 1228 5576 fieri
1253 5519 1552 5576 doctrinam
1579 5520 1811 5584 sivisset,
1839 5521 2052 5592 quando

472 5609 745 5666 immobile
769 5612 896 5667 vidit
922 5629 984 5668 ac
1010 5613 1200 5670 stabile
1226 5613 1508 5667 :edilicium
1535 5628 1674 5678 esse,
1717 5613 1928 5682 quando
1952 5613 2050 5668 de-

475 5704 575 5756 fixa
602 5702 849 5774 dogmata
878 5720 1048 5772 sacra,
1077 5706 1156 5762 sic
1183 5714 1240 5760 ut
1267 5717 1487 5777 possent
1509 5720 1700 5760 novam
1731 5707 1890 5761 etiam
1917 5704 2055 5761 hanc

475 5797 862 5871 philosophiam
889 5797 1048 5865 ferre,
1093 5807 1218 5855 tunc
1253 5797 1521 5870 apostolos
1561 5796 1720 5865 misit,
1767 5797 1855 5871 qui
1895 5812 2054 5869 supra

3658 366 3726 422 80

2143 448 2542 509 fundamentum
2568 457 2953 528 "prophetarum
2977 461 3227 521 Ecclesia:
3257 469 3484 537 parietes
3525 477 3720 529 excita-

2142 553 2280 599 rcnt.
2318 545 2519 603 Idcirco
2545 565 2650 604 non
2685 552 2838 619 dixit,
2869 555 3111 612 aedificati
3139 574 3299 631 super
3323 562 3718 626 fundameottun

2147 637 2543 707 prolihetarum,
2575 643 2669 698 sed
2698 643 3127 716 Supera'dt'ﬁcati,
3159 667 3325 723 supra
3349 657 3553 712 scilicet
3589 659 3722 715 mdi~

2141 728 2304 783 licati.
2338 732 2444 786 Sed
2467 749 2575 804 quo
2605 746 2757 803 pacto
2783 737 2978 795 fuerint
3003 743 3271 810 aedificati,
3304 748 3598 805 videamus.

2211 822 2526 893 Explanatio
2572 829 2708 882 tituli
2744 832 2856 885 Act.
2901 833 3105 903 Apost;
3141 836 3428 904 differentia
3459 857 3573 911 qua:
3598 843 3724 897 inter

2140 917 2384 971 actionem
2401 927 2446 971 et
2468 920 2764 975 miraculum
2778 924 2967 987 ,‘aftera
2981 925 3266 993 diﬂ‘erentia
3281 930 3410 984 inter
3425 933 3724 988 miraculum

2140 1017 2185 1060 ct
2213 1018 2400 1062 actum.
2418 1009 2653 1066 —-Uude
2679 1029 2804 1068 vero
2829 1015 2880 1068 id
2899 1019 3314 1086 cognoscemus?
3333 1019 3504 1086 Unde,
3521 1038 3722 1091 quzeso,

2139 1098 2370 1163 aliunde,
2392 1116 2548 1172 quam
2568 1119 2632 1156 ex
2646 1104 2898 1158 Actorum
2923 1105 3082 1172 libro,
3097 1107 3166 1162 de
3179 1125 3284 1175 quo
3294 1119 3347 1164 et
3363 1112 3726 1181 superioribus

2140 1190 2330 1247 diebus
2343 1193 2728 1250 disseruimus?
2748 1197 2993 1254 Fortasse
3009 1201 3481 1270 namquedebitum
3501 1206 3623 1262 inde
3634 1224 3728 1260 vo-

2141 1282 2222 1338 bis
2248 1285 2500 1356 exiguum.
2526 1287 2738 1358 aliquod
2766 1289 3045 1356 debemus,
3068 1292 3210 1361 quod
3237 1293 3498 1352 hodierno
3524 1297 3610 1354 die
3633 1314 3716 1355 ne-

2141 1390 2291 1431 cesse
2317 1388 2400 1431 est
2431 1378 2818 1448 persolvamus.
2854 1380 3131 1449 Quodnam
3164 1385 3322 1455 igitur
3348 1387 3477 1442 illud
3507 1399 3591 1444 est
3623 1390 3726 1446 de-

2142 1465 2351 1522 bitum?
2395 1469 2571 1539 ipsum
2613 1472 2822 1527 titulum
2865 1475 2984 1528 libri
3029 1475 3362 1545 interpretari
3392 1479 3725 1538 studeanms.

2141 1555 2258 1611 Non
2287 1558 2429 1612 enim
2457 1559 2622 1615 facilis
2647 1570 2730 1616 est
2749 1564 3207 1634 etapertus,sicut
3221 1565 3437 1637 plurimi
3462 1570 3729 1626 arbitran-

2143 1657 2247 1711 tur,
2278 1649 2372 1703 sed
2413 1649 2756 1720 inquisitione
2792 1654 2962 1709 multa
3001 1655 3221 1727 indiget.
3265 1657 3520 1726 Quisnam
3569 1661 3728 1732 igitur

2141 1747 2225 1794 est
2267 1741 2385 1795 libri
2430 1741 2649 1798 titulus?
2675 1746 2802 1799 Acta
2843 1745 3225 1817 Apostolorum.
3265 1749 3455 1807 Nonne
3498 1752 3727 1809 dilucida

2141 1848 2228 1888 res
2259 1833 2468 1889 videtur
2493 1850 2634 1902 esse,
2664 1853 2840 1894 nonne
2884 1839 3026 1894 clara
3055 1842 3326 1908 omnibus,
3363 1851 3524 1914 atque
3550 1846 3726 1900 mani-

2141 1923 2314 1978 festa?
2339 1924 2445 1981 Sed
2469 1927 2514 1982 si
2545 1928 2717 1983 velitis
2744 1931 2954 2001 assequi
2987 1947 3048 1988 ea
3079 1948 3198 2003 qua:
3221 1933 3490 2001 dicuntur,
3523 1947 3722 2006 quanta

2143 2015 2278 2070 tituli
2314 2016 2470 2084 hujus
2496 2017 2831 2088 profunditas
2877 2021 2968 2088 sit,
3013 2023 3278 2078 videbitis.
3311 2022 3419 2079 Cur
3433 2026 3583 2080 'enim
3622 2043 3726 2082 non

2141 2105 2296 2174 dixit,
2331 2107 2580 2164 Miracula
2613 2108 3149 2182 Apostolorum'teur
3179 2130 3283 2170 non
3319 2116 3608 2188 inscripsit,
3634 2117 3728 2173 Si—

2140 2211 2244 2267 gna
2275 2199 2674 2268 Apostolorum,
2701 2212 2794 2257 aut
2822 2202 3060 2259 Virtutes
3085 2221 3148 2260 ac
3174 2206 3408 2278 prodigia
3438 2209 3724 2278 Apostolo-

2144 2302 2284 2353 rum,
2311 2289 2404 2344 sed
2434 2298 2635 2345 tantum
2663 2293 2789 2347 Acta
2808 2292 3206 2362 Apostolorum?
3247 2296 3362 2352 Non
3400 2299 3542 2354 enim
3587 2298 3726 2355 idem

2142 2389 2267 2435 sunt
2291 2390 2407 2436 acta
2449 2393 2504 2438 et
2531 2383 2702 2454 signa,
2733 2400 2838 2440 non
2870 2386 3009 2442 idem
3046 2387 3162 2442 acta
3201 2399 3255 2444 et
3303 2390 3590 2456 miracula;
3622 2409 3728 2446 non

2145 2471 2284 2527 idem
2311 2483 2457 2539 sunt,
2483 2483 2600 2531 acta
2629 2486 2683 2532 et
2713 2477 2949 2548 prodigia
2991 2487 3047 2534 et
3081 2480 3305 2535 virtutes
3333 2499 3348 2536 :
3379 2481 3474 2537 scd
3507 2481 3728 2538 multum

2145 2561 2284 2618 inter
2311 2573 2534 2636 utraque
2563 2566 2848 2624 discrimen
2896 2579 2998 2626 est.
3047 2570 3144 2625 Est
3180 2572 3327 2627 enim
3373 2585 3549 2628 actum
3595 2589 3729 2644 opus

2145 2655 2373 2726 propria:
2411 2656 2666 2728 cujusque
2694 2657 3003 2730 diligentiae,
3049 2662 3364 2717 miraculum
3401 2679 3532 2720 vero
3564 2665 3728 2722 divini

2145 2748 2384 2802 muneris
2411 2757 2492 2802 est
2519 2748 2858 2806 beneficium.
2890 2751 3048 2806 Vides
3071 2763 3265 2823 quanta
3295 2754 3366 2808 sit
3387 2755 3524 2810 inter
3550 2765 3726 2810 actum

2144 2847 2200 2891 et
2227 2837 2540 2893 miraculum
2560 2840 2898 2895 differentia?
2930 2843 3120 2897 Actum
3147 2851 3230 2898 est
3255 2843 3606 2900 humanorum
3630 2861 3724 2900 sn-

2143 2927 2336 2984 dorum
2385 2930 2628 2998 effectus,
2681 2933 2996 2989 miraculum
3044 2935 3238 2990 divina:
3278 2936 3608 2993 liberalitatis
3647 2947 3729 2994 est

2145 3020 2412 3089 specimen
2431 3037 2446 3076 :
2463 3031 2638 3076 actum
2658 3038 2688 3077 a
2713 3033 2891 3078 nostra
2918 3025 3187 3080 voluntate
3213 3025 3356 3082 ducit
3374 3027 3600 3094 initium,
3630 3031 3731 3083 mi-

2146 3112 2385 3166 raculum
2426 3128 2454 3167 a
2475 3114 2643 3183 gratia
2668 3114 2844 3168 divina
2868 3115 3028 3170 trahit
3050 3117 3306 3187 originem
3325 3160 3343 3180 ,
3368 3126 3422 3173 et
3444 3117 3547 3173 hoc
3571 3119 3728 3174 cades

2147 3200 2244 3257 stis
2267 3211 2351 3256 est
2377 3205 2580 3270 auxilii,
2615 3204 2742 3260 illud
2794 3206 3010 3262 humani
3055 3217 3140 3263 est
3175 3208 3402 3264 arbitrii.
3435 3211 3624 3265 Actum
3663 3225 3729 3266 ex

2147 3302 2374 3365 utroque
2401 3297 2722 3363 contexitur,
2750 3313 2816 3353 ex
2845 3308 3027 3354 nostra
3053 3299 3324 3370 diligentia
3363 3310 3418 3356 et
3460 3317 3526 3356 ex
3562 3301 3730 3372 gratia

2148 3383 2327 3439 divina
2367 3403 2382 3440 :
2422 3387 2734 3442 miraculum
2755 3391 2923 3444 solam
2947 3389 3169 3446 exhibet
3188 3391 3454 3446 caelestem
3483 3394 3730 3462 gratiam,

2147 3492 2323 3548 neque
2358 3478 2646 3535 sudoribus
2690 3481 2889 3537 nostris
2929 3481 3147 3553 indiget.
3188 3483 3374 3538 Actum
3416 3491 3498 3537 est
3550 3483 3732 3553 probis

2149 3567 2388 3623 moribus
2413 3584 2554 3638 esse,
2579 3579 2806 3639 castum,
2836 3572 3155 3640 modestum,
3197 3573 3288 3626 ira:
3324 3573 3607 3642 imperare,
3634 3589 3732 3627 eu-

2151 3660 2401 3730 piditates
2427 3661 2690 3733 subigere,
2720 3663 2897 3734 largiri
2921 3665 3304 3738 eleemosynas,
3350 3662 3731 3734 benignitatem

2150 3750 2422 3819 exhibere,
2452 3769 2665 3810 omnem
2694 3756 2944 3811 virtutem
2971 3773 3222 3812 exemere
3250 3775 3266 3813 :
3293 3757 3394 3812 hoc
3418 3767 3499 3811 est
3521 3758 3660 3813 actio
3680 3768 3734 3812 ct

2152 3843 2304 3898 labor
2326 3851 2381 3898 et
2403 3844 2567 3900 sudor
2593 3856 2793 3901 noster.
2836 3846 3143 3902 Miraculum
3183 3857 3266 3902 est
3305 3847 3574 3902 d:emones
3613 3847 3733 3902 abi-

2150 3949 2298 4005 gere,
2342 3947 2638 3993 cxcaacatos
2671 3939 2850 3995 oculos
2879 3939 3106 4010 aperire,
3148 3940 3479 4009 leprosorum
3505 3954 3730 4010 corpora

2153 4026 2443 4096 mundare,
2496 4030 2727 4085 resoluta
2787 4031 3027 4085 membra
3077 4031 3449 4100 compingere,
3494 4041 3734 4084 mortuos

2154 4118 2432 4182 suscitare,
2478 4119 2580 4173 alia
2629 4119 2890 4189 ejusmodi
2920 4121 3050 4174 mira
3091 4135 3253 4190 Opera
3298 4132 3524 4190 patrare.
3572 4119 3734 4174 Vides

2154 4220 2408 4278 quantum
2437 4210 2506 4264 sit
2530 4212 2670 4266 inter
2708 4222 2825 4266 aeta
2869 4222 2923 4266 ct
2963 4212 3215 4266 miracula
3245 4211 3550 4274 discrimen,
3597 4211 3739 4266 inter

2156 4303 2614 4359 conversationem
2657 4313 2713 4360 et
2741 4305 2913 4376 signa,
2951 4305 3090 4359 inter
3127 4303 3453 4374 diligentiam
3499 4310 3736 4357 nostram

2153 4401 2208 4448 et
2231 4396 2450 4464 gratiam
2486 4395 2614 4449 Dei?

2229 4487 2280 4543 5.
2322 4485 2414 4540 Vis
2444 4495 2497 4540 et
2520 4487 2747 4542 alterum
2777 4484 2870 4540 tibi
2900 4483 3187 4541 discrimen
3211 4481 3529 4539 ostendam?
3550 4479 3740 4538 Vestra

2158 4581 2298 4637 enim
2317 4595 2472 4636 causa
2491 4579 2748 4636 hodierno
2767 4581 2854 4636 die
2881 4579 3151 4634 institutus
3170 4588 3252 4634 est
3277 4577 3364 4632 hic
3377 4593 3408 4632 a
3430 4592 3517 4633 me
3537 4591 3739 4644 sermo,

2159 4681 2218 4726 ut
2257 4671 2380 4742 quid
2425 4671 2496 4727 sit
2541 4671 2858 4726 miraculum
2902 4671 3219 4740 signumque
3257 4667 3532 4722 discatis‘.
3573 4664 3745 4736 Majas

2158 4764 2370 4835 quidem
2399 4773 2482 4820 est
2502 4763 2836 4828 miraculum,
2865 4776 2930 4817 ac
2961 4759 3366 4823 formidabilius,
3405 4772 3471 4813 ac
3498 4767 3745 4812 naturam

2161 4869 2397 4912 nosmm
2440 4861 2728 4925 exsuperat
2771 4871 2785 4908 :
2824 4853 2964 4908 actio
3011 4867 3139 4907 vero
3180 4859 3233 4905 et
3281 4848 3617 4906 conversatio
3657 4863 3749 4903 res

2161 4951 2374 5023 quidem
2399 4960 2481 5006 est
2512 4949 2676 5021 signis
2717 4949 2912 5013 minor,
2945 4945 3038 5002 sed
3069 4944 3250 5001 utilior
3292 4953 3347 4999 et
3386 4941 3744 5005 fructuosior;

2162 5054 2244 5101 est
2265 5046 2460 5116 quippe
2497 5042 2738 5098 laborum
2781 5039 3054 5109 praemium
3095 5047 3151 5092 et
3184 5033 3474 5106 diligentias
3517 5046 3743 5087 merces.

2163 5139 2334 5208 Atque
2369 5147 2426 5190 ut
2466 5135 2730 5202 intelligas
2758 5131 3166 5188 fructuosiorem
3207 5142 3328 5184 esse
3374 5135 3536 5197 atque
3571 5123 3750 5178 utilio-

2163 5243 2276 5283 rem
2303 5211 2456 5298 signo
2497 5229 2781 5288 actionem,
2813 5224 2954 5280 actio
3001 5222 3212 5293 quidem
3256 5221 3393 5275 bona
3435 5220 3596 5272 etiam
3631 5215 3751 5270 sine

2163 5324 2329 5394 signis
2354 5337 2468 5387 eos,
2499 5336 2528 5375 a
2557 5319 2748 5391 quibus
2776 5325 2985 5388 peracta
3013 5315 3191 5380 fuerit,
3220 5312 3507 5368 introducit
3546 5309 3598 5364 in
3639 5323 3752 5362 ca)-

2164 5419 2273 5474 lnm
2303 5436 2315 5473 :
2345 5419 2658 5473 miraculum
2687 5425 2865 5470 autem
2895 5422 2950 5470 et
2975 5413 3184 5483 signum
3225 5409 3428 5476 absque
3453 5417 3751 5460 canvcrsa-

2165 5516 2308 5570 tione
2327 5512 2588 5568 deducere
2607 5510 2673 5565 ad
2695 5507 2952 5564 vestibula
2981 5505 3068 5560 illa
3093 5517 3196 5556 non
3222 5509 3460 5572 possunt.
3479 5498 3597 5563 Quo
3622 5509 3752 5548 vero

2162 5618 2317 5680 pacto
2353 5607 2405 5662 id
2447 5605 2558 5669 fiat,
2603 5600 2881 5658 ostendam
2925 5615 2940 5652 :
2983 5611 3077 5652 vos
3106 5602 3282 5649 autem
3315 5585 3746 5650 animadvertite,

2222 5743 2240 5776 ¹
2275 5740 2426 5811 Colb.,
2467 5742 2659 5811 Oportet
2937 5732 3025 5784 illa
3051 5729 3196 5783 verba
3230 5724 3420 5781 ονηηὺιο
3457 5721 3746 5784 intelligere,

2159 5817 2328 5870 umnpc
2351 5800 2642 5852 miraculum
2663 5804 2707 5850 ct
2725 5800 2931 5861 signum.
