2027 3108
144 25 174 53 81
740 25 772 53 ΙΝ
792 25 943 53 ΙΝΒΟΒΙΡἸ

998 25 1054 53 lEil
1073 26 1247 55 ACTORUM.
1264 26 1295 54 ll.
1744 22 1780 48 8‘:

143 91 193 117 qua
210 84 313 110 ratione
336 82 451 117 priorem
471 83 558 110 locant
574 82 711 111 obtineant
726 83 853 116 actiones,
874 90 934 110 cum

143 129 175 155 de
189 129 404 158 remuneratione
418 129 548 156 mercedis
558 129 645 164 agitur
658 138 663 155 :
676 136 727 164 qua
743 129 846 156 ratione
861 129 936 163 signa

143 174 260 209 quidem,
282 175 304 202 si
327 175 384 202 sola
398 175 462 209 sint,
478 183 534 208 eos,
559 176 604 211 qui
625 175 668 202 illa
694 175 832 210 patrarint,
849 175 937 201 salvos

143 229 195 247 non
210 220 308 248 faciant
322 221 408 248 :actio
421 229 485 249 vero
499 222 613 250 seorsim
625 227 729 257 sumpta
744 222 815 249 nulla
831 229 859 249 re
870 221 938 248 indi-

143 272 204 302 geat
219 267 270 294 alia
285 267 318 294 ad
332 275 379 295 eos
391 268 543 301 salvandos,
560 268 605 303 qui
620 276 680 296 eam
696 268 842 303 possident.
861 267 937 294 Multi

144 313 226 340 dicent
241 313 313 346 mihi,
334 314 416 349 inquil
432 313 564 347 Christus,
579 314 605 341 in
619 315 663 341 illa
678 314 728 347 die,
744 313 863 346 Domine,
880 313 936 340 Do-

144 359 220 393 mine,
232 368 314 387 nonne
327 360 353 386 in
364 362 463 387 nomine
473 365 516 387 tuo
529 360 734 395 prophetavimus
743 360 756 387 .9
768 359 820 387 hoc
834 359 938 394 signum

143 409 185 431 est
210 408 238 432 et
263 405 437 438 miraculum;
460 404 553 433 Nonne
580 406 606 432 in
628 406 729 432 nomine
751 410 793 434 tuo
814 405 940 432 daemonia

144 451 223 477 multa
238 451 367 486 ejecimus,
381 457 404 478 et
425 452 451 478 in
467 452 568 479 nomine
590 457 632 479 luo
646 452 748 479 virtutes
767 452 859 478 multas
879 450 939 486 [eci-

144 505 199 523 mus
212 496 318 532 (Matth.
336 497 362 524 7.
376 497 443 533 22)?
458 497 539 525 Vides
549 497 647 533 ubique
661 498 735 533 signa
748 502 777 524 et
790 497 917 524 miracula
930 504 937 523 :

144 541 283 569 videamus
295 542 358 576 quid
371 542 442 570 dicat
456 543 540 571 Deus.
552 543 619 576 Quia
631 542 700 570 nuda
711 547 788 570 erant
800 542 938 575 miracula,

145 595 194 616 nec
216 588 318 623 uSpiam
341 589 520 622 conversatio,
548 588 693 622 Discedite,
722 588 823 623 inquit,
844 596 860 614 a
882 596 939 622 me,

144 635 228 661 nescio
243 642 285 662 vos
297 655 304 668 ,
320 635 362 670 qui
378 635 518 670 operamini
531 636 687 670 iniquitatem
701 633 783 670 (Ibid.
799 642 823 661 υ.
839 634 897 669 25).
912 633 941 662 Si

146 688 198 707 non
216 681 287 708 nosti
299 688 356 714 cos,
367 681 436 709 unde
452 681 622 709 Iibiinnotnit
634 688 680 709 eos
696 680 860 716 iniquitatem
874 687 940 715 ope-

146 727 219 754 rari?
236 727 271 755 Ut
285 727 416 763 intelligas
436 728 512 761 illud,
527 727 621 755 Nescio
634 736 688 760 vos,
704 735 757 754 non
772 726 939 762 ignorantia),

145 771 194 799 sed
207 772 260 799 odii
272 776 298 800 et
310 772 458 801 aversionis
473 780 543 800 esse.
560 772 653 799 Nescio
667 781 718 800 vos.
733 772 817 806 Quam
831 772 865 799 ob
877 780 940 799 cau-

145 826 202 845 sam
214 819 322 854 quatso?
337 819 432 846 Nonne
445 820 471 847 in
486 820 586 847 nomine
601 824 644 846 tuo
659 820 786 846 dtemonia
800 819 918 854 ejecimus
929 818 942 845 1’

146 864 289 899 Propterea
313 873 362 893 vos
385 865 447 892 odio
473 872 631 900 prosequor,
656 870 683 892 et
703 872 823 898 aversor,
847 863 941 898 inquit,

146 912 208 945 quia
234 919 270 939 ne
290 912 368 939 donis
389 912 495 949 quidem
518 911 635 947 acceptis
657 911 783 939 meliores
806 910 941 943 evasistis,

144 957 215 991 quod
230 962 303 985 tanto
317 957 419 985 honore
429 957 567 989 cumulati,
584 957 610 984 in
622 957 715 985 eadem
731 956 832 984 malitia
845 954 944 991 persti-

144 1003 226 1030 tistis.
243 1003 371 1031 Discedite
383 1012 399 1030 a
411 1012 461 1037 me,
474 1004 557 1031 nescio
570 1011 624 1037 uos.

181 1049 234 1077 Cur
249 1050 311 1077 olim
323 1050 477 1078 charismata
500 1049 621 1077 darentur
638 1049 750 1084 indignis
760 1057 769 1081 ;
790 1056 848 1075 vera
867 1048 945 1075 mira-

142 1096 206 1123 cula
220 1096 297 1122 etiam
311 1096 409 1131 indigni
419 1096 555 1131 faciebant.
567 1111 602 1115 —
613 1095 681 1130 Quid
691 1095 787 1131 igitur?
797 1094 865 1122 Olim
875 1094 945 1122 dona

142 1142 280 1170 dabantur
293 1143 417 1177 indignis,
434 1148 462 1170 et
481 1143 526 1178 qui
541 1142 592 1169 vita
613 1146 691 1169 erant
710 1146 737 1169 et
760 1141 879 1168 moribus
892 1140 944 1167 de-

141 1189 276 1224 pravatis,
292 1188 408 1217 edebant
427 1188 567 1222 miracula,
579 1192 607 1216 et
620 1188 718 1216 divinis
732 1187 882 1215 dilabantur
895 1186 946 1214 do-

142 1236 198 1269 nis,
226 1235 289 1263 licet
314 1235 443 1270 optimam
465 1235 696 1262 conversationem
721 1241 774 1261 non
800 1232 945 1260 curarent?

142 1281 306 1309 Dilabantur
319 1281 358 1309 illi
368 1281 474 1318 quidem
486 1281 521 1309 ob
533 1273 659 1309 eximiam
674 1281 722 1308 Dei
738 1280 939 1315 benignitatem,

143 1335 200 1355 non
215 1327 250 1355 ob
264 1335 341 1355 suam
355 1327 520 1364 dignitatem.
544 1327 609 1355 Erat
633 1327 705 1355 enim
727 1327 864 1362 religionis
886 1334 947 1354 ver-

143 1374 212 1401 bum
227 1373 325 1409 ubique
347 1374 536 1410 spargendum,
559 1373 774 1410 quandoquidem
797 1373 902 1400 initium
918 1377 946 1400 et

143 1419 224 1455 origo
237 1424 294 1447 erat
307 1419 380 1448 lidei.
395 1419 431 1448 Ut
444 1420 524 1456 igitur
544 1419 663 1454 optimus
680 1418 796 1454 agricola
812 1418 838 1446 in
854 1418 947 1446 novel-

143 1465 201 1492 lam
215 1465 351 1500 arborem,
366 1474 445 1501 quam
461 1473 514 1493 non
530 1466 565 1493 ita
579 1465 681 1501 pridem
697 1469 774 1493 terra}
789 1465 858 1492 sinui
871 1472 946 1492 com-

144 1511 297 1545 melidavit,
312 1511 376 1539 dum
389 1511 479 1539 adhuc
495 1515 586 1539 tenera
599 1516 648 1544 est,
664 1510 773 1538 multam
787 1518 879 1539 curam
895 1511 946 1538 im:-

144 1555 251 1591 pendit,
266 1556 384 1592 undique
397 1557 470 1584 illam
483 1556 676 1589 circumvallat,
691 1560 717 1584 et
735 1556 868 1591 lapidibus
885 1564 946 1583 mu-

144 1602 185 1629 nit
197 1606 225 1630 ct
237 1602 332 1637 spinis,
348 1607 377 1630 ut
390 1610 423 1630 ne
438 1610 453 1629 a
469 1602 554 1630 ventis
568 1602 708 1635 evellalur,
725 1610 759 1629 ne
774 1609 791 1629 a
804 1602 948 1638 pecoribus

144 1647 321 1676 labefactetur
330 1649 351 1682 ',
366 1656 435 1676 neve
447 1649 500 1676 alio
511 1648 625 1684 quodam
636 1648 806 1676 incommodo
820 1648 946 1682 lmdalur;

145 1698 290 1729 postquam
303 1698 393 1721 autem
405 1694 509 1722 radices
520 1694 619 1730 egisse,
629 1699 656 1721 et
669 1694 695 1721 in
705 1694 818 1722 sublime
829 1694 947 1722 creviSse

144 1739 224 1768 illam
236 1739 343 1774 viderit,
361 1745 416 1767 tum
432 1745 538 1767 amovet
550 1740 715 1767 munimenta
730 1749 737 1767 :
758 1739 857 1767 sufﬁcit
875 1740 946 1767 enim

143 1786 199 1814 sibi
219 1786 268 1821 ipsi
283 1786 364 1814 arbor
375 1786 408 1813 ad
420 1785 531 1820 injurias
547 1785 614 1814 tales
627 1785 795 1820 repellendas
809 1793 817 1811 :
832 1785 868 1813 ita
881 1793 949 1820 quo-

143 1841 201 1867 que
229 1832 256 1859 iu
279 1832 330 1860 lide
350 1832 457 1860 accidit.
481 1831 594 1867 Quando
618 1838 703 1866 nuper
730 1835 788 1858 erat
811 1831 950 1866 plantam,

143 1878 258 1914 quando
270 1883 362 1906 tenera
373 1883 442 1912 erat,
455 1877 562 1914 quando
575 1884 660 1912 nuper
674 1876 700 1905 in
715 1875 838 1903 humanis
850 1875 947 1904 animis

144 1923 268 1958 fundata,
279 1924 352 1952 omni
365 1931 399 1952 ex
414 1928 489 1959 parte
505 1923 587 1951 multa
601 1923 628 1951 in
646 1930 705 1950 eam
719 1929 783 1950 cura
811 1921 948 1957 impende-

144 1969 229 1998 [tatur
244 1979 252 1998 :
273 1975 412 2006 postquam
424 1974 513 1997 autem
525 1968 633 2001 coaluit,
646 1972 674 1996 et
687 1967 792 1996 radices
804 1967 868 2003 egit,
883 1972 910 1995 ct
919 1967 946 1995 in

144 2015 343 2044 sublimitatem
353 2015 489 2048 ascendit,
499 2019 637 2051 postquam
647 2014 800 2042 uuivorsum
815 2019 946 2042 terrarqu

143 2061 244 2090 orbem
257 2055 411 2098 complevit,
426 2062 591 2090 munimenta
604 2061 717 2089 removit
728 2060 861 2094 Christus,
874 2065 901 2088 et
913 2060 947 2089 de

143 2113 250 2143 cgtoro
277 2108 406 2137 tutamiua
436 2108 552 2136 sustulit.
576 2107 720 2143 Propterea
742 2107 818 2134 initio
839 2106 947 2142 quidem

143 2151 233 2187 etiam
249 2153 371 2190 indignis
380 2153 512 2182 dabantur
526 2154 606 2187 dona,
628 2152 754 2189 quoniam
776 2152 827 2181 hoc
849 2152 948 2182 auxilio

143 2199 214 2229 ﬁdei
233 2199 355 2229 fovenda
373 2207 452 2228 causa
468 2199 604 2235 indigebat
624 2199 792 2234 antiquitas:
807 2206 879 2226 nunc
897 2206 947 2226 au-

145 2251 206 2285 tem
220 2253 310 2283 neque
321 2246 410 2282 dignis
423 2245 621 2278 conceduntur;
635 2245 695 2272 fidei
709 2244 808 2281 quippe
821 2243 904 2271 robur
920 2247 948 2272 et

143 2288 266 2323 huius
281 2292 334 2322 hoc
353 2292 472 2321 subsidio
493 2299 546 2320 non
568 2295 639 2328 eget.
659 2292 747 2327 Atque
768 2295 797 2318 ut
816 2290 947 2326 intelligas

144 2345 320 2376 numquam
336 2338 396 2366 illos
410 2337 579 2374 imposuisse,
595 2337 642 2366 sed
656 2343 720 2365 vere
739 2336 866 2364 miracula
888 2336 947 2364 edi-

142 2385 243 2420 disse,
249 2390 331 2422 atque
342 2384 459 2421 indignis
470 2384 621 2412 hominibus
630 2383 700 2411 dona
711 2383 795 2411 fuisse
807 2389 947 2416 concessa,

143 2437 235 2469 utqpc
242 2436 341 2468 preter
350 2439 393 2465 ea,
404 2439 464 2467 qua:
473 2431 545 2460 dicta
558 2435 632 2464 sunt,
643 2430 770 2466 quiddam
783 2430 865 2458 etiam
875 2429 948 2458 aliud

142 2476 346 2514 perﬁceretur.
365 2477 468 2513 Deique
490 2484 586 2505 munus
609 2476 647 2504 illi
671 2475 779 2504 reveriti
802 2475 948 2511 nequitiam

141 2522 310 2563 aly'iosrent,
323 2522 420 2552 ludam
433 2530 515 2551 unum
526 2530 560 2550 ex
572 2521 713 2550 duodecim
726 2528 820 2549 omnes
833 2520 949 2549 fatentur

141 2569 231 2606 signa
241 2569 349 2605 iecisse,
360 2569 498 2598 daemones
511 2568 634 2604 ejecisse,
650 2572 772 2596 mortuos
792 2567 950 2602 suscitaue.

141 2613 277 2653 lem
287 2615 452 2645 mandasse:
465 2619 494 2644 et
511 2619 600 2644 tamen
620 2613 720 2643 excidit
735 2621 753 2642 a
771 2621 855 2650 regno
867 2614 949 2643 cado-

178 2733 193 2752 ⁸
206 2732 278 2766 Iliae,
290 2739 349 2766 ne]
359 2729 662 2766 ροτωιραέιιᾲῲαειῃν.
674 2731 792 2766 march
807 2731 946 2766 θρεμμάτων

991 93 1060 112 rum.
1076 85 1134 113 Non
1148 85 1219 112 enim
1227 87 1303 115 illum
1312 76 1414 112 Saivum
1434 83 1523 111 facere
1538 90 1614 118 Signa
1629 87 1781 116 potuerunt,

990 131 1051 166 quia
1066 131 1143 163 latro,
1160 130 1214 163 l'ur,
1227 135 1254 157 et
1263 130 1383 165 proditor
1397 130 1445 165 [uit
1457 129 1572 156 Domini.
1586 130 1625 156 Ac
1635 128 1710 163 signa
1723 128 1782 162 qui-

991 177 1052 204 dem
1076 177 1136 204 sine
1160 177 1261 212 optima
1285 176 1504 208 conversatione,
1533 176 1642 210 vitaque
1667 181 1731 210 pura
1758 178 1784 200 et

991 229 1084 251 exacta
1097 223 1200 250 salvum
1215 222 1304 250 facere
1317 223 1425 250 minime
1438 230 1517 257 posse
1529 222 1740 249 demonstratum
1751 227 1784 246 ex

992 269 1051 297 istis
1064 274 1105 296 est
1118 278 1125 296 ε
1137 269 1368 296 conversationem
1388 273 1476 296 autem
1494 268 1544 295 hoc
1561 268 1697 303 signorum
1713 268 1784 293 sola-

994 315 1031 342 tio
1056 315 1222 348 destitutam,
1249 322 1336 350 neque
1357 315 1403 341 illo
1426 315 1550 349 stipatam
1576 313 1711 349 przcsidio,
1738 311 1785 339 scd

993 361 1114 396 quamvis
1132 362 1188 388 sola
1209 365 1372 396 compareat,
1396 368 1474 395 posse
1493 368 1552 388 cum
1575 360 1669 387 ﬁducia
1692 359 1718 386 in
1741 366 1785 385 rc-

992 414 1072 441 gnum
1086 407 1213 433 cmlorum
1228 407 1348 439 introire,
1364 406 1472 433 Christo
1489 406 1603 433 docente
1617 404 1756 432 condisccs
1777 412 1784 430 :

999 451 1095 485 Vertite,
1111 452 1232 479 benedicti
1254 452 1339 479 Patris
1353 453 1411 484 mei,
1433 451 1558 486 possidete
1579 456 1695 485 paratum
1718 450 1786 476 vobis

994 507 1098 533 regnum
1112 506 1127 525 α
1139 498 1316 525 constitutione
1331 498 1418 524 mundi
1435 496 1540 532 (Matth.
1555 496 1600 524 25.
1622 496 1679 532 34).
1702 494 1786 529 Quam

993 544 1028 571 ob
1050 544 1251 579 causamiquia
1271 548 1391 571 mortuos
1413 541 1594 570 suscitarnnt?
1613 541 1674 577 quia
1698 541 1787 575 lepro-

994 597 1039 617 sos
1060 589 1243 617 mundarunt?
1256 589 1316 624 quia
1331 589 1467 616 daemones
1481 586 1657 623 expulerunt?
1681 585 1788 621 Nequa-

994 644 1073 672 quam
1091 644 1098 663 :
1116 636 1163 663 sed
1176 644 1227 671 qna
1248 636 1281 663 de
1295 636 1394 663 causa?
1418 635 1586 662 Esurientem
1609 640 1652 660 me
1672 631 1787 664 vidistis,

995 681 1091 716 inquit,
1108 685 1136 709 ct
1158 681 1263 708 aluistis
1285 689 1292 708 :
1316 681 1462 713 sitientem,
1484 684 1512 707 et
1533 679 1644 706 dedistis
1659 678 1724 705 mihi
1740 685 1789 712 po.

996 732 1051 754 tum
1064 736 1070 754 :
1087 727 1197 760 nudum,
1212 732 1238 754 et
1248 727 1423 762 cooperuistis
1435 734 1478 754 me
1495 735 1502 753 :
1516 725 1659 761 hospitem,
1671 729 1698 752 et
1708 725 1789 752 colle-

995 774 1071 809 gistis
1087 772 1140 808 (Ib.
1154 781 1176 799 υ.
1194 773 1238 800 55.
1255 771 1311 808 56).
1327 772 1462 807 Nusquam
1476 771 1616 804 miracula,
1630 770 1677 797 sed
1691 769 1789 805 ubique

997 819 1173 847 coavcrsatio.
1190 819 1225 847 Ut
1235 819 1315 854 igitur
1330 819 1384 846 illia
1397 818 1494 854 ubique
1506 817 1644 849 miracula,
1658 822 1686 844 ct
1699 817 1789 844 statim

996 866 1166 901 supplicium,
1191 866 1317 901 quoniam
1340 865 1543 892 conversatione
1564 863 1690 891 destituta
1713 868 1790 890 erant

997 913 1124 940 miracula
1142 921 1148 939 :
1165 912 1204 939 sic
1224 916 1250 940 et
1272 911 1324 939 hoc
1343 912 1402 939 loco
1423 911 1521 946 ubique
1542 910 1719 941 conversatio,
1739 916 1790 935 nec

997 966 1108 993 usquam
1117 958 1253 988 miracula,
1264 963 1290 986 et
1300 957 1467 985 statimsalus
1477 957 1485 973 ‘
1499 961 1653 991 :proplerea
1662 954 1731 989 quod
1743 962 1790 989 per

998 1012 1028 1033 se
1043 1005 1099 1033 sola
1116 1012 1285 1040 possessores
1299 1011 1362 1032 suos
1376 1004 1464 1031 salvos
1484 1003 1572 1030 facere
1591 1006 1678 1036 potest
1690 1001 1790 1036 optima

997 1051 1175 1079 conversatio.
1189 1050 1290 1078 ldoirco
1305 1050 1384 1077 etiam
1398 1049 1493 1077 beatus
1507 1048 1550 1075 hic
1562 1053 1590 1075 et
1602 1054 1749 1082 generosus
1759 1054 1790 1075 ac

999 1098 1128 1126 mirabilis
1142 1097 1228 1125 Lucas
1240 1097 1275 1124 ita
1291 1097 1387 1124 librum
1405 1096 1549 1131 inscripsit,
1573 1095 1635 1122 Acta
1654 1093 1790 1129 Apostolo-

998 1153 1062 1178 rum,
1079 1144 1271 1172 nonmiracula
1284 1144 1466 1178 apostolorum
1488 1152 1495 1170 :
1510 1142 1614 1170 tametsi
1629 1141 1746 1169 iecerant
1764 1144 1791 1167 et

999 1192 1048 1227 ipsi
1062 1192 1199 1219 miracula.
1216 1191 1313 1218 Verum
1329 1190 1372 1217 illa
1384 1189 1491 1225 quidem
1504 1194 1578 1217 certo
1593 1193 1712 1223 tempore
1723 1186 1791 1214 facta

998 1244 1070 1271 sunt,
1086 1243 1114 1266 et
1127 1238 1313 1273 praeterierunt
1327 1245 1334 1263 :
1351 1236 1409 1264 haec
1421 1241 1508 1263 autem
1521 1235 1615 1271 quovis
1627 1239 1749 1268 tempore
1758 1232 1792 1259 ab

999 1285 1053 1313 illis
1069 1284 1189 1313 exhiberi
1204 1291 1273 1319 opus
1296 1288 1347 1316 est,
1373 1283 1418 1318 qui
1439 1283 1552 1310 salutem
1574 1286 1636 1309 sunt
1659 1279 1790 1315 adepturi.

999 1331 1111 1365 Quando
1122 1331 1201 1366 igitur
1211 1338 1263 1358 non
1274 1330 1412 1362 miracula,
1425 1329 1472 1357 sed
1485 1334 1542 1356 acta
1554 1328 1631 1356 nobis
1643 1326 1792 1355 inundantia

999 1381 1184 1412 proponuntur
1196 1376 1389 1412 apostolorum,
1412 1380 1555 1411 propterea
1573 1375 1669 1402 librum
1691 1374 1731 1401 sic
1750 1373 1792 1400 in-

999 1424 1117 1458 scripsit.
1135 1423 1170 1451 Ut
1182 1423 1253 1450 enim
1270 1431 1322 1450 non
1337 1422 1452 1453 diceres,
1469 1421 1516 1449 νει·
1525 1421 1612 1456 potius
1625 1428 1659 1448 ne
1673 1420 1793 1448 dicerent

999 1470 1117 1503 desides,
1133 1470 1156 1497 si
1169 1469 1276 1505 quando
1291 1469 1350 1496 illos
1367 1468 1400 1496 ad
1416 1468 1591 1495 imitationem
1611 1467 1794 1502 apostolorum

999 1517 1182 1550 cohortamur,
1204 1523 1237 1543 ac
1255 1515 1380 1548 dicimus,
1405 1513 1511 1541 Imitare
1528 1513 1647 1544 Petrum,
1667 1512 1795 1540 tumulare

1000 1564 1123 1596 Paulum,
1141 1563 1236 1591 similis
1253 1566 1312 1590 esto
1330 1561 1438 1595 Juanui,
1453 1560 1581 1589 Jacobum
1606 1566 1720 1595 sequere
1736 1567 1742 1585 :
1760 1565 1795 1587 ne

999 1610 1129 1644 dicerent,
1154 1609 1211 1637 Non
1239 1615 1390 1644 possumus,
1414 1614 1463 1634 nec
1486 1606 1607 1634 valemus
1629 1614 1636 1633 :
1661 1604 1698 1632 illi
1722 1604 1794 1632 enim

1000 1661 1120 1683 mortuos
1139 1654 1314 1686 suscitabant,
1328 1654 1448 1688 leprosos
1463 1651 1627 1679 mundabant
1640 1659 1648 1677 :
1662 1650 1730 1678 hanc
1743 1649 1793 1677 im-

1001 1703 1145 1737 pudentem
1168 1706 1286 1728 nostram
1306 1699 1506 1728 excusationem
1529 1698 1690 1733 reprimens.
1712 1695 1794 1729 Tace,

1000 1748 1097 1783 inquit,
1110 1747 1277 1779 obmutesce,
1299 1753 1352 1772 non
1368 1744 1536 1777 miraculum,
1560 1743 1608 1771 sed
1627 1741 1796 1771 conversatio

1001 1794 1032 1821 in
1039 1801 1152 1828 regnum
1163 1792 1289 1820 (sclorum
1304 1790 1457 1818 introducit.

1038 1839 1102 1873 Qme
1115 1843 1182 1865 nota:
1193 1843 1215 1865 et
1228 1837 1324 1864 indicia
1334 1836 1459 1871 Apostoti.
1471 1850 1508 1855 —
1521 1835 1628 1862 imitare
1639 1833 1719 1870 igitur
1730 1841 1797 1861 con-

998 1884 1177 1912 versationem
1196 1881 1377 1917 apostolorum
1389 1901 1396 1913 ,
1413 1885 1441 1908 et
1454 1880 1519 1907 nihil
1533 1879 1621 1906 minus
1640 1886 1718 1914 quam
1732 1886 1797 1914 apo-

999 1929 1060 1957 stoli
1073 1928 1215 1956 obtinebis.
1228 1926 1321 1962 Neque
1334 1927 1405 1954 enim
1416 1925 1491 1961 signa
1505 1924 1626 1952 iecerunt
1637 1923 1774 1959 apostolos
1784 1944 1794 1957 ,

1000 1975 1047 2003 sed
1061 1975 1114 2003 vita
1129 1973 1237 2002 munda.
1254 1973 1342 2008 Atque
1356 1971 1408 1999 hoc
1421 1971 1574 2006 apostolica:
1592 1969 1713 2006 imaginis
1724 1969 1796 1997 indi»

1000 2022 1070 2050 cium
1085 2028 1145 2049 esse
1156 2041 1164 2052 ,
1180 2027 1212 2048 ac
1235 2019 1326 2055 ﬁgura
1346 2017 1536 2053 discipulorum
1547 2037 1555 2050 ,
1570 2016 1630 2044 audi
1643 2023 1697 2051 quo
1718 2019 1797 2051 pacto

999 2068 1120 2097 Christus
1127 2066 1260 2102 Ilocsigno
1271 2065 1444 2093 demonstret.
1452 2062 1519 2090 Cum
1528 2061 1600 2090 enim
1611 2061 1740 2097 imagines
1753 2061 1796 2090 di:-

999 2114 1160 2149 scipulorum
1173 2112 1321 2147 efﬁngeret,
1333 2114 1360 2138 et
1369 2109 1504 2144 quodnam
1517 2107 1680 2143 apostolatus
1693 2107 1797 2143 insigne

999 2160 1043 2191 sit.
1054 2159 1212 2191 declararet,
1222 2158 1256 2184 ita
1267 2156 1334 2184 dixit
1345 2164 1351 2182 :
1363 2154 1396 2182 In
1409 2155 1456 2181 hoc
1469 2158 1617 2190 cognoscent
1627 2161 1721 2188 omna,
1729 2153 1798 2189 quod

1000 2205 1118 2241 discipuli
1138 2205 1187 2232 mai
1206 2204 1265 2231 cui:
1276 2203 1366 2240 (Joan.
1383 2202 1427 2230 l3.
1440 2202 1497 2238 55).
1514 2200 1547 2228 In
1560 2201 1623 2234 ltoc,
1638 2200 1666 2228 in
1681 2200 1756 2236 quo’
1769 2200 1797 2229 in

1001 2251 1136 2280 miraculis
1158 2250 1304 2283 faciendis,
1319 2249 1345 2277 in
1363 2249 1475 2277 mortuis
1496 2247 1675 2276 suscitandis?
1689 2247 1797 2283 Nequa-

1000 2305 1091 2334 quam,
1107 2297 1192 2333 inquit
1206 2304 1213 2323 :
1228 2295 1275 2324 sed
1288 2295 1315 2323 in
1329 2302 1384 2331 quo
1398 2293 1525 2322 tandem?
1541 2293 1577 2321 In
1587 2293 1635 2321 hoc
1647 2297 1798 2330 cognoscent

1000 2352 1096 2376 omnes,
1109 2343 1169 2378 quia
1183 2341 1303 2377 discipuli
1316 2340 1449 2373 mei-cuii,
1465 2340 1487 2367 si
1498 2347 1542 2367 vos
1554 2339 1659 2366 inuicem
1672 2338 1797 2374 diligatis.

1000 2389 1080 2425 Atqui
1095 2388 1203 2416 dilectio
1217 2395 1270 2416 non
1285 2386 1475 2415 miraculorum
1487 2389 1539 2418 est.
1555 2384 1602 2412 sed
1615 2383 1797 2412 conversatio-

1001 2437 1043 2464 nis
1056 2445 1062 2463 :
1078 2435 1216 2463 Plenitudo
1234 2433 1310 2462 enim
1320 2434 1382 2470 legis
1400 2437 1442 2461 est
1458 2432 1558 2460 dilectio
1571 2431 1659 2467 (Rom.
1674 2431 1718 2458 15.
1739 2429 1797 2465 10).

1001 2482 1082 2511 Vides
1093 2481 1284 2517 discipulorum
1295 2479 1420 2508 iudicium
1426 2478 1442 2506 τ
1449 2477 1524 2506 vides
1536 2476 1678 2512 imaginem
1688 2480 1797 2511 aposto-

1001 2528 1089 2557 latus?
1103 2527 1178 2556 vides
1198 2526 1332 2555 formam?
1351 2525 1426 2553 vides
1448 2523 1577 2560 ﬁguram?
1590 2521 1660 2550 Nihil
1684 2520 1797 2556 amplius

1000 2582 1091 2612 qrtxere
1102 2583 1110 2602 :
1122 2573 1221 2610 quippe
1233 2572 1361 2601 Dominus
1373 2569 1554 2608 pronuntiavit
1565 2569 1704 2597 caritatem
1716 2567 1798 2612 disci-

1001 2611 1078 2659 pulos
1089 2620 1251 2656 exprimens.
1262 2617 1292 2646 Si
1305 2625 1370 2653 ergo
1381 2617 1520 2645 caritatem
1534 2615 1644 2649 habeas,
1657 2611 1796 2650 apostolus

1002 2668 1087 2697 tactos
1104 2673 1151 2702 es,
1164 2669 1194 2695 ot
1205 2662 1387 2702 apostolorum
1399 2661 1512 2699 primus.

1037 2738 1045 2755 ί
1058 2735 1087 2762 ιιι
1099 2737 1153 2763 hac
1165 2733 1248 2765 verba,
1261 2735 1283 2765 et
1293 2729 1375 2765 statim
1388 2729 1464 2762 ratus,
1479 2727 1522 2756 Gr.
1537 2728 1578 2753 καὶ
1589 2727 1674 2757 εὐθέως
1683 2727 1700 2757 ἡ
1717 2731 1799 2753 σωτη-

1008 2770 1055 2804 pia,
1066 2766 1159 2794 desiuit
1167 2762 1326 2794 Colbc'rtinus
1338 2763 1385 2790 Ms.

1795 2870 2027 2984 Γ
