4054 6216
437 307 508 363 85
1178 309 1235 366 S.
1275 310 1552 367 JOANNIS
1587 309 2059 369 CIIRVSOSTOMI
2095 309 2414 367 ARCIIIEP.
2454 307 2986 366 CONSTANTINOP.
3639 305 3707 358 Μ

501 429 555 482 4.
599 426 689 482 \‘is
717 427 932 484 aliunde
949 429 1064 484 hoc
1091 429 1342 484 discere?
1367 429 1500 484 Cum
1524 427 1772 485 Christus
1799 430 2016 486 Petrum

434 518 812 588 alloqucretur,
845 517 1010 585 Petre,
1032 519 1201 589 diligis
1227 535 1305 574 me
1330 521 1442 590 plus
1468 521 1547 574 his
1570 519 1748 590 (Joan.
1775 521 1866 576 21.
1896 522 1982 592 17)

433 613 528 667 ait.
560 611 702 666 Nihil
748 626 912 682 porro
954 629 1106 684 mque
1134 613 1272 670 valet
1295 613 1362 668 ad
1389 630 1609 684 regnum
1638 615 1893 670 eznlorum
1921 615 2019 672 ob-

438 701 736 768 tincndum,
764 718 828 758 ac
848 703 891 757 si
917 713 1127 758 constet
1162 719 1260 759 nos
1289 705 1360 759 ita
1387 703 1657 760 Christum
1682 705 1903 775 diligere
1921 745 1938 772 ,
1964 713 2023 760 ut

433 813 464 850 a
495 795 651 852 nobis
675 796 974 868 diligendus
996 806 1096 853 est.
1125 800 1298 869 Atque
1330 799 1401 854 ita
1428 799 1722 869 designavit
1745 798 2018 854 iudicium.

434 888 714 954 Quodnam
755 889 884 944 illud
914 905 1044 960 ergo
1081 892 1203 946 est?
1229 899 1283 945 et
1310 890 1437 960 quid
1468 906 1565 945 nos
1588 906 1744 960 agere
1771 899 2018 959 oportet,

437 996 491 1036 ut
518 983 636 1053 plus
657 999 816 1054 quam
837 986 1060 1054 apostoli
1079 985 1391 1056 diligamus?
1409 1000 1475 1039 an
1500 985 1692 1039 mortui
1709 982 2024 1039 suscitandi?

435 1090 502 1128 an
533 1074 639 1129 alia
673 1075 937 1145 quaepiam
964 1075 1168 1130 edenda
1196 1075 1491 1130 miracula?
1514 1075 1668 1129 Nullo
1697 1075 1859 1129 modo
1889 1091 1901 1128 :
1928 1073 2022 1129 sed

435 1165 564 1236 quid
602 1167 863 1237 agendum
907 1170 1035 1223 est?
1062 1169 1140 1223 Ex
1173 1169 1289 1239 ipso
1323 1168 1570 1235 Christo,
1601 1168 1690 1239 qui
1728 1168 2024 1238 diligendus

437 1269 542 1324 est,
566 1259 618 1313 id
646 1259 942 1315 audiamus.
970 1260 1032 1315 Si
1059 1262 1202 1316 enim
1239 1278 1382 1315 amas
1403 1277 1511 1326 me,
1544 1261 1737 1332 inquit,
1767 1261 1880 1331 plus
1908 1260 2020 1326 his,

434 1368 590 1421 pasce
619 1367 734 1406 oves
759 1367 896 1405 meas
923 1350 1129 1423 (Ibid)
1159 1352 1297 1407 Ecce
1339 1352 1426 1408 hic
1459 1368 1668 1424 quoque
1693 1353 2026 1408 conversatio

438 1441 648 1496 laudem
677 1450 932 1497 meretur.
956 1441 1092 1497 Nam
1113 1457 1293 1497 curam
1311 1458 1505 1512 gerere
1528 1485 1544 1510 ,
1570 1443 1803 1512 compati
1829 1443 2023 1508 solere,

437 1532 678 1589 subsidio
699 1548 820 1589 esse
837 1575 854 1598 ,
871 1549 996 1604 qua
1026 1549 1120 1589 sua
1145 1547 1269 1590 sunt
1297 1535 1517 1591 minime
1545 1551 1808 1606 quaerere,
1833 1546 2025 1589 creters

439 1627 651 1692 omnia,
672 1638 792 1694 qua:
822 1633 1093 1695 pastorem
1120 1636 1332 1696 Oportet
1359 1625 1578 1693 habere,
1607 1627 2028 1682 conversationis

439 1715 557 1771 lucc
578 1725 705 1771 sunt
733 1718 911 1771 omnia
929 1759 944 1785 ,
973 1732 1080 1772 non
1105 1717 1488 1773 tiraculornm
1516 1727 1608 1773 aut
1635 1718 1930 1788 signorum.
1961 1721 2029 1772 At

439 1811 550 1874 illi,
573 1811 716 1866 dicet
754 1811 981 1880 aliquis,
1006 1820 1230 1882 sit-mer
1267 1811 1518 1866 miracula
1553 1811 1684 1866 tales
1720 1821 2026 1866 evaserunt.

435 1901 557 1958 Non
614 1911 828 1973 propter
880 1902 1134 1958 miracula
1166 1945 1184 1970 ,
1239 1902 1334 1958 sed
1394 1913 1616 1972 propter
1671 1903 2032 1956 conversatio.

439 2012 596 2059 nent,
627 2005 682 2051 et
735 1996 804 2050 ob
839 2011 958 2050 mni
1009 1996 1240 2050 maxime
1285 1996 1525 2050 celebres
1561 2004 1620 2050 et
1654 1995 1885 2049 illustres
1917 1993 2031 2048 fue-

441 2099 587 2144 runt.
616 2089 904 2156 Propterea
933 2087 1142 2142 dicebat
1174 2088 1278 2143 illis
1306 2107 1319 2141 :
1344 2087 1532 2143 Luceat
1561 2087 1652 2142 lux
1669 2097 1833 2141 vestra
1858 2103 2030 2140 coram

444 2181 731 2234 hmrtinibus
754 2222 769 2244 ,
797 2191 852 2233 stt
900 2180 1100 2232 videant
1146 2181 1388 2234 homines
1409 2222 1426 2245 ,
1455 2195 1568 2234 non
1613 2180 1866 2234 ndraeula
1891 2221 1907 2245 ,
1937 2179 2030 2234 sed

445 2291 602 2342 opera
629 2285 790 2327 vestra
817 2272 949 2326 bona
969 2313 984 2336 ,
1010 2281 1059 2326 et
1082 2271 1365 2342 gloriﬁcent
1390 2271 1598 2326 Petunt
1626 2281 1844 2326 vestram
1868 2271 1953 2341 qni
1979 2273 2031 2324 in

442 2364 579 2417 reciis
605 2362 905 2430 est(Matth.
927 2364 980 2418 5.
1013 2363 1123 2434 H55).
1151 2363 1309 2419 Vides
1332 2363 1528 2434 ubique
1547 2362 2029 2429 conversationem,

442 2473 507 2510 ac
533 2459 695 2510 vitam
721 2458 914 2510 virtute
941 2455 1217 2524 praeditam
1255 2456 1588 2510 collaudari?
1619 2455 1709 2510 Vis
1753 2457 2030 2511 osumdam

445 2547 538 2600 tibi
565 2556 620 2601 et
645 2547 863 2600 Petrum
893 2546 1065 2614 ipsum
1085 2587 1104 2611 ,
1135 2546 1274 2600 hunc
1301 2547 1595 2615 principem
1627 2549 1987 2616 apostolorum
2011 2589 2030 2613 ,

441 2636 536 2707 qui
565 2647 615 2690 et
642 2637 894 2715 eximiam
921 2637 1380 2691 conversationem
1406 2653 1514 2706 prae
1535 2652 1598 2692 se
1621 2638 1768 2701 tulit,
1790 2647 1844 2694 ct
1875 2638 2035 2693 mira-

443 2729 562 2783 cula
605 2727 774 2784 edidit
813 2745 932 2798 qua:
975 2739 1216 2782 naturam
1263 2729 1548 2784 humatum
1579 2729 1949 2796 excedebant,
1979 2739 2036 2785 et

449 2829 670 2890 utraque
709 2820 848 2875 inter
879 2834 939 2874 se
957 2828 1270 2888 comparata
1298 2862 1314 2887 ,
1343 2831 1396 2875 et
1435 2820 1781 2885 miraculum,
1801 2831 1858 2876 et
1901 2837 2034 2875 con-

451 2914 801 2967 versationcm
825 2953 840 2977 ,
871 2922 1028 2983 atque
1069 2913 1216 2967 illum
1255 2914 1431 2982 potius
1472 2913 1541 2969 ob
1584 2915 1705 2968 vita:
1750 2929 2033 2969 conversa-

401 3020 417 3035 ν
449 3002 646 3056 tionem
704 3018 860 3070 quam
903 3004 972 3058 ob
1008 3004 1156 3074 signa
1205 3003 1369 3060 fuisse
1420 3004 1625 3060 honore.
1655 3007 1981 3062 cumulatum
2011 3007 2036 3059 ’ἒ

373 3149 384 3154 ,
447 3092 600 3148 lianc
634 3093 909 3149 historiam
953 3096 1075 3150 audi
1104 3113 1116 3148 :
1146 3095 1325 3150 Petrus
1352 3108 1404 3152 et
1435 3096 1661 3152 Joannes
1701 3098 2035 3152 ascendebant

448 3188 502 3239 in
545 3185 785 3256 templum
827 3186 896 3240 ad
919 3187 1096 3240 harant
1127 3189 1372 3242 orationis
1393 3205 1580 3242 nonam
1608 3189 1741 3256 (Act.
1772 3190 1824 3244 5.
1858 3191 1934 3260 1).
1958 3189 2036 3245 Ne

447 3276 738 3332 oscitanter
769 3277 904 3333 hanc
934 3280 1293 3334 narrationem
1319 3289 1626 3350 prmtereas,
1657 3281 1753 3336 sed
1782 3281 1835 3337 in
1860 3298 2037 3352 prout-

451 3370 559 3424 mio
601 3373 778 3426 statim
810 3373 1055 3436 insistas,
1088 3382 1143 3427 et
1165 3383 1360 3443 quanta
1390 3374 1586 3430 caritas
1613 3385 1785 3440 esset,
1817 3375 1994 3430 discas
2011 3417 2032 3440 .,

447 3475 643 3532 quanta
680 3465 962 3519 concordia
988 3506 1002 3528 ,
1029 3476 1362 3536 quantusque
1387 3482 1704 3532 consensus,
1734 3477 1790 3522 et
1813 3485 1916 3538 qua
1944 3485 2036 3523 ra.-

451 3555 592 3608 tinnc
612 3564 802 3608 cant-ta
835 3554 920 3608 isti
941 3555 1040 3608 sibi
1064 3556 1290 3611 invicem
1315 3559 1802 3624 communicabatrt,
1825 3569 1880 3615 et
1897 3561 2034 3615 anti-

449 3647 588 3700 eitite
614 3647 903 3700 secundum
937 3648 1105 3703 Deum
1133 3647 1346 3703 vinculo
1369 3651 1602 3720 colliga-ti
1642 3662 1829 3707 cuncta
1872 3652 2035 3727 facie.-

447 3737 600 3803 banl,
630 3747 683 3790 et
710 3737 759 3790 in
793 3753 995 3804 mensa,
1019 3748 1074 3793 et
1103 3739 1154 3794 in
1179 3740 1443 3805 oratioae,
1476 3751 1528 3796 et
1557 3743 1608 3795 in
1635 3741 1867 3809 incessu,
1899 3753 1954 3800 et
1979 3744 2033 3798 in

449 3827 667 3896 reliquis
706 3828 952 3908 omnibus
987 3829 1156 3898 juncti
1195 3831 1540 3900 appzwebant.
1579 3831 1732 3900 Quod
1769 3834 1817 3888 si
1848 3833 1921 3888 illi
1939 3835 2036 3904 qui

451 3919 713 3973 wlnnnne
743 3935 805 3973 ac
836 3929 1006 3974 turres
1032 3929 1203 3987 erant,
1235 3922 1325 3991 qui
1355 3925 1572 3977 multum
1605 3923 1748 3993 apud
1785 3925 1948 3979 Deum
1975 3927 2037 3978 li-

449 4012 656 4066 duciam
689 4010 975 4079 habebant,
1008 4021 1190 4067 mutuo
1219 4013 1523 4084 indigebant
1549 4015 1753 4069 auxilio
1776 4055 1792 4082 ,
1823 4023 2039 4070 mutuo-

449 4122 553 4172 que
586 4105 824 4159 subsidio
853 4108 1270 4176 conﬁgebantur,
1297 4118 1502 4178 quaitto
1530 4109 1698 4179 magis
1729 4125 1828 4164 nos
1869 4109 2036 4164 imbe-

446 4200 594 4253 cilles
644 4215 708 4252 ac
755 4201 970 4264 miseri,
1011 4202 1314 4272 militisque
1361 4205 1518 4273 pretii
1563 4205 1810 4261 homines
1845 4217 2034 4262 mutuo

443 4290 642 4344 auxilio
663 4290 994 4362 indigemus?
1014 4292 1200 4348 Frater
1217 4295 1350 4350 estita
1382 4297 1467 4364 qui
1495 4297 1766 4367 adjuvetur
1797 4315 1828 4351 α
1850 4300 2033 4368 fratre,

447 4385 588 4448 (mosi
606 4383 786 4438 civitas
809 4385 958 4451 [irma
981 4384 1160 4456 (Prov.
1187 4387 1273 4443 48.
1297 4387 1382 4458 19)
1397 4405 1415 4446 .'
1433 4398 1489 4442 et
1513 4403 1735 4445 rursus:
1761 4389 1894 4446 Ecce
1912 4391 2034 4461 quid

446 4476 650 4539 bonum,
681 4485 725 4528 et
749 4477 872 4546 quid
901 4477 1192 4546 pulchrum,
1217 4480 1316 4534 nisi
1342 4480 1571 4534 habitare
1592 4482 1774 4550 fratres
1801 4482 1853 4536 in
1878 4499 2035 4537 unum

445 4564 619 4635 (l’sal.
653 4569 772 4623 13:2.
804 4567 899 4639 i)?
925 4571 1110 4624 Petrus
1135 4581 1193 4625 et
1217 4571 1449 4628 Joannes
1484 4581 1668 4637 erant,
1688 4585 1746 4629 et
1768 4573 1948 4629 Jesum
1978 4575 2033 4631 in

448 4655 623 4711 medio
666 4656 933 4712 trahebant
958 4678 970 4713 :
992 4659 1096 4714 Ubi
1129 4663 1265 4716 enim
1302 4663 1490 4731 fuerint
1531 4663 1632 4717 duo
1667 4665 1745 4719 vel
1784 4675 1882 4720 tres
1907 4683 2037 4722 con—

445 4746 658 4815 gregati,
685 4749 872 4818 inquit,
893 4749 950 4803 in
977 4751 1178 4805 nurnine
1203 4768 1331 4819 meo,
1361 4754 1429 4807 ibi
1457 4771 1569 4809 sum
1592 4755 1646 4808 in
1673 4755 1836 4810 medio
1859 4774 2032 4811 eorum

449 4835 663 4906 (Matth.
695 4837 779 4893 18.
805 4837 921 4911 20).
953 4840 1110 4897 Vides
1135 4853 1388 4913 quantum
1413 4847 1485 4902 sit
1509 4847 1563 4901 in
1594 4864 1754 4903 unum
1786 4850 2031 4905 versari?

448 4929 629 5000 Neque
644 4945 772 4986 vero
787 4933 980 5002 quovis
1008 4935 1169 4991 modo
1194 4937 1245 4992 in
1271 4954 1435 4993 unum
1452 4949 1604 4995 erant
1624 4959 1638 4996 :
1655 4958 1778 4996 nam
1807 4952 1862 4997 et
1885 4958 2031 5000 nunc

448 5023 498 5075 in
539 5038 703 5077 utrum
746 5038 930 5080 sumus
975 5039 1200 5093 omnes;
1227 5030 1321 5084 sed
1360 5031 1413 5084 in
1442 5047 1609 5087 unum
1655 5048 1774 5089 esse
1817 5044 2031 5103 Oportet

449 5113 662 5168 vinculo
715 5114 986 5182 caritatis,
1034 5125 1090 5172 et
1147 5119 1434 5175 voluntatis
1475 5124 1671 5178 aﬂ'ectu
1700 5140 1714 5176 :
1742 5133 1798 5179 ct
1839 5141 2030 5195 quem-

443 5207 728 5264 admodum
744 5227 968 5282 corpora
988 5220 1169 5266 nostra
1196 5213 1295 5268 sibi
1321 5214 1614 5285 propinqua
1643 5233 1787 5272 nunc
1800 5229 1924 5274 sunt
1941 5220 2025 5275 in-

443 5302 610 5356 vicem
639 5317 702 5356 ac
723 5317 844 5359 sese
874 5305 924 5359 in
948 5321 1110 5361 unum
1129 5306 1520 5376 constringunt,
1535 5308 1616 5364 sic
1635 5309 1801 5363 etiam
1820 5319 2034 5379 oportet

445 5394 607 5452 corda
659 5397 972 5469 constringi.
1023 5397 1207 5452 Petrus
1249 5408 1298 5452 et
1340 5399 1575 5456 Joannes
1607 5402 1940 5458 ascendebant
1978 5404 2034 5460 in

447 5485 710 5555 templum.
755 5487 991 5545 Scissum
1033 5498 1118 5545 est
1161 5489 1332 5546 velum
1358 5533 1373 5554 ,
1404 5491 1641 5548 desolata
1680 5503 1806 5549 sunt
1847 5503 2030 5550 sancta

443 5589 785 5646 sanctorum,
824 5583 1028 5638 sublata
1070 5592 1157 5639 est
1199 5585 1289 5642 uni
1335 5584 1549 5641 addicta
1598 5585 1718 5642 loco
1765 5587 2037 5648 adoratio.

445 5668 650 5724 Clamat
689 5672 880 5730 Paulus
903 5718 917 5742 ,
946 5691 1011 5731 ac
1052 5676 1222 5732 dicit:
1249 5676 1314 5731 In
1347 5672 1485 5734 omni
1523 5679 1635 5734 loco
1665 5697 1817 5748 puras
1854 5697 2032 5735 manus

443 5762 596 5816 tritate
623 5763 670 5836 (ι
739 5765 867 5820 't'im.
898 5769 949 5823 2.
985 5771 1059 5839 8).
1090 5770 1196 5826 Cur
1223 5771 1379 5841 igitur
1413 5773 1500 5829 isti
1535 5785 1754 5830 currunt
1781 5774 1846 5830 ad
1890 5783 2024 5829 tem-

1997 460 2021 557 ;
2071 469 2294 556 “plum,
2322 477 2378 522 ut
2405 468 2604 524 orent?
2628 482 2813 522 rursus
2838 465 2904 521 ad
2927 463 3202 521 Judaicam
3232 460 3590 517 inﬁrmitatem
3618 460 3713 515 de-

2128 560 2292 616 voluti
2321 560 2484 614 sunt?
2514 559 2694 614 Absit!
2719 557 2814 614 sed
2837 556 3272 614 imbecillioribus
3298 567 3420 610 sese
3448 561 3710 623 attempe-

2126 659 2267 715 rant,
2297 650 2533 720 illudque
2559 649 2707 706 Pauli
2735 649 2930 704 dictum
2959 647 3198 718 implent,
3226 643 3367 716 quod
3391 643 3500 701 ait:
3525 641 3715 699 Factus

2125 760 2234 798 sum
2259 742 2457 798 ludatis
2484 753 2738 815 tamquam
2757 741 2968 797 Judteus
3001 742 3074 814 (1.
3100 739 3216 796 Cor.
3244 740 3298 796 9.
3327 739 3442 808 20).
3473 738 3712 793 imbecil-

2128 835 2267 892 libus
2287 851 2346 892 se
2371 844 2746 907 attemperant,
2772 852 2838 892 ne
2859 835 2931 890 illi
2960 841 3208 889 maneant
3236 830 3545 887 imbecilles.
3576 830 3717 884 Alio-

2127 928 2252 998 quin
2280 937 2455 983 autem
2481 927 2590 982 illic
2614 942 2823 997 quoque
2844 935 2952 980 tota
2972 925 3158 980 civitas
3183 923 3620 994 congregabatur.
3647 919 3718 976 Ut

2130 1020 2286 1090 igitur
2302 1020 2486 1090 Optimi
2510 1020 2800 1090 piscatores
2828 1027 2922 1073 eos
2938 1017 3086 1072 sinus
3111 1016 3163 1071 in
3183 1015 3488 1070 ﬂuminibus
3508 1020 3719 1068 sectan-

2130 1121 2216 1166 tur
2234 1151 2248 1173 ,
2279 1111 2369 1165 ubi
2397 1111 2569 1180 pisces
2597 1125 2785 1165 omnes
2813 1110 3136 1164 conveniunt
3165 1150 3180 1175 ,
3213 1117 3270 1162 ut
3299 1105 3500 1160 facilius
3535 1101 3718 1174 pneda

2129 1203 2400 1274 potiantur
2433 1220 2446 1254 :
2481 1202 2552 1258 ita
2598 1202 2849 1258 nimirum
2890 1212 2943 1256 et
2985 1201 3074 1256 isti
3114 1199 3382 1271 apostoli,
3415 1195 3717 1268 spirituales

2130 1296 2452 1364 piscatores,
2475 1295 2542 1350 ad
2580 1295 2729 1350 illum
2774 1295 2946 1349 sinum
2990 1293 3348 1359 festinabant,
3372 1291 3424 1345 in
3463 1303 3566 1360 quo
3607 1295 3720 1342 tota

2131 1390 2316 1444 civitas
2363 1388 2747 1455 conveniebat,
2781 1398 2838 1442 ut
2876 1387 2982 1442 illic
3025 1401 3263 1457 expanso
3309 1379 3568 1452 evangelii
3615 1378 3718 1434 reti

2129 1481 2285 1536 facile
2310 1480 2485 1551 prteda
2512 1480 2828 1550 potirentur.
2858 1479 2969 1534 lloc
2992 1491 3171 1533 autem
3191 1491 3312 1532 cum
3340 1482 3580 1544 agerent,
3601 1485 3720 1524 ma-

2131 1575 2355 1646 gistrum
2379 1571 2742 1626 imitabantur.
2765 1570 2894 1624 Nam
2920 1570 2993 1622 ait
3013 1568 3258 1622 Christus
3281 1581 3296 1620 :
3324 1562 3557 1632 Quotidie
3578 1559 3721 1629 apud

2133 1683 2217 1719 ros
2230 1683 2367 1719 eram
2380 1665 2431 1719 in
2447 1675 2543 1718 tem
2547 1663 2632 1733 pla
2651 1661 2860 1734 (Matth.
2880 1661 2970 1716 26.
2989 1660 3108 1730 55)?
3123 1659 3299 1727 Quare
3323 1657 3377 1711 in
3403 1653 3602 1724 templo
3615 1652 3639 1705 ?
3651 1650 3722 1706 Ut

2133 1757 2221 1827 qui
2241 1756 2292 1810 in
2320 1756 2517 1824 templo
2538 1753 2896 1817 versabantur,
2914 1759 3145 1821 caperet.
3167 1749 3239 1803 Ita
3259 1761 3469 1819 quoque
3485 1744 3571 1798 isti
3587 1751 3723 1796 tam-

2131 1865 2291 1920 quam
2334 1847 2536 1904 oraturi
2565 1845 2778 1917 quidem
2810 1845 3134 1916 pergebant,
3165 1841 3258 1896 sed
3295 1838 3586 1895 doctrinam
3617 1833 3723 1890 illic

2134 1952 2287 1998 crant
2303 1941 2560 2012 sparsuri.
2577 1938 2642 1994 In
2668 1939 2926 2011 templum,
2946 1943 3250 2000 utorarent,
3267 1934 3400 1987 circa
3417 1931 3592 1984 harant
3608 1942 3725 1980 ora-

2135 2035 2284 2088 tionis
2302 2050 2508 2088 nonam.
2535 2032 2718 2102 Neque
2749 2031 2914 2102 ipsam
2938 2030 3122 2084 horam
3140 2028 3255 2082 sine
3283 2039 3442 2081 causa
3469 2021 3724 2078 observa-

2138 2135 2284 2183 runt.
2327 2125 2482 2197 Satpe
2507 2140 2737 2194 namque
2776 2123 2843 2178 de
2869 2121 2971 2177 hac
3008 2121 3137 2176 hora
3166 2119 3276 2175 dixi
3306 2116 3458 2172 vobis
3479 2156 3496 2182 ,
3526 2113 3578 2169 in
3610 2113 3724 2184 ipsa

2137 2219 2439 2291 paradisum
2472 2217 2634 2272 fuisse
2661 2224 2978 2280 reseratum,
3009 2223 3064 2269 et
3090 2212 3355 2267 latronem
3387 2209 3680 2279 ingressum
3706 2219 3722 2258 :

2137 2311 2188 2366 in
2237 2312 2348 2379 ipsa
2385 2310 2650 2364 sublatum
2676 2317 2758 2362 est
2791 2305 3134 2361 maledictum
3163 2344 3180 2371 ,
3208 2304 3261 2359 in
3291 2303 3404 2373 ipsa
3458 2311 3723 2356 terrarum

2136 2403 2282 2456 orbis
2303 2401 2514 2456 victima
2544 2408 2626 2455 est
2659 2399 2834 2455 oblata
2859 2415 2871 2451 :
2896 2397 2950 2452 in
2975 2397 3087 2468 ipsa
3113 2395 3384 2466 dissipatae
3430 2401 3554 2446 sunt
3577 2399 3730 2446 tene-

2131 2492 2268 2557 ‘braz,
2298 2493 2350 2546 in
2379 2492 2490 2562 ipsa
2518 2491 2608 2546 lux
2633 2490 2830 2545 all'ulsit
2858 2505 2979 2546 cum
3009 2487 3298 2556 sensibilis,
3332 2494 3442 2541 tum
3473 2483 3728 2554 spiritua-

2138 2583 2223 2637 lis.
2248 2581 2393 2635 Circa
2417 2582 2594 2635 horam
2618 2596 2822 2634 nonam.
2847 2578 3070 2646 Quando
3086 2576 3265 2633 caeteri
3293 2585 3414 2648 post
3440 2572 3720 2644 prandium

2137 2682 2191 2728 et
2234 2672 2544 2727 ebrietatem
2588 2673 2697 2726 alto
2737 2670 2897 2741 sopiti
2937 2684 3129 2724 somno
3172 2668 3482 2732 dormiunt,
3511 2673 3622 2720 tum
3650 2662 3725 2718 illi

2137 2764 2302 2819 sobrii
2343 2773 2502 2833 atque
2535 2762 2833 2833 vigilantes,
2855 2777 2918 2816 ac
2947 2760 3117 2815 multo
3144 2774 3327 2814 amore
3350 2755 3591 2813 succensi
3615 2796 3629 2820 ,
3657 2753 3725 2810 ad

2137 2857 2431 2913 orationem
2483 2855 2853 2927 properabant.
2885 2854 3034 2924 Quod
3077 2853 3122 2908 si
3164 2854 3404 2908 oratione
3456 2849 3532 2905 illi
3583 2847 3725 2904 indi-

2135 2950 2331 3022 gebant
2355 2991 2375 3017 ,
2404 2950 2645 3004 oratione
2671 2957 2778 3004 tam
2825 2948 3068 3015 aSsidua,
3092 2955 3199 3000 tam
3236 2956 3421 3000 exacta
3441 2944 3561 3014 ,qui
3604 2953 3727 2996 tan-

2140 3051 2245 3096 tam
2273 3041 2515 3096 ﬁduciam
2544 3039 2831 3108 habebant,
2854 3040 2942 3110 qui
2966 3038 3162 3093 nullius
3187 3037 3286 3092 sibi
3311 3035 3550 3092 criminis
3574 3042 3726 3089 erant

2139 3132 2374 3200 conscii,
2407 3131 2531 3203 quid
2561 3146 2660 3187 nos
2689 3130 2980 3197 faciemus,
3011 3129 3101 3200 qui
3133 3127 3437 3182 vulneribus
3462 3133 3728 3180 scatemus

2142 3220 2436 3279 innumeris
2460 3264 2475 3290 ,
2504 3239 2603 3278 nec
2627 3223 2730 3277 illis
2755 3222 3011 3276 orationis
3054 3219 3347 3276 remedium
3377 3215 3726 3273 adhibemus?

2142 3315 2332 3385 Ingens
2375 3314 2536 3369 telum
2584 3322 2667 3368 est
2703 3312 2894 3367 oratio.
2928 3311 3020 3366 Vis
3062 3326 3221 3366 nosse
3245 3325 3402 3380 quam
3447 3309 3632 3378 ingens
3659 3306 3728 3361 sit

2142 3407 2306 3462 telttm
2332 3405 2535 3460 oratio?
2559 3404 2754 3460 Curam
2786 3418 3077 3474 pauperum
3111 3401 3424 3457 omittebant
3463 3398 3687 3469 aposmli
3707 3438 3724 3464 ,

2142 3507 2199 3554 ut
2242 3499 2361 3568 plus
2404 3497 2508 3551 illis
2551 3497 2646 3550 otii
2688 3495 2754 3550 ad
2785 3495 3078 3550 vacandum
3127 3493 3357 3548 orationi
3394 3499 3726 3560 suppeteret.

2139 3591 2436 3648 Constituile
2463 3607 2692 3661 namque,
2715 3588 2903 3658 inquit,
2920 3603 2983 3642 ea:
3010 3585 3145 3642 vobis
3163 3586 3292 3640 viros
3317 3583 3433 3637 boni
3457 3582 3729 3635 testimonii

2139 3695 2325 3752 septem
2353 3699 2372 3737 :
2399 3699 2488 3736 nos
2516 3698 2628 3735 vero
2665 3681 2881 3734 orationi
2920 3689 2967 3734 et
3009 3677 3284 3732 ministerio
3317 3673 3448 3730 verbi
3484 3674 3728 3729 instantes

2139 3775 2326 3829 erimus
2348 3772 2482 3845 (Act.
2507 3771 2559 3826 6.
2585 3772 2663 3842 5).

2212 3865 2266 3921 5.
2295 3864 2402 3920 Sed
2430 3862 2574 3936 quod
2601 3861 2842 3918 dicebam
2881 3862 3009 3933 (non
3037 3859 3178 3915 enim
3211 3855 3614 3928 digrediendum
3641 3862 3727 3908 est

2141 3957 2208 4014 ab
2232 3965 2546 4029 argumento
2570 3955 2833 4011 sermonis
2856 3996 2870 4017 ,
2899 3961 2954 4007 ut
2973 3961 3214 4017 constet,
3244 3950 3460 4006 Petrum
3480 3957 3528 4002 et
3554 3947 3727 4003 actio-

2141 4064 2261 4103 nem
2279 4047 2604 4110 exhibuisse,
2627 4055 2680 4100 et
2701 4043 3012 4098 miraculum
3030 4041 3280 4105 edidisse,
3304 4049 3358 4095 et
3372 4038 3442 4095 ob
3461 4039 3725 4093 actionem

2140 4141 2316 4210 potius
2343 4154 2462 4193 esse
2491 4133 2820 4206 laudatum),
2853 4133 3092 4189 ascendit
3113 4147 3240 4202 ergo
3271 4131 3323 4184 in
3353 4129 3634 4200 templum,
3668 4135 3729 4181 ιιι

2142 4241 2320 4286 craret
2345 4249 2358 4285 :
2387 4241 2440 4285 et
2477 4245 2603 4285 ecce
2638 4227 2858 4283 claudus
2884 4243 2948 4282 ex
2977 4235 3132 4281 utero
3171 4224 3357 4279 matris
3380 4237 3491 4278 sua:
3522 4219 3728 4288 bajula-

2143 4323 2297 4377 batur
2325 4321 2431 4376 illic
2455 4321 2521 4374 ad
2553 4328 2756 4390 portam
2786 4317 2968 4387 templi
3002 4316 3136 4387 (Act.
3166 4315 3220 4368 5.
3250 4314 3332 4384 2).
3361 4313 3443 4367 Ab
3473 4312 3588 4381 ipso
3615 4324 3730 4362 ma-

2143 4415 2238 4468 tris
2280 4422 2430 4468 utero
2473 4422 2658 4466 natura
2701 4410 2938 4464 mutilata
2979 4416 3130 4474 erat,
3155 4415 3208 4462 et
3231 4415 3400 4460 artem
3448 4403 3726 4459 medicinae

2139 4505 2385 4561 vincebat
2409 4504 2689 4575 aspritudo,
2714 4513 2770 4558 ut
2795 4503 2887 4556 Dei
2915 4501 3084 4572 gratia
3114 4501 3280 4569 magis
3304 4506 3605 4568 appareret.
3631 4494 3728 4551 Hic

2139 4617 2268 4672 ergo
2292 4599 2514 4656 claudus
2539 4597 2603 4652 ad
2638 4605 2844 4668 portam
2871 4594 3050 4664 templi
3073 4592 3304 4664 iacebat,
3332 4601 3531 4647 etcum
3559 4589 3730 4643 intro-

2138 4701 2327 4748 euntes
2373 4690 2491 4746 illos
2536 4689 2793 4754 vidisset,
2843 4685 3154 4766 intendebat
3200 4685 3254 4738 in
3300 4699 3428 4750 eos,
3479 4693 3729 4752 quarens

2139 4783 2535 4853 eleemosynam
2573 4780 2641 4834 ab
2685 4779 2814 4849 ipsis
2848 4776 3111 4846 accipere.
3142 4773 3280 4843 Quid
3307 4774 3466 4844 igitur
3493 4771 3728 4827 Petrus?

2141 4874 2350 4942 Respice
2368 4875 2419 4925 in
2445 4887 2534 4924 nos
2559 4871 2695 4940 (Act.
2719 4871 2774 4924 3.
2791 4867 2868 4940 4),
2895 4869 3085 4938 inquit.
3111 4867 3188 4921 Ex
3211 4877 3426 4935 aspectu
3452 4865 3568 4920 solo
3594 4877 3731 4917 con-

2140 4973 2284 5019 stare
2331 4971 2504 5032 potest
2531 4976 2686 5031 qnam
2718 4975 2920 5031 pauper
2944 4960 3012 5014 sit
3041 4976 3054 5012 :
3084 4973 3190 5013 non
3219 4957 3397 5012 verbis
3426 4970 3561 5026 opus
3604 4963 3689 5008 est
3713 4993 3731 5019 ,

2143 5071 2246 5112 non
2277 5053 2756 5118 demonstratione,
2785 5067 2885 5107 nec
2911 5051 3277 5122 reSponsionc,
3313 5065 3412 5103 nec
3439 5047 3682 5105 doctrina
3713 5061 3730 5097 :

2141 5147 2366 5202 vestitus
2399 5146 2512 5215 ipse
2543 5145 2642 5200 tibi
2672 5158 2968 5215 pauperem
3004 5142 3220 5197 indicat.
3252 5141 3364 5196 Hoc
3402 5155 3532 5210 ergo
3561 5147 3728 5195 totum

2139 5253 2275 5310 Opus
2301 5251 2348 5294 el
2383 5248 2528 5292 recte
2571 5236 2763 5291 factum
2791 5243 2873 5290 est
2899 5235 3223 5303 apostolatus
3243 5275 3256 5297 ,
3288 5242 3345 5287 ut
3375 5233 3491 5287 hare
3509 5231 3574 5286 ad
3601 5245 3732 5302 pau-

2142 5346 2320 5403 percm
2353 5330 2518 5395 chas,
2549 5339 2606 5384 u‘t
2635 5327 2924 5384 remedimn
2957 5341 3059 5380 non
3093 5334 3293 5379 tantum
3320 5323 3574 5378 adhibeas
3600 5336 3732 5392 ege-

2141 5422 2294 5485 stati,
2320 5434 2376 5476 ut
2418 5421 2598 5486 dicas,
2632 5419 2859 5488 Majores
2897 5416 3110 5471 divitias
3157 5415 3379 5471 videbis.
3410 5415 3688 5486 Argentum
3710 5452 3729 5474 ,

2143 5517 2349 5588 inquit,
2376 5525 2425 5570 et
2467 5529 2646 5567 aurum
2679 5529 2780 5567 non
2823 5510 2977 5566 habeo
2998 5525 3018 5566 :
3038 5511 3174 5582 quod
3207 5521 3376 5566 autent
3421 5508 3611 5574 habeo,
3635 5508 3731 5560 hoc

2143 5609 2229 5662 tibi
2257 5607 2322 5661 do
2351 5621 2370 5660 :
2402 5606 2454 5659 in
2484 5605 2685 5659 nomine
2709 5601 2834 5658 Jesu
2859 5600 3050 5657 Christi
3077 5619 3245 5672 surge,
3274 5613 3323 5655 et
3351 5600 3557 5654 ambula
3587 5597 3725 5668 (Act.

2141 5701 2199 5755 5.
2220 5699 2297 5768 6).
2327 5698 2487 5752 Vides
2510 5705 2801 5767 egestatem
2828 5704 2885 5746 et
2902 5695 3153 5748 divitias?
3179 5702 3471 5764 egestatem
3512 5689 3728 5762 quidem

2144 5789 2490 5862 pecuniarum
2513 5824 2530 5854 ,
2557 5784 2653 5842 sed
2683 5782 2893 5839 divitias
2919 5777 3299 5835 charismatum
3337 5794 3398 5834 ac
3436 5778 3726 5838 donorum.
