4054 6216
476 289 546 348 85
1184 289 1244 343 s.
1282 286 1568 342 mmms
1601 283 2088 339 cumsoswm
2131 284 2454 339 ARCHIEP.
2495 284 3040 344 CONSTANTINOP.
3483 259 3490 266 ’
3645 279 3722 341 86

473 421 606 470 των,
640 400 867 456 πλοῦτον
886 398 942 451 δὲ
975 395 1347 469 χαρισμάτων.
1373 392 1486 446 Οὐκ
1511 391 1667 447 ἔλυσε
1692 391 1884 449 πενίαν
1913 409 2047 466 χρη-

479 487 684 562 μάτων,
709 484 844 540 ἀλλά
871 481 1145 552 διώρθωσε
1177 478 1366 532 πενίαν
1393 477 1626 562 φύσεως.

550 573 690 640 Ὅρα
717 570 814 641 τὴν
859 567 1157 620 ἐπιείκειαν
1190 563 1398 634 Πέτρου
1418 577 1433 592 ⁸
1475 561 1720 630 Βλέψον
1751 565 1840 628 είς
1870 558 2050 630 ἡμᾶς.

479 655 589 725 Οὐχ
623 640 864 724 ὕϐρισεν,
889 651 989 704 οὐκ
1021 648 1418 718 ἐλοιδορήσατο,
1450 644 1478 698 ὃ
1506 644 1766 709 πολλάκις
1793 640 2053 725 ποιοῦμεν

479 722 642 804 ἡμεῖς
694 722 844 802 πρὸς
911 729 1040 792 τοὺς
1107 725 1534 797 ἐντυγχάνοντας
1612 725 1766 795 ἡμῖν,
1825 722 2054 786 εὐθύνας

481 815 841 885 ἐγκαλοῦντες
914 813 1137 878 αὐτοῖς,
1209 811 1292 864 ὅτι
1376 809 1720 865 καθεύδουσι.
1785 809 1878 880 Μή
1945 807 2054 878 γὰρ

480 899 639 952 τοῦτο
713 896 1009 967 ἐπετάγης.
1069 895 1356 966 ἄνθρωπες
1417 894 1530 947 Οὐκ
1631 890 1879 945 ἐκέλευσέ
1974 908 2056 945 σοι

483 984 683 1055 ἀργίαν
737 981 1025 1050 ἐγκαλεῖν,
1083 978 1220 1034 ἀλλά
1280 977 1472 1032 πενίαν
1517 975 1897 1048 διορθοῦσθαι⁶
1958 973 2060 1030 οὐκ

483 1066 708 1135 ἐποίησέ
755 1081 815 1117 σε
865 1063 1172 1133 κατήγορον
1221 1061 1438 1125 κακίας,
1490 1060 1625 1115 ἀλλά
1682 1059 1866 1130 ἰατρὸν
1925 1075 2059 1113 κατ-

481 1145 678 1216 έστησε
697 1145 1000 1214 συμφοράς’
1026 1141 1125 1212 οὐχ
1153 1141 1243 1196 ἴνα
1267 1141 1532 1214 ὀνειδίζῃς
1551 1140 1802 1204 νωθείαν,
1831 1138 1946 1193 ἀλλ’
1972 1139 2058 1192 ἵνα

483 1228 639 1296 χεῖρα
661 1223 860 1294 ὀρέγῃς
887 1223 999 1284 τοῖς
1021 1221 1294 1292 κειμένοις
1310 1236 1324 1252 ο
1348 1220 1448 1290 οὐχ
1474 1221 1562 1272 ἵνα
1577 1219 1810 1291 κακίζῃς
1834 1218 2057 1289 τρόπον,

483 1310 598 1362 ἀλλ’
630 1310 715 1361 ἵνα
754 1306 922 1380 λύσῃς
969 1304 1151 1376 λιμόν.
1191 1305 1381 1376 Ἡμεῖς
1418 1305 1474 1357 δὲ
1515 1303 1828 1358 τούναντίον
1869 1301 2060 1354 ποιοῦ-

489 1409 617 1463 μεν’
647 1392 876 1461 ἀφέντες
916 1387 1420 1460 παραμυθήσασθαι
1457 1387 1586 1450 τούς
1635 1386 1960 1458 προσιόντας
1989 1387 2057 1456 τῇ

483 1476 626 1528 δόσει
652 1473 760 1526 τῶν
788 1471 1232 1556 χρημάτων,νκαῖ
1261 1469 1755 1556 προσεπιτρίϐομεν
1788 1468 1974 1556 ,αὐτῶν

486 1557 778 1629 τραύματα
815 1559 937 1619 ταῖς
978 1553 1085 1607 τῶν
1117 1553 1480 1624 ἐγκλημάτων
1517 1551 1873 1622 ἐπαγωγαῖς.’
1901 1551 2063 1606 Ἀλλά

485 1641 582 1693 καὶ
610 1639 960 1707 ἀπολογεῖται
984 1635 1060 1708 τῷ
1091 1636 1306 1706 πένητι,
1325 1635 1423 1688 καὶ
1461 1637 1580 1706 μετ’
1611 1635 1913 1699 ἐπιεικείας
1945 1635 2062 1688 δια-

483 1724 702 1792 λέγεται
719 1740 733 1754 °
763 1721 988 1776 Κλῖνον
1005 1718 1136 1792 γὰρ,
1162 1719 1317 1790 φησὶ,
1345 1716 1558 1786 πτωχῷ
1585 1719 1832 1785 ἀλύπως
1861 1719 1924 1773 τὸ
1953 1713 2062 1784 οὖς

483 1823 622 1870 σου,
653 1807 749 1860 καὶ
786 1804 1134 1874 ὰποκρίθητι
1169 1800 1328 1866 αὐτῷ
1365 1803 1436 1856 ἐν
1456 1803 1740 1870 πραότητι
1769 1802 2059 1871 εἰρηνικά.

498 1892 794 1960 Ἀργύριον
830 1889 928 1942 καί
959 1888 1217 1958 χρυσίον
1247 1888 1359 1941 οὐκ
1391 1888 1528 1956 ἔχω’
1560 1887 1592 1940 ὃ
1624 1886 1692 1940 δὲ
1717 1889 1856 1955 ἔχω,
1887 1887 2066 1940 τοῦτό

485 1991 585 2027 σοι
618 1972 854 2041 δίδωμι·
882 1971 952 2024 ὲν
991 1969 1071 2036 τῷ
1100 1971 1344 2038 ὀνόματι
1376 1969 1572 2037 Ἰησοῦ
1616 1969 1877 2038 Χριστοῦ
1913 1969 2063 2039 ἐγει-

477 2074 604 2124 ριιι,
634 2055 727 2108 καί
761 2052 1088 2122 περιπάτει.
1118 2053 1224 2105 Δύο
1255 2051 1491 2107 ἐνταῦθά
1526 2054 1663 2120 ἐστι,
1688 2051 1932 2106 πολιτεία
1966 2051 2063 2105 καὶ

486 2137 691 2208 οαῦμα.
745 2136 1018 2200 Πολιτεία,
1053 2136 1136 2195 τὸ.
1179 2136 1476 2205 Ἀργύριον
1515 2135 1614 2188 καί
1661 2134 1920 2204 χρυσίον
1949 2136 2062 2203 οὺχ

482 2220 739 2289 ὑπάρχει
785 2235 923 2289 μοι’
972 2218 1247 2282 πολιτείας
1300 2219 1411 2290 γὰρ
1444 2218 1506 2271 τὸ
1541 2221 1909 2292 καταφρονεῖν
1952 2217 2063 2271 τῶν

482 2305 687 2375 γηΐνων
713 2302 1074 2375 πραγμάτων,
1094 2301 1154 2355 τὸ
1173 2301 1324 2374 ῥῖψαι
1353 2302 1421 2355 τά
1439 2302 1775 2373 ὑπάρχοντα,
1811 2303 1871 2355 τὸ
1900 2303 2066 2373 ὐπερ-

483 2387 612 2442 ιδεῖν
643 2386 743 2456 τῆς
771 2384 1057 2457 παρούσης
1098 2384 1490 2455 ματαιότητος·
1525 2384 1713 2455 θαῦμα
1749 2385 1808 2437 δέ
1851 2384 1913 2438 τὸ
1947 2382 2064 2458 [69]

484 2472 693 2539 ἐγεῖραι
721 2468 811 2522 τὸν
833 2467 1025 2538 χωλὸν,
1054 2467 1116 2520 τὸ
1141 2466 1432 2538 διορθῶσαι
1458 2467 1526 2520 τά
1551 2467 1686 2538 μέλη
1709 2468 1778 2521 τά
1803 2484 2067 2541 πεπηρω-

487 2553 643 2622 μένα.
692 2551 820 2604 ’1δού
851 2550 1028 2604 τοίνυν
1059 2550 1151 2602 καὶ
1191 2548 1432 2602 πολιτεία
1471 2549 1566 2602 καὶ
1597 2548 1802 2620 θαῦμα.
1837 2551 2067 2622 Ἴδωμεν

482 2630 576 2687 οὐν
605 2632 768 2687 πόθεν
790 2633 819 2684 ό
843 2631 1049 2703 Πέτρος
1081 2633 1372 2702 καυχᾶται.
1395 2632 1460 2685 Τί
1490 2627 1677 2697 εἶπενς
1710 2633 1832 2686 Ὅτι
1853 2631 2066 2705 θαύμα-

477 2733 552 2769 τα
603 2716 855 2787 ἐποίησες
900 2713 1075 2768 καίτοι
1119 2713 1376 2785 θαύματα
1417 2710 1485 2786 ἦν
1529 2715 1849 2786 πεποιηκὼς
1906 2715 2062 2768 τότε·

483 2801 599 2856 ἀλλ’
631 2799 732 2853 οὐκ
785 2795 907 2852 εἷπε
951 2797 1144 2851 τοῦτο·
1189 2797 1327 2852 ἀλλά
1354 2797 1445 2864 τί;
1496 2798 1626 2852 Ἰδοὺ
1661 2800 1823 2869 ήμεῖς
1847 2800 2066 2873 ἀφῆκα-

487 2901 588 2954 μεν
614 2883 812 2947 πάντα,
856 2881 951 2935 καὶ
993 2880 1441 2952 ἠκολουθήσαμέν
1469 2898 1573 2937 σοι.
1598 2877 1752 2945 Εἶδες
1778 2881 1878 2950 τὴν
1909 2881 2064 2937 πολι-

483 2966 636 3020 τείαν
672 2965 767 3020 καὶ
798 2964 860 3018 τὸ
885 2965 1092 3035 θαῦμα,
1124 2966 1216 3018 καὶ
1252 2966 1351 3037 τὴν
1393 2965 1669 3020 πολιτείαν
1695 2965 2065 3037 στεφανουμέ-

482 3067 615 3121 νην;
651 3049 715 3102 Τί
744 3045 837 3102 οὖν
865 3049 894 3101 ὁ
925 3050 966 3100 Χ
978 3047 1194 3120 ριστός;
1227 3048 1428 3102 Τοῦτον
1468 3048 1765 3114 ἀπεδέξατο
1805 3049 1898 3103 καὶ
1961 3051 2063 3103 ὲπ-

488 3131 669 3203 ῄνεσε.
701 3131 864 3202 Λέγω
887 3129 994 3201 γὰρ
1021 3130 1182 3200 ὑμῖν,
1209 3130 1392 3202 φησὶν,
1414 3130 1503 3186 ὅτι
1527 3132 1696 3202 ὑμεῖς
1723 3135 1778 3187 οι
1809 3133 2064 3202 ἀφέντες

483 3225 697 3291 οὶκίας,
728 3224 822 3278 καὶ
869 3222 938 3276 τὰ
971 3223 1151 3278 λοιπά.
1201 3225 1314 3278 οὐκ
1356 3219 1532 3290 εἷπεν,
1580 3227 1641 3278 Οί
1663 3226 2065 3297 ἀναστήσαντες

481 3317 732 3388 νεκροὺς,
775 3315 891 3369 ἀλλ’
933 3314 1120 3385 Ὑμεῖς
1171 3317 1224 3371 οι
1273 3315 1528 3386 ἀφέντες
1584 3317 1658 3371 τὰ
1715 3317 2064 3388 ὑπάρχοντα

485 3413 668 3482 ὑμῶν,
702 3412 1045 3478 καθήσεσθε
1069 3411 1166 3464 ἐπὶ
1198 3409 1430 3464 δώδεκα
1477 3409 1757 3477 θρόνουςο
1808 3411 1902 3464 καὶ
1953 3412 2062 3474 πᾶς

483 3506 630 3568 ὅστις
655 3505 833 3573 ἀφῆκε
861 3503 931 3555 τὰ
954 3503 1268 3573 ὑπάρχοντα
1294 3501 1444 3573 αὐτῷ
1466 3502 1664 3565 πάντα,
1700 3503 1905 3574 ταύτης
1924 3503 2060 3558 ἀπο·-

480 3594 738 3646 λαύσεται
773 3594 874 3662 τῆς
914 3593 1101 3663 τιμῆς.
1137 3593 1213 3645 Οὐ
1257 3591 1486 3646 δύνασαι
1527 3593 1833 3664 ἀναστῆσαι
1861 3593 2056 3663 χωλὸν,

481 3685 734 3754 καθάπερ
753 3685 782 3736 ὁ
804 3684 1008 3754 Πέτρος
1027 3699 1041 3748 ;
1084 3681 1246 3736 Ἀλλά
1265 3681 1490 3737 δύνασαι
1515 3685 1707 3750 εἰπεῖν,
1732 3683 1808 3746 ὡς
1831 3686 2058 3748 ἐκεῖνος⁶

493 3777 791 3844 Ἀργύριον
851 3775 950 3829 καὶ
1007 3776 1267 3844 χρυσίον
1317 3777 1431 3844 οὐχ
1488 3774 1741 3845 ὑπάρχει
1783 3793 1905 3846 μοι.
1937 3777 2058 3831 Κᾶν

477 3866 637 3920 τοῦτο
687 3866 867 3938 εἴπῃς,
911 3865 1078 3934 ἐγγὺς
1127 3865 1312 3935 ἐγένου
1363 3865 1456 3920 τοῦ
1497 3867 1733 3936 Πέτρου·
1769 3866 1970 3937 μᾶλλον
1998 3868 2055 3922 δὲ

476 3957 600 4012 οὐδέ
650 3956 716 4011 ἂν
738 3957 920 4029 εἴπῃς.
948 3959 1062 4011 ἀλλ’
1092 3956 1187 4010 ἐὰν
1234 3959 1487 4032 ποιήσῃς.
1517 3960 1592 4013 Οὐ
1631 3957 1853 4012 δύνασαι
1884 3959 2056 4032 ξηρὰν

478 4049 767 4120 διορθῶσαι
811 4053 994 4121 χεῖρας
1041 4049 1200 4103 Ἀλλά
1239 4050 1465 4105 δύνασαι
1501 4049 1600 4121 τὴν
1635 4051 1864 4104 σεαυτοῦ
1898 4054 2056 4123 χεῖρα.

480 4140 648 4212 ξηρὰν
675 4142 968 4212 γινομένην
1002 4141 1106 4193 ὐπὸ
1135 4141 1534 4212 ἀπανθρωπίας
1565 4143 1788 4212 ποιῆσαι
1823 4141 2056 4212 ἐκταθῆ-

478 4249 566 4284 ναι
588 4230 677 4284 διὰ
705 4229 1134 4300 φιλανθρωπίας.
1160 4230 1256 4297 Μὴ
1291 4230 1446 4283 ἔστω
1473 4231 1604 4302 γὰρ,
1636 4232 1819 4303 φησὶν,
1851 4232 1889 4299 ἡ
1925 4233 2054 4302 χείρ

476 4339 594 4378 σου
626 4323 983 4392 ἐκτεταμένη
1021 4325 1109 4390 είς
1141 4323 1207 4377 τὸ
1243 4321 1472 4385 λαϐεῖν,
1500 4323 1570 4376 ἐν
1593 4323 1662 4376 δὲ
1708 4324 1789 4389 τῷ
1824 4325 2054 4379 διδόναι

475 4414 960 4484 συνεσταλμένη.
999 4415 1161 4486 Ὁρᾷς
1188 4414 1270 4466 ὅτι
1303 4414 1401 4483 οὐχ
1430 4415 1463 4485 ἡ
1497 4413 1751 4484 ξηρότης,
1783 4416 1918 4470 ἀλλά
1961 4419 2053 4470 καὶ

475 4506 842 4578 ἀπανθρωπία
869 4505 1146 4559 συστέλλει
1174 4504 1274 4577 τὴν
1294 4507 1486 4577 χεῖρας
1526 4505 1806 4559 Ἔκτεινον
1835 4501 1928 4560 οὖν
1953 4507 2053 4560 αὐ-

475 4601 574 4668 τὴν
594 4599 684 4652 διά
714 4598 1125 4669 φιλανθρωπίας
1171 4597 1266 4651 καὶ
1293 4595 1682 4668 ἐλεημοσύνης.
1715 4598 1789 4651 οὐ
1823 4597 2052 4652 δύνασαι

476 4691 726 4744 ἐκϐαλεῖν
771 4690 1035 4760 δαίμονα;
1070 4691 1209 4742 ’ἀλλ’
1239 4690 1436 4744 ἔκϐαλε
1477 4691 1769 4762 ἁμαρτίαν,
1806 4693 1899 4745 καὶ
1933 4693 2052 4763 μεί-

476 4783 606 4847 ζονα
638 4781 785 4853 λήψῃ
821 4781 1030 4852 μισθόν.
1068 4777 1221 4846 Εἶδες
1265 4783 1382 4847 πῶς
1435 4783 1770 4855 πανταχοῦή
1804 4784 2052 4839 πολιτεία

476 4875 571 4927 καὶ
607 4873 675 4925 τά
701 4872 1097 4944 κατορθώματα
1133 4873 1356 4945 μείζονα
1382 4873 1604 4926 ἔπαινον
1637 4873 1749 4945 ἔχει
1777 4875 1886 4928 τῶν
1921 4875 2051 4928 θαυ-

479 4964 684 5034 μάτων,
733 4966 826 5018 καὶ
871 4964 1091 5019 πλείονα
1119 4966 1221 5036 τὴν
1250 4967 1513 5037 ἀμοιϐήν;
1547 4968 1608 5020 Εί
1641 4968 1696 5020 δὲ
1725 4965 1924 5037 βούλει,
1956 4969 2050 5022 καὶ

473 5056 740 5128 ἑτέρωθεν
767 5057 925 5111 τοῦτο
974 5057 1236 5128 δείξομεν.
1269 5056 1629 5125 Προσῆλθον
1656 5058 1835 5123 αὐτῷ,
1863 5060 2046 5129 φησὶν,

469 5153 522 5202 οἱ
544 5147 947 5218 ἑϐδομήκοντα
960 5147 1234 5218 μαθηταί,
1266 5147 1363 5200 καί
1385 5147 1647 5216 ἔχαιρον,
1683 5147 1782 5200 καὶ
1805 5148 2044 5217 ἔλεγον·

471 5241 666 5308 Κύριε,
706 5241 776 5294 ἐν
809 5239 888 5307 τῷ
914 5240 1160 5308 ὀνόματί
1199 5254 1316 5292 σου
1359 5237 1457 5291 καί
1488 5239 1561 5290 τὰ
1592 5237 1865 5307 δαιμόνια
1904 5239 2047 5307 ἡμῖν

469 5332 869 5385 ὑπακούουσι.
917 5331 1026 5384 Καὶ
1055 5328 1217 5398 λέγει
1262 5327 1498 5395 αὐτοῖς’
1541 5327 1639 5397 Μὴ
1673 5329 1927 5398 χαίρετε,
1957 5329 2047 5383 ὅτι

469 5422 541 5475 τὰ
569 5421 843 5492 δαιμόνια
879 5413 1021 5490 ὑμῖν
1044 5421 1353 5485 ὑπακούει,
1382 5419 1542 5476 ἀλλὰ
1568 5420 1821 5489 χαίρετε,
1855 5420 1942 5474 ὅτι
1973 5420 2048 5475 τὰ

469 5512 730 5581 ὀνόματα
758 5513 924 5583 ὑμῶν
951 5515 1270 5583 γέγραπται
1293 5513 1365 5566 ἐν
1395 5513 1518 5580 τοῖς
1540 5512 1837 5581 οὐρανοῖς.
1883 5512 2045 5585 Ὁρᾷς

469 5602 745 5672 πανταχοῦ
773 5603 871 5675 τὴν
894 5603 1168 5660 πολιτείαν
1197 5605 1646 5677 θαυμαζομένην;

540 5693 754 5765 ς¹.ίινέρε
774 5691 1338 5770 οὗν,ἀναλογισὼμεθα
1350 5699 1418 5753 τά
1429 5698 1694 5771 εἰρημένα
1707 5697 1928 5754 ἄνωθεν·
1948 5699 2044 5754 Ἐν

2152 391 2341 458 τούτῳ
2367 390 2697 462 γνώσονται
2721 390 2961 458 πάντες,
2996 391 3084 445 ὅτι
3112 389 3237 461 ἐμοὶ
3265 391 3537 460 μαθηται.
3565 393 3727 456 ἐστε,

2149 483 2259 536 ἐὰν
2283 481 2549 552 ἀγαπᾶτε
2585 482 2917 550 ἀλλήλους.
2965 483 3095 537 Ἰδοὺ
3138 482 3246 536 ἀπὸ
3299 483 3596 548 πολιτείας,
3624 487 3726 541 οὐκ

2152 573 2262 628 ἀπὸ
2292 574 2585 645 θαυμάτων
2613 575 2674 628 τὺ
2701 575 2990 648 γνώρισμα
3021 575 3117 628 τοῦ
3151 573 3399 645 μαθητὰς
3426 571 3565 630 εἶναι
3590 577 3725 632 ἀποο

2153 665 2441 720 δέδεικται.
2482 665 2686 736 Πέτρε,
2733 665 2929 735 φιλεῖς
2965 684 3037 736 με
3078 666 3269 720 πλέον
3309 668 3571 738 τούτων;
3601 670 3733 722 ποί-

2151 771 2329 826 μαινε
2352 755 2424 809 τὰ
2451 755 2714 824 πρόϐατά
2731 773 2869 826 μου.
2915 756 3045 810 ’1δού
3077 756 3171 810 καὶ
3202 756 3386 829 ἕτερον
3423 758 3730 830 γνώρισμα,

2157 849 2252 902 καὶ
2286 848 2416 902 αὐτὸ
2455 847 2616 901 πάλιν
2640 848 2748 901 ἀπὸ
2772 847 3066 910 πολιτείας.
3109 847 3303 918 Τρίτον
3347 847 3507 903 πάλιν
3543 849 3736 922 γνώρι-

2161 953 2294 1009 σμασ
2324 936 2422 1006 Μὴ
2452 936 2705 1006 χαίρετε,
2733 936 2822 990 ὅτι
2861 935 2932 990 τὰ
2973 935 3246 1006 δαιμόνια
3262 935 3404 1006 ὑμῖν
3423 939 3732 1004 ὑπακούει,

2158 1025 2319 1081 ἀλλὰ
2346 1027 2597 1095 χαίρετε,
2625 1025 2714 1080 ὅτι
2746 1026 2819 1080 τὰ
2845 1027 3104 1097 ὀνόματα
3128 1026 3296 1097 ὑμῶν
3330 1027 3642 1100 γέγραπται
3665 1030 3738 1086 ἐν

2159 1117 2284 1183 τοῖς
2307 1117 2605 1185 οὐρανοῖς.
2639 1118 2750 1172 Καὶ
2775 1117 2935 1171 τοῦτο
2956 1117 3231 1182 πολιτείας
3255 1119 3419 1173 πάλιν
3450 1121 3735 1194 κατόρθω-

2163 1227 2261 1282 μα.
2289 1210 2478 1264 Βούλει
2501 1210 2594 1264 καὶ
2626 1210 2901 1282 τετάρτην
2953 1209 3227 1274 ἀπόδειξιν
3262 1210 3476 1276 τούτου,
3505 1213 3738 1283 μαθεῖνς

2161 1301 2482 1371 Λαμψάτω,
2508 1301 2661 1372 φησὶ,
2691 1301 2758 1354 τὸ
2787 1299 2912 1370 φῶς
2939 1301 3106 1370 ὑμῶν
3137 1301 3475 1370 ἔμπροσθεν
3492 1301 3612 1356 τῶν
3628 1302 3739 1359 ἀν.

2161 1393 2425 1462 θρώπων,
2462 1394 2562 1446 ἵνα
2589 1393 2760 1448 ἴδωσι
2783 1393 2857 1447 td
2883 1393 3040 1447 καλὰ
3059 1391 3227 1463 ὑμῶν
3246 1392 3411 1463 ἔργα,
3443 1393 3542 1448 καὶ
3562 1393 3742 1459 δοξάν-

2161 1502 2316 1540 σωσι
2338 1486 2446 1539 τὸν
2461 1484 2691 1554 Πατέρα
2716 1485 2884 1555 ὑμῶν
2904 1484 3013 1538 τὸν
3030 1485 3101 1539 ἐν
3124 1486 3250 1552 τοῖς
3268 1487 3566 1554 οὐρανοῖς.
3605 1487 3740 1542 ’1δού

2161 1575 2255 1629 καὶ
2271 1575 2506 1631 ἐνταῦθα
2521 1577 2656 1648 ἔργα
2683 1577 2952 1646 φαίνεται.
2973 1578 3084 1631 Καὶ
3106 1577 3236 1630 ὅταν
3256 1577 3387 1650 λέγῃ
3401 1577 3563 1632 πάλιν
3581 1580 3741 1634 ’Ὅσ-

2161 1685 2252 1734 τις
2271 1669 2511 1738 ὰερῆκεν
2539 1669 2756 1733 οὶκίαν,
2778 1669 2817 1738 ἢ
2848 1669 3168 1738 ἀδελφοὺς,
3191 1667 3228 1738 ἢ
3250 1669 3517 1740 ἁδελφὸς
3534 1671 3743 1727 ἕνεκεν

2175 1759 2342 1830 ἐμοῦ,
2371 1761 2973 1816 ἑκατονταπλασίονα
2994 1760 3274 1829 λήψεται,
3308 1761 3404 1815 καί
3436 1759 3589 1830 ζωὴν
3606 1761 3743 1818 αἰώ-

2162 1868 2297 1905 νιον
2323 1854 2790 1923 κληρονομήσει,
2823 1853 2922 1924 τὴν
2953 1853 3228 1908 πολιτείαν
3269 1854 3501 1919 ἐπαινεῖ,
3535 1856 3630 1909 καὶ
3646 1855 3743 1910 τὸν

2161 1942 2593 2015 διηκριϐωμένον
2646 1943 2782 2014 βίον.
2817 1940 2974 2008 Εἶδες
3005 1945 3135 2006 τοὺς
3182 1944 3430 2016 μαθητὰς
3487 1946 3595 1999 ἀπὸ
3644 1945 3744 2001 τοῦ

2165 2034 2337 2104 φιλεῖν
2368 2034 2628 2106 ἀλλήλους
2687 2035 3142 2107 γνωριζομένους,
3187 2036 3278 2090 τὸν
3316 2035 3372 2090 δὲ
3426 2036 3566 2108 ὑπὲρ
3614 2039 3745 2104 τοὺς

2162 2127 2493 2192 ἀποστόλους
2521 2128 2776 2198 φιλοῦντα
2798 2128 2889 2182 τὸν
2916 2129 3152 2199 Χριστὸν
3177 2130 3287 2184 ἀπὸ
3307 2128 3402 2183 τοῦ
3432 2130 3745 2201 ποιμαίνειν

2162 2219 2290 2284 τούς
2335 2221 2599 2290 ἀδελφοὺς
2643 2221 2987 2293 φαινόμενον,
3019 2223 3145 2287 τοὺς
3189 2222 3247 2276 δὲ
3291 2222 3600 2292 ὀφείλοντας
3627 2223 3747 2296 χαίο

2169 2328 2302 2382 ρειν,
2331 2313 2433 2366 οὐκ
2470 2313 2580 2367 ἀπὸ
2626 2315 2720 2368 τοῦ
2749 2315 3012 2387 δαίμονας
3040 2314 3344 2379 ἐκϐάλλειν,
3371 2314 3488 2368 ἀλλ’
3509 2313 3616 2368 ἀπὸ
3645 2312 3750 2369 τοῦ

2167 2404 2538 2476 ἐγγεγράφθαι
2575 2407 2633 2459 ἐν
2682 2405 2794 2479 [70]
2833 2406 2914 2477 τῷ
2965 2405 3177 2479 οὐρανῷ
3217 2405 3606 2476 κελευομένους
3648 2405 3744 2461 εὐ·-

2167 2493 2510 2564 φραίνεσθαι,
2562 2497 2658 2549 καὶ
2687 2498 2814 2559 τοὺς
2839 2497 2938 2568 μὲν
2961 2497 3052 2549 τὸν
3091 2495 3225 2549 Θεὸν
3277 2496 3599 2561 δοξάζοντας
3634 2497 3748 2551 ἀπὸ

2165 2581 2264 2652 τῆς
2294 2581 2404 2636 τῶν
2445 2583 2621 2655 ἔργων
2656 2584 3041 2656 λαμπρότητος
3078 2586 3481 2656 δεικνυμένους,
3523 2588 3648 2645 τοὺς
3683 2587 3743 2642 δὲ

2166 2669 2312 2742 ζωῆς
2341 2672 2692 2744 ἐπιτυχόντας
2740 2674 2834 2728 καὶ
2871 2675 3396 2730 ἑκατονταπλασίονα
3434 2675 3745 2748 λαμϐάνον-

2164 2781 2284 2828 τας,
2342 2763 2450 2820 ἀπὸ
2515 2768 2612 2838 τῆς
2665 2763 2774 2819 τῶν
2838 2766 3122 2838 παρόντων
3161 2766 3420 2821 ἁπάντων
3441 2767 3744 2840 ὑπεροψίας

2165 2855 2520 2927 ἐπιτυχόντας
2566 2855 2772 2928 ταύτης
2797 2855 2899 2928 τῆς
2925 2857 3156 2928 δωρεᾶς.
3211 2856 3448 2921 Τούτους
3506 2859 3742 2931 μίμησαι

2165 2947 2395 3013 πάντας,
2427 2947 2521 3001 καὶ
2549 2947 2751 3020 δυνήσῃ
2793 2948 2888 3001 καί⁸
2936 2946 3186 3019 μαθητὴς
3227 2941 3389 3014 εἶναι,
3418 2949 3512 3003 καὶ⁵
3540 2950 3598 3004 ἐν
3629 2952 3742 3016 τοῖς

2164 3041 2340 3112 φίλοις
2361 3039 2454 3094 τοῦ
2485 3039 2620 3093 Θεοῦ
2652 3039 3023 3110 ἀριθμεῖσθαι,
3053 3039 3147 3093 καὶ
3195 3038 3440 3106 δοξάζειν
3465 3038 3561 3094 τὸν
3586 3040 3740 3104 Θεὸν,

2162 3131 2378 3201 καὶτῆς
2426 3129 2647 3185 αίωνίου
2685 3128 2834 3200 ζωῆς
2863 3129 3205 3184 ἀπολαῦσαι·
3240 3131 3337 3184 καὶ
3379 3129 3531 3185 οὐδὲν
3587 3131 3741 3187 ἔσται

2164 3241 2246 3278 σοι
2265 3221 2495 3294 κώλυμα
2518 3222 2654 3294 πρὸς
2681 3222 2743 3275 τὸ
2773 3224 2956 3293 τυχεῖν
2981 3221 3089 3274 τῶν
3114 3220 3335 3290 ἀγαθῶν
3370 3222 3645 3289 ἁπάντων,
3675 3222 3740 3278 τὸ

2166 3314 2241 3390 μὴ
2277 3317 2452 3368 ποιεῖν
2497 3316 2720 3384 σημεῖα,
2765 3312 2862 3367 ἐὰν
2906 3312 3180 3366 πολιτείαν
3221 3312 3351 3384 ἔχῃς
3377 3311 3743 3386 διηκριϐωμέ-

2162 3420 2280 3476 νην.
2305 3403 2416 3456 Καὶ
2440 3403 2548 3473 γὰρ
2574 3403 2735 3466 αὐτὸς
2760 3403 2918 3456 τοῦτο
2941 3402 3003 3456 τὸ
3023 3403 3216 3474 ὄνομα,
3237 3404 3464 3474 Πέτρος,
3493 3405 3593 3457 οὐκ
3633 3403 3744 3458 ἀπὸ

2162 3494 2457 3566 θαυμάτων
2505 3495 2600 3548 καὶ
2647 3494 2888 3564 σημείων
2934 3494 3141 3555 ἐλαϐεν.
3170 3494 3282 3549 ἀλλ’
3315 3495 3423 3548 ἀπὸ
3454 3493 3618 3566 ζήλου
3647 3498 3744 3551 καὶ

2162 3583 2384 3653 φίλτρου
2407 3584 2653 3655 γνησίου.
2681 3583 2814 3638 Οὐδέ
2834 3585 2943 3656 γὰρ
2964 3585 3147 3654 ἐπειδὴ
3176 3585 3400 3656 νεκροὺς
3423 3584 3741 3658 ἀνέστησεν,

2157 3676 2279 3730 οὐδὲ
2318 3676 2504 3748 ἐπειδὴ
2544 3676 2715 3747 χωλὸν
2761 3675 3107 3747 ἀνώρθωσεν,
3139 3675 3311 3739 οὕτως
3368 3671 3741 3748 ἐκλήθη’ἀλλ’

2157 3768 2346 3841 ἐπειδὴ
2375 3771 2555 3824 πίστιν
2595 3769 2732 3842 μετὰ
2779 3770 2879 3841 τῆς
2922 3770 3208 3840 ὁμολογίας
3246 3769 3554 3836 ἐπεδείξατο
3609 3787 3744 3844 γνη-

2159 3861 2301 3928 σίαν,
2338 3861 2400 3915 τὸ
2432 3861 2602 3931 δνομα
2641 3859 2800 3915 τοῦτο
2829 3860 3254 3932 ἐκληρονόμησε,
3286 3863 3371 3917 Σὺ
3406 3859 3463 3916 εί
3495 3862 3738 3931 Πέτρος.

2157 3953 2254 4008 καί
2288 3951 2388 4006 ἐπὶ
2419 3953 2603 4022 ταύτῃ
2622 3942 2700 4021 τῇ
2726 3952 2909 4022 πέτρᾳ
2930 3939 3303 4023 οἰκοδομήσω
3322 3973 3442 4024 μου
3463 3954 3577 4023 τὴν
3616 3957 3741 4010 Ἐκ-

2157 4044 2442 4112 κλησίαν.
2492 4043 2590 4096 Διά
2641 4044 2724 4108 τίς
2756 4044 2868 4114 Οὐχ
2898 4045 2979 4097 ὅτι
3018 4044 3268 4114 θαύματα
3319 4045 3592 4117 ἐποίησεν,
3622 4046 3740 4100 ἀλλ’

2155 4138 2237 4190 ὅτι
2276 4134 2415 4189 εἴπεο
2457 4136 2540 4189 Σὺ
2580 4132 2638 4190 εἷ
2683 4139 2716 4189 ό
2767 4137 3020 4204 Χριστὸς
3052 4140 3085 4190 ό
3131 4137 3262 4203 Υἱὸς
3293 4137 3398 4192 τοῦ
3437 4138 3584 4193 Θεοῦ
3632 4137 3738 4194 τοῦ

2155 4227 2390 4292 ζῶντος.
2439 4227 2600 4297 Ὁρᾷς
2631 4227 2712 4280 ὃτι
2759 4229 2851 4280 καὶ
2893 4227 3024 4281 αὐτὸ
3065 4227 3126 4281 τὸ
3184 4213 3391 4300 Πέτρον
3448 4229 3737 4302 κληθῆναι,
3853 4270 3860 4274 η

2153 4320 2254 4371 οὐκ
2301 4317 2408 4371 ἀπὸ
2456 4317 2772 4387 θαυμάτων,
2824 4318 2939 4371 ἀλλ’
2987 4318 3095 4372 ἀπὸ
3147 4319 3308 4388 ζήλου
3340 4322 3737 4394 πεπυρωμένου

2155 4411 2315 4464 ἔλαϐε
2371 4410 2470 4482 τὴν
2515 4412 2709 4483 ἀρχήν.
2766 4412 2905 4465 Ἀλλ’
2959 4413 3150 4482 ἐπειδὴ
3180 4413 3386 4484 Πέτρου
3438 4415 3735 4487 ἐμνήσθην,

2155 4503 2373 4570 είσῆλθέ
2417 4521 2508 4574 μοι
2557 4504 2650 4558 καὶ
2701 4503 2889 4574 ἐτέρου
2922 4503 3128 4575 Πέτρου
3164 4505 3374 4577 μνήμη,
3419 4506 3512 4559 τοῦ
3555 4505 3736 4562 κοινοῦ

2155 4595 2382 4668 πατρὸς,
2415 4597 2508 4650 καὶ
2533 4595 2875 4661 διδασκάλου,
2906 4596 2966 4660 ὃς
2999 4595 3097 4667 τὴν
3119 4596 3327 4650 ἐκείνου
3356 4596 3739 4669 διαδεξάμενος

2153 4685 2375 4757 ἀρετὴν,
2407 4686 2501 4740 καὶ
2525 4685 2622 4758 τὴν
2652 4686 2919 4756 καθέδραν
2946 4685 3351 4758 ἐκληρονόμησε
3380 4687 3480 4759 τὴν
3501 4688 3731 4745 ἐκείνου.

2159 4777 2254 4829 Ἕν
2291 4776 2399 4847 γὰρ
2438 4775 2533 4829 καὶ
2586 4776 2744 4829 τοῦτο
2799 4776 3174 4848 πλεονέκτημα
3204 4778 3306 4848 τῆς
3331 4781 3607 4851 ἡμετέρας
3635 4781 3735 4838 πά.

2151 4866 2308 4930 λεως,
2352 4867 2412 4919 τὸ
2455 4867 2562 4918 τῶν
2611 4865 2927 4920 ἀποστόλων
2978 4868 3070 4922 τὸν
3100 4873 3389 4941 κορυφαῖον
3433 4872 3616 4928 λαϐεῖν
3671 4874 3734 4928 ιν

2151 4955 2293 5025 ἀρχῇ
2329 4954 2670 5009 διδάσκαλον.
2709 4955 2857 5008 Ἔδει
2886 4955 2996 5026 γὰρ
3038 4957 3136 5026 τὴν
3159 4959 3265 5028 πρὸ
3288 4959 3386 5030 τῆς
3407 4962 3732 5035 οἰκουμένης

2151 5045 2368 5114 ἁπάσης
2407 5044 2469 5097 τὸ
2505 5044 2612 5097 τῶν
2663 5047 3005 5118 Χριστιανῶν
3065 5049 3484 5124 ἁναδησαμένην
3531 5054 3726 5124 ὄνομα,

2148 5149 2239 5201 τὸν
2270 5147 2378 5200 τῶν
2429 5147 2743 5201 ἀποστόλων
2778 5149 2994 5219 πρῶτον
3041 5153 3273 5222 ποιμένα
3320 5154 3525 5210 λαϐεῖν.
3573 5157 3734 5212 Ἀλλά

2148 5239 2402 5302 λαϐόντες
2422 5239 2583 5292 αὐτὸν
2604 5239 2942 5306 διδάσκαλον,
2959 5242 3058 5294 οὐκ
3092 5244 3173 5306 είς
3195 5243 3347 5308 τέλος
3371 5247 3727 5319 κατέσχομεν,

2147 5329 2282 5383 ἀλλά
2311 5331 2780 5400 παρεχωρήσαμεν
2804 5333 2869 5401 τῇ
2923 5330 3150 5400 βασιλίδι
3183 5331 3368 5407 Ῥώμῃ
3389 5351 3404 5366 ο
3440 5337 3640 5407 μᾶλλον
3665 5342 3725 5395 δὲ

2148 5421 2226 5484 είς
2253 5419 2313 5472 τὸ
2343 5418 2493 5481 τέλος
2517 5419 2679 5472 αὐτὸν
2711 5422 3054 5492 ἐσχήκαμενο
3091 5423 3152 5476 τὸ
3179 5425 3276 5494 μὲν
3305 5427 3413 5497 γὰρ
3437 5427 3595 5499 σῶμα
3622 5429 3732 5482 Πέ-

2145 5529 2276 5583 τρου
2305 5511 2365 5564 οὐ
2395 5511 2715 5582 κατέχομεν,
2749 5512 2850 5584 τὴν
2875 5513 2934 5566 δὲ
2965 5515 3144 5570 πίστιν
3176 5517 3382 5590 Πέτρου
3425 5521 3730 5592 κατέχομεν

2145 5606 2220 5670 ὼς
2249 5605 2452 5677 Πέτρον
2469 5619 2483 5632 ⁸
2507 5608 2604 5677 τὴν
2632 5607 2690 5660 δὲ
2719 5608 2902 5662 πίστιν
2957 5611 3168 5683 Πέτρου
3192 5617 3546 5688 κατέχοντες,
3567 5617 3730 5671 αὐτὸν

2149 5698 2344 5772 ἔχομεν
2378 5698 2605 5772 Πέτρον.
2631 5698 2788 5756 Οὕτω
2811 5702 2904 5758 καὶ
2931 5705 3023 5760 τὸν
3050 5705 3258 5763 ἐκείνου
3289 5709 3538 5782 ζηλωτὴν
3559 5709 3730 5782 ὁρῶν-
