4054 6216
316 327 384 386 85
1429 334 1496 391 IN
1535 335 1906 393 INSCRIPTIO

2013 338 2058 395 Μ
2097 338 2321 396 ACTOR
2330 340 2423 397 ΗΜ
2462 338 2527 396 ll.
3529 350 3598 408 35

314 444 429 500 Non
454 445 670 502 sustulit
693 454 984 517 egestatem
1015 449 1486 519 pecumarum,sed
1501 460 1787 522 egestatem
1807 466 1897 507 ηερ

315 543 447 590 tura:
466 536 719 591 correxit.

383 626 508 682 Non
552 637 672 683 sunt
716 630 1040 686 contumeliis
1075 631 1324 703 alﬁciendi
1365 650 1630 705 pauperes.
1672 666 1747 678 —
1771 636 1904 692 Vide

314 718 630 773 modestiam
671 719 858 775 Petri:
893 721 1105 793 Respice
1150 724 1205 777 in
1247 741 1361 779 nos.
1405 724 1522 781 Non
1567 727 1904 785 contumeliis

315 809 516 878 affecit,
548 826 653 867 non
681 813 936 869 conviciis
966 814 1253 881 lacessivit,
1280 826 1337 871 ut
1363 815 1476 873 ﬁeri
1505 814 1537 873 a
1563 817 1716 874 nobis
1760 834 1904 890 saepe

315 919 538 959 numero
564 905 700 960 solet
726 906 777 959 in
814 920 909 961 eos
929 948 944 973 ,
974 907 1061 977 qui
1096 908 1250 964 nobis
1278 910 1547 980 supplices
1575 921 1862 967 occurrunt
1883 954 1900 981 ,

314 996 438 1050 dum
464 996 668 1051 crimen
691 996 797 1051 illis
819 997 1121 1067 objieimus,
1145 999 1287 1069 quod
1304 1001 1411 1055 sint
1432 1002 1542 1057 otio
1566 1002 1749 1058 dediti.
1767 1002 1903 1058 Num

313 1088 453 1143 enim
486 1087 590 1143 hoc
616 1087 709 1143 tibi
740 1089 1043 1144 mandatum
1070 1098 1173 1156 est,
1207 1092 1278 1146 mi
1309 1092 1511 1149 homo?
1536 1094 1652 1149 Non
1679 1094 1773 1151 tibi
1799 1097 1903 1150 im-

316 1166 635 1250 peras-inut
663 1180 922 1237 desidiam
950 1182 1025 1237 illi
1049 1182 1345 1254 objiceres,
1375 1186 1469 1241 sed
1498 1198 1554 1242 ut
1583 1189 1750 1258 ipsius
1775 1203 1903 1258 ege-

318 1269 446 1324 stati
471 1269 767 1326 remedium
792 1270 1106 1336 adhiberes;
1141 1288 1249 1328 non
1281 1282 1333 1328 te
1360 1275 1716 1345 improbitatis
1742 1291 1905 1332 accu-

314 1373 545 1418 satorem
575 1363 799 1429 creavit,
832 1364 925 1420 sed
957 1365 1222 1420 medicum
1244 1367 1560 1422 calamitatis
1588 1368 1901 1437 constituit;

315 1469 420 1508 non
462 1462 520 1508 ut
544 1453 820 1524 segnitiem
847 1455 1224 1525 exprobrares,
1255 1456 1348 1511 sed
1379 1467 1436 1511 ut
1454 1458 1758 1526 jacentibus
1785 1474 1906 1513 ma-

316 1561 441 1599 num
468 1546 798 1616 porrigeres;
823 1563 925 1601 non
957 1555 1015 1601 ut
1045 1561 1222 1602 mores
1250 1548 1599 1618 vituperares,
1628 1548 1720 1603 Sed
1748 1559 1801 1603 ιιι
1828 1548 1907 1603 fa-

315 1624 454 1690 mem
484 1636 720 1691 sederes.
740 1640 808 1691 At
835 1652 934 1693 nos
954 1630 1276 1692 contrarium
1306 1637 1527 1693 facimus
1551 1657 1566 1693 :
1590 1656 1693 1695 non
1721 1639 1910 1710 digna-

315 1744 439 1782 mur
466 1728 532 1783 ad
562 1743 659 1784 nos
687 1730 1003 1785 accedentes
1032 1731 1271 1800 pecuniae
1297 1731 1574 1801 largitione
1600 1732 1781 1797 solari,
1810 1730 1906 1786 sed

312 1832 367 1873 et
415 1819 622 1874 illorum
659 1820 874 1875 vulnera
913 1821 1195 1876 criminum
1240 1822 1456 1892 insuper
1496 1822 1906 1892 exprobratione

311 1912 640 1968 vellicamus.
664 1913 803 1981 Quin
830 1914 989 1968 etiam
1018 1914 1157 1984 apud
1190 1929 1474 1984 pauperem
1502 1928 1561 1968 se
1586 1924 1824 1979 excusat,
1843 1926 1907 1968 ac

314 2004 556 2059 modeste
581 2004 729 2061 illum
756 2006 1044 2078 alloquitur
1070 2024 1084 2060 :
1113 2006 1319 2061 Inclina
1343 2007 1485 2062 enim
1505 2049 1519 2072 ,
1553 2007 1752 2077 inquit,
1775 2024 1909 2078 pau-

311 2094 418 2163 pcri
445 2094 557 2149 sine
587 2096 787 2150 tristitia
830 2113 1005 2151 aurem
1043 2107 1210 2165 tuam,
1242 2108 1287 2152 et
1310 2097 1558 2167 responde
1585 2098 1664 2152 illi
1690 2098 1908 2168 paci/ica

310 2185 364 2236 in
394 2186 778 2241 mansuetudine
807 2187 996 2257 (Eccli.
1023 2189 1072 2242 4.
1108 2188 1188 2259 8).
1221 2192 1499 2260 Argentum
1522 2198 1570 2242 et
1594 2205 1776 2243 aurum
1806 2206 1906 2244 non

310 2277 472 2332 habeo
501 2295 521 2333 :
545 2279 681 2349 quod
708 2289 873 2334 autem
900 2281 1078 2345 habeo,
1106 2281 1200 2334 hoc
1228 2281 1316 2335 tibi
1347 2283 1413 2334 do
1436 2297 1455 2335 :
1475 2282 1529 2335 in
1559 2283 1757 2337 nomine
1780 2281 1908 2337 Jesu

308 2366 502 2422 Christi
525 2385 696 2439 surge,
710 2378 754 2424 et
773 2369 995 2427 ambula.
1015 2372 1259 2430 Duosunt
1275 2371 1376 2426 hoc
1401 2372 1536 2437 loco,
1552 2375 1906 2448 conversatio,

307 2470 364 2514 et
384 2461 721 2517 miraculum.
749 2462 1117 2530 Conversatio,
1143 2467 1415 2537 Argentum
1445 2476 1493 2519 et
1517 2483 1698 2519 aurum
1722 2475 1908 2523 nonest

307 2551 439 2605 mihi
457 2554 910 2609 :conversationis
939 2556 1078 2610 enim
1107 2565 1159 2611 et
1183 2556 1406 2611 actionis
1439 2565 1523 2611 est
1548 2567 1785 2612 terrenas
1820 2573 1908 2614 res

306 2643 898 2723 despicereJacultates
914 2662 1037 2702 suas
1053 2648 1283 2719 ahjicere
1297 2658 1636 2719 ,praesentem
1653 2666 1909 2721 spernere

305 2733 602 2789 vanitatem
629 2754 643 2791 :
667 2736 978 2793 miraculum
1005 2755 1129 2793 vero
1154 2748 1239 2795 est
1264 2740 1511 2796 claudum
1540 2743 1775 2798 excitare
1795 2783 1809 2807 ,
1843 2758 1909 2798 ac

309 2825 551 2880 membra
571 2826 806 2881 mutilata
825 2844 1035 2885 sanare.
1052 2829 1191 2886 Ecce
1205 2831 1295 2886 tibi
1309 2819 1436 2902 ergo
1446 2833 1907 2889 conversationem

309 2923 364 2968 et
386 2915 729 2973 miraculum.
746 2916 1032 2974 Videamus
1055 2930 1232 2976 autem
1259 2921 1396 2976 unde
1414 2922 1599 2979 Petrus
1629 2924 1905 2994 glorietur.

309 3006 449 3071 Quid
480 3008 653 3063 dixit?
676 3025 742 3075 an
772 3026 834 3067 se
858 3013 1112 3069 miracula
1138 3013 1405 3070 edidisse?
1432 3014 1669 3072 Tametsi
1698 3017 1911 3073 fuerant

310 3105 422 3154 tum
452 3100 597 3155 edita
621 3102 690 3158 ab
720 3103 835 3174 ipso
861 3106 1115 3161 miracula
1144 3126 1158 3162 :
1188 3107 1284 3163 sed
1317 3109 1417 3164 hoc
1441 3125 1547 3165 non
1578 3109 1750 3177 dixit;
1781 3111 1907 3182 quid

310 3191 478 3261 ergo?
497 3191 633 3247 Ecce
658 3211 749 3249 nos
774 3195 1067 3266 reliquimus
1105 3200 1274 3253 omnia
1292 3241 1306 3264 ,
1338 3210 1386 3254 et
1424 3202 1622 3271 sequuti
1658 3219 1833 3256 sumus
1862 3212 1909 3257 te

312 3284 528 3352 (Matth.
561 3289 646 3344 19.
676 3289 794 3361 27).
822 3289 980 3346 Vides
1006 3293 1463 3348 conversationem
1486 3302 1541 3349 ct
1568 3294 1905 3361 miraciilum,

309 3388 364 3431 et
396 3382 791 3437 conversationi
818 3382 1045 3452 palmam
1076 3384 1270 3438 tribui?
1298 3384 1433 3453 Quid
1468 3401 1596 3456 ergo
1631 3384 1909 3442 Christus?

308 3471 721 3527 (Zommeudavit
743 3489 888 3540 cum,
921 3474 1172 3530 laudavit.
1201 3476 1327 3530 Dico
1348 3476 1487 3530 enim
1520 3458 1689 3543 vobis,
1716 3477 1904 3547 inquit,

310 3561 454 3627 quod
509 3578 601 3616 vos
645 3564 733 3633 qui
775 3564 1063 3635 reliquistis
1091 3567 1279 3620 domos
1305 3607 1321 3632 ,
1354 3574 1407 3621 et
1434 3583 1553 3636 qua:
1587 3576 1901 3637 sequuntur.

311 3652 424 3707 Non
447 3654 603 3720 dixit,
629 3655 727 3724 Qui
747 3667 987 3713 mortuos
1007 3659 1323 3725 suscitastis,
1348 3660 1442 3715 sed
1469 3658 1569 3714 Vos
1598 3661 1682 3732 qui
1701 3661 1911 3731 nliqui«

308 3746 398 3796 stis
443 3747 577 3800 bona
604 3758 786 3813 vestra,
808 3749 1039 3804 scdebitis
1057 3768 1206 3821 super
1232 3753 1374 3807 sedes
1406 3753 1669 3808 duodecim
1692 3752 1906 3824 (Matth.

312 3838 398 3892 19.
429 3838 528 3911 29)
562 3857 575 3894 :
607 3848 660 3894 ct
682 3842 889 3907 oumis,
921 3842 1012 3913 qui
1060 3844 1332 3913 reliquerit
1361 3845 1537 3899 omnia
1582 3843 1718 3899 bona
1770 3860 1864 3899 sua
1889 3887 1904 3909 ,

312 3930 577 3986 honorem
609 3931 765 3986 istum
791 3945 1166 4005 consequetur.
1200 3934 1314 3989 Non
1347 3946 1498 4005 potes
1524 3936 1769 3990 claudum
1801 3937 1905 3990 eri-

308 4037 457 4091 gere,
482 4026 624 4080 sicut
651 4026 876 4081 Petrus?
904 4032 973 4082 At
998 4037 1152 4098 potes
1178 4028 1377 4091 dicere.
1401 4038 1459 4083 ut
1483 4029 1570 4085 ille
1593 4045 1607 4082 :
1632 4028 1908 4100 Argentum

309 4128 353 4169 et
383 4135 575 4171 nurum
604 4136 703 4172 non
728 4130 799 4173 est
826 4120 969 4173 mihi.
1002 4106 1155 4187 Quod
1184 4120 1230 4175 si
1255 4120 1359 4176 hoc
1382 4120 1613 4186 dixeris,
1648 4119 1818 4176 factus
1846 4137 1906 4178 es

311 4211 649 4282 prepinqnus
692 4210 1023 4267 Petrozimo
1058 4228 1189 4268 vero
1232 4228 1338 4268 non
1384 4213 1428 4267 si
1478 4212 1707 4280 dixeris,
1740 4212 1833 4269 sed
1861 4213 1906 4269 si

311 4300 534 4359 feceris.
562 4302 676 4358 Non
708 4316 859 4373 potes
894 4304 1098 4359 aridam
1130 4320 1342 4359 manum
1370 4305 1599 4361 sanare?
1622 4303 1726 4360 Sed
1753 4315 1909 4375 potes

310 4409 536 4449 manum
577 4404 754 4460 tttatn,
783 4411 944 4467 quam
989 4394 1350 4451 inhumanitas
1390 4395 1592 4450 aridam
1638 4394 1903 4464 reddidit,

312 4498 409 4553 per
447 4487 833 4543 humanitatem
871 4488 1181 4543 extendere.
1228 4487 1348 4542 Non
1389 4489 1453 4544 sit
1494 4490 1667 4553 enim,
1697 4489 1903 4560 inquit,

313 4589 552 4646 porrecta
576 4596 755 4633 manus
782 4589 870 4633 tua
889 4581 957 4634 ad
981 4580 1362 4650 accipiendum,
1386 4590 1432 4634 et
1458 4580 1526 4633 ad
1545 4580 1771 4635 dandum
1795 4581 1905 4635 col-

312 4666 442 4723 lecta
472 4670 663 4744 (Eccli.
693 4672 747 4726 4.
778 4672 893 4743 56).
920 4671 1085 4727 Vides
1113 4687 1218 4726 non
1262 4670 1561 4725 ariditatem
1588 4712 1603 4736 ,
1628 4671 1723 4726 sed
1754 4671 1909 4726 inlut-

313 4761 629 4816 manitatem
673 4777 883 4834 quoque
914 4779 1127 4818 manum
1160 4761 1515 4818 contrahere?
1543 4761 1786 4818 Extende
1812 4761 1908 4833 igi-

314 4861 398 4905 tur
415 4853 565 4909 illam
585 4872 679 4925 per
698 4855 1076 4913 humanitatem
1099 4865 1153 4913 et
1172 4858 1588 4929 cleemosyuam.
1612 4856 1725 4911 Non
1755 4866 1905 4927 potes

311 4944 617 5004 dzemouem
647 4949 878 5019 ejicere?
907 4949 1010 5007 Sed
1041 4960 1315 5021 peccatum
1343 4950 1478 5019 ejiee
1498 4990 1514 5018 ,
1546 4950 1907 5020 majoremque

312 5041 622 5097 mercedem
666 5042 916 5114 accipies.
947 5042 1108 5100 Vides
1148 5058 1253 5114 quo
1291 5055 1444 5113 pacto
1484 5044 1818 5100 conversatio
1854 5053 1909 5099 et

312 5133 457 5187 bona
509 5149 675 5201 opera
705 5135 962 5206 majorem
1007 5151 1165 5207 quam
1198 5135 1452 5190 miracula
1482 5134 1784 5191 mercedem
1809 5177 1824 5203 ,
1852 5143 1910 5191 et

316 5224 496 5291 majus
519 5227 795 5295 prtcmium
813 5227 1118 5283 merentur?
1131 5228 1208 5283 Ac
1225 5228 1269 5283 si
1292 5228 1443 5294 velis,
1466 5227 1678 5282 aliunde
1697 5243 1909 5299 quoque

313 5313 364 5367 id
395 5317 766 5373 ostendemus.
794 5317 1118 5374 Accesserant
1143 5319 1210 5372 ad
1233 5335 1367 5385 eum,
1388 5319 1574 5388 inquit,
1592 5318 1909 5390 septuaginta

314 5404 582 5475 discipuli,
600 5416 645 5462 et
670 5407 974 5479 gaudebant,
1004 5407 1346 5478 dicebantque,
1374 5406 1605 5470 Domine,
1625 5408 1678 5462 in
1707 5409 1909 5463 nomine

313 5503 404 5547 tuo
431 5497 587 5550 etiam
612 5497 865 5554 danuonia
908 5499 1145 5554 obediunt
1172 5497 1333 5554 nobis.
1363 5497 1431 5553 Et
1459 5500 1529 5553 ait
1563 5499 1665 5553 illis
1688 5513 1708 5552 :
1732 5498 1907 5553 Nolite

310 5586 565 5655 gaudere,
582 5592 700 5660 quia
725 5590 975 5645 dwnwnia
1002 5591 1137 5645 vobis
1157 5591 1411 5657 obediunt,
1432 5591 1523 5647 scd
1545 5589 1911 5665 guudetc.quia

312 5684 533 5733 nouunt:
559 5692 716 5738 restrn
755 5683 944 5754 scripta
984 5691 1102 5738 sunt
1146 5684 1198 5737 in
1237 5684 1371 5737 aclis
1393 5683 1541 5756 (Luc.
1570 5684 1653 5740 10.
1679 5684 1761 5740 17.
1789 5681 1906 5752 20).

322 5764 489 5826 Vides
536 5771 725 5844 ubique
755 5774 1212 5831 conversationem
1244 5773 1485 5837 laudari?

2083 473 2136 529 6.
2177 474 2291 545 Age
2331 489 2459 546 ergo
2500 484 2857 539 retractemus
2879 491 3004 550 qum
3045 492 3077 533 a
3108 477 3264 535 nobis
3300 488 3426 539 ante
3466 495 3593 540 sunt

2008 563 2170 623 dicta.
2213 564 2281 620 In
2324 566 2419 622 hoc
2461 578 2762 637 cognoscent
2804 584 2999 637 omnes,
3048 570 3167 642 quia
3210 571 3453 644 discipuli
3499 574 3601 630 mei

2008 659 2145 727 estis,
2187 660 2234 714 si
2278 677 2365 715 vos
2398 661 2609 715 invicem
2643 661 2919 718 dilemen'tis
2947 662 3127 736 (Joan.
3171 665 3258 720 15.
3307 662 3422 738 55).
3454 666 3596 724 Ecce

2010 764 2116 805 non
2138 766 2206 806 ex
2227 751 2516 820 miraculis,
2539 752 2633 808 sed
2657 768 2721 809 ex
2742 754 3144 812 conversatione
3168 754 3409 828 dignosci
3426 756 3593 815 disci-

2008 839 2163 910 pulos
2204 840 2626 898 demonstratum
2671 854 2772 901 est.
2807 844 2977 913 Pelre,
3018 846 3195 917 diligis
3220 864 3301 903 me
3330 849 3447 919 plus
3473 848 3595 904 his?

2010 948 2161 1004 pasce
2200 949 2314 987 oves
2356 950 2492 987 meas
2546 934 2665 1003 (Id.
2720 934 2812 991 21.
2866 936 2982 1007 17).
3022 937 3163 993 Ecce
3200 938 3426 995 alterum
3462 937 3603 995 indi-

2010 1024 2173 1092 cium,
2197 1034 2252 1080 et
2279 1025 2382 1080 hoc
2412 1041 2597 1082 rursus
2636 1042 2666 1080 a
2706 1028 3112 1085 conversatione
3144 1042 3437 1101 sumptum.
3467 1031 3601 1088 Ter-

2011 1116 2142 1169 tium
2182 1130 2370 1170 rursus
2395 1116 2690 1172 indicium:
2724 1116 2902 1172 Nolite
2926 1118 3168 1189 gaudere,
3203 1121 3322 1190 quia
3348 1121 3600 1176 dmuonia

2008 1205 2145 1261 vobis
2174 1206 2433 1273 obediunt,
2459 1206 2548 1261 sed
2576 1207 2809 1278 gaudete,
2832 1208 2951 1278 quia
2980 1209 3187 1263 nomina
3215 1219 3383 1265 vestra
3408 1209 3602 1282 scripta

2009 1306 2126 1351 sunt
2155 1296 2207 1349 in
2236 1297 2394 1351 aclis.
2423 1297 2490 1353 Et
2531 1296 2634 1353 hoc
2668 1313 2854 1353 rursus
2893 1299 3318 1354 conversationis
3341 1309 3424 1354 est
3448 1309 3597 1355 recte

2013 1387 2230 1444 factum.
2281 1387 2376 1444 Vis
2404 1388 2566 1445 etiam
2593 1399 2836 1459 quartam
2882 1388 3041 1460 hujus
3078 1390 3157 1446 rei
3185 1390 3600 1447 demonstratio-

2011 1496 2133 1534 nem
2176 1480 2545 1550 cognoscere?
2592 1479 2799 1545 Luceat,
2849 1481 3041 1552 inquit,
3087 1482 3180 1536 lux
3220 1493 3385 1538 vestra
3424 1500 3597 1538 coram

2011 1570 2315 1635 hominibus,
2358 1579 2412 1623 ut
2436 1571 2634 1633 videant
2661 1588 2814 1641 opera
2840 1583 3003 1627 vestra
3030 1573 3182 1638 bona,
3228 1582 3275 1629 et
3301 1574 3591 1645 glorificent

2012 1660 2219 1715 Patrem
2249 1671 2463 1715 vestrum
2500 1663 2584 1733 qui
2622 1664 2677 1717 in
2710 1664 2848 1717 caelis
2876 1675 2947 1719 est
2981 1663 3191 1735 (Matth.
3228 1666 3283 1721 5.
3312 1666 3425 1738 16).
3454 1666 3595 1724 Ecce

2015 1752 2099 1807 hic
2138 1768 2350 1823 quoque
2403 1768 2563 1822 opera
2614 1764 2921 1809 occurrunt.
2975 1756 3043 1810 Et
3085 1772 3206 1811 cum
3250 1773 3437 1813 rursus
3475 1758 3593 1813 ait:

2015 1841 2254 1913 Quisquis
2310 1842 2564 1912 reliquerit
2608 1844 2834 1911 domum,
2887 1845 2963 1900 vel
3012 1845 3217 1915 fratres,
3268 1846 3348 1901 vel
3399 1862 3601 1903 sorores

2014 1945 2220 2005 propter
2244 1952 2340 1998 me,
2374 1935 2661 2005 centuplum
2687 1936 2920 2008 accipiet,
2954 1947 2998 1990 et
3027 1938 3177 1991 vitam
3201 1947 3443 1993 teternam
3473 1955 3596 2011 pos-

2011 2025 2188 2081 sidebit
2230 2025 2441 2099 (Matth.
2489 2026 2576 2082 19.
2620 2026 2735 2099 29),
2790 2030 3251 2085 conversationem
3298 2030 3496 2096 laudat,
3545 2039 3604 2087 et

2013 2122 2177 2174 vitam
2223 2130 2485 2175 exactam.
2519 2120 2680 2176 Vides
2716 2121 3005 2191 discipulos
3046 2138 3110 2177 ex
3155 2137 3221 2177 eo
3264 2122 3425 2177 fuisse
3454 2122 3599 2177 desi-

2013 2222 2225 2283 gnatos,
2277 2213 2419 2283 quod
2470 2222 2657 2268 mutuo
2704 2228 2765 2268 se
2812 2213 3114 2284 diligerent,
3163 2229 3285 2269 eum
3339 2228 3467 2267 vero
3505 2213 3598 2284 qui

2014 2302 2283 2358 Christum
2321 2317 2478 2372 supra
2504 2304 2777 2373 apostolos
2801 2303 3054 2374 diligebat
3090 2320 3157 2359 ex
3182 2319 3248 2359 eo
3273 2303 3592 2369 innotuisse,

2014 2393 2155 2465 quod
2185 2392 2377 2449 fratres
2419 2403 2661 2463 pasceret
2688 2412 2702 2448 :
2730 2410 2825 2450 eos
2845 2410 3008 2464 porro
3034 2395 3122 2463 qui
3144 2394 3380 2463 gaudere
3399 2394 3601 2449 debue-

2015 2492 2162 2552 runt,
2187 2499 2292 2538 non
2332 2499 2399 2539 ex
2425 2500 2491 2539 eo
2519 2484 2663 2555 quod
2701 2484 2957 2554 ejicerent
2983 2484 3278 2550 daemones,
3320 2483 3413 2539 Sed
3442 2499 3509 2538 ex
3532 2498 3600 2539 eo

2014 2574 2154 2644 quod
2182 2590 2367 2629 eorum
2394 2574 2609 2628 nomina
2652 2575 2849 2645 scripta
2889 2575 2940 2629 in
2967 2573 3111 2629 caelis
3136 2583 3335 2639 essent,
3364 2573 3601 2644 gaudere

2008 2664 2190 2735 jnssos
2227 2681 2366 2731 esse,
2412 2674 2572 2735 atque
2601 2664 2720 2720 illos
2748 2665 2837 2736 qui
2894 2666 3058 2720 Deum
3099 2665 3481 2734 glorificareut,
3522 2663 3593 2719 ab

2016 2772 2238 2826 operum
2286 2756 2572 2826 Splendore
2619 2755 2779 2811 fuisse
2818 2755 3161 2826 designatos;
3211 2770 3307 2810 eos
3344 2768 3475 2810 vero
3508 2753 3599 2824 qui

2014 2849 2179 2902 vitam
2221 2858 2652 2918 asscqucrcntur,
2703 2857 2757 2903 et
2807 2849 3110 2919 centuplum
3152 2847 3475 2917 accipereut,
3521 2844 3600 2900 id-

2015 2940 2159 2994 circo
2183 2939 2443 3009 ejusmodi
2472 2954 2692 2995 munere
2708 2939 2916 3003 donari,
2939 2937 3081 3010 quod
3102 2937 3380 3008 prieseutia
3404 2946 3597 2992 cuncta

2014 3029 2457 3100 contempserint.
2482 3029 2590 3085 llos
2616 3045 2806 3085 omnes
2837 3027 3443 3099 in:itare,etdiscipulus
3468 3042 3591 3083 esse

2016 3121 2235 3193 puteris,
2262 3130 2421 3190 atque
2444 3121 2580 3175 inter
2604 3120 2806 3175 amicos
2832 3120 2923 3176 Dei
2967 3121 3257 3184 numerari,
3285 3120 3450 3175 Deum
3484 3117 3600 3190 glo-

2015 3216 2245 3282 rificare,
2268 3230 2331 3270 ac
2357 3214 2466 3269 vita
2492 3226 2690 3269 aeterna
2718 3214 2875 3283 potiri
2908 3230 2923 3269 :
2947 3228 3046 3269 nec
3076 3213 3456 3283 impedimento
3486 3212 3595 3266 ullo

2021 3309 2113 3363 tibi
2162 3323 2283 3362 esse
2312 3306 2522 3377 poterit.
2564 3305 2849 3376 quominus
2892 3304 3027 3358 bona
3071 3303 3373 3372 assequaris
3399 3301 3598 3366 omnia,

2018 3398 2159 3471 quod
2180 3399 2328 3469 signa
2355 3412 2460 3451 non
2482 3395 2665 3463 facias,
2700 3397 2744 3450 si
2774 3394 3234 3450 conversationem
3267 3390 3519 3477 mundam
3546 3398 3604 3446 et

2018 3501 2258 3546 exactam
2285 3504 2393 3559 pra:
2425 3496 2474 3542 te
2502 3488 2661 3542 fetas.
2687 3485 2816 3541 Nam
2844 3496 2894 3540 et
2922 3484 3037 3555 ipse
3067 3483 3257 3539 l’etrus
3281 3482 3381 3537 hoc
3405 3496 3599 3536 nomen

2017 3597 2125 3636 non
2159 3590 2375 3651 prepter
2403 3578 2656 3637 miracula
2698 3577 2777 3631 vel
2804 3578 2952 3648 signa
2986 3576 3208 3645 recepit,
3250 3573 3343 3630 sed
3384 3583 3603 3644 propter

2018 3672 2213 3738 zelum,
2239 3686 2583 3739 amoremque
2609 3670 2894 3724 sincerum.
2922 3668 3100 3739 Neque
3129 3667 3272 3723 enim
3301 3667 3421 3738 quia
3453 3681 3603 3720 mor-

2020 3770 2140 3816 tuos
2160 3761 2462 3824 suscitarat,
2493 3770 2582 3815 aut
2603 3761 2725 3831 quia
2752 3759 2997 3814 claudum
3024 3767 3292 3824 erexerat,
3321 3758 3397 3812 sic
3421 3756 3604 3828 appel-

2017 3852 2157 3906 latus
2183 3859 2297 3915 est;
2331 3852 2423 3905 sed
2455 3852 2576 3920 quia
2622 3851 2778 3904 fidem
2811 3864 2932 3904 cum
2971 3836 3308 3903 cdtifessione
3335 3847 3600 3902 sinceram

2017 3940 2357 4007 exhibuerat,
2408 3941 2509 3994 hoc
2556 3955 2751 3993 nomen
2806 3939 3052 3992 obtinuit.
3095 3936 3175 3990 Tu
3217 3954 3269 3991 es
3321 3935 3524 4001 Petrus,
3553 3945 3602 3990 et

1976 4032 1985 4057 λ
2015 4048 2167 4099 super
2184 4032 2315 4083 hunc
2329 4041 2517 4100 petram
2531 4028 2791 4097 wrli/icabo
2814 4028 3086 4081 Ecclesium
3103 4044 3262 4080 meum
3280 4025 3489 4097 (Matth.
3510 4027 3598 4080 16.

2018 4119 2130 4190 18).
2158 4121 2326 4186 Quam
2366 4119 2435 4174 ob
2462 4118 2723 4173 causam?
2750 4117 2863 4171 Non
2892 4117 3016 4187 quia
3040 4114 3160 4169 fecit
3200 4115 3476 4179 miracula,
3504 4115 3600 4170 sed

2016 4211 2138 4282 quia
2165 4210 2321 4275 dixit,
2343 4208 2421 4263 Tu
2448 4225 2501 4263 es
2528 4207 2755 4263 Christus
2779 4205 2944 4261 Filius
2971 4205 3065 4260 Dei
3094 4205 3211 4260 vivi.
3237 4203 3397 4260 Vides
3426 4203 3596 4275 ipsam

2016 4304 2176 4359 etiam
2209 4302 2352 4359 Petri
2393 4300 2802 4373 appellationem
2848 4314 2952 4355 non
2989 4314 3019 4352 a
3063 4297 3355 4364 miraculis,
3390 4297 3485 4353 sed
3529 4297 3599 4351 ab

2015 4395 2226 4450 ardenti
2271 4394 2387 4449 zelo
2426 4394 2634 4448 initium
2665 4389 2923 4447 duxisse?
2964 4387 3157 4444 Verum
3201 4386 3416 4458 quando
3456 4387 3599 4442 Petri

2016 4486 2116 4541 feci
2145 4488 2493 4552 mentionem,
2522 4483 2685 4538 subiit
2719 4482 2952 4536 animum
2991 4494 3168 4533 meum
3208 4477 3428 4533 alterius
3456 4476 3601 4533 Petri

2015 4578 2336 4643 recordatio,
2378 4574 2678 4631 communis
2708 4573 2870 4643 patris
2897 4582 2949 4626 et
2973 4570 3211 4627 doctoris
3228 4570 3328 4643 (a),
3357 4569 3447 4640 qui
3475 4585 3596 4625 cum

2016 4671 2092 4727 illi
2124 4672 2177 4725 in
2206 4670 2399 4725 virtute
2425 4667 2792 4732 successisset,
2817 4665 2979 4720 etiam
3012 4662 3155 4718 illius
3187 4661 3495 4718 cathedram
3515 4669 3603 4718 est

2014 4762 2258 4833 adeptus.
2304 4760 2429 4815 llzec
2463 4760 2605 4814 enim
2655 4767 2737 4813 est
2782 4772 2885 4812 una
2929 4756 3089 4811 etiaut
3129 4764 3326 4810 nostra:
3366 4752 3600 4811 civitatis

2017 4855 2363 4927 przerogativa
2392 4852 2687 4923 dignitatis,
2733 4851 2876 4922 quod
2908 4848 3200 4920 principem
3232 4846 3597 4917 apostolorum

2013 4948 2081 5003 ab
2123 4946 2275 5001 initio
2304 4945 2577 5001 doctorem
2604 4942 2892 5013 acceperit.
2920 4940 3155 5012 (Equum
3196 4940 3339 4994 enim
3378 4947 3514 5005 erat,
3542 4946 3603 4993 ut

2015 5055 2101 5105 ea,
2132 5056 2250 5110 quae
2294 5038 2511 5093 nomine
2539 5035 2966 5090 Christianorum
3007 5042 3133 5088 ante
3170 5031 3476 5087 universum
3503 5043 3595 5083 or-

2018 5131 2136 5187 bem
2175 5139 2437 5185 terrarum
2463 5137 2652 5184 ornata
2697 5125 2814 5194 fuit,
2848 5124 3079 5195 primum
3119 5120 3480 5193 apostolorum
3511 5132 3602 5187 pa-

2017 5234 2217 5280 storem
2254 5222 2540 5292 acciperet.
2571 5220 2679 5277 Sed
2705 5235 2825 5276 cum
2852 5234 2974 5274 eum
2996 5217 3271 5273 doctorem
3298 5208 3602 5279 accepisse-

2018 5330 2157 5381 mus,
2183 5330 2288 5369 non
2319 5314 2369 5369 in
2394 5324 2707 5386 perpetuum
2737 5312 3074 5372 retinuimos,
3101 5304 3195 5360 sed
3217 5301 3376 5375 regiae
3399 5298 3604 5357 civitati

2017 5407 2204 5463 linum:
2244 5407 2391 5463 illum
2427 5406 2791 5462 concessimus
2823 5421 2837 5457 :
2868 5402 2974 5456 imo
3012 5414 3142 5453 vero
3189 5396 3242 5451 in
3284 5402 3600 5466 perpetuum

2019 5498 2195 5571 ipsum
2245 5499 2598 5556 retinuimus:
2628 5510 2750 5550 nam
2794 5506 2991 5563 corpus
3047 5487 3264 5559 quidem
3305 5481 3448 5540 Petri
3494 5494 3605 5536 non

2091 5780 2166 5843 (a)
2199 5781 2475 5844 Episcopum
2509 5773 2864 5828 Antiocheam
2885 5768 3159 5820 t‘laviautuu
3175 5762 3425 5829 intelligit.
