4054 6216
428 317 495 369 87
1132 307 1190 362 S.
1230 305 1509 363 JOANNIS
1544 305 2024 363 CHRYSOSTOMI
2059 306 2380 364 ARCIIIEP.
2420 307 2954 366 CONSTANTINOP.
3630 314 3698 369 88

420 428 738 495 retinemus,
768 426 865 483 sed
900 425 1042 480 Petri
1066 423 1222 478 ﬁdem
1253 432 1524 493 tamquam
1552 422 1769 478 Petrum
1801 422 2002 477 retine-

420 535 541 575 mus
571 536 585 573 :
616 533 775 589 porro
817 516 943 572 dum
976 514 1118 570 Petri
1148 513 1304 569 ﬁdem
1340 513 1655 579 retinemus,
1688 512 1862 583 ipsum
1906 511 2005 567 Pe-

426 626 563 664 tt'ttttl
600 609 878 663 habemus.
906 607 980 662 lta
1008 622 1130 660 cum
1164 605 1489 659 imitatorem
1523 604 1666 658 illius
1696 617 2003 667 cernamus,

423 701 592 768 ipsum
615 714 836 754 cernere
856 697 1102 753 videmur
1128 714 1141 751 :
1170 696 1432 768 siquidem
1466 695 1729 751 Joannem
1759 692 2006 749 Christus

424 790 627 844 Heliam
653 789 959 860 appellavit,
982 804 1093 843 non
1115 788 1255 861 quod
1281 786 1455 842 llelias
1476 796 1618 842 esset
1636 786 1888 853 Joannes,
1913 784 2007 840 sed

422 881 566 950 quod
597 881 650 936 in
681 880 871 951 spiritu
899 880 1064 935 Heliae
1089 895 1151 934 ac
1172 880 1366 935 virtute
1392 878 1644 933 venisset.
1678 877 1828 933 Sicut
1850 878 2010 947 igitur

420 971 673 1037 Joannes,
707 972 957 1041 quoniam
1004 970 1055 1023 in
1085 970 1279 1040 spiritu
1329 969 1492 1025 Heliae
1534 984 1597 1024 ac
1631 968 1823 1023 virtute
1849 983 2011 1022 vene-

424 1070 526 1120 rat.
571 1060 748 1116 llelias
783 1060 1103 1116 dicebatur:
1139 1060 1210 1114 ita
1253 1059 1340 1113 hic
1376 1074 1609 1128 quoque,
1656 1058 1905 1128 quoniam
1952 1057 2007 1110 iu

423 1151 767 1207 confessione
790 1166 853 1206 ac
884 1152 988 1207 ﬁde
1012 1151 1155 1207 Petri
1183 1150 1418 1216 advenit,
1452 1150 1643 1204 merito
1674 1150 1813 1204 illius
1850 1148 2010 1203 etiam

425 1243 785 1310 appellatione
809 1242 1109 1296 donabitur.
1154 1240 1288 1295 Nam
1316 1240 1737 1295 conversationis
1762 1239 2011 1309 cognatio

426 1334 701 1387 noutinum
729 1333 888 1388 etiam
925 1333 1356 1388 communionem
1397 1332 1556 1402 parit.
1578 1330 1809 1385 Oremus
1834 1338 2011 1384 autem

424 1440 633 1487 omnes.
664 1433 724 1479 ut
761 1424 828 1478 ad
855 1432 1185 1479 senectutem
1226 1423 1387 1479 etiam
1418 1422 1561 1478 Petri
1590 1422 1860 1492 perveniat
1891 1438 1905 1475 :
1937 1421 2014 1476 si-

2114 421 2330 492 quidem
2355 424 2633 495 apostolus
2665 424 2774 493 jam
2808 440 2973 480 senex
3001 423 3161 479 vitam
3188 423 3378 480 ﬂnivit.
3416 422 3544 479 Cum
3569 431 3700 480 enim

2110 516 2356 580 tenueris,
2386 515 2576 585 inquit,
2606 525 2724 568 tunc
2754 515 2955 587 cingent
2991 526 3057 580 te,
3088 525 3136 571 et
3165 515 3350 570 ducent
3381 532 3480 585 quo
3508 526 3565 570 tu
3598 535 3699 572 non

2111 607 2183 662 vis
2215 605 2393 678 (Joan.
2420 607 2514 674 2!,
2550 607 2658 677 18).
2702 607 2997 663 Precemur
3040 616 3217 664 autem
3244 617 3299 662 et
3330 607 3463 663 huic.
3488 608 3702 679 longam

2113 698 2235 751 vita:
2260 698 2726 753 conversationem
2756 716 2770 753 :
2803 698 2849 755 si
2879 699 3018 753 enim
3047 700 3371 770 producatur
3389 699 3507 769 ejus
3538 714 3700 756 sene-

2113 799 2253 856 ctus,
2286 790 2504 857 efﬁciet,
2538 801 2595 845 ut
2615 793 2786 862 magis
2805 802 2990 862 vegeta
3021 792 3089 846 sit
3113 801 3168 847 et
3204 791 3379 847 vivida
3409 792 3701 861 spiritualis

2109 883 2366 953 juventus
2417 893 2600 939 nostra
2629 901 2642 936 :
2670 899 2831 954 quam
2883 883 3084 937 utinam
3131 891 3291 939 aetate
3319 882 3601 940 ﬂorentem
3639 900 3704 941 ac

2114 976 2348 1032 vividam
2370 991 2467 1031 nos
2488 986 2746 1046 perpetuo
2769 992 3091 1032 conservare
3116 977 3389 1046 contingat
3408 992 3530 1031 cum
3558 976 3704 1031 illius

2119 1068 2391 1139 precibus.
2442 1077 2499 1123 et
2536 1067 2693 1137 hujus
2738 1067 2902 1132 Petri,
2933 1075 3042 1121 lum
3072 1067 3244 1137 gratia
3289 1077 3345 1123 et
3376 1066 3704 1137 benignitate

2120 1158 2331 1214 Domini
2377 1158 2544 1212 nostri
2576 1157 2705 1215 Jesu
2735 1156 2957 1222 Christi,
2989 1158 3073 1212 cui
3110 1157 3281 1227 gloria
3326 1166 3383 1212 et
3416 1157 3701 1228 imperium

2120 1265 2222 1303 una
2243 1264 2363 1303 cum
2387 1249 2589 1316 Spiritu
2620 1257 2829 1314 sancto,
2851 1263 2994 1303 nunc
3015 1256 3069 1302 et
3093 1262 3326 1319 semper,
3350 1256 3406 1303 et
3431 1246 3485 1303 in
3509 1246 3707 1303 sarcula

2119 1336 2459 1395 siliculorum.
2490 1341 2684 1397 Amen.

426 1806 597 1857 QUOD
643 1808 847 1851 UTILIS
897 1809 995 1852 SIT
1037 1810 1262 1853 LECTIO
1305 1810 1642 1853 εΑοιιΑιιυΜ
1685 1809 2014 1853 εοιιιντυιυ

2122 1810 2200 1864 Μ,
2231 1809 2313 1852 ET
2356 1808 2525 1862 QUOD
2568 1810 2922 1854 SERVITUTE
2965 1810 3048 1853 ΕΤ
3073 1810 3468 1856 INCOMMODIS
3500 1811 3709 1856 OMNI-

507 1907 621 1949 BUS
648 1908 1208 1952 INEXPUGNABILEM
1242 1910 1497 1952 REDDAT
1540 1910 1699 1964 EUM,
1744 1909 1853 1962 QUI
1898 1909 2134 1952 FUEBIT
2177 1910 2273 1953 EIS
2315 1910 2626 1953 INTENTUS

2675 1912 2691 1952 ε
2738 1911 2819 1955 ΕΤ
2859 1910 3031 1964 QUOD
3072 1911 3531 1958 ΛΡοετοιοιιωι
3584 1916 3712 1959 κο-

507 2008 637 2049 MEN
682 2009 1035 2053 MULTARUM
1078 2010 1474 2053 DIGNITATUM
1518 2011 1616 2053 SIT
1646 2010 1888 2062 NOMEN,
1922 2011 2003 2053 ET
2036 2009 2207 2063 QUOD
2249 2010 2564 2053 BITERNIS
2610 2010 3142 2067 MAGISTRATIBUS,
3189 2012 3470 2067 IPSISQUB
3542 2016 3710 2058 Αυιςο

512 2108 775 2151 REGIBUS
810 2110 1025 2153 κω.Το
1070 2109 1371 2153 MAJOBEM
1433 2110 1731 2153 HABBANT
1774 2110 2014 2154 POTEST.

2122 2111 2185 2153 il
2229 2110 2310 2152 ΕΤ
2356 2109 2847 2154 AUCTORITATEM
2890 2110 3193 2159 Λιιοετοιι

508 2210 591 2252 an
636 2211 843 2253 aurea
887 2210 1270 2254 nnnza‘ros
1318 2191 1429 2273 (a).

3240 2114 3257 2153 :
3304 2113 3384 2156 ετ
3427 2114 3491 2156 ιη
3534 2114 3712 2170 rma,

1813 2408 2334 2474 «meum-

501 2615 550 2669 l.
594 2614 844 2669 Alucritas
905 2615 1196 2669 auditorum
1241 2612 1469 2667 laudata.
1533 2610 1818 2680 Scriptura:
1865 2610 2012 2663 lectio

426 2722 543 2758 cum
596 2718 742 2770 prato
786 2704 992 2760 collata.
1020 2703 1246 2760 -Cum
1295 2712 1586 2774 egestatem
1646 2701 1841 2755 tuentis
1880 2716 2014 2755 mea:

425 2796 729 2861 COtlSitlL‘l'O,
761 2805 944 2866 torpeo
984 2806 1039 2851 et
1088 2795 1333 2865 refugio,
1380 2793 1447 2848 ad
1480 2792 1783 2848 habendum
1830 2806 2011 2846 coram

430 2897 577 2941 tanto
599 2890 795 2959 popqu
824 2903 1129 2943 sermonem
1159 2888 1411 2942 invitatus
1444 2904 1457 2940 :
1487 2901 1609 2942 cum
1639 2894 1817 2940 autem
1848 2883 2014 2938 animi

429 2981 592 3034 vestri
620 2981 950 3037 alacritatem
987 2981 1237 3050 respicio,
1281 2980 1360 3035 sic
1394 2989 1450 3033 ut
1477 2979 1682 3035 nullum
1720 2994 1816 3033 vos
1842 2978 2016 3049 capiat

430 3088 681 3141 umquam
726 3072 976 3128 audiendi
1030 3072 1341 3140 fastidium,
1401 3072 1648 3128 ﬁduciam
1694 3086 1911 3128 resumo
1961 3079 2016 3127 et

431 3166 657 3232 excitur,
690 3182 754 3222 ac
787 3178 1034 3238 prompto
1075 3169 1255 3224 animo
1293 3166 1358 3223 ad
1380 3167 1637 3223 doctrinm
1668 3166 1898 3221 stadium
1930 3181 2017 3222 me

430 3260 675 3329 accingo.
708 3259 946 3315 Possetis
979 3261 1121 3315 enim
1151 3276 1267 3324 vos,
1298 3260 1342 3314 si
1370 3259 1452 3314 vel
1496 3260 1547 3313 in
1576 3259 1806 3313 animam
1835 3259 2016 3313 incur-

430 3352 639 3408 rissetis
666 3353 949 3424 lapideam,
991 3352 1090 3407 hac
1123 3364 1293 3409 vestra
1342 3352 1590 3407 audiendi
1628 3351 1917 3422 cupiditate
1952 3366 2017 3405 ac

430 3446 608 3500 studio
661 3461 833 3514 penna
886 3446 1081 3515 quavis
1128 3445 1385 3499 leviorem
1442 3444 1584 3498 illam
1641 3442 1890 3497 reddere.
1950 3443 2019 3497 Et

429 3534 876 3604 quemadmodum
900 3551 1019 3605 qua:
1050 3536 1102 3589 in
1146 3536 1379 3589 latibulis
1402 3535 1651 3589 animalia
1691 3535 2017 3591 delitescunt

432 3639 494 3677 ac
514 3623 687 3679 media
718 3624 908 3694 hyeme
934 3641 993 3678 se
1014 3625 1151 3679 intra
1173 3640 1333 3692 rupes
1358 3624 1712 3689 abscondunt,
1743 3625 1830 3679 ubi
1857 3634 2015 3678 :esta-

435 3724 543 3769 tem
573 3713 805 3769 viderint
827 3730 1110 3786 apparere,
1142 3716 1358 3772 latibula
1389 3716 1670 3783 deserunt,
1701 3725 1897 3772 etcum
1928 3731 2018 3771 re-

435 3806 590 3876 liquis
619 3806 979 3863 animantibus
1004 3818 1417 3881 congregantur,
1458 3824 1522 3864 ac
1547 3809 1705 3864 simul
1736 3809 2014 3864 nobiscum

431 3898 699 3953 exsultant
740 3900 865 3954 :sic
913 3910 969 3954 et
1010 3901 1220 3955 animus
1261 3913 1460 3965 noster,
1504 3901 1593 3972 qui
1643 3910 1910 3972 tamquam
1962 3900 2016 3955 in

436 3989 715 4045 latibulum
745 3992 1013 4063 quoddam
1046 3993 1425 4048 imbecillitatis
1460 3994 1801 4049 conscientim
1829 4009 1888 4049 se
1918 3994 2016 4047 ab—

433 4079 612 4149 debat,
654 4098 773 4138 cum
802 4092 998 4140 vestrae
1025 4083 1261 4138 caritatis
1302 4083 1623 4140 desiderium
1656 4084 1909 4151 intuetur,
1944 4086 2017 4138 la-

436 4172 660 4228 tibulum
687 4173 906 4240 deserit,
932 4186 987 4231 et
1015 4176 1287 4231 vobiscum
1325 4186 1694 4247 congregatur,
1738 4184 1793 4232 et
1836 4177 1886 4231 in
1920 4176 2020 4232 hoc

435 4264 696 4333 spirituali
751 4264 1039 4335 divinaque
1094 4274 1265 4335 prato,
1328 4266 1380 4321 in
1434 4267 1679 4335 paradiso
1731 4267 2019 4339 Scriptura:

437 4355 705 4421 prmclaris
731 4356 1124 4427 Scripturarum
1164 4356 1389 4411 saltibus
1415 4358 1571 4411 simul
1602 4358 1877 4412 vobiscum
1925 4375 2021 4414 cx-

434 4446 619 4502 sultat.
660 4447 756 4502 Est
799 4450 941 4503 enim
990 4449 1265 4518 Spirituale
1316 4459 1544 4518 pratum,
1598 4466 1661 4505 ac
1709 4450 2016 4506 deliciarum

438 4539 714 4606 paradisus
742 4554 1013 4594 sacrarum
1042 4540 1197 4595 lectio
1218 4540 1628 4610 Scripturarum,
1660 4550 1714 4595 et
1742 4541 2018 4610 paradisus

435 4629 743 4683 deliciarum
788 4633 956 4685 multo
984 4632 1075 4685 illo
1102 4633 1291 4687 melior
1320 4633 1586 4703 paradiso.
1634 4633 1785 4688 Hunc
1812 4635 2020 4704 paradi-

436 4735 551 4771 sum
584 4736 690 4773 non
723 4722 773 4774 in
806 4730 970 4786 terra,
995 4723 1087 4777 sed
1119 4724 1169 4777 in
1200 4724 1431 4779 ﬁdelium
1459 4724 1740 4780 animabus
1764 4726 2021 4794 plantavit

440 4810 580 4865 Deus
612 4829 625 4865 :
658 4813 799 4866 hunc
830 4812 1130 4882 paradisum
1171 4830 1277 4869 non
1322 4816 1371 4869 in
1396 4816 1583 4880 Edem,
1614 4832 1710 4872 nec
1741 4816 1806 4870 ad
1838 4817 2017 4871 orien-

439 4912 544 4956 tem
573 4918 678 4956 uno
707 4903 1166 4975 circumscriptum
1196 4906 1315 4962 loco
1345 4907 1542 4976 posuit,
1566 4908 1659 4962 sed
1692 4908 1884 4977 ubique
1914 4917 2021 4963 ter-

438 5010 614 5050 rarum
642 4996 912 5064 expandit,
947 5007 1002 5051 et
1032 4998 1082 5051 in
1125 4997 1257 5053 ﬁnes
1296 4998 1442 5052 orbis
1464 5008 1729 5053 terrarum
1758 4999 2015 5054 extendit.

436 5088 609 5155 Atque
636 5095 694 5140 ut
720 5086 985 5158 intelligas
1011 5088 1062 5141 in
1087 5088 1395 5143 universum
1421 5089 1605 5145 orbem
1629 5098 1891 5145 terrarum
1919 5104 2015 5145 ex-

442 5193 636 5245 pansas
674 5193 794 5234 esse
838 5177 1161 5248 Scripturas,
1208 5180 1330 5233 audi
1366 5180 1676 5251 prophetam
1706 5181 1968 5235 dicentem
1999 5197 2014 5234 :

435 5278 499 5326 In
527 5287 727 5324 omnem
753 5282 938 5324 terram
965 5272 1113 5325 cxiuit
1157 5288 1311 5326 sonus
1341 5287 1535 5335 eorum,
1578 5283 1624 5326 et
1649 5273 1701 5325 in
1730 5273 1854 5341 ﬁnes
1884 5271 2017 5326 orbis

434 5373 581 5417 (eme
606 5360 751 5415 verba
773 5379 943 5416 eorum
971 5360 1139 5434 (Psal.
1160 5363 1247 5418 18.
1278 5363 1331 5418 5.
1355 5362 1505 5418 Rom.
1539 5363 1626 5421 10.
1663 5363 1772 5433 18).
1802 5362 1925 5418 Sive
1949 5362 2014 5417 ad

437 5450 592 5506 Indus
638 5461 692 5508 te
725 5452 992 5519 conferas,
1037 5470 1171 5524 quos
1208 5455 1389 5510 oriens
1417 5454 1617 5525 primos
1659 5454 1739 5509 sol
1780 5454 2014 5525 respicit,

433 5547 547 5600 sive
573 5545 639 5601 ad
671 5562 927 5603 oceanum
952 5556 1001 5603 te
1021 5547 1285 5614 conferas,
1310 5548 1421 5603 sive
1448 5547 1514 5603 ad
1538 5546 1869 5602 Britannicas
1899 5546 2016 5601 illas

497 5675 574 5758 is!
602 5677 781 5758 Seis}?
798 5693 912 5758 sum
934 5688 1030 5758 te;
1046 5679 1255 5758 ??ihftl-
1280 5680 1421 5741 3°58»
1461 5680 1543 5729 ubi
1577 5692 1749 5744 ωδεω
1787 5692 1899 5743 Pars
1928 5677 2014 5731 ιιο-

433 5742 575 5791 mune
600 5742 649 5790 iu
673 5742 905 5806 principio
926 5742 1251 5793 desideratur.

2124 2606 2346 2669 insulas,
2393 2604 2506 2660 sive
2546 2606 2597 2661 in
2648 2607 2909 2664 Euxinum
2944 2618 3162 2679 pontum
3206 2612 3442 2682 naviges,
3481 2613 3593 2667 sive
3634 2612 3705 2667 ad

2121 2699 2380 2752 australes
2421 2709 2598 2769 partes
2645 2699 2825 2765 abeas,
2869 2717 3057 2757 omnes
3096 2702 3288 2774 ubique
3326 2704 3508 2760 audies
3537 2706 3603 2759 de
3641 2706 3712 2760 iis

2120 2805 2240 2859 qua:
2285 2788 2336 2844 in
2378 2790 2649 2860 Scriptura
2692 2804 2816 2846 sunt
2857 2792 3315 2863 philosoiuhantes,
3352 2795 3454 2850 alia
3490 2796 3703 2866 quidem

2122 2898 2277 2943 voce.
2301 2883 2394 2937 sed
2432 2900 2539 2938 non
2559 2884 2659 2937 alia
2683 2883 2807 2949 ﬁde.
2835 2900 2897 2939 ac
2928 2886 3102 2957 lingua
3128 2886 3341 2957 quidem
3366 2888 3596 2957 diversa,
3615 2888 3715 2945 sed

2122 2984 2301 3029 tuente
2337 2990 2590 3029 consona.
2628 2974 2759 3030 Nam
2792 2976 2983 3047 lingute
3011 2978 3224 3047 quidem
3266 2994 3400 3033 sono
3440 2979 3712 3047 diﬂ'erunt,

2120 3067 2393 3139 religionis
2416 3077 2592 3121 autem
2626 3068 2785 3122 modo
2802 3085 2905 3123 non
2934 3068 3185 3124 diﬂ'erunl.
3206 3079 3285 3125 :et
3303 3071 3478 3141 lingua
3497 3071 3715 3142 quidem

2122 3158 2347 3214 barbare
2376 3158 2677 3229 loquuntur,
2711 3159 2805 3215 sed
2833 3160 2993 3214 animi
3035 3175 3192 3214 sensu
3224 3160 3664 3231 philosOphantur
3696 3180 3717 3218 :

2122 3250 2455 3306 solmeismos
2479 3250 2675 3306 faciunt
2694 3266 2846 3315 sono,
2870 3252 2962 3306 sed
2988 3252 3233 3322 pietatem
3253 3252 3487 3308 moribus
3511 3254 3717 3310 colunt.

2194 3339 2435 3394 Paradisi
2464 3342 2677 3410 ﬂumina
2708 3358 2839 3411 quw.
2871 3342 2997 3395 Cum
3041 3346 3179 3414 [ante
3223 3354 3546 3411 comparatur
3574 3344 3716 3399 Scri-

2123 3446 2293 3505 ptura.
2317 3464 2386 3475 -——
2410 3433 2570 3489 Vides
2607 3434 3006 3501 amplitudinem
3050 3435 3274 3503 paradisi
3304 3436 3369 3489 ad
3411 3437 3541 3491 lines
3568 3437 3719 3492 orbis

2122 3534 2383 3579 terrarum
2414 3526 2661 3581 extensi?
2706 3527 2799 3580 llic
2846 3542 3067 3596 serpens
3114 3542 3216 3583 non
3259 3537 3361 3594 est,
3400 3528 3547 3583 locus
3575 3540 3717 3584 esta

2122 3617 2247 3673 feris
2275 3618 2548 3685 immunis,
2574 3634 2637 3673 ac
2666 3617 2892 3688 Spiritus
2917 3620 3083 3675 sancti
3113 3619 3277 3689 gratia
3317 3620 3569 3674 munitur.
3602 3618 3713 3675 Ha-

2124 3711 2213 3765 bet
2255 3720 2308 3766 et
2356 3710 2552 3766 fontem
2601 3711 2687 3765 hic
2730 3711 3037 3781 paradisus,
3093 3710 3539 3782 quemadmodum
3586 3711 3713 3777 ille,

2122 3802 2323 3859 fontem
2372 3819 2436 3860 ex
2485 3819 2590 3873 quo
2639 3803 2914 3858 innumera
2974 3813 3263 3859 nascuntur
3312 3802 3548 3867 ﬂumina,
3602 3818 3713 3858 non

2127 3904 2356 3963 quatuor
2383 3902 2607 3947 tantum.
2641 3893 2755 3948 Non
2781 3895 2922 3949 enim
2950 3893 3199 3964 Trigrim,
3233 3910 3333 3949 nec
3364 3894 3709 3965 Euphratem,

2123 4000 2221 4040 nec
2266 3984 2574 4057 Egyptium
2617 3985 2815 4051 Nilum,
2866 4002 2963 4041 nec
3005 3985 3187 4041 Indum
3217 3986 3476 4057 Gangem,
3503 3987 3594 4042 sed
3626 3989 3708 4041 in-

2125 4093 2377 4131 mnncros
2426 4077 2543 4131 fons
2591 4078 2687 4130 iste
2735 4076 2923 4132 ﬂuvios
2965 4077 3204 4133 effundit.
3252 4078 3382 4145 Quis
3420 4079 3522 4134 hoc
3546 4078 3712 4133 dicit?

2126 4167 2264 4222 Deus
2304 4167 2436 4237 ipse,
2479 4168 2567 4237 qui
2612 4167 2801 4223 ﬂuvios
2837 4168 2990 4224 nobis
3036 4170 3165 4224 istos
3213 4169 3430 4239 largitus
3454 4180 3534 4225 est
3563 4187 3576 4222 :
3610 4169 3715 4235 Qui

2123 4262 2253 4312 enim
2276 4259 2431 4313 credit
2459 4260 2511 4312 in
2538 4276 2635 4321 me,
2670 4259 2859 4330 inquit,
2887 4261 3017 4313 sicut
3036 4260 3165 4314 dixit
3183 4261 3470 4330 Scriptura.
3498 4262 3712 4330 ﬂumina

2122 4350 2186 4404 de
2213 4360 2379 4404 ventre
2422 4353 2531 4421 eius
2575 4350 2736 4420 [luent
2781 4367 2926 4420 aqua:
2951 4352 3072 4405 viva:
3112 4349 3288 4421 (Joan.
3322 4352 3373 4405 7.
3407 4351 3519 4420 58).
3551 4351 3713 4407 Vides

2124 4456 2180 4497 ut
2222 4459 2326 4496 non
2370 4453 2597 4513 quatuor
2643 4442 2880 4507 ﬂumina,
2929 4442 3023 4497 sed
3069 4442 3271 4497 inﬁnita
3319 4443 3386 4498 ab
3434 4444 3522 4498 ilio
3565 4442 3711 4499 fonte

2124 4533 2424 4605 proﬂuunt?
2450 4533 2633 4605 Neque
2664 4550 2790 4590 vero
2818 4533 3153 4589 multitudine
3176 4542 3398 4600 tantum,
3430 4534 3522 4590 sed
3548 4535 3708 4589 etiam

2125 4638 2310 4682 natura
2360 4627 2477 4681 fons
2522 4636 2605 4682 est
2645 4627 2902 4682 mirabilis
2930 4644 2942 4679 :
2973 4642 3145 4698 neque
3167 4626 3309 4682 enim
3335 4642 3487 4696 aquae
3514 4627 3709 4682 ﬂuenta

2121 4727 2264 4782 sunt,
2306 4716 2400 4771 sed
2448 4716 2679 4787 Spiritus
2720 4716 2877 4770 dona.
2910 4716 3053 4771 Fons
3095 4716 3194 4771 iste
3226 4717 3276 4771 in
3314 4717 3548 4788 singulas
3576 4716 3710 4772 ﬁde-

2125 4808 2251 4861 lium
2301 4818 2508 4863 mentes
2553 4807 2822 4874 dividitur,
2869 4817 2923 4862 et
2971 4824 3076 4863 non
3107 4808 3404 4862 minuitur:
3434 4806 3706 4872 dividitur,

2121 4909 2170 4955 et
2204 4916 2309 4955 non
2350 4900 2723 4953 consumitur:
2754 4899 3084 4969 dispertitur,
3133 4907 3188 4955 et
3235 4900 3410 4954 minor
3452 4914 3557 4954 non
3606 4898 3702 4960 ﬁt;

2122 4993 2261 5064 apud
2307 5008 2494 5047 omnes
2538 4992 2761 5062 integer,
2812 5001 2867 5048 et
2916 4994 2966 5047 in
3015 4992 3237 5063 singulis
3284 4993 3506 5063 integer.
3558 4992 3704 5047 Talia

2121 5098 2349 5153 namque
2368 5082 2737 5152 suntSpiritus
2755 5082 2917 5137 dona.
2945 5083 3033 5137 Vis
3054 5093 3110 5137 tu
3139 5084 3455 5138 ﬂuentorum
3486 5082 3705 5137 istorum

2123 5175 2420 5231 ubertatem
2448 5173 2810 5244 cognoscere?
2836 5174 2915 5228 vis
2940 5189 3198 5244 aquarum
3231 5184 3475 5228 naturam
3504 5187 3707 5242 cogno-

2120 5268 2436 5337 scere?quo
2467 5274 2623 5335 pacto
2652 5266 2733 5320 his
2774 5280 2878 5320 non
2921 5265 3141 5331 similes,
3186 5265 3280 5320 sed
3328 5264 3410 5320 his
3458 5264 3709 5319 meliores

2120 5371 2243 5417 sunt
2285 5370 2340 5416 ct
2383 5359 2772 5415 mirabiliores?
2819 5358 2955 5413 Audi
3004 5374 3187 5413 rursus
3226 5358 3495 5413 Christum
3535 5357 3705 5425 ipsum

2119 5454 2467 5508 Samaritana:
2496 5451 2785 5517 dicentem,
2819 5458 2876 5504 ut
2902 5450 3196 5505 ubertatem
3234 5448 3397 5504 fontis
3425 5461 3704 5518 agnoscas.

2120 5544 2285 5612 Aqua,
2316 5562 2467 5613 quam
2515 5559 2605 5614 ego
2649 5542 2799 5608 dabo,
2853 5542 3025 5612 inquit
3074 5540 3239 5607 ﬁdeli,
3271 5541 3356 5610 ﬁet
3382 5541 3434 5593 in
3482 5555 3542 5594 eo
3590 5542 3707 5608 [ous

2119 5652 2266 5705 aqua:
2303 5635 2527 5689 salientis
2564 5636 2618 5688 in
2660 5635 2813 5687 vitam
2858 5643 3096 5687 cateruam
3142 5630 3320 5705 (Joan.
3362 5633 3416 5686 ι.
3446 5630 3557 5699 16).
3587 5628 3702 5686 Non

2120 5727 2272 5794 dixit,
2322 5727 2586 5796 exeuntis,
2620 5742 2723 5782 nou
2747 5722 2906 5791 dixit,
2939 5723 3141 5788 effusae,
3170 5722 3287 5788 sed,
3314 5721 3576 5787 Salienus,
3612 5732 3705 5789 per
