4054 6216
329 321 404 379 89
949 321 1037 381 DE
1077 323 1323 382 UTILIT.
1364 326 1720 385 LECTIONIS
1756 327 2310 388 SCRIPTURARUII.
2355 325 2424 385 IN
2453 326 2739 386 PRINClP.
2779 324 3232 384 ACTORUMJII.
3555 328 3624 387 90

333 435 507 494 saltus
545 432 928 491 abundantiam
969 436 1125 494 nobis
1167 439 1494 509 exprimens.
1539 439 1650 496 illa:
1699 441 1932 497 fontana:

343 527 524 583 solent
549 541 700 597 aqua:
729 524 998 597 prosilire,
1028 539 1188 600 atque
1207 528 1441 600 undique
1473 546 1774 603 erumpere,
1803 547 1936 603 quas

339 618 622 674 continere
651 618 771 673 sinu
800 616 978 674 fontes
1000 630 1292 690 nequeunt,
1315 622 1410 677 sed
1431 622 1620 678 ﬂuctus
1640 623 1934 694 frequentia

344 713 470 767 victi
503 711 738 783 undique
762 711 880 767 illas
907 714 1260 769 scaturientes
1283 713 1580 770 effundunt.
1607 715 1742 771 Cum
1775 716 1935 786 igitur

339 805 556 861 laticmn
602 806 812 878 copiam
857 807 1020 863 vellet
1060 807 1316 873 indicare,
1362 809 1604 866 Salienus
1643 809 1792 875 dixit,
1828 826 1930 867 nov

337 899 608 953 exeuntis.
677 897 770 953 Vis
841 899 1000 955 etiam
1075 908 1319 955 naturam
1384 901 1500 971 ejus
1574 903 1934 972 cognoscere"

338 989 420 1045 Ex
476 1005 576 1045 usu
623 1005 908 1061 cognosce.
950 990 1064 1046 Non
1100 993 1240 1046 enim
1287 993 1350 1046 ad
1393 996 1551 1048 vitam
1591 1007 1929 1065 praesentem,

337 1081 434 1136 sed
483 1081 549 1136 ad
602 1082 766 1136 vitam
818 1092 1071 1138 maternam
1135 1092 1218 1138 est
1280 1085 1442 1138 utilis.
1493 1086 1547 1140 In
1613 1086 1715 1142 hoc
1776 1087 1934 1157 igitur

338 1173 589 1244 paradiso
632 1189 909 1229 versemur
953 1193 968 1229 :
1029 1176 1360 1231 assideamus
1422 1176 1590 1240 fonti,
1660 1194 1728 1234 ne
1778 1179 1932 1234 nobis

339 1264 551 1320 accidat
615 1265 665 1319 id
737 1265 876 1335 quod
958 1265 1163 1320 Adamo
1229 1267 1466 1331 accidit,
1553 1277 1607 1323 et
1687 1270 1931 1338 paradiso

341 1356 693 1412 excidamus:
727 1372 793 1411 ne
840 1357 1194 1426 perniciosum
1243 1359 1520 1413 consilium
1565 1361 1926 1426 admittamus,

341 1462 411 1502 ne
453 1447 650 1502 diaboli
689 1446 929 1502 fraudem
976 1450 1324 1518 suscipiamus
1355 1467 1370 1503 :
1402 1467 1709 1506 maneamus
1738 1453 1880 1507 intus
1912 1471 1926 1508 :

340 1539 539 1609 quippe
587 1539 750 1593 multa
797 1539 920 1595 inde
965 1541 1220 1595 securitas
1252 1559 1264 1595 :
1299 1543 1352 1597 in
1384 1543 1610 1599 lectione
1643 1545 1930 1614 Scriptnrte

342 1629 495 1682 istius
541 1645 966 1698 permaneamus.
1019 1630 1086 1686 Ut
1131 1632 1273 1687 enim
1306 1633 1357 1696 ii,
1393 1635 1480 1703 qui
1512 1633 1640 1688 fonti
1671 1637 1926 1701 assident,

339 1727 394 1773 et
441 1733 567 1773 aura
618 1719 702 1774 illa
736 1721 998 1786 fruuntur,
1031 1732 1086 1777 et
1110 1735 1242 1777 aestu
1287 1724 1566 1794 ingruente
1603 1727 1787 1780 faciem
1820 1729 1928 1783 fre-

341 1819 570 1879 quenter
616 1810 957 1882 itnmergunt,
1006 1813 1251 1868 laticibus
1296 1816 1538 1870 testivum
1566 1818 1800 1873 calorem
1830 1819 1925 1873 de-

343 1899 566 1967 pellunt,
601 1909 654 1954 et
680 1901 816 1969 sitis,
846 1918 948 1973 qua
977 1914 1253 1970 vexantur,
1286 1905 1426 1959 malo
1470 1908 1771 1971 medentur,
1802 1908 1927 1963 dum

342 1989 448 2042 illis
473 1988 540 2044 de
567 1992 863 2062 propinquo
903 1993 1048 2049 fonte
1077 1995 1369 2050 remedium
1401 2002 1635 2067 suppetit
1667 2015 1682 2052 :
1722 2000 1800 2054 sic
1838 2000 1927 2070 qui

341 2095 613 2137 sacrarum
646 2084 775 2139 fonti
824 2085 1218 2156 Scripturarum
1278 2089 1512 2157 assidet,
1564 2091 1689 2146 licet
1715 2089 1928 2152 nefarizr

344 2172 576 2230 libidinis
605 2173 817 2231 ﬂamma
840 2177 1063 2232 cruciari
1107 2193 1166 2232 se
1193 2180 1418 2244 sentiat,
1447 2195 1567 2236 cum
1594 2181 1826 2237 animam
1854 2182 1932 2236 la-

342 2265 533 2321 ticibus
581 2267 686 2322 illis
711 2267 1024 2338 perfuderit,
1051 2269 1205 2326 facile
1233 2271 1500 2327 ﬂammam
1529 2276 1738 2344 repellit
1766 2293 1779 2329 :
1817 2275 1930 2330 sive

338 2357 543 2411 fervida
585 2357 797 2412 infestet
841 2358 1132 2425 iracundia,
1162 2377 1281 2428 qua:
1320 2370 1586 2434 tamquam
1615 2380 1928 2420 succensum

338 2446 574 2502 lebetem
612 2463 706 2504 cor
748 2449 1064 2518 inflammat,
1106 2452 1151 2507 si
1181 2454 1450 2509 modicum
1496 2471 1648 2527 aqua:
1688 2459 1926 2525 instillet,

333 2537 627 2594 confestim
687 2542 778 2594 ira:
831 2540 1282 2612 importunitatem
1335 2557 1641 2615 compescet
1695 2565 1709 2601 :
1761 2558 1816 2604 et
1863 2566 1928 2604 ex

335 2629 592 2683 omnibus
638 2631 812 2699 pravis
859 2633 1266 2702 cogitationibus
1293 2637 1523 2690 animam
1569 2646 1832 2708 tamquam
1861 2654 1929 2695 ex

339 2719 517 2774 media
561 2720 770 2774 flamma
814 2723 1006 2793 eripiet
1034 2738 1303 2781 sacrarum
1333 2726 1490 2782 lectio
1513 2727 1925 2799 Scripturarum.

411 2810 470 2864 2.
509 2810 679 2878 Quam
727 2812 797 2867 ob
839 2828 1055 2870 causam
1103 2818 1261 2871 etiam
1309 2834 1532 2889 magnus
1558 2820 1646 2876 ille
1673 2821 1929 2891 propheta

342 2900 530 2968 David,
556 2916 676 2957 cum
699 2903 861 2972 probe
886 2906 1064 2972 sciret,
1089 2919 1284 2979 quanta
1311 2926 1372 2965 ex
1396 2911 1623 2968 lectione
1643 2914 1930 2984 Scriptura:

343 3001 526 3046 manet
571 2993 790 3056 utilitas.
833 3009 954 3050 eum
984 2998 1074 3067 qui
1113 2999 1400 3069 Scripturis
1446 3013 1702 3073 perpetuo
1747 3005 1818 3060 sit
1843 3006 1928 3061 in-

343 3090 543 3148 tentus,
571 3091 624 3137 et
653 3098 835 3138 earum
861 3087 1126 3158 colloquio
1166 3089 1394 3156 fruatur,
1425 3108 1544 3149 cum
1577 3096 1754 3165 planta
1778 3111 1929 3151 com-

342 3182 496 3240 parat
517 3188 635 3242 qute
679 3189 892 3245 semper
932 3178 1134 3245 ﬂoreat,
1179 3181 1330 3250 juxta
1358 3183 1500 3238 rivos
1523 3201 1777 3256 aquarum
1806 3188 1924 3253 sita,

340 3260 470 3316 dum
501 3263 570 3318 ita
599 3263 834 3335 loquitur
863 3284 877 3321 :
906 3267 1094 3324 Beatus
1125 3273 1219 3337 vir,
1246 3274 1334 3342 qui
1359 3290 1458 3328 non
1484 3276 1606 3329 abiit
1642 3277 1693 3331 in
1720 3277 1930 3332 consilio

340 3353 634 3423 impiorum,
663 3366 708 3409 et
733 3358 784 3411 in
808 3359 891 3412 via
921 3373 1238 3430 peccatorum
1267 3382 1367 3418 non
1395 3369 1546 3432 stetit,
1588 3378 1635 3423 et
1675 3370 1726 3423 in
1752 3371 1928 3426 cathe-

340 3443 440 3498 dra
462 3449 758 3515 pestilentia:
793 3467 895 3505 non
939 3455 1104 3508 sedit:
1131 3457 1221 3509 sed
1243 3457 1296 3511 in
1332 3459 1439 3530 lege
1469 3459 1674 3515 Domini
1701 3463 1931 3518 voluntas

337 3538 472 3607 ejus,
494 3548 538 3592 et
562 3539 614 3594 in
631 3542 740 3611 lege
768 3544 878 3614 ejus
904 3547 1222 3601 meditabitur
1233 3552 1314 3604 die
1333 3569 1393 3605 ac
1419 3565 1562 3608 nocte
1582 3571 1601 3609 :
1619 3565 1664 3609 et
1685 3559 1775 3608 erit
1800 3567 1928 3611 tant-

338 3644 492 3697 quam
521 3630 732 3701 lignum,
765 3636 900 3703 quod
925 3637 1205 3705 plantntum
1234 3652 1305 3696 est
1333 3661 1473 3699 serus
1499 3647 1738 3716 decursus
1763 3667 1928 3721 aqua-

340 3735 455 3772 rum
509 3721 679 3793 (Psal.
737 3726 788 3778 l.
824 3727 966 3797 1-3).
1029 3728 1095 3784 Ut
1149 3733 1288 3786 enim
1341 3734 1538 3805 lignum
1591 3739 1718 3793 illud
1774 3757 1929 3797 secus

337 3825 599 3883 aquarum
644 3815 900 3874 decursus
950 3821 1260 3890 plautatnm,
1300 3835 1353 3879 ct
1378 3827 1526 3895 juxta
1572 3831 1712 3883 rivos
1743 3833 1924 3900 sitmn,

336 3904 465 3959 dum
507 3910 726 3977 perenni
772 3926 1026 3982 aquarum
1070 3915 1222 3984 copia
1249 3917 1513 3986 irrigatur,
1556 3921 1697 3974 nulla
1730 3921 1924 3976 intem-

335 3998 487 4067 perie
525 4001 666 4055 aeris
707 4001 825 4056 laedi
867 4011 1058 4073 potest,
1099 4013 1153 4059 et
1195 4021 1366 4075 neque
1395 4007 1522 4061 solis
1548 4009 1725 4064 radios
1750 4012 1926 4068 aet-ius

253 4131 258 4136 -
335 4092 722 4151 incalescentes
747 4093 1078 4165 reformidat’,
1105 4114 1276 4169 neque
1296 4100 1523 4170 graviori
1545 4111 1676 4156 testu
1703 4106 1926 4160 smvieu-

333 4193 444 4238 tem
471 4200 652 4241 aerem
697 4188 1052 4257 pertimescit;
1098 4203 1218 4244 cum
1265 4191 1406 4245 enim
1454 4192 1712 4249 inclusum
1762 4196 1815 4250 in
1865 4212 1925 4252 se

330 4273 688 4330 sullicientem
738 4277 1016 4334 humorem
1065 4279 1278 4348 habeat,
1323 4299 1536 4339 omnem
1568 4285 1702 4342 radii
1729 4288 1923 4346 solaris

329 4366 572 4423 exterius
613 4367 946 4439 ingruentem
991 4370 1240 4428 ardorem
1269 4378 1446 4431 statim
1479 4377 1696 4448 depellit
1721 4395 1784 4435 ac
1809 4381 1921 4437 dis-

329 4457 466 4512 cutit
507 4475 522 4512 :
566 4459 645 4515 sic
687 4463 846 4516 etiam
893 4462 1067 4517 anima
1115 4480 1234 4535 qua:
1273 4465 1420 4534 juxta
1462 4483 1736 4525 sacrarum
1777 4472 1921 4529 rivos

326 4547 726 4618 Scripturarum
757 4553 929 4622 sedet,
958 4569 1021 4611 ac
1044 4567 1300 4627 perpetuo
1329 4560 1548 4629 rigatur,
1578 4562 1703 4617 dum
1736 4566 1918 4622 latices

328 4639 473 4706 illos,
503 4657 788 4716 roremque
819 4646 1050 4717 Spiritus
1093 4649 1145 4703 in
1183 4650 1467 4720 semetipsa
1493 4653 1708 4724 colligit,
1741 4660 1918 4712 omni-

326 4729 432 4789 bus
453 4749 636 4790 rerum
673 4737 1022 4793 humanarum
1063 4737 1412 4795 incommodis
1438 4743 1653 4798 resistet
1685 4745 1913 4812 invicta;

324 4823 440 4879 sive
483 4825 722 4893 morbus,
769 4829 883 4884 sive
928 4830 1270 4898 contumelia,
1314 4833 1427 4888 sive
1473 4833 1759 4902 calumnia,
1803 4838 1916 4894 sive

324 4915 610 4986 vituperia,
652 4918 766 4975 sive
804 4931 1119 4990 scommata,
1161 4924 1274 4980 sive
1303 4925 1512 4994 pigritia
1540 4929 1760 4998 quaevis,
1801 4930 1915 4988 sive

322 5016 521 5060 cuncta
567 5009 750 5065 mundi
795 5011 930 5066 mala
975 5012 1029 5067 in
1077 5013 1337 5083 ejusmodi
1378 5017 1609 5072 animam
1659 5019 1911 5090 impetum

322 5096 543 5166 faciant,
567 5099 720 5157 facile
749 5105 1204 5174 perturbationum
1231 5107 1530 5163 incendium
1559 5114 1909 5182 propulsabit,

318 5207 445 5245 cum
491 5193 771 5250 sufficienti
801 5197 1046 5254 lectionis
1074 5200 1364 5271 Scriptura:
1387 5203 1578 5258 solatio
1607 5207 1907 5264 roboretur.

318 5281 455 5337 Nam
507 5299 680 5354 neque
717 5285 901 5356 gloria:
948 5291 1272 5360 magnitudo,
1305 5307 1476 5362 neque
1504 5296 1753 5364 potentia:
1792 5315 1910 5353 ma-

318 5373 508 5440 iestas,
543 5390 643 5430 nec
662 5378 954 5433 amicorum
991 5383 1294 5450 praesentia,
1323 5398 1421 5438 nec
1448 5384 1592 5439 aliud
1621 5387 1906 5459 quidquam

316 5482 382 5519 ex
429 5468 595 5523 rebus
639 5468 885 5526 humanis
928 5474 1159 5528 animum
1191 5473 1324 5530 adeo
1364 5477 1574 5534 tristitia
1605 5483 1906 5541 confectum

316 5559 482 5614 solari
515 5563 728 5631 poterit,
757 5579 820 5619 ac
840 5578 1110 5621 sacrarum
1139 5566 1296 5624 lectio
1324 5568 1740 5641 Seripturarum.
1770 5578 1906 5646 Quid

319 5649 414 5705 ita?
444 5651 598 5718 Quod
620 5653 708 5708 illa
725 5654 934 5725 quidem
951 5655 1146 5712 caduca
1167 5658 1292 5724 sint,
1315 5671 1370 5715 et
1395 5662 1634 5722 interitui
1653 5667 1902 5737 obnoxia,

318 5757 478 5811 quam
509 5743 580 5800 ob
608 5760 822 5804 causam
862 5757 914 5804 et
953 5747 1237 5806 obnoxium
1284 5753 1516 5815 interitui
1547 5768 1630 5818 est
1670 5759 1901 5832 ipsorum

2044 442 2290 498 solatium
2322 460 2336 498 :
2368 453 2421 497 at
2473 442 2631 497 lectio
2670 441 2958 511 Scripturas
2999 439 3319 511 colloquium
3371 447 3455 495 est
3503 455 3622 496 eum

2043 534 2172 589 Deo.
2202 535 2424 602 Quando
2456 533 2616 604 igitur
2642 548 2764 588 eum
2802 533 2891 603 qui
2915 532 3126 588 tristitia
3155 532 3225 587 sit
3249 532 3468 587 affectus
3497 548 3625 587 cou-

2040 625 2241 679 solatnr
2289 625 2448 691 Deus,
2491 623 2617 693 quid
2643 639 2706 677 ex
2730 623 2891 679 rebus
2914 623 3107 679 creatis
3146 623 3316 693 ipsum
3347 624 3397 678 in
3429 639 3626 678 [παπυ-

2039 731 2151 770 rem
2182 723 2354 785 potest
2375 715 2679 784 conjicere?

2109 807 2190 860 Ad
2226 807 2486 860 lectionem
2534 806 2818 876 Scriptum
2863 821 3023 860 sacra:
3050 805 3299 859 hortatur.
3353 804 3623 876 Scriptura

2037 913 2150 950 cum
2175 897 2386 951 nubibus
2414 896 2972 951 collata.—Lectioni
3014 911 3142 966 ergo
3191 896 3357 950 simus
3406 896 3618 962 intenti,

2037 1006 2142 1044 non
2171 990 2302 1044 duas
2325 998 2528 1044 tantum
2553 990 2648 1044 has
2673 989 2990 1060 horas(non
3016 989 3158 1043 enim
3184 989 3250 1042 ad
3279 990 3620 1044 securitatem

2036 1081 2228 1135 Sufficit
2275 1081 2390 1135 haec
2426 1079 2626 1134 auditio
2663 1080 2874 1149 nuda),
2914 1079 3008 1135 sed
3053 1089 3356 1150 perpetuo:
3397 1080 3621 1150 quisque

2035 1171 2252 1225 domum
2299 1186 2548 1226 reversus
2582 1170 2770 1225 Libros
2812 1183 2995 1224 sacros
3029 1169 3081 1223 itt
3111 1184 3301 1223 manus
3343 1179 3536 1232 sumat,
3567 1178 3621 1223 et

2034 1277 2217 1317 eorum
2261 1278 2380 1333 qua:
2421 1262 2559 1317 dicta
2610 1271 2734 1316 sunt
2771 1275 2962 1315 sensus
3001 1268 3292 1330 percurrat,
3333 1261 3377 1314 si
3403 1260 3616 1330 quidem

2036 1341 2347 1423 perpetuam
2379 1360 2434 1407 et
2459 1351 2810 1406 suﬂicientem
2837 1350 3118 1405 utilitatem
3146 1351 3422 1420 percipere
3441 1349 3621 1418 cupiat

2034 1459 2099 1498 ex
2140 1445 2432 1514 Scriptura.
2475 1443 2608 1498 Nam
2653 1453 2707 1498 et
2737 1444 2934 1513 lignttm
2968 1444 3094 1498 illud
3113 1443 3261 1511 juxta
3285 1443 3426 1496 rivos
3457 1441 3615 1496 situm

2035 1550 2140 1588 non
2177 1535 2242 1588 ad
2286 1535 2418 1588 duas
2457 1543 2512 1589 et
2555 1545 2665 1589 tres
2709 1533 2868 1588 horas
2895 1548 3016 1588 cmn
3046 1533 3198 1603 aquis
3223 1529 3617 1598 versatur,'sed

2035 1626 2182 1680 omni
2224 1627 2310 1681 die
2351 1629 2600 1698 omnique
2649 1636 2822 1682 nocte.
2879 1627 3162 1696 Propterea
3211 1625 3352 1681 foliis
3397 1635 3615 1693 vernat,

2035 1726 2315 1787 prepterca
2367 1718 2537 1771 fructu
2584 1730 2836 1787 gravatur
2879 1719 3079 1786 lignum
3112 1716 3262 1779 illud,
3295 1717 3419 1771 licet
3445 1717 3617 1771 nullus

2034 1822 2098 1861 ex
2147 1808 2449 1862 hominibus
2495 1809 2625 1862 illud
2656 1809 2880 1877 irriget:
2919 1809 3168 1878 quoniam
3194 1808 3343 1877 juxta
3367 1810 3507 1863 rivos
3536 1821 3619 1864 est

2033 1899 2318 1962 consitum,
2366 1899 2632 1954 radicibus
2680 1899 2956 1954 humorem
2985 1898 3222 1962 attrahit,
3263 1909 3317 1953 ct
3344 1901 3491 1969 quasi
3524 1915 3618 1969 per

2035 2002 2239 2047 meatus
2268 1993 2524 2062 quosdam
2553 1993 2604 2047 in
2638 2001 2802 2048 totum
2829 2007 3022 2063 corpus
3045 1992 3320 2046 utilitatem
3355 1994 3618 2046 transfun-

2032 2085 2112 2140 dit
2142 2102 2155 2137 :
2185 2085 2266 2140 sic
2291 2094 2345 2139 et
2385 2085 2430 2140 is
2459 2085 2549 2155 qui
2575 2083 2880 2156 Scripturas
2935 2099 3117 2139 sacras
3141 2084 3353 2139 assidue
3389 2085 3536 2154 legit,
3564 2095 3618 2138 et

2029 2177 2176 2247 juxta
2223 2177 2366 2232 rivos
2412 2177 2620 2232 illarum
2668 2175 2888 2243 residet,
2935 2175 3059 2230 licet
3087 2174 3354 2229 neminem
3402 2175 3615 2238 habeat,

2033 2271 2123 2338 qni
2173 2271 2569 2339 interpretetur,
2604 2268 2868 2338 frequenti
2897 2268 3125 2321 lectione
3166 2265 3318 2336 quasi
3349 2265 3616 2319 radicibus

2033 2361 2349 2431 quibusdam
2373 2360 2658 2415 utilitatem
2687 2359 2881 2414 haurit.
2908 2358 3112 2413 Idcirco
3137 2371 3237 2410 nos
3253 2355 3444 2426 quibus
3464 2355 3616 2410 solli-

2031 2453 2292 2508 citudines
2325 2461 2518 2506 vestrm
2554 2462 2677 2506 sunt
2700 2461 2861 2516 notae,
2891 2450 3286 2520 occupationes,
3312 2463 3375 2503 ac
3405 2449 3613 2518 negotia

2032 2547 2219 2611 multa,
2249 2544 2446 2600 sensim
2475 2559 2539 2598 ac
2568 2543 2822 2614 paulatim
2868 2557 2965 2598 vos
3013 2543 3079 2596 ad
3128 2541 3420 2610 Scriptura:
3459 2553 3614 2594 sensa

2032 2639 2364 2702 deducimus,
2412 2653 2476 2693 ac
2505 2636 2824 2692 lentitudine
2871 2635 3221 2706 expositionis
3247 2633 3527 2699 efficimus,
3561 2643 3630 2698 ut,

2032 2747 2238 2797 eorum,
2287 2746 2405 2801 qua:
2451 2730 2590 2785 dicta
2637 2737 2779 2793 sunt,
2809 2727 3067 2783 memoria
3109 2726 3348 2781 tenacius
3371 2724 3616 2779 adhmre-

2032 2832 2168 2881 seat.
2189 2823 2319 2878 Nam
2341 2833 2394 2878 et
2413 2823 2583 2878 imber
2603 2822 2648 2876 si
2669 2822 2958 2877 vehemens
2983 2821 3260 2889 irrumpat,
3277 2817 3616 2888 superficiem

2034 2925 2192 2972 terrae
2221 2916 2460 2978 inundat,
2491 2925 2546 2971 et
2571 2914 2835 2986 profundo
2864 2913 2997 2968 nihil
3032 2911 3248 2982 prodest
3272 2929 3286 2965 :
3328 2910 3409 2964 sin
3438 2917 3614 2963 autem

2032 3011 2230 3065 sensim
2261 3017 2314 3064 ct
2341 3008 2664 3079 pedetentim
2691 3008 2742 3063 in
2771 3023 2975 3063 morem
3003 3005 3105 3060 olei
3151 3005 3202 3059 in
3245 3013 3402 3058 terrae
3427 3001 3616 3056 faciem

2032 3115 2092 3156 se
2133 3100 2385 3165 insinuet,
2429 3100 2580 3170 quasi
2631 3115 2726 3168 per
2759 3113 2922 3153 venas
2971 3096 3228 3167 quasdam
3283 3110 3378 3164 per
3411 3102 3619 3148 meatus

2033 3192 2148 3263 ejus
2173 3193 2237 3246 ad
2266 3191 2585 3262 profundum
2611 3191 2897 3254 delabitur,
2926 3189 3147 3258 ejusque
3165 3188 3368 3242 viscera
3393 3187 3618 3240 humore

2033 3286 2310 3355 complens
2329 3285 2394 3338 ad
2420 3284 2597 3354 finges
2616 3284 2848 3339 ubertim
2878 3281 3160 3353 pariendas
3188 3279 3616 3334 fecundissimam

2033 3377 2177 3432 illam
2205 3377 2399 3431 reddit.
2430 3377 2714 3447 Propterea
2745 3391 2842 3430 nos
2863 3389 3076 3445 quoque
3105 3373 3436 3443 spiritualem
3471 3371 3613 3426 hunc

2033 3469 2257 3524 imbrem
2299 3469 2575 3524 animabus
2620 3468 2813 3523 vestris
2855 3466 3109 3536 paulatim
3143 3465 3476 3520 immittimus
3501 3482 3514 3516 :
3543 3464 3614 3517 si-

2031 3562 2243 3631 quidem
2271 3561 2558 3632 Scriptura:
2599 3559 2960 3631 Spiritualihus
2987 3567 3114 3612 sunt
3143 3556 3371 3611 nubibus
3395 3556 3616 3620 similes,

2032 3662 2086 3706 at
2111 3669 2270 3708 voces
2295 3663 2348 3708 et
2373 3669 2564 3709 sensus
2593 3653 2748 3708 imbri
2780 3652 2982 3708 similes
3006 3660 3132 3707 sunt
3167 3651 3324 3720 longe
3351 3651 3452 3704 isto
3477 3664 3618 3719 pne.

2031 3748 2271 3801 stautiori
2314 3766 2328 3803 :
2375 3758 2534 3818 atque
2582 3747 2780 3802 idcirco
2826 3747 3156 3817 spiritualem
3204 3745 3346 3800 hunc
3392 3745 3616 3800 imbrem

2029 3838 2226 3891 sensim
2269 3839 2419 3894 vobis
2447 3839 2789 3902 infundimus,
2823 3848 2880 3892 ut
2904 3840 2969 3892 ad
2999 3838 3216 3893 fundum
3255 3839 3426 3906 ipsum
3455 3837 3616 3892 verba

2029 3937 2322 3994 permeent.
2356 3929 2434 3981 Eo
2463 3929 2539 3994 fit,
2572 3938 2630 3983 ut
2653 3946 2775 3984 cum
2801 3929 2866 3983 ad
2894 3940 3138 3998 quartum
3157 3929 3264 3998 jam
3292 3930 3430 3982 diem
3453 3943 3616 3996 expo-

2029 4017 2274 4071 sitionem
2320 4017 2751 4087 produxerimus,
2780 4017 3004 4071 necdum
3031 4027 3206 4071 tamen
3234 4033 3391 4071 unam
3424 4018 3614 4071 inscri-

2029 4107 2260 4176 ptionem
2288 4109 2622 4178 potuerimus
2651 4106 2943 4176 prmterire,
2975 4107 3068 4161 sed
3098 4107 3271 4161 adhuc
3299 4108 3440 4161 circa
3469 4108 3610 4163 illam

2026 4213 2322 4252 versemur.
2368 4197 2548 4254 Satius
2590 4199 2730 4254 enim
2755 4207 2858 4264 est,
2887 4207 2942 4253 ut
2969 4199 3156 4267 exiguo
3195 4197 3437 4267 perfosso
3461 4214 3609 4268 agro.

2026 4301 2146 4341 cum
2178 4287 2244 4341 ad
2293 4286 2510 4341 fundum
2542 4287 2998 4354 descenderimns,
3043 4289 3266 4343 multum
3299 4289 3407 4344 illic
3431 4304 3608 4344 rerum

2027 4365 2445 4434 necessariarum
2489 4379 2791 4434 thesaurtnn
2833 4379 3182 4443 offendamus,
3224 4394 3380 4447 quam
3420 4379 3462 4433 si
3487 4395 3606 4433 cntn

2024 4483 2150 4524 arva
2190 4470 2356 4524 multa
2397 4471 2679 4539 superficie
2722 4479 2876 4524 tenus
2907 4470 3344 4538 percurrerimus,
3391 4469 3606 4532 frustra,

2024 4569 2244 4625 temere,
2269 4572 2322 4617 et
2349 4563 2612 4618 incassum
2657 4577 2753 4616 nos
2778 4561 3097 4631 aﬂligamus.
3131 4563 3196 4614 At
3221 4563 3334 4615 scio
3362 4561 3606 4630 equidem

2022 4653 2221 4707 multos
2265 4653 2403 4708 hanc
2434 4654 2732 4708 tarditatem
2763 4668 2904 4722 tngre
2933 4653 3108 4717 ferre;
3139 4651 3232 4707 sed
3264 4652 3470 4707 illorum
3509 4668 3608 4722 ego

2022 4741 2491 4810 reprehensionem
2520 4743 2650 4798 nihil
2675 4757 2826 4807 curo,
2855 4742 2966 4798 sola
2994 4743 3122 4797 tnihi
3149 4753 3322 4798 vestra
3348 4760 3490 4799 cura:
3525 4755 3609 4799 est

2019 4832 2242 4888 utilitas.
2291 4834 2392 4902 Qui
2445 4834 2673 4890 celerius
2733 4844 2953 4906 possunt
3004 4835 3284 4902 incedere,
3351 4836 3609 4892 tardiores

2019 4921 2211 4979 fratres
2253 4934 2600 4994 exspectent:
2629 4940 2752 4980 nam
2783 4925 2867 4980 isti
2895 4925 3108 4996 quidem
3152 4936 3462 4996 exspectare
3488 4928 3608 4983 illos

2018 5022 2258 5082 possunt,
2288 5026 2341 5068 at
2371 5014 2690 5070 infirmiores
2725 5015 2847 5070 illos
2884 5017 3093 5087 assequi
3118 5016 3336 5071 minime
3362 5029 3602 5085 possunt.

2017 5105 2222 5167 Idcirco
2260 5107 2418 5162 etiam
2443 5107 2639 5164 Paulus
2658 5123 2762 5162 non
2783 5107 2980 5163 debere
3005 5122 3103 5162 nos
3127 5108 3200 5162 ait
3229 5107 3606 5162 imbecilliores

2015 5209 2139 5252 ante
2157 5208 2363 5268 tempus
2387 5214 2598 5270 urgere,
2625 5214 2744 5254 eum
2762 5199 2827 5253 ad
2860 5199 3197 5254 robustorum
3226 5200 3383 5268 perfe:
3406 5200 3602 5251 tionem

2013 5301 2072 5343 se
2099 5289 2240 5359 ipsos
2271 5291 2488 5345 minime
2511 5291 2714 5360 possint
2733 5291 3019 5346 extendere
3041 5309 3052 5343 :
3074 5290 3164 5344 sed
3182 5289 3376 5343 debere
3397 5305 3492 5343 nos
3518 5289 3606 5343 fir-

2013 5379 2208 5434 miores
2228 5379 2613 5436 imbecillitates
2648 5380 2977 5436 infirmorum
3011 5381 3275 5436 sustinere
3297 5381 3372 5450 (l.
3403 5379 3519 5434 Cor.
3547 5381 3599 5435 8.

2012 5469 2090 5538 9).
2115 5470 2220 5525 Nos
2240 5470 2306 5525 de
2331 5481 2501 5526 vestra
2515 5486 2698 5527 smnus
2714 5472 2934 5526 utilitate
2963 5471 3193 5537 solliciti,
3216 5488 3320 5526 non
3341 5483 3390 5524 nt
3413 5486 3510 5524 nos
3528 5482 3602 5525 te-

2012 5577 2159 5618 mere
2179 5570 2538 5619 ostentemus:
2565 5573 2724 5633 atque
2753 5563 2950 5618 ideirco
2968 5563 3214 5620 sensibus
3232 5565 3594 5621 immorantur.

2083 5655 2134 5709 5.
2180 5651 2521 5708 [familiarum
2542 5657 2592 5710 in
2611 5655 2916 5724 principium
2935 5655 3171 5710 Actorum
3190 5656 3347 5722 ordo;
3377 5657 3498 5726 quid
3532 5658 3595 5710 si-

2012 5747 2218 5819 gniﬁccl
2247 5762 2425 5802 nomen
2452 5745 2701 5820 Apostoli.
2735 5745 2967 5804 Christus
2995 5766 3025 5803 a
3050 5747 3314 5804 sensilibus
3359 5750 3429 5804 ad
3453 5749 3611 5821 spiri-
