2027 3108
206 150 236 180 υι
576 148 604 176 S.
623 146 763 176 JOANNIS
780 145 1017 176 Clll‘tYSOSTOIﬂ
1035 146 1193 175 ARClllEP.
1213 146 1481 176 CONSTANTINOP.
1809 150 1844 176 92

206 209 286 236 tualia
309 208 420 236 deducit.
436 223 472 228 —
484 207 574 244 Itaque
589 207 675 242 primo
689 207 733 234 die
751 214 805 234 non
821 213 882 234 esse
895 211 996 234 temere

207 254 405 290 pnetereundas
429 254 618 288 inscriptiones
638 253 777 285 dicebam,
805 259 858 287 quo
881 257 1000 286 tempore

206 299 311 326 titulum
325 299 400 326 vobis
410 298 500 325 altaris
511 298 573 333 legi,
582 305 613 325 ac
627 298 700 325 Pauli
711 297 867 332 sapientiam
882 296 998 328 ostendi,

206 345 250 379 qui
265 345 375 372 militem
390 345 516 376 alienum,
530 344 628 379 quippe
655 343 681 370 in
707 343 919 371 adversariorum
943 342 1000 369 acie

206 390 304 422 stabat,
321 389 353 416 ad
367 389 495 417 cohortes
508 397 571 416 suas
585 389 731 417 transtulit.
800 388 827 415 In
852 389 902 415 hoc
922 388 1000 414 desiit

207 434 289 468 priori
307 434 350 461 die
365 438 420 461 tota
435 434 556 462 doctrina
569 443 577 461 :
592 438 653 469 post
665 434 737 461 illam
749 433 867 461 secundo
880 433 934 464 die.
955 433 999 468 qui

206 479 266 507 libri
278 484 350 507 esset
364 480 433 507 illius
445 485 540 508 auctor
551 501 558 513 ,
583 480 753 515 quassivimus
763 500 772 513 ,
799 484 827 507 et
851 479 1000 507 invenimus

207 525 254 552 Dei
265 526 347 560 gratia
361 525 460 553 Lucam
473 526 673 561 evangelistam,
688 525 832 560 multisque
853 524 929 552 vobis
952 524 1001 552 dc-

208 572 449 599 monstrationibus
462 580 519 599 rem
533 572 560 598 in
570 572 718 607 quatstione
733 571 846 606 positam
874 570 999 605 probavi-

207 624 277 649 mus,
289 625 401 652 quarum
410 618 470 644 aliae
480 617 618 649 clariores,
632 617 810 644 abstrusiores
817 615 877 643 alize
883 615 998 642 fuerunt.

208 662 269 689 Scio
278 670 392 697 namque
405 663 502 689 multos
510 670 543 689 ex
555 662 721 690 auditoribus
734 669 774 694 ea,
792 669 850 696 qua:
864 667 1001 696 postremo

209 708 270 735 loco
278 708 347 735 dicta
360 712 432 740 sunt,
446 713 603 743 assequutos
618 715 669 734 non
685 715 763 735 esse:
780 715 830 735 nec
852 712 942 735 tamen
957 708 1000 734 id-

208 754 280 781 circo
292 753 446 781 subtiliores
457 761 552 781 sensus
565 754 731 781 conlidenter
744 753 868 789 persequi
881 752 999 780 desiste-

209 807 278 827 mus.
292 800 381 836 Itaque
391 808 422 828 ea
433 808 493 836 qua:
510 800 625 828 clariora
632 805 704 833 sunt,
713 800 930 835 situplicioribus,
938 807 1001 834 pro-

208 845 331 873 fundiora
342 854 405 874 vero
420 846 565 881 proderunt
586 845 637 878 bis,
661 846 706 881 qui
731 845 834 873 acutius
856 845 1000 872 intuentur.

211 891 318 919 Variam
332 892 430 926 quippe
452 899 573 919 mensam
583 898 644 919 esse
653 895 758 926 oportet
769 898 801 918 ac
811 890 976 918 diﬂ'ereutcm
992 909 1000 922 ,

209 938 425 973 quandoquidem
440 937 601 965 etditl'erens
614 942 656 965 est
668 945 760 965 eorum
771 937 815 972 qui
832 936 1003 964 iuvitatisunt

209 983 355 1018 appetitus.
373 983 463 1010 Primo
473 983 553 1019 igitur
564 983 608 1010 die
626 982 660 1010 de
680 983 862 1018 inscriptione,
886 982 1002 1010 secunda

210 1034 275 1055 vero
289 1028 332 1055 die
346 1028 380 1056 de
392 1036 425 1056 eo
442 1030 487 1064 qui
508 1029 604 1056 librum
624 1029 749 1063 scripsit,
777 1029 853 1056 tertia
879 1028 923 1056 die
945 1028 1001 1055 heri

212 1073 388 1101 disseruimus
409 1074 480 1108 apud
491 1082 538 1102 eos
554 1076 599 1110 qui
613 1074 778 1102 advenerant
798 1074 832 1102 de
850 1074 925 1102 initio
937 1075 1004 1102 scri-

212 1122 309 1153 pturze,
322 1123 348 1146 et
362 1119 538 1152 ostendimus,
550 1120 620 1146 sicut
633 1120 671 1147 illi
682 1124 780 1147 norunt
791 1120 837 1155 qui
850 1120 1001 1154 audierunt,

209 1163 274 1199 quid
285 1164 428 1197 sitactum,
443 1164 507 1200 quid
519 1165 554 1192 sit
567 1165 724 1193 miraculum
734 1185 742 1197 ,
766 1170 794 1192 et
815 1165 879 1200 quid
892 1166 926 1193 sit
938 1173 1003 1193 con—

209 1211 338 1244 versatio,
351 1210 414 1246 quid
433 1211 538 1247 signum
566 1216 594 1239 et
616 1211 764 1247 prodigium
787 1219 820 1240 ac
845 1212 928 1239 virtus
941 1232 949 1244 ,
976 1216 1004 1239 et

209 1261 339 1291 quantum
351 1257 420 1285 inter
430 1263 542 1292 utraque
553 1258 586 1285 sit
607 1257 749 1285 discrimen
763 1266 770 1284 :
785 1265 837 1293 qua
849 1259 953 1285 ratione
965 1258 1004 1285 al-

211 1306 297 1329 terum
311 1303 397 1337 majus
408 1302 453 1335 sit,
464 1303 556 1329 utilius
570 1303 683 1330 alterum
697 1311 705 1328 :
718 1308 746 1330 et
757 1311 808 1338 qua
819 1303 922 1330 ratione
933 1304 1002 1331 alte-

210 1355 271 1375 rum
286 1348 374 1375 solum
386 1356 434 1383 per
446 1355 476 1376 se
489 1356 599 1384 regnum
612 1348 736 1384 acquirit,
751 1348 864 1376 alterum
876 1349 926 1376 nisi
937 1356 1003 1384 ope-

210 1402 269 1422 rum
281 1394 429 1422 subsidium
443 1399 572 1428 assumat,
588 1400 666 1422 extra
679 1394 838 1422 vestibulum
849 1394 913 1422 illud
926 1395 1002 1430 ejici-

209 1446 262 1469 tur.
272 1441 356 1469 Hodie
371 1442 501 1476 reliquum
522 1441 703 1477 inscriptionis
720 1449 810 1476 operat
824 1442 939 1478 pretium
961 1446 1003 1469 est

209 1486 330 1514 dicamus
342 1507 350 1519 ,
374 1487 474 1522 etquid
488 1487 620 1522 signiﬁcet
632 1487 751 1522 Apostoli
765 1495 863 1515 nomen
878 1487 1002 1515 ostenda-

210 1539 281 1559 mus.
295 1532 387 1567 Neque
400 1532 471 1560 enim
484 1532 583 1560 nudum
595 1537 637 1560 est
650 1540 747 1560 nomen
766 1532 828 1567 hoc,
841 1533 889 1560 sed
902 1533 1002 1568 magis-

210 1581 295 1606 tratus
308 1584 349 1606 est
360 1579 512 1614 appellatio,
523 1580 631 1607 maximi
639 1580 818 1615 magistratus,
831 1580 1001 1615 magistratus

210 1625 326 1652 maxime
338 1626 493 1660 spiritualis,
506 1626 676 1661 magistratus
689 1627 814 1656 czelesis.
839 1626 893 1654 Sed
915 1632 1002 1655 atten-

208 1669 265 1698 dite
277 1670 427 1706 diligenter.
441 1672 505 1699 Nam
517 1673 741 1708 quemadmodum
755 1673 780 1701 in
792 1674 873 1701 rebus
892 1674 1003 1702 stccula-

209 1716 283 1743 ribtts
296 1717 466 1752 magistratus
491 1723 553 1744 sunt
567 1719 661 1751 multi,
689 1727 743 1746 non
769 1724 857 1746 tamen
880 1720 1001 1754 ejusdem

209 1768 304 1789 omnes
317 1761 464 1797 dignitatis,
477 1763 523 1790 sed
534 1763 578 1790 alii
589 1764 704 1798 majores
716 1785 722 1796 ,
745 1764 790 1791 alii
803 1764 938 1792 minores:
951 1773 1002 1792 ex-

210 1805 290 1840 empli
305 1811 435 1847 causa,‘ut
443 1807 476 1834 ab
485 1807 603 1835 inferiori
614 1809 844 1837 enumerationem
853 1810 1000 1843 ordiamur,

210 1856 251 1879 est
266 1852 393 1880 Defensor
405 1853 540 1886 civitatis;
556 1859 597 1882 est
613 1855 660 1882 illo
673 1856 812 1883 sublimior
825 1856 912 1891 gentis
929 1856 1002 1884 Prat-

208 1903 271 1930 ses;
286 1901 329 1924 est
339 1898 407 1925 alius
420 1903 480 1933 post
494 1899 566 1926 illum
580 1900 750 1934 magistratus
765 1901 866 1936 major:
890 1906 932 1929 est
940 1910 1001 1929 rur-

208 1949 255 1969 sus
265 1942 390 1978 Magister
402 1943 535 1972 militum:
556 1949 598 1972 est
612 1945 775 1978 Praefectus;
798 1951 839 1974 est
862 1947 1002 1975 sublimior

209 1987 269 2015 istis
277 1990 457 2024 magistratus,
465 1989 580 2025 dignitas
586 1989 730 2018 Consulum
739 2000 745 2019 :
754 1996 780 2019 et
790 1999 884 2020 omnes
893 1993 1001 2027 quidem

211 2031 237 2060 hi
252 2039 315 2060 sunt
328 2035 510 2069 magistratus,
524 2036 571 2063 sed
580 2044 633 2063 non
648 2036 768 2072 ejusdem
782 2045 877 2066 omnes
887 2038 1002 2074 dignita-

209 2077 261 2105 tis:
277 2078 312 2105 ita
328 2080 403 2107 multi
416 2085 477 2108 sunt
493 2081 647 2115 spirituales
661 2083 832 2117 magistratus
845 2092 897 2111 non
908 2092 1000 2119 requa-

211 2124 250 2151 lcs
274 2124 405 2159 dignitate
428 2134 435 2152 :
459 2134 539 2161 porro
560 2127 645 2162 major
669 2129 793 2156 omnibus
820 2134 861 2157 est
887 2130 1001 2165 dignitas

210 2169 393 2204 Apostolatns.
410 2171 432 2199 Δ
444 2172 618 2200 sensibilibus
631 2174 703 2201 enim
715 2174 796 2202 rebus
807 2175 840 2202 ad
852 2176 1000 2210 spiritualia

210 2215 285 2249 quasi
299 2223 380 2244 manu
390 2216 504 2245 ducendi
518 2219 594 2246 estis.
618 2218 654 2246 Ita
673 2219 737 2247 l‘ccit
757 2225 785 2247 et
802 2220 924 2248 Christus
935 2242 943 2254 ,
967 2223 1001 2250 de

209 2260 309 2296 Spiritu
321 2261 458 2291 disserens
466 2271 541 2299 aqua:
547 2265 678 2294 meminit.
687 2266 737 2300 Qui
743 2269 809 2293 enim
816 2266 875 2293 bibit
884 2275 915 2294 επ
934 2276 1001 2303 aqua

209 2307 266 2339 hac,
274 2308 340 2335 sitiet
352 2308 453 2342 iterum,
464 2310 560 2346 inquit;
567 2312 610 2346 qui
617 2317 700 2339 autem
708 2312 832 2341 biberin
837 2322 913 2349 aqua,
924 2323 1001 2349 quam

209 2360 256 2388 ego
270 2353 335 2380 dabo
348 2355 381 2388 ei,
394 2363 444 2382 non
453 2356 519 2383 sitiet
531 2357 557 2383 in
570 2363 692 2385 mentum
705 2358 794 2394 (Joan.
811 2360 839 2387 ι.
852 2360 906 2395 l3).
919 2360 1000 2388 Vides

211 2406 273 2426 eum
296 2407 311 2426 a
338 2401 483 2429 sensilibus
503 2402 536 2429 ad
560 2403 706 2438 spiritualia
726 2406 909 2433 mulierculam
925 2406 999 2434 illam

211 2445 364 2474 deducere?
378 2447 422 2475 Sic
437 2455 487 2475 nos
500 2448 582 2476 etiam
594 2450 709 2486 agimus,
724 2457 752 2479 et
775 2453 810 2480 ab
829 2453 999 2482 inferioribus

210 2492 241 2518 ad
258 2493 393 2527 superiora
405 2495 608 2523 conscendimus
618 2517 625 2529 ,
649 2502 679 2524 ut
702 2498 786 2533 magis
802 2500 940 2534 perspicua
955 2500 1000 2527 liat

208 2540 305 2566 oratio.
319 2540 461 2575 Propterea
471 2549 531 2569 cum
543 2542 576 2570 de
588 2543 742 2578 magistratu
753 2545 933 2581 loqueremur,
946 2554 999 2574 non

208 2585 353 2619 spiritualis
368 2590 467 2613 tantum
484 2588 646 2616 mentionem
661 2589 782 2623 iecimus,
798 2591 845 2619 sed
865 2592 1000 2620 sensibilis

209 2631 387 2665 magistratus,
399 2637 426 2659 ut
436 2633 469 2660 ab
484 2632 535 2660 hoc
549 2641 597 2661 vos
607 2634 640 2662 ad
649 2634 723 2663 illum
739 2644 819 2664 manu
829 2637 998 2666 duceremus.

209 2677 325 2704 Audistis
336 2683 399 2712 quot
410 2680 550 2707 saeculares
563 2681 732 2715 magistratus
742 2683 997 2717 enumeraverimus,

208 2728 298 2758 etquo
313 2729 388 2759 pacto
399 2725 443 2752 alii
458 2726 564 2761 quidem
581 2727 705 2762 majores,
722 2728 766 2756 alii
790 2736 856 2756 vero
878 2730 931 2757 sint
946 2730 998 2757 mi-

208 2776 297 2801 nores,
319 2775 345 2797 οι
359 2779 411 2806 quo
427 2778 504 2806 pacto
517 2772 661 2801 Consulum
674 2774 843 2809 magistratus
852 2775 929 2811 quasi
942 2776 1000 2803 cul-

209 2821 268 2842 men
279 2821 306 2843 et
316 2822 394 2851 caput
408 2826 462 2852 pne
470 2819 581 2854 reliquis
595 2820 699 2848 cunctis
711 2821 844 2849 emineat:
862 2821 998 2849 videamus

1058 205 1209 241 spirituales
1232 206 1312 234 etiam
1334 206 1676 242 mgistratus.Spiritualis
1690 212 1732 234 est
1759 211 1844 243 magi-

1052 255 1162 282 stratus,
1172 251 1323 286 Prophetia:
1331 251 1500 287 magistratus
1513 261 1519 279 :
1533 256 1574 279 est
1581 252 1649 279 alter
1656 252 1844 287 Evangelisttc.

1052 300 1094 323 est
1109 296 1237 329 Pastoris,
1252 302 1294 324 est
1308 297 1440 329 Doctoris,
1452 302 1495 325 est
1506 297 1639 325 donorum
1650 318 1657 329 ,
1673 301 1716 325 est
1727 300 1844 326 curatio-

1053 346 1177 374 unm,est
1191 342 1419 376 interpretationis
1430 343 1591 378 linguarum.
1610 343 1672 371 Hec
1685 344 1775 371 omnia
1796 352 1845 370 no~

1053 388 1123 414 mina
1134 387 1240 423 quidem
1251 392 1314 415 sunt
1323 388 1465 422 donorum,
1482 396 1525 416 res
1536 394 1626 416 autem
1640 388 1842 424 magistratuum

1053 441 1084 460 ac
1095 438 1266 468 potestatum.
1281 434 1416 469 Propheta
1432 435 1602 470 magistratus
1623 440 1664 463 est
1678 444 1686 461 :
1702 435 1771 470 apud
1796 444 1845 463 nos

1053 478 1075 505 is
1101 479 1145 514 qui
1167 479 1304 507 dmmones
1319 480 1409 515 ejicit,
1436 481 1606 516 magistratus
1629 486 1688 509 est:
1704 482 1774 518 apud
1797 490 1845 509 nos

1053 524 1147 552 Pastor
1160 529 1187 552 et
1201 525 1299 553 Doctor
1309 526 1454 560 spiritualis
1476 531 1517 554 est
1542 526 1712 562 magistratus
1726 535 1733 554 :
1749 535 1843 555 verum

1053 570 1094 598 his
1104 571 1227 599 omnibus
1241 573 1329 607 major
1339 578 1379 600 est
1393 573 1565 608 Apostolicns
1577 574 1757 608 magistratus.
1770 573 1845 601 Unde

1053 625 1116 644 vero
1128 617 1153 644 id
1161 623 1264 645 constat
1272 619 1283 645 ’ἰ
1291 618 1366 652 Quod
1374 626 1467 646 omnes
1475 619 1539 646 istos
1550 618 1680 653 prtecedat
1692 619 1844 654 Apostolus.

1053 662 1085 690 Et
1099 664 1322 698 quemadmodum
1338 665 1407 691 inter
1429 664 1576 692 sensibiles
1591 664 1763 699 magistratus
1777 664 1846 691 (lon-

1053 708 1105 740 sul,
1125 709 1164 736 sic
1186 709 1255 736 inter
1269 709 1422 743 spirituales
1447 709 1592 744 Apostolus
1612 709 1722 737 honoris
1745 709 1844 744 gaudet

1053 754 1239 789 praerogativa.
1257 755 1404 782 Audiamus
1417 755 1503 789 ipsum
1517 755 1628 783 Paulum
1639 761 1842 783 enumerantem

1054 799 1208 834 dignitates,
1218 805 1243 828 et
1255 800 1281 827 in
1295 800 1445 828 sublimiori
1458 801 1516 828 loco
1528 801 1708 835 Apostolicam
1719 802 1853 829 collocau-

1055 848 1118 871 lem.
1135 844 1205 879 Quid
1220 845 1300 880 igitur
1326 846 1361 873 ait
1389 845 1455 873 ille?
1486 845 1618 879 Quosdam
1641 846 1743 881 quidem
1764 848 1845 882 posuit

1055 890 1122 917 Deus
1141 892 1168 918 in
1183 890 1308 925 Ecclesia,
1324 892 1434 927 primunt
1449 891 1594 927 apostolos,
1615 892 1725 919 secundo
1738 893 1845 928 prophe-

1055 940 1103 966 tas.
1116 937 1189 963 tertio
1200 937 1325 970 doctores,
1341 941 1364 964 et
1379 941 1502 971 pastores,
1514 937 1605 964 ainde
1626 938 1722 971 gratias
1736 938 1846 965 curatio-

1055 982 1162 1015 uum(l.
1179 981 1238 1008 Cor.
1253 981 1297 1009 η.
1312 982 1371 1017 28).

1090 1026 1254 1059 Apostolattu
1275 1028 1384 1062 dignitas
1402 1032 1508 1062 quanta.
1529 1027 1597 1061 Quid
1619 1036 1663 1062 per
1682 1036 1772 1064 genera
1790 1029 1842 1055 lin-

1055 1081 1163 1107 guarum
1173 1073 1425 1109 intelligat.—Vides
1435 1073 1569 1109 fastigium
1583 1073 1758 1109 dignitatum?
1774 1075 1847 1103 vides

1055 1119 1212 1153 Apostolum
1229 1119 1369 1147 sublimem
1388 1119 1496 1153 sedere,
1514 1127 1564 1147 nec
1581 1119 1662 1147 ullum
1682 1120 1768 1155 ipsum
1781 1128 1847 1156 pra:-

1055 1164 1161 1197 ccdere,
1169 1170 1213 1192 aut
1223 1166 1406 1193 sublimiorem
1419 1166 1465 1192 illo
1477 1166 1556 1194 esse?
1568 1165 1683 1193 Primum
1694 1167 1765 1193 enim
1777 1168 1843 1201 Apo-

1055 1211 1139 1238 stolos
1160 1210 1234 1241 dicit.
1250 1211 1369 1239 secundo
1384 1211 1543 1247 Prophetas,
1568 1212 1647 1239 tertio
1672 1212 1799 1239 Doctores
1820 1216 1845 1239 et

1055 1255 1180 1283 Pastores
1202 1264 1209 1284 :
1223 1256 1321 1284 deinde
1334 1257 1433 1292 gratias
1455 1257 1632 1289 curationum,
1649 1257 1845 1292 opitulationcs.

1056 1301 1273 1336 gubernationes,
1286 1310 1384 1337 genera
1406 1302 1566 1337 linguarum.
1593 1302 1684 1337 Neque
1698 1310 1763 1330 vero
1786 1308 1845 1329 tau-

1055 1350 1109 1373 tum
1123 1347 1287 1382 principatus
1299 1351 1342 1374 est
1354 1351 1512 1374 cmterarum
1525 1347 1683 1382 dignitatum
1702 1347 1846 1382 Apostolu-

1055 1396 1108 1425 tus,
1122 1391 1170 1419 sed
1181 1391 1261 1419 etiam
1277 1392 1352 1419 radix
1364 1399 1395 1419 ac
1406 1391 1618 1419 fundamentum.
1627 1392 1660 1419 Et
1672 1392 1846 1427 quemadmo-

1053 1436 1117 1464 dum
1129 1442 1207 1473 caput
1222 1437 1248 1464 in
1269 1437 1419 1465 sublimiori
1435 1438 1494 1465 loco
1507 1438 1587 1465 situm
1607 1446 1659 1465 non
1674 1439 1753 1465 modo
1774 1439 1846 1473 prin-

1054 1483 1157 1519 cipatus
1165 1489 1206 1511 est
1216 1484 1336 1519 corporis
1349 1488 1428 1517 atque
1441 1484 1604 1517 dominatus,
1615 1484 1663 1512 sed
1673 1485 1752 1512 etiam
1767 1485 1844 1512 radix

1054 1529 1203 1564 (siquidem
1221 1530 1308 1562 nervi,
1320 1530 1363 1564 qui
1379 1537 1476 1564 corpus
1489 1535 1593 1564 regunt,
1606 1531 1728 1557 oriuntur
1742 1538 1775 1557 ex
1788 1530 1844 1563 illo,

1053 1579 1082 1601 et
1094 1582 1126 1602 ex
1141 1574 1199 1609 ejus
1220 1576 1331 1602 cerebro
1351 1575 1417 1607 nati,
1431 1582 1462 1602 ac
1482 1575 1592 1609 spiritus
1607 1574 1746 1610 largitione
1759 1576 1844 1606 ditati.

1053 1620 1152 1648 deinde
1165 1625 1248 1647 totum
1264 1620 1361 1647 animal
1377 1620 1577 1656 moderantur),
1589 1620 1628 1648 sic
1637 1625 1665 1648 et
1676 1621 1846 1655 Apostolatus

1054 1673 1107 1693 non
1129 1665 1210 1693 ntodo
1230 1671 1363 1700 tamquam
1385 1666 1549 1700 principatus
1571 1673 1602 1694 ac
1623 1666 1774 1694 dominatus
1791 1673 1845 1701 pra:

1054 1712 1159 1739 czeteris
1183 1711 1262 1739 donis
1283 1712 1395 1744 eminet,
1410 1712 1457 1739 sed
1473 1712 1593 1740 omnium
1612 1720 1719 1747 quoque
1741 1714 1845 1741 radices

1053 1758 1261 1792 comprehensas
1275 1758 1344 1793 apud
1359 1766 1389 1785 se
1402 1758 1509 1785 retinet.
1524 1758 1562 1785 Ac
1581 1757 1711 1791 Propheta
1737 1758 1844 1793 quidem

1053 1803 1198 1838 Apostolus
1219 1810 1279 1831 esse
1293 1811 1345 1831 non
1360 1808 1446 1838 potest
1469 1808 1496 1831 et
1519 1802 1647 1837 Propheta
1669 1811 1676 1829 :
1700 1804 1747 1831 sed
1769 1804 1844 1838 Apo-

1053 1850 1138 1877 stolus
1159 1854 1200 1877 est
1214 1850 1293 1877 etiam
1315 1849 1424 1877 omnino
1448 1849 1591 1884 Propheta,
1615 1853 1642 1876 ct
1653 1849 1751 1884 gratias
1764 1849 1846 1877 habet

1052 1896 1229 1928 curationum,
1246 1901 1273 1923 et
1293 1903 1392 1931 genera
1418 1896 1577 1931 linguarum,
1598 1901 1625 1923 et
1646 1896 1844 1931 interpretatio-

1053 1949 1101 1969 nes
1127 1941 1277 1977 linguarum
1302 1950 1310 1968 :
1335 1945 1476 1977 propterea
1493 1941 1659 1976 principatus
1672 1945 1699 1968 et
1713 1941 1787 1968 radix
1802 1945 1844 1968 est

1053 1988 1207 2024 gratiarum.

1088 2035 1115 2062 4.
1132 2034 1214 2062 Porro
1224 2038 1252 2061 ut
1267 2033 1323 2061 lucc
1338 2033 1373 2060 ita
1385 2040 1414 2060 se
1427 2032 1525 2060 habere
1536 2037 1650 2066 constet,
1660 2037 1755 2060 testem
1766 2033 1843 2060 vobis

1053 2080 1156 2107 adduco
1164 2079 1283 2107 Paulum.
1293 2079 1368 2106 Prius
1377 2084 1464 2106 tamen
1472 2079 1561 2106 dicere
1567 2079 1701 2110 convenit,
1708 2079 1770 2114 quid
1779 2079 1842 2106 illud

1054 2126 1159 2154 tandem
1173 2127 1216 2155 sit.
1228 2133 1325 2160 genera
1342 2125 1508 2160 linguarum?
1526 2125 1594 2158 Quid
1606 2125 1685 2160 igitur
1694 2130 1735 2153 est
1745 2133 1843 2160 genera

1054 2171 1220 2206 linguarum?
1228 2171 1296 2198 Olim
1305 2170 1377 2205 isqui
1387 2170 1534 2205 baptizatus
1548 2171 1644 2203 fuerat,
1649 2177 1677 2198 et
1683 2171 1817 2198 credidero
1823 2176 1841 2202 ι,

1053 2219 1142 2246 statim
1154 2218 1186 2245 ad
1197 2217 1311 2252 Spiritus
1321 2217 1560 2245 maniiestationem
1567 2217 1679 2245 diversis
1694 2217 1789 2251 linguis
1804 2217 1842 2243 lo-

1052 2264 1259 2300 quebatur.Nam
1267 2265 1392 2299 quoniam
1398 2264 1483 2291 adhuc
1490 2263 1677 2292 imbecilliores
1682 2268 1757 2291 erant
1763 2263 1843 2289 homi-

1053 2318 1101 2338 nes
1109 2310 1243 2342 illiusmvi,
1250 2315 1276 2338 et
1282 2310 1428 2345 spiritualia
1435 2309 1503 2337 dona
1511 2317 1563 2337 non
1570 2309 1783 2344 poterantoculis
1789 2317 1843 2335 ta:-

1053 2356 1111 2384 neis
1118 2357 1250 2389 contueri,
1257 2355 1382 2383 sensibile
1391 2355 1488 2382 donum
1497 2355 1619 2387 dabatur,
1627 2359 1656 2381 ut
1666 2354 1844 2382 innotescerct

1053 2402 1302 2438 spirituale,quique
1308 2402 1454 2437 baptizatus
1462 2401 1651 2435 fuerat,statim
1660 2401 1745 2436 lingua
1753 2405 1843 2427 nostra

1053 2452 1081 2476 et
1094 2448 1210 2479 Persica,
1222 2452 1249 2474 et
1263 2447 1361 2479 Indica,
1376 2452 1403 2474 ct
1415 2446 1538 2482 Scythica
1562 2445 1738 2481 loquebatur;
1762 2445 1800 2472 sic
1816 2449 1844 2471 ut

1053 2502 1113 2522 eum
1125 2493 1224 2528 Spiritu
1236 2498 1328 2520 sancto
1341 2492 1467 2520 donatum
1481 2499 1540 2519 esse
1556 2491 1735 2526 intelligerent
1748 2490 1841 2517 inlide-

1053 2540 1102 2568 les.
1115 2540 1154 2567 Ac
1164 2539 1269 2574 signum
1281 2538 1389 2573 quidem
1404 2538 1527 2566 sensibus
1542 2537 1692 2572 subjectum
1706 2541 1773 2567 erat,
1784 2536 1842 2563 talis

1052 2586 1158 2621 inqttatn
1172 2591 1242 2617 vox;
1265 2584 1397 2619 siquidem
1411 2583 1532 2618 corporis
1555 2590 1637 2610 sensu
1660 2582 1731 2609 illam
1753 2581 1843 2609 audie-

1051 2631 1116 2658 bant
1128 2639 1134 2658 :
1147 2630 1312 2666 spiritualcm
1326 2634 1425 2662 autem,
1436 2633 1465 2657 et
1477 2636 1536 2664 qua:
1547 2628 1656 2656 minime
1670 2628 1840 2660 cernebatur,

1052 2677 1168 2712 Spiritus
1192 2676 1303 2711 gratiam
1325 2675 1473 2710 subjectum
1495 2674 1616 2702 sensibus
1644 2674 1748 2709 signum
1773 2672 1842 2700 istud

1051 2724 1175 2751 omnibus
1185 2723 1352 2750 manifestam
1369 2721 1504 2749 reddebat.
1520 2720 1554 2748 Et
1569 2720 1619 2748 hoc
1629 2721 1732 2756 signant
1745 2727 1841 2755 genera

1053 2771 1201 2805 linguarum
1217 2769 1408 2804 appellabatur.
1423 2768 1473 2801 Qui
1487 2768 1558 2795 enim
1585 2768 1690 2794 unicam
1712 2774 1726 2793 a
1750 2771 1842 2793 natura

1052 2816 1168 2851 linguam
1183 2815 1307 2848 habebat,
1321 2814 1451 2842 beneficio
1465 2814 1557 2849 gratia:
1579 2813 1659 2840 variis
1671 2819 1703 2839 ac
1716 2811 1841 2839 dill'ereu-

1053 2862 1122 2891 libus
1141 2862 1238 2897 linguis
1249 2859 1417 2895 Joqttcliatur
1434 2869 1441 2887 τ
1466 2867 1498 2887 ac
1521 2858 1612 2886 videre
1627 2863 1684 2885 erat
1707 2856 1843 2884 hominem
