4054 6216
471 479 544 536 95
1191 465 1248 523 S.
1289 463 1568 522 JOANNIS
1604 460 2079 521 CHRYSOSTOMI
2116 461 2435 519 ARCHIEP.
2476 463 3012 522 CONSTANTINOP.
3685 466 3753 526 π

465 604 530 644 ac
570 583 884 643 sententiam
913 578 1105 636 deinde
1144 577 1470 648 pronuntiet.
1513 576 1697 646 Neque
1738 575 1880 631 enim
1931 583 2053 629 ante

464 696 622 753 quam
661 677 961 734 sciscitetur
983 717 1000 744 ,
1033 674 1134 730 fert
1178 674 1494 728 sententiam
1525 690 1537 724 :
1567 684 1885 740 quamquam
1913 667 2055 722 enim

466 772 806 829 manifestum
835 778 954 824 erat
978 767 1265 832 delictum,
1295 774 1474 818 tamen
1516 771 1575 816 ut
1611 763 1766 816 nobis
1806 761 1895 828 qui
1927 757 2058 812 foris

464 865 737 918 adstamus
779 857 1124 930 persuaderet
1149 856 1348 925 justam
1379 868 1407 906 a
1433 868 1493 908 se
1534 851 1661 907 ferri
1689 849 2009 904 sententiam
2036 888 2051 912 ,

465 964 746 1024 propterea
777 950 1248 1019 interrogationem
1290 945 1505 1001 adhibet
1539 943 1621 998 his
1650 942 1828 998 verbis
1857 949 2012 995 utens
2041 957 2054 992 :

465 1047 570 1100 Cur
596 1043 817 1113 implevit
845 1051 1048 1096 satanas
1071 1056 1158 1094 cor
1202 1049 1381 1102 tuum,
1404 1046 1474 1090 .ut
1517 1034 1800 1088 mentireris
1838 1031 2059 1101 Spiritui

467 1144 641 1190 sancto
665 1173 682 1198 ,
725 1142 771 1186 et
813 1131 1077 1202 fraudares
1126 1127 1188 1181 de
1239 1128 1400 1197 pretio
1445 1125 1598 1194 agri?
1639 1122 1824 1176 Nonne
1850 1135 2060 1173 manens

468 1227 556 1280 tibi
585 1223 835 1288 manebat,
865 1231 912 1274 et
934 1219 1285 1273 venumdatam
1313 1219 1365 1270 in
1396 1225 1483 1269 tua
1501 1223 1608 1268 erat
1636 1210 1914 1281 potestate?
1938 1208 2060 1261 Non

465 1336 518 1372 es
548 1316 781 1370 mentitus
809 1311 1126 1375 hominibus,
1167 1309 1255 1361 sed
1286 1308 1392 1360 Deo
1423 1305 1570 1376 (Act.
1612 1304 1666 1358 5.
1709 1303 1761 1356 5.
1789 1303 1822 1355 4
1845 1302 1883 1368 ).
1923 1297 2060 1366 Quid

470 1409 626 1478 igitur
653 1403 874 1458 audiens
911 1401 1002 1455 ille
1031 1413 1308 1453 sermones
1334 1397 1506 1450 istos?
1535 1393 1775 1455 Cecidit,
1804 1400 1857 1444 et
1885 1389 2064 1459 exspi-

473 1497 632 1552 ravit.
659 1493 823 1549 Vides
847 1499 898 1545 ut
922 1489 1154 1563 gladium
1177 1489 1337 1542 etiam
1364 1485 1595 1539 habeant
1617 1480 1896 1552 Apostoli?
1924 1479 2059 1532 Cum

467 1587 734 1640 dicentem
761 1580 982 1635 Paulum
1009 1577 1296 1638 audiveris,
1333 1573 1398 1628 In
1429 1572 1662 1627 omnibus
1687 1569 1913 1640 gladium
1937 1565 2062 1636 Spi-

471 1677 616 1737 ritus,
641 1671 776 1739 quod
801 1679 874 1723 est
902 1667 1103 1720 uerbum
1123 1665 1220 1718 Dei
1249 1663 1482 1736 (,Epltes.
1507 1662 1561 1716 6.
1596 1662 1661 1714 Π
1688 1661 1707 1729 )
1730 1698 1752 1725 ,
1781 1656 2062 1714 recordare

473 1763 755 1820 sententia:
783 1761 954 1824 istius,
983 1757 1121 1828 quod
1175 1769 1434 1824 nusquam
1467 1751 1675 1822 gladius
1713 1750 1783 1804 sit
1810 1790 1826 1815 ,
1859 1757 1912 1802 et
1944 1745 2062 1801 solo

472 1854 638 1908 verbo
665 1850 953 1918 sacrilegus
983 1860 1265 1914 percussus
1306 1842 1580 1897 ceciderit.
1618 1838 1800 1894 Vidisti
1829 1835 2060 1907 gladium

472 1952 755 2000 exacutum
795 1954 858 1994 ac
885 1937 1183 1992 nudatum?
1212 1935 1487 2004 Nusquam
1516 1933 1712 1987 ferrum
1737 1972 1753 1997 ,
1801 1941 2062 1998 nusquam

473 2033 697 2101 capulus
720 2072 734 2094 ,
767 2043 1027 2099 nusquam
1073 2042 1260 2080 manus
1289 2043 1304 2079 '.
1336 2024 1431 2080 sed
1477 2024 1596 2078 loco
1622 2035 1813 2076 manus
1837 2021 2016 2088 lingua
2043 2057 2060 2084 ,

477 2124 637 2179 verba
658 2121 944 2192 proferens
983 2121 1100 2173 loco
1125 2117 1319 2187 gladii,
1364 2115 1643 2170 confestim
1673 2113 1819 2168 illum
1848 2109 2060 2165 occidit.

475 2216 604 2269 Post
629 2213 771 2267 hunc
796 2211 1032 2265 introivit
1073 2224 1242 2271 uxor,
1271 2217 1326 2262 et
1358 2207 1693 2262 occasionem
1730 2203 1802 2256 illi
1839 2215 2064 2256 excusa-

475 2306 635 2362 tionis
651 2346 666 2371 ,
695 2319 878 2358 ansam
894 2302 1070 2356 veniat
1091 2299 1331 2371 praebere
1356 2297 1521 2353 voluit
1545 2313 1557 2349 :
1582 2303 1861 2366 propterea
1883 2305 2066 2346 rursus

475 2394 890 2465 interrogat,Dic
905 2392 1048 2458 mihi,
1066 2393 1109 2446 si
1119 2391 1245 2443 tanti
1264 2405 1442 2460 agrum
1460 2385 1886 2454 rendirtistis(Act.
1910 2383 1963 2438 5.
1983 2382 2064 2452 8).

474 2487 712 2544 Tametsi
729 2501 844 2541 .non
869 2486 997 2538 tanti
1018 2481 1288 2536 venditum
1309 2479 1511 2535 sciebat
1539 2495 1553 2531 :
1587 2476 1679 2532 sed
1708 2483 1764 2529 ut
1785 2475 1948 2543 ipsam
1969 2487 2069 2543 per

480 2578 956 2646 interrogationem
985 2572 1051 2626 ad
1079 2571 1443 2642 penitentiam
1476 2568 1744 2629 invitaret.
1776 2580 1839 2621 ac
1867 2566 2068 2638 peccati

477 2685 538 2725 se
568 2668 966 2730 condemnaret,
989 2671 1042 2718 ct
1063 2661 1137 2716 illi
1159 2661 1368 2716 veniam
1392 2661 1705 2728 impertiret,
1735 2659 1930 2715 idcirco
1949 2673 2066 2713 eam

478 2760 772 2827 interrogat
803 2777 816 2812 :
848 2756 936 2809 illa
982 2763 1157 2808 tamen
1205 2751 1258 2806 in
1300 2751 1624 2820 impudentia
1657 2751 2066 2820 perseverabat;

481 2858 763 2920 propterea
793 2847 844 2900 in
871 2844 1198 2900 consortium
1234 2841 1476 2912 supplicii
1509 2842 1682 2895 mariti
1713 2841 1877 2896 venit.
1914 2841 2072 2896 Vides

480 2940 715 2997 carceris
737 2935 1089 3009 potestatem?
1114 2933 1262 2989 vides
1289 2943 1346 2986 ut
1374 2933 1579 3002 possint
1607 2931 1672 2986 ad
1699 2942 1924 2987 mortem
1951 2932 2074 2986 mit-

480 3042 597 3088 tere
619 3031 645 3083 τ
667 3029 956 3084 Videamus
983 3025 1034 3080 id
1063 3025 1202 3094 quod
1232 3024 1421 3079 melius
1447 3033 1549 3091 est,
1575 3037 1681 3094 quo
1706 3033 1862 3093 pacto
1891 3038 2076 3078 rursus

482 3137 512 3176 a
544 3129 718 3176 morte
744 3125 1011 3174 revocent.
1039 3115 1263 3170 'l‘abitha
1294 3113 1550 3183 discipula
1580 3121 1788 3167 mortua
1813 3123 1930 3182 est,
1957 3128 2076 3184 qua:

484 3211 666 3267 multis
689 3206 1043 3278 eleetnosynis
1067 3204 1294 3261 celebris
1319 3213 1456 3269 erat,
1483 3213 1537 3257 et
1560 3203 1626 3256 ad
1653 3202 1937 3272 Apostolus
1963 3211 2077 3256 sta-

483 3303 579 3358 tim
605 3301 858 3357 curritur.
885 3298 1140 3354 Sciebant
1167 3297 1310 3352 enim
1339 3297 1458 3349 illos
1481 3295 1668 3350 mortis
1691 3309 1756 3349 ac
1781 3296 1903 3349 vita:
1929 3303 2080 3364 pote-

483 3404 676 3450 statem
704 3393 901 3447 habere
931 3410 945 3445 :
974 3390 1210 3444 sciebant
1229 3388 1504 3444 crelestcm
1535 3387 1892 3456 principatum
1930 3387 2082 3442 dela-

488 3501 639 3556 psum
671 3487 724 3538 in
752 3494 940 3538 terras.
965 3481 1098 3546 Quid
1121 3495 1248 3550 ergo
1269 3480 1492 3536 Petrus?
1524 3479 1756 3546 Tabitlia,
1774 3495 1922 3550 surge
1945 3480 2080 3548 (Act.

485 3579 546 3634 9.
571 3578 674 3647 40)
701 3615 717 3641 ,
743 3577 929 3645 inquit.
958 3573 1115 3628 Nullo
1143 3573 1248 3626 alio
1270 3572 1340 3626 illi
1367 3586 1501 3642 opus
1528 3571 1645 3638 fuit,
1671 3587 1778 3626 non
1805 3572 2081 3639 ministris,

487 3684 594 3724 non
623 3665 852 3730 famulis;
881 3662 975 3720 sed
993 3663 1056 3717 ad
1079 3663 1522 3718 resurrectionem
1543 3661 1702 3717 verba
1723 3662 2082 3726 suffecerunt;

487 3775 677 3816 vocem
707 3759 865 3829 igitur
889 3755 1090 3810 audivit
1116 3769 1260 3808 mors
1281 3795 1298 3820 ,
1331 3763 1385 3806 ct
1406 3753 1641 3807 retinere
1681 3761 1946 3807 mortuam
1980 3768 2086 3805 non

491 3852 685 3924 potuit.
717 3848 878 3904 Vides
905 3846 1088 3917 quales
1109 3844 1217 3899 sint
1249 3843 1487 3914 judicum
1513 3841 1738 3897 istorum
1770 3845 1971 3896 voces?
1999 3840 2085 3895 Si-

488 3944 701 4016 quidem
729 3951 1071 3997 cxtcruorum
1113 3937 1352 4007 judicum
1399 3950 1560 3990 voces
1609 3933 1891 3989 imbecillas
1940 3944 2083 3988 sunt.

489 4039 640 4092 Licet
662 4034 805 4091 enim
831 4033 1056 4102 imperet
1083 4045 1148 4084 ex
1176 4029 1282 4082 illis
1308 4027 1569 4097 quiSpiam
1594 4066 1608 4089 ,
1641 4026 1685 4080 si
1715 4025 1942 4079 famulus
1980 4041 2088 4078 non

489 4128 856 4194 obtemperet,
886 4137 972 4176 res
1010 4122 1266 4188 imperata
1301 4117 1709 4186 interrumpitur
1743 4133 1756 4170 :
1791 4115 1877 4170 hic
1905 4125 2084 4169 autem

492 4234 598 4272 non
625 4224 707 4270 est
727 4228 860 4283 opus
879 4211 1107 4275 famulis;
1135 4217 1336 4262 tantum
1365 4207 1517 4273 dixit,
1546 4217 1600 4261 et
1622 4208 1874 4261 continuo
1894 4206 2089 4262 factum

499 4319 600 4365 est.
626 4307 787 4362 Vides
808 4320 991 4359 eorum
1021 4316 1317 4363 carcerem,
1348 4299 1490 4369 quod
1530 4299 1866 4368 magistratus
1895 4311 1978 4354 est
2006 4301 2086 4354 in-

494 4401 646 4471 signe
678 4414 691 4451 :
724 4396 892 4460 vides,
925 4409 1029 4464 quo
1055 4399 1210 4463 pacto
1242 4398 1454 4460 peccata
1482 4387 1772 4452 dimittant,
1799 4403 1906 4458 quo
1938 4397 2092 4458 pacto

496 4499 725 4545 mortem
753 4486 1036 4540 discutiant
1061 4523 1076 4550 ,
1104 4498 1208 4551 quo
1238 4490 1390 4551 pacto
1422 4479 1472 4533 in
1499 4479 1662 4533 vitam
1693 4488 1969 4535 revocent.
2001 4480 2093 4536 Vis

496 4581 764 4650 cingulum
791 4578 950 4632 etiam
976 4576 1188 4630 illorum
1218 4575 1578 4644 cognoscere?
1604 4571 1873 4643 Siquidem
1890 4572 2094 4627 cinctos

498 4672 619 4725 illos
645 4668 790 4724 misit
818 4666 1061 4721 Christus
1083 4681 1186 4719 non
1217 4667 1386 4730 corio,
1431 4664 1524 4719 sed
1547 4666 1773 4718 veritate
1799 4681 1814 4728 ;
1847 4663 1950 4718 hoc
1975 4664 2093 4717 cin-

496 4762 680 4834 gulum
723 4765 964 4812 sanctum
1007 4765 1057 4809 et
1088 4755 1398 4834 spirituale;
1440 4763 1723 4824 propterea
1759 4753 1887 4808 dicit
1917 4771 1930 4804 :
1961 4753 2094 4807 Suc-

500 4832 652 4910 cincti
688 4853 883 4908 lumbos
913 4863 1098 4907 vestros
1128 4853 1178 4905 in
1219 4832 1422 4905 veritate
1455 4852 1474 4921 (
1501 4849 1694 4918 Epltes.
1728 4849 1781 4904 6.
1813 4851 1880 4904 ii
1899 4849 1939 4919 ).
1967 4849 2091 4917 Spi-

503 4946 711 5002 ritualis
738 4944 879 4998 enim
904 4953 986 4998 est
1011 4944 1302 5012 magistram
1337 4959 1386 5004 ι,
1418 4941 1664 5010 quocirca
1690 4940 1819 4993 nihil
1845 4940 2098 4994 sensibile

504 5035 850 5108 quaerendum
875 5051 889 5099 ;
919 5034 1097 5088 Omnis
1126 5034 1322 5103 quippe
1350 5032 1515 5102 gloria
1560 5031 1683 5099 ﬁlia:
1712 5030 1844 5100 regis
1869 5030 1930 5082 ab
1963 5031 2098 5083 intus

504 5131 522 5200 (
550 5129 748 5184 Psalm.
779 5128 868 5184 Δ-ι.
905 5126 969 5181 Η
994 5127 1034 5195 ).

579 5219 855 5288 Curtii/icta
879 5212 1307 5283 habentApostoli
1345 5213 1622 5266 daemonas.
1682 5245 1755 5259 —
1805 5211 1908 5270 Sed
1947 5210 2102 5283 quid?

503 5320 639 5360 num
679 5298 1438 5360 viscarnificesetiamvidere?
1468 5299 1759 5356 Caruilices
1802 5310 1963 5367 sunt,
2008 5300 2097 5371 qui

507 5413 631 5452 reos
663 5396 824 5465 virgis
851 5389 1085 5458 caedunt,
1115 5394 1204 5464 qui
1230 5394 1280 5447 in
1311 5393 1455 5462 ligno
1483 5392 1832 5462 suspendunt,
1857 5399 1911 5446 et
1935 5391 2099 5446 latera

510 5489 815 5552 deradunt,
847 5487 934 5557 qui
981 5485 1282 5556 castigant,
1312 5484 1401 5554 qui
1446 5484 1690 5553 puniunt.
1737 5482 1900 5538 Visne
1943 5483 2103 5552 igitur

514 5580 652 5635 istos
675 5579 903 5633 videre?
931 5577 1046 5633 Non
1077 5575 1321 5630 homines
1347 5575 1564 5641 habent,
1597 5574 1690 5629 sed
1723 5575 1892 5643 ipsum
1918 5572 2102 5628 diabo-

519 5671 650 5734 lum,
669 5681 723 5725 et
739 5669 1008 5723 darmoues
1042 5685 1054 5719 :
1084 5667 1416 5735 quicorpore
1457 5675 1584 5720 sunt
1608 5675 1663 5720 et
1690 5681 1850 5720 carne
1877 5665 2103 5719 circum-

519 5760 665 5827 dati,
697 5761 969 5815 ministras
997 5759 1264 5814 habebant
1310 5759 1652 5828 incorporeas
1692 5759 1934 5813 virtutes.
1967 5760 2100 5815 Audi

523 5865 653 5908 sane
671 5866 777 5922 quo
799 5859 953 5921 pacto
975 5863 1096 5912 cum
1119 5849 1434 5904 auctoritate
1451 5848 1646 5905 Paulus
1669 5849 1770 5906 illis
1791 5849 2098 5920 imperaret:

2166 575 2427 645 siquidem
2457 576 2526 632 de
2550 592 2616 632 eo
2645 578 2734 648 qui
2764 577 3053 633 fornicatus
3077 586 3212 643 erat,
3241 577 3482 632 scribens
3505 577 3751 635 dicebat:

2177 664 2386 720 Tradite
2429 667 2720 738 Imjusmodi
2745 679 2936 722 satana
2958 670 3011 722 in
3041 669 3293 723 interitum
3323 671 3489 723 carnis
3518 672 3536 739 (
3563 673 3612 724 1.
3634 670 3752 725 Cor.

2167 755 2220 810 5.
2254 755 2352 827 5).
2386 757 2590 812 Rursus
2640 774 2762 813 cum
2795 759 2884 812 alii
2916 759 3346 828 blasphemarent
3369 801 3384 826 ,
3439 760 3540 815 hoc
3583 760 3754 829 ipsum

2167 845 2288 900 fecit
2317 846 2566 901 :Tradidi
2589 851 2720 902 enim
2744 851 2879 913 illos,
2908 850 3098 919 inquit,
3119 860 3335 916 satante,
3359 834 3636 904 utdiscant
3657 868 3756 904 non

2166 936 2511 1004 blasphemare
2531 939 2610 1008 (1.
2631 938 2767 994 Tim.
2790 941 2840 994 Ι.
2863 940 2934 994 9.0
2954 939 2994 1008 ).
3009 939 3142 1005 Quid
3164 947 3325 995 restat
3343 941 3757 996 ostendendum?

2167 1044 2293 1082 num
2322 1043 2512 1083 currus
2541 1031 2702 1085 etiam
2747 1031 2866 1085 illos
2894 1030 3137 1086 habere?
3174 1031 3278 1085 Sed
3305 1047 3372 1086 ne
3401 1032 3516 1086 haec
3542 1033 3754 1101 quidem

2167 1123 2320 1177 nobis
2372 1124 2758 1178 demonstratio
2811 1123 3034 1178 deerit:
3083 1123 3344 1193 siquidem
3398 1123 3698 1193 Philippum
3729 1165 3747 1187 ,

2167 1224 2445 1282 postquam
2475 1215 2779 1269 eunuchum
2812 1214 3132 1282 baptizavit,
3180 1223 3236 1267 et
3277 1214 3444 1267 sacris
3487 1213 3758 1284 mysteriis

2167 1302 2428 1370 initiavit,
2457 1318 2578 1359 cum
2620 1303 2996 1358 revertendum
3050 1304 3120 1356 illi
3152 1312 3329 1366 esset,
3381 1305 3558 1373 rapuit
3583 1304 3757 1372 ipsum

2170 1393 2440 1463 Spiritus,
2487 1404 2541 1449 et
2567 1411 2597 1448 a
2627 1395 2838 1450 deserto
2869 1395 3154 1449 translatus
3194 1394 3350 1449 Azoti
3391 1403 3633 1462 repertus
3677 1405 3761 1449 est

2164 1486 2319 1555 (Act.
2352 1486 2408 1541 8.
2436 1487 2524 1542 39.
2555 1487 2624 1542 ιο
2643 1486 2683 1556 ).
2715 1486 2876 1541 Vides
2914 1501 3133 1540 currum
3163 1486 3360 1540 alatum
3383 1486 3406 1536 ν
3429 1485 3579 1540 vides
3619 1485 3761 1540 cele-

2165 1578 2279 1632 rius
2303 1589 2462 1633 vento
2500 1579 2838 1634 vehiculum?
2864 1579 3068 1634 Rursus
3110 1579 3162 1632 in
3195 1578 3494 1648 paradisum
3541 1594 3761 1650 pergere

2164 1671 2483 1741 Apostolum
2509 1673 2782 1742 oportuit,
2813 1681 2957 1725 tanta
2982 1671 3187 1726 itineris
3211 1671 3611 1740 longinquitate,
3652 1682 3758 1724 tam

2168 1763 2430 1819 immenso
2456 1763 2700 1819 dissitum
2744 1764 3026 1819 intervallo
3056 1780 3070 1814 :
3102 1771 3211 1816 tum
3249 1763 3338 1816 ille
3377 1762 3554 1817 subito
3579 1771 3760 1830 raptus

2168 1853 2290 1908 illuc
2307 1854 2458 1908 nullo
2471 1855 2686 1925 negotio
2701 1864 2753 1908 et
2782 1854 2833 1908 in
2853 1853 2997 1909 brevi
3027 1862 3299 1907 momento
3319 1853 3575 1921 temporis
3590 1861 3756 1906 trans-

2165 1945 2439 2002 ferebatur
2486 1944 2584 2018 (2.
2613 1941 2731 1999 Cor.
2766 1943 2852 1997 19..
2871 1943 2907 1996 2
2927 1942 2968 2014 ).
3009 1943 3166 1998 Tales
3193 1943 3350 2011 igitur
3373 1955 3566 1994 currus
3593 1948 3716 1993 sunt
3742 1957 3760 1994 :

2167 2048 2268 2088 vox
2294 2045 2469 2089 autem
2518 2035 2779 2104 pneconis
2824 2043 2906 2088 cst
2936 2075 2950 2098 ,
2983 2042 3038 2088 ct
3069 2034 3181 2102 ipsa
3231 2047 3414 2087 rursus
3456 2032 3763 2102 magistratu

2165 2125 2346 2197 digna.
2385 2127 2500 2181 Non
2523 2128 2670 2182 enim
2708 2125 3059 2182 antecedebat
3083 2126 3203 2181 illos
3233 2126 3394 2179 homo
3419 2140 3604 2180 vocem
3625 2125 3750 2178 mit-

2169 2224 2289 2270 tcns
2308 2258 2324 2282 ,
2348 2233 2532 2273 verum
2560 2218 2789 2288 Spiritus
2811 2218 2978 2288 gratia
2997 2260 3015 2285 ,
3043 2227 3097 2272 ct
3125 2232 3220 2287 per
3247 2216 3498 2271 miracula
3539 2215 3763 2270 demou-

2169 2307 2356 2362 stratio
2375 2309 2560 2377 quavis
2589 2309 2710 2365 tuba
2731 2308 3007 2364 clariorem
3028 2323 3210 2364 vocem
3238 2307 3497 2374 mittebat,
3521 2316 3680 2377 atque
3695 2309 3767 2361 ita

2170 2397 2311 2451 viam
2331 2399 2437 2453 illis
2465 2399 2660 2469 ubique
2689 2400 2938 2455 faciebat.
2961 2399 3034 2454 Et
3050 2399 3494 2469 quemadmodum
3522 2399 3573 2453 in
3595 2399 3762 2454 multa

2171 2486 2427 2557 dignitate
2450 2503 2514 2543 ac
2542 2490 2929 2560 magniﬁcentia
2952 2489 3226 2544 constituti
3255 2499 3380 2543 sunt
3399 2489 3762 2557 magistratus,

2172 2594 2273 2634 nec
2291 2580 2486 2634 audent
2503 2581 2687 2650 privati
2707 2582 2901 2650 passim
2917 2595 3042 2635 cum
3067 2580 3172 2635 illis
3193 2579 3404 2634 misceri
3430 2597 3445 2634 :
3467 2578 3546 2634 sic
3562 2580 3614 2633 in
3628 2579 3770 2648 Apo-

2174 2672 2325 2726 stolis
2353 2671 2629 2726 accidebat
2655 2671 3000 2727 :Cteterorum
3028 2671 3195 2735 enim,
3222 2671 3411 2740 inquit,
3441 2686 3586 2724 nemo
3609 2671 3770 2724 audc-

2175 2762 2257 2814 bat
2283 2777 2337 2815 se
2363 2763 2670 2833 conjungere
2705 2763 2847 2826 illis;
2874 2763 2968 2817 sed
3012 2763 3364 2832 magniﬁcabat
3417 2778 3502 2815 eos
3549 2763 3766 2831 populus

2178 2854 2196 2920 (
2221 2853 2332 2905 Act.
2355 2854 2410 2908 5..
2434 2854 2502 2908 15
2523 2855 2564 2923 ).
2585 2853 2746 2909 Vides
2765 2853 2995 2908 carceris
3017 2861 3356 2923 potestatem,
3375 2861 3434 2907 et
3462 2853 3769 2907 rcmittendi

2177 2945 2354 3001 debita
2379 2946 2703 3012 facultatem,
2726 2953 2781 3000 et
2802 2945 3004 3016 gladios
3021 2945 3139 2999 illos
3165 2944 3433 3010 habuisse,
3454 2945 3772 3015 cinguloque

2181 3035 2342 3092 fuisse
2378 3035 2694 3105 praecinctos
2717 3076 2732 3102 ,
2779 3050 2937 3088 curru
2967 3044 3149 3088 vectos
3173 3075 3188 3100 ,
3232 3048 3416 3089 vocem
3468 3035 3771 3105 prrecedere

2181 3127 2369 3198 quavis
2395 3127 2517 3182 tuba
2543 3127 2844 3191 clariorem,
2878 3135 2934 3180 et
2957 3125 3013 3179 in
3042 3125 3207 3180 multa
3235 3139 3428 3195 pompa
3455 3124 3574 3179 illos
3604 3123 3771 3179 fuisse

2181 3233 2245 3272 ac
2270 3216 2554 3287 splendore
2578 3217 2859 3271 decoratos
2877 3216 2904 3269 tl

2253 3310 2308 3364 6.
2343 3310 2425 3363 Ad
2467 3325 2627 3379 nuper
2661 3308 2973 3364 illuminatos
3008 3307 3311 3362 cohortatio.
3337 3337 3410 3348 —-
3443 3307 3558 3362 Jam
3587 3321 3767 3378 opera:

2187 3400 2416 3468 pretium
2446 3398 2606 3454 fuerit
2629 3407 2684 3454 et
2711 3413 2898 3453 omnes
2928 3397 3137 3452 illorum
3178 3412 3265 3452 res
3303 3398 3556 3466 praeclare
3594 3408 3772 3466 gestas

2187 3489 2422 3545 indicare
2443 3530 2461 3555 ,
2493 3498 2547 3544 et
2571 3503 2689 3559 qure
2721 3488 2931 3543 illorum
2963 3487 3015 3542 in
3045 3487 3228 3542 orbem
3267 3495 3524 3540 terrarum
3563 3495 3774 3542 exstent

2187 3585 2466 3640 beneficia.
2491 3583 2622 3637 Nam
2657 3590 2712 3637 et
2750 3581 2854 3636 hoc
2888 3580 3284 3650 magistratuum
3308 3588 3430 3643 est,
3459 3588 3515 3632 ut
3542 3595 3648 3633 non
3677 3579 3775 3633 ho-

2189 3691 2319 3731 uere
2347 3684 2550 3728 tantum
2588 3672 2864 3735 fruantur,
2905 3670 2996 3725 sed
3033 3677 3088 3724 et
3114 3669 3331 3723 multam
3362 3667 3772 3723 sollicitudinem

2189 3775 2242 3820 et
2269 3780 2453 3820 curam
2478 3778 2602 3834 erga
2639 3761 2879 3817 subditos
2907 3775 3015 3830 pra:
3039 3774 3100 3815 se
3125 3757 3315 3812 ferant.
3345 3757 3453 3812 Sed
3485 3758 3593 3826 jam
3625 3758 3773 3826 plura

2189 3857 2330 3912 dicta
2361 3862 2518 3919 sunt,
2549 3868 2706 3924 quam
2737 3844 3043 3922 oportebat.
3061 3849 3320 3918 Quocirca
3345 3849 3411 3902 ad
3437 3849 3597 3902 alium
3623 3847 3777 3903 diffe-

2192 3963 2318 4002 rens
2359 3947 2457 4000 ista
2497 3953 2806 4008 tractatum,
2846 3942 2912 3996 ad
2957 3956 3142 3996 eorum
3185 3940 3606 3994 cohortationem
3631 3980 3647 4005 ,
3681 3941 3776 4008 qui

2193 4053 2362 4108 nuper
2392 4035 2672 4091 illuminati
2703 4041 2846 4098 sunt,
2877 4030 3154 4086 traducere
3187 4044 3486 4084 sermonem
3516 4029 3774 4083 conabor.

2193 4129 2362 4183 Nemo
2382 4135 2558 4181 autem
2583 4125 2861 4180 consilium
2885 4121 3158 4177 existimet
3183 4120 3609 4190 intempestivum
3634 4119 3777 4188 :jam

2195 4219 2337 4273 enim
2365 4216 2475 4270 dixi
2506 4229 2611 4268 non
2644 4213 2802 4267 modo
2830 4220 2948 4281 post
2974 4210 3161 4266 decem
3201 4219 3257 4264 et
3296 4209 3475 4279 viginti
3505 4209 3654 4273 dies,
3681 4210 3779 4264 sed

2195 4319 2247 4362 et
2272 4316 2391 4378 post
2416 4305 2600 4360 decem
2629 4313 2684 4359 et
2710 4303 2894 4372 viginti
2926 4315 3096 4355 annos
3132 4314 3294 4370 posse
3322 4314 3491 4368 nuper
3516 4298 3782 4352 illumina-

2197 4409 2280 4454 tos
2306 4398 2484 4452 vocari
2505 4411 2622 4460 eos,
2652 4395 2740 4465 qui
2767 4393 3037 4464 mysteriis
3063 4391 3252 4444 initiati
3283 4398 3427 4455 sunt,
3456 4391 3501 4444 si
3523 4390 3707 4459 vigiles
3727 4399 3783 4444 et

2195 4490 2360 4545 sobrii
2391 4488 2605 4542 fuerint.
2629 4485 2742 4552 Qua
2771 4485 2928 4553 igitur
2949 4482 3146 4551 optima
3171 4481 3237 4534 ad
3269 4481 3388 4534 illos
3413 4479 3784 4534 cohortatione

2199 4578 2451 4634 utemur?
2476 4578 2530 4632 Si
2558 4576 2808 4631 nimirum
2840 4575 2905 4629 iis
2935 4573 3148 4627 modum
3189 4571 3478 4625 nativitatis
3501 4571 3554 4625 in
3579 4584 3784 4624 memo-

2201 4673 2334 4726 riam
2372 4684 2706 4733 rcvocemus,
2735 4677 2791 4722 et
2818 4666 3050 4736 priorem
3081 4674 3134 4719 et
3162 4664 3532 4733 posteriorem,
3563 4672 3784 4717 natura-

2200 4764 2303 4818 lem
2344 4778 2407 4816 ac
2443 4760 2768 4830 spiritualem
2789 4799 2804 4822 ,
2836 4767 2890 4812 et
2922 4755 3188 4825 quodnam
3229 4756 3299 4809 sit
3341 4755 3480 4808 inter
3509 4764 3786 4824 utramque

2201 4853 2527 4908 nativitatem
2553 4849 2861 4912 discrimen,
2889 4844 3255 4900 ostendamus.
3278 4845 3390 4901 lmo
3415 4858 3540 4896 vero
3567 4858 3788 4898 necesse

2203 4961 2308 4998 non
2345 4952 2465 5004 est,
2499 4948 2557 4994 ut
2595 4954 2659 4993 ex
2700 4938 2852 4992 nobis
2892 4937 2969 4990 illi
3011 4935 3110 4990 ista
3147 4935 3355 4988 discant
3383 4950 3398 4986 :
3425 4933 3539 5003 ipse
3569 4935 3788 4987 touitrui

2203 5036 2340 5089 ﬁlius
2357 5033 2424 5087 de
2446 5033 2526 5086 his
2552 5033 2696 5100 ipsos
2719 5030 3046 5095 admonebit,
3071 5029 3297 5083 dileCtus
3316 5026 3513 5081 Christi
3532 5026 3786 5080 Joannes.

2201 5123 2337 5190 Quid
2366 5124 2522 5192 igitur
2549 5122 2639 5174 ille
2663 5121 2824 5174 dicit?
2857 5120 3111 5188 Quotquot
3141 5127 3309 5170 autem
3337 5125 3627 5185 receperunt
3652 5131 3788 5179 eum,

2202 5214 2336 5268 dedit
2357 5215 2426 5268 eis
2448 5221 2737 5281 potestatem
2761 5211 2894 5278 ﬁlios
2915 5208 3012 5262 Dei
3036 5209 3146 5277 fieri
3174 5207 3351 5279 (Joan.
3374 5209 3423 5261 1.
3451 5207 3541 5276 12)
3567 5205 3796 5259 :deindc

2205 5305 2435 5374 priorem
2479 5303 2581 5357 illis
2622 5301 2953 5356 nativitatem
2983 5301 3037 5354 in
3068 5299 3378 5353 memoriam
3409 5310 3665 5352 revocans
3691 5337 3706 5360 ,
3741 5307 3793 5350 et
3888 5310 3890 5312 '

2203 5412 2269 5452 ex
2302 5396 2696 5465 comparatione
2721 5393 3053 5448 sanctitatem
3085 5406 3148 5445 ac
3173 5391 3483 5460 dignitatem
3514 5390 3798 5459 praesentis

2203 5491 2388 5560 gratia:
2414 5489 2713 5553 declarans,
2740 5489 2818 5541 sic
2843 5487 2917 5541 ait
2945 5504 2959 5540 :
2989 5484 3088 5550 Qui
3115 5501 3216 5538 non
3242 5501 3304 5538 ea:
3330 5481 3677 5554 sanguinibus,
3706 5496 3802 5534 ne-

2205 5598 2302 5652 que
2328 5597 2393 5635 ea;
2419 5581 2672 5634 voluntate
2703 5579 2828 5643 viri,
2857 5577 2946 5632 sed
2972 5593 3037 5632 ea:
3078 5576 3184 5630 Deo
3226 5577 3332 5630 nati
3371 5585 3487 5630 sunt
3517 5571 3703 5642 (Joan.
3741 5572 3793 5626 Ι.

2210 5673 2321 5742 15).
2347 5670 2465 5726 Uno
2488 5670 2653 5724 verbo
2679 5668 3007 5724 nobilitatem
3034 5665 3244 5724 illorum
3267 5665 3545 5735 expressit.
3568 5661 3614 5717 0
3640 5677 3801 5716 mun-

2209 5762 2276 5816 da
2321 5761 2545 5816 natalia!
2583 5775 2617 5814 o
2655 5758 2955 5828 spitituales
2996 5761 3204 5826 partus!
3235 5771 3269 5810 ο
3303 5771 3436 5816 nova
3481 5752 3796 5825 puerperia!

2215 5855 2330 5909 sine
2360 5862 2509 5908 utero
2535 5851 2832 5920 conceptio,
2858 5849 2972 5905 sine
2998 5856 3181 5904 ventre
3210 5847 3476 5915 uativitas,
3499 5846 3614 5903 sine
3632 5859 3804 5899 carne
