4096 6222
462 293 532 351 97
1194 302 1251 352 S.
1291 297 1574 354 JOANNIS
1612 294 2096 355 CHRYSOSTOMI
2133 295 2447 356 ARCIIIEP.
2481 295 3030 356 CONSTANTINOP.
3649 293 3724 349 98

459 406 555 469 κδς
605 405 786 467 τόκος.
831 405 991 468 τόκος
1040 405 1430 476 πνευματικὸς,
1477 407 1636 470 τόκος
1686 411 1751 462 ἐκ
1820 410 2044 482 χάριτος

459 491 556 543 καὶ
592 488 1004 559 φιλανθρωπίας
1046 487 1205 549 Θεοῦ,
1254 489 1411 550 τόκος
1465 489 1806 561 εὐφροσύνης
1855 494 2047 562 γέμων

462 569 556 622 καὶ
594 571 788 638 χαρᾶς.
838 569 982 620 Ἀλλ’
1016 571 1078 623 οὐ
1113 570 1358 632 τοιοῦτος
1387 571 1415 622 6
1448 571 1735 640 πρότερος,
1779 573 1898 626 ἀλλ’
1935 575 2047 627 ἀπὸ

463 653 680 722 θρήνων
721 653 835 720 ἔχει
865 653 965 723 τὴν
1007 655 1204 725 ἀρχήν.
1239 655 1312 706 Τὸ
1339 654 1446 724 γὰρ
1474 654 1688 707 παιδίον
1715 658 1781 708 ἐκ
1803 657 1902 726 τῆς
1938 660 2046 728 μή·

463 743 599 801 τρας
642 734 948 787 όλισθαῖνον
979 737 1074 788 καὶ
1107 738 1170 788 ἐκ
1209 737 1306 804 τῆς
1349 735 1541 806 νηδύος
1579 740 2042 808 καταφερόμενον,

463 813 690 884 πρώτην
723 818 906 885 φωνὴν
935 817 1075 886 μετά
1098 817 1352 888 δακρύων
1382 817 1658 880 ἐκϐάλλει,
1688 821 1941 893 καθάπερ
1962 824 2047 886 τίς

463 913 636 964 φησι·
688 898 935 965 Πρώτην
981 899 1193 967 φωνὴν
1224 899 1340 967 τὴν
1390 902 1604 968 ὁμοίαν
1655 901 1884 957 ἅπασιν
1941 906 2049 958 ἶσα

462 980 708 1032 κλαίων.
748 983 850 1034 Διά
881 982 1096 1053 θρήνων
1129 983 1236 1054 γὰρ
1262 985 1294 1052 ή
1330 984 1533 1048 εἴσοδος
1562 987 1643 1048 εἰς
1674 987 1766 1039 τὸν
1793 987 1930 1056 βίον,
1959 988 2048 1041 διὰ

462 1063 712 1134 δακρύων
753 1068 1036 1136 προοίμια,
1073 1068 1172 1135 τῆς
1220 1067 1436 1134 φύσεως
1460 1068 1522 1120 τὸ
1571 1069 1763 1139 μέλλον
1791 1070 2048 1141 ὀδυνηρὸν

464 1148 989 1218 προαναφωνούσης.
1009 1149 1074 1202 Τί
1100 1149 1281 1202 κλαίει
1303 1149 1364 1202 τὸ
1389 1149 1601 1203 παιδίον
1626 1153 1705 1214 είς
1730 1151 1846 1218 φῶς
1868 1151 2045 1218 ἐλθόν;

464 1229 563 1282 Διά
589 1231 776 1283 τοῦτο·
805 1233 911 1301 πρὸ
938 1233 1036 1301 μὲν
1063 1232 1163 1300 τῆς
1191 1231 1465 1301 ἁμαρτίας
1499 1231 1682 1299 ἔλεγεν
1711 1235 1739 1284 6
1759 1233 1911 1296 Θεὸς,
1932 1235 2049 1288 A13-

468 1302 746 1373 ξάνεσθε,
792 1315 889 1365 καὶ
935 1315 1341 1380 πληθύνεσθε,
1391 1315 1530 1384 ὅπερ
1573 1314 1823 1382 εὐλογίας
1849 1311 1952 1386 ἦν’
1985 1315 2048 1368 τδ

463 1393 543 1452 δέ,
598 1395 945 1458 Ἐνλύπαις
993 1395 1134 1463 τέξῃ
1184 1397 1387 1458 τέκνα,
1431 1398 1570 1465 μετά
1608 1397 1709 1466 τὴν
1747 1400 2045 1470 ἁμαρτίαν,

464 1477 602 1545 ὅπερ
629 1477 899 1544 τιμωρίας
923 1473 1012 1547 ἦν.
1049 1479 1124 1529 Οὐ
1155 1479 1366 1548 δάκρυα
1390 1479 1448 1531 δέ
1478 1480 1536 1532 ἐν
1569 1482 1636 1548 τῇ
1673 1481 1926 1550 γεννήσει
1959 1481 2049 1550 μό-

475 1575 579 1620 νον,
621 1559 758 1610 ἀλλά
788 1559 903 1630 [81]
941 1563 1035 1612 καὶ
1062 1561 1356 1631 σπάργανα
1380 1563 1476 1614 καὶ
1505 1561 1715 1630 δεσμά*
1751 1561 1962 1627 δάκρυα
1988 1565 2048 1616 ἐν

463 1643 530 1710 τῇ
566 1644 844 1711 γεννήσει,
884 1645 1095 1714 δάκρυα
1143 1647 1200 1696 ἐν
1231 1645 1448 1713 Θανάτῳ
1473 1661 1485 1674 ·
1521 1644 1810 1714 σπάργανα
1843 1647 1902 1697 ἐν
1925 1662 2046 1712 γεν-

467 1726 643 1793 νήσει,
695 1728 984 1794 σπάργανα
1018 1731 1075 1779 ἐν
1113 1727 1363 1797 θανάτῳ·
1415 1727 1501 1779 ἵνα
1558 1727 1735 1799 μάθῃς
1780 1729 1862 1780 ὅτι
1911 1728 2049 1798 πρὸς

466 1806 699 1859 θάνατον
729 1812 760 1878 ή
810 1809 923 1880 ζωὴ
968 1811 1106 1878 αῦτη
1155 1811 1404 1880 τελευτᾷ,
1440 1811 1535 1863 καὶ
1570 1811 1706 1880 πρὸς
1739 1812 1917 1864 ἐκεῖνο
1954 1829 2048 1864 κα-

465 1889 756 1960 ταστρέφει
791 1891 852 1943 τὸ
883 1891 1056 1956 τέλος.
1106 1892 1246 1945 Ἀλλ’
1281 1893 1380 1962 οὐχ
1400 1895 1433 1963 ἡ
1461 1893 1716 1962 γέννησις
1745 1892 1910 1962 αῦτη.
1942 1895 2048 1946 Οὐ-

2147 409 2320 481 δαμοῦ
2345 409 2554 480 δάκρυα
2577 409 2671 461 καὶ
2697 409 3008 478 σπάργανα,
3049 404 3186 459 ἀλλά
3225 401 3516 473 λελυμένος
3534 405 3562 457 6
3593 417 3720 468 γεν-

2151 494 2354 564 νηθεὶς,
2372 493 2465 544 καὶ
2495 491 2631 561 πρὸς
2647 490 2862 557 ἀγῶνας
2879 487 3398 559 παρεσκευασμένος
3417 497 3432 516 ⁹
3450 483 3540 536 διὰ
3562 482 3722 535 τοῦτο

2149 579 2338 646 ἄφετοι
2361 578 2411 628 οί
2437 575 2596 636 πόδες
2625 575 2792 627 καὶαι
2819 577 3019 644 χεῖρες,
3037 573 3125 624 ἵνα
3142 569 3310 640 τρέχῃ
3335 569 3428 620 καὶ
3453 565 3722 634 πυκτεύη·

2148 657 2387 728 οὐδαμοῦ
2441 656 2664 727 θρῆνος,
2723 655 2964 725 οὐδαμοῦ
3027 653 3240 724 δάκρυα
3293 649 3556 711 ἐνταῦθα,
3610 649 3726 701 ἀλλ’

2148 738 2455 808 ἀσπασμοὶ,
2494 737 2590 790 καὶ
2621 737 2816 804 φιλίαι,
2854 738 2949 789 καὶ
2977 736 3304 807 περιπλοκαί
3340 734 3448 787 τῶν
3481 730 3726 799 ἀδελφῶν

2146 822 2208 875 τὸ
2240 823 2438 874 οἰκεῖον
2467 819 2630 890 μέλος
2658 820 3154 886 ἐπιγινωσκόντων,
3182 818 3278 870 καὶ
3307 816 3496 887 ὥσπερ
3521 819 3584 868 ἐκ
3622 831 3726 882 μα-

2148 905 2286 974 κρᾶς
2310 902 2690 956 ἀπολαϐόντων
2719 901 3050 971 ἀποδημίας.
3093 899 3310 970 Ἐπειδὴ
3347 897 3458 968 γὰρ
3491 895 3598 964 πρὸ
3629 893 3726 946 τοῦ

2149 986 2501 1056 φωτίσματος
2529 983 2724 1055 ἐχθρὸς
2751 979 2843 1054 ἦν,
2876 983 3016 1052 μετά
3061 983 3118 1036 δέ
3150 983 3212 1034 τὸ
3245 981 3502 1049 φώτισμα
3534 977 3726 1045 γέγονε

2148 1071 2302 1139 φίλος
2327 1070 2423 1123 τοῦ
2453 1068 2634 1122 κοινοῦ
2659 1069 2879 1122 πάντων
2907 1071 2940 1138 ή
2951 1067 3066 1138 μῶν
3109 1065 3406 1125 Δεσπότου,
3439 1061 3529 1116 διά
3567 1059 3728 1112 τοῦτο

2149 1156 2352 1218 πάντες
2383 1153 2729 1223 συνηδόμεθα
2747 1168 2761 1182 ⁸
2789 1154 2878 1206 διὰ
2899 1152 3057 1205 τοῦτο
3082 1150 3179 1204 καὶ⁷
3208 1149 3270 1202 τὸ
3299 1149 3512 1218 φίλημα
3535 1144 3726 1215 εἰρήνη

2149 1238 2416 1300 καλεῖται,
2444 1238 2530 1289 ἵνα
2556 1236 2817 1307 μάθωμεν
2838 1237 2921 1289 ὅτι
2948 1235 3185 1305 πόλεμον
3206 1231 3500 1286 κατέλυσεν
3524 1230 3552 1280 6
3571 1227 3726 1290 Θεὸς,

2148 1321 2244 1372 καὶ
2272 1318 2409 1389 πρὸς
2436 1318 2535 1388 τὴν
2563 1318 2839 1371 οίκείωσιν
2869 1319 3185 1388 ἐπανήγαγε
3215 1315 3315 1384 τὴν
3341 1307 3562 1365 ἑαυτοῦ.
3584 1307 3726 1361 Ταύ-

2146 1418 2247 1470 την
2269 1397 2362 1452 οῦν
2395 1399 2654 1470 τηρῶμεν
2689 1400 2973 1469 διηνεκῶς,
3006 1398 3212 1468 ταύτην
3241 1395 3596 1464 φυλάττωμεν
3629 1390 3729 1458 τὴν

2148 1483 2396 1553 εἰρήνην,
2426 1480 2633 1551 ταύτην
2668 1483 3001 1552 ἐκτείνωμεν
3021 1481 3120 1550 τὴν
3148 1479 3354 1549 φιλίαν,
3383 1477 3472 1528 ἴνα
3499 1475 3594 1526 καὶ
3618 1471 3729 1524 τῶν

2149 1566 2384 1618 αἰωνίων
2415 1563 2761 1634 ἐπιτύχωμεν
2797 1565 3035 1634 σκηνῶν,
3065 1565 3249 1634 χάριτι
3283 1561 3379 1614 καὶ
3423 1555 3726 1626 φιλανθρω-

2155 1648 2257 1716 πίᾳ
2286 1646 2378 1698 τοῦ
2405 1647 2616 1715 Κυρίου
2643 1645 2802 1715 ήμῶν
2838 1645 3014 1715 Ἰησοῦ
3042 1643 3301 1714 Χριστοῦ.
3320 1643 3388 1695 δι’
3410 1636 3470 1694 οῦ
3493 1639 3588 1693 καὶ
3607 1636 3728 1707 μεθ’

2153 1723 2215 1782 οῦ
2261 1727 2339 1793 τῷ
2370 1729 2547 1798 Πατρὶ
2572 1728 2719 1792 δόξα,
2747 1729 2904 1798 τιμὴ,
2945 1728 3168 1798 κράτος,
3197 1727 3315 1796 ἅμα
3353 1724 3430 1794 τῷ
3461 1721 3600 1791 ἁγίῳ
3633 1719 3730 1773 καὶ

2155 1808 2405 1878 ζωοποιῷ
2435 1810 2738 1880 Πνεύματι.
2767 1810 2862 1863 νῦν
2894 1813 2988 1864 καὶ
3009 1811 3121 1870 ἀεὶ,
3144 1811 3240 1862 καὶ
3265 1809 3345 1870 είς
3371 1807 3498 1868 τοὺς
3526 1803 3728 1863 αἰῶνας

2149 1894 2260 1946 τῶν
2292 1892 2525 1946 αίώνων.
2562 1893 2736 1964 Ἀμήν
2753 1928 2768 1942 .

469 2251 598 2305 ’Ὁτι
651 2255 760 2306 οὐκ
795 2252 1126 2308 ἀκίνδυνον
1179 2252 1303 2320 τοῖς
1352 2255 1671 2324 ἀκροαταῖς
1713 2256 1776 2309 τὸ
1821 2257 2003 2326 σιγᾷν
2040 2259 2114 2311 τὰ
2173 2258 2471 2328 λεγόμενα
2511 2257 2581 2309 ἐν
2639 2255 2959 2323 ἐκκλησίᾳ,
3018 2252 3119 2307 καὶ
3159 2255 3328 2319 τίνος
3369 2251 3585 2306 ἕνεκεν
3649 2253 3716 2306 αι

539 2348 799 2414 Πράξεις
825 2349 896 2401 ἐν
924 2347 999 2416 τῇ
1024 2347 1414 2415 Πεντηκοστῇ
1443 2347 1979 2417 ἀναγινώσκονται,
2017 2350 2117 2403 καὶ
2137 2349 2234 2404 διὰ
2269 2351 2327 2403 τί
2368 2352 2478 2404 οὐκ
2505 2347 2696 2412 ἔδειξε
2737 2347 2927 2402 πᾶσιν
2967 2345 3184 2398 ἑαυτὸν
3218 2344 3488 2408 ἀναστὰς
3513 2347 3546 2398 ὁ
3579 2347 3711 2411 Χρι-

538 2440 704 2503 στὸς,
759 2441 857 2492 καί
897 2439 987 2492 ὅτι
1027 2437 1136 2504 τῆς
1183 2438 1379 2505 ὄψεως
1413 2439 1801 2508 σαφεστέραν
1840 2442 2110 2508 παρέσχε
2130 2439 2246 2507 τὴν
2269 2440 2378 2508 τῆς
2397 2439 2792 2503 ἀναστάσεως
2822 2436 3136 2501 ἀπόδειξιν
3159 2433 3276 2498 τὴν
3305 2435 3402 2490 διὰ
3439 2435 3560 2488 τῶν
3601 2448 3720 2503 σηο

533 2533 720 2600 μείων
743 2530 861 2585 τῶν
897 2531 1277 2587 ἀποστόλων.

531 2885 582 2932 α’
595 2877 687 2932 ,Τὸ
707 2876 806 2947 μὲν
823 2875 984 2931 πλέον
999 2880 1092 2934 τοῦ
1110 2880 1305 2952 χρέους
1319 2876 1415 2930 τοῦ
1431 2877 1776 2941 συντεθέντος
1791 2880 1822 2948 ή
1835 2881 1925 2950 μῖν
1941 2877 2048 2931 ὐπὸ

466 2958 568 3028 τῆς
585 2960 900 3029 ἐπιγραφῆς
914 2961 1023 3013 τῶν
1049 2962 1308 3034 Πράξεων
1327 2959 1437 3013 τῶν
1460 2959 1834 3014 ἀποστολικῶν
1851 2961 1908 3012 ἐν
1927 2962 2048 3023 ταῖς

467 3040 778 3111 ἔμπροσθεν
810 3042 937 3111 ὑμῖν
962 3043 1337 3110 κατεϐἀλομεν
1361 3042 1600 3114 ἡμέραις
1619 3057 1633 3070 ⁸
1663 3042 1854 3114 ἐπειδὴ
1879 3042 1935 3095 δὲ
1964 3042 2044 3095 ἔτι

471 3125 665 3194 μικρὸν
687 3124 1011 3195 ἐναπέμεινε
1034 3126 1304 3195 λείψανον,
1325 3125 1556 3195 ἀνέστην
1576 3126 1670 3178 καὶ
1692 3125 1849 3178 τοῦτο
1875 3142 2044 3178 κατα-

468 3205 650 3276 θήσων
679 3206 808 3276 ύμῖν
837 3209 900 3276 σή
910 3224 1096 3279 μερον.
1119 3209 1183 3260 Εἰ
1207 3208 1262 3260 δὲ
1292 3209 1409 3278 μετ’
1431 3207 1720 3276 ἀκριϐείας
1749 3207 2045 3277 φυλάττετε

465 3288 534 3341 τὰ
574 3290 864 3359 εἰρημένα.
903 3292 997 3342 καὶ
1045 3291 1186 3360 μετὰ
1233 3289 1437 3358 πολλῆς
1481 3289 1740 3358 κατέχετε
1787 3289 2044 3360 σπουδῆς,

468 3371 624 3440 ὑμεῖς
669 3371 735 3423 ἂν
771 3372 1001 3442 εἰδείητε
1029 3375 1080 3425 οἱ
1121 3373 1182 3425 τὸ
1214 3372 1477 3444 ἀργύριον
1516 3371 1925 3442 ὑποδεξάμενοι,
1953 3372 2047 3424 καὶ

465 3454 578 3506 τῶν
607 3455 886 3524 ἀργυρίων
908 3455 1115 3507 τούτων
1141 3455 1424 3524 μέλλοντες
1447 3455 1538 3508 τὸν
1557 3454 1716 3520 λόγον
1745 3449 2047 3523 διδόναῖτῷ

469 3537 716 3604 Δεσπότῃ
763 3536 903 3588 κατὰ
934 3536 1031 3605 τὴν
1065 3537 1280 3605 ἡμέραν
1325 3535 1564 3604 ἐκείνην,
1615 3537 1744 3588 ὃταν
1773 3536 1824 3587 οἱ
1852 3535 1921 3589 τὰ
1951 3537 2047 3590 τά·

469 3617 637 3669 λαντα
665 3617 1054 3680 πιστευθέντες
1085 3616 1382 3676 καλῶνται,
1415 3617 1510 3668 καὶ
1547 3614 1645 3677 τὰς
1677 3615 1906 3678 εὐθύνας
1931 3618 2048 3669 ὐπ-

470 3699 684 3766 έχωσιν·
703 3699 830 3751 ὃταν
855 3698 1025 3752 ἐλθὼν
1047 3701 1075 3751 6
1094 3699 1328 3769 Χριστὸς
1349 3701 1555 3768 ἀπαιτῇ
1567 3699 1694 3760 τους
1715 3699 2046 3768 τραπεζίτας

469 3781 530 3833 τὸ
572 3780 834 3851 ἀργύριον
860 3781 1019 3834 τοῦτο
1059 3781 1198 3850 μετὰ
1231 3781 1339 3832 τῶν
1369 3781 1563 3833 τόκων.
1597 3779 1760 3833 Ἔδει
1804 3781 1914 3852 γάρ
1949 3798 2044 3845 σε,

470 3865 626 3932 φησὶ,
650 3864 1010 3918 καταϐαλεῖν
1033 3865 1098 3917 τὸ
1121 3865 1408 3932 ἀργύριόν
1417 3881 1536 3932 μου
1552 3863 1652 3915 ἐπὶ
1680 3863 1820 3928 τοὺς
1843 3879 2048 3932 τραπε-

468 3947 518 4007 ζί
522 3964 645 4014 τας,
666 3948 764 4001 καί
785 3948 900 4018 ἐγὼ
913 3949 1108 4002 ἐλθὼν
1119 3949 1271 4016 μετὰ
1287 3949 1466 4001 τόκου
1484 3947 1561 4000 ἂν
1573 3947 1857 4015 ἀπῄτησα
1875 3949 2042 4002 αὑτό.

468 4030 533 4080 Ὢ
557 4029 658 4094 τῆς
694 4031 898 4098 πολλῆς
921 4032 1013 4083 καὶ
1043 4031 1252 4098 ἀφάτου
1271 4029 1682 4100 φιλανθρωπίας
1712 4029 1807 4082 τοῦ
1837 4031 2044 4083 Δεσπό-

466 4113 602 4164 τουί
675 4113 1017 4181 Ἀνορώπους
1062 4112 1284 4164 κωλύων
1332 4113 1581 4164 ἀπαιτεῖν
1628 4111 1838 4174 τόκους,
1883 4113 2044 4176 αὐτὸς

467 4195 685 4247 ἀπαιτεῖ
708 4193 918 4255 τόκους.
949 4193 1048 4245 Διά
1075 4193 1128 4244 τί
1150 4209 1164 4256 ;
1215 4192 1433 4260 Ἐπειδὴ
1459 4194 1665 4256 ἐκεῖνος
1692 4196 1721 4246 6
1747 4194 1904 4255 τόκος
1930 4194 2047 4246 δια·

467 4274 798 4345 ϐεϐλημένος
841 4276 957 4327 ἐστὶ
1004 4274 1098 4327 καὶ
1147 4273 1483 4344 κατηγορίας
1527 4274 1676 4338 ἄξιος
1712 4292 1726 4305 ο
1782 4268 1938 4337 οὗτος
1987 4275 2044 4326 δὲ

467 4357 748 4418 ἐπαινετὸς
775 4358 868 4411 καὶ
896 4356 1095 4427 πολλῆς
1127 4355 1398 4425 ἀποδοχῆς
1427 4356 1570 4408 ἐστιν
1593 4356 1760 4422 ἄξιος.
1808 4355 2046 4419 Ἐκεῖνος

473 4441 644 4494 τοίνυν
667 4443 694 4494 6
726 4441 902 4505 τόκος,
939 4440 968 4492 6
995 4439 1104 4492 τῶν
1139 4438 1438 4510 χρημάτων
1465 4437 1628 4505 λέγω,
1665 4437 1872 4492 καὶτὸν
1908 4438 2047 4508 λαμ-

467 4523 719 4585 ϐάνοντα,
752 4525 846 4576 καὶ
872 4523 963 4577 τὸν
993 4523 1203 4576 διδόντα
1231 4523 1438 4593 ζημιοῖ,
1465 4522 1561 4574 καί⁵
1587 4520 1681 4574 τοῦ
1709 4523 1806 4591 μὲν
1833 4521 2046 4588 λαμϐάο

470 4621 648 4665 νοντος
673 4604 932 4656 ἀπόλλυσι
957 4604 1055 4674 τὴν
1085 4603 1286 4673 ψυχὴν,
1315 4604 1410 4657 τοῦ
1432 4603 1490 4656 δὲ
1514 4603 1744 4666 διδόντος
1779 4603 1892 4675 [82]
1922 4606 2044 4656 ἐπι-

469 4687 642 4757 τρίϐει
673 4686 770 4755 τὴν
797 4687 1008 4739 πενίαν.
1058 4688 1131 4739 Τί
1162 4687 1270 4756 γὰρ
1301 4687 1367 4740 ἂν
1407 4688 1614 4754 γένοιτο
1647 4686 2042 4758 χαλεπώτερον,

469 4769 580 4820 ἀλλ’
605 4768 636 4836 ἦ
663 4769 791 4820 ὅταν
816 4785 899 4830 τις
928 4768 1028 4838 τὴν
1054 4769 1242 4822 πενίαν
1267 4769 1360 4821 τοῦ
1389 4769 1617 4840 πλησίον
1647 4770 2042 4840 ἐμπορεύηται,

471 4851 562 4903 καὶ
585 4851 684 4912 τὰς
705 4849 812 4902 τῶν
831 4851 1070 4918 ἀδελφῶν
1095 4851 1549 4921 πραγματεύηται
1572 4853 1883 4922 συμφοράς;
1917 4852 2044 4904 ὅταν

471 4947 551 4995 τις
577 4934 917 5001 προσωπεῖον
945 4933 1351 5002 φιλανθρωπίας
1381 4935 1519 5004 ἔχων
1544 4937 1726 4987 πᾶσαν
1757 4933 2044 5004 ἀπανθρω-

470 5013 597 5067 πίαν
619 5011 1002 5075 ἐπιδείκνυται,
1029 5019 1122 5070 καὶ
1145 5019 1173 5069 6
1195 5021 1351 5087 χεῖρα
1375 5029 1399 5058 α
1439 5017 1646 5087 μέλλων
1671 5017 1884 5089 ὀρέγειν
1908 5018 2044 5087 πρὸς

471 5099 530 5152 τὸ
565 5097 835 5168 βάραθρον
876 5099 989 5169 ὠοῇ
1037 5101 1128 5152 τὸν
1157 5101 1405 5170 βοηθείας
1429 5101 1719 5170 δεόμενον;
1759 5101 1822 5153 Τί
1851 5103 2043 5162 ποιεῖς,

469 5181 722 5252 ἄνθρωπε
743 5195 756 5244 ;
793 5181 867 5232 Οὐ
890 5181 976 5233 διὰ
996 5183 1152 5235 τοῦτο
1179 5184 1315 5254 πρὸς
1339 5183 1435 5248 σὰς
1455 5179 1588 5253 ἦλθε
1609 5183 1777 5254 θύρας
1803 5187 1832 5237 6
1855 5184 2040 5251 πένης,

470 5266 558 5318 ἵνα
587 5263 825 5334 αὐξήσῃς
853 5265 1018 5318 αὐτοῦ
1049 5269 1148 5338 τὴν
1179 5268 1389 5332 πενίαν,
1421 5269 1534 5321 ἀλλ’
1562 5269 1649 5321 ἵνα
1681 5268 1848 5340 λύσῃς
1877 5266 2041 5321 αὐτοῦ

468 5347 567 5417 τὴν
586 5346 778 5400 πενίαν
798 5363 814 5379 ’
847 5349 911 5402 σὺ
935 5349 992 5402 δὲ
1020 5352 1212 5404 ταυτὸν
1237 5356 1430 5416 ποιεῖς,
1454 5347 1562 5406 οἷον
1585 5354 1632 5404 οἱ
1653 5352 1722 5404 τά
1743 5352 2043 5422 δηλητήρια

474 5429 828 5500 κεραννύντες
861 5433 1128 5504 φάρμακα
1149 5451 1161 5462 ·
1215 5436 1308 5488 καὶ
1337 5435 1445 5506 γὰρ
1475 5437 1671 5488 ἐκεῖνοι
1700 5433 1797 5504 τὴν
1839 5433 2042 5504 συνήθη

786 5571 792 5588 Ι

533 5610 556 5637 ⁸
581 5604 718 5655 Colb.
747 5609 823 5654 καὶ
849 5613 909 5663 ὡς
930 5612 1078 5672 χεῖρα.

2146 2876 2351 2948 τροφὴν
2375 2878 2558 2939 αὐτοῖς
2585 2873 2948 2945 ἀναμίξαντες
2967 2869 3366 2940 ἀνεπαίσθητον
3388 2871 3605 2927 ποιοῦσι
3626 2869 3728 2944 τὴν

2146 2959 2458 3030 ἐπιϐουλὴν,
2495 2959 2588 3011 καὶ
2620 2951 2766 3010 οὗτοι
2801 2955 3211 3026 φιλανθρωπίας
3244 2957 3589 3026 προσχήματι
3618 2955 3730 3008 τῶν

2145 3042 2317 3096 τόκων
2350 3044 2441 3095 τὸν
2473 3041 2692 3112 ὄλεθρον
2723 3039 3050 3111 κρύψαντες,
3080 3039 3182 3091 οὐκ
3228 3037 3392 3091 ἐῶσιν
3438 3038 3726 3092 αἰσθέσθαι

2146 3127 2243 3196 τῆς
2277 3125 2482 3196 βλάϐης
2511 3126 2635 3188 τοὺς
2667 3123 2957 3194 μέλλοντας
2985 3121 3165 3174 πίνειν
3188 3120 3250 3173 τὸ
3279 3121 3576 3190 θανάσιμον
3597 3119 3726 3172 τοῦ-

2145 3225 2207 3262 το
2232 3210 2540 3279 φάρμακον.
2571 3207 2773 3276 Διόπερ
2801 3205 3076 3274 εὔκαιρον,
3107 3203 3136 3256 ὃ
3166 3205 3296 3274 περὶ
3322 3204 3420 3274 τῆς
3449 3204 3728 3275 ἁμαρτίας

2146 3290 2384 3360 εἴρηται,
2414 3291 2509 3342 καὶ
2548 3291 2676 3359 περὶ
2709 3289 2817 3340 τῶν
2846 3287 3169 3350 τοκιζόντων
3202 3286 3296 3338 καὶ
3333 3285 3728 3357 δανειζομένων

2145 3376 2341 3426 εἰπεῖν.
2374 3371 2440 3424 Τί
2471 3373 2528 3424 δὲ
2562 3370 2812 3441 περὶτῆς
2835 3367 3109 3439 ἁμαρτίας
3138 3369 3384 3438 είρηται;
3416 3369 3569 3435 Πρὸς
3597 3384 3726 3420 και·-

2137 3457 2273 3524 ρὸν,
2313 3455 2466 3526 φησὶ,
2515 3454 2826 3523 τλυκαίνει
2869 3452 2977 3505 τόν
3014 3450 3300 3518 λάρυγγα,
3349 3449 3608 3516 ὕστερον
3657 3448 3729 3500 δὲ

2146 3539 2498 3606 πικρότερον
2520 3535 2712 3605 χολῆς
2733 3535 3031 3603 εὑρήσεις,
3056 3533 3151 3587 καὶ
3178 3531 3554 3599 ἠκονημένον
3563 3530 3724 3600 μᾶλα

2145 3627 2260 3676 λον
2280 3623 2581 3690 μαχαίρας
2609 3619 2917 3686 διστόμου.
2950 3617 3122 3670 Τοῦτο
3153 3615 3331 3669 τοίνυν
3364 3615 3460 3668 καὶ
3488 3616 3582 3668 ἐπὶ
3614 3615 3728 3670 τῶν

2144 3704 2538 3773 δανειζομένων
2579 3703 2822 3770 γίνεται·
2879 3701 3006 3754 ὅταν
3055 3700 3153 3770 μὲν
3199 3700 3308 3770 γὰρ
3358 3699 3611 3772 λαμϐάνῃ
3654 3700 3728 3753 τά

2147 3791 2402 3860 χρήματα
2433 3789 2462 3839 6
2484 3787 2770 3855 δεόμενος,
2811 3783 3172 3854 παραμυθίαν
3205 3782 3472 3853 λαμϐάνει
3522 3783 3724 3852 μικράν

2145 3889 2265 3926 τινα
2294 3872 2389 3924 καὶ
2419 3869 2783 3939 πρόσκαιρονο
2826 3867 3050 3937 ὕστερον
3091 3867 3148 3920 δέ
3187 3867 3298 3919 τῶν
3344 3865 3522 3918 τόκων
3565 3865 3724 3929 αὐξο-

2151 3955 2462 4026 μένων.καὶ
2480 3953 2573 4006 τοῦ
2609 3953 2827 4024 φορτίου
2861 3952 3104 4020 μείζονος
3135 3952 3232 4020 τῆς
3263 3947 3545 4017 δυνάμεως
3567 3965 3721 4018 γενο-

2151 4039 2335 4109 μένου,
2393 4038 2570 4090 ἐκεῖνο
2600 4036 2660 4088 τὸ
2706 4034 2878 4102 γλυκύ
2923 4034 3018 4086 καὶ
3064 4033 3294 4087 λιπάναν
3335 4033 3425 4085 τὸν
3476 4033 3723 4102 λάρυγγα

2148 4120 2467 4190 πικρότερον
2505 4119 2668 4187 χολῆς
2694 4117 2886 4185 ὄψεται
2924 4116 3231 4186 γινόμενον,
3263 4116 3359 4168 καὶ
3383 4116 3722 4185 ἠκονημένον

2151 4203 2349 4273 μᾶλλον
2401 4201 2677 4272 μαχαίρας
2721 4200 2999 4270 διστόμου,
3043 4200 3150 4252 τῶν
3196 4199 3466 4270 πατρῴων
3501 4199 3722 4253 πάντων

2147 4286 2452 4355 ἀποστῆναι
2481 4285 2675 4355 ἀθρόον
2702 4283 3166 4352 ἀναγκαζόμενος.

2218 4367 2286 4438 β’.
2313 4368 2450 4420 Ἀλλ’
2469 4367 2577 4421 ἀπὸ
2606 4366 2716 4420 τῶν
2749 4368 3022 4438 αίσθητῶν
3046 4367 3139 4420 ἐπὶ
3161 4365 3231 4420 τὰ
3254 4365 3601 4437 πνευματικά
3631 4363 3724 4418 τὸν

2145 4450 2300 4517 λόγον
2330 4450 2672 4521 μετάγωμεν.
2725 4449 2881 4504 Ἔδει
2922 4467 3014 4513 σε,
3068 4449 3225 4520 φησὶ,
3263 4449 3623 4503 καταϐαλεῖν
3653 4446 3722 4500 τὸ

2145 4535 2427 4604 ἀργύριόν
2457 4551 2578 4602 μου
2615 4533 2714 4587 ἐπὶ
2765 4533 2908 4598 τοὺς
2951 4531 3320 4599 τραπεζίτας,
3373 4531 3580 4583 ἐκείνου
3625 4529 3721 4582 τοῦ

2145 4619 2410 4690 ἀργυρίου
2442 4617 2775 4689 τραπεζίτας
2803 4619 2946 4688 ὑμᾶς
2980 4617 3159 4669 καλῶν
3179 4619 3305 4680 τοὺς
3328 4614 3436 4669 τῶν
3459 4615 3722 4685 ῥημάτων

2143 4705 2348 4758 τούτων
2374 4705 2666 4773 ἀκροατάς.
2703 4702 2813 4756 Καὶ
2841 4703 2984 4764 τίνος
3012 4702 3196 4755 ἕνεκεν
3224 4699 3554 4771 τραπεζίτας
3577 4700 3723 4768 ὑμᾶς

2145 4786 2402 4840 ἐκάλεσεν
2449 4789 2478 4838 6
2525 4785 2702 4848 Θεός;
2755 4785 3034 4836 Παιδεύων
3093 4785 3340 4846 ἅπαντας
3395 4784 3494 4852 τὴν
3545 4781 3717 4850 αὐτὴν

2148 4868 2379 4938 σπουδὴν
2405 4866 2807 4920 ἐπιδείκνυσθαι
2845 4867 2973 4936 περὶ
3000 4865 3099 4936 τὴν
3137 4866 3459 4936 δοκιμασίαν
3490 4863 3599 4916 τῶν
3628 4864 3720 4915 λε-

2145 4951 2430 5020 γομένων,
2475 4950 2607 5017 ὅσην
2656 4949 2851 5000 ἐκεῖνοι
2907 4949 3140 5019 σπουδὴν
3194 4949 3378 5018 ἔχουσι
3437 4947 3566 5018 περὶ
3619 4946 3719 5015 τὴν

2144 5033 2388 5096 ἐξέτασιν
2418 5031 2512 5084 καὶ
2545 5029 2749 5082 εἴσοδον
2782 5031 2889 5083 τῶν
2918 5032 3288 5101 νομισμάτων.
3315 5030 3581 5100 Καθάπερ
3609 5028 3718 5096 γὰρ

2145 5116 2193 5167 oi
2221 5113 2543 5184 τραπεζῖται
2585 5112 2644 5165 τὸ
2678 5113 2776 5182 μὲν
2829 5113 3078 5181 κίϐδηλον
3125 5115 3218 5166 καὶ
3267 5112 3595 5182 παράσημον
3627 5112 3720 5162 ἐκ-

2145 5197 2400 5250 ϐάλλουσι
2427 5195 2692 5266 νόμισμα,
2720 5195 2780 5246 τὸ
2811 5195 2866 5247 δὲ
2900 5195 3121 5264 δόκιμον
3147 5197 3238 5268 καὶ
3265 5195 3415 5261 ὑγιὲς
3444 5194 3714 5262 δέχονται,

2145 5283 2237 5334 καὶ
2269 5280 2604 5351 διακρίνουσι
2632 5280 2692 5332 τὸ
2713 5277 2864 5330 νόθον
2898 5277 3004 5331 ἀπὸ
3035 5278 3126 5330 τοῦ
3161 5277 3404 5348 γνησίου·
3446 5277 3588 5330 οὕτω
3621 5274 3731 5350 καὶ.

2147 5364 2212 5416 σὺ
2260 5363 2502 5432 ποίησον,
2548 5363 2641 5416 καὶ
2691 5360 2764 5430 μὴ
2801 5360 2978 5412 πάντα
3011 5360 3316 5430 παραδέχου
3352 5359 3530 5426 λόγον,
3580 5355 3714 5410 ἀλλά

2141 5445 2233 5496 τόν
2266 5444 2364 5513 μὲν
2393 5445 2640 5513 κίϐδηλον
2666 5445 2757 5497 καὶ
2789 5441 3178 5512 διεφθαρμένον
3207 5441 3435 5495 ἔκϐαλλε
3464 5439 3571 5494 ἀπὸ
3595 5436 3710 5490 σοῦ.

2141 5526 2234 5577 τὸν
2279 5526 2335 5577 δέ
2386 5527 2511 5595 ὐγιῆ
2570 5527 2663 5578 καὶ
2714 5524 2984 5595 σωτηρίαν
3031 5523 3220 5593 ἔχοντα
3265 5524 3600 5593 παράπεμπε
3642 5521 3709 5588 τῇ

2140 5607 2362 5677 διανοίᾳ,
2418 5609 2568 5660 ’Ἐστι
2605 5606 2730 5676 γὰρ,
2767 5607 2878 5658 ’ἐστι
2927 5608 3019 5659 καὶ
3054 5608 3135 5658 σοὶ
3178 5606 3316 5673 ζυγὰ
3345 5607 3435 5658 καὶ
3470 5600 3708 5672 σταθμία
