4096 6222
309 327 376 383 97
948 319 1085 377 CUR
1125 321 1191 377 IN
1230 323 1516 381 PENTEC.
1558 328 1760 393 ACTA,
1803 329 1953 386 ETC.
1987 330 2056 387 IN
2094 332 2381 389 PRlNClP.
2411 335 2758 394 ACTORUM.
2794 337 2878 393 IV.
3522 334 3592 391 98

309 439 526 502 parum,
559 438 746 501 partus
772 431 1110 502 spirituales,
1145 446 1326 504 partus
1354 452 1421 492 ex
1449 441 1616 509 gratia
1649 449 1705 496 et
1743 443 1895 496 beni-

307 523 508 590 gnitate
537 521 668 586 Dei,
711 530 891 590 partus
931 521 1127 577 laatitize
1169 525 1355 594 plenus
1389 536 1443 581 et
1481 530 1677 598 gaudii.
1712 533 1780 585 At
1809 533 1898 587 ille

309 611 457 679 prior
483 611 602 665 talis
628 611 847 664 minime
872 611 1004 678 fuit,
1037 613 1131 668 sed
1160 630 1190 668 a
1221 615 1466 672 lamentis
1493 619 1696 674 initiutn
1724 621 1892 675 duxit.

307 699 582 768 Siquidem
609 699 698 752 ubi
728 699 927 770 prodiit
958 701 1130 757 infans
1157 718 1222 757 ex
1251 715 1402 760 utero
1431 716 1485 762 et
1508 723 1571 763 ex
1601 710 1720 763 alvo
1749 710 1896 779 deje-

305 797 425 842 ctns
454 797 571 852 est,
601 789 825 858 primam
857 805 979 844 cum
1012 791 1256 862 lacrymis
1285 810 1467 850 vocem
1502 799 1698 865 mittit,
1738 809 1897 868 prout

304 878 437 932 dixit
469 881 730 949 quiSpiam
763 899 778 934 :
813 881 1040 935 Primam
1067 899 1235 938 vocem
1263 886 1475 941 similem
1503 890 1732 943 omnibus
1753 906 1894 960 teque

304 968 513 1036 plorans
546 968 696 1038 (Sap.
733 970 785 1022 7.
819 970 895 1038 5).
931 970 1033 1024 Per
1063 971 1293 1028 lamenta
1332 976 1594 1044 siquidem
1625 979 1894 1047 ingressus

305 1057 358 1111 in
390 1065 549 1111 vitam
573 1100 587 1123 ,
625 1076 718 1128 per
748 1060 1007 1130 lacrymas
1037 1061 1254 1116 exordia
1274 1103 1290 1128 ,
1322 1064 1446 1119 dum
1491 1065 1692 1121 futuras
1721 1068 1891 1122 mole~

301 1149 435 1202 stias
474 1159 659 1202 natura
702 1153 1042 1218 praenuntiat.
1075 1151 1182 1207 Cur
1227 1154 1398 1222 plorat
1426 1157 1599 1226 infans
1627 1173 1745 1212 cum
1775 1160 1891 1215 exit

304 1238 357 1293 in
385 1238 602 1293 lucem?
632 1239 741 1294 llac
771 1241 839 1295 de
876 1255 1034 1296 causa
1068 1261 1083 1295 :
1112 1252 1235 1298 ante
1265 1253 1536 1312 peccatum
1565 1247 1777 1316 quidetn
1805 1249 1890 1304 di-

299 1328 455 1382 cebat
497 1329 670 1394 Deus,
699 1328 943 1395 Crescite,
975 1337 1021 1383 et
1058 1332 1467 1400 multiplicamini
1498 1335 1647 1406 (Gen.
1682 1339 1731 1391 1.
1761 1339 1886 1408 28),

299 1419 445 1488 quod
477 1430 592 1474 erat
619 1419 1005 1476 benedictionis
1029 1439 1042 1475 :
1067 1423 1194 1478 illud
1219 1434 1418 1490 autem,
1442 1425 1508 1480 In
1528 1427 1701 1482 dolore
1726 1433 1892 1498 paries

298 1511 438 1578 filios
466 1509 486 1582 (
503 1509 628 1564 Gen.
663 1511 716 1564 5.
748 1511 878 1580 16),
919 1523 1039 1580 post
1068 1525 1336 1582 peccatum
1375 1516 1576 1570 dictum
1606 1527 1687 1572 est
1706 1561 1720 1584 ,
1747 1521 1891 1590 quod

297 1610 420 1655 erat
441 1617 632 1673 paenae.
658 1601 842 1673 Neque
863 1619 989 1658 vero
1011 1604 1259 1675 lacryma:
1287 1607 1336 1660 in
1365 1609 1636 1664 nativitate
1662 1619 1888 1678 tantum,

295 1693 396 1748 sed
426 1703 478 1747 et
504 1694 679 1748 fasciae
705 1704 760 1749 et
792 1695 1002 1749 vincula
1037 1714 1050 1751 :
1080 1696 1330 1768 lacrymze
1374 1699 1426 1758 in
1469 1701 1773 1767 nativitate,
1807 1702 1890 1755 la-

293 1799 499 1855 crymze
519 1801 571 1840 tn
595 1795 800 1842 morte:
824 1786 1001 1842 fascia:
1020 1788 1072 1843 in
1096 1790 1386 1857 nativitate,
1409 1791 1586 1846 fascias
1607 1792 1659 1846 in
1683 1802 1888 1848 morte:

294 1887 362 1931 ut
404 1879 664 1947 intelligas
703 1878 864 1932 vitam
907 1878 1046 1934 hanc
1075 1880 1128 1935 in
1160 1891 1385 1935 mortem
1413 1881 1692 1950 desinere,
1715 1893 1770 1938 et
1799 1884 1891 1938 illo

298 1965 414 2022 ﬁne
443 1970 730 2024 terminari.
761 1969 866 2025 Sed
897 1970 1014 2024 talis
1041 1985 1145 2025 non
1183 1981 1267 2026 est
1308 1973 1422 2028 hazc
1453 1974 1718 2028 nativitas.
1749 1974 1891 2028 Nus-

2002 460 2158 515 quam
2193 449 2443 519 lacrymze
2468 457 2521 503 et
2547 449 2746 518 fascim,
2769 454 2862 506 sed
2890 453 3092 509 solutus
3114 465 3200 510 est
3219 457 3305 525 qni
3334 460 3586 526 nascitur,

2002 546 2056 588 et
2085 537 2150 590 ad
2180 548 2448 595 certamen
2493 551 2710 608 paratus
2743 559 2757 595 :
2790 554 3067 612 propterea
3098 555 3223 601 sunt
3248 550 3406 603 etiam
3438 551 3584 608 liberi

2001 626 2165 694 pedes
2184 665 2201 693 ,
2231 636 2284 680 et
2314 643 2534 697 manus,
2564 639 2627 685 ttt
2655 640 2710 685 et
2743 641 2925 688 currat
2967 644 3021 688 et
3061 645 3254 705 pugnet
3285 655 3296 690 :
3331 655 3588 708 nusquam

2003 713 2276 782 lamenta,
2303 735 2562 788 nusquam
2601 724 2856 784 lacrymaa
2886 725 2972 779 hic
2993 765 3008 792 ,
3046 726 3140 779 sed
3170 728 3512 784 salutationes
3537 741 3590 784 ut

1999 806 2179 858 oscula
2205 846 2219 867 ,
2265 817 2320 861 et
2360 810 2634 879 amplexus
2673 806 2902 867 fratrum
2947 818 3038 882 qui
3085 831 3245 870 suum
3287 821 3586 872 membrum

1998 906 2310 962 agnoscunt,
2339 908 2392 952 et
2418 907 2684 970 tamquam
2715 920 2781 958 ex
2818 902 3100 974 longinqua
3129 921 3400 963 reversum
3433 927 3586 980 pere-

1999 983 2295 1052 grinatione
2334 988 2612 1056 recipiunt.
2649 993 2776 1046 Nam
2808 993 3059 1064 quoniam
3100 1006 3224 1051 ante
3267 998 3588 1068 baptismum

1996 1071 2242 1128 inimicus
2266 1084 2414 1141 erat,
2443 1087 2564 1146 post
2597 1079 2919 1148 baptismum
2955 1087 3137 1138 autem
3166 1087 3367 1142 amicus
3396 1100 3477 1143 est
3507 1091 3588 1144 fa-

1997 1170 2114 1215 ctus
2152 1165 2450 1220 communis
2478 1169 2713 1223 omnium
2752 1181 2989 1227 nostrum
3031 1173 3279 1240 Domini,
3312 1187 3596 1246 propterea

1996 1253 2326 1320 gratulamur
2353 1270 2577 1324 omnes;
2610 1259 2809 1316 idcirco
2837 1264 2994 1318 etiam
3023 1267 3260 1322 osculum
3288 1281 3394 1340 pax
3432 1283 3590 1324 voca-

1998 1352 2101 1408 tur,
2133 1355 2190 1396 ιιι
2215 1344 2483 1401 discamus
2509 1364 2537 1402 a
2566 1350 2676 1404 Deo
2703 1352 2906 1408 ﬁnitum
2936 1371 3056 1412 esse
3087 1358 3304 1429 bellum,
3329 1369 3386 1418 et:
3408 1375 3512 1418 nos
3537 1363 3588 1416 in

1998 1432 2280 1488 amicitiam
2321 1435 2440 1505 ejus
2482 1449 2725 1508 receptos
2758 1458 2895 1498 esse.
2943 1446 3088 1502 Hanc
3130 1449 3290 1519 igitur
3327 1460 3590 1523 perpetuo

1995 1536 2369 1579 conservemus
2391 1567 2403 1590 ,
2433 1528 2567 1583 hanc
2593 1546 2775 1600 pacem
2801 1532 3073 1591 foveamus
3091 1579 3108 1605 ,
3133 1539 3267 1594 hanc
3287 1543 3586 1599 amicitiam

1997 1627 2317 1682 augeamus,
2350 1627 2406 1671 ttt
2441 1628 2636 1675 aeterna
2667 1639 2878 1694 quoque
2909 1628 3247 1685 tabernacula
3286 1647 3577 1703 consequa-

1999 1719 2139 1770 mur,
2162 1707 2329 1774 gratia
2357 1716 2412 1762 et
2435 1709 2758 1780 benignitate
2786 1716 2990 1772 Domini
3019 1721 3180 1774 nostri
3209 1721 3334 1776 Jesu
3362 1722 3584 1792 Christi,

2001 1809 2096 1862 per
2119 1811 2278 1864 quem
2307 1806 2362 1852 et
2387 1815 2507 1854 cum
2535 1817 2642 1871 quo
2668 1804 2811 1860 Patri
2834 1807 3023 1876 gloria,
3058 1809 3248 1877 honor,
3280 1813 3581 1882 imperium,

2002 1901 2102 1938 una
2128 1901 2251 1942 cum
2279 1899 2464 1944 sancto
2489 1907 2551 1947 ac
2577 1893 2782 1950 viviﬁco
2811 1896 3007 1966 Spiritu
3029 1939 3044 1965 ,
3077 1915 3220 1955 nunc
3253 1911 3324 1962 et,
3344 1917 3595 1973 semper,

1999 1985 2056 2030 ct
2082 1977 2132 2031 in
2165 1981 2352 2034 sarcula
2383 1984 2719 2039 smculorum.
2755 1989 2948 2042 Amen.

290 2097 3574 2142 Ἢ-

291 2187 622 2232 Ρειιιαυιο
691 2191 815 2232 NON
860 2191 1134 2245 canens,
1179 2191 1235 2233 sx
1277 2192 1634 2235 aum'ronss
1677 2194 1756 2236 EA
1800 2195 2113 2252 meum,
2158 2198 2299 2251 omn
2343 2203 2407 2246 nv
2475 2206 2770 2252 ECCLESIA
2836 2213 3182 2269 mcmvrun,
3252 2218 3332 2260 ET
3390 2219 3597 2265 cums-

387 2289 495 2331 REI
539 2290 776 2333 GRATIA
819 2290 1152 2332 LEGANTUR
1196 2290 1354 2332 ACTA
1418 2284 1870 2339 APOSTOLORUM
1915 2296 1981 2339 IN
2025 2297 2456 2358 PENTECOSTE;
2504 2306 2584 2348 ET
2627 2308 2749 2350 CUR
2793 2310 3057 2356 SEIPSUM
3126 2315 3248 2358 NON
3303 2317 3582 2363 OMNIBUS

380 2388 686 2432 CHRISTUS
729 2387 1146 2441 OSTENDERIT,
1191 2387 1322 2432 CUM
1365 2389 1791 2435 SURREXISSET
1831 2395 1871 2436 Δ
1912 2393 2224 2453 MORTUIS;
2271 2401 2532 2455 Εἰ]ΜοοΕ
2575 2406 2790 2450 κω.το
2833 2410 3196 2458 οιΑιιιοηΜ
3242 2416 3379 2460 IPSO
3419 2418 3600 2461 CON-

382 2487 618 2530 θρεοτο
662 2484 1290 2530 DEMONSTRATIONEM
1332 2488 1710 2532 EXHIBUISSE
1753 2489 2289 2540 RESURRECTIONIS
2334 2499 2456 2542 PER
2498 2503 2845 2563 MIBACULA,
2891 2508 3033 2561 QUB
3077 2512 3238 2555 SUNT
3280 2515 3360 2557 ΔΒ
3419 2517 3592 2560 APO-

381 2583 594 2631 srous
636 2585 828 2629 eum
874 2565 984 2648 (a).

727 2665 760 2703 δ

1819 2706 2084 2761 (8400θῦ

375 2821 426 2874 ί.
464 2818 684 2874 Ururom
708 2818 952 2873 doctrina
974 2828 1191 2888 accepta
1214 2820 1369 2891 exigit
1394 2819 1551 2874 Deus.
1579 2820 1775 2876 Usuras
1803 2824 1893 2892 qui

294 2915 508 2983 esigunt
534 2929 685 2982 quam
723 2913 884 2982 iniqui
919 2913 1047 2967 sint.
1069 2941 1142 2954 ——-
1171 2913 1422 2982 Maiorem
1451 2913 1614 2969 debiti
1648 2923 1852 2985 partem
1872 2951 1888 2978 ,

295 3004 446 3076 quod
465 3020 528 3058 ex
551 3003 833 3059 occasione
860 3003 1220 3072 inscriptionis
1241 3005 1495 3059 Actorum
1515 3003 1890 3073 Apostolorum

297 3094 698 3158 contraximus,
727 3093 1093 3162 superioribus
1121 3094 1280 3148 vobis
1298 3093 1488 3148 diebus
1517 3094 1842 3148 exsolvimus
1874 3111 1888 3147 :

299 3183 398 3239 sed
427 3183 680 3252 quoniam
725 3181 994 3236 modicum
1031 3181 1206 3235 adhuc
1248 3181 1592 3251 reliquiarum
1621 3183 1896 3254 quippiam

299 3285 510 3342 restat,
543 3275 645 3329 hoc
682 3289 892 3342 quoque
928 3271 1082 3326 vobis
1111 3273 1372 3327 hodierno
1397 3273 1485 3328 die
1523 3283 1894 3329 numeraturus

301 3381 552 3434 exsurgo.
583 3366 676 3418 An
695 3380 822 3418 vero
846 3363 1131 3433 diligenter
1156 3376 1241 3427 ea,
1269 3379 1385 3432 quae
1415 3364 1555 3418 dicta
1593 3372 1734 3429 sunt,
1766 3379 1895 3419 con-

301 3458 566 3522 servetis,
588 3465 643 3511 et
665 3455 904 3508 studiose
930 3453 1185 3508 memoria
1217 3457 1444 3510 teneatis
1464 3497 1479 3522 ,
1509 3471 1608 3510 vos
1634 3457 1782 3510 scitis
1804 3457 1893 3526 qui

304 3549 560 3618 pecunias
593 3547 908 3615 accepistis,
935 3556 990 3601 et
1015 3560 1044 3599 a
1074 3547 1266 3615 quibus
1295 3548 1515 3603 istarum
1552 3549 1894 3617 pecuniarum

304 3640 564 3694 rationem
589 3640 647 3692 in.
669 3638 762 3692 illo
781 3637 868 3691 die
889 3637 1071 3706 exiget
1097 3637 1370 3700 Dominus,
1396 3654 1517 3692 cum
1544 3640 1641 3706 illi,
1669 3655 1899 3708 quorum

307 3731 430 3785 ﬁdei
459 3730 657 3784 talenta
685 3731 973 3783 commissa
1001 3736 1141 3793 sunt,
1171 3727 1524 3793 vocabuntur,
1553 3739 1607 3784 et
1633 3730 1892 3784 rationem

304 3821 568 3877 reddent:
592 3835 714 3875 eum
735 3819 976 3874 Christus
1001 3819 1268 3884 adveniet,
1295 3829 1349 3874 et
1370 3836 1399 3872 a
1427 3814 1735 3874 nuniulariis
1758 3819 1896 3875 hanc

306 3915 584 3982 pecuniam
613 3913 790 3981 exiget
828 3926 950 3965 cum
979 3911 1174 3965 usuris.
1212 3908 1451 3977 Oportuit
1478 3913 1618 3964 enim
1639 3953 1655 3976 ,
1687 3912 1891 3980 inquit,

306 4015 353 4054 te
369 4002 677 4055 committere
701 4002 968 4071 pecuniam
987 4015 1151 4052 meam
1177 3997 1499 4064 numulariis,
1525 4009 1570 4052 et
1590 4001 1786 4054 veniens
1805 4017 1896 4071 ego

306 4108 419 4143 cum
439 4107 596 4144 usura
623 4091 894 4161 exegissem
906 4089 1064 4160 illam
1085 4088 1164 4158 (Μ
1171 4089 1309 4141 attlt-
1325 4088 1416 4143 25.
1441 4088 1557 4159 2'2).
1581 4086 1625 4145 Ο
1649 4105 1894 4160 magnam

307 4189 361 4234 ct
399 4180 722 4236 ineffabilem
764 4179 971 4234 Domini
1015 4179 1432 4249 benignitatem!
1462 4180 1562 4246 Qui
1593 4180 1896 4236 hominibus

309 4272 554 4340 prohibet
580 4287 767 4326 usuras
794 4287 862 4326 ne
890 4271 1137 4340 exigant,
1175 4272 1287 4339 ipse
1326 4273 1488 4340 exigit
1523 4287 1731 4328 usuras.
1757 4273 1894 4339 Quid

307 4363 378 4416 ita
399 4364 424 4416 ἲ
450 4362 710 4430 Quoniam
740 4361 1040 4416 damnanda
1071 4369 1154 4416 est
1179 4377 1339 4416 usura
1376 4363 1465 4416 illa
1491 4370 1547 4417 et
1574 4365 1896 4418 accusationi

307 4455 575 4520 obnoxia;
625 4455 739 4508 haec
786 4463 964 4508 autem
1010 4453 1291 4508 laudabilis
1334 4462 1389 4508 et
1432 4456 1896 4512 commendatione

251 4566 253 4570 ·
307 4547 484 4615 digna.
521 4546 701 4615 Itaque
724 4561 880 4600 usura
910 4546 1026 4613 illa,
1046 4546 1412 4616 pecuniarum,
1442 4547 1677 4616 inquam,
1701 4558 1754 4603 et
1773 4564 1895 4603 eum

307 4642 392 4706 qui
422 4639 646 4706 accipit,
678 4646 732 4692 et
761 4653 880 4691 eum
912 4639 1003 4708 qtti
1031 4638 1229 4703 solvit,
1260 4639 1456 4692 damno
1481 4639 1648 4694 afﬁcit
1680 4657 1693 4692 :
1727 4642 1896 4711 siqui-

307 4728 426 4782 dem
469 4739 522 4782 et
551 4730 672 4796 ejus.
695 4729 782 4798 qui
811 4730 1037 4796 accipit,
1066 4729 1295 4783 animam
1337 4729 1544 4799 perdit,
1578 4743 1633 4784 et
1665 4731 1781 4800 ejus
1806 4734 1893 4802 qui

307 4818 496 4883 solvit,
534 4829 820 4887 egestatem
864 4817 1069 4888 affligit.
1112 4819 1246 4885 Quid
1289 4821 1431 4874 enim
1475 4820 1740 4876 crudelius
1783 4824 1894 4878 ﬁeri

309 4917 505 4974 potest,
527 4924 684 4977 quam
707 4923 830 4961 cum
856 4924 918 4962 ex
951 4909 1175 4976 proximi
1201 4920 1436 4979 egestate
1459 4913 1723 4983 quispiam
1752 4929 1897 4984 quae-

308 5005 448 5052 stum
476 4997 621 5063 facit,
643 5010 696 5053 et
722 4999 776 5053 in
807 5001 1026 5053 fratrum
1049 5001 1435 5056 calamitatibus
1460 5003 1605 5057 lucra
1634 5007 1899 5060 sectatur?

307 5103 428 5141 eum
451 5092 569 5158 quis
595 5091 935 5160 benignitatis
963 5092 1162 5146 larvam
1189 5104 1426 5161 gestans,
1457 5095 1894 5152 inhumanitatem

308 5194 521 5232 omnem
560 5191 774 5235 exercet
796 5223 808 5244 ,
840 5192 895 5236 et
930 5183 1016 5252 qui
1059 5184 1330 5252 porrigere
1359 5200 1574 5240 manum
1606 5188 1892 5252 debuerat,

307 5282 428 5321 eum
472 5270 524 5322 in
570 5269 875 5326 barathrum
908 5274 1190 5342 propellit,
1214 5276 1302 5341 qui
1331 5276 1569 5330 subsidio
1600 5279 1897 5349 indigebat?

307 5358 444 5425 Quid
473 5358 626 5426 facis,
651 5362 722 5414 mi
748 5361 953 5416 homo?
975 5363 1092 5417 Non
1123 5364 1322 5418 idcirco
1345 5366 1409 5419 ad
1440 5375 1555 5421 tuas
1588 5372 1787 5438 appulit
1819 5373 1896 5426 fo-

311 5463 396 5502 res
431 5464 669 5518 pauper,
717 5461 772 5505 ut
813 5452 977 5521 ipsius
1021 5468 1222 5523 augeas
1267 5466 1662 5524 paupertatem,
1702 5461 1795 5516 sed
1841 5473 1898 5517 ut

311 5535 485 5605 ipsum
519 5538 714 5595 liberes
745 5552 1055 5611 paupertate
1085 5563 1096 5596 :
1125 5552 1179 5597 at
1208 5553 1262 5598 tu
1305 5546 1524 5614 perinde
1560 5550 1706 5620 agis,
1739 5561 1896 5622 atque

371 5645 466 5720 (at
477 5645 788 5720 Collata
804 5658 886 5701 Ms.
902 5652 1112 5720 coluert.
1137 5653 1276 5710 5038,
1303 5656 1349 5720 in
1373 5670 1470 5720 quo
1485 5660 1740 5712 innumera
1755 5676 1894 5714 men-

309 5710 388 5759 da.
410 5715 524 5759 unc
545 5710 743 5761 HomlIia
759 5713 902 5764 deest
921 5715 969 5763 in
988 5714 1198 5764 Editione
1215 5712 1392 5768 Sat‘ilii.

2001 2822 2076 2876 illi
2106 2825 2196 2894 qui
2225 2842 2428 2883 venena
2457 2843 2682 2889 miscent
2713 2854 2726 2890 :
2754 2837 3183 2909 quandoquidem
3218 2843 3320 2913 ipsi
3347 2843 3470 2899 dum
3501 2847 3587 2904 illa

2000 2918 2271 2971 consuetis
2309 2920 2443 2974 cibis
2485 2921 2807 2992 admiscent,
2841 2930 3079 2984 occultas
3115 2933 3184 2987 ita
3228 2946 3415 3002 parant
3456 2937 3588 2992 insi.-

2001 3002 2160 3058 dias:
2190 3006 2278 3060 isti
2305 3023 2517 3079 quoque
2555 3012 2679 3067 dum
2725 3014 3069 3086 benignitatis
3108 3023 3284 3091 specie
3321 3025 3607 3094 pernicie--

1999 3107 2113 3147 sam
2145 3107 2358 3164 usuram
2386 3102 2675 3166 occultant,
2702 3103 2879 3160 damni
2907 3108 2988 3163 sui
3018 3125 3233 3166 sensum
3260 3129 3453 3184 capere
3480 3133 3607 3172 non:

1998 3184 2182 3240 sinunt
2200 3190 2426 3258 eos,.qui
2448 3190 2718 3248 letiferum
2745 3195 2871 3250 illud
2897 3208 3018 3252 sunt
3038 3215 3300 3258 venenum
3328 3206 3590 3262 ltausturi.

1999 3273 2356 3340 Quamobrem
2387 3279 2438 3333 id
2466 3281 2604 3350 quod
2644 3284 2711 3340 de
2752 3297 2971 3354 peccato
3004 3289 3204 3346 dictum
3237 3304 3319 3349 est
3339 3336 3355 3362 ,
3387 3312 3588 3368 opporo

2005 3375 2132 3420 tune
2173 3371 2366 3436 poterit
2395 3379 2450 3426 et
2477 3373 2544 3427 de
2574 3374 2675 3428 illis
2705 3378 2793 3447 qui
2837 3378 3023 3435 faenori
3059 3382 3182 3438 dant
3207 3425 3223 3450 ,
3252 3396 3306 3439 et
3346 3398 3592 3445 mutuum

2002 3458 2288 3527 accipiunt,
2317 3459 2514 3515 efferri.
2544 3463 2679 3531 Quid
2713 3481 2872 3536 porro
2900 3470 3098 3526 dictum
3129 3485 3211 3529 est
3235 3475 3303 3530 de
3332 3483 3592 3547 peccato?

2000 3547 2082 3600 Ad
2123 3559 2354 3619 tempus,
2396 3551 2599 3620 inquit,
2643 3558 2826 3612 mulcet
2865 3563 3036 3630 fauces
3077 3573 3190 3618 tuas
3219 3581 3238 3619 :
3266 3577 3438 3638 postea
3476 3586 3600 3625 vero

1999 3640 2223 3694 amarius
2247 3641 2377 3695 illud
2403 3643 2523 3712 felle
2545 3645 2783 3716 invenies,
2808 3659 2853 3704 et
2877 3653 3037 3724 magis
3063 3666 3284 3725 acutum,
3308 3676 3456 3731 quant
3479 3663 3594 3731 gla-

2000 3728 2140 3782 dium
2170 3732 2437 3801 ancipitem
2467 3735 2488 3806 (
2510 3735 2664 3792 Prov.
2707 3741 2761 3795 5.
2801 3743 2853 3796 5.
2892 3744 2982 3814 4).
3029 3745 3140 3802 Hoc
3184 3728 3343 3819 igitur
3366 3763 3421 3807 et
3447 3728 3499 3808 in
3529 3756 3593 3808 iis

1999 3821 2341 3912 acciditpqui
2376 3824 2584 3883 fmnore
2620 3832 2888 3900 accipiunt
2921 3852 2934 3891 :
2970 3836 3232 3906 siquidem
3265 3855 3386 3896 cum
3429 3859 3591 3912 pecu-

2000 3908 2116 3961 nias
2142 3909 2336 3978 accipit
2374 3915 2465 3980 qui
2494 3917 2576 3970 eis
2615 3918 2852 3987 indiget,
2881 3923 3072 3992 exiguo
3109 3930 3358 3996 quopiam
3399 3908 3592 3986 solatio

1999 3997 2066 4052 ad
2097 4009 2305 4068 tempus
2338 4001 2530 4057 fruitur
2557 4023 2570 4058 :
2601 4019 2786 4076 postea
2813 4025 2940 4065 vero
2973 4013 3060 4068 ubi
3103 4015 3274 4071 furnus
3316 4025 3548 4076 accrevit
3573 4067 3585 4087 ,

2000 4097 2054 4140 et
2088 4087 2260 4156 majus
2296 4090 2498 4146 viribus
2545 4092 2742 4150 factum
2780 4107 2863 4153 est
2899 4114 3034 4157 onus
3055 4143 3075 4171 ,
3099 4104 3254 4160 dulce
3289 4107 3417 4162 illud
3447 4113 3588 4179 quod

2000 4173 2183 4232 fauces
2223 4179 2686 4252 impinguaverat,
2723 4185 2844 4244 felle
2883 4193 3118 4248 amarius
3157 4197 3354 4252 sentiet
3391 4173 3591 4256 factum

2003 4283 2154 4335 esse,
2185 4279 2344 4341 atque
2369 4275 2576 4330 acutius
2614 4277 2788 4347 gladio
2825 4284 3080 4352 ancipiti,
3121 4288 3408 4360 statimque
3438 4291 3595 4347 bonis

2002 4360 2250 4414 omnibus
2275 4365 2509 4431 paternis
2533 4367 2726 4424 cedere
2754 4383 2994 4440 cogetur.

2071 4451 2127 4504 2.
2171 4451 2363 4508 Verum
2404 4459 2679 4513 enimvero
2718 4475 2747 4514 a
2787 4462 3070 4518 sensilibus
3099 4466 3164 4519 ad
3191 4483 3252 4522 ea
3280 4485 3398 4536 qum
3428 4472 3592 4540 spiri-

2003 4543 2164 4596 tualia
2193 4555 2316 4598 sunt
2350 4549 2645 4602 orationem
2685 4551 3044 4608 traducamus.
3083 4555 3353 4624 Oportuit,
3390 4563 3592 4631 inquit,

2003 4643 2050 4684 te
2078 4637 2383 4689 committere
2417 4641 2678 4706 pecuniam
2719 4657 2881 4696 meam
2920 4647 3220 4702 numulariis
3250 4649 3470 4718 (Matth.
3499 4655 3590 4709 25.

2001 4722 2093 4793 27)
2120 4764 2134 4787 ,
2166 4723 2307 4778 illius
2345 4729 2579 4794 pecunia:
2615 4733 2943 4788 numularios
2973 4751 3069 4792 vos
3103 4741 3377 4809 appellans
3401 4745 3592 4800 verbo-

2003 4827 2120 4865 rum
2165 4813 2386 4869 istorum
2428 4817 2715 4876 auditores.
2751 4821 2918 4888 Quam
2958 4841 3086 4881 vero
3123 4829 3193 4882 ob
3231 4846 3444 4888 causam
3487 4853 3593 4889 nn-

2003 4903 2255 4957 ntularios
2297 4920 2393 4960 vos
2441 4906 2584 4963 Deus
2627 4912 2950 4979 appellavit?
2980 4915 3044 4970 Ut
3085 4934 3271 4974 omnes
3308 4921 3499 4978 doceat
3527 4927 3593 4980 ad

2001 4994 2352 5048 examinanda
2383 5011 2480 5061 ea,
2515 5014 2632 5068 qum
2670 5001 2951 5070 dicuntur,
2997 5007 3136 5062 idem
3176 5011 3408 5066 studium
3457 5029 3587 5067 con—

2003 5082 2144 5139 ferre
2168 5124 2183 5150 ,
2217 5085 2354 5154 quod
2404 5087 2474 5141 illi
2513 5091 2804 5160 adhibent,
2836 5109 2954 5150 cum
2986 5099 3306 5167 exploranda
3339 5104 3422 5157 vel
3455 5104 3590 5158 infe-
3637 5103 3673 5114 ⁷

2001 5177 2166 5229 renda
2189 5187 2310 5230 sunt
2335 5180 2680 5237 numismata.
2698 5183 2828 5238 Nam
2851 5197 2906 5240 ut
2933 5192 3214 5245 numularii
3234 5193 3592 5250 adulterinum

2002 5275 2056 5318 et
2095 5281 2370 5335 perperam
2413 5272 2674 5339 signatum
2711 5277 2971 5332 numisma
3008 5282 3322 5349 repudiant,
3364 5285 3589 5354 probum

2003 5365 2055 5408 et
2089 5355 2346 5425 integrum
2373 5359 2681 5425 admittunt,
2699 5373 2752 5417 et
2779 5365 3127 5422 adulteratam
3158 5386 3187 5423 a
3217 5375 3447 5440 genuino
3475 5375 3590 5429 dis-

2006 5445 2246 5513 tinguunt
2272 5464 2286 5499 :
2315 5448 2382 5500 ita
2410 5449 2492 5504 fac
2531 5458 2583 5503 tu
2619 5467 2850 5522 quoque,
2881 5471 3050 5526 neque
3078 5473 3378 5516 sermonem
3406 5480 3592 5532 quem-

2003 5535 2082 5590 vis
2112 5534 2349 5600 admitte,
2381 5540 2476 5594 sed
2519 5541 2872 5600 adulterinum
2908 5547 3141 5616 quidem,
3172 5563 3590 5625 corruptumque

2005 5626 2099 5681 abs
2127 5634 2177 5679 te
2206 5627 2400 5696 rt-jice,
2435 5631 2696 5699 integrum
2739 5642 2916 5690 autem
2951 5645 3006 5690 et
3044 5638 3332 5697 salutarem
3365 5647 3415 5699 in
3446 5655 3590 5703 tuam

2009 5728 2238 5778 tuentem
2269 5721 2511 5780 admitte.
2543 5723 2677 5778 Sunt
2707 5725 2848 5783 enim
2870 5769 2888 5797 ,
2917 5738 3039 5784 sunt
3068 5732 3226 5788 etiam
3260 5737 3600 5792 tibi‘stalera:
