4096 6222
465 310 535 366 99
1232 313 1290 368 S.
1333 313 1611 368 JOANNIS
1647 310 2119 368 CIIRYSOSTUMK
2157 314 2472 371 ARClllEP.
2513 317 3047 377 CONSTANTINOP.

464 439 526 478 ac
564 423 777 478 tmtiuai
801 464 815 488 ,
855 439 960 478 non
1007 441 1070 479 ex
1121 441 1228 481 tere
1271 426 1516 497 ferroque
1553 428 1829 492 conﬁatai,
1858 426 1952 481 sed
1982 441 2048 480 ex

465 530 670 567 nierum
701 516 1014 568 castimonia
1042 526 1097 570 et
1132 517 1236 571 ﬁde
1262 519 1602 587 compositae,
1631 528 1788 587 atque
1817 517 1901 572 his
1929 534 2048 571 om-

463 622 582 658 nem
627 620 930 660 sermonem
975 609 1241 661 examina.
1284 609 1566 677 Propterea
1611 624 1839 677 namque
1875 608 2044 674 dixit,

465 693 646 747 Estote
678 695 826 762 probi
860 697 1158 765 trapezitae,
1191 712 1295 751 non
1327 706 1383 752 ut
1411 699 1462 752 in
1494 697 1610 751 foro
1643 707 1844 752 stantes
1882 713 2047 767 pecu-

463 784 576 835 nias
606 785 914 850 uumeretis,
939 785 1032 840 sed
1057 795 1114 839 ut
1142 786 1286 839 omni
1311 786 1550 840 adhibito
1570 788 1747 840 studio
1771 802 2047 842 sermones

460 872 775 927 examinetis
799 893 811 926 :
839 885 1116 944 prepterea
1146 876 1339 929 Paulus
1362 891 1571 945 quoque
1591 877 1728 930 dixit
1751 878 2042 946 apostolus,

463 963 646 1014 Omnia
686 965 893 1032 probate
915 1006 928 1027 ,
957 967 1093 1035 quod
1125 977 1289 1019 autem
1334 967 1517 1021 bonum
1555 979 1625 1021 est
1647 1009 1662 1034 ,
1696 978 1854 1023 tenete
1880 971 2045 1024 solum

460 1055 537 1124 (Ι.
565 1052 745 1108 Thess.
776 1056 829 1109 5.
856 1055 969 1124 21).
1001 1055 1182 1126 Neque
1215 1071 1339 1111 vero
1381 1067 1596 1126 propter
1623 1059 2041 1127 explorationem

459 1154 661 1198 tantum
707 1147 992 1214 trapezitas
1025 1148 1310 1216 appellavit
1333 1189 1348 1214 ,
1376 1147 1472 1202 sed
1498 1156 1552 1202 et
1582 1157 1797 1218 propter
1820 1163 2004 1203 eorum
2023 1190 2038 1214 ,

456 1251 575 1302 quae
595 1237 876 1290 cominiSsa
905 1247 1047 1302 sunt,
1073 1238 1517 1292 distributionem.
1538 1238 1671 1292 Nam
1693 1248 1746 1293 et
1772 1239 2042 1308 trapezita:

456 1326 503 1380 si
545 1327 796 1396 pecunias
825 1337 1071 1396 acceptas
1103 1336 1306 1382 tantum
1341 1327 1488 1383 domi
1526 1328 1836 1396 recludant,
1868 1343 2039 1397 neque

459 1416 510 1470 in
540 1417 675 1470 alios
713 1417 829 1471 illas
855 1417 1209 1481 distribuant,
1244 1429 1386 1473 totus
1416 1419 1520 1474 illis
1548 1428 1784 1489 quaestus
1811 1419 2034 1488 peribit;

451 1516 610 1574 atque
654 1505 796 1561 idem
845 1508 1034 1562 accidit
1083 1508 1434 1567 auditoribus.
1483 1510 1538 1565 Si
1578 1513 1720 1564 enim
1763 1520 2038 1580 acceptam

451 1597 748 1653 doctrinam
780 1600 919 1668 apud
950 1609 1001 1655 te
1029 1601 1335 1666 concludas,
1364 1617 1462 1657 nec
1493 1602 1546 1656 iii
1584 1603 1720 1656 alios
1747 1601 2031 1668 dillundas,

452 1699 562 1743 tota
594 1690 683 1744 tibi
723 1693 773 1744 in
815 1693 1038 1745 nihilum
1082 1694 1285 1748 recidet
1323 1694 1631 1763 negotiatio.
1664 1694 1953 1763 Propterea
1982 1695 2035 1748 in

451 1782 553 1835 illis
579 1783 814 1850 quotidie
842 1783 1084 1837 videmus
1111 1785 1337 1839 ofﬁcinis
1366 1784 1608 1839 homines
1637 1786 1774 1839 ultro
1795 1785 2036 1854 citroque

447 1890 768 1929 commeare.
797 1876 908 1930 lloc
936 1876 1094 1945 igitur
1119 1887 1171 1931 et
1201 1879 1251 1930 iu
1278 1877 1516 1932 doctrina
1547 1887 1791 1933 servetur
1820 1896 1833 1931 :
1861 1876 2036 1946 Siqui-

448 1965 567 2017 dem
609 1965 748 2032 apud
786 1966 1114 2020 numularios
1158 1967 1276 2021 illos
1322 1967 1454 2022 alios
1494 1967 1736 2022 videmus
1783 1968 2034 2037 pecunias

447 2056 803 2121 committere,
833 2056 966 2110 alios
992 2056 1234 2126 accipere
1259 2057 1436 2112 statim
1462 2066 1516 2112 et
1539 2057 1707 2124 abire,
1736 2057 1894 2127 idque
1921 2066 2032 2112 toto

443 2146 532 2198 die
562 2144 674 2198 ﬁeri
703 2144 875 2214 quivis
916 2153 1090 2215 potest
1122 2161 1362 2201 cernere.
1407 2147 1543 2201 ilinc
1578 2147 1637 2200 lit
1657 2189 1672 2213 ,
1704 2155 1763 2201 ut
1790 2147 2032 2216 quamvis

446 2233 672 2303 propriae
697 2233 917 2289 minime
945 2234 1053 2288 sint
1078 2233 1186 2288 illis
1210 2235 1470 2304 pecunia},
1497 2235 1618 2304 quia
1647 2244 1823 2290 tamen
1851 2235 1916 2289 ad
1943 2251 2030 2302 ea,

441 2341 561 2392 Olllll’
593 2327 892 2381 necessaria
919 2335 1063 2393 sunt,
1093 2327 1199 2382 illis
1231 2336 1469 2395 utuntur,
1498 2328 1720 2381 multum
1750 2342 1813 2383 ex
1843 2326 2030 2381 alienis

442 2416 644 2470 lucrum
687 2418 986 2488 colligatur.
1029 2418 1102 2472 Ita
1149 2419 1230 2474 fac
1274 2428 1329 2472 tu
1369 2435 1598 2489 quoque.
1629 2419 1742 2474 Non
1777 2430 1904 2474 sunt
1940 2427 2028 2474 tua

442 2513 556 2561 nec
581 2509 812 2577 eloquia,
835 2510 926 2564 sed
957 2511 1184 2578 Spiritus
1211 2511 1376 2563 sancti
1413 2527 1426 2562 :
1453 2511 1496 2564 si
1529 2521 1706 2565 tamen
1733 2511 1836 2565 illis
1861 2511 2029 2580 probe

441 2598 513 2648 uti
543 2599 775 2662 noveris,
807 2599 1032 2652 multum
1063 2599 1154 2652 tibi
1186 2599 1459 2667 spirituale
1493 2599 1697 2654 lucrum
1727 2615 2026 2671 congeres:

442 2688 640 2742 idcirco
665 2697 719 2742 et
744 2689 884 2742 Deus
913 2703 1010 2742 vos
1036 2689 1364 2743 numularios
1388 2690 1691 2757 appellavit.
1720 2689 1826 2745 Cur
1847 2699 2025 2747 autem

439 2794 738 2833 sermonem
764 2781 1039 2849 pecuniam
1065 2780 1383 2850 appellavit?
1402 2780 1555 2848 Quod
1577 2781 1825 2836 nimirum
1847 2798 2028 2852 quem-

435 2869 724 2925 admodum
759 2872 980 2940 pecunia
1019 2871 1251 2940 perfecta
1294 2871 1434 2940 regis
1468 2871 1645 2942 efﬁgie
1673 2873 1917 2944 insignita
1945 2882 2027 2930 est

438 2962 560 3028 (nisi
589 2963 729 3016 enim
757 2978 876 3017 eam
903 2979 1210 3033 expressam
1241 2963 1453 3031 habeat,
1479 2967 1645 3034 proba
1672 2969 1893 3035 pecunia
1916 2985 2022 3023 non

436 3067 539 3122 est,
567 3055 662 3110 sed
692 3056 888 3111 dicitur
915 3054 1258 3131 adulterina),
1287 3058 1367 3112 sic
1399 3065 1454 3113 et
1488 3057 1780 3113 doctrinam
1811 3058 1933 3114 ﬁdei
1959 3059 2026 3114 ll-

435 3163 622 3212 guram
653 3164 716 3204 ac
741 3160 918 3204 notam
946 3150 1211 3205 sermonis
1237 3159 1444 3221 oportet
1487 3152 1772 3221 perfectam
1804 3152 2022 3209 habere.

437 3241 641 3293 ttursus
668 3241 1016 3310 pecuniarum
1042 3255 1168 3298 usus
1196 3242 1359 3297 vitam
1387 3257 1600 3298 omnem
1632 3253 1868 3298 nostram
1895 3260 2024 3300 eon-

436 3333 606 3396 tinet,
635 3342 690 3386 et
718 3343 1085 3388 contractuum
1124 3335 1363 3389 omnium
1401 3336 1737 3392 occasionem
1779 3337 2019 3406 praebet,

432 3434 491 3477 et
514 3439 608 3477 seti
637 3424 706 3477 sit
733 3425 1019 3478 emendum
1045 3425 1314 3494 quidpiam
1340 3466 1356 3490 ,
1390 3440 1487 3481 seu
1513 3427 1846 3483 vendendum
1871 3468 1886 3493 ,
1930 3445 2024 3498 per

437 3513 529 3567 has
558 3523 746 3567 cuncta
777 3515 1099 3582 peragitnus.
1135 3515 1246 3569 lloc
1285 3516 1426 3570 idem
1466 3516 1522 3569 ﬁt
1555 3517 1605 3570 in
1633 3517 1871 3572 doctrina
1897 3559 1914 3584 ,
1944 3519 2020 3572 si-

431 3603 645 3671 quidem
676 3603 1030 3671 spiritualium
1055 3605 1264 3658 occasio
1290 3615 1655 3660 contraetuutn
1684 3616 1739 3661 et
1766 3607 1913 3662 radix
1939 3619 2023 3664 est

432 3693 722 3761 spiritualis
748 3691 861 3747 lucc
892 3693 1111 3760 pecunia
1139 3710 1150 3746 :
1175 3709 1280 3763 quo
1310 3694 1387 3759 ﬁt,
1413 3705 1467 3748 ut
1489 3693 1538 3748 si
1560 3695 1685 3764 quid
1711 3711 1741 3749 a
1773 3697 1879 3751 Deo
1899 3713 2022 3754 coe-

434 3799 580 3839 mere
604 3783 930 3838 voluerimus
952 3825 967 3849 ,
1005 3794 1282 3840 numerato
1314 3784 1458 3855 prius
1484 3801 1701 3854 precum
1735 3801 1983 3844 sermone
2001 3829 2018 3853 ,

434 3885 548 3928 tum
568 3873 784 3928 demum
814 3873 940 3928 illud
962 3874 1305 3944 accipiamus,
1328 3875 1468 3945 quod
1493 3877 1842 3944 postulamus.
1865 3878 2017 3946 Quod

434 3967 479 4021 si
511 3966 864 4036 negligentem
893 3965 1107 4021 fratrem
1138 3967 1410 4022 videamus
1433 4007 1450 4034 ,
1479 3977 1636 4038 atque
1668 3980 1973 4038 pereuntem
1996 4010 2017 4039 ,

432 4059 479 4111 si
513 4067 780 4128 tamquam
821 4061 1099 4127 pecuniam
1127 4057 1386 4112 doctrina:
1427 4073 1730 4113 sermonem
1766 4076 2016 4116 numera-

429 4149 684 4212 verimus,
707 4148 930 4201 salutem
955 4148 1120 4216 ipsius
1141 4148 1482 4211 lucrabimur,
1499 4158 1553 4202 et
1572 4151 1736 4204 vitam
1755 4166 2013 4206 ememus.

503 4237 741 4292 Doctoris
776 4253 980 4290 munere
1005 4237 1216 4306 quisque
1259 4237 1401 4306 fungi
1433 4248 1621 4306 potest,
1649 4243 1920 4308 quomodo.
1945 4273 2016 4282 —

433 4329 602 4396 Quam
629 4329 700 4382 ob
726 4343 942 4382 causam
970 4327 1114 4382 omni
1141 4342 1242 4397 ope
1267 4339 1568 4397 conatuque
1591 4331 1883 4384 curandum
1909 4342 2011 4396 est,

431 4429 484 4472 ut
509 4418 686 4474 omnia
715 4433 1114 4483 conservemus,
1155 4432 1218 4472 ac
1259 4418 1514 4472 memoria
1544 4427 1818 4474 teneamus
1836 4463 1850 4486 ,
1876 4431 1932 4474 ut
1961 4423 2011 4476 in

428 4513 564 4566 alios
613 4511 700 4564 illa
753 4511 1164 4574 distribuamus,
1214 4508 1474 4580 siquidem
1519 4524 1550 4562 a
1598 4509 1752 4564 nobis
1802 4527 2014 4583 quoque

429 4619 603 4656 usura:
645 4603 986 4672 pecuniarum
1039 4601 1259 4655 istarum
1301 4603 1609 4671 exiguntur.
1665 4603 2012 4658 Attendamus

427 4695 606 4764 igitur,
637 4694 762 4747 dum
785 4709 876 4748 cas
920 4694 1240 4763 recepimus,
1282 4702 1414 4748 utet
1455 4694 1506 4748 in
1537 4695 1669 4749 alios
1693 4694 2012 4752 distribuere

428 4786 680 4855 pecunias
719 4785 1020 4853 possimus;
1064 4784 1489 4854 quandoquidem
1540 4788 1584 4840 si
1638 4787 1799 4854 velit,
1848 4804 2011 4843 unus-

423 4877 650 4946 quisque
678 4885 918 4928 nostrum
945 4875 1170 4929 docendi
1201 4883 1283 4929 est
1312 4875 1566 4944 praeditus
1589 4875 1858 4932 facultate.
1890 4878 2005 4932 Non

424 4976 575 5036 putes
602 4977 798 5020 tantam
839 4965 1127 5020 Ecclesium
1171 4966 1474 5035 corrigere;
1501 4975 1556 5020 at
1599 4978 1751 5036 potes
1778 4983 2001 5024 uxorem

425 5069 569 5110 tuam
615 5070 855 5111 monere.
895 5053 1011 5108 Non
1039 5063 1186 5122 potes
1235 5063 1432 5108 tantam
1481 5055 1678 5126 alloqui
1715 5058 2006 5112 multitudi-

424 5163 577 5211 nem;
609 5157 663 5200 at
693 5146 856 5200 lilium
892 5155 1034 5199 tuum
1073 5155 1222 5213 potes
1249 5144 1317 5197 ad
1357 5144 1621 5198 saniorem
1652 5158 1884 5202 mentem
1916 5165 2002 5203 re-

421 5242 638 5295 ducere.
675 5238 791 5293 Non
823 5246 976 5309 potes
998 5237 1066 5291 ad
1098 5246 1301 5290 tantum
1333 5238 1580 5306 populum
1609 5239 1865 5296 doctrinae
1890 5257 2004 5296 ser-

349 5306 366 5316 “
422 5347 632 5386 nionem
660 5306 924 5399 dirige—re;
952 5338 1003 5383 at
1037 5340 1188 5398 potes
1211 5345 1421 5384 servum
1447 5339 1593 5385 tuum
1626 5332 1692 5385 ad
1726 5334 1998 5390 meliorem

421 5421 626 5490 frugem
647 5435 919 5474 revocare.
948 5418 1064 5473 Non
1089 5420 1299 5474 excedit
1323 5421 1463 5476 vires
1489 5433 1606 5476 tuas
1620 5422 1997 5492 discipulorum

421 5519 593 5566 ratus
619 5510 748 5565 ille:
780 5525 884 5564 non
916 5510 1126 5564 excedit
1159 5512 1470 5581 sapientiam
1503 5523 1642 5567 tuam
1673 5513 1863 5570 modus
1911 5515 2000 5572 ille

420 5598 678 5654 doctrinas
710 5616 723 5652 :
751 5599 846 5654 sed
901 5607 955 5654 et
984 5598 1192 5654 facilius
1235 5617 1394 5672 quam
1440 5617 1538 5657 nos
1576 5603 1704 5674 ipsi,
1746 5621 1841 5659 vos
1879 5607 1998 5663 illos

418 5703 602 5745 omne:
636 5690 855 5760 potestis
902 5691 1205 5747 emendare.
1251 5694 1360 5763 Ego
1389 5697 1528 5750 enim
1573 5699 1736 5754 semel
1761 5710 1849 5756 aut
1877 5700 1989 5770 ple-

2159 441 2383 495 rumque
2411 429 2463 481 in
2492 429 2822 486 hebdomada
2843 433 3114 489 vobiscum
3145 436 3338 493 iterum
3367 455 3572 508 versor,
3603 454 3658 500 at
3684 457 3740 502 tu

2155 527 2416 587 perpetuo
2441 519 2728 590 discipulos
2771 524 2906 578 intra
2934 531 3166 594 privatos
3209 530 3438 598 parietes
3469 535 3654 603 habes,
3685 549 3741 594 et
3817 553 3828 563 ·

2156 623 2397 676 uxorem,
2419 621 2472 666 et
2492 611 2712 677 liberos,
2736 624 2790 668 et
2815 631 3020 682 servos,
3044 629 3098 674 et
3117 625 3345 690 vestieri,
3367 634 3422 678 et
3449 625 3501 679 in
3529 644 3738 695 mensa,

2153 707 2207 751 et
2235 709 2346 753 toto
2371 701 2459 756 die
2491 714 2641 771 potes
2667 706 2788 762 illos
2829 710 3120 779 corrigere.
3166 715 3396 770 Aliunde
3422 733 3632 790 quoque
3657 722 3736 775 fa.

2151 792 2306 848 cilior
2330 795 2386 849 ﬁt
2411 795 2512 850 ista
2539 798 2765 866 curatio,
2793 801 3053 869 siquidem
3082 819 3200 873 ego,
3220 806 3344 861 dum
3377 817 3572 866 tantam
3599 814 3734 867 allo-

2150 897 2286 952 quor
2310 886 2723 954 multitudinem,
2751 891 2966 960 quinam
2993 895 3213 949 morbus
3240 897 3472 952 animam
3502 912 3734 958 vestram

2150 971 2385 1040 divcxet,
2414 975 2634 1045 ignoro;
2666 991 2990 1051 quapropter
3019 984 3241 1054 singulis
3268 989 3318 1042 in
3346 991 3584 1046 collectis
3613 1010 3734 1048 οιιι-

2149 1066 2236 1118 nia
2257 1080 2422 1136 cogor
2449 1068 2832 1125 medicamenta
2855 1088 3155 1142 proponere
3187 1095 3200 1142 ;
3233 1093 3328 1134 Vos
3353 1097 3481 1135 vero
3524 1101 3627 1138 non
3659 1087 3730 1140 ita

2147 1153 2328 1210 facere
2353 1171 2578 1215 necesse
2604 1171 2704 1228 est,
2733 1163 2825 1217 sed
2853 1165 3045 1219 minori
3077 1166 3226 1222 vobis
3255 1184 3376 1225 cum
3403 1172 3583 1230 labore
3611 1177 3736 1232 licet

2146 1248 2419 1316 amplioris
2491 1249 2715 1306 fructum
2777 1257 3130 1312 correctionis
3198 1259 3521 1331 decerpere;
3579 1267 3733 1321 vobis

2145 1339 2342 1406 quippe
2387 1341 2552 1408 probe
2604 1351 2729 1398 nota
2783 1354 2908 1399 sunt
2955 1361 3141 1401 eorum
3192 1362 3441 1419 peccata,
3496 1358 3586 1424 qui
3631 1358 3733 1412 sub

2145 1426 2332 1481 eodem
2357 1437 2498 1484 tecto
2535 1431 2809 1487 vobiscum
2856 1434 3366 1508 deguntzquocirca
3419 1455 3472 1498 et
3505 1447 3731 1502 celerius

2145 1518 2364 1584 potestis
2393 1519 2709 1575 medicinam
2735 1523 3012 1581 adhibere.

2214 1608 2267 1662 5.
2287 1609 2364 1665 Ne
2380 1610 2558 1680 igitur,
2579 1612 2931 1680 dilectissimi,
2955 1619 3412 1677 contubernalium
3426 1637 3726 1682 nostrorum

2143 1713 2325 1753 curam
2359 1703 2692 1771 omittamus,
2737 1707 3000 1774 siquidem
3041 1711 3270 1765 maxima
3321 1728 3475 1782 paena
3524 1722 3728 1788 suppli—

2141 1789 2390 1859 ciumque
2416 1802 2658 1860 paratum
2684 1803 2767 1850 est
2794 1797 3112 1852 immensum
3145 1801 3268 1868 illis,
3287 1804 3376 1872 qui
3403 1805 3726 1863 domesticos

2139 1893 2264 1934 suos
2291 1884 2643 1952 neglexerint.
2670 1885 2733 1941 Si
2751 1889 2863 1956 quis
2887 1891 3039 1954 enim,
3064 1891 3234 1962 inquit
3260 1894 3472 1959 Paulus,
3495 1915 3728 1966 suorum,

2137 1979 2184 2022 et
2214 1972 2432 2026 maxime
2453 1973 2843 2030 domesticorum
2883 1995 3058 2033 caram
3085 1998 3186 2035 non
3228 1983 3404 2051 habet,
3451 1987 3604 2055 [idem
3632 2007 3723 2044 ne-

2137 2063 2292 2131 gavit,
2323 2071 2372 2116 et
2393 2073 2466 2117 est
2486 2064 2682 2132 inﬁdeli
2709 2067 2926 2121 deterior
2948 2069 3025 2139 (l.
3055 2069 3191 2125 Tim.
3220 2074 3274 2128 5.
3303 2075 3380 2147 8).
3407 2076 3596 2145 Vides,
3619 2097 3727 2150 quo

2139 2159 2295 2220 pacto
2321 2152 2516 2210 Paulus
2539 2170 2633 2210 eos
2661 2156 2836 2221 feriat,
2859 2159 2949 2228 qui
2974 2161 3388 2220 domesticorum
3417 2183 3597 2223 curam
3630 2187 3726 2226 tie-

2136 2241 2377 2312 gligunt?
2423 2244 2492 2299 Et
2535 2247 2750 2315 quidem
2799 2251 3039 2314 merito:
3085 2255 3172 2321 qui
3220 2257 3360 2311 enim
3400 2258 3726 2318 domesticos

2136 2344 2262 2384 suos
2288 2333 2503 2404 negligit
2522 2375 2538 2401 ,
2577 2336 2774 2406 inquit,
2805 2340 3073 2408 quomodo
3098 2343 3301 2400 alienos
3326 2349 3571 2404 curabit?
3597 2351 3722 2408 Scio

2136 2436 2226 2477 me
2250 2426 2350 2478 hac
2369 2426 2506 2495 apud
2535 2443 2630 2483 vos
2651 2429 3020 2487 cohortatione
3065 2433 3372 2505 frequenter
3393 2456 3544 2496 usum
3568 2459 3719 2511 esse,

2133 2525 2236 2567 nec
2255 2530 2502 2585 umquam
2537 2518 2609 2572 uti
2649 2519 2919 2587 desinam,
2947 2526 3155 2580 tametsi
3180 2526 3436 2600 deinceps
3459 2532 3720 2591 innocens

2135 2620 2235 2675 ego
2268 2620 2386 2660 sum
2428 2607 2496 2662 ab
2522 2609 2745 2664 aliorum
2783 2614 3102 2685 negligentia
3129 2635 3144 2670 :
3175 2617 3413 2688 Oportuit
3438 2625 3603 2693 enim,
3633 2627 3719 2682 in—

2131 2695 2265 2764 quit,
2293 2705 2341 2750 te
2361 2699 2628 2766 pecuniam
2657 2717 2818 2755 meam
2841 2707 3149 2761 committere
3174 2711 3474 2766 numulariis
3494 2715 3716 2785 (Matth.

2130 2783 2220 2840 25.
2249 2785 2382 2859 27),
2412 2804 2511 2845 nec
2533 2791 2762 2861 amplius
2787 2795 3073 2866 quidquam
3099 2802 3342 2870 requirit.
3373 2783 3639 2875 Egoivero
3660 2819 3718 2863 et

2131 2877 2408 2945 pecuniam
2436 2883 2707 2950 commisi,
2738 2900 2912 2954 neque
2940 2887 3133 2943 rationi
3165 2891 3257 2945 ulli
3286 2893 3570 2951 reddenda:
3595 2914 3719 2954 sum

2131 2967 2396 3022 obnoxius
2429 2987 2443 3022 :
2475 2984 2842 3030 verumtamen
2869 2983 3210 3046 quantumvis
3238 2985 3486 3042 innoxius
3510 2989 3635 3057 sim,
3661 3001 3718 3047 et

2127 3071 2160 3111 a
2187 3059 2448 3128 supplicio
2469 3062 2593 3118 huic
2610 3065 2821 3122 crimini
2844 3071 3116 3139 proposito
3140 3071 3418 3143 liberatus,
3445 3086 3712 3150 tamquam

2132 3165 2304 3218 pinnae
2328 3155 2697 3227 supplicioque
2721 3159 3002 3227 obnoxius,
3026 3163 3096 3218 ita
3125 3165 3312 3221 salutis
3339 3181 3532 3226 vestrae
3551 3188 3719 3229 causa

2129 3250 2313 3298 metuo
2337 3256 2392 3299 et
2416 3249 2797 3304 contremisco.
3484 3310 3487 3313 _

2201 3331 2307 3388 Cur
2353 3336 2664 3406 longioribus
2713 3343 2936 3396 exordiis
2984 3353 3153 3400 utatur
3191 3348 3595 3422 Chrysostomus.
3639 3381 3714 3399 —-

2125 3424 2294 3480 Nemo
2322 3427 2480 3497 igitur
2519 3438 2719 3486 temere
2743 3447 2808 3487 ac
2850 3435 3212 3504 perfunctorie
3253 3443 3557 3511 spirituales
3590 3462 3710 3504 ser-

2126 3530 2318 3571 mones
2363 3520 2628 3574 auscultet
2659 3539 2672 3574 :
2706 3538 2879 3592 neque
2906 3527 3048 3581 enim
3092 3527 3284 3584 frustra
3325 3542 3378 3586 et
3402 3536 3520 3588 sine
3547 3552 3710 3594 causa

2129 3609 2332 3677 prolixa
2361 3612 2758 3680 prmmittuntur
2781 3629 2811 3668 a
2852 3632 2941 3672 me
2964 3619 3182 3673 exordia
3202 3662 3221 3686 ,
3242 3622 3336 3677 sed
3377 3633 3434 3679 ut
3469 3630 3712 3684 exactior

2127 3713 2336 3764 eorum,
2365 3717 2484 3768 qua:
2506 3706 2944 3771 committuntur,
2970 3710 3059 3763 ﬁat
3091 3713 3330 3767 custodia
3362 3733 3377 3768 :
3409 3732 3476 3771 ne
3515 3719 3600 3773 ubi
3630 3730 3711 3775 te-

2125 3802 2274 3843 mere
2309 3799 2402 3844 aut
2439 3790 2704 3848 incassum
2731 3797 3135 3867 applauseritis,
3166 3817 3232 3857 ac
3255 3807 3557 3863 tutnultuati
3592 3809 3706 3867 fue-

2123 3879 2262 3948 ritis,
2285 3880 2502 3937 domum
2524 3886 2806 3942 recedatis.
2834 3888 2980 3945 Nihil
3001 3892 3144 3947 enim
3169 3909 3271 3965 ego
3292 3907 3498 3954 vestras
3523 3901 3706 3956 laudes

2125 3984 2278 4033 curo,
2318 3975 2413 4028 sed
2456 3974 2523 4029 de
2565 3987 2740 4031 vesua
2781 3980 2951 4036 salute
2989 3999 3106 4036 sum
3140 3987 3420 4044 sollicitus.
3459 3991 3590 4044 Nam
3632 3993 3705 4046 illi

2123 4061 2360 4128 quidem,
2392 4066 2481 4134 qui
2517 4066 2571 4120 in
2601 4067 2811 4123 theatro
2849 4081 3076 4141 certant,
3111 4075 3270 4146 hujus
3299 4080 3375 4133 rei
3404 4083 3705 4138 mercedem

2121 4165 2150 4204 a
2178 4155 2378 4222 pepqu
2407 4155 2616 4212 laudem
2634 4161 2906 4228 accipiunt
2933 4181 2946 4214 :
2978 4181 3077 4220 nos
3099 4184 3225 4223 vero
3251 4169 3352 4226 hac
3377 4171 3444 4228 de
3465 4189 3624 4230 causa
3650 4176 3705 4231 in

2123 4241 2259 4296 hanc
2303 4260 2520 4300 arenam
2561 4265 2668 4303 non
2710 4250 3104 4320 descendimus,
3135 4259 3230 4314 sed
3281 4273 3336 4316 ut
3377 4267 3702 4334 propositam

2121 4332 2246 4387 huic
2285 4335 2358 4388 rei
2387 4337 2685 4393 mercedem
2712 4355 2742 4394 a
2771 4342 2994 4399 Domino
3036 4348 3372 4417 recipiamus.
3414 4332 3702 4423 Propterea

2118 4438 2214 4478 vos
2259 4426 2326 4478 ad
2373 4426 2474 4481 hoc
2512 4428 2815 4498 frequenter
2851 4434 3230 4504 adhurtamur,
3262 4450 3318 4494 ut
3353 4425 3437 4507 ea,
3462 4459 3581 4513 qua:
3618 4449 3704 4499 di-

2119 4527 2313 4570 cuntur
2333 4558 2348 4584 ,
2383 4517 2434 4572 in
2465 4521 2658 4576 vestris
2684 4524 2953 4581 mentibus
2977 4528 3084 4582 alte
3111 4528 3428 4601 deligantur.
3463 4535 3531 4590 Ut
3559 4537 3701 4591 enim

2120 4608 2333 4675 planta},
2375 4626 2495 4678 quae
2524 4615 2817 4681 profundas
2856 4619 3063 4673 radices
3097 4624 3321 4690 egerint,
3363 4627 3522 4679 nullis
3567 4643 3699 4681 ven-

2119 4687 2291 4754 torum
2324 4701 2620 4759 incursibus
2641 4709 2849 4761 concuti
2880 4722 3098 4777 possunt
3131 4729 3144 4765 :
3172 4713 3242 4766 ita
3265 4714 3552 4785 Scriptura:
3573 4733 3698 4772 sen-

2118 4791 2296 4844 tentiae
2310 4807 2416 4861 quo
2431 4794 2807 4851 altiusfuerint
2830 4799 2882 4851 in
2909 4809 3086 4855 mente
3106 4802 3320 4869 deﬁxai,
3350 4807 3525 4860 minus
3548 4807 3700 4862 facile

2114 4883 2447 4950 nsgotiorum
2483 4883 2781 4940 incursibus
2818 4890 3134 4946 evelluntur.
3171 4895 3262 4948 Dic
3287 4896 3452 4964 enim,
3480 4915 3697 4968 quzcso,

2113 4973 2408 5037 carissime,
2445 4975 2488 5028 si
2515 4976 2678 5030 ﬁlium
2710 4978 2850 5034 fame
2877 4983 3177 5038 confectum
3214 4988 3440 5053 videres,
3481 5005 3549 5044 an
3577 5008 3698 5046 eum

2114 5080 2300 5133 posses
2326 5074 2693 5134 contemnere,
2723 5085 2894 5140 neque
2921 5076 3097 5128 omnia
3125 5077 3300 5145 potius
3326 5078 3541 5134 ferenda
3573 5097 3688 5136 cen-

2109 5169 2274 5219 seres,
2305 5165 2360 5208 ιιι
2382 5156 2500 5225 ejus
2530 5174 2714 5227 posses
2762 5162 2955 5219 famem
2995 5168 3276 5238 mitigare?
3303 5172 3512 5242 Ergone
3546 5179 3698 5244 panis

2109 5244 2248 5299 fatue
2275 5245 2578 5302 divexatum
2618 5266 2722 5306 non
2762 5253 3099 5323 despiceres,
3140 5259 3334 5316 divinae
3375 5274 3553 5319 autem
3594 5267 3695 5321 do-

2106 5339 2291 5392 ctrina:
2320 5339 2458 5395 fame
2475 5356 2785 5412 pereuntem
2813 5359 2966 5418 potes
2987 5356 3370 5416 contemnere?
3396 5356 3512 5423 Quo
3543 5369 3695 5429 pacto

2106 5427 2266 5497 igitur
2289 5429 2481 5500 dignus
2504 5431 2686 5500 fueris,
2712 5446 2767 5490 ut
2797 5448 2944 5507 pater
2963 5443 3211 5496 voceris?
3229 5444 3500 5516 Siquidem
3526 5427 3692 5504 multo

2104 5520 2316 5587 gravior
2363 5523 2448 5577 illa
2485 5534 2569 5579 est
2597 5527 2711 5582 haec
2759 5530 2947 5597 fames,
2993 5544 3192 5602 quanto
3236 5537 3586 5597 funestiorem
3634 5541 3686 5595 in

2104 5620 2330 5666 mortem
2361 5613 2575 5681 desinit.
2619 5617 2760 5673 unde
2804 5621 2973 5689 majus
3013 5623 3064 5677 in
3113 5624 3215 5679 hoc
3239 5628 3470 5683 studium
3503 5631 3687 5685 confe-

2104 5705 2326 5763 rendum
2355 5719 2453 5765 est.
2487 5709 2716 5766 lz‘ducate
2742 5713 2905 5782 enim,
2936 5715 3131 5789 inquit,
3155 5720 3290 5788 ﬁlios
3316 5733 3499 5776 vestros
3532 5724 3582 5779 in
3605 5723 3686 5780 di-
