4096 6222
381 329 456 386 99
1027 330 1163 385 ί]ιῖῐῖ
1199 331 1263 386 IN
1297 330 1585 387 PENTEC.
1621 334 1822 392 ACTA.
1857 332 2014 387 ETC.
2049 331 2118 385 IN
2165 333 2456 399 PRINCIP.
2513 336 2873 395 ACTURUM.
2908 339 2996 394 IV.

381 449 483 500 οὑκ
516 444 625 499 ἀπὸ
649 443 849 514 χαλκοῦ
883 445 974 495 καὶ
1028 444 1248 514 σιδήρου
1300 446 1799 515 κατεσκευασμένα,
1837 441 1949 495 ἀλλ’

386 531 491 586 ἀπὸ
525 528 745 595 ἁγνείας
804 528 896 579 καὶ
926 526 1160 588 πίστεως
1204 526 1554 596 συγκείμενα,
1592 529 1684 580 κα¹ι
1720 527 1807 578 διά
1834 524 1956 578 τούο

385 628 492 662 των
517 608 779 679 δοκίμαζε
806 608 960 676 λόγον
982 610 1216 660 ἅπαντα.
1249 606 1353 661 Kal
1375 609 1484 679 γάρ
1507 608 1593 662 διά
1622 609 1778 661 τοῦτό
1799 625 1954 678 φησι,

382 691 606 744 Γίνεσθε
633 689 958 760 τραπεζῖται
989 690 1225 759 δόκιμοι,
1254 691 1352 760 οὑχ
1389 691 1474 743 ἵνα
1500 692 1593 744 ἐπὶ
1626 692 1723 760 τῆς
1753 691 1958 760 ἀγοράς

385 775 620 837 ἑστῶτες
649 775 717 828 τά
750 771 986 844 ἀργύρια
1025 773 1314 844 ἀριθμῆτε,
1346 775 1459 827 ἀλλ’
1501 775 1588 827 ἵνα
1617 776 1740 838 τοὺς
1769 775 1958 842 λόγους

389 857 716 926 βασανίζητε
758 857 894 920 μετά
931 855 1218 924 ἀκριϐείας
1250 857 1500 926 ἀπάσηςο
1540 857 1626 911 διὰ
1679 857 1836 910 τοῦτο
1865 857 1962 910 καὶ

385 941 416 992 δ
455 939 746 1001 ἀπόστολος
795 937 1006 1000 Παῦλός
1047 953 1212 1006 φησι·
1264 938 1468 992 Πάντα
1506 938 1860 1008 δοκιμάζετε,
1893 940 1958 992 τὸ

387 1022 581 1074 καλὸν
609 1020 677 1072 δὲ
712 1020 991 1086 κατέχετε
1012 1019 1226 1086 μόνον.
1284 1022 1357 1072 Οὑ
1398 1020 1486 1073 διὰ
1513 1023 1612 1090 τὴν
1641 1021 1960 1091 δοκιμασίαν

387 1105 445 1156 δὲ
491 1103 653 1172 μόνον
693 1103 836 1173 ὑμᾶς
863 1099 1192 1171 τραπεζίτας
1235 1103 1525 1162 ἐκάλεσεν,
1571 1104 1706 1157 ἀλλά
1743 1104 1837 1155 καὶ
1875 1103 1961 1156 διὰ

387 1186 492 1254 τὴν
513 1185 621 1237 τῶν
659 1183 1146 1253 καταϐαλλομένων
1177 1186 1370 1254 νομήν.
1421 1185 1533 1256 [8'5]
1572 1188 1678 1238 Kal
1710 1187 1817 1256 γὰρ
1851 1187 1962 1246 τοῖς

388 1267 764 1338 τραπεζίταις,
813 1267 907 1320 ἐὰν
953 1267 1112 1337 μόνον
1161 1267 1542 1336 ὑποδεχόμενοι
1592 1269 1660 1320 τά
1705 1270 1962 1338 χρήματα

389 1350 782 1402 κατακλείωσιν
802 1351 957 1410 οίκοι,
980 1349 1174 1420 μηκέτι
1196 1350 1251 1402 δὲ
1273 1351 1352 1414 είς
1374 1351 1593 1420 ἐτέρους
1614 1352 1960 1420 διανέμωσιν,

400 1435 538 1487 ἀπαν
566 1432 624 1485 τδ
648 1435 747 1502 τῆς
775 1432 1042 1503 ἐμπορίας
1081 1432 1357 1500 οἰχήσεται
1380 1448 1395 1464 ο
1442 1431 1584 1485 οὑτω
1609 1435 1703 1486 καὶ
1735 1434 1827 1484 ἐπὶ
1855 1434 1964 1486 τῶν

393 1517 673 1586 ἀκροατῶν
705 1515 765 1567 τὸ
793 1515 926 1568 αὑτὸ
956 1514 1113 1567 τοῦτο
1138 1515 1364 1581 γίνεται.
1411 1516 1508 1567 “Av
1539 1515 1647 1586 γάρ
1676 1515 1965 1585 δεξάμενος

392 1597 492 1666 τὴν
531 1597 874 1650 διδασκαλίαν
919 1597 1072 1668 παρὰ
1115 1596 1296 1667 σαυτῷ
1324 1601 1625 1668 κατασχῇς,
1669 1598 1862 1667 μηκέτι
1907 1597 1964 1649 δὲ

395 1681 474 1742 εἱς
503 1679 717 1749 ἐτέρους
746 1679 1001 1748 ἐκϐάλῃς,
1038 1679 1187 1732 πᾶσά
1231 1697 1325 1733 σου
1357 1682 1390 1750 ἡ
1427 1681 1777 1751 πραγματεία
1815 1681 1969 1751 διαρ-

399 1765 671 1832 ρνήσεται.
700 1763 796 1815 Διά
820 1763 977 1815 τοῦτο
999 1763 1214 1817 ἐπὶτῶν
1233 1765 1608 1835 ἐργαστηρίων
1635 1765 1855 1817 ἐκείνων
1879 1764 1966 1817 διὰ

397 1846 576 1915 πάσης
613 1846 826 1917 ἡμέρας
857 1846 1059 1898 είσοδόν
1092 1863 1150 1898 τε
1189 1847 1282 1898 καὶ
1307 1846 1482 1912 ἔξοδον
1500 1847 1788 1917 γινομένην
1825 1846 1964 1916 ὁρῶ-

401 1946 519 1998 μεν.
555 1929 724 1982 Τοῦτο
751 1930 928 1981 τοίνυν
958 1930 1052 1981 καὶ
1080 1929 1171 1980 ἐπὶ
1199 1928 1299 1998 τῆς
1327 1929 1674 1988 διδασκαλίας
1711 1928 1965 1997 γινέσθω.

398 2013 506 2064 Kal
547 2011 652 2081 γὰρ
686 2013 779 2064 καὶ
829 2012 920 2063 ἐπὶ
959 2011 1068 2064 τῶν
1107 2011 1448 2081 τραπεζιτῶν
1490 2012 1714 2064 ἐκείνων
1751 2009 1969 2080 δρῶμεν

396 2097 521 2157 τοὺς
563 2095 659 2164 μὲν
705 2094 1136 2157 καταϐάλλοντας
1165 2097 1454 2165 χρήματα,
1496 2097 1619 2158 τοὺς
1657 2095 1714 2147 δέ
1748 2093 1967 2164 λαμϐά-

396 2194 587 2240 νοντας
628 2176 849 2239 εὐθέως,
894 2177 987 2229 καὶ
1025 2178 1306 2240 ἀπιόντας,
1350 2179 1442 2230 καὶ
1479 2177 1638 2231 τοῦτο
1669 2177 1756 2231 διὰ
1787 2179 1970 2248 πάσης

397 2259 609 2328 ἡμέρπ
635 2258 916 2326 γινόμενον
946 2259 1043 2310 ῐδοι
1065 2275 1148 2320 τις
1177 2257 1262 2312 ἀν.
1323 2261 1422 2311 Διὰ
1451 2259 1628 2320 τοῦτο,
1657 2261 1832 2312 καίτοι
1861 2258 1972 2312 τῶν

397 2340 697 2409 χρημάτων
723 2339 823 2390 οὑκ
853 2337 1022 2390 ὄντων
1048 2340 1229 2402 αὑτοῖς
1258 2340 1494 2403 οἰκείων,
1527 2340 1712 2411 ἐπειδὴ
1740 2345 1808 2411 τῇ
1836 2341 1971 2411 χρή-

399 2437 484 2472 σει
520 2421 656 2490 πρὸς
687 2420 749 2470 τὸ
775 2419 891 2471 δέον
919 2419 1232 2489 κέχρηνται,
1261 2420 1350 2474 διὰ
1376 2421 1484 2474 τῶν
1514 2422 1809 2493 ἀλλοτρίων
1844 2423 1974 2476 πολ-

397 2503 500 2571 λὴν
533 2504 743 2564 ἑαυτοῖς
786 2501 1101 2569 συλλέγουσι
1135 2504 1234 2573 τὴν
1268 2504 1550 2575 εὑπορίαν.
1591 2505 1747 2558 Οὑτω
1779 2507 1871 2559 καὶ
1903 2506 1968 2558 σὺ

397 2585 643 2654 ποίησον.
697 2585 809 2637 Οὐκ
852 2585 968 2637 ἐστι
1018 2586 1187 2638 ταῦτα
1219 2587 1286 2640 τά
1333 2588 1486 2656 λόγια
1533 2590 1636 2652 σά,
1688 2590 1824 2643 ἀλλά
1875 2591 1970 2644 τοῦ

396 2665 746 2736 Πνεύματοςο
798 2665 914 2718 ἀλλ’
967 2667 1117 2736 ὅμως
1168 2670 1262 2721 ἐάν
1317 2670 1546 2740 ἀρίστην
1583 2672 1826 2744 ἐπιδείξῃ
1872 2672 1972 2742 τὴν

397 2749 612 2818 χρῆσιν,
661 2747 858 2818 πολλὴν
908 2748 1082 2819 ἐαυτῷ
1132 2751 1522 2823 συνάξεις.τὴν
1573 2754 1832 2824 εὐπορίαν
1873 2754 1972 2824 τὴν

398 2833 800 2900 πνευματικήν
839 2831 926 2884 διὰ
952 2831 1110 2884 τοῦτο
1135 2833 1226 2884 καὶ
1253 2834 1586 2902 τραπεζίτας
1616 2837 1761 2904 ὑμᾶς
1791 2835 1973 2889 ἐκάλε·

399 2931 492 2966 σεν
519 2917 548 2967 ό
574 2913 726 2976 Θεός.
755 2913 909 2977 Τίνος
936 2915 990 2966 δὲ
1021 2913 1207 2967 ἐνεκεν
1232 2916 1494 2987 ἀργύριον
1531 2917 1621 2969 τὸν
1657 2917 1814 2985 λόγον
1845 2917 1974 2970 ἐκά-

398 2993 588 3061 λεσενς
635 2995 851 3065 Ἐπειδὴ
875 2995 1125 3066 καθάπερ
1153 2997 1212 3050 τὸ
1243 2999 1506 3070 ἀργύριον
1531 2999 1624 3052 τὸν
1652 3001 1974 3070 χαρακτῆρα

399 3077 512 3147 εχει
543 3077 947 3148 ἀπηρτισμένον
973 3079 1062 3132 τὸν
1094 3079 1369 3148 βασιλικὸν
1398 3082 1522 3151 (κᾶν
1551 3082 1658 3154 γὰρ
1685 3083 1760 3153 μὴ
1787 3083 1975 3137 τοῦτον

400 3161 522 3233 ἔχῃ,
555 3162 655 3214 οὑκ
687 3161 832 3214 ἐστιν
865 3163 1123 3232 ἀργύριον
1155 3165 1398 3234 δόκιμον,
1430 3167 1567 3221 ἀλλά
1603 3168 1851 3238 κίϐδηλον
1871 3186 1974 3222 κα-

400 3239 635 3307 λεῖται),
682 3242 825 3296 οὑτω
864 3246 959 3297 καὶ
993 3247 1090 3314 τὴν
1122 3247 1468 3301 διδασκαλίαν
1495 3251 1592 3320 τῆς
1626 3252 1860 3315 πίστεως
1884 3251 1976 3306 τὸν

401 3327 723 3396 χαρακτῆρα
747 3326 840 3378 τοῦ
876 3327 1034 3396 λόγου
1065 3331 1471 3398 άπηρτισμένον
1500 3331 1642 3402 ἔχειν
1672 3333 1766 3386 δεῖ.
1808 3334 1976 3388 Πάλιν

400 3408 511 3460 τῶν
545 3409 820 3480 ἀργυρίων
859 3412 895 3480 ῄ
940 3414 1135 3480 χρῆσις
1170 3414 1350 3466 πᾶσαν
1378 3415 1533 3483 ήμῶν
1562 3421 1850 3487 συγκροτεῖ
1879 3419 1977 3488 τὴν

404 3492 552 3562 ζωὴν
575 3534 591 3555 ,
644 3494 736 3546 καὶ
785 3494 1128 3564 συμϐολαίων
1160 3495 1414 3549 ἁπάντων
1464 3498 1720 3562 ὑπόθεσις
1744 3501 1976 3566 γίνεται,

405 3574 510 3626 κάν
531 3577 796 3646 ἀγοράσαι
814 3595 886 3640 τι,
908 3576 1010 3630 κᾶν
1034 3578 1278 3646 πωλῆσαι
1299 3579 1412 3650 δέῃ,
1437 3579 1523 3632 διά
1538 3580 1741 3634 τούτων
1765 3583 1980 3635 ἅπαντα

407 3660 738 3728 πράττομεν.
772 3661 943 3713 Τοῦτο
969 3661 1064 3713 καὶ
1102 3663 1194 3714 ἐπὶ
1224 3663 1322 3731 τῆς
1347 3663 1694 3727 διδασκαλίας
1728 3666 1938 3733 γίνεται
1961 3682 1975 3696 ·

403 3742 514 3794 τῶν
534 3743 643 3813 γάρ
673 3745 1012 3813 συμϐολαίων
1045 3746 1425 3814 πνευματικῶν
1457 3748 1712 3811 ὑπόθεσίς
1741 3750 1855 3802 ἐστι
1887 3749 1981 3802 καὶ

407 3823 537 3894 ῥίζα
578 3826 639 3878 τὸ
679 3827 941 3899 ἀργύριον
985 3826 1143 3880 τοῦτο
1186 3828 1248 3878 τὸ
1280 3831 1668 3898 πνευματικόν·
1715 3831 1838 3884 ὃθεν
1877 3830 1981 3883 κάν

408 3907 562 3978 παρά
588 3909 680 3961 τοῦ
707 3909 842 3961 Θεοῦ
888 3926 942 3961 τι
975 3908 1324 3978 βουληθῶμεν
1367 3910 1658 3978 ἀγοράσαι,
1703 3912 1794 3964 τὸν
1825 3912 1982 3978 λόγον

405 3991 509 4059 τῆς
550 3992 714 4062 εὑχῆς
745 3992 1145 4053 καταϐαλόντες
1178 3991 1413 4061 πρῶτον,
1446 3992 1587 4044 οὑτω
1631 3993 1984 4063 λαμϐάνομεν

407 4075 552 4145 άπερ
584 4074 862 4145 αἰτοῦμεν.
895 4075 1013 4128 Κᾶν
1042 4073 1265 4141 ἀδελφὸν
1293 4073 1492 4143 ἴδωμεν
1522 4075 1866 4145 ἠμελημένον
1889 4077 1984 4130 καὶ

408 4157 805 4227 ἀπολλύμενον,
861 4159 958 4227 τὴν
995 4157 1266 4228 σωτηρίαν
1295 4156 1459 4209 αὑτοῦ
1499 4157 1858 4228 κερδήσομεν,
1890 4160 1986 4212 καὶ

409 4238 507 4309 τὴν
553 4239 696 4309 ζωὴν
739 4240 1106 4310 ἀγοράσομεν,
1151 4239 1242 4292 τὸν
1279 4239 1434 4308 Λόγον
1489 4240 1588 4311 τῆς
1638 4241 1986 4306 διδασκαλίας

411 4323 858 4387 καταϐάλλοντες.

482 4429 573 4480 Διὸ
597 4429 701 4500 χρὴ
732 4428 870 4498 μετά
893 4427 1176 4499 ἀκριϐείας
1191 4428 1408 4497 ἀπάσης
1433 4427 1718 4496 φυλάττειν
1737 4431 1831 4482 καὶ
1852 4447 1986 4483 κατ-

413 4510 560 4578 ἐχειν
593 4512 825 4573 ἅπαντα,
893 4512 982 4564 ἵνα
1024 4512 1116 4563 καὶ
1147 4513 1226 4573 είς
1268 4509 1490 4579 ἐτέρους
1525 4511 1663 4563 αὑτὰ
1693 4511 1988 4582 διανείμωο

419 4607 519 4660 μεν
542 4608 558 4622 ο
614 4594 708 4646 καὶ
754 4593 863 4664 γάρ
911 4593 1006 4645 καὶ
1054 4592 1246 4654 τόκους
1302 4591 1410 4643 τῶν
1455 4592 1734 4662 ἀργυρίων
1784 4593 1989 4646 τούτων

415 4675 810 4745 ἀπαιτούμεθα.
867 4675 1229 4746 Προσέχωμεν
1270 4673 1450 4726 τοίνυν
1485 4676 1550 4743 τῇ
1583 4674 1854 4744 ὑποδοχῇ,
1906 4675 1992 4727 ἵνα

419 4759 514 4811 καὶ
544 4759 622 4820 είς
667 4757 886 4827 ἐτέρους
931 4759 1202 4827 διανεῖμαι
1250 4755 1566 4824 δυνηθῶμεν
1613 4755 1680 4808 τά
1711 4757 1986 4826 ἀργύρια·

419 4842 514 4894 καὶ
549 4841 656 4911 γάρ
703 4842 952 4904 ἕκαστος,
991 4841 1084 4893 ὲάν
1127 4840 1277 4913 θέλῃ,
1307 4839 1536 4909 δύναμιν
1573 4839 1686 4910 ἔχει
1733 4839 1991 4893 διδασκα-

419 4923 561 4987 λίας.
615 4925 688 4977 Οὑ
735 4924 963 4978 δύνασαι
1025 4922 1349 4992 Ἐκκλησίαν
1393 4922 1631 4992 ὀρθῶσαι
1683 4920 1947 4990 τοσαύτην
1975 4939 1989 4953 ·

419 5008 557 5061 ἀλλά
585 5008 810 5061 δύνασαι
857 5009 956 5079 τὴν
985 5010 1218 5075 γυναῖκα
1249 5006 1346 5076 τὴν
1391 5007 1490 5076 σὴν
1528 5006 1866 5076 νουθετῆσαι.
1917 5007 1992 5060 Οὐ

419 5092 644 5146 δύνασαι
675 5093 810 5163 πρὸς
836 5092 1037 5160 πλῆθος
1062 5089 1312 5143 τοσοῦτον
1336 5088 1712 5158 διαλεχθῆναι·
1745 5089 1879 5142 ἀλλά
1904 5089 1994 5140 τὸν

420 5175 538 5227 υἱόν
569 5193 662 5228 σου
692 5175 1024 5246 σωφρονίσαι
1051 5173 1293 5227 δύνασαι.
1327 5172 1398 5224 Οὑ
1427 5171 1648 5224 δύνασαι
1671 5172 1805 5239 πρὸς
1825 5172 1995 5240 δῆμον

420 5259 740 5328 τηλικοῦτον
786 5260 877 5312 τὸν
908 5257 1064 5324 λόγον
1114 5257 1391 5309 ἀποτεῖναι
1435 5253 1781 5315 διδασκαλίας
1803 5271 1819 5285 ⁸
1860 5253 1997 5305 ἀλλά

419 5344 515 5395 τὸν
553 5344 769 5412 οἰκέτην
819 5360 910 5395 σου
948 5341 1188 5411 βελτίονα
1225 5338 1562 5408 ἐργάσασθαι
1590 5337 1813 5390 δύνασαι
1884 5339 1998 5390 Οὑκ

424 5427 544 5479 ἐστι
578 5443 673 5479 σου
712 5427 910 5497 μείζων
938 5425 1034 5493 τῆς
1060 5423 1340 5492 δυνάμεως
1368 5421 1573 5482 ἐκεῖνος
1606 5420 1714 5472 τῶν
1735 5419 1998 5490 μαθητῶν

424 5512 455 5561 ὁ
493 5509 766 5576 σύλλογος
801 5510 901 5562 οὑκ
933 5508 1046 5560 ἔστι
1074 5520 1168 5556 σου
1199 5504 1361 5556 πλέον
1389 5503 1486 5571 τῆς
1516 5503 1782 5564 συνέσεως
1822 5503 2000 5554 ἐκεῖνο

427 5591 534 5657 τῆς
561 5593 909 5654 διδασκαλίας
934 5589 996 5642 τὸ
1025 5589 1239 5662 μέτρον,
1275 5585 1409 5639 ἀλλά
1441 5585 1535 5636 καὶ
1569 5584 1724 5654 ἡμῶν
1765 5582 2003 5634 εὑκολώο

428 5689 590 5743 τερον
634 5676 790 5742 ὑμεῖς
845 5674 1084 5732 ἐκείνους
1150 5671 1351 5732 πάντας
1409 5667 1687 5739 ῥυθμίζειν
1741 5663 1995 5723 δύνασθε.

3531 325 3632 380 ιοο

2070 442 2208 509 Ἐγὼ
2235 444 2330 512 μὲν
2358 459 2466 512 γαρ
2495 443 2622 511 ὑμῖν
2638 440 2783 508 ἅπαξ
2801 442 2898 512 τῆς
2925 440 3216 510 ἑϐδομάδος
3233 439 3634 512 συγγίνομαι,ἢ

2057 526 2149 576 καὶ
2178 525 2430 594 δεύτερον
2458 524 2721 586 πολλάκις
2741 541 2754 552 ·
2802 525 2866 576 σὺ
2895 523 2951 575 δὲ
2989 523 3280 586 διαπαντὸς
3314 523 3461 576 ένδον
3487 521 3634 592 ἔχεις

2053 608 2151 674 τῆς
2195 607 2373 668 οἰκίας
2419 607 2545 668 τοὺς
2582 605 2852 676 μαθητὰς,
2889 606 2982 658 καὶ
3027 605 3125 674 τὴν
3158 607 3415 672 γυναῖκα,
3444 605 3536 658 καὶ
3563 603 3634 657 τά

2057 690 2264 752 παιδία,
2289 690 2382 741 καὶ
2409 690 2533 749 τοὺς
2563 689 2799 752 οἰκέτας,
2828 689 2921 741 καὶ
2952 689 3011 739 ἐν
3039 689 3266 758 ἑσπέρᾳ,
3295 689 3388 740 καὶ
3409 690 3467 741 ἐν
3495 703 3633 757 τρα-

2056 772 2219 840 πέζῃ,
2253 773 2346 824 xal
2385 771 2472 823 διὰ
2514 771 2693 841 πάσης
2727 771 2940 841 ἡμέρας
2985 771 3209 825 δύνασαι
3242 771 3490 842 διορθοῦν
3535 770 3632 824 αὑ-

2055 854 2203 917 τούς.
2253 855 2360 906 Καὶ
2395 854 2658 922 ἑτέρωθεν
2687 855 2744 906 δὲ
2786 857 2818 924 ή
2855 855 3062 926 ίατρεία
3108 855 3245 923 αῦτη
3291 855 3634 924 εὑκολωτέρα

2057 937 2294 1004 γίνεταιο
2346 935 2457 998 ἐγὼ
2497 937 2592 1006 μὲν
2623 938 2732 1006 γὰρ
2764 939 2821 989 ἐν
2853 937 3047 1005 πλήθει
3085 937 3326 1007 τοσούτῳ
3368 936 3482 1008 [84]
3514 937 3632 990 δια-

2058 1018 2347 1088 λεγόμενος
2375 1019 2474 1070 οὑκ
2510 1015 2623 1071 οίδα
2657 1018 2716 1070 τὸ
2745 1019 2998 1088 ἐνοχλοῦν
3038 1021 3166 1090 ὑμῖν
3197 1019 3368 1083 πάθος
3397 1020 3499 1084 τῆς
3529 1019 3634 1087 ψυ-

2059 1101 2180 1169 χῆς,
2219 1099 2298 1152 διὸ
2330 1101 2424 1152 καί
2455 1100 2834 1170 ἀναγκάζομαι
2865 1102 2984 1154 καθ’
3016 1103 3254 1171 ἑκάστην
3284 1101 3634 1154 διδασκαλίαν

2059 1182 2274 1235 ἅπαντα
2305 1183 2614 1252 προτιθέναι
2653 1184 2721 1236 τά
2757 1184 3054 1252 φάρμακαο
3104 1185 3247 1252 ὑμᾶς
3279 1183 3335 1235 δέ
3361 1183 3457 1251 οὑχ
3490 1182 3636 1235 οὑτω

2061 1267 2234 1317 ποιεῖν
2264 1265 2496 1336 ἀνάγκη,
2529 1267 2642 1319 ἀλλ’
2674 1267 2881 1331 ἔξεστιν
2911 1269 3039 1338 ὑμῖν
3077 1268 3216 1337 μετά
3237 1267 3521 1330 ἐλάττονος
3545 1267 3638 1318 πό·

2060 1363 2151 1399 νου
2182 1347 2397 1400 πλείονα
2421 1349 2765 1418 καρποῦσθαι
2798 1349 2895 1418 τὴν
2916 1349 3199 1418 διόρθωσιν
3218 1366 3232 1379 ο
3274 1349 3388 1402 ῖστε
3415 1348 3525 1417 γὰρ
3547 1364 3638 1400 σα-

2062 1428 2177 1496 φῶς
2201 1427 2271 1480 τά
2301 1431 2674 1500 ἁμαρτήματα
2699 1432 2808 1484 τῶν
2830 1432 2957 1501 ὑμῖν
2988 1431 3398 1496 συνοικούντων,
3421 1430 3502 1484 διὸ
3541 1429 3636 1482 xal

2059 1514 2364 1585 ταχυτέραν
2391 1515 2620 1568 δύνασθε
2647 1517 2870 1587 ποιῆσαι
2900 1518 2998 1585 τὴν
3030 1516 3346 1587 θεραπείαν.

2134 1657 2202 1726 γ’.
2231 1658 2320 1728 Μὴ
2339 1659 2538 1721 τοίνυν,
2573 1661 2865 1730 ἀγαπητοὶ,
2884 1661 3066 1730 ἀμελῶ
3074 1680 3172 1732 μεν
3193 1662 3302 1714 τῶν
3325 1661 3636 1716 συνοικούν-

2063 1757 2172 1792 των
2225 1741 2388 1809 ἠμῖν·
2456 1742 2550 1794 καὶ⁵
2593 1743 2701 1812 γὰρ
2769 1744 3001 1812 μεγίστη
3049 1745 3268 1805 κόλασις
3316 1747 3491 1796 κεῖται
3543 1744 3638 1797 καὶ

2066 1824 2268 1890 ἀφατος
2294 1825 2531 1894 τιμωρία
2558 1828 2668 1888 τοῖς
2697 1825 2958 1895 ἀμελοῦσι
2993 1827 3102 1878 τῶν
3139 1827 3375 1879 οἰκείων.
3426 1829 3496 1879 El
3526 1827 3638 1895 γάρ

2065 1921 2176 1966 τις,
2205 1905 2368 1973 φησὶν
2393 1907 2421 1956 ό
2448 1905 2675 1968 Παῦλος,
2704 1906 2820 1960 τῶν
2848 1907 3010 1960 ὶδίων
3041 1910 3112 1961 οὐ
3151 1907 3507 1974 προνοεῖται,
3539 1907 3639 1962 καί

2061 1986 2328 2054 μάλιστα
2368 1986 2488 2040 τῶν
2529 1989 2782 2053 οἰκείων,
2823 1989 2936 2054 τὴν
2974 1991 3182 2042 πίστιν
3230 1990 3502 2056 ἤρνηται,
3541 1989 3640 2043 καί

2067 2069 2236 2122 ἔστιν
2255 2069 2514 2123 ἀπίστου
2540 2070 2772 2136 χείρων.
2819 2070 2980 2140 Ὁρᾷς
3012 2071 3114 2122 ποῦ
3163 2070 3271 2123 τῶν
3293 2069 3644 2139 ἀμελούντων

2065 2151 2174 2204 τῶν
2201 2153 2417 2205 οίκείων
2441 2157 2470 2207 ό
2500 2153 2710 2217 Παῦλος
2737 2155 3022 2222 ὴκόντισε;
3067 2155 3178 2208 Kal
3206 2155 3350 2225 μάλα
3379 2155 3602 2217 εἰκότως
3620 2171 3639 2185 ·

2067 2236 2096 2288 ό
2124 2235 2232 2304 γὰρ
2253 2235 2362 2287 τῶν
2385 2236 2602 2288 οἰκείων
2627 2236 2866 2306 ἀμελῶν,
2899 2237 3052 2307 φησὶ,
3077 2239 3193 2300 πῶς
3215 2237 3322 2290 τῶν
3343 2238 3642 2309 ἀλλοτρίων

2069 2316 2499 2387 ἐπιμελήσεταις
2563 2313 2694 2370 Οἶδα
2747 2319 3007 2382 πολλάκις
3071 2319 3244 2373 ταῦτα
3303 2321 3640 2391 παραινέσας

2069 2401 2225 2470 ὑμῖν·
2252 2399 2387 2452 ἀλλὰ
2415 2402 2509 2453 καὶ
2544 2401 2824 2471 παραινῶν
2851 2401 3104 2454 οὐδέποτε
3132 2402 3432 2472 παύσομαι,
3464 2397 3640 2455 καίτοι

2068 2499 2131 2550 γε
2163 2481 2276 2550 ἐγὼ
2311 2481 2602 2545 ἀνεύθυνος
2641 2482 2825 2535 λοιπὸν
2864 2483 2965 2552 τῆς
3001 2484 3108 2535 τῶν
3137 2484 3336 2553 ἐτέρων
3367 2483 3640 2555 ῥᾳθυμίας

2068 2565 2183 2634 εἰμί
2202 2581 2216 2595 ο
2253 2564 2407 2617 Ἔδει
2439 2565 2548 2636 γάρ
2570 2581 2664 2626 σε,
2699 2566 2851 2634 φησὶ,
2889 2565 3245 2619 καταϐαλεῖν
3273 2566 3337 2618 τι)
3359 2566 3641 2634 ἀργύριόν

2063 2663 2184 2714 μου
2223 2647 2321 2700 ἐπὶ
2371 2647 2512 2712 τοὺς
2555 2647 2919 2714 τραπεζῖτας,
2944 2649 3042 2701 καὶ
3072 2647 3263 2701 πλέον
3288 2649 3468 2702 οὐδὲν
3522 2649 3640 2702 dx-

2067 2733 2316 2800 ῄτησεν.
2349 2729 2490 2798 Ἐγὼ
2520 2731 2575 2783 δὲ
2603 2731 2698 2784 καὶ
2713 2731 2772 2783 τὸ
2791 2731 3055 2801 ἀργύριον
3087 2731 3402 2794 κατέϐαλον,
3433 2731 3525 2782 καὶ
3553 2729 3642 2782 λό-

2069 2831 2166 2882 γον
2192 2814 2380 2867 οὐδένα
2409 2814 2518 2883 ἐχω
2539 2831 2552 2844 ο
2597 2813 2712 2867 ἀλλ’
2746 2816 2894 2884 ὅμως
2925 2815 3102 2867 καίτοι
3130 2831 3194 2882 γε
3225 2813 3512 2876 ἀνεύθυνος
3543 2811 3642 2876 ὢν,

2071 2898 2166 2950 καὶ
2214 2897 2312 2966 τῆς
2353 2898 2623 2967 τιμωρίας
2669 2897 3089 2967 ἀπηλλαγμένος
3133 2889 3230 2964 τῆς
3275 2896 3367 2948 ἐπὶ
3412 2894 3644 2956 τούτοις,

2071 2979 2323 3050 καθάπερ
2357 2980 2657 3043 ὑπεύθυνος
2703 2979 2800 3031 ὢν,
2827 2979 3042 3032 κολάσει
3084 2980 3178 3031 καὶ
3215 2979 3474 3050 τιμωρίᾳ,
3503 2977 3648 3032 οὑτω

2074 3060 2290 3114 δέδοικα
2320 3063 2416 3115 καὶ
2439 3061 2627 3133 τρέμω
2655 3064 2784 3133 περὶ
2813 3063 2912 3132 τῆς
2942 3063 3212 3133 ὑμετέρας
3245 3063 3539 3133 σωτηρίας.

2145 3201 2351 3273 Μηδεὶς
2387 3201 2564 3254 τοίνυν
2611 3200 2798 3262 ἀπλῶς
2841 3201 2972 3270 μηδὲ
3007 3202 3367 3271 ἠμελημένως
3403 3201 3650 3255 ἀκουέτω

2073 3293 2183 3347 τῶν
2231 3293 2402 3360 λόγων
2450 3292 2558 3344 τῶν
2611 3291 3030 3361 πνευματικῶνο
3081 3291 3200 3342 οὑδέ
3232 3290 3342 3361 γὰρ
3387 3290 3510 3360 εἰκῆ
3556 3292 3651 3344 καὶ⁵

2079 3383 2254 3453 μάτην
2305 3381 2491 3452 μακρά
2537 3380 2798 3450 ποιοῦμαι
2850 3379 2919 3432 τά
2973 3379 3274 3448 προοίμια,
3338 3377 3453 3431 ἀλλ’
3504 3377 3649 3430 ὥστε

2077 3473 2488 3542 ἀσφαλεστέραν
2541 3471 2786 3540 γίνεσθαι
2844 3470 2952 3524 τῶν
3007 3469 3499 3539 καταϐαλλομένων
3550 3468 3651 3538 τὴν

2079 3563 2348 3635 φυλακὴν,
2389 3563 2528 3616 ὥστε
2559 3563 2634 3634 μὴ
2667 3563 2843 3633 μάτην
2885 3562 3018 3634 μηδὲ
3054 3561 3238 3624 ἁπλῶς
3279 3561 3652 3630 κροτήσαντας

2079 3656 2173 3709 καὶ
2203 3657 2612 3727 θορυϐήσαντας
2637 3656 2815 3709 οἶκαδε
2842 3653 3115 3709 ἀπελθεῖν.
3149 3654 3222 3708 Οὑ
3246 3653 3354 3724 γὰρ
3380 3652 3532 3723 μέλει
3562 3669 3653 3722 μοι

2077 3752 2187 3805 τῶν
2252 3750 2381 3821 παρ’
2456 3749 2611 3820 ὑμῶν
2681 3749 2946 3812 ἐπαίνων,
2999 3746 3137 3800 ἀλλά
3209 3747 3480 3817 φροντίζω
3549 3746 3649 3816 τῆς
3756 3766 3758 3769 ·

2081 3839 2356 3910 ὑμετέρας
2405 3838 2697 3908 σωτηρίας.
2748 3839 2811 3890 Ol
2861 3836 2960 3905 μὲν
3007 3834 3116 3904 γὰρ
3163 3834 3255 3886 ἐπὶ
3302 3835 3401 3901 τῆς
3449 3832 3655 3901 σκηνῆς

2082 3931 2476 3999 ἀγωνιζόμενοι
2523 3929 2614 3980 τὸν
2667 3927 2808 3995 ὑπὲρ
2839 3925 3030 3977 τούτου
3082 3924 3272 3993 μισθὸν
3303 3923 3394 3974 τὸν
3436 3923 3656 3975 ἔπαινον

2083 4020 2233 4092 παρά
2258 4020 2350 4073 τοῦ
2379 4020 2550 4088 δήμου
2584 4017 2970 4086 λαμϐάνουσινο
3004 4017 3162 4084 ἡμεῖς
3190 4014 3247 4066 δὲ
3276 4013 3375 4065 οὑκ
3411 4015 3503 4065 ἐπὶ
3533 4012 3658 4066 τού-

2082 4131 2195 4176 τοις
2246 4109 2652 4179 ἀπεδυσάμεθα,
2685 4107 2798 4161 ἀλλ’
2826 4107 2917 4160 ἐπὶ
2951 4106 3043 4158 τὸν
3069 4104 3218 4176 παρὰ
3257 4103 3351 4156 τοῦ
3382 4103 3654 4155 Δεσπότου

2089 4205 2278 4276 μισθὸν
2310 4203 2400 4256 τὸν
2429 4203 2522 4254 ἐπὶ
2568 4200 2773 4262 τούτοις
2824 4199 3072 4269 κείμενον
3103 4195 3310 4250 λαϐεῖν.
3361 4194 3459 4246 Διά
3500 4191 3660 4246 τοῦτο

2088 4299 2182 4352 καὶ
2203 4296 2438 4364 συνεχῶς
2462 4293 2591 4363 ύμῖν
2617 4292 2787 4345 ταῦτα
2821 4287 3327 4360 παρακελευόμεθα.
3359 4285 3498 4338 ὥστε
3525 4283 3658 4355 πρὸς

2085 4389 2147 4442 τὸ
2181 4388 2343 4457 βάθος
2371 4387 2469 4456 τῆς
2495 4383 2731 4444 διανοίας
2757 4381 2908 4452 ὑμῶν
2943 4378 3245 4446 καταϐῆναι
3275 4376 3344 4428 τά
3371 4375 3657 4444 λεγόμενα.

2091 4478 2356 4546 Καθάπερ
2401 4474 2509 4542 γάρ
2554 4472 2660 4525 τῶν
2697 4470 2879 4538 φυτῶν
2903 4469 3108 4536 ὅσαπερ
3141 4467 3206 4518 ἂν
3240 4464 3375 4535 πρὸς
3408 4464 3469 4524 ’ὦ
3498 4461 3661 4531 βάθος

2097 4565 2443 4633 παραπέμψῃ
2481 4561 2581 4623 τάς
2632 4559 2808 4630 ῥίζας,
2841 4558 3067 4610 ἀσειστα
3119 4553 3328 4621 γίνεται
3379 4554 3500 4615 ταῖς
3548 4550 3658 4603 τῶν

2093 4658 2312 4726 ἀνέμων
2333 4653 2678 4724 προσϐολαίςο
2714 4651 2856 4703 οὑτω
2883 4649 2978 4721 καί
3009 4648 3116 4700 τῶν
3135 4645 3423 4716 νοημάτων
3443 4645 3621 4714 ὄσῳπε
3629 4662 3663 4714 ρ

2094 4749 2160 4801 ἂν
2192 4751 2248 4800 ἐν
2279 4746 2356 4816 τῷ
2406 4745 2558 4814 βάθει
2593 4743 2729 4814 μένῃ
2774 4742 2876 4812 τῆς
2919 4739 3178 4803 διανοίας,
3221 4739 3284 4790 ού
3329 4736 3526 4808 ῥᾳδίως
3559 4735 3666 4787 ὑπὸ

2091 4839 2189 4907 τῆς
2217 4834 2325 4887 τῶν
2355 4833 2698 4904 πραγμάτων
2723 4830 3034 4884 ἀνασπᾶται
3067 4825 3376 4895 ἐπιϐουλῆς.
3405 4823 3538 4876 Εἰπὲ
3557 4824 3666 4894 γάρ

2098 4947 2208 4998 μοι,
2237 4924 2509 4995 ἀγαπητὴ
2544 4926 2592 4976 εί
2637 4921 2784 4992 λιμῷ
2829 4921 2919 4973 τὸν
2955 4919 3120 4973 παῖδα
3151 4918 3453 4989 τηκόμενον
3503 4912 3664 4978 εἶδες,

2098 5015 2207 5089 ἄρα
2252 5018 2316 5070 ἂν
2341 5017 2571 5085 ἠνέσχου
2600 5013 2885 5085 περιιδεῖν,
2927 5011 3041 5063 ἀλλ’
3076 5010 3197 5078 οὑχ).
3245 5009 3423 5060 πάντα
3448 5005 3514 5059 ἂν
3564 5007 3664 5058 ὑπ-

2099 5112 2341 5181 έμεινας,
2375 5108 2516 5161 ὥστε
2541 5107 2700 5160 λῦσαι
2724 5103 2890 5158 αὑτοῦ
2919 5104 3009 5155 τὸν
3040 5102 3229 5171 λιμόν;
3255 5095 3383 5152 Εἶτα
3399 5094 3540 5166 λιμῷ
3569 5095 3668 5164 μὲν

2097 5207 2262 5276 ἄρτου
2287 5200 2729 5271 διαφθειρόμενον
2747 5198 2847 5250 οὑκ
2871 5195 2936 5249 ἂν
2963 5192 3250 5264 περιεῖδες,
3272 5188 3414 5257 λιμῶ
3443 5186 3499 5238 δὲ
3518 5184 3670 5276 θείας

2097 5274 2445 5354 διδασκαλίας
2479 5289 2848 5358 ἀπολλύμενον
2876 5285 3041 5354 ἀνέχῃ
3075 5280 3336 5350 περιορᾷν
3357 5295 3372 5342 ;
3396 5276 3519 5358 Kal
3551 5274 3671 5336 πῶς

2101 5386 2250 5451 ἀξιος
2283 5385 2349 5437 ἂν
2381 5377 2447 5450 ῆς
2483 5357 2764 5432 καλεῖσθαι
2805 5373 3022 5440 πατήρ;
3074 5369 3182 5420 Kal
3220 5367 3327 5435 γὰρ
3358 5357 3510 5424 οὗτος
3532 5359 3674 5451 λι-

2105 5448 2202 5550 μδς
2257 5448 2462 5528 ἐκείνου
2513 5463 2910 5537 χαλεπώτερος,
2957 5461 3066 5526 ὅσῳ
3117 5455 3213 5550 καί⁵
3264 5453 3398 5550 πρὸς
3452 5448 3676 5550 μείζονα

2103 5538 2328 5636 τελευτᾷ
2347 5563 2596 5621 θάνατον,
2626 5556 2747 5609 ὅθεν
2773 5554 2868 5605 καὶ
2895 5550 3114 5604 πλείονα
3145 5543 3378 5597 ἐνταῦθα
3407 5538 3678 5636 ποιεῖσθαι

2113 5655 2216 5730 χρὴ
2244 5628 2340 5726 τήν
2381 5647 2634 5718 σπουδήν.
2678 5640 3024 5710 Ἑχτρέφετε
3055 5633 3186 5706 γὰρ,
3217 5633 3370 5706 φησὶ,
3405 5628 3474 5685 τὰ
3504 5628 3675 5682 τέκνα
