4096 6222
397 360 494 421 101

395 480 562 553 ὑμῶν
583 481 653 533 ἐν
684 478 919 545 παιδείᾳ
954 475 1070 548 [85]
1105 477 1204 528 καί
1231 474 1516 540 νουθεσίᾳ
1540 474 1780 541 Κυρίου.
1816 473 1963 545 Αῦτη

395 564 657 632 καλλίστη
680 560 933 631 πατέρων
962 557 1266 627 ἐπιμέλεια,
1293 554 1430 626 αὕτη
1457 555 1657 624 γνησία
1676 554 1971 625 κηδεμονία

393 645 801 717 γεγεννηκότων
836 659 851 673 ο
923 641 1064 694 οὕτω
1121 639 1230 711 γὰρ
1299 638 1410 706 ἐγὼ
1464 636 1812 705 ἐπιγινώσκω
1872 637 1972 706 τῆς

396 730 613 797 φύσεως
644 726 744 797 τήν
781 723 1100 792 συγγένειαν
1125 761 1140 781 ,
1193 721 1290 774 ἐὰν
1326 722 1386 773 ἐν
1428 722 1540 782 τοῖς
1582 720 1972 788 πνευματικοῖς

398 810 617 863 πλείονα
645 805 1015 871 ἐπιδείξωνται
1062 803 1161 874 τὴν
1213 802 1470 872 σπουδήν.
1537 798 1699 852 Ἀλλά
1728 800 1835 852 τῶν
1871 799 1972 868 μὲν

403 892 702 962 προοιμίων
734 889 959 960 ἀρκετὸς
988 890 1018 941 6
1046 887 1229 955 λόγος’
1261 886 1474 955 ἀνάγκη
1503 883 1560 937 δὲ
1587 883 1771 936 λοιπὸν
1798 900 1971 935 κατα-
2014 902 2017 903 ν

398 975 581 1027 ϐαλεῖν
613 973 709 1027 καὶ
748 972 812 1025 τὸ
838 971 998 1043 χρέος
1017 986 1031 999 ’
1071 971 1160 1024 διὰ
1189 969 1299 1040 γὰρ
1328 968 1485 1022 τοῦτο
1511 967 1601 1020 τὸν
1638 965 1850 1038 μακρὸν
1877 967 1973 1019 καὶ

398 1057 566 1110 πολὺν
587 1055 773 1109 τοῦτον
793 1054 921 1123 ὑμῖν
946 1053 1277 1123 ἀπεμήκυνα
1296 1050 1473 1119 λόγον,
1505 1050 1594 1102 ἵνα
1620 1047 1762 1119 μετὰ
1792 1047 1972 1115 πάσης

399 1138 730 1206 ὑποδέξησθε
772 1137 835 1189 τὸ
869 1134 1343 1204 καταϐαλλόμενον
1377 1132 1643 1200 φυλακῆς.
1688 1129 1754 1182 Τί
1788 1125 1879 1183 οὖν
1911 1128 1973 1181 τὸ

397 1219 643 1289 ὄφλημα,
670 1220 809 1286 ὅπερ
845 1217 1273 1287 ἀνεχωρήσαμεν
1309 1213 1616 1281 ὀφείλοντες
1664 1209 1894 1281 πρώην;
1935 1210 1969 1280 ἢ

398 1301 495 1354 καὶ
535 1300 694 1353 τοῦτο
731 1299 872 1368 τάχα
920 1296 1275 1365 ἐπιλέλησθες
1327 1291 1536 1347 Οὐκοῦν
1580 1293 1792 1361 ἀνάγκη
1840 1292 1973 1361 παρ’

396 1383 557 1454 ἡμῶν
575 1383 721 1452 ὑμᾶς
735 1392 762 1421 ιι
786 1376 1225 1450 ὑπομνησθῆναι,
1252 1376 1348 1430 καὶ
1376 1375 1642 1447 πρότερον
1665 1373 1975 1442 ἀναγνῶναι

397 1467 460 1519 τὸ
508 1465 881 1534 γραμματεῖον
904 1502 919 1526 ,
972 1460 1039 1513 δι’
1085 1455 1151 1514 οῦ
1210 1459 1306 1512 καὶ
1348 1458 1449 1528 τὴν
1491 1458 1764 1527 προτέραν
1806 1472 1975 1507 κατα-

401 1546 559 1617 ϐολήν
603 1543 997 1615 ἐποιησάμεθα,
1047 1542 1143 1595 καὶ
1182 1541 1305 1593 τίνα
1334 1535 1403 1609 ἦν
1449 1538 1518 1591 τά
1565 1537 1973 1605 καταϐληθέντα

400 1630 593 1691 εἰπεῖν,
624 1626 712 1679 ἵνα
742 1627 940 1694 ἴδωμεν
970 1626 1035 1678 ἐκ
1064 1623 1174 1677 τῶν
1200 1620 1651 1691 καταϐληθέντων
1682 1618 1752 1672 τὰ
1777 1618 1976 1671 λειπό-

403 1727 558 1780 μενα.
611 1707 746 1762 Τίνα
791 1704 886 1761 οῦν
929 1708 1046 1760 ἐστι
1095 1705 1166 1757 τά
1208 1701 1618 1773 καταϐληθέντα
1664 1702 1970 1772 πρότερον;

399 1788 568 1845 Εἶπον
592 1791 711 1844 ἐκεῖ
728 1790 814 1852 τίς
832 1785 902 1860 ἦν
923 1790 953 1840 6
976 1789 1036 1841 τὸ
1066 1787 1268 1858 βιϐλίον
1300 1786 1518 1857 γράψας
1552 1784 1662 1839 τῶν
1686 1780 1970 1855 Πράξεων,

400 1874 498 1929 καὶ
541 1873 629 1935 τίς
671 1874 700 1925 6
737 1873 918 1942 πατὴρ
950 1871 1044 1924 τοῦ
1082 1870 1243 1938 λόγου
1271 1870 1485 1923 τούτου’
1526 1866 1724 1939 μᾶλλον
1770 1865 1827 1918 δὲ
1873 1866 1972 1935 οὐχ

399 1960 429 2011 6
454 1956 637 2027 πατὴρ
673 1955 769 2008 τοῦ
797 1954 980 2022 λόγου,
1008 1953 1124 2006 ἀλλ’
1153 1955 1181 2007 6
1221 1952 1465 2015 διάκονος
1490 1968 1503 1982 ·
1566 1950 1627 2004 οὑ
1672 1949 1781 2020 γὰρ
1809 1948 1972 2012 αὑτὸς

400 2041 556 2093 ἔτεκε
585 2039 653 2092 τά
681 2038 964 2109 εἰρημένα,
1000 2036 1114 2089 ἀλλ’
1152 2035 1313 2099 αὑτὸς
1350 2034 1636 2104 διηκόνησε
1671 2036 1782 2096 τοῖς
1822 2031 1979 2102 είρη-

404 2120 605 2192 μένοις.

470 2200 636 2256 Εἶπον
669 2201 795 2272 περὶ
827 2200 937 2253 τῶν
964 2198 1223 2272 Πράξεων
1264 2198 1463 2262 αὐτῶν,
1499 2199 1592 2252 καὶ
1634 2197 1691 2251 τί
1733 2193 1852 2249 ποτ’
1883 2189 1979 2248 οῦν

403 2286 650 2356 βούλεται
679 2282 1013 2349 ἐνδείξασθαι
1044 2283 1104 2337 τὸ
1132 2281 1241 2334 τῶν
1282 2280 1541 2352 Πράξεων
1576 2277 1778 2350 ὄνομα·
1822 2272 1977 2330 εἶπον

401 2369 498 2422 καὶ
536 2385 603 2420 πε
613 2366 667 2438 pl
694 2365 798 2436 τῆς
832 2364 940 2418 τῶν
964 2363 1276 2417 ἀποστόλων
1306 2362 1695 2433 προσηγορίας.
1737 2361 1974 2429 ’Δνάγκη

402 2450 586 2503 λοιπὸν
616 2449 810 2511 εἰπεῖν,
849 2446 993 2509 τίνος
1035 2446 1223 2499 ἓνεκεν
1260 2446 1311 2498 οί
1351 2443 1592 2514 Πατέρες
1630 2441 1786 2513 ήμῶν
1820 2443 1878 2494 ἐν
1910 2444 1976 2512 τῇ

402 2533 749 2601 Πεντηκοστῇ
772 2530 841 2585 ,τδ
868 2528 1069 2599 βιϐλίον
1092 2528 1203 2582 τῶν
1220 2525 1479 2598 Πράξεων
1507 2522 1976 2591 ἀναγινώσκεσθαι

403 2612 818 2684 ἐνομοθέτησαν.
846 2610 1001 2680 Τάχα
1022 2610 1132 2681 γὰρ
1160 2608 1439 2680 μέμνησθε
1459 2609 1541 2661 ὅτι
1566 2607 1660 2659 καὶ
1678 2604 1836 2658 τοῦτο
1854 2605 1977 2658 τότε

405 2693 756 2764 ὑπεσχόμεθα
797 2693 961 2763 ἐρεῖν.
1016 2692 1090 2744 υὺ
1129 2691 1239 2762 γὰρ
1289 2688 1476 2753 ἁπλῶς
1521 2688 1644 2741 οὑδέ
1688 2686 1812 2756 εἰκῆ
1851 2687 1977 2749 τοὺς

403 2777 630 2849 καιροὺς
660 2776 789 2845 ἡμῖν
816 2773 1035 2838 τούτους
1062 2773 1447 2845 παρετήρησαν
1475 2770 1525 2823 οί
1558 2767 1822 2849 Πατέρες,
1844 2766 1980 2849 ἀλλά

407 2848 545 2926 μετά
574 2872 718 2919 τινος
758 2855 915 2923 λόγου
947 2852 1112 2923 σοφοῦ
1156 2856 1485 2922 πεποιήκασι
1520 2850 1706 2903 τοῦτο·
1756 2848 1855 2917 οὑχ
1892 2848 1980 2901 ἶνα

403 2938 510 2991 ὑπὸ
532 2936 775 3007 ἀνάγκην
792 2935 1000 3008 καιρῶν
1012 2936 1110 3008 τήν
1132 2934 1443 3007 ἐλευθερίαν
1464 2934 1595 3005 ἡμῖν
1612 2930 1976 2997 ὑποϐάλωσιν,

404 3021 519 3075 ἀλλ’
563 3022 651 3074 ἴνα
692 3023 759 3092 τῇ
796 3018 906 3073 τῶν
953 3019 1360 3089 ἀσθενεστέρων
1416 3017 1663 3088 πτωχείᾳ
1704 3030 1983 3084 συγκατα-

405 3102 619 3165 ϐάντες,
644 3104 736 3156 ἐπὶ
763 3103 853 3156 τὸν
881 3103 1109 3156 πλοῦτον
1136 3102 1235 3171 τῆς
1266 3100 1518 3170 γνώσεως
1544 3099 1743 3163 αὑτοὺς
1771 3096 1981 3165 άναγά-

404 3203 563 3256 γωσι.
606 3188 718 3241 Kal
754 3187 837 3240 ὅτι
862 3186 954 3241 διὰ
994 3185 1152 3239 τοῦτο
1186 3185 1565 3256 παρατηροῦσι
1609 3185 1852 3253 καιροὺς,
1883 3183 1982 3251 οὑχ

405 3269 629 3331 ἐαυτοὺς
655 3271 721 3339 τῇ
749 3268 961 3340 ἀνάγκῃ
980 3267 1081 3338 τῆς
1101 3268 1535 3339 παρατηρήσεως
1561 3266 1976 3329 ὑποϐάλλοντες,

407 3351 542 3404 ἀλλά
573 3354 685 3415 τοῖς
728 3350 1136 3421 ἀσθενεστέροις
1182 3350 1528 3418 συγκατιέναι
1566 3348 1977 3414 σπουδάζοντες,

405 3435 637 3488 ἄκουσον
672 3433 726 3486 τί
758 3449 921 3503 φησιν
952 3435 981 3485 6
1008 3432 1250 3495 Παῦλος·
1306 3430 1558 3500 Ἡμέρας
1592 3432 1980 3501 παρατηρεῖτε

406 3518 505 3571 καί
522 3512 719 3586 μῆνας
759 3516 858 3568 καὶ
888 3514 1132 3581 καιροὺς
1171 3515 1270 3568 καὶ
1297 3515 1644 3580 ἐνιαυτούς;
1687 3515 1982 3583 Φοϐοῦμαι

401 3598 488 3668 μή
517 3613 641 3665 πως
659 3595 791 3663 είκῆ
820 3596 1152 3649 κεκοπίακα
1174 3599 1261 3660 εὶς
1278 3594 1461 3664 ὑμᾶς.
1482 3596 1571 3648 «εν
1602 3595 1659 3648 δὲ
1695 3596 1757 3648 οὑ
1802 3612 1981 3664 παρα-

407 3682 593 3749 «mpm;
626 3677 838 3748 ἡμέρας
867 3678 960 3730 καὶ
1001 3679 1224 3747 καιροὺς
1254 3678 1349 3730 καὶ
1388 3676 1697 3742 ἐνιαυτούς;
1751 3677 1816 3729 Τί
1844 3673 1981 3743 οῦν;

409 3762 459 3814 εί
493 3760 690 3828 ίδωμεν
721 3759 812 3812 τὸν
841 3756 1118 3811 κωλύοντα
1147 3761 1483 3829 παρατηρεῖν
1510 3758 1722 3828 ἡμέρας
1759 3758 1853 3812 καὶ
1881 3760 1984 3830 μῆ-

407 3859 505 3905 νας
530 3843 625 3895 καὶ
654 3843 878 3912 καιροὺς
909 3842 1002 3894 καὶ
1037 3842 1314 3905 ἐνιαυτοὺς
1343 3840 1761 3911 παρατηροῦντα
1788 3841 1981 3907 ταῦτα,

407 3926 462 3979 τί
488 3926 718 3996 ἐροῦμεν
743 3964 758 3987 ,
809 3925 933 3977 εἰπέ
980 3941 1105 3995 μοις
1153 3925 1236 3977 ὅτι
1268 3924 1496 3994 μάχεται
1530 3923 1727 3994 ἐαυτῷ,
1767 3924 1861 3978 καὶ
1891 3942 1982 3994 φιο

408 4008 671 4074 λονεικεῖ;
705 4006 795 4078 Μὴ
821 4008 1062 4075 γένοιτοί
1099 4005 1214 4060 ἀλλ’
1259 4008 1341 4061 ὅτι
1381 4006 1489 4060 τῶν
1522 4006 1982 4079 παρατηρούντων

407 4091 534 4153 τοὺς
564 4077 791 4162 καιροὺς
812 4090 909 4160 τὴν
940 4088 1220 4143 ἀσθένειαν
1248 4089 1455 4143 ἀνελεῖν
1493 4077 1814 4159 βουλόμενος
1852 4107 1983 4159 συγ-

410 4172 725 4227 καταϐαίνει
772 4173 860 4225 διὰ
905 4173 1003 4241 τῆς
1059 4173 1493 4243 παρατηρήσεως
1537 4173 1671 4244 πρὸς
1719 4174 1979 4238 ἐκείνους.

411 4252 566 4306 Οῦτω
592 4254 685 4306 καὶ
722 4253 896 4322 ἰατροὶ
929 4253 1159 4317 ποιοῦσι,
1193 4253 1302 4305 τῶν
1341 4253 1526 4306 σιτίων
1553 4254 1660 4307 τῶν
1693 4253 1984 4322 διδομένων

408 4338 519 4397 τοῖς
547 4336 791 4389 νοσοῦσιν
819 4335 1176 4404 ἀπογεύονται
1208 4335 1492 4406 πρότερον,
1538 4335 1638 4387 οὑκ
1677 4335 1832 4388 αὑτοὶ
1870 4335 1985 4388 δεόι

408 4434 563 4487 μενοι
633 4417 742 4471 τῶν
799 4419 1023 4483 σιτίων,
1078 4416 1214 4472 ἀλλά
1272 4418 1370 4488 τὴν
1427 4417 1649 4469 ἐκείνων
1701 4417 1982 4471 ἀσθένειαν

409 4498 696 4569 διορθῶσαι
718 4501 1126 4564 σπουδάζοντες.
1151 4500 1305 4553 Οῦτω
1326 4500 1420 4553 καὶ
1438 4502 1467 4552 6
1485 4499 1692 4562 Παῦλος
1707 4500 1978 4571 ἐποίησεν·

409 4581 559 4635 ὠδὶν
587 4582 837 4650 δεόμενος
864 4583 965 4651 τῆς
994 4585 1427 4653 παρατηρήσεως
1462 4581 1571 4635 τῶν
1603 4582 1829 4653 καιρῶν,
1857 4583 1983 4646 τοὺς

410 4663 635 4731 καιροὺς
656 4665 940 4735 ἐτήρησεν,
964 4664 1053 4737 ἵνα
1076 4666 1204 4727 τοὺς
1227 4665 1681 4737 παρατηροῦντας
1700 4665 1983 4737 ἀπαλλάξῃ

409 4743 510 4812 τῆς
535 4741 818 4808 ἀσθενείας
856 4746 957 4814 τῆς
984 4748 1125 4799 κατά
1161 4747 1256 4816 τὴν
1287 4748 1685 4819 παρατήρησιν.
1735 4748 1845 4801 Kal
1877 4747 1981 4800 ποῦ

411 4825 766 4895 παρετήρησε
817 4830 1043 4898 καιροὺς
1091 4829 1120 4881 6
1177 4829 1427 4895 Παῦλος;
1493 4831 1790 4901 Προσέχετε
1843 4828 1984 4901 μετά

410 4905 717 4976 ἀκριϐείας,
746 4909 1066 4977 παρακαλῶ.
1116 4910 1196 4979 Τῇ
1222 4910 1288 4965 δὲ
1308 4912 1585 4980 ἐπιούσῃ,
1624 4914 1776 4983 φησὶ,
1843 4928 1984 4965 κατ-

409 4988 791 5057 επλεύσαμεν
819 4991 905 5056 είς
919 4991 1207 5058 Μίλητον.
1238 4994 1508 5060 Κεκρίκει
1546 4994 1654 5063 γὰρ
1683 4997 1716 5047 ό
1744 4994 1985 5061 Παῦλος

411 5071 833 5138 παραπλεῦσαι
898 5073 1014 5141 τὴν
1062 5076 1341 5144 Ἔφεσον,
1396 5076 1556 5142 ὅπως
1602 5077 1688 5146 μὴ
1740 5076 1984 5147 γένηται

408 5150 570 5217 αὐτῷ
598 5154 1051 5224 χρονοτριϐῆσαι
1077 5157 1147 5211 ἐν
1187 5157 1262 5225 τῇ
1295 5159 1475 5226 Ἀσίᾳ.
1524 5161 1821 5215 Ἕσπευδε
1850 5161 1979 5231 γὰρ,

408 5236 463 5287 εί
498 5234 759 5288 δυνατὸν
797 5233 877 5306 ἦν
907 5236 1085 5303 αὐτῷ,
1120 5239 1245 5306 τὴν
1271 5240 1504 5309 ἡμέραν
1528 5240 1640 5309 τῆς
1679 5244 1981 5311 Πέντηκο-

406 5316 564 5386 στῆς
586 5317 859 5388 γενέσθαι
880 5323 966 5387 είς
998 5323 1397 5395 Ἰεροσόλυμα.
1422 5322 1574 5389 Εἶδες
1600 5326 1718 5390 πῶς
1738 5330 1769 5381 6
1789 5327 1980 5396 λέγων,

419 5399 659 5469 Ἡμέρας
682 5400 770 5471 μὴ
794 5406 1225 5473 παρατηρεῖσθε
1246 5408 1344 5461 καί
1369 5406 1568 5477 μῆνας
1587 5409 1688 5464 καί
1718 5410 1980 5478 καιροὺς,

404 5481 508 5553 τήν
535 5484 746 5557 ἡμέραν
773 5486 876 5558 τῆς
905 5488 1285 5562 Πεντηκοστῆς
1317 5493 1656 5565 παρετήρεις

410 5625 920 5748 ἡμὶβίὲυὲπεοωω
966 5648 1072 5686 eum
1105 5636 1308 5688 Venetis
1352 5637 1405 5687 in
1449 5637 1655 5688 Emend.
1700 5636 1983 5701 Legebnlur

1086 370 1144 425 8.
1187 368 1471 425 JOANNIS
1508 357 1993 423 CIIRYSOSTOMI
2035 356 2356 419 ARCIHEP.
2395 355 2943 420 CONS‘TANTINOP.

3534 350 3655 410 ηε

2147 474 2265 548 [86]
2301 473 2363 528 δ’.
2386 473 2497 528 Kal
2521 474 2580 527 οὒ
2611 473 2769 543 μόνον
2795 472 3009 542 ἡμέραν
3040 466 3360 540 παρετήρει,
3388 467 3522 521 ἀλλα
3546 468 3639 526 καὶ

2073 565 2237 617 τόπον
2262 578 2275 594 ·
2327 563 2388 614 οὑ
2416 561 2525 632 γὰρ
2561 562 2719 631 μόνον
2746 560 2843 630 τὴν
2872 559 3084 630 ἡμέραν
3131 557 3230 627 τῆς
3263 556 3644 628 Πεντηκοστῆς

2074 651 2299 705 ἔσπευδε
2348 650 2594 720 ποιῆσαι,
2639 649 2775 703 ἀλλὰ
2820 649 2914 701 καὶ
2951 650 3008 700 ἐν
3048 645 3442 717 Ἰεροσολύμοις
3474 645 3644 715 αὑτήν

2073 741 2403 796 ἐπιτελέσαι.
2450 740 2517 792 Τί
2545 739 2703 793 τοῦτο
2740 740 2932 803 ποιεῖς,
2962 730 3011 790 ὧ
3040 737 3277 807 μακάριε
3305 734 3517 801 Παῦλε;
3564 734 3643 791 Τὰ

2086 829 2434 901 Ἰεροσόλυμα
2462 828 2753 899 κατελύθη,
2773 825 3042 897 ἠρημώθη
3069 826 3140 880 τά
3154 827 3323 895 ’Ἅγια
3348 826 3454 878 τῶν
3476 825 3645 894 ἁγίων

2075 919 2142 987 τῇ
2167 915 2261 969 τοῦ
2287 915 2422 969 Θεοῦ
2444 916 2627 987 ψήφῳ,
2656 917 2690 985 ή
2717 913 2958 968 πολιτεία
2997 915 3035 984 ἡ
3060 915 3301 986 προτέρα
3326 915 3516 984 ὲλύθη.
3569 915 3645 967 Σὺ

2076 1006 2213 1078 πρὸς
2238 1006 2482 1069 Γαλάτας
2511 1004 2638 1075 βοᾷς
2665 1004 2867 1074 λέγων’
2901 1007 2967 1058 Ol
2994 1004 3063 1058 ἐν
3089 1005 3249 1074 νόμῳ
3272 1003 3647 1058 δικαιοῦσθαι

2072 1095 2528 1163 προσδοκῶντες
2545 1134 2560 1159 ,
2604 1093 2714 1162 τῆς
2760 1093 2999 1162 χάριτος
3042 1092 3370 1159 ἐξεπέσατε
3387 1109 3402 1123 ⁸
3459 1093 3559 1147 καὶ
3593 1091 3649 1147 τί

2074 1186 2233 1241 πάλιν
2262 1187 2410 1258 ἡμᾶς
2438 1188 2577 1257 πρὸς
2601 1186 2701 1257 τὴν
2724 1184 2964 1238 δουλείαν
2990 1184 3145 1254 ἄγεις
3176 1185 3271 1239 τοῦ
3292 1184 3489 1255 νόμου;
3533 1182 3648 1236 Οὑκ

2074 1276 2189 1331 ἐστι
2218 1278 2410 1348 μικρὸν
2443 1270 2503 1330 τὸ
2531 1275 2866 1345 κινούμενον,
2904 1274 3096 1346 μαθεῖν
3129 1278 3178 1328 εἰ
3212 1275 3443 1345 μάχεται
3471 1271 3649 1342 ἑαυτῷ

2072 1366 2102 1418 6
2127 1366 2357 1429 Παῦλος.
2390 1364 2526 1419 Οὑδέ
2549 1364 2658 1435 γὰρ
2682 1363 2895 1435 ἡμέρας
2924 1363 3084 1433 μόνον
3115 1363 3421 1434 παρατηρεῖ
3443 1363 3472 1414 6
3499 1359 3647 1413 Παῦ-

2072 1456 2181 1521 λος,
2215 1456 2351 1509 άλλά
2380 1457 2475 1510 καὶ
2501 1456 2634 1510 ἀλλα
2666 1454 2925 1524 φυλάττει
2950 1455 3153 1525 νομικά
3196 1452 3648 1525 παραγγέλματα,

2074 1545 2169 1597 καὶ
2217 1542 2315 1613 βοᾷ
2360 1542 2535 1612 λέγων
2563 1542 2676 1605 τοῖς
2711 1542 3008 1605 Γαλάταις·
3067 1540 3211 1597 ἰδοὺ
3255 1540 3371 1609 ἐγὼ
3407 1539 3647 1604 Παῦλος

2072 1628 2231 1700 λέγω
2252 1629 2415 1698 ὑμῖν,
2445 1628 2534 1683 ὅτι
2566 1630 2675 1683 ἐὰν
2709 1627 3161 1698 περιτέμνησθε,
3200 1627 3455 1695 Χριστὸς
3493 1623 3651 1696 ὑμᾶς

2074 1714 2256 1769 οὐδὲν
2284 1714 2606 1783 ὠφελήσει.

2145 1808 2314 1877 οὗτος
2340 1814 2519 1867 τοίνυν
2550 1815 2578 1866 6
2602 1811 2832 1876 Παῦλος,
2866 1814 2896 1865 6
2923 1811 3098 1880 λέγων
3122 1812 3204 1865 ὅτι
3254 1811 3389 1865 Ἐὰν
3426 1804 3650 1879 περιτε-

2069 1908 2325 1970 μνησθε,
2365 1901 2618 1970 Χριστὸς
2651 1900 2807 1971 ὑμᾶς
2840 1900 3023 1955 οὐδὲν
3049 1899 3368 1970 ὠφελήσει,
3404 1899 3651 1968 φαίνεται

2074 1992 2236 2054 αὑτὸς
2264 1992 2601 2061 περιτέμνων
2627 1992 2716 2044 τὸν
2747 1992 3028 2062 Τιμόθεον.
3058 1989 3249 2061 Εὑρὼν
3281 1989 3410 2061 γὰρ,
3459 1991 3645 2059 φησιν,

2074 2082 2104 2134 6
2132 2081 2344 2146 Παῦλος
2393 2083 2452 2135 ἐν
2494 2081 2762 2153 Λύστροις
2790 2081 2912 2135 τινά
2948 2081 3187 2145 νεανίαν,
3236 2079 3350 2134 υίὺν
3386 2079 3655 2143 Ἰουδαίας

2075 2170 2331 2238 γυναικὸς
2380 2170 2599 2240 πιστῆς,
2647 2169 2854 2240 πατρὸς
2901 2169 2958 2222 δέ
2995 2170 3278 2240 Ἕλληνος,
3331 2168 3661 2239 περιέτεμεν

2075 2258 2236 2313 αὑτόν
2255 2275 2269 2291 ⁸
2318 2259 2421 2312 οὑκ
2463 2257 2712 2311 ἐϐούλετο
2735 2257 2843 2329 γάρ
2869 2256 3203 2328 ἀκρόϐυστον
3237 2257 3474 2327 πέμπειν
3492 2256 3648 2311 διδάο

2078 2348 2294 2402 σκαλον.
2325 2348 2390 2402 Τί
2415 2348 2572 2401 τοῦτο
2600 2350 2794 2414 ποιεῖς,
2817 2342 2865 2401 ὦ
2893 2348 3132 2419 μακάριε
3160 2348 3371 2413 Παῦλε;
3408 2348 3654 2419 ἀναιρεῖς

2075 2439 2153 2509 τῷ
2170 2439 2314 2509 λόγῳ
2342 2439 2442 2509 τὴν
2469 2438 2791 2510 περιτομὴν,
2813 2439 2906 2492 καὶ
2925 2437 3160 2508 βεϐαιοῖς
3186 2439 3263 2509 τῷ
3285 2438 3430 2509 ἔργῳ
3453 2438 3646 2499 πάλιν;

2086 2529 2163 2582 Οὐ
2193 2527 2416 2597 βεϐαιιῖ),
2450 2530 2637 2597 φησιν,
2665 2528 2781 2581 ἀλλ’
2812 2527 3020 2599 ἀναιρῶ
3044 2528 3132 2583 διὰ
3169 2527 3279 2581 τῶν
3307 2527 3501 2598 ἔργων.
3540 2526 3653 2581 Kal

2076 2618 2187 2688 γὰρ
2212 2617 2328 2680 υίὸς
2359 2619 2618 2686 γυναικὸς
2656 2614 2725 2689 ἦν
2765 2618 3024 2681 Ἰουδαίας
3056 2616 3252 2688 πιστῆς
3286 2618 3314 2669 6
3361 2615 3646 2686 Τιμόθεος,

2078 2709 2285 2782 πατρὸς
2331 2708 2388 2762 δέ
2429 2708 2709 2779 Ἕλληνος,
2745 2707 3084 2777 ἀκροϐύστου
3114 2707 3172 2760 δὲ
3225 2706 3437 2775 γένους.
3498 2704 3652 2758 Ἐπεὶ

2077 2794 2170 2853 οῦν
2203 2799 2422 2870 ἔμελλεν
2467 2799 2630 2853 αὑτὸν
2656 2802 2689 2853 6
2718 2786 2932 2863 Παῦλος
2972 2798 3324 2871 προπέμπειν
3363 2797 3479 2859 τοῖς
3501 2796 3649 2850 Ἰου-

2077 2881 2245 2944 δαίοις
2315 2880 2632 2936 διδάσκαλον
2658 2922 2674 2949 ,
2731 2882 2832 2935 οὑκ
2893 2880 3144 2934 ἐϐούλετο
3208 2880 3265 2933 δέ
3316 2876 3670 2949 ἀκρόϐυστον

2078 2964 2330 3034 πέμψαι,
2387 2964 2471 3017 ἵνα
2506 2965 2580 3034 μὴ
2628 2965 2824 3027 εὑθέως
2860 2963 2968 3018 ἀπὸ
3014 2964 3124 3017 τῶν
3170 2962 3471 3032 προοιμίων
3515 2960 3651 3014 ἀπο-

2078 3046 2270 3117 κλείσῃ
2309 3045 2408 3109 τάς
2441 3045 2608 3116 θύρας
2638 3045 2718 3115 τῷ
2755 3045 2920 3116 λόγῳ.
2971 3043 3344 3115 Προοδοποιῶν
3379 3042 3555 3095 τοίνυν
3581 3041 3653 3111 τῇ

2080 3129 2354 3201 ἀναιρέσει
2374 3128 2477 3200 τῆς
2505 3131 2807 3201 περιτομῆς
2826 3169 2840 3192 ,
2886 3130 2982 3182 καὶ
3004 3128 3236 3197 ἀνοίγων
3270 3125 3388 3180 666v
3415 3127 3482 3196 τῇ
3510 3124 3656 3177 διδα-

2080 3211 2277 3281 σκαλίᾳ
2323 3211 2419 3264 τοῦ
2461 3210 2750 3281 Τιμοθέου,
2773 3210 3122 3281 απεριέθηκεν
3156 3208 3306 3279 αὑτῷ
3334 3205 3651 3278 περιτομὴν,

2081 3293 2167 3347 ἵνα
2203 3293 2370 3367 ἀνέλῃ
2418 3295 2741 3363 περιτομήν.
2790 3291 2888 3344 Διά
2916 3291 3073 3345 τοῦτό
3101 3306 3288 3362 φησιν,
3328 3290 3654 3360 Ἐγενόμην

2078 3382 2203 3448 τοῖς
2241 3383 2557 3448 Ἰουδαίοις
2599 3384 2681 3448 ὠς
2714 3381 3005 3446 Ἰουδαῖος
3030 3392 3050 3412 ‘
3108 3381 3207 3450 οὑχ
3257 3380 3345 3433 ἵνα
3400 3379 3662 3442 Ἰουδαῖος

2077 3465 2319 3535 γένηται,
2358 3464 2517 3517 τοῦτο
2548 3465 2768 3533 εἴρηκεν
2798 3466 2828 3516 6
2865 3464 3096 3527 Παῦλος,
3137 3463 3253 3516 ἀλλ’
3280 3463 3365 3516 ῖνα
3398 3463 3523 3525 τοὺς
3553 3461 3651 3531 μέ-

2079 3563 2268 3610 νοντας
2296 3547 2591 3611 Ἶουδαίους
2616 3547 2780 3620 πείσῃ
2813 3548 3007 3618 μηκέτι
3032 3544 3171 3600 εἶναι
3206 3546 3511 3606 Ἰουδαίους·
3564 3544 3654 3596 διὰ

2077 3629 2236 3682 τοῦτο
2264 3631 2359 3682 καὶ
2402 3628 2592 3682 τοῦτον
2643 3630 2988 3701 περιέτεμεν,
3037 3631 3124 3683 ἵνα
3162 3629 3327 3701 ἀνέλῃ
3358 3628 3456 3697 τὴν
3497 3641 3653 3695 περι-

2079 3711 2274 3781 τομήν.
2323 3708 2407 3782 Τῇ
2449 3714 2718 3782 περιτομῇ
2765 3713 2944 3765 τοίνυν
2995 3711 3136 3765 κατά
3190 3710 3294 3780 τῆς
3352 3707 3658 3779 περιτομῆς

2082 3793 2369 3865 ἐχρήσατο.
2405 3792 2603 3847 Ἔλαϐε
2622 3794 2732 3864 γὰρ
2761 3782 3061 3865 περιτομήν
3080 3793 3173 3846 καὶ
3197 3795 3228 3845 6
3257 3791 3540 3862 Τιμόθεος,
3565 3790 3659 3842 ἵνα

2080 3875 2283 3946 δυνηθῇ
2332 3874 2736 3946 παραδεχθῆναι
2768 3874 2877 3928 ὑπὸ
2912 3874 3021 3928 τῶν
3077 3873 3366 3936 Ἰουδαίων,
3409 3873 3506 3925 καὶ
3542 3873 3655 3923 είσ-

2082 3958 2251 4013 ελθὼν
2310 3959 2453 4012 κατά
2520 3958 2714 4030 μικρὸν
2762 3957 3021 4028 ἐξελκὺσῃ
3063 3956 3268 4026 ταύτης
3315 3955 3511 4017 αὑτοὺς
3553 3952 3656 4021 τῆς

2084 4042 2536 4113 παρατηρήσεως.
2572 4036 2725 4103 Εἶδες
2763 4039 2905 4103 τίνος
2932 4039 3119 4092 ἐνεκεν
3153 4038 3247 4092 καὶ
3280 4032 3655 4107 Πεντηκοστήν

2082 4123 2178 4176 καὶ
2225 4121 2526 4193 περιτομὴν
2574 4121 2837 4192 ἐτήρησεν
2879 4123 2909 4175 6
2946 4121 3192 4186 Παῦλος;
3246 4116 3510 4172 Βούλεσθέ
3561 4116 3654 4169 καὶ

2028 4244 2037 4251 .
2082 4204 2218 4258 ἄλλα
2246 4202 2373 4275 ὑμῖν
2401 4202 2665 4267 ἀποδείξω
2702 4202 2907 4272 νόμιμα
2950 4203 3219 4274 τηροῦντα
3244 4202 3440 4265 αὑτόνς
3475 4201 3654 4271 Προσ-

2082 4287 2233 4357 έχετε
2274 4286 2534 4358 ἀκριϐῶς.
2589 4284 2811 4355 Ἀνῆλθέ
2854 4300 2987 4338 ποτε
3018 4288 3098 4349 είς
3138 4284 3483 4356 Ἰεροσόλυμα
3504 4319 3521 4347 ,
3563 4279 3657 4335 καὶ

2085 4371 2283 4433 ἰδόντες
2323 4368 2486 4422 αὑτὸν
2514 4369 2564 4421 οί
2594 4367 2880 4421 ἀπόστολοι
2920 4368 3106 4434 ἔλεγον
3148 4365 3321 4436 αὑτῷ·
3374 4363 3619 4431 Θεωρεῖς
3637 4402 3653 4427 ,

2080 4451 2306 4521 ἀδελφέ
2335 4449 2570 4512 Παῦλε,
2616 4452 2802 4504 πόσαι
2835 4449 3126 4520 μυριάδες
3149 4447 3314 4502 εἰσιν
3362 4445 3658 4500 Ἰουδαίων

2080 4532 2201 4587 τῶν
2248 4533 2757 4598 συνεληλυθότων
2777 4569 2801 4594 ,
2856 4531 2955 4584 καί
3002 4526 3168 4587 οὗτοι
3225 4527 3449 4592 πάντες
3514 4542 3657 4580 κατ-

2080 4616 2339 4684 ήχηνται
2368 4614 2503 4682 περὶ
2528 4614 2666 4676 σοῦ,
2683 4615 2780 4667 ὅτι·
2799 4614 3182 4668 ἀποστασίαν
3198 4610 3314 4665 ἀπὸ
3338 4609 3447 4663 τοῦ
3470 4609 3663 4676 νόμον

2082 4697 2408 4762 διδάσκεις.
2452 4696 2519 4750 Τί
2547 4692 2697 4760 οῦν;
2731 4697 2999 4762 Ποίησον
3027 4694 3061 4747 ὅ
3089 4710 3187 4748 σοι
3208 4692 3485 4761 λέγομεν.
3516 4691 3661 4743 Εἰσί

2081 4781 2216 4847 παρ’
2238 4778 2383 4847 ἡμῖν
2412 4778 2628 4846 ἄνδρες
2645 4777 2837 4845 εὐχὴν
2855 4777 3100 4846 ἔχοντες
3126 4776 3197 4828 ἐν
3214 4772 3451 4838 ἑαυτοῖς
3466 4788 3480 4803 ·
3523 4771 3659 4824 τού-

2082 4879 2224 4927 τους
2247 4859 2449 4915 λαϐὼν
2486 4860 2799 4928 ἁγνίσθητι
2829 4858 2952 4911 σὺν
2986 4857 3213 4922 αὐτοῖς,
3252 4856 3350 4909 καὶ
3398 4854 3658 4922 ﬁmum

2081 4945 2198 5013 τὴν
2230 4941 2505 5012 κεφαλὴν
2530 4943 2659 5010 μετ’
2682 4941 2900 5004 αὐτῶν,
2935 4942 3038 4995 ἵνα
3069 4941 3221 5009 ἔργῳ
3252 4934 3655 4996 πιπωθῶσιν,

2083 5027 2172 5081 ὅτι
2207 5021 2296 5079 ὧν
2330 5022 2699 5091 κατήχηνται
2731 5023 2866 5091 περὶ
2906 5023 3024 5077 σοῦ
3054 5021 3235 5076 οὐδέν
3267 5021 3460 5082 ἐστιν,
3498 5017 3661 5073 ἀλλὰ

2083 5107 2280 5178 τηρεῖς
2304 5105 2402 5159 καὶ
2426 5103 2612 5171 αὐτὸς
2643 5104 2752 5158 τὸν
2772 5107 2961 5174 νόμον
2987 5104 3095 5158 τοῦ
3121 5102 3437 5166 Μωῦσέως.
3474 5098 3657 5153 Εῐδετε

2085 5190 2487 5260 συγκατάϐασιν
2515 5187 2859 5258 θαυμασίως
2903 5188 3144 5256 Καιροὺς
3186 5186 3535 5256 παρατηρεῖ,
3570 5183 3659 5235 ἵνα

2082 5273 2242 5343 ἀνέλῃ
2271 5271 2478 5342 καιρῶν
2499 5271 2882 5340 παρατήρησιν
2900 5285 2916 5302 ·
2963 5268 3259 5339 περιτομήν
3288 5265 3652 5337 περιτίθησιν,

2083 5356 2169 5409 ἵνα
2197 5354 2381 5425 παύσῃ
2410 5353 2708 5423 περιτομήν
2729 5368 2743 5383 ·
2791 5351 2980 5405 θυσίαν
3008 5349 3297 5421 προσάγει,
3336 5348 3423 5401 ἶνα
3454 5345 3655 5415 καθέλῃ

2080 5437 2179 5507 τὴν
2224 5437 2603 5507 παρατήρησιν
2656 5433 2763 5487 τῶν
2804 5433 3026 5489 θυσιῶν.
3089 5435 3200 5486 Kal
3247 5432 3330 5484 ὅτι
3368 5429 3458 5482 διὰ
3498 5426 3657 5482 τοῦτο

2081 5520 2251 5573 ταῦτα
2281 5518 2473 5583 ἐποίει,
2504 5517 2732 5571 ἄκουσον
2765 5515 2927 5569 αὑτοῦ
2952 5515 3223 5580 λέγοντος·
3257 5510 3375 5584 [87]
3427 5508 3654 5581 Ἐτενόο

2075 5621 2204 5673 μην
2231 5602 2356 5667 τοῖς
2391 5601 2513 5657 ὑπὸ
2571 5601 2788 5669 νόμον,
2842 5600 2923 5663 ὡς
2959 5601 3076 5653 ὑπο
3113 5597 3321 5666 νόμον,
3367 5597 3468 5648 ἵνα
3516 5589 3655 5657 τοὺς

2084 5690 2199 5745 ὑπὸ
2227 5689 2415 5756 νόμον
2434 5682 2724 5752 κερδήσω,
2742 5683 2839 5738 καὶ
2861 5682 3172 5747 ἐλεύθερος
3188 5677 3274 5734 ὢν
3291 5679 3361 5732 ἐκ
3386 5676 3662 5748 πάντων,
3777 5722 3799 5741 ,
