2048 3111
173 4 276 33 patrum
297 3 362 23 cura
383 0 578 29 pulctierrtma,
597 0 654 19 ιιωο
676 0 801 27 germana
825 0 963 26 parentum

172 43 324 73 sollicitudo
341 41 424 69 :hinc
444 47 494 74 ego
508 43 610 66 natura:
631 38 816 72 cognationem
838 43 965 71 agnoseo,

172 91 194 117 si
207 91 266 124 plus
278 90 303 115 in
317 86 465 122 spiritualia
478 85 557 112 studii
571 84 718 111 conferant.
733 83 785 110 Sed
799 83 864 109 satis
878 82 966 109 indul-

174 142 228 162 tum
249 135 285 161 sit
298 132 453 168 promntiis;
472 131 526 165 jam
542 136 651 156 necesse
665 133 706 155 est
725 128 758 155 ad
771 128 963 155 exsolutiouem

172 180 254 207 debiti
268 179 407 206 veniamus
422 185 429 203 :
451 176 500 203 hac
515 176 586 202 enim
602 174 635 200 de
648 180 727 200 causa
743 173 875 207 prolixum
894 172 964 198 hunc

171 231 198 253 et
216 225 353 259 copiosum
375 222 506 250 texuimus
529 221 605 247 vobis
629 227 796 251 sermonem,
811 223 839 246 ut
858 226 889 246 ea
904 225 963 253 qua:

172 275 346 298 numerantur
359 276 418 296 cum
438 274 541 294 summa
559 266 681 293 cautione
700 264 860 299 suscipiatis.
875 263 965 296 Quod-

172 324 232 344 nam
246 323 311 349 ergo
325 315 442 341 debitum
458 312 516 345 fuit,
529 319 581 346 quo
593 314 730 338 contracto
742 316 826 343 nuper
835 308 963 336 disceSsi-

172 362 249 389 mus?
262 369 296 387 an
310 367 375 387 vero
396 359 467 386 illius
482 357 571 384 forsan
588 356 662 383 obliti
685 355 767 382 estis?
781 355 871 388 Itaque
888 353 963 380 vobis

172 408 198 434 in
214 405 370 434 memoriam
386 410 401 430 a
415 402 492 430 nobis
507 408 617 428 necesse
635 404 677 427 est
692 399 822 431 revocari,
837 399 962 433 priusque

170 452 347 489 syngrapham
362 450 423 484 legi,
444 449 520 482 cujus
537 454 618 481 opera
634 446 705 481 prior
724 445 820 472 solutio
843 449 885 471 est
899 452 962 478 pcr-

170 502 239 530 acta,
254 502 279 524 ct
289 502 409 531 qumnam
423 494 520 521 fuerint
530 499 546 519 a
558 492 635 519 nobis
651 494 787 518 numerata
799 510 806 522 ,
820 490 961 517 dicendum

169 549 221 576 est,
238 548 266 570 ut
288 550 320 570 ex
337 542 369 568 iis
382 548 442 575 qua:
466 542 603 566 numerata
621 541 699 569 sunt,
714 543 773 571 qua:
795 536 848 562 sint
861 535 961 569 reliqua

168 590 316 617 videamus.
341 588 468 621 Qttmnam
496 585 575 620 igitur
600 583 673 619 prius
692 590 706 609 ιι
727 582 805 608 nobis
823 586 960 608 numerata

169 635 248 662 sunt?
263 633 319 660 Dixi
343 637 399 659 ιιιιιι
418 630 544 664 temporis
566 636 580 655 a
601 635 654 662 quo
667 628 781 661 scriptus
796 626 874 653 fuerit
894 626 962 653 liber

169 683 298 711 Actorum,
323 682 351 705 et
367 676 427 712 quis
449 675 537 710 operis
565 674 641 700 istius
666 677 759 700 auctor
777 672 878 699 fuerit:
906 671 961 699 imo

167 730 232 753 tero
245 732 296 752 non
311 723 370 758 quis
380 726 472 748 auctor
490 720 593 755 operis,
606 718 653 746 sed
671 718 732 753 quis
745 718 868 745 minister
883 726 891 744 :
906 725 959 744 non

167 771 239 799 enim
259 770 305 797 ille
323 776 382 805 quae
401 767 471 795 dicta
485 770 547 794 sunt
559 764 693 800 produxit,
708 763 755 792 sed
771 763 804 791 iis
817 771 877 799 quae
889 763 960 791 dicta

165 822 229 845 sunt
243 815 411 843 ministravit.

204 863 255 890 Cur
264 863 289 889 in
298 862 445 889 Pentecoste
458 860 573 894 legantur
583 858 646 884 Acta
657 857 843 891 Apostolorum.
857 871 893 875 —
902 855 959 882 Dixi

165 909 202 936 de
216 908 289 935 Actis
304 907 380 942 ipsis,
398 910 425 932 et
442 905 506 939 quid
519 903 625 930 tandem
639 903 689 929 sibi
700 902 763 929 velit
782 909 878 928 nomen
896 901 959 927 illud

165 955 308 985 Actorum,
317 951 370 978 dixi
379 951 458 978 etiam
466 950 500 976 de
508 947 888 983 Apostolorumappellatione.
900 946 958 974 Jinn

165 1006 278 1027 necesse
304 1001 345 1024 est
366 996 495 1028 dicamus,
509 1001 561 1028 qua
574 993 607 1020 de
620 1000 698 1020 causa
712 992 852 1019 statuerint
871 996 959 1026 patres

166 1044 263 1076 nostri,
272 1047 302 1070 ut
316 1042 384 1068 liber
396 1042 522 1068 Actorum
534 1040 559 1066 in
568 1039 726 1066 Pentecoste
738 1038 880 1072 legeretur.
893 1036 960 1064 For-

166 1094 239 1116 tasse
246 1094 359 1121 namque
368 1085 525 1113 meministis
534 1084 584 1110 hoc
592 1090 697 1118 quoque
706 1087 761 1109 tum
771 1083 902 1117 pollicitos
911 1089 959 1109 nos

166 1140 227 1161 esse
241 1133 368 1160 dicturos.
384 1131 474 1165 Neque
482 1130 554 1157 enim
565 1134 666 1156 temere
676 1131 703 1156 et
716 1130 776 1155 sine
788 1135 868 1155 causa
882 1128 959 1155 nobis

168 1179 225 1206 lucc
237 1183 355 1212 tempora
370 1180 460 1211 patres
473 1175 661 1207 observarunt,
675 1174 723 1201 sed
737 1173 859 1208 prudenti
871 1174 959 1209 aliqua

167 1225 270 1252 ratione
281 1222 356 1250 ducti
369 1221 394 1249 id
407 1226 519 1255 egerunt
534 1229 540 1246 :
555 1227 606 1246 non
623 1224 652 1246 ut
671 1219 820 1246 libertatem
838 1223 957 1246 nostram

168 1273 317 1304 temporum
344 1265 496 1294 necessitati
522 1264 693 1299 subjicerent,
719 1263 767 1291 sed
795 1268 825 1291 ut
840 1264 903 1290 dum
930 1271 960 1291 se

168 1313 374 1341 imbecilliorum
398 1314 576 1345 attemperant
593 1309 720 1344 egestati,
744 1309 777 1336 ad
799 1308 960 1344 cognitionis

168 1367 233 1395 opes
244 1360 304 1386 illos
316 1358 504 1393 proveherent.
517 1357 604 1391 Atque
614 1359 643 1382 ut
657 1355 788 1390 intelligas
798 1362 845 1382 eos
861 1354 960 1382 idcirco

168 1411 288 1441 tempora
298 1406 452 1436 observare,
465 1411 518 1430 non
532 1407 561 1429 ut
570 1409 600 1429 se
612 1401 808 1429 observationis
819 1401 960 1436 subjici:th

169 1451 332 1482 necessitati.
345 1450 394 1478 sed
408 1449 480 1485 quod
500 1448 718 1476 imbecillioribus
731 1455 792 1475 sese
811 1455 960 1474 accommo-

168 1496 234 1524 dare
257 1499 405 1527 conentur,
429 1494 490 1521 audi
512 1493 574 1528 quid
598 1493 670 1520 dicat
693 1493 814 1520 Paulus:
834 1491 896 1519 Dies
914 1493 959 1518 ob-

168 1542 284 1573 seruatis,
296 1545 320 1567 et
338 1547 446 1571 menses,
469 1544 492 1565 et
510 1543 633 1573 tempora,
655 1542 678 1564 et
695 1538 795 1564 annos?
815 1537 913 1570 Timeo,
930 1546 961 1564 ne

168 1587 236 1621 forte
250 1586 304 1613 eine
318 1592 395 1612 causa
409 1583 573 1611 laboraverim
595 1584 621 1609 in
635 1583 704 1609 vobis
719 1582 789 1618 (Gal.
803 1583 829 1609 4.
843 1582 886 1609 10.
902 1582 958 1617 Η).

168 1631 209 1659 Tu
224 1635 314 1658 autem
327 1636 416 1657 nonne
428 1629 555 1656 observas
573 1628 630 1656 dies
642 1634 669 1655 et
684 1632 803 1663 tempora
816 1632 843 1655 et
855 1628 961 1655 annos?

168 1677 228 1705 lam
243 1684 309 1704 vero
322 1676 346 1704 si
364 1676 501 1703 videamus
520 1682 591 1706 eum,
605 1675 649 1709 qui
664 1674 732 1706 dies,
748 1679 775 1701 et
790 1682 912 1707 menses,
933 1679 961 1701 et

168 1728 300 1758 tempora,
315 1727 342 1749 et
360 1729 444 1749 annos
468 1720 605 1748 observari
625 1723 707 1751 vetat,
733 1719 790 1747 hinc
802 1720 958 1753 observare,

167 1769 243 1804 quid.
256 1775 347 1803 quaso
357 1788 365 1800 ,
379 1767 517 1795 dicemus?
532 1774 595 1794 num
608 1773 669 1793 eum
683 1765 733 1792 sibi
753 1772 901 1800 repugnare
914 1772 959 1793 se-

167 1821 283 1849 cumque
305 1813 488 1842 contendere?
511 1812 601 1845 Absit;
624 1811 671 1839 sed
694 1819 766 1844 eum,
789 1811 859 1847 quod
881 1812 959 1839 vellet

167 1867 261 1888 eorum
277 1859 371 1887 tollere
395 1858 602 1886 imbecillitatem
613 1878 620 1891 ,
634 1864 650 1884 a
670 1857 767 1892 quibus
781 1861 899 1891 tempora
912 1857 960 1884 ob-
977 1852 980 1855 λ

167 1905 354 1938 servabantur,
365 1904 415 1931 illis
425 1911 485 1931 sese
499 1910 545 1938 per
553 1902 764 1930 observationem
778 1902 855 1930 istam
865 1907 960 1929 attem-

167 1958 275 1986 perare.
289 1950 327 1978 Ita
347 1956 452 1985 quoque
475 1949 575 1976 faciunt
594 1948 701 1980 medici,
721 1952 860 1983 porrectos
880 1948 959 1983 aegris

167 2000 244 2028 cibos
257 2000 333 2035 prius
345 1999 501 2034 degustant,
515 1996 637 2031 quamvis
652 1996 702 2030 ipsi
716 1996 825 2023 minime
836 1995 903 2023 cibis
917 1996 958 2022 in-

167 2045 294 2081 digeant,
308 2044 355 2071 sed
369 2044 473 2070 illorum
489 2042 612 2069 studeant
628 2041 773 2068 inﬁrmitati
795 2041 905 2068 mederi.
921 2040 959 2067 Ita

167 2097 274 2126 quoque
285 2089 386 2118 Paulus
398 2089 468 2123 egit,
484 2095 545 2115 cum
557 2086 744 2114 observatione
755 2090 903 2120 temporum
919 2086 960 2112 ni-

167 2134 207 2164 hil
219 2134 368 2170 indigeret,
383 2138 502 2168 tempora
515 2131 676 2163 observavit,
692 2135 721 2158 ut
735 2138 791 2163 eos,
806 2131 850 2166 qui
865 2130 959 2158 obser-

165 2180 277 2214 vabant,
287 2180 332 2208 illa
339 2178 497 2207 observandi
507 2178 686 2205 imbecillitate
694 2177 829 2204 liberaret.
838 2176 887 2204 Ubi
896 2183 960 2203 vero

168 2226 276 2254 tandem
285 2230 405 2260 tempora
415 2224 513 2252 Paulus
523 2223 691 2250 obsonavit?
699 2222 844 2253 Attendite,
858 2228 958 2255 quatso,

166 2271 320 2308 diligenter.
336 2270 458 2305 Sequenti
471 2273 554 2296 autem
568 2268 618 2299 die,
640 2267 734 2302 inquit,
748 2268 893 2302 appulimu:
907 2266 958 2293 Mi-

169 2318 259 2344 letum.
272 2316 445 2352 Proposuerat
460 2315 525 2342 enim
541 2313 638 2340 Paulus
651 2313 860 2347 putrer-navigare
872 2311 960 2346 Ephe-

169 2369 236 2394 uut,
246 2369 279 2389 ne
290 2369 341 2397 qua
352 2369 425 2388 mora
435 2360 473 2387 illi
483 2361 552 2394 ﬁeret
562 2359 588 2385 in
603 2358 673 2385 Asia.
688 2356 834 2384 Futinabat
847 2357 924 2390 enim,
940 2358 962 2383 si

169 2407 289 2444 possibile
300 2407 348 2436 sibi
365 2411 444 2438 esset,
464 2411 491 2432 ut
502 2405 568 2432 diem
588 2403 746 2431 Pentecoste:
762 2407 846 2438 ngeret
859 2402 963 2429 Jeroeo-

169 2452 247 2488 lyuis
263 2451 335 2489 (Au.
355 2451 400 2479 20.
425 2451 469 2479 15.
495 2450 549 2486 i6).
571 2449 671 2481 Vides,
694 2452 724 2476 ut
749 2447 794 2475 ille
819 2448 863 2483 qui
888 2447 961 2475 dice-

168 2497 231 2531 bat,
258 2497 302 2526 Na
318 2497 451 2525 obmetis
465 2495 518 2523 dies
539 2499 563 2522 et
586 2502 682 2522 meum
696 2498 719 2521 et
744 2498 857 2528 tempora
868 2514 875 2526 ,
890 2492 962 2520 diem

169 2541 343 2571 Pentecoste:
356 2540 528 2570 observaret?

209 2587 236 2616 ι.
249 2585 340 2624 Neque
355 2595 418 2629 vero
431 2587 501 2629 diem
517 2589 618 2613 tantum
633 2585 801 2629 observabat,
819 2585 865 2614 sed
882 2585 963 2614 etiam

1018 0 1171 26 resonabat,
1186 0 1232 22 sed
1247 0 1326 24 etiam
1343 2 1371 25 ut
1385 6 1443 25 eam
1458 0 1634 35 Jerosolymis
1647 1 1805 29 celebraret.

1019 37 1087 70 Quid
1102 38 1177 71 facis,
1195 40 1271 68 beate
1281 42 1383 70 Paule?
1398 44 1535 72 Destructa
1549 51 1610 72 sunt
1623 46 1788 82 Jerosolyma
1802 69 1810 80 ,

1018 81 1139 110 desolata
1162 89 1224 112 sunt
1250 92 1341 114 sancta
1367 94 1518 116 sanctorum
1546 92 1677 118 sententia
1701 81 1806 125 divina,

1018 128 1092 162 prior
1106 129 1201 164 religio
1215 132 1318 159 sublata
1331 138 1381 160 est.
1395 134 1488 162 Nonne
1501 136 1533 162 ad
1546 136 1652 164 Galatas
1667 138 1766 165 clamas
1780 144 1807 165 ct

1019 172 1086 199 dicis
1102 182 1108 200 :
1124 173 1174 207 Qui
1187 175 1214 202 in
1229 176 1283 211 lege
1292 179 1430 213 justiﬁcari
1441 182 1599 215 exspectatis,
1614 190 1629 207 a
1642 184 1724 217 gratia
1737 184 1806 210 exci-

1017 219 1090 245 distis
1103 219 1175 254 (Gal.
1188 221 1214 248 5.
1228 222 1255 257 4)
1266 223 1277 249 ?
1288 228 1315 250 et
1333 231 1382 251 cur
1398 233 1448 252 nos
1462 226 1556 253 iterum
1572 228 1621 253 sub
1634 228 1699 262 legis
1719 229 1805 255 servi-

1017 268 1099 292 tutctn
1115 267 1300 301 redigis?Non
1320 275 1362 297 est
1375 272 1462 306 exigui
1483 274 1609 300 momenti
1634 282 1687 305 res,
1709 274 1742 301 de
1753 283 1804 309 qua

1016 310 1112 343 agitur,
1129 316 1157 337 nt
1172 312 1316 347 discamus,
1332 324 1394 342 num
1407 324 1497 344 secum
1511 318 1568 352 ipse
1580 318 1677 346 Paulus
1695 326 1804 353 pugnet.

1016 353 1107 388 Neque
1121 356 1190 383 enim
1214 357 1272 385 dies
1285 359 1408 387 observat
1431 363 1616 390 tantummodo
1632 364 1743 398 Paulus,
1757 366 1804 392 sed

1015 403 1042 426 et
1054 400 1104 427 alia
1125 401 1190 436 legis
1205 410 1334 439 prarcrpla
1348 407 1471 440 custodit,
1493 413 1519 435 et
1533 409 1629 436 clamat
1646 410 1677 437 ad
1695 410 1803 438 Galatas

1015 446 1106 473 dicens
1121 456 1128 474 ε
1145 448 1220 480 Ecce,
1237 458 1282 485 ego
1295 451 1394 478 Paulus
1409 453 1466 480 dico
1485 454 1568 487 vobis,
1583 457 1700 491 quoniam
1714 457 1737 483 si
1750 458 1801 483 cir-

1014 492 1202 526 cumcidamini,
1221 494 1333 523 Christus
1348 497 1416 524 vobis
1433 499 1497 525 nihil
1512 501 1621 533 proderit
1632 501 1657 536 (Ι
1661 502 1712 528 bid.
1724 510 1746 530 υ.
1759 502 1798 538 2).

1056 537 1106 563 Cur
1125 539 1306 567 circumciderit
1328 542 1487 571 Timotheum
1512 546 1619 573 Paulus.
1635 562 1670 566 —
1684 547 1732 574 Hic
1753 537 1802 583 igi-

1015 584 1057 607 tur
1080 582 1176 610 Paulus
1199 585 1242 618 qui
1268 586 1348 618 dicit,
1371 588 1496 620 Quoniam
1519 591 1541 617 si
1564 592 1802 626 circumcidamini,

1013 625 1126 654 Christus
1140 629 1208 655 voltis
1221 630 1285 658 nihil
1297 632 1419 667 proderit,
1434 634 1490 669 ipse
1504 636 1671 665 Timotheum
1685 625 1801 666 circum;

1012 671 1110 700 cidisse
1120 676 1291 708 compcritnr.
1306 677 1372 704 Cum
1385 680 1455 706 enim
1469 680 1623 713 invenisset,
1635 683 1718 718 inquit
1728 684 1802 712 Scri-

1013 722 1100 751 ptura,
1116 718 1212 746 Paulus
1227 720 1329 756 Lystris
1342 723 1540 752 adolescentem
1555 728 1696 760 quemdam
1717 729 1800 756 ﬁlium

1013 761 1131 789 mulieris
1150 762 1249 791 Judaxe
1271 766 1371 800 fidelis,
1393 769 1475 802 patris
1495 775 1582 797 autent
1605 773 1721 806 gentilis,
1741 782 1802 801 cum

1011 806 1174 836 circumcidit
1196 810 1264 844 (Act.
1285 812 1329 839 16.
1352 814 1363 839 1
1380 828 1392 834 -
1408 814 1437 848 5)
1454 822 1460 840 :
1480 816 1587 843 nolebat
1603 818 1673 844 enim
1695 825 1800 853 prtepu-

1012 852 1077 879 tium
1101 853 1243 882 habentem
1256 856 1392 885 doctorem
1411 860 1526 887 mittere.
1544 861 1611 894 Quid
1628 862 1705 893 facis.
1724 852 1801 891 beate

1011 897 1111 925 Paule?
1123 900 1211 927 verbis
1226 902 1456 931 circumcisionem
1479 906 1560 938 tollis,
1579 911 1605 933 ct
1621 916 1712 935 rursus
1724 908 1801 936 factis

1011 943 1083 970 illam
1108 946 1269 974 conﬁrmas?
1290 947 1348 975 Non
1372 950 1518 983 confirmo,
1543 953 1643 987 inquit,
1668 954 1714 981 sed
1738 955 1802 981 tollo

1010 988 1097 1017 factis.
1121 991 1258 1026 Siquidem
1281 995 1401 1022 mulieris
1427 996 1526 1024 Judaize
1549 998 1635 1025 ﬁdelis
1656 998 1726 1026 ﬁlius
1744 1005 1803 1027 erat

1011 1037 1181 1072 Timotheus,
1197 1040 1279 1074 patris
1298 1046 1386 1068 autem
1406 1043 1516 1076 gentilis
1528 1049 1555 1071 et
1569 1052 1600 1072 ex
1621 1052 1720 1080 genere
1733 1053 1804 1080 prat-

1011 1084 1113 1118 putium
1130 1085 1253 1113 habente.
1263 1087 1375 1120 Quando
1385 1089 1463 1123 igitur
1473 1097 1534 1117 eum
1547 1091 1733 1125 prazmissurns
1745 1098 1803 1120 erat

1010 1128 1109 1157 ludatis
1131 1130 1270 1159 doctorem
1294 1133 1409 1166 Paulus,
1435 1136 1543 1163 nolebat
1559 1144 1623 1164 sane
1644 1138 1802 1172 prmpntium

1012 1173 1155 1202 habentem
1168 1176 1290 1208 mittere,
1307 1185 1341 1204 ne
1354 1179 1444 1205 statim
1460 1188 1474 1205 a
1489 1181 1618 1215 principio
1634 1182 1716 1209 verbo
1730 1181 1802 1210 fores

1010 1219 1174 1247 occluderet.
1195 1220 1232 1248 Ut
1252 1221 1331 1256 igitur
1353 1223 1386 1250 ad
1408 1224 1553 1252 tollendam
1571 1227 1801 1255 circumcisionem

1011 1264 1080 1291 viam
1086 1270 1226 1299 sterneret,
1235 1272 1262 1294 et
1269 1267 1398 1295 doctrina:
1406 1269 1538 1297 Timothei
1548 1271 1648 1298 aditum
1660 1278 1802 1308 reseraret,

1010 1310 1242 1339 circumcisionem
1260 1313 1297 1339 illi
1320 1315 1460 1348 apposuit,
1483 1321 1512 1343 ut
1533 1317 1639 1345 tolleret
1661 1319 1802 1347 circumci-

1010 1355 1124 1383 sionem.
1137 1356 1282 1390 Propterea
1295 1358 1373 1392 dixit,
1388 1358 1483 1386 Fartus
1495 1369 1551 1387 sum
1562 1360 1662 1389 Judcei:
1674 1368 1802 1398 tamquam

1011 1399 1118 1427 Judwus
1137 1401 1176 1436 (1.
1194 1402 1252 1429 Cor.
1267 1403 1294 1430 9.
1309 1403 1355 1439 20)
1370 1413 1377 1431 :
1394 1412 1446 1432 non
1471 1410 1500 1432 ut
1520 1405 1629 1434 Judzeus
1651 1408 1735 1441 ﬁeret,
1752 1409 1802 1437 hoc

1011 1446 1077 1473 dixit
1090 1446 1197 1480 Paulus,
1211 1448 1258 1475 sed
1272 1453 1301 1475 ut
1316 1449 1347 1476 iis
1365 1450 1410 1485 qui
1423 1450 1509 1478 Judmi
1522 1451 1675 1485 manebant,
1692 1460 1803 1487 persua-

1011 1492 1097 1525 deret,
1111 1497 1142 1519 ut
1152 1500 1205 1520 non
1223 1494 1336 1528 amplius
1349 1501 1439 1523 essent
1455 1496 1539 1524 Judaei
1555 1505 1562 1524 :
1576 1503 1716 1532 propterea
1731 1498 1803 1527 hunc

1011 1537 1091 1563 etiam
1105 1533 1280 1570 circumcidit,
1294 1543 1322 1565 ut
1335 1540 1566 1568 circumcisionem
1582 1542 1697 1570 tolleret.
1713 1543 1804 1578 Itaque

1012 1582 1216 1610 circumcisione
1223 1583 1352 1612 adversus
1362 1585 1593 1613 circumcisionem
1606 1591 1648 1614 est
1660 1595 1734 1615 usus.
1749 1590 1802 1616 Ac-

1011 1628 1082 1662 cepit
1093 1629 1164 1656 enitn
1176 1633 1202 1656 et
1214 1629 1370 1657 Timotheus
1382 1631 1623 1665 circumcisionem,
1637 1639 1691 1660 uta
1704 1634 1802 1663 Judzeis

1012 1677 1102 1707 posset
1115 1672 1229 1705 admitti,
1245 1678 1274 1701 et
1292 1674 1428 1709 ingressus
1445 1675 1503 1702 illos
1522 1677 1621 1703 sensim
1636 1677 1670 1704 ab
1692 1678 1741 1705 hac
1754 1679 1805 1705 ob-

1011 1717 1163 1745 servatione
1183 1717 1336 1745 abduceret.
1352 1718 1432 1746 Vides
1450 1727 1500 1753 qua
1514 1720 1548 1747 de
1566 1728 1647 1748 causa
1665 1726 1692 1748 et
1704 1722 1802 1751 Pente-

1011 1768 1103 1789 costen
1123 1766 1151 1789 et
1163 1762 1394 1790 circumcisionem
1414 1764 1511 1791 Paulus
1530 1765 1704 1793 observaret?
1719 1767 1804 1796 Vultis

1011 1812 1039 1834 et
1052 1807 1103 1834 alia
1117 1807 1232 1842 legitima
1249 1808 1324 1835 vobis
1340 1808 1479 1836 ostendam
1491 1809 1526 1836 ab
1539 1817 1572 1838 eo
1587 1810 1667 1839 fuisse
1677 1814 1802 1841 servata?

1013 1853 1156 1888 Diligenter
1163 1854 1302 1882 attendite.
1311 1855 1438 1883 Ascendit
1446 1856 1588 1890 aliquando
1595 1856 1800 1893 Jerosolymam,

1011 1904 1038 1926 et
1049 1907 1111 1927 cum
1130 1907 1190 1926 eum
1208 1899 1336 1927 vidissent
1358 1901 1483 1935 apostoli,
1500 1902 1624 1929 dicebant
1644 1903 1690 1929 ei:
1711 1903 1800 1938 Videt,

1012 1947 1091 1981 frater
1105 1946 1198 1979 Paule,
1213 1952 1272 1981 quot
1286 1948 1367 1974 millia
1381 1953 1439 1974 sunt
1451 1948 1478 1974 in
1491 1948 1606 1981 Juditis,
1619 1950 1661 1984 qui
1678 1959 1799 1978 convenas

1011 1997 1081 2025 runt,
1096 1997 1118 2019 et
1136 2001 1221 2019 omnes
1234 1993 1367 2019 audierunt
1381 1993 1413 2019 de
1433 1998 1472 2025 le.
1489 1995 1548 2028 quia
1561 1994 1736 2023 discessionem
1754 1997 1798 2025 don

1011 2045 1068 2063 cens
1081 2038 1172 2071 a'lege.
1196 2037 1264 2070 Quid
1283 2037 1363 2072 ergo?
1378 2037 1432 2064 Fac
1451 2038 1519 2073 quod
1539 2038 1582 2066 tibi
1600 2040 1708 2068 dicimus
1724 2050 1734 2069 :
1745 2049 1804 2070 sunt

1011 2083 1082 2117 apud
1102 2091 1148 2109 nos
1162 2083 1207 2109 uiri
1228 2088 1312 2108 tratum
1326 2083 1442 2110 habentes
1462 2090 1539 2119 super
1552 2093 1579 2111 se
1594 2093 1603 2112 :
1616 2085 1656 2112 his
1667 2089 1804 2123 assumptis

1011 2128 1144 2162 sancti/ica
1162 2133 1186 2154 ω
1204 2136 1262 2155 cum
1280 2128 1342 2160 illis.
1367 2134 1390 2155 et
1409 2134 1485 2164 caput
1504 2130 1566 2157 rode
1576 2139 1633 2158 cum
1649 2132 1717 2166 illis,
1732 2138 1760 2160 ut
1777 2142 1804 2162 re

1012 2174 1068 2205 ipsa
1080 2173 1144 2207 ﬁdes
1156 2172 1208 2199 illis
1220 2174 1275 2206 fiat,
1289 2173 1348 2209 quia
1359 2181 1416 2209 qua:
1425 2174 1559 2202 audierunt
1572 2175 1605 2202 de
1617 2181 1641 2204 te
1653 2178 1719 2213 {alta
1732 2183 1801 2210 sunt,

1012 2219 1057 2245 sed
1075 2223 1099 2245 et
1120 2219 1174 2253 ipse
1193 2218 1291 2254 Moysi:
1311 2219 1390 2254 legem
1409 2228 1493 2247 servas
1513 2220 1580 2257 (Act.
1605 2221 1650 2249 2|.
1672 2223 1732 2250 20-
1745 2222 1802 2256 24).

1016 2263 1115 2291 Videtis
1123 2263 1378 2291 condescensionem
1390 2264 1592 2293 admirabilem?
1601 2266 1732 2294 Observat
1739 2271 1805 2294 tem-

1014 2316 1088 2343 pora,
1105 2314 1134 2336 nt
1149 2309 1366 2337 observationem
1387 2315 1537 2345 temporum
1553 2311 1628 2338 tollat
1643 2320 1650 2338 ε
1665 2313 1806 2340 circumci-

1014 2356 1117 2382 sionem
1129 2355 1248 2388 adhibet,
1261 2360 1291 2383 ut
1300 2356 1495 2383 circumcisioni
1509 2357 1588 2384 tinem
1605 2357 1725 2391 imponat
1740 2366 1747 2385 :
1762 2366 1805 2384 sa-

1014 2401 1142 2428 criﬁcium
1162 2401 1250 2434 otTert,
1269 2406 1298 2428 ut
1310 2401 1522 2429 observationem
1542 2401 1645 2430 auferat
1661 2402 1806 2430 sacriﬁcio-

1015 2454 1085 2476 rum.
1100 2446 1156 2474 lloc
1168 2451 1258 2474 autem
1278 2446 1351 2473 illum
1364 2446 1465 2475 idcirco
1485 2447 1580 2475 fecisse
1607 2451 1636 2475 ιιι
1649 2448 1781 2483 intelligas
1794 2468 1802 2480 ,

1015 2492 1076 2520 audi
1087 2492 1174 2528 ipsum
1189 2491 1242 2519 hoc
1251 2491 1383 2519 dicentem
1399 2501 1406 2519 :
1418 2492 1514 2520 Factus
1525 2501 1580 2520 sum
1595 2494 1626 2521 iis
1639 2494 1683 2526 qui
1693 2494 1740 2520 ub
1754 2494 1809 2529 tego

1018 2543 1088 2570 sunt,
1107 2538 1178 2573 quasi
1197 2537 1243 2566 sub
1255 2536 1309 2573 loga
1325 2545 1416 2571 om,
1431 2543 1459 2566 ut
1475 2546 1518 2566 eos
1530 2540 1573 2571 qui
1593 2539 1639 2567 sub
1652 2539 1708 2576 [ego
1718 2542 1815 2567 erant».

1021 2584 1214 2620 lurrifncrrem:
1230 2588 1251 2611 rt
1268 2591 1325 2610 cum
1339 2583 1489 2612 liberassent
1508 2583 1540 2611 ab
1556 2585 1819 2622 otutcibusmntuiure
