4096 6222
467 481 550 520 mc
569 476 769 516 servum
795 462 889 531 feci
914 461 984 530 (l.
1016 455 1134 514 Cor.
1163 457 1218 513 9.
1247 456 1338 511 2|.
1369 452 1479 522 i9).
1507 451 1630 505 Ilaec
1653 459 1828 503 autem
1852 446 2046 502 Paulus

465 553 678 620 agebat,
721 559 778 606 ut
822 565 977 604 suum
1021 546 1296 602 dominum
1340 544 1658 598 imitaretur.
1697 538 1827 596 Nam
1873 545 1930 590 ut
1957 535 2046 590 ille

457 651 588 702 Cum
613 646 667 699 in
693 645 858 708 [arma
878 641 975 696 Dei
1000 648 1143 705 esset,
1174 655 1274 693 non
1293 636 1532 706 rapinam
1559 633 1828 686 arbitratus
1847 640 1918 682 est
1938 645 2046 682 esse

462 755 513 791 se
551 735 796 806 aequalem
835 733 965 798 Deo,
1008 731 1097 785 sed
1138 729 1459 798 semetipsum
1504 724 1779 778 exinanivit
1824 725 2042 790 formam

459 827 588 879 servi
613 825 864 894 accipiens
892 820 1147 895 (Philipp.
1179 820 1237 872 2.
1268 819 1322 872 6.
1357 815 1435 885 7),
1467 824 1660 869 etcum
1701 811 1836 865 liber
1863 818 2041 876 esset,

463 915 632 969 factus
661 922 746 969 est
771 925 958 966 servus
990 929 1004 965 :
1032 911 1111 964 sic
1131 917 1186 963 et
1211 909 1310 962 iste
1346 921 1466 959 cum
1505 904 1640 957 liber
1666 910 1808 954 esset
1831 915 1898 954 ex
1922 915 2042 952 om-

461 1006 636 1071 nibus,
651 1004 888 1058 omnium
912 1017 972 1056 se
995 1014 1208 1055 servum
1231 997 1378 1059 fecit,
1400 1004 1457 1048 ut
1477 1008 1664 1048 omnes
1685 990 2040 1045 lucrifaceret.

459 1096 710 1150 Naturam
753 1103 988 1148 nostram
1019 1105 1298 1145 assumens
1322 1087 1571 1142 dominus
1607 1084 1775 1138 iactus
1817 1090 1899 1136 est
1925 1096 2042 1134 ser-

460 1203 577 1253 vus,
611 1198 670 1241 ut
708 1186 904 1239 Iihcros
935 1183 1184 1238 redderet
1219 1193 1446 1234 servos:
1482 1175 1753 1230 lnclinavit
1780 1173 1963 1236 cwtos,
1995 1180 2040 1225 et

461 1277 715 1331 descendit
741 1274 909 1346 (Psal.
941 1275 1027 1327 17.
1060 1272 1170 1342 10),
1198 1281 1252 1323 ut
1281 1285 1374 1324 eos
1399 1267 1488 1337 qui
1511 1265 1732 1321 inferius
1758 1262 2042 1317 manebant

460 1372 512 1423 in
539 1370 729 1423 caelum
762 1366 1036 1420 evelleret.
1070 1361 1343 1416 Inclinavit
1369 1358 1521 1413 caelos
1545 1374 1564 1412 :
1594 1371 1702 1411 non
1750 1354 1901 1416 dixit,
1933 1352 2039 1406 Dc-

459 1462 669 1530 teliquit
705 1459 865 1513 cados
888 1467 941 1510 et
967 1455 1263 1514 descendit,
1296 1452 1388 1506 sed
1422 1448 1718 1507 Inclinavit,
1751 1455 1809 1500 ut
1835 1443 2042 1499 facilio-

458 1569 571 1609 rem
601 1552 693 1604 tibi
731 1549 968 1618 efﬁceret
1006 1561 1286 1600 ascensum
1333 1545 1388 1597 in
1429 1543 1608 1597 ca:los.
1652 1539 1802 1592 llunc
1829 1551 2040 1606 quoque

461 1656 558 1711 pro
599 1639 800 1694 viribus
844 1638 1078 1691 imitatus
1113 1644 1198 1690 est
1238 1635 1461 1696 l’aulus,
1499 1630 1748 1701 quocirca
1789 1628 2036 1682 dicebat:

457 1731 745 1784 lmitatores
783 1729 881 1782 mei
925 1737 1110 1791 estote,
1152 1726 1282 1780 sicut
1320 1734 1366 1777 et
1408 1740 1496 1793 ego
1533 1720 1718 1775 Christi
1767 1719 1786 1786 (
1815 1721 1866 1772 l.
1916 1718 2036 1772 Cor.

457 1823 512 1876 4.
547 1821 657 1889 16).
690 1821 748 1874 Et
783 1819 1052 1889 quomodo
1084 1828 1160 1880 tu,
1191 1818 1347 1871 beate
1368 1815 1552 1878 Paule,
1583 1811 1780 1866 Christi
1807 1811 2040 1864 imitator

457 1930 517 1969 es
545 1912 750 1966 iactus?
771 1909 1094 1978 Quomodo?
1117 1908 1250 1976 Quia
1280 1907 1462 1961 nullibi
1486 1905 1625 1976 quod
1650 1903 1777 1958 mihi
1803 1913 1885 1957 est
1911 1903 2038 1956 utile

456 2019 660 2074 qttazro,
697 2004 790 2058 sed
818 2002 958 2073 quod
988 2001 1199 2066 multis,
1228 2008 1285 2053 ut
1309 1999 1445 2053 salvi
1487 1999 1634 2058 ﬁant,
1675 2005 1730 2050 et
1756 2010 1876 2050 cum
1905 1993 2039 2047 liber

455 2110 629 2150 essem
669 2110 733 2148 ex
781 2094 1056 2158 omnibus,
1099 2091 1335 2146 omnium
1365 2104 1577 2144 servum
1608 2102 1694 2142 me
1729 2085 1849 2140 feci.
1893 2084 2037 2138 Nihil

455 2201 584 2254 ergo
611 2184 801 2239 melius
827 2191 912 2239 est
939 2182 1038 2236 hac
1065 2185 1341 2245 servitute,
1365 2178 1561 2248 quippe
1589 2192 1706 2245 qum
1737 2175 2035 2229 libertatem

457 2274 670 2328 caneris
698 2273 890 2343 pariat.
925 2270 1228 2340 Spiritualis
1262 2277 1378 2323 erat
1415 2267 1644 2336 piscator
1675 2263 1898 2328 Paulus;
1931 2261 2039 2315 Fa-

455 2365 586 2416 ciam
623 2363 787 2427 enim,
835 2361 1035 2430 inquit,
1081 2376 1167 2412 vos
1220 2358 1493 2427 piscatores
1527 2354 1786 2408 hominum
1824 2351 2034 2419 (Matth.

453 2455 506 2508 4.
535 2450 658 2524 19);
689 2467 847 2522 quam
892 2451 961 2504 ob
987 2464 1202 2503 causam
1233 2457 1288 2501 et
1325 2447 1424 2500 ista
1468 2444 1778 2514 praestabat.
1806 2441 1939 2496 Nam
1981 2451 2037 2496 et

455 2546 745 2615 piscatores
789 2558 912 2597 cum
957 2543 1157 2610 piscem
1205 2539 1434 2593 viderint
1480 2536 1696 2590 hamum
1735 2534 2033 2602 deglutire,

453 2650 559 2690 non
586 2633 762 2687 statim
800 2631 1100 2696 retrahunt,
1143 2627 1236 2682 sed
1263 2627 1514 2682 cedentes
1541 2624 1610 2678 ad
1655 2623 1878 2677 multum
1910 2637 2034 2690 spa-

455 2735 584 2788 tium
611 2741 925 2804 sequuntur,
955 2741 1008 2784 et
1055 2735 1368 2797 eXSpcclant
1395 2735 1451 2779 ut
1490 2723 1680 2778 hamus
1728 2729 1873 2776 recte
1897 2719 2028 2774 deli-

452 2837 639 2897 gatur,
680 2836 840 2895 atque
890 2825 962 2878 ita
1004 2817 1238 2892 prmdam
1284 2819 1446 2873 tutius
1493 2814 1819 2872 extrahant:
1865 2816 1943 2870 sic
1981 2822 2036 2870 et

453 2917 679 2984 apostoli
729 2927 838 2970 tum
886 2915 1155 2984 agebant:
1197 2911 1409 2964 hamum
1450 2909 1706 2963 doctrinae
1746 2906 1896 2962 verbi
1937 2905 2034 2961 Ju-

451 3009 618 3064 dsica:
645 3008 838 3062 animae
864 3003 1174 3075 injiciebaut
1203 3021 1216 3056 :
1248 3012 1302 3056 at
1327 3001 1404 3056 illi
1430 2999 1778 3056 retrahebant
1801 3007 2030 3065 temere,

451 3111 612 3172 atque
633 3098 952 3157 retinebant,
981 3103 1038 3151 et
1079 3095 1284 3163 seipsos
1317 3092 1384 3148 ad
1418 3090 1877 3148 circumcisionem
1920 3097 2032 3143 tra-

454 3193 743 3259 dncebant,
772 3189 840 3245 ad
885 3191 1016 3246 festa
1060 3197 1114 3242 et
1157 3197 1455 3258 temporum
1497 3184 1917 3246 observationes,
1965 3180 2031 3234 ad

450 3283 709 3339 sacriﬁcia
736 3323 753 3350 ,
794 3280 860 3336 ad
903 3281 1074 3350 capita
1121 3277 1354 3334 radenda
1379 3316 1394 3340 ,
1425 3283 1480 3330 et
1514 3282 1708 3328 caetera
1754 3271 1878 3325 talia
1913 3259 2036 3340 per-

449 3377 656 3448 agenda
677 3393 692 3430 :
713 3390 897 3430 verum
929 3372 1153 3443 apostoli
1181 3365 1541 3439 sequebantur
1557 3365 1677 3419 illos
1699 3363 1913 3431 ubique,
1935 3377 2032 3417 nec

451 3467 812 3523 retrahebant.
843 3465 1026 3534 Itaque
1054 3464 1167 3518 sive
1194 3459 1652 3516 circumcisionem
1680 3469 1890 3524 qumras
1909 3502 1923 3519 ,
1951 3455 2032 3508 in-

448 3559 592 3629 quit,
623 3571 728 3612 nou
756 3556 972 3622 resisto,
1003 3553 1098 3608 sed
1141 3567 1338 3621 sequor
1370 3568 1385 3603 :
1415 3549 1530 3604 sive
1575 3547 1896 3602 sacriﬁcium
1941 3560 2031 3600 re-

452 3649 650 3718 quiras,
681 3647 927 3702 sacritlco
956 3664 970 3700 :
1000 3645 1115 3700 sive
1141 3643 1253 3697 radi
1284 3643 1416 3696 velis
1457 3655 1564 3704 me,
1591 3639 1679 3709 qui
1708 3654 1738 3693 a
1776 3647 1864 3692 tua
1908 3637 2034 3692 reli-

453 3739 613 3807 gione
633 3735 956 3800 deieceram,
987 3734 1196 3800 adsum,
1223 3742 1278 3787 et
1302 3730 1444 3802 quod
1462 3729 1687 3800 iusseris
1715 3727 1889 3783 facio:
1918 3727 2032 3782 sive

451 3829 804 3883 l’cutecosten
836 3825 1123 3880 observare
1160 3822 1458 3892 prtecipias,
1493 3836 1558 3875 ne
1585 3820 1670 3874 hic
1697 3817 1910 3889 quidem
1938 3833 2029 3872 re-

451 3919 646 3984 luctor,
677 3917 772 3973 sed
789 3930 1124 3988 quocumque
1144 3911 1564 3969 circumduxeris
1587 3926 1803 3982 sequor,
1823 3919 1878 3964 et
1897 3908 2029 3964 cedo

447 4017 798 4081 exspectans,
847 4014 906 4062 ut
955 4006 1145 4060 hamus
1188 4004 1338 4060 verbi
1383 4003 1671 4074 deligatur,
1713 4001 1790 4056 sic
1815 4010 1872 4055 ut
1915 4009 2028 4055 luto

449 4102 648 4172 possim
676 4109 839 4155 totam
867 4097 1136 4152 nationem
1167 4103 1396 4149 vestram
1421 4110 1449 4146 a
1476 4092 1641 4147 veteri
1667 4092 1812 4146 cultu
1840 4104 1904 4144 ac
1936 4105 2026 4144 re-

451 4191 644 4261 ligione
677 4203 951 4244 revocare.
982 4187 1270 4254 Propterea
1313 4199 1542 4252 namque
1571 4181 1785 4250 Epheso
1813 4180 2029 4235 ieroso-

447 4282 642 4355 lymam
685 4279 828 4334 veni.
884 4277 1042 4332 Vides
1091 4279 1346 4346 quantum
1398 4274 1783 4342 obsequeretur
1834 4271 2027 4325 Paulus

449 4372 730 4438 piscaturae
756 4369 980 4440 piscium
1021 4366 1185 4422 verbo
1214 4364 1449 4420 cedens?
1479 4363 1627 4417 vides
1676 4375 1864 4416 rursus
1887 4370 2025 4416 tem-

446 4476 635 4532 porum
651 4461 1100 4523 observationem,
1127 4466 1182 4512 et
1203 4453 1623 4511 circumcisionis
1647 4452 2022 4523 indulgentiam

445 4568 511 4607 ac
545 4553 928 4607 sacriliciorum
959 4547 1388 4603 communionem
1433 4546 1614 4600 initam
1647 4544 1845 4598 idcirco
1873 4559 2021 4608 esse,

450 4661 554 4699 non
586 4653 644 4698 ut
681 4645 780 4712 ipsi
820 4643 888 4697 ad
913 4652 1144 4697 veterem
1191 4641 1501 4710 religionem
1544 4638 1799 4702 redirent,
1831 4637 1924 4692 sed
1969 4645 2027 4690 ut

447 4736 569 4790 illos
593 4736 682 4803 qui
714 4733 900 4804 ﬁguris
932 4731 1310 4796 adhmrebant,
1341 4731 1407 4785 ad
1449 4731 1726 4785 veritatem
1758 4728 2024 4800 provehe-

449 4825 606 4878 rrnt?
649 4823 749 4890 Qui
793 4823 935 4878 enim
981 4823 1033 4877 in
1069 4822 1281 4876 sublimi
1329 4821 1447 4876 loco
1474 4821 1641 4885 sedet,
1674 4821 1719 4875 si
1769 4828 2024 4889 perpetuo

448 4923 662 4970 maneat
691 4914 744 4968 in
771 4913 1007 4978 sublimi,
1041 4929 1325 4982 numquam
1355 4913 1548 4982 poterit
1573 4925 1719 4975 eum,
1747 4910 1836 4979 qui
1865 4909 2026 4963 deor-

446 5021 564 5061 smu
607 5005 770 5076 jacet,
811 5003 1076 5068 evehere,
1120 5004 1212 5057 sed
1259 5003 1407 5057 illum
1459 5003 1607 5072 prius
1646 5015 1706 5055 se
1743 4999 2026 5054 demittere

441 5105 675 5162 oportet,
703 5108 766 5149 ac
808 5093 1000 5148 deinde
1028 5094 1184 5147 istum
1211 5091 1455 5147 exaltari.
1483 5091 1766 5161 Propterea
1797 5105 1860 5144 ex
1891 5088 2023 5143 sub-

445 5188 669 5242 litnitate
707 5186 977 5255 religionis
1018 5185 1335 5255 evangelica:
1384 5184 1401 5216 ί
1451 5183 1845 5237 descenderunt
1887 5197 2023 5250 apo-

446 5277 591 5345 stoli,
624 5287 682 5331 ut
709 5292 738 5330 a
780 5276 1052 5347 religionis
1079 5275 1314 5331 Judaica:
1354 5272 1651 5328 humilitate
1679 5273 1743 5327 ad
1777 5273 2023 5328 sublimi-

447 5375 607 5421 tatem
638 5366 780 5420 illam
805 5365 1020 5420 Judmos
1049 5364 1425 5435 proveherent.

514 5457 570 5510 5.
610 5453 715 5510 Cur
731 5455 963 5526 legantur
1005 5456 1058 5509 in
1108 5453 1402 5509 Pentecoste
1443 5453 1570 5508 Acta
1617 5453 1889 5524 Apost.—
1915 5451 2021 5508 Sed

444 5555 742 5611 tctuporum
772 5544 986 5614 quidem
1015 5545 1442 5600 observationem
1488 5559 1553 5598 ac
1595 5544 1797 5614 reliqua
1843 5543 2022 5597 omnia

446 5631 645 5684 utiliter
662 5640 717 5686 et
743 5634 1025 5691 commode
1053 5634 1190 5692 facta
1223 5650 1342 5692 esse
1364 5642 1571 5693 constat
1599 5647 1666 5718 ex
1707 5633 1855 5691 istis:
1889 5631 2018 5689 reli-

507 5729 526 5764 ⁸
555 5728 706 5786 Colb..
725 5732 969 5788 anacticw.

1195 345 1252 400 S.
1292 340 1569 399 JOANNlS
1604 314 2080 394 CIIBYSOSTOMI
2119 331 2436 389 ARCHIEP.
2477 332 3005 390 CONSTANTiNOP'.

2089 4009 2096 4014 ’
2137 3981 2552 4037 monstrabimus
2580 3995 2596 4033 :
2623 3979 2854 4046 exempli
2877 3993 3034 4032 causa
3071 4017 3085 4040 ,

3627 337 3727 394 Mi

2156 459 2319 514 quum
2343 453 2425 498 est
2448 453 2622 499 autem
2655 453 2710 498 ut
2730 444 3004 500 videamus
3032 458 3134 514 qua
3161 444 3227 500 de
3250 460 3408 501 causa
3446 447 3499 502 in
3536 446 3736 508 Penteo

2153 545 2302 590 coste
2327 534 2462 590 liber
2487 535 2736 589 Actorum
2770 535 2993 604 legatur.
3017 535 3126 589 Hac
3149 536 3289 590 enim
3323 536 3389 590 de
3415 552 3571 591 causa
3617 548 3734 596 haec

2152 629 2331 680 omnia
2360 627 2754 696 proposuimus,
2782 635 2860 692 ut,
2903 643 3023 680 cum
3055 636 3354 696 temporum
3396 629 3730 684 observatio-

2152 732 2274 772 nem
2307 718 2505 771 instare
2531 717 2797 784 videritis,
2842 733 2910 772 ne
2959 719 3276 774 existimetis
3319 722 3592 789 apostolos
3639 723 3728 777 ιιι.

2151 804 2318 860 daicis
2336 807 2674 861 ritibusvelle
2719 822 2779 860 se
2825 807 3178 876 obstringere.
3224 809 3416 863 Verum
3469 813 3726 867 attendite

2151 895 2454 964 diligenter,
2482 910 2696 965 qureso:
2749 909 2924 961 neque
2959 895 3102 949 enim
3137 896 3460 951 mediocrem
3524 911 3702 964 quaes-

2150 987 2350 1041 tionem
2392 987 2766 1056 complectitur
2805 987 2858 1040 id
2899 986 3040 1056 quod
3064 987 3257 1042 dicturi
3288 1005 3500 1046 sumus.
3535 991 3593 1044 In
3638 991 3727 1045 die

2148 1079 2325 1131 crucis
2347 1079 2525 1132 omnia
2560 1079 2786 1148 legimus
2812 1094 2930 1148 qua:
2957 1079 3024 1133 ad
3071 1095 3286 1134 crucem
3327 1083 3595 1149 pertinent
3624 1101 3639 1136 :
3671 1084 3722 1136 in

2149 1183 2341 1236 magno
2387 1168 2611 1223 sabbato
2667 1183 2889 1235 rursus,
2953 1168 3202 1223 traditum
3264 1185 3384 1225 esse
3441 1173 3723 1228 Dominum

2147 1266 2412 1320 nostrum,
2441 1258 2753 1311 cruciﬁxum
2779 1271 2934 1323 esse,
2966 1268 3232 1312 mortuum
3275 1274 3395 1314 esse
3433 1261 3722 1317 secundum

2147 1361 2362 1399 carnem
2385 1354 2440 1402 et
2462 1347 2706 1416 sepulcro
2731 1348 3161 1402 conditumzcur
3201 1349 3360 1417 igitur
3407 1365 3512 1402 non
3563 1352 3722 1405 etiam

2147 1437 2525 1506 Apostolorum
2556 1441 2690 1492 Acta
2711 1439 2934 1508 legimus
2963 1447 3084 1506 post
3107 1437 3481 1501 Pentecosten,
3510 1442 3722 1509 quando

2145 1537 2200 1580 et
2217 1537 2535 1593 evenerunt,
2555 1538 2607 1582 et
2628 1529 2836 1582 initium
2864 1529 3168 1582 duxerunt?
3217 1531 3297 1584 Ac
3324 1531 3436 1584 scio
3477 1533 3720 1601 equidem

2146 1615 2248 1669 hoc
2277 1617 2512 1686 ignomtn
2537 1633 2656 1673 esse
2685 1618 2886 1684 multis,
2908 1632 3066 1686 quam
3115 1619 3186 1672 ob
3229 1634 3444 1674 causam
3488 1637 3555 1675 ex
3608 1622 3723 1692 ipso

2145 1709 2398 1760 Actorum
2426 1708 2562 1762 libro
2590 1708 3018 1762 demonstremus
3059 1709 3198 1762 istud
3244 1725 3463 1764 necesse
3509 1720 3612 1777 est,
3665 1723 3722 1766 ut

2145 1813 2248 1852 non
2277 1815 2306 1852 a
2331 1800 2664 1865 Pentecoste,
2697 1800 2790 1854 sed
2813 1815 2841 1853 a
2867 1809 3104 1868 tempore
3123 1842 3138 1864 ,
3182 1801 3321 1868 quod
3372 1802 3719 1859 Pentecosteu

2143 1899 2424 1958 sequutum
2453 1900 2557 1954 est,
2612 1889 2973 1958 apostolorum
3003 1899 3118 1944 acta
3151 1891 3356 1944 initium
3383 1891 3599 1947 duxisse
3643 1893 3722 1947 in-

2146 1980 2414 2050 telligatis.
2441 1979 2704 2046 Quocirca
2731 1979 2923 2034 merito
2943 1989 3146 2049 qumrct
3171 1981 3383 2050 aliquis,
3410 1998 3570 2051 quam
3597 1991 3718 2036 tan-

2141 2071 2264 2126 dem
2289 2072 2358 2126 ob
2383 2086 2597 2126 causam
2632 2080 2887 2125 statutum
2915 2071 3004 2135 sit,
3048 2080 3106 2124 ut
3153 2071 3428 2125 historiam
3459 2074 3632 2128 crucis
3660 2074 3715 2128 itt

2141 2158 2228 2216 die
2273 2162 2445 2217 crucis
2486 2171 2540 2216 et
2578 2161 2840 2231 passionis
2883 2161 3167 2231 legamus:
3207 2163 3578 2230 Apostolorum
3622 2179 3720 2218 att-

2144 2262 2250 2307 tem
2297 2254 2429 2308 Acta
2471 2268 2577 2307 non
2619 2253 2747 2322 ipsis
2785 2252 2888 2304 illis
2934 2252 3122 2306 diebus
3168 2261 3259 2304 aut
3303 2252 3393 2306 illo
3437 2262 3715 2322 tempore,

2140 2359 2249 2412 quo
2292 2352 2495 2412 patrata
2543 2352 2697 2406 sunt,
2744 2343 3014 2412 legamus,
3039 2343 3131 2395 sed
3174 2351 3383 2410 tempus
3422 2344 3718 2412 praevenia-

2143 2434 2297 2489 mus?
2337 2434 2521 2503 Neque
2571 2433 2712 2488 euim
2761 2429 3069 2497 confestim,
3119 2431 3208 2485 ubi
3247 2431 3490 2486 Christus
3540 2449 3720 2488 resur-

2141 2523 2297 2586 rexit,
2323 2523 2463 2578 edita
2503 2533 2629 2578 sunt
2674 2523 2927 2577 miracula
2956 2523 3023 2577 ab
3065 2523 3340 2592 apostolis,
3369 2524 3461 2577 sed
3490 2525 3719 2594 quadra-

2138 2615 2283 2683 ginta
2303 2614 2490 2670 diebus
2509 2629 2630 2669 cum
2651 2615 2778 2683 ipsis
2799 2615 3109 2669 vescebatur
3131 2614 3181 2667 in
3205 2616 3379 2669 terris.
3411 2615 3518 2669 Cur
3542 2624 3720 2670 autem

2139 2704 2327 2760 diebus
2350 2705 2695 2774 quadraginta
2721 2703 2881 2758 fuerit
2905 2719 3029 2759 cum
3059 2704 3163 2758 illis
3189 2713 3432 2759 versatus
3457 2705 3511 2759 in
3541 2706 3718 2773 terris,

2139 2794 2244 2848 alio
2299 2803 2539 2864 tempore
2591 2793 3028 2859 declarabimus;
3086 2810 3228 2849 nunc
3275 2795 3341 2848 ad
3389 2797 3721 2865 propositum

2141 2895 2470 2939 revertamur
2497 2926 2514 2952 ,
2571 2892 2628 2940 et
2671 2885 3019 2940 ostendamus
3059 2885 3328 2940 Christum
3375 2900 3478 2940 non
3532 2887 3712 2942 statim

2142 2986 2260 3046 post
2273 2977 2724 3032 resurrectionem
2743 2977 2795 3030 in
2817 2976 2978 3030 caelos
2989 2977 3316 3043 ascendisse,
3339 2993 3522 3032 verum
3538 2979 3590 3032 in
3607 2987 3717 3034 ter-

2140 3069 2214 3120 ris
2243 3075 2632 3122 commoratum
2655 3081 2774 3120 esse
2790 3065 2978 3120 diebus
2989 3065 3334 3135 quadraginta
3349 3080 3470 3121 cum
3482 3067 3719 3138 discipu-

2139 3157 2225 3223 lis,
2251 3171 2422 3226 neque
2436 3157 2749 3225 simpliciter
2764 3165 3149 3210 commoratum
3167 3196 3182 3220 ,
3206 3156 3300 3210 sed
3330 3166 3382 3212 et
3414 3168 3719 3213 vescentem

2137 3265 2258 3303 cum
2288 3250 2437 3318 ipsis,
2452 3260 2505 3302 et
2523 3249 2574 3303 in
2599 3264 2780 3303 mensa
2803 3265 2924 3302 cum
2948 3249 3052 3304 illis
3070 3250 3465 3304 recumbenlem
3492 3251 3720 3306 familia-

2138 3340 2267 3392 riter
2307 3353 2428 3392 cum
2478 3339 2582 3392 illis
2636 3347 2902 3392 versatum
2947 3353 3096 3404 esse,
3127 3353 3189 3392 ac
3217 3349 3340 3410 post
3359 3340 3475 3396 dies
3503 3342 3715 3398 tandem

2136 3430 2481 3500 quadraginta
2534 3431 2586 3484 in
2636 3430 2799 3484 caelos
2829 3430 2893 3482 ad
2935 3429 3146 3484 Patrem
3191 3432 3529 3497 ascendisse,
3560 3450 3623 3489 ac
3649 3451 3717 3490 ne

2139 3531 2246 3574 tum
2273 3521 2487 3590 quidem
2520 3521 2774 3574 miracula
2803 3519 2922 3574 illos
2953 3519 3184 3574 edidisse
3204 3562 3217 3584 ,
3245 3521 3338 3576 sed
3366 3521 3498 3576 alios
3527 3523 3714 3580 decent

2135 3613 2249 3667 dies
2275 3613 2486 3682 elapsos
2510 3626 2630 3666 esse
2648 3652 2666 3677 ,
2706 3626 2936 3680 eumque
2982 3613 3335 3681 compleretur
3362 3611 3678 3670 Pentecoste
3694 3656 3715 3683 ,

2136 3705 2356 3757 missum
2383 3702 2447 3756 ad
2472 3717 2566 3758 eos
2592 3701 2846 3771 Spiritum
2870 3711 3110 3756 sanctum
3141 3702 3299 3756 fuisse
3317 3743 3334 3768 ,
3366 3712 3582 3773 tumque
3609 3705 3716 3759 lin-

2134 3797 2250 3866 guis
2269 3797 2482 3851 demunt
2510 3794 2679 3864 igneis
2705 3795 2936 3862 acceptis
2965 3794 3124 3849 cdere
3165 3797 3392 3864 cmpisse
3440 3797 3713 3852 miracula.

2137 3891 2260 3944 Haec
2308 3898 2483 3944 autem
2521 3888 2730 3954 omnia,
2771 3887 3134 3953 dilectissimi,
3183 3904 3249 3942 ex
3298 3888 3585 3958 Scripturis
3622 3889 3716 3945 de-

3139 3978 3485 4048 quadraginta
3529 3979 3715 4034 diebus

2133 4087 2254 4125 cum
2289 4071 2420 4140 ipsis
2451 4079 2717 4126 versatum
2741 4084 2862 4124 eum
2883 4083 3023 4133 esse,
3048 4068 3304 4137 Spiritum
3333 4079 3571 4123 sanctum
3596 4079 3714 4138 post

2135 4163 2483 4217 Pentecosteu
2510 4160 2850 4216 descendisse
2869 4201 2884 4224 ,
2916 4169 3132 4228 tumque
3159 4159 3366 4228 linguas
3388 4160 3504 4213 illos
3533 4161 3714 4229 igneas

2132 4253 2401 4321 accepisse
2419 4293 2434 4316 ,
2465 4262 2622 4322 atque
2650 4251 2718 4306 ab
2743 4266 2806 4305 eo
2833 4261 3071 4319 tempore
3099 4251 3349 4304 miracula
3394 4252 3478 4304 edi
3515 4252 3582 4305 ab
3609 4253 3714 4307 illis

2131 4346 2378 4411 coepisse.
2410 4342 2539 4410 Quis
2567 4343 2724 4411 igitur
2749 4343 2926 4396 omnia
2957 4342 3054 4394 ista
3085 4351 3468 4395 commemorat
3494 4341 3518 4393 ‘P
3549 4342 3716 4396 Disci-

2133 4434 2286 4502 pultts
2317 4434 2493 4494 Pauli,
2519 4432 2854 4487 venerandus
2877 4440 2932 4486 et
2977 4447 3197 4501 magnus
3249 4433 3445 4495 Lucas,
3487 4433 3610 4486 dum
3644 4435 3712 4486 ita

2135 4525 2349 4592 incipit,
2390 4531 2442 4577 et
2468 4523 2552 4576 his
2582 4523 2757 4576 verbis
2783 4522 2985 4576 utitur;
3013 4520 3243 4575 Primum
3282 4522 3482 4588 quidem
3523 4539 3714 4575 sermo-

2133 4630 2245 4666 nem
2272 4615 2368 4685 feci
2393 4616 2455 4667 de
2475 4615 2704 4668 omnibus
2723 4655 2738 4679 ,
2757 4630 2787 4667 ο
2803 4613 3108 4683 TheOphile,
3140 4629 3253 4682 qua:
3281 4614 3427 4682 coepit
3447 4612 3597 4666 Jesus
3627 4617 3711 4684 [a-

2131 4723 2241 4758 cere
2257 4747 2270 4770 ,
2297 4715 2342 4758 et
2372 4705 2550 4759 docere
2573 4721 2728 4774 usque
2755 4705 2807 4756 in
2834 4705 2986 4766 diem,
3013 4719 3112 4772 qua
3142 4704 3437 4771 prwcipiens
3469 4704 3709 4772 apostolis

2133 4813 2223 4864 per
2243 4796 2495 4865 Spiritum
2522 4805 2782 4857 sanctum,
2805 4810 2929 4862 quos
2949 4793 3129 4861 elegit,
3153 4805 3440 4861 assumptus
3459 4803 3553 4846 est.
3583 4792 3712 4858 Qui-

2131 4884 2222 4938 bus
2261 4896 2306 4939 et
2328 4885 2539 4954 prwbuit
2575 4884 2797 4953 seipsum
2826 4884 2989 4936 vivum
3026 4893 3136 4952 post
3160 4886 3444 4951 passionem
3484 4901 3628 4936 suam
3655 4885 3710 4937 in

2135 4977 2306 5030 multis
2329 4975 2659 5045 argumentis,
2685 4991 2773 5043 per
2799 4975 2906 5028 dies
2934 4976 3276 5045 quadraginta
3305 4993 3557 5045 apparens
3596 4976 3668 5029 eis
3691 5017 3708 5042 ,

2132 5077 2176 5120 et
2223 5068 2427 5136 loquens
2466 5065 2528 5119 de
2557 5080 2709 5135 regno
2761 5064 2878 5119 Dei.
2916 5064 2978 5117 Et
3005 5081 3305 5118 convescens
3336 5067 3576 5135 pratcepit
3606 5066 3709 5129 eis,

2129 5157 2192 5208 ab
2211 5155 2540 5226 Jerosolymis
2561 5171 2623 5207 ne
2646 5155 2955 5207 discederent
2976 5154 3109 5224 (Act.
3135 5156 3183 5207 l.
3215 5154 3311 5207 1-6
3326 5152 3369 5224 ).
3397 5154 3556 5208 Vides
3576 5171 3711 5222 qua-

2138 5246 2377 5315 draginta
2407 5245 2593 5299 diebus
2611 5245 2660 5297 in
2686 5245 2839 5298 terris
2864 5245 3144 5298 Dominum
3165 5253 3431 5298 versatum
3453 5259 3572 5298 esse
3595 5254 3713 5314 post

2131 5338 2607 5400 resurrectionem,
2634 5336 2702 5391 de
2727 5348 2891 5404 regno
2919 5335 3008 5388 Dei
3035 5334 3336 5402 loquentem
3355 5343 3408 5389 et
3432 5349 3555 5390 cum
3583 5348 3716 5402 apo-

2130 5429 2283 5482 stolis
2311 5436 2616 5482 vescentem
2644 5429 2669 5481 ζ’
2698 5426 2856 5481 Vides
2878 5426 3037 5481 etiam
3065 5426 3242 5479 cibum
3271 5442 3392 5479 eum
3433 5427 3536 5480 illis
3563 5441 3709 5480 sum-

2132 5521 2301 5590 psisse
2320 5521 2343 5572 ?
2359 5518 2426 5573 Et
2453 5520 2688 5590 pra'cepit
2717 5520 2807 5582 eis,
2832 5520 3018 5588 inquit,
3040 5517 3103 5570 ab
3115 5517 3445 5588 Jerosolymis
3469 5532 3532 5571 ne
3547 5519 3709 5571 disce-

2131 5612 2302 5664 derent
2327 5651 2340 5675 ,
2385 5611 2475 5664 sed
2525 5619 2868 5680 exspectarent
2916 5609 3295 5678 promissionem
3343 5606 3520 5662 Patris
3561 5623 3710 5677 quam

2134 5699 2372 5770 audistis,
2404 5699 2589 5770 inquit,
2618 5716 2680 5754 ea:
2703 5713 2818 5753 me:
2841 5699 2959 5769 quia
2983 5698 3209 5753 Joannes
3241 5698 3509 5768 baptizavit
3536 5715 3665 5768 aqua
3684 5736 3700 5758 ,
