4096 6222
383 345 492 400 ῒσῦ

377 459 574 513 πᾶσιν
597 451 858 525 ἐμαυτὸν
880 451 1210 505 ἐδούλωσα.
1254 453 1455 505 Ἐποίει
1480 452 1536 505 δέ
1558 451 1731 504 ταῦτα
1759 451 1787 502 0
1817 448 1955 503 Παῦ-

380 543 470 605 λος
507 536 843 610 μιμούμενος
881 534 973 588 τὸν
1003 534 1193 586 ἐαυτοῦ
1221 533 1517 602 Δεσπότην.
1563 532 1830 600 Καθάπερ
1852 531 1960 602 γάρ

380 624 544 688 αὐτὸς
603 623 698 673 Ἐν
740 617 945 688 μορφῇ
997 617 1144 670 Θεοῦ
1177 616 1464 684 ὑπάρχων
1497 617 1609 683 οὺχ
1648 613 1962 682 ἁρπαγμὸν

377 705 654 774 ἡγήσατο
683 703 750 754 τὸ
773 702 926 754 εἶναι
963 700 1068 752 ἶσα
1105 697 1226 763 Θεῷ
1251 740 1265 759 ,
1291 699 1428 751 ἀλλ’
1459 697 1678 750 ἑαυτὸν
1705 697 1962 748 ἐκένωσε

376 785 622 857 μορφὴν
651 783 878 836 δούλου
907 781 1126 857 λαϐὼν,
1157 781 1253 833 καὶ
1279 780 1596 845 ἐλεύθερος
1631 777 1717 830 ὢν
1741 777 1962 842 δοῦλος

379 855 666 938 γέγονεν’
693 865 837 919 οὕτω
865 865 961 917 καὶ
1002 855 1156 925 οὗτος
1187 861 1470 931 ἐλεύθερος
1507 859 1581 912 ὢν
1637 861 1700 912 ἐκ
1746 860 1962 912 πάντων

385 952 552 1004 πᾶσιν
602 947 793 1000 ἐαυτὸν
846 945 1139 998 ἐδούλωσεν
1163 986 1178 1007 ,
1231 943 1372 996 ὥστε
1429 943 1636 1004 πάντας
1681 939 1958 1008 κερδᾶναι.

377 1031 579 1094 Δοῦλοι,
618 1029 833 1097 ἐγένετο
863 1029 962 1098 τὴν
995 1027 1156 1096 φύσιν
1184 1026 1283 1096 τὴν
1311 1025 1586 1095 ἡμετέραν
1619 1020 1904 1077 ἀναλαϐὼν
1935 1022 1964 1073 0

285 1159 297 1166 .
383 1114 706 1183 Δεσπότης,
762 1111 849 1164 ἵνα
905 1111 1032 1171 τοὺς
1084 1108 1303 1170 δούλους
1352 1107 1671 1177 ἐλευθέρους
1725 1105 1960 1176 ποιήσῃο

385 1197 672 1252 Ἐκλινεν
726 1192 1016 1260 οὐρανοὺς
1039 1230 1053 1253 ,
1112 1191 1210 1244 καὶ
1243 1187 1488 1256 κατέϐη,
1521 1189 1607 1240 ἵνα
1637 1188 1766 1250 τοὺς
1817 1186 1965 1238 κάτω

389 1278 649 1349 μένοντας
675 1274 928 1345 ἀναγάγῃ
960 1276 1037 1335 είς
1059 1272 1310 1342 οὐρανόν.
1339 1273 1624 1324 Ἐκλινεν
1647 1268 1961 1349 οὺρανούςξ

378 1348 487 1413 οὐκ
517 1355 638 1412 εἷπε
663 1374 676 1388 ⁸
715 1357 1022 1411 Κατέλιπεν
1076 1355 1374 1424 οὐρανοὺς.
1411 1354 1505 1406 καὶ
1553 1351 1754 1421 κατέϐη
1783 1390 1798 1414 ,
1850 1348 1965 1401 ἀλλ’

388 1444 687 1502 Ἔκλινεν,
714 1438 1084 1508 εύκολωτέραν
1117 1453 1198 1489 σοι
1219 1437 1320 1507 τὴν
1351 1436 1534 1489 ἄνοδον
1563 1435 1731 1486 ποιῶν
1760 1433 1859 1502 τὴν
1888 1433 1966 1493 εἰς

381 1527 514 1588 τοὺς
539 1525 598 1576 ού
609 1521 822 1594 ρανούς.
861 1520 1063 1572 Τοῦτον
1089 1519 1182 1572 καὶ
1201 1519 1229 1569 0
1263 1518 1472 1580 Παῦλος
1492 1517 1800 1586 ἐμιμήσατο
1826 1513 1970 1566 κατά

327 1630 336 1637 ο
376 1605 615 1676 δύναμιν
639 1645 652 1669 ,
683 1604 766 1656 διὸ
787 1602 881 1655 καὶ
904 1601 1055 1671 ἔλεγε
1080 1616 1094 1631 ⁸
1121 1602 1380 1670 Μιμηταί
1399 1617 1520 1670 μου
1545 1600 1784 1667 γίνεσθε
1807 1636 1821 1659 ,
1859 1610 1966 1647 κα-

378 1689 508 1750 θὼς
533 1685 694 1755 κάγὼ
720 1684 998 1752 Χριστοῦ.
1029 1685 1140 1737 Καὶ
1171 1683 1287 1745 πῶς
1315 1685 1400 1745 σὺ,
1423 1677 1466 1734 ώ
1499 1682 1735 1751 μακάριε
1767 1676 1966 1740 Παῦλε,

387 1768 483 1822 τοῦ
530 1767 767 1838 Χριστοῦ
803 1767 990 1834 ἐγένου
1029 1767 1310 1837 μιμητής;
1346 1764 1506 1828 Πῶς;
1554 1761 1770 1828 Ἐπειδὴ
1809 1758 1972 1812 ούδα-

393 1851 496 1921 μοῦ
525 1851 672 1921 ζητῶ
700 1864 724 1891 ε·
757 1849 822 1902 τὸ
847 1849 1083 1920 ἐμαυτοῦ
1118 1842 1425 1918 συμφέρον,
1457 1845 1592 1899 ἀλλά
1621 1843 1681 1896 τὸ
1706 1843 1814 1895 τῶν
1844 1844 1972 1896 πολ-

381 1936 534 1998 λῶν,
575 1936 723 1997 ὅπως
768 1933 1018 1995 σωθῶσι,
1056 1933 1149 1984 καὶ
1185 1930 1469 2000 ἐλεύθερος
1512 1927 1586 1980 ὢν
1631 1929 1694 1980 ἐκ
1727 1926 1968 1992 πάντων,

390 2019 558 2071 πᾶσιν
587 2017 823 2088 ἐμαυτὸν
857 2015 1146 2068 ἐδούλωσα.
1185 2013 1352 2065 Ούδὲν
1402 2011 1581 2063 τοίνυν
1633 2009 1836 2078 ταύτης
1872 2009 1972 2078 τῆς

386 2099 630 2162 δουλείας
670 2099 903 2169 βέλτιον,
938 2095 1252 2165 ἐλευθερίας
1301 2095 1410 2162 γάρ
1450 2092 1656 2163 ἐτέροις
1691 2091 1839 2143 αἰτία
1886 2091 1972 2158 γί-

387 2199 560 2236 νεται.
612 2181 822 2242 ’Δλιεῦς
870 2175 938 2249 ῆν
986 2174 1353 2246 πνευματικὸς
1385 2177 1412 2227 0
1449 2173 1659 2236 Παῦλος
1683 2188 1696 2202 ·
1732 2171 1972 2238 Ποιήσω

385 2265 499 2334 γὰρ
524 2262 714 2333 ὑμᾶς,
749 2261 914 2330 φησὶν
932 2299 947 2323 ,
977 2259 1164 2323 ἁλιεῖς
1189 2257 1512 2325 ἀνθρώπων
1535 2273 1548 2286 ο
1575 2257 1664 2309 διά
1695 2257 1852 2308 τοῦτο
1878 2256 1973 2308 καὶ

381 2347 566 2400 ταῦτα
596 2345 788 2399 ἐποίει.
820 2343 931 2395 Καὶ
963 2343 1070 2414 γάρ
1105 2343 1199 2394 καὶ
1235 2341 1285 2392 οί
1327 2341 1498 2402 ἁλιεῖς
1522 2377 1538 2401 ,
1570 2339 1790 2391 ἐπειδάν
1822 2339 1972 2391 ίδωσι

385 2435 483 2482 τὸν
521 2428 675 2498 ίχθὺν
697 2427 1031 2480 καταπιόντα
1057 2425 1116 2477 τὸ
1142 2425 1458 2494 ἄγκιστρον,
1476 2424 1576 2476 οὐκ
1607 2423 1812 2485 εὐθέως
1843 2422 1974 2474 ἀνθ-

389 2513 641 2565 έλκουσιν
664 2552 679 2574 ,
716 2510 834 2563 ἀλλ’
880 2507 1172 2570 ἐνδιδόντες
1239 2507 1402 2576 μέχρι
1443 2506 1636 2559 πολλοῦ
1674 2506 1975 2574 διαστήμα-

382 2609 481 2657 τος
509 2590 891 2645 ἀκολουθοῦσιν
936 2588 1296 2659 ἀναμένοντες
1344 2588 1660 2658 ἐμπαγῆναι
1708 2587 1770 2640 τὸ
1819 2586 1977 2654 ἀγκι-

387 2691 554 2746 στρον
587 2672 768 2734 καλῶς
793 2714 808 2737 ,
835 2673 925 2724 ἴνα
971 2670 1114 2724 οὕτω
1155 2670 1292 2739 μετά
1335 2669 1635 2737 ἀσφαλείας
1661 2669 1762 2739 τὴν
1802 2668 1975 2739 θήραν

379 2757 711 2810 ἐλκύσωσιν.
730 2753 904 2809 .οῦτω
933 2755 1024 2807 καὶ
1050 2756 1099 2807 οί
1129 2753 1416 2807 ἀπόστολοι
1444 2754 1565 2806 τότε
1595 2753 1830 2806 ἐποίουνο
1862 2753 1978 2806 ἐνέ-

384 2839 584 2893 ϐαλλον
611 2839 672 2892 τὸ
693 2839 991 2907 ἄγκιστρον
1019 2837 1117 2906 τῆς
1141 2834 1490 2897 διδασκαλίας
1519 2835 1612 2887 τοῦ
1646 2835 1804 2902 λόγου
1830 2834 1975 2905 ψυχῇ

383 2925 456 2993 τῇ
504 2922 797 2990 Ἰουδαϊκῇ,
835 2922 883 2972 οί
906 2921 962 2972 δὲ
988 2918 1270 2972 ἀνθεῖλκον
1297 2920 1418 2987 είκῆ
1443 2955 1458 2980 ,
1487 2917 1583 2970 καὶ
1609 2919 1872 2988 κατέσχον
1898 2919 1978 2979 είς

385 3005 698 3075 περιτομὴν
724 3003 949 3065 ἑαυτοὺς
978 3003 1202 3069 ἄγοντες
1227 3040 1241 3064 ,
1269 3002 1348 3062 είς
1381 2999 1602 3069 ἑορτάς,
1651 3001 1729 3064 είς
1772 2998 1979 3070 καιρῶν

385 3087 799 3156 παρατήρησιν.
843 3086 922 3147 εἰς
953 3083 1144 3145 θυσίας
1163 3123 1177 3143 ,
1207 3083 1286 3146 είς
1309 3081 1371 3134 τὸ
1399 3082 1664 3152 ξυρᾶσθαι
1699 3083 1791 3135 καὶ
1816 3082 1982 3151 ἐτερα

385 3169 616 3222 τοιαῦτα
653 3170 826 3221 ποιεῖν
863 3182 877 3196 °
917 3169 965 3218 οἱ
1000 3166 1057 3218 δέ
1109 3164 1396 3217 ἀπόστολοι
1429 3165 1702 3234 πανταχοῦ
1754 3163 1983 3234 ἠκολού-

379 3251 520 3305 θουν
545 3250 761 3312 αὐτοῖς,
804 3249 898 3302 καὶ
940 3247 1041 3300 ούκ
1079 3245 1360 3300 ἀνθεῖλκον
1386 3263 1400 3276 ·
1453 3245 1595 3298 ὥστε
1631 3246 1734 3300 κᾶν
1765 3261 1983 3315 περιτο-

387 3333 505 3404 μὴν
535 3333 705 3402 ζητῇς
727 3371 742 3394 ,
769 3331 955 3400 φησὶν,
995 3329 1096 3382 οῦκ
1131 3328 1438 3393 άντιτείνω,
1463 3328 1580 3382 ἀλλ’
1611 3329 1817 3399 ἕπομαι
1837 3347 1850 3359 ο
1878 3327 1984 3380 κᾶν

380 3416 586 3468 Θυσίαν
619 3416 776 3484 αἰτῇς
796 3453 810 3476 ,
843 3411 954 3464 θύω
980 3453 996 3477 ,
1027 3409 1129 3463 κᾶν
1173 3409 1437 3478 ξυρᾶσθαι
1471 3410 1736 3481 βουληθῇς
1767 3412 1867 3480 ἐμὲ
1893 3410 1984 3463 τὸν

386 3497 708 3554 ἀποστάντα
731 3497 830 3566 τῆς
859 3495 958 3564 σῆς
988 3493 1264 3558 πολιτείας
1289 3535 1304 3559 ,
1334 3494 1587 3565 πάρειμι,
1629 3493 1720 3546 καὶ
1757 3491 1894 3545 ποιῶ
1925 3493 1984 3546 τὸ

389 3582 744 3652 κελευόμενον
767 3598 778 3609 ·
851 3579 954 3632 κᾶν
984 3578 1364 3648 Πεντηκοστῆν
1404 3575 1632 3645 κελεύῃς
1664 3577 1985 3645 παρατηρῆ-

393 3666 490 3721 σαί
526 3681 628 3735 με,
662 3663 782 3717 οὐδὲ
841 3661 1076 3714 ἐνταῦθα
1117 3659 1432 3729 φιλονεικῶ·
1480 3657 1593 3711 ἀλλ’
1641 3658 1885 3726 ὅπουπερ
1919 3657 1986 3710 ἀν

392 3750 701 3819 στεριάγῃς,
753 3744 1031 3799 ἀκολουθῶ
1073 3745 1170 3796 καὶ
1222 3743 1477 3812 ἐνδίδωμι
1526 3739 1844 3810 ἐμπαγῆναί
1903 3756 1985 3792 σοι

393 3833 681 3902 ἀναμένων
710 3830 805 3882 τοῦ
843 3830 1002 3895 λό,ου
1041 3828 1100 3880 τὸ
1133 3827 1430 3896 ἄγκιστρον
1451 3866 1464 3887 ,
1512 3823 1652 3876 ὥστε
1685 3822 1986 3893 δυνηθῆναι

394 3915 540 3986 μετά
571 3913 871 3981 ἀσφαλείας
906 3911 1052 3964 άπαν
1103 3908 1256 3977 ὑμῶν
1288 3905 1573 3970 ἐξελκύσαι
1611 3905 1672 3986 τὸ
1708 3904 1859 3966 ἔθνος
1888 3904 1986 3974 τῆς

397 3985 638 4057 παλαιᾶς
672 3994 923 4064 λατρείας
959 3993 1053 4044 καὶ
1082 3990 1374 4051 πολιτείας.
1403 3988 1503 4040 Διά
1545 3985 1704 4038 τοῦτο
1745 3986 1855 4055 γάρ
1893 3986 1986 4038 καὶ

395 4079 507 4130 ἀπὸ
563 4076 789 4144 Ἐφέσου
844 4077 923 4136 είς
977 4072 1328 4144 Ἰεροσόλυμα
1380 4067 1565 4140 ἦλθον.
1609 4069 1772 4138 Ὀρᾷς
1820 4068 1986 4120 πόσον

397 4158 886 4230 παρηκολούθησεν
918 4157 946 4207 0
978 4157 1190 4218 Παῦλος
1220 4157 1287 4224 τῇ
1326 4153 1482 4224 ἀλείᾳ
1530 4151 1638 4204 τῶν
1675 4150 1874 4221 ίχθύων
1901 4153 1986 4203 ἐν·

394 4243 574 4306 διδοὺς
603 4241 680 4308 τῷ
703 4240 886 4310 λόγῳς
931 4241 1062 4309 ὁρᾷς
1092 4240 1173 4290 ὃτι
1209 4239 1242 4307 ή
1281 4237 1665 4306 παρατήρησις
1712 4233 1822 4286 τῶν
1861 4251 1985 4287 και-

404 4325 553 4396 ρῶν,
603 4325 699 4376 καὶ
742 4325 775 4394 ὴ
834 4320 1239 4389 συγκατάϐασις
1289 4319 1389 4388 τῆς
1439 4317 1773 4387 περιτομῆς,
1808 4317 1902 4369 καὶ
1950 4319 1984 4387 ἡ

400 4405 659 4458 κοινωνία
694 4404 803 4457 τῶν
836 4403 1034 4456 θυσιῶν
1057 4402 1146 4455 διὰ
1172 4401 1332 4452 τοῦτο
1362 4398 1592 4467 ἐγίνετο,
1634 4399 1732 4468 οὑχ
1761 4399 1848 4450 ἵνα
1887 4399 1987 4452 αύ-

400 4491 485 4543 τοὶ
523 4489 659 4560 πρὸς
705 4488 806 4558 τὴν
855 4486 1090 4539 παλαιὰν
1125 4482 1459 4537 ἐπανέλθωσι
1511 4483 1825 4545 πολιτείαν,
1874 4482 1988 4534 ἀλλ’

403 4574 492 4626 ἵνα
520 4572 762 4632 ἐκείνους
809 4571 921 4632 τοῖς
968 4568 1157 4629 τύποις
1196 4564 1693 4636 παρακαθημένους
1724 4565 1858 4634 πρὸς
1889 4565 1990 4632 τὴν

402 4653 658 4724 ἀλήθειαν
689 4652 1140 4719 ἐπαναγάγωσιν;
1171 4649 1228 4702 '0
1263 4648 1372 4717 γάρ
1411 4647 1468 4698 ἐν
1503 4645 1626 4714 ὕψει
1661 4647 1987 4716 καθήμενος,

404 4737 501 4789 ἐὰν
532 4735 820 4798 διαπαντὸς
854 4735 945 4786 ἐπὶ
966 4733 1060 4786 τοῦ
1085 4731 1254 4800 ῦψους
1285 4731 1450 4802 μένῃ,
1484 4729 1740 4782 οὐδέποτε
1765 4729 1992 4798 δυνήσε-

403 4835 494 4872 ται
537 4819 630 4871 τὸν
659 4818 810 4870 κάτω
848 4816 1097 4886 κείμενον
1146 4815 1479 4882 ἀναγαγεῖν,
1515 4811 1652 4865 ἀλλά
1683 4812 1764 4864 δεῖ
1798 4813 1993 4881 πρότε-

407 4919 499 4972 ρον
527 4903 732 4954 ἐκεῖνον
758 4899 1177 4967 ταπεινωθῆναι,
1203 4898 1297 4949 καὶ
1321 4897 1443 4949 τότε
1470 4897 1659 4948 τοῦτον
1685 4895 1988 4964 ὑψωθῆναι.

406 4985 506 5040 Διά
547 4985 706 5038 τοῦτο
740 4984 1054 5052 κατέϐησαν
1090 4985 1139 5034 οἱ
1191 4980 1479 5033 ἀπόστολοι
1533 4979 1642 5032 ἀπὸ
1678 4978 1771 5032 τοῦ
1826 4979 1993 5049 ῦψους

408 5067 505 5138 τῆς
536 5066 809 5130 πολιτείας
861 5066 961 5135 τῆς
1006 5063 1368 5132 εύαγγελικῆς
1397 5063 1448 5126 δ,
1491 5062 1578 5114 ἴνα
1609 5062 1718 5114 ἀπὸ
1761 5062 1858 5132 τῆς
1894 5079 1992 5114 τα-

408 5148 720 5218 πεινότητος
743 5149 844 5220 τῆς
875 5147 1149 5210 πολιτείας
1185 5147 1284 5216 τῆς
1317 5144 1615 5214 Ἰουδαϊκῆς
1650 5143 1764 5216 [88]
1788 5144 1995 5212 ἀναγά-

407 5249 579 5301 γωσιν
606 5234 685 5296 είς
708 5233 769 5286 τὸ
799 5233 933 5302 ὕψος
961 5234 1136 5285 ἐκεῖνο
1156 5234 1282 5292 τοὺς
1325 5224 1632 5291 Ἰουδαίους.

483 5322 546 5370 ε’.
584 5315 727 5369 Ἀλλ’
749 5317 831 5369 ὅτι
854 5316 953 5386 μὲν
979 5317 1012 5385 ή
1035 5315 1143 5367 τῶν
1169 5310 1378 5382 καιρῶν
1399 5311 1780 5380 παρατήρησις
1799 5310 1892 5362 καὶ
1919 5309 1991 5363 τά

411 5395 574 5452 λοιπά
621 5399 801 5452 πάντα
831 5397 1114 5468 χρησίμως
1149 5395 1244 5449 καὶ
1297 5391 1681 5462 συμφερόντως
1731 5392 1991 5460 ἐγίνοντο,

413 5483 523 5536 ἀπὸ
547 5482 751 5537 τούτων
772 5483 928 5554 δῆλον
950 5497 965 5513 °
999 5481 1198 5550 ίδωμεν
1224 5479 1280 5532 δὲ
1330 5476 1512 5530 λοιπὸν
1547 5475 1692 5539 τίνος
1720 5477 1906 5530 ἕνεκεν
1934 5480 1996 5532 τὸ

479 5604 510 5638 ⁸
527 5607 626 5668 Αιιι
647 5608 727 5655 καὶ
766 5609 869 5662 πῶς
907 5605 968 5654 σὺ
986 5604 1089 5668 γίνῃ
1111 5601 1321 5668 Χριστοῦ
1355 5602 1575 5666 μιμητής
1609 5601 1663 5650 ού
1690 5599 1997 5665 ζητῶηΕάἱιὶ

420 5664 1073 5790 gamm-

1014 347 1152 403 CUR
1211 350 1273 402 IN
1315 347 1604 404 PENTEC.
1640 349 1840 411 ACTA,
1871 344 2027 402 ETC.
2063 341 2130 398 IN
2171 341 2464 400 PRINCIP.
2518 341 2874 398 ACTOBUM.
2915 341 3004 397 IV.

3543 337 3641 389 ιυι

2069 447 2271 516 βιϐλίον
2306 449 2415 503 τῶν
2446 449 2704 520 Πράξεων
2751 445 3200 500 τῶν-ἀποστόλων
3244 451 3307 504 ὲν
3363 445 3439 516 τῷ
3472 448 3648 517 καιρῷ

2067 532 2167 600 τῆς
2221 532 2602 601 Πεντηκοστῆς
2665 527 3114 596 ἀναγινώσκεται.
3175 526 3268 582 Διά
3325 528 3434 596 γὰρ
3488 528 3649 581 τοῦτο

2067 613 2240 667 ταῦτα
2289 613 2466 666 πάντα
2517 613 2876 682 ἐκινήσαμεν,
2927 611 3016 673 ἵν’,
3068 611 3196 662 ὅταν
3245 610 3389 680 ἴδητε
3439 610 3649 680 καιρῶν

2069 697 2455 766 παρατήρησιν
2503 694 2867 763 ἐγκειμένην,
2929 693 3002 763 μὴ
3065 693 3322 762 νομίσητε
3375 693 3650 745 πολιτείαν

2070 765 2244 831 νοσεῖν
2281 765 2584 846 Ἰουδαῖκὴν
2606 777 2732 838 τοὺς
2765 775 3113 838 ἀποστόλους.
3163 765 3322 827 Ἀλλά
3350 775 3648 846 προσέχετε

2075 860 2215 929 μετά
2269 859 2552 930 ἀκριϐείας
2577 897 2592 920 ,
2638 856 2940 928 παρακαλῶ
2969 872 2983 885 ’
3034 857 3096 909 ού
3131 857 3239 927 γὰρ
3299 857 3493 928 μικρόν
3532 858 3649 910 ἐστι

2073 945 2294 1015 ζήτημα
2344 945 2405 996 τὸ
2458 945 2648 1014 μέλλον
2686 943 3037 1014 ῥηθήσεσθαι.
3076 943 3164 994 Ἐν
3211 945 3276 1012 τῇ
3328 943 3511 1014 ἡμέρα
3552 939 3650 993 τοῦ

2075 1028 2310 1098 σταυροῦ
2333 1029 2401 1081 τὰ
2430 1029 2558 1098 περὶ
2579 1027 2671 1080 τοῦ
2708 1025 2940 1096 σταυροῦ
2974 1026 3152 1078 πάντα
3173 1026 3613 1094 ἀναγινώσκομεν
3632 1039 3646 1052 ·

2074 1112 2131 1162 ἐν
2160 1109 2238 1180 τῷ
2283 1109 2539 1179 σαϐϐάτῳ
2587 1108 2663 1179 τῷ
2716 1108 2937 1178 μεγάλῳ
2993 1107 3190 1170 πάλιν,
3245 1109 3326 1159 ὃτι
3380 1105 3651 1174 παρεδόθη

2072 1191 2231 1261 ἡμῶν
2254 1193 2282 1244 0
2314 1191 2535 1260 Κύριος,
2565 1192 2645 1244 ὅτι
2685 1187 3024 1260 ἐσταυρώθη,
3062 1190 3142 1242 ὅτι
3163 1188 3399 1240 ἀπέθανε
3426 1187 3485 1238 τὸ
3513 1184 3656 1239 κατά

2078 1276 2275 1344 σάρκα,
2316 1276 2396 1326 ὅτι
2422 1273 2596 1343 ἐτάφη
2617 1291 2629 1304 °
2662 1274 2805 1335 τίνος
2833 1268 2924 1324 οὖν
2961 1273 3146 1325 ἕνεκεν
3171 1271 3265 1324 καὶ
3289 1270 3385 1330 τὰς
3424 1266 3655 1340 Πράξεις

2073 1357 2182 1408 τῶν
2208 1355 2520 1410 ἀποστόλων
2557 1356 2617 1408 ού
2667 1355 2805 1424 μετά
2847 1355 2948 1424 τὴν
2979 1354 3360 1423 Πεντηκοστὴν
3393 1349 3656 1418 ἀναγινώ-

2077 1456 2278 1506 σκομεν
2301 1480 2316 1503 ,
2343 1440 2432 1490 ὅτε
2477 1438 2573 1490 καὶ
2617 1438 2866 1506 ἐγένοντο
2888 1476 2902 1498 ,
2942 1438 3036 1489 καὶ
3083 1437 3258 1507 ἀρχὴν
3290 1435 3514 1497 ἐλαϐονς
3546 1433 3658 1487 Καὶ

2076 1517 2193 1574 οἶδα
2221 1523 2317 1590 μὲν
2347 1521 2428 1574 ὅτι
2455 1521 2637 1573 πολλοὶ
2667 1520 2825 1572 τοῦτο
2868 1518 3122 1587 ἀγνοοῦσι
3147 1535 3160 1548 ·
3187 1518 3373 1588 διόπερ
3407 1516 3512 1570 ἀπὸ
3560 1513 3656 1567 τοῦ

2080 1603 2285 1673 βιϐλίου
2334 1603 2441 1656 τῶν
2470 1603 2727 1673 Πράξεων
2763 1602 2894 1654 αύτὸ
2937 1599 3312 1654 πιστώσασθαι
3339 1601 3656 1666 ἀναγκαῖον,

2079 1689 2167 1740 ἵνα
2193 1688 2432 1757 μάθητε,
2467 1687 2548 1738 ὃτι
2592 1685 2691 1754 τὴν
2735 1686 2910 1754 ἀρχὴν
2946 1683 3053 1736 τῶν
3087 1685 3348 1754 Πράξεων
3388 1682 3496 1736 τῶν
3521 1683 3658 1734 ἀπο-

2081 1768 2341 1821 στολικῶν
2389 1770 2488 1836 οὐχ
2531 1769 2564 1836 ἡ
2614 1767 2961 1836 Πεντηκοστὴ
2997 1765 3109 1834 ἔχει
3135 1803 3151 1827 ,
3182 1765 3296 1818 ἀλλ’
3343 1766 3372 1817 0
3417 1762 3606 1833 καιρὸς
3631 1762 3660 1813 0

2082 1851 2222 1920 μετά
2257 1851 2356 1921 τὴν
2397 1849 2796 1920 Πεντηκοστήν.
2830 1847 2921 1901 Διὸ
2953 1848 3048 1900 καὶ
3076 1847 3302 1908 δικαίως
3353 1845 3419 1900 ἀν
3459 1862 3541 1907 τις
3568 1845 3664 1912 ζη-

2079 1935 2282 2002 τήσειε,
2313 1933 2364 1984 τί
2395 1933 2597 2004 δήποτε
2625 1930 2714 1984 τὸν
2750 1929 2847 2001 μὲν
2878 1930 3112 2000 σταυρδν
3159 1931 3215 1982 ἐν
3245 1931 3311 1998 τῇ
3345 1926 3528 1998 ἡμέρᾳ
3568 1925 3662 1978 τοῦ

2082 2015 2316 2087 σταυροῦ
2350 2015 2445 2068 καὶ
2476 2015 2570 2068 τοῦ
2627 2015 2833 2076 πάθους
2860 2011 3257 2081 ἀναγινώσκειν
3311 2009 3666 2081 νενομοθέτη-

2080 2114 2201 2152 ται·
2256 2097 2354 2162 τὰς
2397 2097 2454 2150 δέ
2481 2097 2716 2168 Πράξεις
2764 2096 2863 2157 τάς
2902 2093 3268 2156 ἀποπολικάς
3321 2093 3421 2146 οὐκ
3477 2092 3667 2168 αὑταῖς

2080 2183 2198 2244 ταῖς
2230 2180 2466 2252 ἡμέραις
2511 2167 2997 2247 ἀναγινώσκομεν,
3050 2176 3168 2229 ούδέ
3197 2174 3275 2245 τῷ
3312 2173 3490 2244 καιρῷ
3542 2167 3666 2225 καθ’

2081 2264 2140 2317 ὃν
2169 2263 2544 2334 ἐπράχθησαν,
2573 2260 2709 2314 ἀλλά
2736 2259 3118 2330 προφθάνομεν
3141 2263 3230 2310 τὸν
3274 2256 3486 2326 καιρόν.
3531 2252 3668 2306 οὐδὲ

2082 2347 2191 2420 γὰρ
2221 2346 2424 2409 εύθέως
2453 2346 2542 2398 ὅτε
2566 2344 2761 2414 ἀνέστη
2789 2343 3024 2412 Χριστὸς
3044 2381 3058 2404 ,
3089 2340 3345 2410 θαύματα
3374 2337 3590 2390 ἐποίουν
3617 2335 3669 2387 οί

2083 2429 2409 2491 ἀπόστολοι,
2437 2429 2571 2481 ἀλλὰ
2604 2426 3011 2496 τεσσαράκοντα
3047 2423 3260 2493 ἡμέρας
3310 2422 3496 2482 αὐτοῖς
3543 2435 3671 2470 συν-

2081 2514 2298 2584 ηλίζετο
2325 2522 2349 2550 ο
2392 2512 2484 2566 ἐπὶ
2506 2511 2608 2580 τῆς
2633 2509 2758 2578 γῆς.
2791 2508 2947 2569 Τίνος
2971 2507 3027 2559 δέ
3051 2506 3236 2557 ἕνεκεν
3259 2503 3356 2565 τὰς
3401 2501 3670 2584 τέσσαράς

2085 2613 2250 2650 κοντα
2298 2595 2510 2666 ἡμέρας
2568 2593 2752 2654 αὐτοῖς
2805 2588 3121 2657 συνεγένετο
3165 2585 3259 2638 ἐπὶ⁵
3308 2587 3406 2654 τῆς
3441 2584 3578 2652 γῆς,
3613 2583 3673 2634 ἐν

2087 2680 2257 2749 ἑτέρῳ
2278 2677 2454 2748 καιρῷ
2473 2674 2811 2748 δηλώσομενο
2845 2673 2982 2735 τέως
3017 2670 3074 2723 δέ
3099 2671 3193 2722 ἐπὶ
3222 2669 3283 2722 τὺ
3313 2667 3674 2749 προκείμενον

2090 2748 2258 2834 ἴωμεν
2290 2761 2384 2814 τοῦ
2422 2760 2580 2828 λόγου
2607 2797 2623 2822 ,
2646 2756 2979 2819 δεικνύντες,
3005 2755 3086 2806 ὅτι
3111 2753 3211 2806 οὐκ
3243 2751 3444 2814 εύθέως
3475 2753 3554 2812 είς
3581 2748 3674 2801 τὸν

2088 2831 2316 2916 οὐρανὸν
2346 2842 2513 2912 ἀνέϐη
2547 2839 2687 2910 μετά
2713 2841 2814 2910 τὴν
2849 2838 3145 2891 ἀνάστασιν
3177 2837 3206 2888 0
3237 2832 3469 2904 Χριστὸς
3491 2873 3521 2916 ,ν
3540 2831 3676 2916 ἀλλά

2087 2914 2492 2996 τεσσαράκοντα
2511 2924 2727 2995 ἡμέρας
2756 2923 2848 2975 ἐπὶ
2870 2922 2972 2991 τῆς
3000 2920 3104 2990 γῆς
3131 2917 3372 2989 διέτριψε
3403 2915 3539 2986 μετά
3566 2914 3676 2967 τῶν

2093 3008 2379 3080 μαθητῶν,
2432 3007 2528 3061 καὶ
2552 3008 2651 3076 οὐχ
2678 3006 2864 3067 ἁπλῶς
2902 3002 3197 3074 διέτριψεν,
3231 3001 3366 3055 άλλά
3401 3000 3496 3053 καὶ
3549 3015 3676 3051 συν-

2094 3092 2439 3160 αλιζόμενος,
2463 3090 2557 3141 καὶ
2587 3088 2867 3160 τραπέζης
2897 3083 3168 3139 κοινωνῶν
3186 3123 3202 3148 ,
3233 3083 3325 3137 καὶ
3347 3081 3562 3153 ὁμιλίας
3591 3097 3677 3150 με·

2090 3174 2362 3235 ταδιδοὺς,
2393 3173 2487 3224 καὶ
2512 3171 2649 3242 μετά
2669 3170 2767 3232 τάς
2796 3168 3204 3236 τεσσαράκοντα
3234 3167 3449 3236 ἡμέρας
3478 3164 3678 3234 ἀνῆλθε

2092 3256 2229 3327 πρὸς
2263 3255 2354 3306 τὸν
2401 3253 2618 3325 Πατέρα
2673 3253 2731 3304 ἐν
2762 3252 2875 3312 τοῖς
2923 3250 3200 3320 οὐρανοῖς,
3247 3248 3340 3299 καὶ
3379 3247 3502 3299 οὐδὲ
3554 3248 3677 3299 τότε

2094 3337 2574 3409 ἐθαυματούργουν
2594 3375 2608 3399 ,
2646 3335 2760 3389 ἀλλ’
2791 3334 2975 3404 ἐτεραι
3005 3333 3137 3384 δέκα
3180 3331 3420 3399 ἐγίνοντο
3450 3330 3678 3401 ἡμέραι,

2093 3424 2188 3478 καὶ
2234 3421 2615 3492 πληρουμένης
2648 3419 2748 3488 τῆς
2778 3415 3159 3487 Πεντηκοστῆς
3206 3413 3462 3484 ἐπέμφθη
3495 3415 3678 3478 αὐτοῖς

2091 3508 2154 3560 τὸ
2181 3508 2404 3578 Πνεῦμα
2433 3506 2493 3558 τὸ
2522 3505 2675 3572 ἇγιον
2701 3543 2715 3565 ,
2751 3501 2845 3554 καὶ
2873 3499 2994 3550 τότε
3024 3497 3278 3558 λαϐόντες
3305 3495 3402 3559 τὰς
3450 3495 3680 3565 πυρίνας

2093 3589 2344 3660 γλώσσας
2390 3588 2624 3659 ήρξαντο
2655 3586 2826 3638 ποιεῖν
2853 3581 3123 3650 θαύματα.
3161 3579 3344 3632 Ταῦτα
3377 3578 3434 3633 δὲ
3481 3579 3679 3660 πάντα,

2095 3656 2368 3742 ἀγαπητοὶ
2396 3656 2556 3736 ,Πάπὸ
2603 3669 2712 3722 τῶν
2742 3663 2974 3737 Γραφῶν
3005 3661 3390 3732 πιστωσόμεθα
3416 3678 3432 3693 ο
3461 3656 3572 3714 οἷον
3598 3661 3681 3713 ὅτι

2094 3756 2502 3824 τεσσαράκοντα
2531 3751 2743 3822 ἡμέρας
2793 3749 2977 3809 αὐτοῖς
3029 3745 3376 3813 συνεγένετο,
3412 3745 3494 3797 ὅτι
3546 3742 3680 3812 μετά

2094 3837 2194 3908 τὴν
2227 3835 2610 3904 Πεντηκοστῆν
2639 3831 2871 3901 κατῆλθε
2913 3830 2976 3882 τὸ
3013 3828 3235 3897 Πνεῦμα
3268 3827 3328 3879 τὺ
3360 3827 3514 3894 ἆγιον
3537 3866 3552 3889 ,
3600 3827 3682 3878 ὄτι

2096 3920 2217 3972 τότε
2243 3919 2342 3980 τὰς
2369 3917 2618 3984 γλώσσας
2653 3913 2843 3966 ἔλαϐον
2890 3910 2989 3970 τάς
3018 3910 3276 3979 πυρίνας,
3309 3910 3392 3961 ὅτι
3423 3909 3532 3960 τῶν
3583 3925 3682 3978 ση-

2100 4002 2268 4071 μείων
2302 3999 2486 4051 έκτοτε
2513 3995 2766 4065 ήρξαντο.
2797 3992 2892 4053 Τίς
2925 3987 3016 4042 οὖν
3044 3991 3216 4043 ταῦτα
3269 3990 3447 4042 πάντα
3477 3990 3640 4060 φησίν
3665 4009 3682 4055 ;

2109 4083 2166 4136 Ὀ
2188 4082 2283 4134 τοῦ
2309 4079 2520 4134 Παύλου
2555 4075 2802 4146 μαθητὴς
2820 4114 2834 4136 ,
2865 4075 2893 4126 0
2920 4074 3100 4140 τίμιος
3124 4072 3217 4125 καὶ
3245 4071 3419 4141 μέγας
3447 4073 3681 4136 Λουκᾶς,

2096 4165 2240 4219 οῦτω
2275 4160 2596 4228 ποιούμενος
2634 4158 2732 4228 τὴν
2784 4155 2958 4226 ἀρχὴν
3011 4157 3106 4208 καὶ
3165 4154 3372 4221 λέγων’
3410 4152 3527 4206 Τὸν
3569 4154 3682 4220 μὲν

2098 4248 2333 4318 πρῶτον
2360 4243 2548 4313 λόγον
2583 4239 2963 4308 ἐποιησάμην
2991 4237 3124 4304 περὶ
3158 4237 3440 4318 πάντων,
3548 4237 3684 4288 Θεό-

2099 4316 2358 4401 φιλε.ὦν
2375 4326 2597 4394 ἤρξατο
2617 4327 2649 4377 ὀ
2669 4321 2895 4388 Ἰησοῦς
2925 4319 3116 4373 ποιεῖν
3145 4336 3206 4372 τε
3231 4319 3324 4371 καὶ
3354 4316 3683 4380 διδάσκειν,

2099 4398 2236 4482 ἄχρι
2265 4407 2339 4480 ἧς
2361 4407 2583 4478 ἡμέρας
2607 4403 3024 4470 ἐντειλάμενος
3046 4400 3169 4466 τοῖς
3192 4400 3558 4482 ἀποστόλοις
3587 4398 3686 4482 δία

2101 4474 2446 4562 ἀνεύρατος
2471 4474 2664 4558 αγίου,
2698 4485 2806 4551 οὓς
2835 4483 3176 4548 ἐξελέξατο,
3212 4480 3524 4549 ἀνελήφθη
3546 4494 3561 4508 ’
3596 4474 3684 4544 οἷς

2101 4579 2197 4630 καί
2231 4575 2616 4644 παρέστησεν
2665 4569 2883 4622 ἑαυτὸν
2915 4565 3099 4626 ζῶντα
3146 4567 3297 4635 μετὰ
3347 4565 3414 4617 τὸ
3472 4563 3685 4618 παθεῖν

2100 4660 2308 4722 αὐτὸν,
2345 4659 2417 4710 ἐν
2460 4654 2714 4717 πολλοῖς
2765 4651 3120 4720 τεκμηρίοις,
3169 4649 3243 4702 δι’
3281 4649 3516 4717 ἡμερῶν
3544 4664 3682 4701 τεσ-

2101 4742 2442 4812 σαράκοντα
2497 4737 2905 4803 ὀπτανόμενος
2957 4731 3164 4797 αὐτοῖς
3193 4773 3208 4796 ,
3239 4731 3336 4784 καὶ
3383 4731 3576 4800 λέγων
3612 4732 3686 4784 τὰ

2101 4810 2234 4892 περὶ
2263 4822 2373 4890 τῆς
2402 4821 2727 4886 βασιλείας
2761 4815 2868 4869 τοῦ
2895 4813 3012 4886 [89]
3045 4815 3214 4867 Θεοῦ.
3249 4812 3356 4866 Καὶ
3380 4810 3687 4870 συναλιζῖς.

2097 4926 2281 4980 μενος
2311 4905 2710 4973 παρήγγειλεν
2757 4897 2962 4962 αὐτοῖς
2992 4897 3109 4950 ἀπὸ
3147 4896 3568 4980 Ἰεροσολύμων
3594 4893 3684 4961 μὴ

2103 4991 2466 5064 χωρίζεσθαι.
2509 4987 2673 5059 Ὀρᾷς
2699 4985 2780 5037 ὅτι
2813 4980 2950 5052 μετά
2998 4981 3097 5064 την
3132 4979 3433 5064 ἀνάστασιν
3488 4991 3686 5064 τεσσα-

2106 5058 2341 5148 ράκοντα
2395 5058 2609 5142 ἡμέρας
2639 5068 2732 5121 ἐπὶ
2765 5066 2863 5148 τῆς
2896 5064 3015 5148 γῆς*
3049 5059 3116 5133 ἦν
3228 5061 3430 5148 Κύριος
3453 5099 3490 5148 ,μ
3505 5058 3686 5148 λέγων

2103 5139 2232 5227 Imp).
2269 5156 2370 5226 τῆς
2418 5139 2705 5223 *βασιλείας
2749 5147 2843 5200 τοῦ
2894 5146 3028 5199 Θεοῦ
3055 5185 3070 5209 ,
3117 5145 3230 5227 καί
3271 5139 3687 5227 συναλιζόμενος

2101 5221 2215 5302 τοῖς
2247 5221 2599 5298 ἀποστόλοιςς
2625 5233 2758 5304 ὁρᾷς
2811 5232 2889 5284 ’ὁτι
2922 5230 3015 5281 καὶ
3039 5225 3314 5298 τραπέζης
3368 5221 3684 5304 ἐκοινώνεις

2103 5323 2213 5378 Καὶ
2260 5319 2662 5389 παρήγγειλεν
2691 5313 2924 5378 αὐτοῖς,
2959 5312 3122 5381 φησὶν
3148 5349 3164 5372 ,
3194 5305 3312 5362 ἀπὸ
3361 5303 3688 5389 Ἰεροσολύο

2099 5423 2230 5476 μων
2252 5385 2733 5473 μὴνχωρίζεσθαι,
2773 5397 2933 5450 ἀλλά
2964 5391 3301 5476 περιμένειν
3341 5387 3459 5454 τὴν
3499 5385 3689 5476 ἐπα-γ-

2104 5466 2693 5558 γελίαντοῦνηατρὸς
2717 5519 2732 5543 ,
2765 5478 2848 5544 ῆν
2867 5473 3173 5558 ἠκούσατέ
3194 5487 3335 5558 μου,
3361 5466 3575 5558 φησί-ν’
3597 5466 3692 5520 ὅτι

2118 5548 2393 5636 glutier
2431 5564 2546 5636 μὲν
2587 5562 2910 5616 ἐϐάπτισεν
2954 5553 3147 5618 ὕδατι,
3174 5550 3348 5623 ὑμεῖς
3381 5549 3451 5604 δὲ
3471 5548 3692 5614 ,βαπτι-

2169 5722 2192 5752 ⁶
2216 5717 2350 5771 (ἶοιὶ).
2375 5712 2650 5771 συνεγίνετο.
