4096 6222
400 291 504 347 1θὸ

395 401 707 469 σθήσεσθε
755 398 827 450 έν
880 397 1175 465 Πνεύματι
1226 397 1372 465 ἁγίῳ
1427 396 1500 450 οὐ
1552 395 1704 465 μετὰ
1738 395 1973 457 πολλὰς

397 492 620 555 ταύτας
670 487 913 559 ἡμέρας.
951 485 1135 542 Ταῦτα
1168 486 1226 540 δὲ
1262 486 1447 554 ἔλεγεν
1477 489 1506 540 6
1534 486 1720 558 Σωτὴρ
1756 486 1814 538 ἐν
1858 486 1974 546 ταῖς

398 578 803 649 τεσσαράκοντα
849 577 1105 649 ήμέραις.
1130 578 1197 630 Ol
1244 577 1361 645 μὲν
1403 570 1518 631 οὖν
1572 575 1976 640 συνελθόντες

397 665 717 734 ἐπηρώτων
737 667 925 721 αὑτὸν
948 665 1228 733 λέγοντες
1246 682 1263 697 '
1286 666 1487 734 Κύριε,
1508 666 1561 718 εί
1580 666 1651 719 ἐν
1677 663 1759 730 τῷ
1779 664 1976 732 χρόνῳ

398 757 588 820 τούτῳ
604 754 1104 822 ἀποκαθιστάνεις
1126 755 1245 824 τὴν
1257 757 1589 822 ,βασιλείαν
1605 754 1686 820 τῷ
1703 755 1939 825 Ἰσραήλ
1956 770 1975 818 ;

399 844 550 902 Ehe
578 846 648 900 δὲ
692 847 842 915 πρὸς
888 847 1139 913 αὐτούς*
1198 848 1325 914 οὐχ
1366 844 1535 914 ὑμῶν
1579 846 1711 899 ἐστι
1758 845 1975 915 γνῶναι

398 938 660 1007 χρόνους
684 935 723 1004 ἢ
745 936 988 1009 καιροὺς
1005 974 1020 1000 ,
1051 935 1161 1003 οὓς
1191 938 1224 991 ό
1244 935 1446 1004 Πατὴρ
1470 934 1637 990 ἔθετο
1657 936 1727 989 ἐν
1752 934 1829 1003 τῇ
1855 934 1976 1001 ὶδιᾳ

398 1027 651 1094 ἐξουσίᾳ
668 1043 682 1058 ⁸
712 1027 872 1081 ἀλλὰ
897 1025 1175 1094 λήψεσθε
1199 1025 1458 1095 δύναμιν
1481 1026 1844 1092 ἐπελθόντος
1866 1024 1975 1080 τοῦ

399 1111 573 1180 ἁγίου
596 1112 939 1182 Πνεύματος
957 1113 1049 1181 ἐφ’
1090 1111 1246 1182 ὑμᾶς
1268 1155 1282 1179 ,
1319 1115 1418 1167 καί
1461 1113 1680 1168 ἔσεσθέ
1701 1132 1803 1182 μοι
1827 1113 1975 1182 μάρ-

401 1218 574 1269 τυρες
597 1202 668 1255 ἐν
693 1201 769 1271 τῇ
809 1203 1226 1272 Ἰερουσαλὴμ,
1266 1204 1362 1257 καί
1408 1204 1478 1257 ἐν
1504 1204 1673 1273 πάσῃ
1715 1203 1793 1273 τῇ
1839 1206 1975 1259 Ἰου-

399 1287 540 1358 δαίᾳ
589 1289 688 1342 καί
740 1291 1067 1359 Σαμαρείᾳ,
1120 1291 1218 1345 καὶ
1250 1291 1360 1356 ἕως
1398 1291 1662 1359 ἐσχάτου
1691 1291 1802 1362 τῆς
1837 1294 1970 1362 γῆς.

400 1381 511 1434 Καὶ
552 1380 737 1434 ταῦτα
783 1380 967 1434 εἰπὼν
991 1422 1007 1443 ,
1049 1383 1409 1446 βλεπόντων
1444 1382 1677 1448 αὐτῶν,
1721 1386 1970 1453 ἐπήρθη,

400 1468 501 1521 καὶ
535 1470 759 1540 νεφέλη
802 1470 1105 1525 ὑπέλαϐεν
1133 1472 1319 1526 αὐτὸν
1354 1472 1473 1526 ἀπὸ
1500 1468 1618 1527 τῶν
1654 1473 1977 1544 ὀφθαλμῶν

400 1559 618 1614 αὐτῶν.
647 1556 800 1625 Εἶδες
832 1561 950 1625 πῶς
985 1563 1080 1616 καὶ
1107 1562 1515 1633 τεσσαράκοντα
1549 1560 1763 1636 ἡμέρας
1792 1567 1975 1628 αὐτοῖς

403 1646 716 1714 συνεγένετο
764 1649 857 1702 ἐπὶ
900 1649 1000 1719 τῆς
1043 1650 1148 1719 γῆς
1194 1652 1223 1703 6
1250 1651 1520 1721 Χριστὸς,
1558 1654 1653 1708 καὶ
1707 1654 1846 1724 μετά
1875 1654 1975 1718 τὰς

401 1737 808 1807 τεσσαράκοντα
837 1739 1050 1810 ἡμέρας
1096 1740 1219 1794 τότε
1248 1728 1522 1814 ἀνελήφθη
1555 1744 1616 1796 ἐν
1662 1747 1775 1808 τοῖς
1808 1745 1975 1815 069a-

399 1827 552 1889 νοῖς·
586 1826 700 1880 ἀλλ’
731 1827 929 1899 ἴδωμεν
952 1831 1000 1882 εί
1045 1830 1105 1884 ἐν
1151 1833 1216 1903 τῇ
1257 1832 1602 1904 Πεντηκοστῇ
1651 1833 1712 1886 τὸ
1753 1834 1975 1905 Πνεῦμα

401 1914 654 1987 ἐπέμφθη
679 1916 739 1971 τὸ
767 1918 938 1987 ἅγιον.
959 1920 1070 1973 Καί
1088 1919 1159 1974 ἐν
1176 1920 1256 1987 τῷ
1276 1921 1973 1994 συμπληροῦσθαι,’φησὶ,

402 2005 519 2073 τὴν
575 2007 805 2075 ἡμέραν
860 2007 969 2077 τῆς
1038 2007 1463 2079 Πεντηκοστῆς
1520 2009 1756 2080 ἐγένετο
1809 2011 1976 2081 ἄφνω

401 2093 554 2165 ἦχος
601 2099 670 2151 ἐκ
728 2099 834 2152 τοῦ
889 2099 1148 2169 οὐρανοῦ
1200 2101 1345 2154 ὡσεί
1398 2101 1730 2170 φερομένης
1779 2100 1976 2171 πνοῆς

400 2186 606 2254 βιαίας
630 2227 645 2252 ,
713 2189 811 2242 καί
885 2190 1177 2258 ὤφθησαν
1248 2191 1452 2258 αὐτοῖς
1517 2192 1977 2262 διαμεριζόμεναι

403 2275 676 2346 γλῶσσαι
712 2279 855 2335 ὡσεὶ
885 2280 1103 2349 πυρὸς,
1140 2281 1237 2335 καὶ
1266 2281 1546 2337 ἐκάθισεν
1583 2284 1677 2351 ἐφ’
1711 2283 1820 2337 ἕνα
1843 2282 1978 2341 ἔκα-

399 2382 557 2421 στον
600 2367 817 2423 αὐτῶν.
846 2370 1028 2423 Εῖδετε
1061 2371 1263 2442 ἀκριϐῆ
1305 2372 1403 2442 τὴν
1438 2372 1709 2438 ἀπόδειξιν
1751 2389 1979 2443 γεγενη-

403 2456 576 2527 μένην
595 2495 610 2520 ,
639 2453 751 2512 οἷον
780 2460 861 2512 ὅτι
883 2461 1292 2529 τεσσαράκοντα
1315 2461 1525 2532 ἡμέρας
1552 2458 1620 2533 ἦν
1670 2462 1764 2515 ἐπὶ
1799 2462 1902 2531 γῆς
1948 2463 1979 2515 6

404 2544 638 2616 Χριστὸς
662 2584 677 2610 ,
705 2545 800 2600 καὶ
850 2547 973 2600 οὐδὲ
1021 2547 1501 2621 ἐθαυματούργουν
1555 2551 1606 2605 οῖ
1653 2551 1975 2617 ἀπόστολοι;

407 2636 536 2700 Πῶς
565 2636 673 2709 7&9
720 2636 944 2707 ἔμελλον
975 2638 1410 2710 θαυματουργεῖν
1447 2643 1550 2715 τήν
1572 2642 1667 2696 τοῦ
1696 2643 1854 2712 ἀγίου
1884 2644 1979 2699 καὶ

404 2727 670 2794 ζωοτωιοῧ
703 2729 1016 2800 Πνεῦματος
1046 2731 1205 2803 χάριν
1232 2731 1442 2786 οὐδέπω
1466 2732 1715 2802 ἐχοντες;

475 2819 657 2872 Εῑδετε
679 2858 694 2881 ,
731 2819 816 2873 ὅτι
845 2819 982 2889 μετά
1007 2821 1108 2883 τὰς
1133 2819 1542 2891 τεσσαράκοντα
1579 2820 1793 2892 ἡμέρας
1823 2833 1849 2863 ι
1888 2821 1980 2874 ἀν-

400 2905 612 2977 ελήφθη
641 2908 721 2970 είς
747 2906 839 2960 τὸν
867 2907 1094 2978 οὐρανὸν
1120 2909 1148 2960 6
1181 2906 1425 2979 Ἰησοῦςς
1472 2900 1640 2963 είδετε
1668 2908 1828 2964 πάλιν
1850 2950 1866 2975 ,
1897 2911 1980 2964 ὅτι

407 2995 548 3066 μετά
565 2996 665 3060 τὰς
690 2996 821 3050 δέκα
847 2997 1058 3068 ἡμέρας
1083 2996 1559 3069 ἐθαυματούργουν
1581 3000 1630 3052 οἱ
1661 2999 1977 3067 ἀπόστολοις

416 3086 509 3139 ‘Ev
532 3086 640 3158 7&9
673 3088 751 3158 τῷ
780 3088 1227 3161 συμπληροῦσθαι
1271 3089 1369 3162 τὴν
1402 3090 1614 3161 ἡμέραν
1649 3092 1747 3162 τῆς
1780 3092 1984 3162 Πεντη-

406 3176 605 3247 κοστῆς
642 3178 999 3248 κατεπέμφθη
1038 3178 1100 3231 τὸ
1135 3177 1360 3249 Πνεῦμα
1399 3180 1461 3233 τὺ
1486 3181 1659 3249 ἅγιον.
1690 3181 1860 3234 Τοῦτο
1888 3178 1980 3235 οὖν

318 3276 325 3283 ’
405 3266 525 3325 ἐστι
555 3267 740 3324 λοιπὸν
771 3269 831 3323 τὸ
861 3268 1211 3339 ζητούμενον,
1244 3269 1390 3334 τίνος
1424 3270 1610 3324 ἕνεκεν
1652 3272 1708 3327 αἱ
1748 3271 1984 3342 Πράξεις

403 3355 515 3411 τῶν
563 3357 875 3412 ἀποστόλων
905 3360 962 3412 ἐν
994 3363 1060 3430 τῇ
1110 3361 1454 3431 Πεντηκοστῇ
1501 3360 1979 3430 ἀναγινώσκονται.

409 3446 473 3499 Εἰ
497 3446 603 3519 7&9
632 3449 752 3502 τότε
779 3448 1011 3519 ἤρξαντο
1040 3453 1210 3504 ποιεῖν
1252 3451 1322 3504 τά
1350 3456 1551 3522 σημεῖα
1599 3455 1648 3505 οί
1676 3453 1980 3516 ἀπόστολοι,

409 3537 577 3606 ῆγουν
623 3537 761 3608 μετά
801 3538 898 3606 τὴν
933 3539 1136 3609 Κυρίου
1169 3541 1484 3606 ἀνάστασιν,
1512 3542 1632 3594 τότε
1662 3541 1768 3594 ἔδει
1798 3543 1892 3595 καὶ
1922 3542 1985 3595 τὺ

414 3628 615 3697 βιδλίον
644 3627 1109 3697 ἀναγινώσκεσθαι
1155 3630 1333 3687 τοῦτο.
1360 3632 1572 3704 Ὠσπερ
1617 3632 1727 3704 γὰρ
1755 3632 1825 3687 τὰ
1856 3634 1985 3706 περὶ

409 3717 506 3777 τοῦ
556 3719 791 3793 σταυροῦ
821 3720 880 3773 ἐν
909 3723 974 3790 τῇ
1018 3720 1203 3793 ἡμέρᾳ
1235 3722 1471 3793 σταυροῦ
1519 3723 1982 3795 ἀναγινώσκομεν,

412 3808 505 3860 παλ⁸
529 3807 599 3862 τὰ
638 3810 697 3861 ἐν
720 3810 784 3879 τῇ
827 3808 1119 3862 ἀναστάσει
1164 3809 1396 3880 ὁμοίως,
1445 3812 1638 3869 καὶτὰ
1681 3814 1739 3866 ἐν
1779 3814 1986 3888 ἑκάστῃ

410 3898 574 3969 ἐορτῇ
609 3899 869 3968 γεγονότα
905 3902 971 3971 τῇ
1005 3900 1142 3970 αὐτῇ
1172 3900 1335 3953 πάλιν
1373 3903 1817 3974 ἀναγινώσκομεν
1840 3945 1855 3970 ,
1894 3902 1987 3957 οῦ-

410 4005 523 4052 τως
549 3990 654 4044 εδει
682 3992 774 4045 καὶ
804 3990 873 4045 τά
894 3989 1145 4062 θαύματα
1174 3990 1245 4045 τὰ
1275 3991 1607 4047 ἀποστολικά
1631 3995 1688 4047 ἐν
1716 3996 1836 4058 ταῖς
1856 3995 1988 4068 ἡμέο

413 4099 538 4155 ραις
572 4078 680 4136 τῶν
706 4083 1346 4159 ἀποσωλικῶνοημείων
1373 4084 1859 4152 ἀναγινώσκεσθαι.

486 4179 560 4238 ς’.
586 4173 743 4236 Τίνος
770 4168 864 4225 οῦν
889 4173 1074 4226 ἕνεκεν
1098 4173 1159 4224 ού
1194 4172 1313 4225 τότε
1345 4173 1486 4227 αύτά
1521 4174 1983 4247 ἀναγινώσκομεν,

410 4261 531 4315 ἀλλ’
558 4261 761 4325 εὐθέως
796 4262 934 4332 μετὰ
981 4261 1073 4315 τὸν
1123 4262 1351 4332 σταυρὸν
1394 4264 1488 4316 καὶ
1526 4264 1625 4332 τὴν
1668 4265 1982 4330 ἀνάστασιν,

413 4349 684 4404 ἀκούσατε
732 4350 870 4422 μετά
901 4350 1186 4424 ἀκριϐείας
1232 4350 1328 4423 τὴν
1359 4351 1535 4411 αἰτίαν
1562 4351 1799 4410 ἅπασαν.
1833 4354 1988 4408 Μετὰ

411 4440 508 4493 τὸν
537 4442 767 4514 σταυρὸν
806 4442 1008 4506 εὐθέως
1057 4441 1353 4501 ἀνάστασιν
1398 4444 1839 4515 καταγγέλλομεν
1890 4444 1985 4499 τοῦ

396 4530 652 4600 ,Χριστοῦ
673 4570 688 4593 ,
721 4531 821 4603 τῆς
849 4531 907 4586 δὲ
960 4532 1306 4596 ἀναστάσεως
1331 4531 1601 4598 ἀπόδειξίς
1627 4533 1743 4585 ἐστι
1788 4531 1859 4586 τὰ
1890 4550 1988 4605 ση-

416 4624 546 4690 μεῖα
570 4621 639 4674 τά
667 4622 1025 4685 ἀποπολικά,
1072 4622 1181 4676 τῶν
1228 4623 1286 4676 δὲ
1328 4624 1570 4693 σημείων
1617 4623 1988 4679 ἀποστολικῶν

412 4707 781 4763 διδασκαλεῖόν
813 4712 925 4764 ἐστι
978 4711 1136 4764 τοῦτο
1179 4711 1240 4764 τὸ
1297 4711 1515 4781 βιϐλίον.
1552 4714 1618 4765 Ὃ
1656 4714 1836 4767 τοίνυν
1885 4715 1988 4784 μάο

416 4796 575 4852 λιστα
601 4799 881 4853 πιστοῦται
906 4800 1004 4870 τὴν
1030 4802 1321 4855 ἀνάστασιν
1338 4802 1436 4874 τὴν
1454 4806 1808 4878 Δεσποτικὴν,
1830 4806 1987 4859 τοῦτο

422 4890 563 4961 μετά
577 4891 669 4943 τὸν
691 4891 920 4962 σταυρὸν
946 4892 1038 4945 καὶ
1055 4894 1153 4965 τὴν
1172 4892 1453 4966 ξωηφόρον
1473 4896 1763 4949 ἀνάστασιν
1785 4896 1985 4959 εὐθέως

416 4983 469 5034 οί
500 4982 740 5052 Πατέρες
777 4982 1174 5054 ἐνομοθέτησαν
1218 4984 1703 5053 ἀναγινιῖισκεσθαι.
1742 4988 1839 5040 Διά
1869 4986 1983 5059 [90]

416 5070 574 5124 τοῦτο
598 5072 779 5124 τοίνυν
800 5112 815 5135 ,
853 5073 1145 5144 ἀγαπητοὶ,
1182 5078 1320 5145 μετά
1354 5078 1448 5130 τὸν
1482 5079 1713 5149 σταυρὸν
1765 5080 1859 5132 καὶ
1887 5077 1985 5148 τὴν

414 5162 710 5215 ἀνάστασιν
729 5161 928 5226 εὐθέως
948 5163 1388 5235 ἀναγινώσκομεν
1410 5168 1478 5221 τὰ
1502 5172 1701 5239 σημεῖα
1725 5169 1831 5222 τῶν
1858 5171 1988 5224 ἀπο·

419 5251 647 5316 στόλων,
682 5251 770 5306 ῖνα
795 5252 1006 5325 ἔχωμεν
1057 5255 1198 5325 σαφῆ
1234 5256 1327 5309 καὶ
1371 5258 1851 5331 ἀναμφισϐήτητον
1885 5261 1985 5332 τῆς

419 5340 767 5407 ἀναστάσεως
798 5343 895 5412 τὴν
943 5342 1233 5408 ἀπόδειξιν.
1284 5348 1397 5401 Ούκ
1445 5344 1588 5411 εἶδες
1643 5349 1804 5403 αὐτὸν
1853 5351 1985 5406 ἀνα-

418 5431 619 5487 στάντα
646 5435 758 5497 τοῖς
804 5433 1099 5505 ὀφθαλμοῖς
1130 5436 1224 5489 τοῦ
1274 5435 1551 5508 σώματος,
1585 5439 1722 5501 ἀλλά
1768 5440 1985 5511 βλέπεις

473 5620 499 5650 ⁸
525 5619 606 5670 Sic
626 5621 783 5679 Colb..
810 5624 981 5678 Morel.
1008 5638 1125 5678 vero
1152 5626 1277 5677 male
1297 5628 1380 5686 τὰς
1402 5630 1516 5680 δέκα
1536 5632 1732 5692 ἡμέρας.
1846 5665 1879 5687 εκ

1054 294 1112 350 S.
1150 289 1436 349 JOANNIS
1477 285 1973 346 CIIRYSOSTOMI
2014 284 2336 341 ARCIIIEP.
2383 277 2932 340 CONSTANTINOP.

3534 285 3638 339 106

2074 393 2234 446 αὐτὸν
2265 392 2569 446 ἀναστάντα
2601 394 2713 455 τοῖς
2761 390 3060 461 ὀφθαλμοῖς
3100 389 3200 459 τῆς
3249 389 3516 454 πίστεωςο
3543 393 3647 446 ούκ

2073 472 2211 539 εἶδες
2261 475 2422 530 αὐτὸν
2470 475 2558 528 διὰ
2600 475 2711 527 τῶν
2756 476 3016 544 ὀμμάτων
3070 474 3276 530 τούτων
3316 474 3649 540 ἀναστάντα,

2072 558 2187 612 ἀλλ’
2209 557 2330 627 ὄψει
2362 557 2524 611 αὐτὸν
2559 556 2864 612 ἀναστάντα
2897 555 2983 610 διά
3025 556 3134 610 τῶν
3171 556 3467 626 θαυμάτων
3505 558 3649 611 ἐκεί-

2071 658 2199 695 νων.
2243 641 2308 695 Ἦ
2350 639 2461 709 γὰρ
2491 639 2599 693 τῶν
2634 639 2876 709 σημείων
2915 637 3171 702 ἐπίδειξις
3203 640 3536 709 χειραγωγεῖ
3588 656 3649 692 σε

2073 723 2211 794 πρὸς
2236 722 2335 792 τὴν
2385 725 2484 792 τῆς
2530 721 2766 784 πίστεως
2797 719 3053 790 θεωρίαν.
3088 720 3251 775 Ὅθεν
3288 721 3382 774 τοῦ
3413 722 3649 793 φανῆναι

2069 806 2233 861 αὑτὸν
2261 804 2569 860 ἀναστάντα
2597 802 2777 874 πολλῷ
2799 803 2998 874 μείζων
3026 797 3094 874 ἦν
3121 803 3394 868 ἀπόδειξις
3418 805 3512 858 καὶ
3550 822 3646 859 σα-
3709 800 3721 818 ⁸

2073 897 2311 968 φεστέρα
2340 896 2402 951 τὸ
2457 898 2659 968 σημεῖα
2707 894 2954 963 γίνεσθαι
2985 897 3042 948 ὲν
3074 894 3154 964 τῷ
3199 894 3423 964 ὀνόματι
3456 894 3645 949 αὑτοῦ.

2074 977 2260 1032 Βούλει
2309 978 2498 1049 μαθεῖν
2523 1018 2539 1043 ,
2585 977 2704 1040 πῶς
2757 977 2916 1030 τοῦτο
2969 975 3168 1046 μᾶλλον
3218 976 3502 1029 πιστοῦται
3549 975 3650 1046 τὴν

2072 1059 2389 1123 ἀνάστασιν,
2423 1060 2457 1130 ἢ
2496 1062 2545 1114 εί
2570 1059 2742 1129 ἐφάνη
2772 1060 2939 1113 πᾶσιν
2971 1057 3278 1129 ἀνθρώποις
3305 1059 3425 1111 κατ’
3456 1055 3652 1125 ὀφθαλ-

2076 1141 2248 1212 μούς;
2301 1141 2597 1197 Ἀκούσατε
2645 1139 2941 1211 νουνεχῶς·
2989 1140 3085 1193 καὶ
3112 1138 3222 1209 7&9
3260 1138 3445 1192 πολλοὶ
3489 1138 3652 1192 τοῦτο

2073 1226 2342 1297 ἐρωτῶσι,
2370 1227 2464 1280 καὶ
2490 1225 2740 1293 λέγουσι·
2762 1222 2918 1287 Τίνος
2949 1222 3136 1276 ἕνεκεν
3168 1222 3409 1285 ἀναστὰς
3437 1221 3538 1275 οὐκ
3567 1222 3652 1275 εύ-

2075 1308 2212 1372 θέως
2244 1308 2416 1378 ἐφάνη
2445 1311 2556 1370 τοῖς
2595 1306 2908 1370 Ἰουδαίοις;
2957 1305 3094 1358 ἀλλά
3139 1304 3393 1374 περιττὸς
3425 1304 3456 1355 6
3494 1303 3651 1372 λόγος

2072 1384 2224 1454 οὗτος
2254 1391 2349 1446 καὶ
2395 1391 2639 1459 μάταιος.
2675 1389 2738 1441 Εἰ
2756 1389 2867 1458 γὰρ
2911 1386 3102 1458 ἔμελλε
3152 1386 3289 1458 πρὸς
3325 1385 3425 1457 τὴν
3468 1387 3649 1440 πίστιν

2073 1472 2273 1536 αὐτοὺς
2300 1471 2728 1534 ἐπισπάσασθαι,
2762 1472 2862 1524 οὐκ
2887 1468 2954 1523 ἀν
2984 1470 3340 1542 παρῃτήσατο
3385 1470 3524 1538 μετά
3551 1469 3651 1531 τὴν

2075 1556 2371 1611 ἀνάστασιν
2400 1554 2637 1625 φανῆναι
2675 1556 2877 1609 πᾶσιν·
2900 1554 2992 1607 -ὂτι
3037 1552 3094 1606 δὲ
3144 1553 3243 1606 οὐκ
3280 1552 3504 1622 ἔμελλεν
3552 1553 3651 1608 αύ-

2071 1637 2198 1701 τοὺς
2229 1636 2638 1691 ἐπισπάσασθαι
2671 1636 2863 1704 φανεὶς
2889 1637 3070 1699 αὐτοῖς
3122 1633 3261 1705 μετά
3283 1635 3382 1704 τὴν
3417 1634 3653 1689 ἀνάστα-

2074 1737 2181 1783 σιν,
2214 1719 2454 1773 δείκνυσι
2480 1719 2568 1773 διά
2607 1717 2702 1772 τοῦ
2729 1718 3004 1790 Λαζάρου.
3034 1717 3235 1771 Τοῦτον
3285 1717 3394 1787 γὰρ
3417 1719 3651 1787 τετραήο

2076 1818 2241 1873 μερον
2264 1801 2456 1872 νεκρὸν
2500 1801 2812 1871 ἀναστήσας
2837 1840 2853 1865 ,
2881 1800 3112 1854 ὀδωδότα
3130 1841 3145 1865 ,
3174 1799 3493 1870 διεφθορότα
3511 1839 3527 1861 ,
3558 1800 3653 1854 καὶ

2076 1882 2217 1951 μετά
2245 1883 2356 1937 τῶν
2391 1883 2614 1955 κειριῶν
2642 1882 2923 1953 δεδεμένον
2964 1883 3196 1952 ποιήσας
3229 1880 3391 1934 αὑτὸν
3416 1880 3652 1947 ἐξελθεῖν

2074 1965 2181 2019 ὑπὸ
2209 1965 2308 2029 τάς
2351 1965 2606 2019 ἀπάντων
2639 1963 2791 2033 ὄψεις
2815 2005 2832 2029 ,
2861 1964 2924 2017 ού
2962 1963 3122 2033 μόνον
3161 1963 3262 2017 ούκ
3303 1963 3654 2017 ἐπεσπάσατο

2076 2047 2213 2118 πρὸς
2237 2047 2338 2117 τὴν
2382 2048 2565 2101 πίστιν
2596 2047 2829 2111 αὐτοὺς,
2856 2045 2993 2100 ἀλλά
3040 2046 3134 2099 καὶ
3177 2045 3522 2116 παρώξυνεν
3568 2045 3655 2098 ἐλ-

2078 2129 2259 2192 θόντες
2287 2129 2396 2200 γάρ
2411 2129 2790 2200 ήὸουλήθησαν
2819 2128 2915 2181 καὶ
2942 2126 3104 2181 αὑτὸν
3126 2126 3334 2179 ἀνελεῖν
3352 2125 3441 2180 διὰ
3472 2125 3651 2182 τοῦτο.

2076 2212 2139 2264 El
2167 2208 2259 2265 οὖν
2289 2212 2476 2282 ἕτερον
2518 2211 2781 2282 ἀνέστησε
2813 2211 2908 2264 καλ⁷
2940 2210 3040 2263 ούκ
3065 2209 3394 2262 ἐπίστευσαν
3416 2248 3432 2272 ,
3461 2207 3654 2262 ἐαυτὸν

2076 2293 2389 2364 ἀγαπήσας
2414 2295 2462 2346 εἰ
2491 2293 2691 2358 ἔδειξεν
2715 2292 2931 2355 ἑαυτὸν,
2958 2292 3059 2346 ούκ
3082 2289 3150 2345 ἂν
3181 2289 3342 2345 πάλιν
3366 2290 3653 2361 ἐμάνησαν

2077 2377 2199 2430 κατ’
2230 2374 2431 2440 αύτοῦ;
2462 2377 2525 2433 El
2558 2377 2654 2431 καὶ
2684 2375 2850 2452 μηδὲν
2869 2372 3095 2444 ἔμελλον
3120 2372 3325 2439 ἀνύειν,
3362 2370 3476 2427 ἀλλ’
3503 2373 3654 2444 ὅμως

2075 2457 2164 2512 διά
2190 2459 2291 2529 τῆς
2305 2459 2702 2529 ἐπιχειρήσεως
2730 2456 2953 2527 ἔμελλον
2983 2457 3221 2510 ἀσεϐεῖν.

2151 2549 2314 2602 ’Ὥστε
2345 2547 2665 2620 βουλόμενος
2707 2548 2904 2611 αὐτοὺς
2958 2545 3266 2611 ἀπαλλάξαι
3321 2546 3519 2618 μανίας
3563 2564 3655 2602 που

2080 2637 2301 2707 ριττῆς,
2352 2636 2589 2707 ἔκρυψεν
2638 2636 2861 2690 ἐαυτόν·
2914 2635 3115 2706 μᾶλλον
3146 2636 3256 2709 γὰρ
3288 2637 3356 2692 ἃν
3399 2638 3654 2708 ἐποίησεύ

2077 2725 2408 2788 ὑπευθύνους
2432 2724 2673 2787 κολάσει,
2712 2726 2761 2777 εί
2788 2725 2926 2795 μεεά
2947 2726 3040 2779 τὸν
3075 2726 3308 2798 σταυρὸν
3336 2727 3530 2798 ἐφάνη.
3555 2724 3656 2782 Διά

2076 2816 2235 2870 τοῦτο
2280 2816 2591 2887 φειδόμενος
2617 2815 2798 2870 αὐτῶν
2827 2816 3031 2889 ἔκρυψε
3086 2817 3185 2889 μὲν
3209 2819 3397 2872 ἑαυτὸν
3447 2820 3511 2872 ἐκ
3551 2818 3654 2890 τῆς

2078 2907 2303 2960 ἐκείνων
2328 2907 2508 2976 ὅψεως
2532 2923 2546 2938 ’
2579 2906 2745 2973 ἔδειξε
2777 2906 2833 2960 δὲ
2863 2907 2951 2961 διά
2981 2907 3079 2979 τῆς
3100 2908 3211 2961 τῶν
3239 2908 3477 2979 σημείων
3516 2910 3653 2963 ἀπο-

2079 2997 2314 3064 δείξεως.
2349 2997 2455 3051 Τοῦ
2485 2996 2594 3070 γάρ
2629 2998 2758 3051 ίδεῖν
2781 2997 2943 3052 αὑτὸν
2964 2999 3274 3054 ἀναστάντα
3313 3000 3413 3053 οὐκ
3438 2998 3657 3053 ἔλαττον

2078 3084 2147 3158 ἦν
2170 3087 2401 3141 ἀκοῦσαι
2422 3087 2627 3158 Πέτρου
2648 3086 2900 3155 λέγοντος
2915 3104 2926 3116 ·
2968 3089 3071 3142 Ἐν
3098 3087 3177 3153 τῷ
3206 3090 3449 3158 ὀνόματι
3464 3089 3656 3157 Ἰησοῦ

2082 3178 2337 3248 Χριστοῦ
2371 3180 2589 3248 ἔγειραι
2617 3177 2718 3232 καὶ
2755 3177 3080 3247 περιπάτει.
3113 3180 3223 3234 Καὶ
3249 3182 3331 3234 ἂτι
3354 3180 3511 3234 τοῦτο
3536 3182 3659 3236 ἀναρ

2085 3269 2329 3331 στάσεως
2370 3268 2600 3338 μεγίστη
2647 3267 2919 3332 ἀπόδειξις
2941 3307 2957 3333 ,
2988 3267 3082 3323 καὶ
3116 3267 3480 3340 εὐκολώτερον
3521 3267 3656 3341 πρὸς

2084 3362 2266 3414 πίστιν
2297 3360 2332 3430 ἢ
2387 3362 2565 3414 ἐκεῖνο
2595 3359 2656 3412 τὸ
2699 3358 2999 3430 πρότερον,
3062 3359 3158 3413 καὶ
3196 3360 3397 3430 μᾶλλον
3428 3361 3658 3429 ἠδύνατο

2083 3455 2270 3505 πεῖσαι
2303 3450 2402 3512 τάς
2431 3451 2665 3513 διανοίας
2692 3450 2801 3504 τῶν
2851 3451 3157 3523 ἀνθρώπων
3190 3452 3251 3504 τὸ
3280 3454 3479 3521 σημεῖα
3527 3451 3656 3521 φαί-

2084 3540 2270 3594 νεσθαι
2297 3542 2356 3593 ἐν
2380 3539 2458 3610 τῷ
2486 3540 2711 3611 ὀνόματι
2738 3540 2906 3599 αὑτοῦ
2935 3542 3216 3613 γινόμενα,
3249 3541 3283 3612 ἦ
3312 3540 3375 3594 τὸ
3403 3541 3529 3594 [δεῖν
3554 3542 3654 3596 αύ-

2082 3632 2175 3685 τὸν
2223 3631 2529 3685 ἀναστάντα
2552 3669 2568 3694 ,
2616 3630 2775 3700 δῆλον
2821 3632 3051 3686 ἐκεῖθεν.
3087 3632 3308 3701 Ἀνέστη
3338 3632 3432 3686 καὶ
3458 3630 3658 3698 ἔδειξεν

2085 3723 2273 3778 ἐαυτὸν
2304 3724 2416 3785 τοῖς
2449 3722 2717 3794 μαθηταῖς
2752 3723 2781 3774 6
2817 3723 3048 3794 Χριστός
3069 3739 3084 3754 θ
3118 3721 3231 3775 ἀλλ’
3263 3722 3412 3792 ὅμως
3459 3721 3655 3794 εὑρέθη

2084 3832 2168 3878 τις
2200 3813 2444 3867 ἀπιστῶν
2477 3812 2571 3866 καὶ
2623 3815 2681 3866 ἐν
2705 3814 2933 3877 ἐκείνοις
2958 3814 3159 3881 Θωμᾶς
3186 3815 3215 3866 6
3245 3813 3537 3883 λεγόμενος
3565 3812 3657 3866 Δί-

2084 3902 2143 3956 δυ
2152 3918 2277 3974 μος,
2302 3904 2395 3956 καὶ
2419 3901 2611 3975 ἐδεήθη
2636 3901 2729 3955 τοῦ
2748 3903 2845 3966 τὰς
2868 3904 3055 3974 χεῖρας
3078 3903 3406 3968 εἰσενεγκεῖν
3427 3901 3509 3962 είς
3530 3901 3675 3973 τοὺς¹

2084 3993 2289 4057 τύπους
2318 3993 2427 4047 τῶν
2454 3992 2600 4063 ἥλων
2619 4009 2633 4023 ⁸
2666 3992 2859 4063 ἐδεήθη
2885 3993 2942 4045 δὲ
2975 3992 3068 4045 καὶ
3095 3992 3193 4063 τὴν
3222 3990 3462 4063 πλευρὰν
3491 3991 3654 4044 αὐτοῦ

2087 4083 2443 4155 καταμαθεῖν.
2476 4083 2538 4143 El
2586 4082 2643 4137 δὲ
2679 4083 2708 4135 6
2761 4082 3006 4153 μαθητὴς
3040 4085 3244 4139 ἐκεῖνος
3288 4085 3317 4136 6
3351 4086 3499 4153 τρεῖς
3531 4082 3657 4153 χρό-

2086 4192 2209 4238 νους
2240 4173 2524 4244 διατρίψας
2571 4173 2690 4243 μετ’
2726 4172 2890 4225 αὐτοῦ
2910 4212 2926 4240 ,
2952 4174 2981 4225 6
3011 4173 3287 4243 τραπέζης
3322 4173 3656 4239 Δεσποτικῆς

2086 4263 2451 4332 κοινωνήσας,
2506 4261 2535 4313 6
2576 4263 2776 4330 σημεῖα
2805 4260 2898 4312 καὶ
2935 4263 3138 4330 τέρατα
3187 4260 3517 4329 θεασάμενος
3561 4257 3657 4328 μέ-

2086 4368 2248 4419 γιστα
2271 4389 2286 4411 .
2316 4352 2345 4403 6
2378 4350 2641 4420 ῥημάτων
2671 4350 3016 4403 Δεσποτικῶν
3062 4348 3346 4420 μετασχὼν
3367 4387 3383 4414 ,
3413 4348 3508 4403 καὶ
3534 4346 3657 4403 ἰδὼν

2086 4442 2247 4498 αὑτὸν
2279 4440 2587 4497 ἀναστάντα
2609 4477 2625 4501 ,
2652 4440 2714 4493 ού
2743 4439 3005 4511 πρότερον
3033 4440 3384 4504 ἐπίστευσεν,
3430 4438 3536 4502 ἕως
3567 4439 3656 4492 ὅτε

2085 4533 2213 4596 τοὺς
2237 4531 2437 4594 τύπους
2461 4531 2568 4584 τῶν
2592 4530 2738 4602 ῆλων
2766 4530 2860 4584 καὶ
2886 4531 2985 4601 τῆς
3015 4530 3215 4601 λόγχης
3264 4529 3334 4583 τά
3368 4531 3656 4600 τραύματα

2089 4619 2196 4676 εἶδε
2220 4637 2234 4651 ⁸
2265 4623 2383 4685 πῶς
2414 4624 2447 4692 ἡ
2469 4621 2761 4692 οἰκουμένη
2794 4620 3071 4674 πιστεύειν
3093 4621 3352 4691 ἔμελλεν,
3390 4620 3508 4673 είπέ
3543 4632 3652 4691 μοι,

2089 4713 2139 4765 εί
2165 4707 2304 4765 εἶδεν
2331 4712 2492 4766 αύτδν
2527 4709 2643 4783 [91]
2669 4711 2976 4764 ἀναστάντα
3000 4727 3014 4776 ;
3042 4711 3152 4764 Καὶ
3170 4711 3255 4785 τίς
3289 4710 3355 4764 ἂν
3379 4709 3549 4762 ταῦτα
3573 4708 3655 4760 εῖ-

2089 4820 2214 4870 ποι;
2243 4804 2357 4856 Οὐκ
2401 4801 2651 4855 ἐντεῦθεν
2679 4800 2736 4853 δὲ
2769 4799 2946 4870 μόνον,
2984 4800 3121 4854 ἀλλά
3148 4803 3241 4855 καὶ
3262 4799 3525 4871 ἑτέρωθεν
3550 4798 3653 4850 δεί-

2089 4888 2248 4959 ξομεν
2270 4928 2285 4952 ,
2326 4889 2409 4941 ὃτι
2448 4886 2649 4958 μᾶλλον
2686 4887 2869 4940 ἔπειθε
2896 4887 2965 4940 τά
3007 4891 3207 4959 σημεῖα
3235 4887 3328 4941 τοῦ
3360 4885 3657 4942 θεάσασθαι

2087 4982 2204 5033 κατ’
2230 4979 2349 5049 ὕψιν
2395 4978 2721 5032 ἀναστάντα.
2769 4977 3121 5042 Ἀκούσαντες
3163 4979 3269 5048 γὰρ
3296 4979 3342 5029 οί
3388 4977 3533 5047 ὄχλοι
3559 4976 3655 5031 τοῦ

2085 5071 2292 5141 Πέτρου
2342 5069 2422 5141 τῷ
2473 5071 2630 5142 χωλῷ
2682 5072 2953 5140 λέγοντος,
3029 5072 3125 5124 Ἐν
3157 5066 3420 5138 ’ὀνόματι
3460 5068 3654 5138 Ἰησοῦ

2084 5162 2340 5230 Χριστοῦ
2370 5164 2586 5233 ἐγειραι
2610 5163 2708 5217 καὶ
2738 5163 3062 5232 περιπάτει,
3093 5161 3377 5233 τρισχίλιοι
3408 5160 3656 5214 ἐπίστευ-

2087 5270 2186 5307 σαν
2219 5255 2313 5307 καὶ
2347 5255 2765 5326 πεντακισχίλιοι
2791 5254 2871 5324 τῷ
2893 5254 3113 5326 Χριστῷ
3138 5254 3364 5325 ἄνδρες·
3392 5254 3422 5307 6
3457 5252 3515 5305 δὲ
3548 5268 3646 5321 μα-

2083 5344 2251 5415 θητὴς
2283 5345 2405 5403 ίόὼν
2430 5346 2737 5400 ἀναστάντα
2773 5345 3096 5416 ἠπίστησεν.
3144 5345 3308 5415 Ὁρᾷς
3338 5344 3457 5406 πῶς
3497 5340 3656 5396 τοῦτο

2082 5433 2445 5505 εὐκολώτερον
2499 5435 2698 5505 μᾶλλον
2731 5436 2865 5507 πρὸς
2894 5436 2993 5507 τὴν
3043 5434 3146 5504 τῆς
3192 5432 3540 5496 ἀναστάσεως
3566 5430 3656 5485 πί-

2084 5541 2234 5589 στιν;
2279 5525 2480 5578 Ἐκεῖνο
2512 5526 2610 5596 μὲν
2646 5528 2756 5599 γὰρ
2784 5527 2878 5581 καὶ
2925 5528 2955 5580 6
3009 5528 3206 5591 οίκεῖος
3254 5523 3502 5598 μαθητὴς
3531 5522 3656 5580 ίδὼν

2081 5617 2375 5687 ήπίστησε·
2405 5616 2575 5672 ταῦτα
2621 5618 2677 5674 δὲ
2725 5618 2817 5674 καὶ
2866 5619 2916 5673 οἱ
2962 5618 3145 5690 ἐχθροὶ
3184 5616 3506 5687 θεασάμενοι
3534 5610 3655 5668 61:!-
