  <div class='ocr_page' id='page_1' title='image "/cluster/home/n/w/nwhite01/storage/ocr_20150623/51/hvd.32044073501900/104.png"; bbox 0 0 4096 6222; ppageno 0'>
   <div class='ocr_carea' id='block_1_1' title="bbox 368 296 470 352">
    <p class='ocr_par' dir='ltr' id='par_1_1' title="bbox 368 296 470 352">
     <span class='ocr_line' id='line_1_1' title="bbox 368 296 470 352; baseline -0.02 0"><span class='ocrx_word' id='word_1_1' title='bbox 368 296 470 352; x_wconf 68' lang='grc' dir='ltr'><strong><em>ιοες</em></strong></span> 
     </span>
    </p>
   </div>
   <div class='ocr_carea' id='block_1_2' title="bbox 361 383 1947 462">
    <p class='ocr_par' dir='ltr' id='par_1_2' title="bbox 361 383 1947 462">
     <span class='ocr_line' id='line_1_2' title="bbox 361 383 1947 462; baseline -0.009 -11"><span class='ocrx_word' id='word_1_2' title='bbox 361 415 448 452; x_wconf 82' lang='lat' dir='ltr'><strong><em>vos</em></strong></span> <span class='ocrx_word' id='word_1_3' title='bbox 467 403 637 449; x_wconf 88' lang='lat' dir='ltr'><strong><em>autem</em></strong></span> <span class='ocrx_word' id='word_1_4' title='bbox 667 390 1040 462; x_wconf 75' lang='lat' dir='ltr'><strong><em>baptizabimini</em></strong></span> <span class='ocrx_word' id='word_1_5' title='bbox 1065 389 1263 458; x_wconf 87' lang='lat' dir='ltr'><strong><em>Spiritu</em></strong></span> <span class='ocrx_word' id='word_1_6' title='bbox 1299 398 1472 442; x_wconf 89' lang='lat' dir='ltr'><strong><em>sancto</em></strong></span> <span class='ocrx_word' id='word_1_7' title='bbox 1497 403 1598 440; x_wconf 88' lang='lat' dir='ltr'><strong><em>non</em></strong></span> <span class='ocrx_word' id='word_1_8' title='bbox 1623 393 1734 449; x_wconf 87' lang='lat' dir='ltr'><strong><em>post</em></strong></span> <span class='ocrx_word' id='word_1_9' title='bbox 1763 383 1947 437; x_wconf 88' lang='lat' dir='ltr'><strong><em>multos</em></strong></span> 
     </span>
    </p>
   </div>
   <div class='ocr_carea' id='block_1_3' title="bbox 359 474 1948 556">
    <p class='ocr_par' dir='ltr' id='par_1_3' title="bbox 359 474 1948 556">
     <span class='ocr_line' id='line_1_3' title="bbox 359 474 1948 556; baseline -0.011 -14"><span class='ocrx_word' id='word_1_10' title='bbox 359 489 452 545; x_wconf 71' lang='lat' dir='ltr'><strong><em>nos</em></strong></span> <span class='ocrx_word' id='word_1_11' title='bbox 480 487 587 542; x_wconf 78' lang='lat' dir='ltr'><strong><em>dies</em></strong></span> <span class='ocrx_word' id='word_1_12' title='bbox 616 484 752 556; x_wconf 77' lang='lat' dir='ltr'><strong><em>(Act.</em></strong></span> <span class='ocrx_word' id='word_1_13' title='bbox 777 484 828 539; x_wconf 80' lang='grc'><strong><em>1.</em></strong></span> <span class='ocrx_word' id='word_1_14' title='bbox 846 483 899 536; x_wconf 76' lang='grc'><strong>4.</strong></span> <span class='ocrx_word' id='word_1_15' title='bbox 924 482 1004 552; x_wconf 86' lang='grc'><strong><em>5).</em></strong></span> <span class='ocrx_word' id='word_1_16' title='bbox 1031 480 1158 536; x_wconf 71' lang='lat' dir='ltr'><strong><em>ilice</em></strong></span> <span class='ocrx_word' id='word_1_17' title='bbox 1185 489 1363 534; x_wconf 90' lang='lat' dir='ltr'><strong><em>autem</em></strong></span> <span class='ocrx_word' id='word_1_18' title='bbox 1397 478 1448 532; x_wconf 91' lang='lat' dir='ltr'><strong><em>in</em></strong></span> <span class='ocrx_word' id='word_1_19' title='bbox 1470 476 1658 532; x_wconf 90' lang='lat' dir='ltr'><strong><em>diebus</em></strong></span> <span class='ocrx_word' id='word_1_20' title='bbox 1684 474 1788 528; x_wconf 85' lang='lat' dir='ltr'><strong>illis</strong></span> <span class='ocrx_word' id='word_1_21' title='bbox 1813 488 1948 542; x_wconf 89' lang='lat' dir='ltr'><strong><em>qua-</em></strong></span> 
     </span>
    </p>
   </div>
   <div class='ocr_carea' id='block_1_4' title="bbox 359 568 1945 646">
    <p class='ocr_par' dir='ltr' id='par_1_4' title="bbox 359 568 1945 646">
     <span class='ocr_line' id='line_1_4' title="bbox 359 568 1945 646; baseline -0.011 -14"><span class='ocrx_word' id='word_1_22' title='bbox 359 577 604 646; x_wconf 83' lang='lat' dir='ltr'><strong><em>draginta</em></strong></span> <span class='ocrx_word' id='word_1_23' title='bbox 623 589 654 628; x_wconf 91' lang='lat' dir='ltr'><strong><em>a</em></strong></span> <span class='ocrx_word' id='word_1_24' title='bbox 671 572 948 629; x_wconf 88' lang='lat' dir='ltr'><strong><em>Salvatore</em></strong></span> <span class='ocrx_word' id='word_1_25' title='bbox 973 579 1100 624; x_wconf 83' lang='lat' dir='ltr'><strong><em>sunt</em></strong></span> <span class='ocrx_word' id='word_1_26' title='bbox 1114 569 1275 624; x_wconf 77' lang='lat' dir='ltr'><strong><em>dicta.</em></strong></span> <span class='ocrx_word' id='word_1_27' title='bbox 1293 568 1460 639; x_wconf 78' lang='lat' dir='ltr'><strong><em>Igitur</em></strong></span> <span class='ocrx_word' id='word_1_28' title='bbox 1474 568 1558 630; x_wconf 83' lang='lat' dir='ltr'><strong><em>qui</em></strong></span> <span class='ocrx_word' id='word_1_29' title='bbox 1584 570 1914 622; x_wconf 69' lang='lat' dir='ltr'><strong><em>conveneram</em></strong></span> <span class='ocrx_word' id='word_1_30' title='bbox 1927 601 1945 629; x_wconf 96' lang='lat'><strong><em>,</em></strong></span> 
     </span>
    </p>
   </div>
   <div class='ocr_carea' id='block_1_5' title="bbox 359 655 1949 737">
    <p class='ocr_par' dir='ltr' id='par_1_5' title="bbox 359 655 1949 737">
     <span class='ocr_line' id='line_1_5' title="bbox 359 655 1949 737; baseline -0.009 -16"><span class='ocrx_word' id='word_1_31' title='bbox 359 665 738 737; x_wconf 74' lang='lat' dir='ltr'><strong><em>interrogabant</em></strong></span> <span class='ocrx_word' id='word_1_32' title='bbox 766 679 880 718; x_wconf 83' lang='lat' dir='ltr'><strong><em>eum</em></strong></span> <span class='ocrx_word' id='word_1_33' title='bbox 908 663 1126 720; x_wconf 79' lang='lat' dir='ltr'><strong><em>dicentes</em></strong></span> <span class='ocrx_word' id='word_1_34' title='bbox 1156 677 1174 714; x_wconf 89' lang='lat'><strong><em>:</em></strong></span> <span class='ocrx_word' id='word_1_35' title='bbox 1201 660 1436 722; x_wconf 85' lang='lat' dir='ltr'><strong><em>Domine,</em></strong></span> <span class='ocrx_word' id='word_1_36' title='bbox 1465 659 1509 712; x_wconf 85' lang='lat' dir='ltr'><strong><em>si</em></strong></span> <span class='ocrx_word' id='word_1_37' title='bbox 1528 658 1580 711; x_wconf 89' lang='lat' dir='ltr'><strong><em>in</em></strong></span> <span class='ocrx_word' id='word_1_38' title='bbox 1607 667 1827 725; x_wconf 85' lang='lat' dir='ltr'><strong><em>tempore</em></strong></span> <span class='ocrx_word' id='word_1_39' title='bbox 1854 655 1949 707; x_wconf 87' lang='lat' dir='ltr'><strong><em>hoc</em></strong></span> 
     </span>
    </p>
   </div>
   <div class='ocr_carea' id='block_1_6' title="bbox 359 745 1945 824">
    <p class='ocr_par' dir='ltr' id='par_1_6' title="bbox 359 745 1945 824">
     <span class='ocr_line' id='line_1_6' title="bbox 359 745 1945 824; baseline -0.008 -16"><span class='ocrx_word' id='word_1_40' title='bbox 359 756 590 810; x_wconf 71' lang='lat' dir='ltr'><strong><em>restitues</em></strong></span> <span class='ocrx_word' id='word_1_41' title='bbox 615 768 825 824; x_wconf 81' lang='lat' dir='ltr'><strong><em>regnum</em></strong></span> <span class='ocrx_word' id='word_1_42' title='bbox 854 749 1022 804; x_wconf 84' lang='lat' dir='ltr'><strong><em>Israel</em></strong></span> <span class='ocrx_word' id='word_1_43' title='bbox 1049 751 1076 803; x_wconf 82' lang='lat'><strong><em>?</em></strong></span> <span class='ocrx_word' id='word_1_44' title='bbox 1100 749 1245 802; x_wconf 68' lang='lat' dir='ltr'><strong><em>Dixit</em></strong></span> <span class='ocrx_word' id='word_1_45' title='bbox 1273 758 1440 802; x_wconf 88' lang='lat' dir='ltr'><strong><em>autem</em></strong></span> <span class='ocrx_word' id='word_1_46' title='bbox 1466 748 1540 801; x_wconf 82' lang='lat' dir='ltr'><strong><em>eis</em></strong></span> <span class='ocrx_word' id='word_1_47' title='bbox 1559 787 1574 810; x_wconf 93' lang='lat'><strong><em>,</em></strong></span> <span class='ocrx_word' id='word_1_48' title='bbox 1613 745 1733 799; x_wconf 87' lang='lat' dir='ltr'><strong><em>Non</em></strong></span> <span class='ocrx_word' id='word_1_49' title='bbox 1761 754 1833 797; x_wconf 89' lang='lat' dir='ltr'><strong><em>est</em></strong></span> <span class='ocrx_word' id='word_1_50' title='bbox 1860 759 1945 797; x_wconf 91' lang='lat' dir='ltr'><strong><em>ve-</em></strong></span> 
     </span>
    </p>
   </div>
   <div class='ocr_carea' id='block_1_7' title="bbox 259 833 1946 919">
    <p class='ocr_par' dir='ltr' id='par_1_7' title="bbox 259 833 1946 919">
     <span class='ocr_line' id='line_1_7' title="bbox 259 833 1946 919; baseline -0.009 -19"><span class='ocrx_word' id='word_1_51' title='bbox 259 911 276 919; x_wconf 37' lang='lat'><strong><em>-</em></strong></span> <span class='ocrx_word' id='word_1_52' title='bbox 357 856 517 900; x_wconf 89' lang='lat' dir='ltr'><strong><em>strum</em></strong></span> <span class='ocrx_word' id='word_1_53' title='bbox 541 860 686 898; x_wconf 83' lang='lat' dir='ltr'><strong><em>nosse</em></strong></span> <span class='ocrx_word' id='word_1_54' title='bbox 707 853 932 912; x_wconf 87' lang='lat' dir='ltr'><strong><em>tempora</em></strong></span> <span class='ocrx_word' id='word_1_55' title='bbox 954 841 1031 893; x_wconf 89' lang='lat' dir='ltr'><strong><em>vel</em></strong></span> <span class='ocrx_word' id='word_1_56' title='bbox 1050 848 1300 892; x_wconf 87' lang='lat' dir='ltr'><strong><em>momenta</em></strong></span> <span class='ocrx_word' id='word_1_57' title='bbox 1319 877 1335 902; x_wconf 95' lang='lat'><strong><em>,</em></strong></span> <span class='ocrx_word' id='word_1_58' title='bbox 1376 853 1488 907; x_wconf 74' lang='lat' dir='ltr'><strong><em>qua:</em></strong></span> <span class='ocrx_word' id='word_1_59' title='bbox 1515 835 1671 890; x_wconf 77' lang='lat' dir='ltr'><strong><em>Pater</em></strong></span> <span class='ocrx_word' id='word_1_60' title='bbox 1702 835 1866 902; x_wconf 77' lang='lat' dir='ltr'><strong><em>posuit</em></strong></span> <span class='ocrx_word' id='word_1_61' title='bbox 1892 833 1946 885; x_wconf 90' lang='lat' dir='ltr'><strong><em>in</em></strong></span> 
     </span>
    </p>
   </div>
   <div class='ocr_carea' id='block_1_8' title="bbox 358 922 1946 1003">
    <p class='ocr_par' dir='ltr' id='par_1_8' title="bbox 358 922 1946 1003">
     <span class='ocr_line' id='line_1_8' title="bbox 358 922 1946 1003; baseline -0.008 -16"><span class='ocrx_word' id='word_1_62' title='bbox 358 950 453 987; x_wconf 87' lang='lat' dir='ltr'><strong><em>sua</em></strong></span> <span class='ocrx_word' id='word_1_63' title='bbox 507 940 790 1003; x_wconf 77' lang='lat' dir='ltr'><strong><em>potestate;</em></strong></span> <span class='ocrx_word' id='word_1_64' title='bbox 838 928 926 981; x_wconf 86' lang='lat' dir='ltr'><strong><em>sed</em></strong></span> <span class='ocrx_word' id='word_1_65' title='bbox 978 927 1231 996; x_wconf 72' lang='lat' dir='ltr'><strong><em>accipietis</em></strong></span> <span class='ocrx_word' id='word_1_66' title='bbox 1277 927 1508 978; x_wconf 82' lang='lat' dir='ltr'><strong><em>virtutem</em></strong></span> <span class='ocrx_word' id='word_1_67' title='bbox 1555 922 1946 992; x_wconf 81' lang='lat' dir='ltr'><strong><em>supervenientis</em></strong></span> 
     </span>
    </p>
   </div>
   <div class='ocr_carea' id='block_1_9' title="bbox 359 1011 1940 1092">
    <p class='ocr_par' dir='ltr' id='par_1_9' title="bbox 359 1011 1940 1092">
     <span class='ocr_line' id='line_1_9' title="bbox 359 1011 1940 1092; baseline -0.008 -16"><span class='ocrx_word' id='word_1_68' title='bbox 359 1020 586 1092; x_wconf 80' lang='lat' dir='ltr'><strong><em>Spiritus</em></strong></span> <span class='ocrx_word' id='word_1_69' title='bbox 609 1020 767 1073; x_wconf 85' lang='lat' dir='ltr'><strong><em>sancti</em></strong></span> <span class='ocrx_word' id='word_1_70' title='bbox 797 1019 851 1071; x_wconf 88' lang='lat' dir='ltr'><strong><em>in</em></strong></span> <span class='ocrx_word' id='word_1_71' title='bbox 875 1033 961 1070; x_wconf 88' lang='lat' dir='ltr'><strong><em>vos</em></strong></span> <span class='ocrx_word' id='word_1_72' title='bbox 980 1057 995 1082; x_wconf 92' lang='lat'><strong><em>,</em></strong></span> <span class='ocrx_word' id='word_1_73' title='bbox 1019 1027 1066 1069; x_wconf 87' lang='lat' dir='ltr'><strong><em>et</em></strong></span> <span class='ocrx_word' id='word_1_74' title='bbox 1090 1016 1229 1069; x_wconf 85' lang='lat' dir='ltr'><strong><em>eritis</em></strong></span> <span class='ocrx_word' id='word_1_75' title='bbox 1257 1015 1380 1068; x_wconf 87' lang='lat' dir='ltr'><strong><em>mihi</em></strong></span> <span class='ocrx_word' id='word_1_76' title='bbox 1402 1023 1545 1067; x_wconf 77' lang='lat' dir='ltr'><strong><em>testes</em></strong></span> <span class='ocrx_word' id='word_1_77' title='bbox 1569 1011 1940 1074; x_wconf 85' lang='lat' dir='ltr'><strong><em>iuJerusalem,</em></strong></span> 
     </span>
    </p>
   </div>
   <div class='ocr_carea' id='block_1_10' title="bbox 358 1100 1946 1171">
    <p class='ocr_par' dir='ltr' id='par_1_10' title="bbox 358 1100 1946 1171">
     <span class='ocr_line' id='line_1_10' title="bbox 358 1100 1946 1171; baseline -0.008 -6"><span class='ocrx_word' id='word_1_78' title='bbox 358 1122 406 1166; x_wconf 87' lang='lat' dir='ltr'><strong><em>et</em></strong></span> <span class='ocrx_word' id='word_1_79' title='bbox 448 1113 502 1165; x_wconf 87' lang='lat' dir='ltr'><strong><em>in</em></strong></span> <span class='ocrx_word' id='word_1_80' title='bbox 543 1110 680 1164; x_wconf 89' lang='lat' dir='ltr'><strong><em>omni</em></strong></span> <span class='ocrx_word' id='word_1_81' title='bbox 718 1108 906 1163; x_wconf 68' lang='lat' dir='ltr'><strong><em>Iudaea</em></strong></span> <span class='ocrx_word' id='word_1_82' title='bbox 947 1116 994 1161; x_wconf 86' lang='lat' dir='ltr'><strong><em>et</em></strong></span> <span class='ocrx_word' id='word_1_83' title='bbox 1041 1106 1318 1171; x_wconf 84' lang='lat' dir='ltr'><strong><em>Samaria,</em></strong></span> <span class='ocrx_word' id='word_1_84' title='bbox 1343 1115 1391 1158; x_wconf 86' lang='lat' dir='ltr'><strong><em>et</em></strong></span> <span class='ocrx_word' id='word_1_85' title='bbox 1423 1118 1577 1170; x_wconf 89' lang='lat' dir='ltr'><strong><em>usque</em></strong></span> <span class='ocrx_word' id='word_1_86' title='bbox 1616 1101 1685 1154; x_wconf 83' lang='lat' dir='ltr'><strong><em>ad</em></strong></span> <span class='ocrx_word' id='word_1_87' title='bbox 1715 1100 1946 1154; x_wconf 88' lang='lat' dir='ltr'><strong><em>ultimum</em></strong></span> 
     </span>
    </p>
   </div>
   <div class='ocr_carea' id='block_1_11' title="bbox 358 1189 1945 1258">
    <p class='ocr_par' dir='ltr' id='par_1_11' title="bbox 358 1189 1945 1258">
     <span class='ocr_line' id='line_1_11' title="bbox 358 1189 1945 1258; baseline -0.009 -1"><span class='ocrx_word' id='word_1_88' title='bbox 358 1214 526 1257; x_wconf 66' lang='lat' dir='ltr'><strong><em>terra.</em></strong></span> <span class='ocrx_word' id='word_1_89' title='bbox 559 1200 628 1254; x_wconf 88' lang='lat' dir='ltr'><strong><em>Et</em></strong></span> <span class='ocrx_word' id='word_1_90' title='bbox 653 1215 768 1253; x_wconf 89' lang='lat' dir='ltr'><strong><em>cum</em></strong></span> <span class='ocrx_word' id='word_1_91' title='bbox 807 1198 914 1252; x_wconf 72' lang='lat' dir='ltr'><strong><em>hazc</em></strong></span> <span class='ocrx_word' id='word_1_92' title='bbox 942 1197 1185 1258; x_wconf 68' lang='lat' dir='ltr'><strong><em>dixisset,</em></strong></span> <span class='ocrx_word' id='word_1_93' title='bbox 1229 1192 1509 1248; x_wconf 81' lang='lat' dir='ltr'><strong><em>videntibus</em></strong></span> <span class='ocrx_word' id='word_1_94' title='bbox 1549 1191 1685 1254; x_wconf 87' lang='lat' dir='ltr'><strong><em>illis,</em></strong></span> <span class='ocrx_word' id='word_1_95' title='bbox 1729 1189 1945 1243; x_wconf 84' lang='lat' dir='ltr'><strong><em>elevatus</em></strong></span> 
     </span>
    </p>
   </div>
   <div class='ocr_carea' id='block_1_12' title="bbox 357 1278 1942 1359">
    <p class='ocr_par' dir='ltr' id='par_1_12' title="bbox 357 1278 1942 1359">
     <span class='ocr_line' id='line_1_12' title="bbox 357 1278 1942 1359; baseline -0.011 -12"><span class='ocrx_word' id='word_1_96' title='bbox 357 1304 464 1359; x_wconf 88' lang='lat' dir='ltr'><strong><em>est,</em></strong></span> <span class='ocrx_word' id='word_1_97' title='bbox 492 1301 539 1346; x_wconf 90' lang='lat' dir='ltr'><strong><em>et</em></strong></span> <span class='ocrx_word' id='word_1_98' title='bbox 563 1291 719 1345; x_wconf 84' lang='lat' dir='ltr'><strong><em>nubes</em></strong></span> <span class='ocrx_word' id='word_1_99' title='bbox 746 1288 964 1355; x_wconf 84' lang='lat' dir='ltr'><strong><em>suscepit</em></strong></span> <span class='ocrx_word' id='word_1_100' title='bbox 993 1303 1107 1339; x_wconf 89' lang='lat' dir='ltr'><strong><em>eum</em></strong></span> <span class='ocrx_word' id='word_1_101' title='bbox 1132 1286 1193 1338; x_wconf 86' lang='lat' dir='ltr'><strong><em>ab</em></strong></span> <span class='ocrx_word' id='word_1_102' title='bbox 1210 1285 1368 1338; x_wconf 88' lang='lat' dir='ltr'><strong><em>oculis</em></strong></span> <span class='ocrx_word' id='word_1_103' title='bbox 1389 1299 1563 1336; x_wconf 87' lang='lat' dir='ltr'><strong><em>eorum</em></strong></span> <span class='ocrx_word' id='word_1_104' title='bbox 1595 1280 1701 1349; x_wconf 79' lang='lat' dir='ltr'><strong><em>(Ib.</em></strong></span> <span class='ocrx_word' id='word_1_105' title='bbox 1729 1296 1775 1332; x_wconf 91' lang='lat' dir='ltr'><strong><em>v.</em></strong></span> <span class='ocrx_word' id='word_1_106' title='bbox 1796 1278 1942 1347; x_wconf 84' lang='lat'><strong>6-9).</strong></span> 
     </span>
    </p>
   </div>
   <div class='ocr_carea' id='block_1_13' title="bbox 361 1371 1944 1450">
    <p class='ocr_par' dir='ltr' id='par_1_13' title="bbox 361 1371 1944 1450">
     <span class='ocr_line' id='line_1_13' title="bbox 361 1371 1944 1450; baseline -0.008 -14"><span class='ocrx_word' id='word_1_107' title='bbox 361 1383 559 1445; x_wconf 81' lang='lat' dir='ltr'><strong><em>Vides,</em></strong></span> <span class='ocrx_word' id='word_1_108' title='bbox 616 1397 722 1450; x_wconf 89' lang='lat' dir='ltr'><strong><em>quo</em></strong></span> <span class='ocrx_word' id='word_1_109' title='bbox 777 1388 930 1448; x_wconf 91' lang='lat' dir='ltr'><strong><em>pacto</em></strong></span> <span class='ocrx_word' id='word_1_110' title='bbox 969 1385 1172 1431; x_wconf 88' lang='lat' dir='ltr'><strong><em>etcum</em></strong></span> <span class='ocrx_word' id='word_1_111' title='bbox 1201 1375 1332 1444; x_wconf 86' lang='lat' dir='ltr'><strong><em>ipsis</em></strong></span> <span class='ocrx_word' id='word_1_112' title='bbox 1366 1373 1714 1442; x_wconf 78' lang='lat' dir='ltr'><strong><em>quadraginta</em></strong></span> <span class='ocrx_word' id='word_1_113' title='bbox 1757 1371 1944 1425; x_wconf 89' lang='lat' dir='ltr'><strong><em>diebus</em></strong></span> 
     </span>
    </p>
   </div>
   <div class='ocr_carea' id='block_1_14' title="bbox 359 1461 1948 1530">
    <p class='ocr_par' dir='ltr' id='par_1_14' title="bbox 359 1461 1948 1530">
     <span class='ocr_line' id='line_1_14' title="bbox 359 1461 1948 1530; baseline -0.007 -6"><span class='ocrx_word' id='word_1_114' title='bbox 359 1480 606 1527; x_wconf 86' lang='lat' dir='ltr'><strong><em>versatus</em></strong></span> <span class='ocrx_word' id='word_1_115' title='bbox 649 1469 812 1524; x_wconf 88' lang='lat' dir='ltr'><strong><em>fuerit</em></strong></span> <span class='ocrx_word' id='word_1_116' title='bbox 853 1467 1101 1522; x_wconf 78' lang='lat' dir='ltr'><strong><em>Christus</em></strong></span> <span class='ocrx_word' id='word_1_117' title='bbox 1149 1465 1200 1518; x_wconf 93' lang='lat' dir='ltr'><strong><em>in</em></strong></span> <span class='ocrx_word' id='word_1_118' title='bbox 1250 1463 1438 1527; x_wconf 88' lang='lat' dir='ltr'><strong><em>terris,</em></strong></span> <span class='ocrx_word' id='word_1_119' title='bbox 1489 1470 1690 1530; x_wconf 92' lang='lat' dir='ltr'><strong><em>etpost</em></strong></span> <span class='ocrx_word' id='word_1_120' title='bbox 1718 1461 1948 1530; x_wconf 87' lang='lat' dir='ltr'><strong><em>quadra-</em></strong></span> 
     </span>
    </p>
   </div>
   <div class='ocr_carea' id='block_1_15' title="bbox 359 1550 1945 1632">
    <p class='ocr_par' dir='ltr' id='par_1_15' title="bbox 359 1550 1945 1632">
     <span class='ocr_line' id='line_1_15' title="bbox 359 1550 1945 1632; baseline -0.007 -17"><span class='ocrx_word' id='word_1_121' title='bbox 359 1563 504 1632; x_wconf 88' lang='lat' dir='ltr'><strong><em>ginta</em></strong></span> <span class='ocrx_word' id='word_1_122' title='bbox 529 1561 745 1616; x_wconf 90' lang='lat' dir='ltr'><strong><em>demum</em></strong></span> <span class='ocrx_word' id='word_1_123' title='bbox 776 1557 894 1612; x_wconf 89' lang='lat' dir='ltr'><strong><em>dies</em></strong></span> <span class='ocrx_word' id='word_1_124' title='bbox 923 1564 1231 1624; x_wconf 84' lang='lat' dir='ltr'><strong><em>assumptus</em></strong></span> <span class='ocrx_word' id='word_1_125' title='bbox 1258 1555 1313 1608; x_wconf 91' lang='lat' dir='ltr'><strong><em>iii</em></strong></span> <span class='ocrx_word' id='word_1_126' title='bbox 1337 1553 1500 1608; x_wconf 75' lang='lat' dir='ltr'><strong><em>cielos</em></strong></span> <span class='ocrx_word' id='word_1_127' title='bbox 1527 1551 1720 1616; x_wconf 83' lang='lat' dir='ltr'><strong><em>fuerit;</em></strong></span> <span class='ocrx_word' id='word_1_128' title='bbox 1748 1550 1843 1605; x_wconf 88' lang='lat' dir='ltr'><strong><em>sed</em></strong></span> <span class='ocrx_word' id='word_1_129' title='bbox 1867 1550 1945 1604; x_wconf 56' lang='lat' dir='ltr'><strong><em>vi.</em></strong></span> 
     </span>
    </p>
   </div>
   <div class='ocr_carea' id='block_1_16' title="bbox 357 1643 1944 1713">
    <p class='ocr_par' dir='ltr' id='par_1_16' title="bbox 357 1643 1944 1713">
     <span class='ocr_line' id='line_1_16' title="bbox 357 1643 1944 1713; baseline -0.007 -6"><span class='ocrx_word' id='word_1_130' title='bbox 357 1653 582 1708; x_wconf 87' lang='lat' dir='ltr'><strong><em>deamus</em></strong></span> <span class='ocrx_word' id='word_1_131' title='bbox 609 1666 674 1704; x_wconf 89' lang='lat' dir='ltr'><strong><em>an</em></strong></span> <span class='ocrx_word' id='word_1_132' title='bbox 703 1651 756 1704; x_wconf 92' lang='lat' dir='ltr'><strong><em>in</em></strong></span> <span class='ocrx_word' id='word_1_133' title='bbox 783 1650 1100 1704; x_wconf 84' lang='lat' dir='ltr'><strong><em>Pentecoste</em></strong></span> <span class='ocrx_word' id='word_1_134' title='bbox 1148 1648 1345 1700; x_wconf 88' lang='lat' dir='ltr'><strong><em>missus</em></strong></span> <span class='ocrx_word' id='word_1_135' title='bbox 1374 1643 1538 1700; x_wconf 80' lang='lat' dir='ltr'><strong><em>fuerit</em></strong></span> <span class='ocrx_word' id='word_1_136' title='bbox 1563 1644 1792 1713; x_wconf 83' lang='lat' dir='ltr'><strong><em>Spiritus</em></strong></span> <span class='ocrx_word' id='word_1_137' title='bbox 1816 1658 1944 1696; x_wconf 90' lang='lat' dir='ltr'><strong><em>san-</em></strong></span> 
     </span>
    </p>
   </div>
   <div class='ocr_carea' id='block_1_17' title="bbox 357 1734 1941 1808">
    <p class='ocr_par' dir='ltr' id='par_1_17' title="bbox 357 1734 1941 1808">
     <span class='ocr_line' id='line_1_17' title="bbox 357 1734 1941 1808; baseline -0.008 -9"><span class='ocrx_word' id='word_1_138' title='bbox 357 1754 500 1800; x_wconf 85' lang='lat' dir='ltr'><strong><em>ctus.</em></strong></span> <span class='ocrx_word' id='word_1_139' title='bbox 547 1742 614 1797; x_wconf 82' lang='lat' dir='ltr'><strong><em>Et</em></strong></span> <span class='ocrx_word' id='word_1_140' title='bbox 651 1758 767 1796; x_wconf 89' lang='lat' dir='ltr'><strong><em>cum</em></strong></span> <span class='ocrx_word' id='word_1_141' title='bbox 814 1741 1183 1808; x_wconf 86' lang='lat' dir='ltr'><strong><em>compleretur,</em></strong></span> <span class='ocrx_word' id='word_1_142' title='bbox 1209 1737 1416 1808; x_wconf 78' lang='lat' dir='ltr'><strong><em>inquit,</em></strong></span> <span class='ocrx_word' id='word_1_143' title='bbox 1449 1737 1556 1789; x_wconf 85' lang='lat' dir='ltr'><strong><em>dies</em></strong></span> <span class='ocrx_word' id='word_1_144' title='bbox 1585 1734 1902 1788; x_wconf 80' lang='lat' dir='ltr'><strong><em>Pentecostes</em></strong></span> <span class='ocrx_word' id='word_1_145' title='bbox 1925 1771 1941 1798; x_wconf 92' lang='lat'><strong><em>,</em></strong></span> 
     </span>
    </p>
   </div>
   <div class='ocr_carea' id='block_1_18' title="bbox 361 1827 1946 1906">
    <p class='ocr_par' dir='ltr' id='par_1_18' title="bbox 361 1827 1946 1906">
     <span class='ocr_line' id='line_1_18' title="bbox 361 1827 1946 1906; baseline -0.004 -19"><span class='ocrx_word' id='word_1_146' title='bbox 361 1839 528 1906; x_wconf 73' lang='lat' dir='ltr'><strong><em>{actus</em></strong></span> <span class='ocrx_word' id='word_1_147' title='bbox 554 1843 627 1888; x_wconf 86' lang='lat' dir='ltr'><strong><em>est</em></strong></span> <span class='ocrx_word' id='word_1_148' title='bbox 665 1843 867 1904; x_wconf 85' lang='lat' dir='ltr'><strong><em>repente</em></strong></span> <span class='ocrx_word' id='word_1_149' title='bbox 892 1833 956 1886; x_wconf 83' lang='lat' dir='ltr'><strong><em>de</em></strong></span> <span class='ocrx_word' id='word_1_150' title='bbox 993 1832 1117 1886; x_wconf 78' lang='lat' dir='ltr'><strong><em>ctelo</em></strong></span> <span class='ocrx_word' id='word_1_151' title='bbox 1143 1847 1296 1884; x_wconf 83' lang='lat' dir='ltr'><strong><em>sonus</em></strong></span> <span class='ocrx_word' id='word_1_152' title='bbox 1337 1838 1594 1898; x_wconf 86' lang='lat' dir='ltr'><strong><em>tamquam</em></strong></span> <span class='ocrx_word' id='word_1_153' title='bbox 1635 1827 1946 1881; x_wconf 86' lang='lat' dir='ltr'><strong><em>advenientis</em></strong></span> 
     </span>
    </p>
   </div>
   <div class='ocr_carea' id='block_1_19' title="bbox 361 1918 1946 1997">
    <p class='ocr_par' dir='ltr' id='par_1_19' title="bbox 361 1918 1946 1997">
     <span class='ocr_line' id='line_1_19' title="bbox 361 1918 1946 1997; baseline -0.007 -16"><span class='ocrx_word' id='word_1_154' title='bbox 361 1928 567 1997; x_wconf 88' lang='lat' dir='ltr'><strong><em>spiritus</em></strong></span> <span class='ocrx_word' id='word_1_155' title='bbox 595 1925 893 1979; x_wconf 79' lang='lat' dir='ltr'><strong><em>vehementis</em></strong></span> <span class='ocrx_word' id='word_1_156' title='bbox 918 1964 934 1988; x_wconf 93' lang='lat'><strong><em>,</em></strong></span> <span class='ocrx_word' id='word_1_157' title='bbox 974 1934 1022 1977; x_wconf 89' lang='lat' dir='ltr'><strong><em>et</em></strong></span> <span class='ocrx_word' id='word_1_158' title='bbox 1042 1930 1391 1993; x_wconf 87' lang='lat' dir='ltr'><strong><em>apparuerunt</em></strong></span> <span class='ocrx_word' id='word_1_159' title='bbox 1411 1921 1515 1974; x_wconf 84' lang='lat' dir='ltr'><strong><em>illis</em></strong></span> <span class='ocrx_word' id='word_1_160' title='bbox 1539 1919 1816 1989; x_wconf 80' lang='lat' dir='ltr'><strong><em>dispertin</em></strong></span> <span class='ocrx_word' id='word_1_161' title='bbox 1845 1918 1946 1972; x_wconf 88' lang='lat' dir='ltr'><strong><em>liu-</em></strong></span> 
     </span>
    </p>
   </div>
   <div class='ocr_carea' id='block_1_20' title="bbox 358 2011 1945 2089">
    <p class='ocr_par' dir='ltr' id='par_1_20' title="bbox 358 2011 1945 2089">
     <span class='ocr_line' id='line_1_20' title="bbox 358 2011 1945 2089; baseline -0.006 -19"><span class='ocrx_word' id='word_1_162' title='bbox 358 2034 476 2089; x_wconf 74' lang='lat' dir='ltr'><strong><em>gute</em></strong></span> <span class='ocrx_word' id='word_1_163' title='bbox 517 2028 772 2088; x_wconf 84' lang='lat' dir='ltr'><strong><em>tamquam</em></strong></span> <span class='ocrx_word' id='word_1_164' title='bbox 817 2016 986 2085; x_wconf 88' lang='lat' dir='ltr'><strong><em>ignis,</em></strong></span> <span class='ocrx_word' id='word_1_165' title='bbox 1030 2015 1254 2084; x_wconf 85' lang='lat' dir='ltr'><strong><em>seditque</em></strong></span> <span class='ocrx_word' id='word_1_166' title='bbox 1299 2028 1455 2082; x_wconf 86' lang='lat' dir='ltr'><strong><em>supra</em></strong></span> <span class='ocrx_word' id='word_1_167' title='bbox 1499 2011 1730 2081; x_wconf 88' lang='lat' dir='ltr'><strong><em>singulos</em></strong></span> <span class='ocrx_word' id='word_1_168' title='bbox 1770 2025 1945 2062; x_wconf 87' lang='lat' dir='ltr'><strong><em>eorum</em></strong></span> 
     </span>
    </p>
   </div>
   <div class='ocr_carea' id='block_1_21' title="bbox 361 2099 1946 2179">
    <p class='ocr_par' dir='ltr' id='par_1_21' title="bbox 361 2099 1946 2179">
     <span class='ocr_line' id='line_1_21' title="bbox 361 2099 1946 2179; baseline -0.006 -18"><span class='ocrx_word' id='word_1_169' title='bbox 361 2106 466 2179; x_wconf 81' lang='lat' dir='ltr'><strong><em>(Ib.</em></strong></span> <span class='ocrx_word' id='word_1_170' title='bbox 489 2108 590 2162; x_wconf 74' lang='lat'><strong><em>2.1</em></strong></span> <span class='ocrx_word' id='word_1_171' title='bbox 621 2136 647 2148; x_wconf 91' lang='lat'><strong>-</strong></span> <span class='ocrx_word' id='word_1_172' title='bbox 672 2109 706 2162; x_wconf 75' lang='grc' dir='ltr'>ὅ</span> <span class='ocrx_word' id='word_1_173' title='bbox 727 2103 766 2179; x_wconf 93' lang='grc'><strong>).</strong></span> <span class='ocrx_word' id='word_1_174' title='bbox 804 2105 1013 2160; x_wconf 79' lang='lat' dir='ltr'><strong><em>Videtis</em></strong></span> <span class='ocrx_word' id='word_1_175' title='bbox 1032 2113 1270 2159; x_wconf 76' lang='lat' dir='ltr'><strong><em>exactam</em></strong></span> <span class='ocrx_word' id='word_1_176' title='bbox 1284 2101 1794 2157; x_wconf 82' lang='lat' dir='ltr'><strong><em>demonstrationem</em></strong></span> <span class='ocrx_word' id='word_1_177' title='bbox 1812 2099 1946 2153; x_wconf 83' lang='lat' dir='ltr'><strong><em>alla-</em></strong></span> 
     </span>
    </p>
   </div>
   <div class='ocr_carea' id='block_1_22' title="bbox 362 2189 1944 2266">
    <p class='ocr_par' dir='ltr' id='par_1_22' title="bbox 362 2189 1944 2266">
     <span class='ocr_line' id='line_1_22' title="bbox 362 2189 1944 2266; baseline -0.007 -12"><span class='ocrx_word' id='word_1_178' title='bbox 362 2209 491 2263; x_wconf 86' lang='lat' dir='ltr'><strong><em>tam,</em></strong></span> <span class='ocrx_word' id='word_1_179' title='bbox 517 2209 570 2253; x_wconf 93' lang='lat' dir='ltr'><strong><em>ut</em></strong></span> <span class='ocrx_word' id='word_1_180' title='bbox 591 2194 802 2253; x_wconf 80' lang='lat' dir='ltr'><strong><em>const‘et</em></strong></span> <span class='ocrx_word' id='word_1_181' title='bbox 825 2196 1172 2266; x_wconf 77' lang='lat' dir='ltr'><strong><em>quadraginta</em></strong></span> <span class='ocrx_word' id='word_1_182' title='bbox 1195 2193 1384 2248; x_wconf 90' lang='lat' dir='ltr'><strong><em>diebus</em></strong></span> <span class='ocrx_word' id='word_1_183' title='bbox 1411 2192 1464 2246; x_wconf 90' lang='lat' dir='ltr'><strong><em>in</em></strong></span> <span class='ocrx_word' id='word_1_184' title='bbox 1495 2191 1652 2246; x_wconf 89' lang='lat' dir='ltr'><strong><em>terris</em></strong></span> <span class='ocrx_word' id='word_1_185' title='bbox 1676 2189 1944 2244; x_wconf 85' lang='lat' dir='ltr'><strong><em>Christum</em></strong></span> 
     </span>
    </p>
   </div>
   <div class='ocr_carea' id='block_1_23' title="bbox 357 2279 1944 2350">
    <p class='ocr_par' dir='ltr' id='par_1_23' title="bbox 357 2279 1944 2350">
     <span class='ocr_line' id='line_1_23' title="bbox 357 2279 1944 2350; baseline -0.006 -8"><span class='ocrx_word' id='word_1_186' title='bbox 357 2302 482 2342; x_wconf 86' lang='lat' dir='ltr'><strong><em>esse</em></strong></span> <span class='ocrx_word' id='word_1_187' title='bbox 511 2294 813 2348; x_wconf 89' lang='lat' dir='ltr'><strong><em>versatum,</em></strong></span> <span class='ocrx_word' id='word_1_188' title='bbox 862 2299 963 2337; x_wconf 89' lang='lat' dir='ltr'><strong><em>nec</em></strong></span> <span class='ocrx_word' id='word_1_189' title='bbox 1008 2284 1174 2336; x_wconf 90' lang='lat' dir='ltr'><strong><em>ullum</em></strong></span> <span class='ocrx_word' id='word_1_190' title='bbox 1217 2281 1284 2335; x_wconf 86' lang='lat' dir='ltr'><strong><em>ab</em></strong></span> <span class='ocrx_word' id='word_1_191' title='bbox 1324 2280 1580 2350; x_wconf 85' lang='lat' dir='ltr'><strong><em>apostolis</em></strong></span> <span class='ocrx_word' id='word_1_192' title='bbox 1627 2279 1944 2334; x_wconf 89' lang='lat' dir='ltr'><strong><em>miraculum</em></strong></span> 
     </span>
    </p>
   </div>
   <div class='ocr_carea' id='block_1_24' title="bbox 356 2371 1945 2446">
    <p class='ocr_par' dir='ltr' id='par_1_24' title="bbox 356 2371 1945 2446">
     <span class='ocr_line' id='line_1_24' title="bbox 356 2371 1945 2446; baseline -0.004 -14"><span class='ocrx_word' id='word_1_193' title='bbox 356 2393 482 2432; x_wconf 83' lang='lat' dir='ltr'><strong><em>esse</em></strong></span> <span class='ocrx_word' id='word_1_194' title='bbox 505 2373 810 2446; x_wconf 80' lang='lat' dir='ltr'><strong><em>patratum?</em></strong></span> <span class='ocrx_word' id='word_1_195' title='bbox 838 2373 1118 2439; x_wconf 83' lang='lat' dir='ltr'><strong><em>Quomodo</em></strong></span> <span class='ocrx_word' id='word_1_196' title='bbox 1143 2373 1285 2426; x_wconf 90' lang='lat' dir='ltr'><strong><em>enim</em></strong></span> <span class='ocrx_word' id='word_1_197' title='bbox 1314 2371 1570 2426; x_wconf 88' lang='lat' dir='ltr'><strong><em>miracula</em></strong></span> <span class='ocrx_word' id='word_1_198' title='bbox 1609 2379 1820 2440; x_wconf 89' lang='lat' dir='ltr'><strong><em>patrare</em></strong></span> <span class='ocrx_word' id='word_1_199' title='bbox 1847 2385 1945 2441; x_wconf 84' lang='lat' dir='ltr'><strong><em>po-</em></strong></span> 
     </span>
    </p>
   </div>
   <div class='ocr_carea' id='block_1_25' title="bbox 357 2459 1946 2536">
    <p class='ocr_par' dir='ltr' id='par_1_25' title="bbox 357 2459 1946 2536">
     <span class='ocr_line' id='line_1_25' title="bbox 357 2459 1946 2536; baseline -0.004 -15"><span class='ocrx_word' id='word_1_200' title='bbox 357 2468 623 2531; x_wconf 84' lang='lat' dir='ltr'><strong><em>inissent,</em></strong></span> <span class='ocrx_word' id='word_1_201' title='bbox 663 2479 785 2518; x_wconf 90' lang='lat' dir='ltr'><strong><em>cum</em></strong></span> <span class='ocrx_word' id='word_1_202' title='bbox 814 2461 1044 2518; x_wconf 86' lang='lat' dir='ltr'><strong><em>necdum</em></strong></span> <span class='ocrx_word' id='word_1_203' title='bbox 1067 2463 1240 2518; x_wconf 84' lang='lat' dir='ltr'><strong><em>sancti</em></strong></span> <span class='ocrx_word' id='word_1_204' title='bbox 1268 2477 1331 2517; x_wconf 92' lang='lat' dir='ltr'><strong><em>ac</em></strong></span> <span class='ocrx_word' id='word_1_205' title='bbox 1351 2460 1545 2518; x_wconf 80' lang='lat' dir='ltr'><strong><em>viviﬁci</em></strong></span> <span class='ocrx_word' id='word_1_206' title='bbox 1574 2459 1804 2532; x_wconf 87' lang='lat' dir='ltr'><strong><em>Spiritus</em></strong></span> <span class='ocrx_word' id='word_1_207' title='bbox 1821 2477 1946 2536; x_wconf 82' lang='lat' dir='ltr'><strong><em>gra-</em></strong></span> 
     </span>
    </p>
   </div>
   <div class='ocr_carea' id='block_1_26' title="bbox 356 2559 910 2627">
    <p class='ocr_par' dir='ltr' id='par_1_26' title="bbox 356 2559 910 2627">
     <span class='ocr_line' id='line_1_26' title="bbox 356 2559 910 2627; baseline -0.011 -11"><span class='ocrx_word' id='word_1_208' title='bbox 356 2564 494 2616; x_wconf 85' lang='lat' dir='ltr'><strong><em>tiam</em></strong></span> <span class='ocrx_word' id='word_1_209' title='bbox 520 2559 856 2627; x_wconf 81' lang='lat' dir='ltr'><strong><em>accepissent</em></strong></span> <span class='ocrx_word' id='word_1_210' title='bbox 886 2559 910 2610; x_wconf 78' lang='lat' dir='ltr'><strong><em>r</em></strong></span> 
     </span>
    </p>
   </div>
   <div class='ocr_carea' id='block_1_27' title="bbox 430 2642 1948 2718">
    <p class='ocr_par' dir='ltr' id='par_1_27' title="bbox 430 2642 1948 2718">
     <span class='ocr_line' id='line_1_27' title="bbox 430 2642 1948 2718; baseline -0.004 -14"><span class='ocrx_word' id='word_1_211' title='bbox 430 2649 604 2704; x_wconf 87' lang='lat' dir='ltr'><strong><em>Lectio</em></strong></span> <span class='ocrx_word' id='word_1_212' title='bbox 631 2645 912 2718; x_wconf 74' lang='lat' dir='ltr'><strong><em>Scriptura:</em></strong></span> <span class='ocrx_word' id='word_1_213' title='bbox 945 2646 996 2699; x_wconf 88' lang='lat' dir='ltr'><strong><em>in</em></strong></span> <span class='ocrx_word' id='word_1_214' title='bbox 1027 2645 1162 2716; x_wconf 78' lang='lat' dir='ltr'><strong><em>{estis</em></strong></span> <span class='ocrx_word' id='word_1_215' title='bbox 1182 2644 1465 2699; x_wconf 82' lang='lat' dir='ltr'><strong><em>distributa.</em></strong></span> <span class='ocrx_word' id='word_1_216' title='bbox 1496 2642 1599 2699; x_wconf 86' lang='lat' dir='ltr'><strong><em>Cur</em></strong></span> <span class='ocrx_word' id='word_1_217' title='bbox 1621 2653 1732 2716; x_wconf 84' lang='lat' dir='ltr'><strong><em>post</em></strong></span> <span class='ocrx_word' id='word_1_218' title='bbox 1756 2644 1948 2699; x_wconf 81' lang='lat' dir='ltr'><strong><em>Resur-</em></strong></span> 
     </span>
    </p>
   </div>
   <div class='ocr_carea' id='block_1_28' title="bbox 355 2734 1946 2809">
    <p class='ocr_par' dir='ltr' id='par_1_28' title="bbox 355 2734 1946 2809">
     <span class='ocr_line' id='line_1_28' title="bbox 355 2734 1946 2809; baseline -0.001 -17"><span class='ocrx_word' id='word_1_219' title='bbox 355 2739 629 2793; x_wconf 86' lang='lat' dir='ltr'><strong><em>rectionem</em></strong></span> <span class='ocrx_word' id='word_1_220' title='bbox 658 2735 858 2790; x_wconf 70' lang='lat' dir='ltr'><strong><em>Iudicis</em></strong></span> <span class='ocrx_word' id='word_1_221' title='bbox 896 2752 998 2790; x_wconf 87' lang='lat' dir='ltr'><strong><em>non</em></strong></span> <span class='ocrx_word' id='word_1_222' title='bbox 1039 2735 1334 2806; x_wconf 83' lang='lat' dir='ltr'><strong><em>apparuerit</em></strong></span> <span class='ocrx_word' id='word_1_223' title='bbox 1358 2734 1613 2809; x_wconf 79' lang='lat' dir='ltr'><strong><em>Christus.</em></strong></span> <span class='ocrx_word' id='word_1_224' title='bbox 1641 2764 1716 2775; x_wconf 96' lang='lat'><strong>—</strong></span> <span class='ocrx_word' id='word_1_225' title='bbox 1744 2735 1946 2790; x_wconf 84' lang='lat' dir='ltr'><strong><em>Videtis</em></strong></span> 
     </span>
    </p>
   </div>
   <div class='ocr_carea' id='block_1_29' title="bbox 361 2825 1946 2898">
    <p class='ocr_par' dir='ltr' id='par_1_29' title="bbox 361 2825 1946 2898">
     <span class='ocr_line' id='line_1_29' title="bbox 361 2825 1946 2898; baseline -0.001 -16"><span class='ocrx_word' id='word_1_226' title='bbox 361 2837 486 2898; x_wconf 87' lang='lat' dir='ltr'><strong><em>post</em></strong></span> <span class='ocrx_word' id='word_1_227' title='bbox 503 2827 855 2897; x_wconf 89' lang='lat' dir='ltr'><strong><em>quadraginta</em></strong></span> <span class='ocrx_word' id='word_1_228' title='bbox 877 2825 993 2882; x_wconf 91' lang='lat' dir='ltr'><strong><em>dies</em></strong></span> <span class='ocrx_word' id='word_1_229' title='bbox 1005 2825 1189 2880; x_wconf 84' lang='lat' dir='ltr'><strong><em>Jesuin</em></strong></span> <span class='ocrx_word' id='word_1_230' title='bbox 1215 2836 1548 2896; x_wconf 87' lang='lat' dir='ltr'><strong><em>assumptum</em></strong></span> <span class='ocrx_word' id='word_1_231' title='bbox 1568 2826 1621 2880; x_wconf 90' lang='lat' dir='ltr'><strong><em>in</em></strong></span> <span class='ocrx_word' id='word_1_232' title='bbox 1642 2826 1802 2881; x_wconf 67' lang='lat' dir='ltr'><strong><em>caelos</em></strong></span> <span class='ocrx_word' id='word_1_233' title='bbox 1814 2826 1946 2881; x_wconf 78' lang='lat' dir='ltr'><strong><em>fuis-</em></strong></span> 
     </span>
    </p>
   </div>
   <div class='ocr_carea' id='block_1_30' title="bbox 359 2915 1946 2986">
    <p class='ocr_par' dir='ltr' id='par_1_30' title="bbox 359 2915 1946 2986">
     <span class='ocr_line' id='line_1_30' title="bbox 359 2915 1946 2986; baseline -0.001 -14"><span class='ocrx_word' id='word_1_234' title='bbox 359 2917 463 2972; x_wconf 88' lang='lat' dir='ltr'><strong><em>se?</em></strong></span> <span class='ocrx_word' id='word_1_235' title='bbox 489 2915 692 2972; x_wconf 79' lang='lat' dir='ltr'><strong><em>Videtis</em></strong></span> <span class='ocrx_word' id='word_1_236' title='bbox 720 2931 906 2970; x_wconf 89' lang='lat' dir='ltr'><strong><em>rursus</em></strong></span> <span class='ocrx_word' id='word_1_237' title='bbox 933 2924 1054 2986; x_wconf 89' lang='lat' dir='ltr'><strong><em>post</em></strong></span> <span class='ocrx_word' id='word_1_238' title='bbox 1082 2915 1267 2970; x_wconf 88' lang='lat' dir='ltr'><strong><em>decem</em></strong></span> <span class='ocrx_word' id='word_1_239' title='bbox 1289 2915 1406 2970; x_wconf 90' lang='lat' dir='ltr'><strong><em>dies</em></strong></span> <span class='ocrx_word' id='word_1_240' title='bbox 1427 2916 1495 2970; x_wconf 91' lang='lat' dir='ltr'><strong><em>ab</em></strong></span> <span class='ocrx_word' id='word_1_241' title='bbox 1518 2916 1777 2985; x_wconf 87' lang='lat' dir='ltr'><strong><em>apostolis</em></strong></span> <span class='ocrx_word' id='word_1_242' title='bbox 1805 2916 1946 2970; x_wconf 86' lang='lat' dir='ltr'><strong><em>edita</em></strong></span> 
     </span>
    </p>
   </div>
   <div class='ocr_carea' id='block_1_31' title="bbox 358 3005 1946 3074">
    <p class='ocr_par' dir='ltr' id='par_1_31' title="bbox 358 3005 1946 3074">
     <span class='ocr_line' id='line_1_31' title="bbox 358 3005 1946 3074; baseline 0 -14"><span class='ocrx_word' id='word_1_243' title='bbox 358 3021 484 3061; x_wconf 87' lang='lat' dir='ltr'><strong><em>esse</em></strong></span> <span class='ocrx_word' id='word_1_244' title='bbox 512 3005 766 3060; x_wconf 89' lang='lat' dir='ltr'><strong><em>miracula</em></strong></span> <span class='ocrx_word' id='word_1_245' title='bbox 793 3005 816 3059; x_wconf 82' lang='lat'><strong>?</strong></span> <span class='ocrx_word' id='word_1_246' title='bbox 841 3005 976 3060; x_wconf 89' lang='lat' dir='ltr'><strong><em>Cum</em></strong></span> <span class='ocrx_word' id='word_1_247' title='bbox 1004 3005 1146 3060; x_wconf 88' lang='lat' dir='ltr'><strong><em>enim</em></strong></span> <span class='ocrx_word' id='word_1_248' title='bbox 1173 3005 1536 3074; x_wconf 89' lang='lat' dir='ltr'><strong><em>compleretiir</em></strong></span> <span class='ocrx_word' id='word_1_249' title='bbox 1581 3005 1698 3061; x_wconf 90' lang='lat' dir='ltr'><strong><em>dies</em></strong></span> <span class='ocrx_word' id='word_1_250' title='bbox 1752 3005 1946 3060; x_wconf 88' lang='lat' dir='ltr'><strong><em>Pente-</em></strong></span> 
     </span>
    </p>
   </div>
   <div class='ocr_carea' id='block_1_32' title="bbox 357 3097 1948 3169">
    <p class='ocr_par' dir='ltr' id='par_1_32' title="bbox 357 3097 1948 3169">
     <span class='ocr_line' id='line_1_32' title="bbox 357 3097 1948 3169; baseline -0.001 -16"><span class='ocrx_word' id='word_1_251' title='bbox 357 3107 572 3164; x_wconf 88' lang='lat' dir='ltr'><strong><em>costes,</em></strong></span> <span class='ocrx_word' id='word_1_252' title='bbox 622 3098 888 3153; x_wconf 87' lang='lat' dir='ltr'><strong><em>demissus</em></strong></span> <span class='ocrx_word' id='word_1_253' title='bbox 933 3107 1020 3154; x_wconf 89' lang='lat' dir='ltr'><strong><em>est</em></strong></span> <span class='ocrx_word' id='word_1_254' title='bbox 1065 3097 1296 3168; x_wconf 87' lang='lat' dir='ltr'><strong><em>Spiritus</em></strong></span> <span class='ocrx_word' id='word_1_255' title='bbox 1343 3111 1560 3154; x_wconf 90' lang='lat' dir='ltr'><strong><em>sanctus</em></strong></span> <span class='ocrx_word' id='word_1_256' title='bbox 1605 3099 1756 3154; x_wconf 92' lang='lat' dir='ltr'><strong><em>:hoc</em></strong></span> <span class='ocrx_word' id='word_1_257' title='bbox 1789 3100 1948 3169; x_wconf 78' lang='lat' dir='ltr'><strong><em>igitur</em></strong></span> 
     </span>
    </p>
   </div>
   <div class='ocr_carea' id='block_1_33' title="bbox 358 3186 1946 3258">
    <p class='ocr_par' dir='ltr' id='par_1_33' title="bbox 358 3186 1946 3258">
     <span class='ocr_line' id='line_1_33' title="bbox 358 3186 1946 3258; baseline 0.001 -17"><span class='ocrx_word' id='word_1_258' title='bbox 358 3186 705 3257; x_wconf 65' lang='lat' dir='ltr'><strong><em>quaerendum</em></strong></span> <span class='ocrx_word' id='word_1_259' title='bbox 738 3196 934 3254; x_wconf 81' lang='lat' dir='ltr'><strong><em>restat,</em></strong></span> <span class='ocrx_word' id='word_1_260' title='bbox 963 3203 1068 3258; x_wconf 88' lang='lat' dir='ltr'><strong><em>qua</em></strong></span> <span class='ocrx_word' id='word_1_261' title='bbox 1107 3188 1176 3243; x_wconf 90' lang='lat' dir='ltr'><strong><em>de</em></strong></span> <span class='ocrx_word' id='word_1_262' title='bbox 1206 3203 1364 3244; x_wconf 87' lang='lat' dir='ltr'><strong><em>causa</em></strong></span> <span class='ocrx_word' id='word_1_263' title='bbox 1396 3188 1447 3242; x_wconf 89' lang='lat' dir='ltr'><strong><em>in</em></strong></span> <span class='ocrx_word' id='word_1_264' title='bbox 1477 3189 1792 3244; x_wconf 76' lang='lat' dir='ltr'><strong><em>Pentecoste</em></strong></span> <span class='ocrx_word' id='word_1_265' title='bbox 1817 3191 1946 3243; x_wconf 85' lang='lat' dir='ltr'><strong><em>Acta</em></strong></span> 
     </span>
    </p>
   </div>
   <div class='ocr_carea' id='block_1_34' title="bbox 359 3278 1948 3351">
    <p class='ocr_par' dir='ltr' id='par_1_34' title="bbox 359 3278 1948 3351">
     <span class='ocr_line' id='line_1_34' title="bbox 359 3278 1948 3351; baseline 0.002 -19"><span class='ocrx_word' id='word_1_266' title='bbox 359 3279 606 3348; x_wconf 86' lang='lat' dir='ltr'><strong><em>legantur</em></strong></span> <span class='ocrx_word' id='word_1_267' title='bbox 629 3280 1028 3347; x_wconf 86' lang='lat' dir='ltr'><strong><em>Apostolorum.</em></strong></span> <span class='ocrx_word' id='word_1_268' title='bbox 1059 3278 1123 3332; x_wconf 86' lang='lat' dir='ltr'><strong><em>Si</em></strong></span> <span class='ocrx_word' id='word_1_269' title='bbox 1144 3281 1284 3333; x_wconf 91' lang='lat' dir='ltr'><strong><em>enim</em></strong></span> <span class='ocrx_word' id='word_1_270' title='bbox 1308 3290 1416 3334; x_wconf 90' lang='lat' dir='ltr'><strong><em>tuin</em></strong></span> <span class='ocrx_word' id='word_1_271' title='bbox 1445 3281 1594 3351; x_wconf 85' lang='lat' dir='ltr'><strong><em>signa</em></strong></span> <span class='ocrx_word' id='word_1_272' title='bbox 1636 3279 1813 3334; x_wconf 82' lang='lat' dir='ltr'><strong><em>facere</em></strong></span> <span class='ocrx_word' id='word_1_273' title='bbox 1837 3296 1948 3336; x_wconf 78' lang='lat' dir='ltr'><strong><em>ca:-</em></strong></span> 
     </span>
    </p>
   </div>
   <div class='ocr_carea' id='block_1_35' title="bbox 361 3371 1945 3441">
    <p class='ocr_par' dir='ltr' id='par_1_35' title="bbox 361 3371 1945 3441">
     <span class='ocr_line' id='line_1_35' title="bbox 361 3371 1945 3441; baseline -0.001 -16"><span class='ocrx_word' id='word_1_274' title='bbox 361 3381 558 3441; x_wconf 90' lang='lat' dir='ltr'><strong><em>perunt</em></strong></span> <span class='ocrx_word' id='word_1_275' title='bbox 577 3372 802 3440; x_wconf 82' lang='lat' dir='ltr'><strong><em>apostoli</em></strong></span> <span class='ocrx_word' id='word_1_276' title='bbox 824 3413 840 3438; x_wconf 93' lang='lat'><strong><em>,</em></strong></span> <span class='ocrx_word' id='word_1_277' title='bbox 871 3372 972 3424; x_wconf 90' lang='lat' dir='ltr'><strong><em>hoc</em></strong></span> <span class='ocrx_word' id='word_1_278' title='bbox 992 3381 1076 3424; x_wconf 89' lang='lat' dir='ltr'><strong><em>est</em></strong></span> <span class='ocrx_word' id='word_1_279' title='bbox 1101 3380 1219 3440; x_wconf 90' lang='lat' dir='ltr'><strong><em>post</em></strong></span> <span class='ocrx_word' id='word_1_280' title='bbox 1241 3371 1450 3426; x_wconf 85' lang='lat' dir='ltr'><strong><em>Domini</em></strong></span> <span class='ocrx_word' id='word_1_281' title='bbox 1477 3373 1945 3439; x_wconf 86' lang='lat' dir='ltr'><strong><em>resurrectionem,</em></strong></span> 
     </span>
    </p>
   </div>
   <div class='ocr_carea' id='block_1_36' title="bbox 361 3459 1948 3531">
    <p class='ocr_par' dir='ltr' id='par_1_36' title="bbox 361 3459 1948 3531">
     <span class='ocr_line' id='line_1_36' title="bbox 361 3459 1948 3531; baseline 0.002 -18"><span class='ocrx_word' id='word_1_282' title='bbox 361 3469 479 3513; x_wconf 88' lang='lat' dir='ltr'><strong><em>tum</em></strong></span> <span class='ocrx_word' id='word_1_283' title='bbox 511 3459 669 3513; x_wconf 85' lang='lat' dir='ltr'><strong><em>etiam</em></strong></span> <span class='ocrx_word' id='word_1_284' title='bbox 703 3463 841 3513; x_wconf 90' lang='lat' dir='ltr'><strong><em>hunc</em></strong></span> <span class='ocrx_word' id='word_1_285' title='bbox 893 3460 993 3529; x_wconf 71' lang='lat' dir='ltr'><strong><em>logi</em></strong></span> <span class='ocrx_word' id='word_1_286' title='bbox 1033 3460 1224 3514; x_wconf 91' lang='lat' dir='ltr'><strong><em>librum</em></strong></span> <span class='ocrx_word' id='word_1_287' title='bbox 1252 3461 1549 3529; x_wconf 83' lang='lat' dir='ltr'><strong><em>Oportebat.</em></strong></span> <span class='ocrx_word' id='word_1_288' title='bbox 1600 3460 1733 3516; x_wconf 85' lang='lat' dir='ltr'><strong><em>Nam</em></strong></span> <span class='ocrx_word' id='word_1_289' title='bbox 1761 3476 1948 3531; x_wconf 88' lang='lat' dir='ltr'><strong><em>quem-</em></strong></span> 
     </span>
    </p>
   </div>
   <div class='ocr_carea' id='block_1_37' title="bbox 361 3550 1949 3623">
    <p class='ocr_par' dir='ltr' id='par_1_37' title="bbox 361 3550 1949 3623">
     <span class='ocr_line' id='line_1_37' title="bbox 361 3550 1949 3623; baseline 0.001 -17"><span class='ocrx_word' id='word_1_290' title='bbox 361 3550 652 3606; x_wconf 88' lang='lat' dir='ltr'><strong><em>admodum</em></strong></span> <span class='ocrx_word' id='word_1_291' title='bbox 673 3568 736 3607; x_wconf 89' lang='lat' dir='ltr'><strong><em>ea</em></strong></span> <span class='ocrx_word' id='word_1_292' title='bbox 756 3568 875 3622; x_wconf 63' lang='lat' dir='ltr'><strong><em>quae</em></strong></span> <span class='ocrx_word' id='word_1_293' title='bbox 922 3553 989 3606; x_wconf 93' lang='lat' dir='ltr'><strong><em>ad</em></strong></span> <span class='ocrx_word' id='word_1_294' title='bbox 1015 3567 1226 3607; x_wconf 89' lang='lat' dir='ltr'><strong><em>crucem</em></strong></span> <span class='ocrx_word' id='word_1_295' title='bbox 1261 3555 1558 3623; x_wconf 87' lang='lat' dir='ltr'><strong><em>pertinent,</em></strong></span> <span class='ocrx_word' id='word_1_296' title='bbox 1587 3553 1638 3607; x_wconf 94' lang='lat' dir='ltr'><strong><em>in</em></strong></span> <span class='ocrx_word' id='word_1_297' title='bbox 1680 3553 1768 3609; x_wconf 91' lang='lat' dir='ltr'><strong><em>die</em></strong></span> <span class='ocrx_word' id='word_1_298' title='bbox 1814 3554 1949 3623; x_wconf 88' lang='lat' dir='ltr'><strong><em>legi-</em></strong></span> 
     </span>
    </p>
   </div>
   <div class='ocr_carea' id='block_1_38' title="bbox 363 3643 1952 3715">
    <p class='ocr_par' dir='ltr' id='par_1_38' title="bbox 363 3643 1952 3715">
     <span class='ocr_line' id='line_1_38' title="bbox 363 3643 1952 3715; baseline 0 -15"><span class='ocrx_word' id='word_1_299' title='bbox 363 3659 489 3700; x_wconf 89' lang='lat' dir='ltr'><strong><em>mus</em></strong></span> <span class='ocrx_word' id='word_1_300' title='bbox 509 3644 705 3708; x_wconf 88' lang='lat' dir='ltr'><strong><em>crucis,</em></strong></span> <span class='ocrx_word' id='word_1_301' title='bbox 723 3643 851 3699; x_wconf 89' lang='lat' dir='ltr'><strong><em>etin</em></strong></span> <span class='ocrx_word' id='word_1_302' title='bbox 869 3645 1261 3700; x_wconf 88' lang='lat' dir='ltr'><strong><em>resurrectione</em></strong></span> <span class='ocrx_word' id='word_1_303' title='bbox 1283 3645 1410 3699; x_wconf 92' lang='lat' dir='ltr'><strong><em>item</em></strong></span> <span class='ocrx_word' id='word_1_304' title='bbox 1427 3684 1444 3711; x_wconf 95' lang='lat'><strong><em>,</em></strong></span> <span class='ocrx_word' id='word_1_305' title='bbox 1475 3653 1530 3698; x_wconf 90' lang='lat' dir='ltr'><strong><em>et</em></strong></span> <span class='ocrx_word' id='word_1_306' title='bbox 1555 3645 1607 3698; x_wconf 92' lang='lat' dir='ltr'><strong><em>in</em></strong></span> <span class='ocrx_word' id='word_1_307' title='bbox 1633 3645 1856 3715; x_wconf 84' lang='lat' dir='ltr'><strong><em>singulis</em></strong></span> <span class='ocrx_word' id='word_1_308' title='bbox 1876 3646 1952 3700; x_wconf 89' lang='lat' dir='ltr'><strong><em>fe-</em></strong></span> 
     </span>
    </p>
   </div>
   <div class='ocr_carea' id='block_1_39' title="bbox 360 3733 1951 3804">
    <p class='ocr_par' dir='ltr' id='par_1_39' title="bbox 360 3733 1951 3804">
     <span class='ocr_line' id='line_1_39' title="bbox 360 3733 1951 3804; baseline 0.001 -16"><span class='ocrx_word' id='word_1_309' title='bbox 360 3735 463 3789; x_wconf 88' lang='lat' dir='ltr'><strong><em>stis</em></strong></span> <span class='ocrx_word' id='word_1_310' title='bbox 481 3774 500 3799; x_wconf 95' lang='lat'><strong><em>,</em></strong></span> <span class='ocrx_word' id='word_1_311' title='bbox 522 3750 640 3804; x_wconf 71' lang='lat' dir='ltr'><strong><em>qua:</em></strong></span> <span class='ocrx_word' id='word_1_312' title='bbox 661 3734 715 3788; x_wconf 89' lang='lat' dir='ltr'><strong><em>in</em></strong></span> <span class='ocrx_word' id='word_1_313' title='bbox 745 3733 967 3804; x_wconf 79' lang='lat' dir='ltr'><strong><em>singulis</em></strong></span> <span class='ocrx_word' id='word_1_314' title='bbox 990 3733 1330 3797; x_wconf 84' lang='lat' dir='ltr'><strong><em>acciderunt,</em></strong></span> <span class='ocrx_word' id='word_1_315' title='bbox 1368 3733 1560 3788; x_wconf 87' lang='lat' dir='ltr'><strong><em>iterum</em></strong></span> <span class='ocrx_word' id='word_1_316' title='bbox 1584 3734 1844 3803; x_wconf 82' lang='lat' dir='ltr'><strong><em>legimus:</em></strong></span> <span class='ocrx_word' id='word_1_317' title='bbox 1872 3735 1951 3789; x_wconf 90' lang='lat' dir='ltr'><strong><em>sic</em></strong></span> 
     </span>
    </p>
   </div>
   <div class='ocr_carea' id='block_1_40' title="bbox 360 3823 1950 3894">
    <p class='ocr_par' dir='ltr' id='par_1_40' title="bbox 360 3823 1950 3894">
     <span class='ocr_line' id='line_1_40' title="bbox 360 3823 1950 3894; baseline -0.001 -15"><span class='ocrx_word' id='word_1_318' title='bbox 360 3835 421 3880; x_wconf 85' lang='lat' dir='ltr'><strong><em>et</em></strong></span> <span class='ocrx_word' id='word_1_319' title='bbox 439 3824 692 3879; x_wconf 90' lang='lat' dir='ltr'><strong><em>miracula</em></strong></span> <span class='ocrx_word' id='word_1_320' title='bbox 713 3824 946 3894; x_wconf 88' lang='lat' dir='ltr'><strong><em>oportuit</em></strong></span> <span class='ocrx_word' id='word_1_321' title='bbox 969 3823 1262 3893; x_wconf 86' lang='lat' dir='ltr'><strong><em>apostolica</em></strong></span> <span class='ocrx_word' id='word_1_322' title='bbox 1283 3824 1336 3878; x_wconf 93' lang='lat' dir='ltr'><strong><em>in</em></strong></span> <span class='ocrx_word' id='word_1_323' title='bbox 1349 3823 1763 3892; x_wconf 90' lang='lat' dir='ltr'><strong><em>apostolicorum</em></strong></span> <span class='ocrx_word' id='word_1_324' title='bbox 1786 3823 1950 3878; x_wconf 88' lang='lat' dir='ltr'><strong><em>mira-</em></strong></span> 
     </span>
    </p>
   </div>
   <div class='ocr_carea' id='block_1_41' title="bbox 361 3913 965 3985">
    <p class='ocr_par' dir='ltr' id='par_1_41' title="bbox 361 3913 965 3985">
     <span class='ocr_line' id='line_1_41' title="bbox 361 3913 965 3985; baseline -0.008 -15"><span class='ocrx_word' id='word_1_325' title='bbox 361 3915 606 3970; x_wconf 85' lang='lat' dir='ltr'><strong><em>culorum</em></strong></span> <span class='ocrx_word' id='word_1_326' title='bbox 633 3913 822 3968; x_wconf 90' lang='lat' dir='ltr'><strong><em>diebus</em></strong></span> <span class='ocrx_word' id='word_1_327' title='bbox 841 3913 965 3985; x_wconf 89' lang='lat' dir='ltr'><strong><em>legi.</em></strong></span> 
     </span>
    </p>
   </div>
   <div class='ocr_carea' id='block_1_42' title="bbox 438 3998 1953 4073">
    <p class='ocr_par' dir='ltr' id='par_1_42' title="bbox 438 3998 1953 4073">
     <span class='ocr_line' id='line_1_42' title="bbox 438 3998 1953 4073; baseline -0.003 -14"><span class='ocrx_word' id='word_1_328' title='bbox 438 4005 492 4060; x_wconf 85' lang='lat'><strong><em>6.</em></strong></span> <span class='ocrx_word' id='word_1_329' title='bbox 531 4003 639 4057; x_wconf 90' lang='lat' dir='ltr'><strong><em>Cur</em></strong></span> <span class='ocrx_word' id='word_1_330' title='bbox 660 4003 818 4073; x_wconf 87' lang='lat' dir='ltr'><strong><em>igitur</em></strong></span> <span class='ocrx_word' id='word_1_331' title='bbox 838 4018 945 4057; x_wconf 93' lang='lat' dir='ltr'><strong><em>non</em></strong></span> <span class='ocrx_word' id='word_1_332' title='bbox 969 4002 1056 4056; x_wconf 88' lang='lat' dir='ltr'><strong><em>illa</em></strong></span> <span class='ocrx_word' id='word_1_333' title='bbox 1090 4011 1200 4056; x_wconf 89' lang='lat' dir='ltr'><strong><em>tum</em></strong></span> <span class='ocrx_word' id='word_1_334' title='bbox 1222 4000 1463 4070; x_wconf 89' lang='lat' dir='ltr'><strong><em>legamus</em></strong></span> <span class='ocrx_word' id='word_1_335' title='bbox 1484 4041 1498 4066; x_wconf 94' lang='lat'><strong><em>,</em></strong></span> <span class='ocrx_word' id='word_1_336' title='bbox 1517 3998 1612 4054; x_wconf 88' lang='lat' dir='ltr'><strong><em>sed</em></strong></span> <span class='ocrx_word' id='word_1_337' title='bbox 1632 4000 1810 4054; x_wconf 89' lang='lat' dir='ltr'><strong><em>statim</em></strong></span> <span class='ocrx_word' id='word_1_338' title='bbox 1833 4007 1953 4068; x_wconf 88' lang='lat' dir='ltr'><strong><em>post</em></strong></span> 
     </span>
    </p>
   </div>
   <div class='ocr_carea' id='block_1_43' title="bbox 364 4090 1951 4161">
    <p class='ocr_par' dir='ltr' id='par_1_43' title="bbox 364 4090 1951 4161">
     <span class='ocr_line' id='line_1_43' title="bbox 364 4090 1951 4161; baseline -0.004 -10"><span class='ocrx_word' id='word_1_339' title='bbox 364 4111 583 4152; x_wconf 85' lang='lat' dir='ltr'><strong><em>crucem</em></strong></span> <span class='ocrx_word' id='word_1_340' title='bbox 604 4136 620 4161; x_wconf 95' lang='lat'><strong><em>,</em></strong></span> <span class='ocrx_word' id='word_1_341' title='bbox 650 4106 704 4150; x_wconf 89' lang='lat' dir='ltr'><strong><em>et</em></strong></span> <span class='ocrx_word' id='word_1_342' title='bbox 724 4095 1171 4148; x_wconf 87' lang='lat' dir='ltr'><strong><em>resurrectionem</em></strong></span> <span class='ocrx_word' id='word_1_343' title='bbox 1193 4134 1209 4160; x_wconf 95' lang='lat'><strong><em>,</em></strong></span> <span class='ocrx_word' id='word_1_344' title='bbox 1237 4106 1454 4146; x_wconf 89' lang='lat' dir='ltr'><strong><em>causam</em></strong></span> <span class='ocrx_word' id='word_1_345' title='bbox 1480 4106 1694 4146; x_wconf 90' lang='lat' dir='ltr'><strong><em>omnem</em></strong></span> <span class='ocrx_word' id='word_1_346' title='bbox 1723 4090 1951 4160; x_wconf 86' lang='lat' dir='ltr'><strong><em>diligen-</em></strong></span> 
     </span>
    </p>
   </div>
   <div class='ocr_carea' id='block_1_44' title="bbox 367 4184 1950 4255">
    <p class='ocr_par' dir='ltr' id='par_1_44' title="bbox 367 4184 1950 4255">
     <span class='ocr_line' id='line_1_44' title="bbox 367 4184 1950 4255; baseline -0.004 -12"><span class='ocrx_word' id='word_1_347' title='bbox 367 4197 453 4243; x_wconf 87' lang='lat' dir='ltr'><strong><em>ter</em></strong></span> <span class='ocrx_word' id='word_1_348' title='bbox 489 4186 770 4241; x_wconf 86' lang='lat' dir='ltr'><strong><em>attendite.</em></strong></span> <span class='ocrx_word' id='word_1_349' title='bbox 817 4186 1012 4240; x_wconf 86' lang='lat' dir='ltr'><strong><em>Statim</em></strong></span> <span class='ocrx_word' id='word_1_350' title='bbox 1061 4193 1180 4255; x_wconf 89' lang='lat' dir='ltr'><strong><em>post</em></strong></span> <span class='ocrx_word' id='word_1_351' title='bbox 1222 4199 1472 4248; x_wconf 88' lang='lat' dir='ltr'><strong><em>crucem,</em></strong></span> <span class='ocrx_word' id='word_1_352' title='bbox 1502 4184 1950 4239; x_wconf 80' lang='lat' dir='ltr'><strong><em>resurrectionem</em></strong></span> 
     </span>
    </p>
   </div>
   <div class='ocr_carea' id='block_1_45' title="bbox 366 4275 1956 4346">
    <p class='ocr_par' dir='ltr' id='par_1_45' title="bbox 366 4275 1956 4346">
     <span class='ocr_line' id='line_1_45' title="bbox 366 4275 1956 4346; baseline -0.002 -13"><span class='ocrx_word' id='word_1_353' title='bbox 366 4278 566 4334; x_wconf 87' lang='lat' dir='ltr'><strong><em>Christi</em></strong></span> <span class='ocrx_word' id='word_1_354' title='bbox 587 4278 997 4332; x_wconf 90' lang='lat' dir='ltr'><strong><em>annuiitianius:</em></strong></span> <span class='ocrx_word' id='word_1_355' title='bbox 1023 4291 1182 4346; x_wconf 87' lang='lat' dir='ltr'><strong><em>porro</em></strong></span> <span class='ocrx_word' id='word_1_356' title='bbox 1201 4276 1586 4331; x_wconf 88' lang='lat' dir='ltr'><strong><em>demonstratio</em></strong></span> <span class='ocrx_word' id='word_1_357' title='bbox 1607 4275 1956 4330; x_wconf 86' lang='lat' dir='ltr'><strong><em>resurrectio-</em></strong></span> 
     </span>
    </p>
   </div>
   <div class='ocr_carea' id='block_1_46' title="bbox 367 4365 1958 4435">
    <p class='ocr_par' dir='ltr' id='par_1_46' title="bbox 367 4365 1958 4435">
     <span class='ocr_line' id='line_1_46' title="bbox 367 4365 1958 4435; baseline -0.004 -10"><span class='ocrx_word' id='word_1_358' title='bbox 367 4369 456 4425; x_wconf 91' lang='lat' dir='ltr'><strong><em>nis</em></strong></span> <span class='ocrx_word' id='word_1_359' title='bbox 480 4370 734 4423; x_wconf 83' lang='lat' dir='ltr'><strong><em>mirucula</em></strong></span> <span class='ocrx_word' id='word_1_360' title='bbox 755 4378 880 4422; x_wconf 90' lang='lat' dir='ltr'><strong><em>sunt</em></strong></span> <span class='ocrx_word' id='word_1_361' title='bbox 905 4367 1195 4435; x_wconf 88' lang='lat' dir='ltr'><strong><em>apostolica</em></strong></span> <span class='ocrx_word' id='word_1_362' title='bbox 1225 4385 1238 4420; x_wconf 95' lang='lat'><strong><em>:</em></strong></span> <span class='ocrx_word' id='word_1_363' title='bbox 1282 4365 1428 4435; x_wconf 88' lang='lat' dir='ltr'><strong><em>atqui</em></strong></span> <span class='ocrx_word' id='word_1_364' title='bbox 1459 4367 1589 4420; x_wconf 92' lang='lat' dir='ltr'><strong><em>nihil</em></strong></span> <span class='ocrx_word' id='word_1_365' title='bbox 1618 4366 1760 4420; x_wconf 90' lang='lat' dir='ltr'><strong><em>aliud</em></strong></span> <span class='ocrx_word' id='word_1_366' title='bbox 1790 4374 1873 4419; x_wconf 91' lang='lat' dir='ltr'><strong><em>est</em></strong></span> <span class='ocrx_word' id='word_1_367' title='bbox 1893 4365 1958 4419; x_wconf 89' lang='lat' dir='ltr'><strong><em>li-</em></strong></span> 
     </span>
    </p>
   </div>
   <div class='ocr_carea' id='block_1_47' title="bbox 367 4455 1953 4528">
    <p class='ocr_par' dir='ltr' id='par_1_47' title="bbox 367 4455 1953 4528">
     <span class='ocr_line' id='line_1_47' title="bbox 367 4455 1953 4528; baseline -0.003 -14"><span class='ocrx_word' id='word_1_368' title='bbox 367 4462 468 4514; x_wconf 88' lang='lat' dir='ltr'><strong><em>ber</em></strong></span> <span class='ocrx_word' id='word_1_369' title='bbox 494 4460 632 4524; x_wconf 92' lang='lat' dir='ltr'><strong><em>iste,</em></strong></span> <span class='ocrx_word' id='word_1_370' title='bbox 669 4474 827 4528; x_wconf 89' lang='lat' dir='ltr'><strong><em>quam</em></strong></span> <span class='ocrx_word' id='word_1_371' title='bbox 873 4458 1285 4526; x_wconf 85' lang='lat' dir='ltr'><strong><em>apostolicorum</em></strong></span> <span class='ocrx_word' id='word_1_372' title='bbox 1333 4456 1514 4510; x_wconf 87' lang='lat' dir='ltr'><strong><em>schola</em></strong></span> <span class='ocrx_word' id='word_1_373' title='bbox 1555 4455 1953 4510; x_wconf 89' lang='lat' dir='ltr'><strong><em>miraculorum.</em></strong></span> 
     </span>
    </p>
   </div>
   <div class='ocr_carea' id='block_1_48' title="bbox 367 4547 1954 4620">
    <p class='ocr_par' dir='ltr' id='par_1_48' title="bbox 367 4547 1954 4620">
     <span class='ocr_line' id='line_1_48' title="bbox 367 4547 1954 4620; baseline -0.003 -16"><span class='ocrx_word' id='word_1_374' title='bbox 367 4551 525 4618; x_wconf 83' lang='lat' dir='ltr'><strong><em>Quod</em></strong></span> <span class='ocrx_word' id='word_1_375' title='bbox 568 4551 726 4620; x_wconf 89' lang='lat' dir='ltr'><strong><em>igitur</em></strong></span> <span class='ocrx_word' id='word_1_376' title='bbox 773 4549 1057 4604; x_wconf 72' lang='lat' dir='ltr'><strong><em>dominica:</em></strong></span> <span class='ocrx_word' id='word_1_377' title='bbox 1103 4547 1511 4604; x_wconf 87' lang='lat' dir='ltr'><strong><em>resurrectionis</em></strong></span> <span class='ocrx_word' id='word_1_378' title='bbox 1539 4549 1769 4602; x_wconf 88' lang='lat' dir='ltr'><strong><em>maxime</em></strong></span> <span class='ocrx_word' id='word_1_379' title='bbox 1793 4547 1954 4604; x_wconf 83' lang='lat' dir='ltr'><strong><em>fidem</em></strong></span> 
     </span>
    </p>
   </div>
   <div class='ocr_carea' id='block_1_49' title="bbox 368 4638 1958 4710">
    <p class='ocr_par' dir='ltr' id='par_1_49' title="bbox 368 4638 1958 4710">
     <span class='ocr_line' id='line_1_49' title="bbox 368 4638 1958 4710; baseline -0.001 -15"><span class='ocrx_word' id='word_1_380' title='bbox 368 4643 531 4705; x_wconf 83' lang='lat' dir='ltr'><strong><em>facit,</em></strong></span> <span class='ocrx_word' id='word_1_381' title='bbox 563 4641 664 4694; x_wconf 92' lang='lat' dir='ltr'><strong><em>hoc</em></strong></span> <span class='ocrx_word' id='word_1_382' title='bbox 685 4641 864 4695; x_wconf 86' lang='lat' dir='ltr'><strong><em>statim</em></strong></span> <span class='ocrx_word' id='word_1_383' title='bbox 897 4649 1017 4710; x_wconf 89' lang='lat' dir='ltr'><strong><em>post</em></strong></span> <span class='ocrx_word' id='word_1_384' title='bbox 1041 4654 1254 4694; x_wconf 90' lang='lat' dir='ltr'><strong><em>crucem</em></strong></span> <span class='ocrx_word' id='word_1_385' title='bbox 1281 4647 1336 4693; x_wconf 89' lang='lat' dir='ltr'><strong><em>et</em></strong></span> <span class='ocrx_word' id='word_1_386' title='bbox 1373 4638 1495 4692; x_wconf 72' lang='lat' dir='ltr'><strong><em>vitae</em></strong></span> <span class='ocrx_word' id='word_1_387' title='bbox 1521 4639 1841 4708; x_wconf 85' lang='lat' dir='ltr'><strong><em>largitricem</em></strong></span> <span class='ocrx_word' id='word_1_388' title='bbox 1873 4653 1958 4694; x_wconf 85' lang='lat' dir='ltr'><strong><em>re-</em></strong></span> 
     </span>
    </p>
   </div>
   <div class='ocr_carea' id='block_1_50' title="bbox 371 4727 1958 4800">
    <p class='ocr_par' dir='ltr' id='par_1_50' title="bbox 371 4727 1958 4800">
     <span class='ocr_line' id='line_1_50' title="bbox 371 4727 1958 4800; baseline -0.004 -14"><span class='ocrx_word' id='word_1_389' title='bbox 371 4732 764 4786; x_wconf 85' lang='lat' dir='ltr'><strong><em>surrectionem</em></strong></span> <span class='ocrx_word' id='word_1_390' title='bbox 798 4738 974 4800; x_wconf 88' lang='lat' dir='ltr'><strong><em>patres</em></strong></span> <span class='ocrx_word' id='word_1_391' title='bbox 1019 4729 1121 4800; x_wconf 82' lang='lat' dir='ltr'><strong><em>legi</em></strong></span> <span class='ocrx_word' id='word_1_392' title='bbox 1147 4736 1467 4784; x_wconf 86' lang='lat' dir='ltr'><strong><em>statuerunt.</em></strong></span> <span class='ocrx_word' id='word_1_393' title='bbox 1499 4727 1646 4782; x_wconf 83' lang='lat' dir='ltr'><strong><em>Hanc</em></strong></span> <span class='ocrx_word' id='word_1_394' title='bbox 1687 4727 1844 4797; x_wconf 89' lang='lat' dir='ltr'><strong><em>igitur</em></strong></span> <span class='ocrx_word' id='word_1_395' title='bbox 1887 4727 1958 4781; x_wconf 90' lang='lat' dir='ltr'><strong><em>ob</em></strong></span> 
     </span>
    </p>
   </div>
   <div class='ocr_carea' id='block_1_51' title="bbox 367 4821 1958 4891">
    <p class='ocr_par' dir='ltr' id='par_1_51' title="bbox 367 4821 1958 4891">
     <span class='ocr_line' id='line_1_51' title="bbox 367 4821 1958 4891; baseline -0.005 -13"><span class='ocrx_word' id='word_1_396' title='bbox 367 4837 588 4878; x_wconf 70' lang='lat' dir='ltr'><strong><em>musam</em></strong></span> <span class='ocrx_word' id='word_1_397' title='bbox 616 4863 632 4886; x_wconf 87' lang='lat'><strong><em>,</em></strong></span> <span class='ocrx_word' id='word_1_398' title='bbox 674 4821 1043 4884; x_wconf 88' lang='lat' dir='ltr'><strong><em>dilectissimi,</em></strong></span> <span class='ocrx_word' id='word_1_399' title='bbox 1100 4821 1274 4875; x_wconf 87' lang='lat' dir='ltr'><strong><em>statim</em></strong></span> <span class='ocrx_word' id='word_1_400' title='bbox 1338 4828 1460 4891; x_wconf 89' lang='lat' dir='ltr'><strong><em>post</em></strong></span> <span class='ocrx_word' id='word_1_401' title='bbox 1499 4833 1712 4874; x_wconf 87' lang='lat' dir='ltr'><strong><em>crucem</em></strong></span> <span class='ocrx_word' id='word_1_402' title='bbox 1763 4831 1828 4871; x_wconf 91' lang='lat' dir='ltr'><strong><em>ac</em></strong></span> <span class='ocrx_word' id='word_1_403' title='bbox 1874 4832 1958 4871; x_wconf 87' lang='lat' dir='ltr'><strong><em>re-</em></strong></span> 
     </span>
    </p>
   </div>
   <div class='ocr_carea' id='block_1_52' title="bbox 366 4911 1957 4982">
    <p class='ocr_par' dir='ltr' id='par_1_52' title="bbox 366 4911 1957 4982">
     <span class='ocr_line' id='line_1_52' title="bbox 366 4911 1957 4982; baseline -0.006 -12"><span class='ocrx_word' id='word_1_404' title='bbox 366 4916 760 4970; x_wconf 85' lang='lat' dir='ltr'><strong><em>surrectionem</em></strong></span> <span class='ocrx_word' id='word_1_405' title='bbox 788 4915 1037 4967; x_wconf 89' lang='lat' dir='ltr'><strong><em>miracula</em></strong></span> <span class='ocrx_word' id='word_1_406' title='bbox 1066 4914 1288 4982; x_wconf 88' lang='lat' dir='ltr'><strong><em>legimus</em></strong></span> <span class='ocrx_word' id='word_1_407' title='bbox 1327 4911 1725 4981; x_wconf 89' lang='lat' dir='ltr'><strong><em>apostolorum,</em></strong></span> <span class='ocrx_word' id='word_1_408' title='bbox 1757 4918 1813 4962; x_wconf 90' lang='lat' dir='ltr'><strong><em>ut</em></strong></span> <span class='ocrx_word' id='word_1_409' title='bbox 1840 4923 1957 4962; x_wconf 88' lang='lat' dir='ltr'><strong><em>ma-</em></strong></span> 
     </span>
    </p>
   </div>
   <div class='ocr_carea' id='block_1_53' title="bbox 369 5002 1957 5072">
    <p class='ocr_par' dir='ltr' id='par_1_53' title="bbox 369 5002 1957 5072">
     <span class='ocr_line' id='line_1_53' title="bbox 369 5002 1957 5072; baseline -0.004 -11"><span class='ocrx_word' id='word_1_410' title='bbox 369 5007 625 5062; x_wconf 88' lang='lat' dir='ltr'><strong><em>nifestam</em></strong></span> <span class='ocrx_word' id='word_1_411' title='bbox 655 5015 709 5061; x_wconf 90' lang='lat' dir='ltr'><strong><em>et</em></strong></span> <span class='ocrx_word' id='word_1_412' title='bbox 761 5005 1109 5060; x_wconf 86' lang='lat' dir='ltr'><strong><em>indubitatam</em></strong></span> <span class='ocrx_word' id='word_1_413' title='bbox 1148 5003 1556 5058; x_wconf 89' lang='lat' dir='ltr'><strong><em>resurrectionis</em></strong></span> <span class='ocrx_word' id='word_1_414' title='bbox 1587 5002 1957 5072; x_wconf 87' lang='lat' dir='ltr'><strong><em>probationem</em></strong></span> 
     </span>
    </p>
   </div>
   <div class='ocr_carea' id='block_1_54' title="bbox 369 5092 1960 5162">
    <p class='ocr_par' dir='ltr' id='par_1_54' title="bbox 369 5092 1960 5162">
     <span class='ocr_line' id='line_1_54' title="bbox 369 5092 1960 5162; baseline -0.006 -11"><span class='ocrx_word' id='word_1_415' title='bbox 369 5099 687 5152; x_wconf 81' lang='lat' dir='ltr'><strong><em>habeamus.</em></strong></span> <span class='ocrx_word' id='word_1_416' title='bbox 721 5096 1020 5150; x_wconf 82' lang='lat' dir='ltr'><strong><em>Excitaiuni</em></strong></span> <span class='ocrx_word' id='word_1_417' title='bbox 1052 5095 1197 5147; x_wconf 90' lang='lat' dir='ltr'><strong><em>illum</em></strong></span> <span class='ocrx_word' id='word_1_418' title='bbox 1224 5109 1252 5146; x_wconf 90' lang='lat' dir='ltr'><strong><em>a</em></strong></span> <span class='ocrx_word' id='word_1_419' title='bbox 1282 5093 1506 5146; x_wconf 87' lang='lat' dir='ltr'><strong><em>mortuis</em></strong></span> <span class='ocrx_word' id='word_1_420' title='bbox 1535 5092 1807 5162; x_wconf 87' lang='lat' dir='ltr'><strong><em>corporeis</em></strong></span> <span class='ocrx_word' id='word_1_421' title='bbox 1831 5106 1960 5144; x_wconf 84' lang='lat' dir='ltr'><strong><em>ocu—</em></strong></span> 
     </span>
    </p>
   </div>
   <div class='ocr_carea' id='block_1_55' title="bbox 370 5181 1961 5250">
    <p class='ocr_par' dir='ltr' id='par_1_55' title="bbox 370 5181 1961 5250">
     <span class='ocr_line' id='line_1_55' title="bbox 370 5181 1961 5250; baseline -0.005 -8"><span class='ocrx_word' id='word_1_422' title='bbox 370 5189 438 5243; x_wconf 91' lang='lat' dir='ltr'><strong><em>lis</em></strong></span> <span class='ocrx_word' id='word_1_423' title='bbox 465 5202 573 5240; x_wconf 83' lang='lat' dir='ltr'><strong><em>non</em></strong></span> <span class='ocrx_word' id='word_1_424' title='bbox 599 5185 814 5250; x_wconf 89' lang='lat' dir='ltr'><strong><em>vidisti,</em></strong></span> <span class='ocrx_word' id='word_1_425' title='bbox 847 5184 942 5238; x_wconf 89' lang='lat' dir='ltr'><strong><em>sed</em></strong></span> <span class='ocrx_word' id='word_1_426' title='bbox 961 5184 1129 5238; x_wconf 89' lang='lat' dir='ltr'><strong><em>oculis</em></strong></span> <span class='ocrx_word' id='word_1_427' title='bbox 1150 5183 1271 5237; x_wconf 85' lang='lat' dir='ltr'><strong><em>ﬁdei</em></strong></span> <span class='ocrx_word' id='word_1_428' title='bbox 1301 5183 1478 5237; x_wconf 87' lang='lat' dir='ltr'><strong><em>cernis</em></strong></span> <span class='ocrx_word' id='word_1_429' title='bbox 1499 5182 1646 5235; x_wconf 92' lang='lat' dir='ltr'><strong><em>illuni</em></strong></span> <span class='ocrx_word' id='word_1_430' title='bbox 1677 5196 1704 5234; x_wconf 88' lang='lat' dir='ltr'><strong><em>a</em></strong></span> <span class='ocrx_word' id='word_1_431' title='bbox 1733 5181 1961 5234; x_wconf 81' lang='lat' dir='ltr'><strong><em>mortuis</em></strong></span> 
     </span>
    </p>
   </div>
   <div class='ocr_carea' id='block_1_56' title="bbox 368 5271 1960 5333">
    <p class='ocr_par' dir='ltr' id='par_1_56' title="bbox 368 5271 1960 5333">
     <span class='ocr_line' id='line_1_56' title="bbox 368 5271 1960 5333; baseline -0.006 0"><span class='ocrx_word' id='word_1_432' title='bbox 368 5279 691 5333; x_wconf 73' lang='lat' dir='ltr'><strong><em>excitatura.</em></strong></span> <span class='ocrx_word' id='word_1_433' title='bbox 712 5276 828 5330; x_wconf 86' lang='lat' dir='ltr'><strong><em>Non</em></strong></span> <span class='ocrx_word' id='word_1_434' title='bbox 847 5275 1023 5330; x_wconf 83' lang='lat' dir='ltr'><strong><em>vidisti</em></strong></span> <span class='ocrx_word' id='word_1_435' title='bbox 1053 5276 1199 5329; x_wconf 87' lang='lat' dir='ltr'><strong><em>illum</em></strong></span> <span class='ocrx_word' id='word_1_436' title='bbox 1226 5274 1310 5328; x_wconf 88' lang='lat' dir='ltr'><strong><em>his</em></strong></span> <span class='ocrx_word' id='word_1_437' title='bbox 1333 5273 1502 5327; x_wconf 88' lang='lat' dir='ltr'><strong><em>oculis</em></strong></span> <span class='ocrx_word' id='word_1_438' title='bbox 1522 5288 1551 5325; x_wconf 91' lang='lat' dir='ltr'><strong><em>a</em></strong></span> <span class='ocrx_word' id='word_1_439' title='bbox 1573 5271 1796 5325; x_wconf 91' lang='lat' dir='ltr'><strong><em>mortuis</em></strong></span> <span class='ocrx_word' id='word_1_440' title='bbox 1822 5275 1960 5324; x_wconf 86' lang='lat' dir='ltr'><strong><em>excl-</em></strong></span> 
     </span>
    </p>
   </div>
   <div class='ocr_carea' id='block_1_57' title="bbox 370 5362 1958 5439">
    <p class='ocr_par' dir='ltr' id='par_1_57' title="bbox 370 5362 1958 5439">
     <span class='ocr_line' id='line_1_57' title="bbox 370 5362 1958 5439; baseline -0.006 -14"><span class='ocrx_word' id='word_1_441' title='bbox 370 5381 542 5425; x_wconf 79' lang='lat' dir='ltr'><strong><em>tatum</em></strong></span> <span class='ocrx_word' id='word_1_442' title='bbox 564 5411 579 5435; x_wconf 97' lang='lat'><strong><em>,</em></strong></span> <span class='ocrx_word' id='word_1_443' title='bbox 607 5379 662 5422; x_wconf 88' lang='lat' dir='ltr'><strong><em>at</em></strong></span> <span class='ocrx_word' id='word_1_444' title='bbox 688 5384 782 5439; x_wconf 85' lang='lat' dir='ltr'><strong><em>per</em></strong></span> <span class='ocrx_word' id='word_1_445' title='bbox 811 5369 900 5424; x_wconf 90' lang='lat' dir='ltr'><strong><em>illa</em></strong></span> <span class='ocrx_word' id='word_1_446' title='bbox 919 5367 1171 5422; x_wconf 86' lang='lat' dir='ltr'><strong><em>miracula</em></strong></span> <span class='ocrx_word' id='word_1_447' title='bbox 1197 5366 1485 5421; x_wconf 82' lang='lat' dir='ltr'><strong><em>excitatum</em></strong></span> <span class='ocrx_word' id='word_1_448' title='bbox 1507 5365 1652 5418; x_wconf 91' lang='lat' dir='ltr'><strong><em>illum</em></strong></span> <span class='ocrx_word' id='word_1_449' title='bbox 1675 5377 1706 5417; x_wconf 91' lang='lat' dir='ltr'><strong><em>a</em></strong></span> <span class='ocrx_word' id='word_1_450' title='bbox 1734 5362 1958 5417; x_wconf 89' lang='lat' dir='ltr'><strong><em>mortuis</em></strong></span> 
     </span>
    </p>
   </div>
   <div class='ocr_carea' id='block_1_58' title="bbox 370 5453 1958 5526">
    <p class='ocr_par' dir='ltr' id='par_1_58' title="bbox 370 5453 1958 5526">
     <span class='ocr_line' id='line_1_58' title="bbox 370 5453 1958 5526; baseline -0.007 -10"><span class='ocrx_word' id='word_1_451' title='bbox 370 5462 675 5518; x_wconf 83' lang='lat' dir='ltr'><strong><em>intuebere.</em></strong></span> <span class='ocrx_word' id='word_1_452' title='bbox 713 5458 796 5514; x_wconf 79' lang='lat' dir='ltr'><strong><em>Ad</em></strong></span> <span class='ocrx_word' id='word_1_453' title='bbox 822 5459 966 5514; x_wconf 87' lang='lat' dir='ltr'><strong><em>illum</em></strong></span> <span class='ocrx_word' id='word_1_454' title='bbox 995 5459 1135 5513; x_wconf 91' lang='lat' dir='ltr'><strong><em>enini</em></strong></span> <span class='ocrx_word' id='word_1_455' title='bbox 1169 5456 1286 5511; x_wconf 87' lang='lat' dir='ltr'><strong><em>fidei</em></strong></span> <span class='ocrx_word' id='word_1_456' title='bbox 1316 5464 1657 5526; x_wconf 88' lang='lat' dir='ltr'><strong><em>conspectum</em></strong></span> <span class='ocrx_word' id='word_1_457' title='bbox 1687 5453 1958 5522; x_wconf 89' lang='lat' dir='ltr'><strong><em>signorum</em></strong></span> 
     </span>
    </p>
   </div>
   <div class='ocr_carea' id='block_1_59' title="bbox 369 5546 1958 5623">
    <p class='ocr_par' dir='ltr' id='par_1_59' title="bbox 369 5546 1958 5623">
     <span class='ocr_line' id='line_1_59' title="bbox 369 5546 1958 5623; baseline -0.005 -15"><span class='ocrx_word' id='word_1_458' title='bbox 369 5555 631 5610; x_wconf 83' lang='lat' dir='ltr'><strong><em>exhibitio</em></strong></span> <span class='ocrx_word' id='word_1_459' title='bbox 660 5563 711 5609; x_wconf 90' lang='lat' dir='ltr'><strong><em>te</em></strong></span> <span class='ocrx_word' id='word_1_460' title='bbox 731 5553 964 5609; x_wconf 91' lang='lat' dir='ltr'><strong><em>deducit.</em></strong></span> <span class='ocrx_word' id='word_1_461' title='bbox 996 5553 1180 5623; x_wconf 90' lang='lat' dir='ltr'><strong><em>Itaque</em></strong></span> <span class='ocrx_word' id='word_1_462' title='bbox 1201 5551 1368 5605; x_wconf 89' lang='lat' dir='ltr'><strong><em>multo</em></strong></span> <span class='ocrx_word' id='word_1_463' title='bbox 1387 5551 1557 5619; x_wconf 84' lang='lat' dir='ltr'><strong><em>major</em></strong></span> <span class='ocrx_word' id='word_1_464' title='bbox 1581 5557 1635 5603; x_wconf 90' lang='lat' dir='ltr'><strong><em>et</em></strong></span> <span class='ocrx_word' id='word_1_465' title='bbox 1661 5546 1958 5604; x_wconf 88' lang='lat' dir='ltr'><strong><em>evidentior</em></strong></span> 
     </span>
    </p>
   </div>
   <div class='ocr_carea' id='block_1_60' title="bbox 371 5635 1950 5714">
    <p class='ocr_par' dir='ltr' id='par_1_60' title="bbox 371 5635 1950 5714">
     <span class='ocr_line' id='line_1_60' title="bbox 371 5635 1950 5714; baseline -0.006 -13"><span class='ocrx_word' id='word_1_466' title='bbox 371 5644 461 5701; x_wconf 82' lang='lat' dir='ltr'><strong><em>illa</em></strong></span> <span class='ocrx_word' id='word_1_467' title='bbox 489 5644 589 5700; x_wconf 89' lang='lat' dir='ltr'><strong><em>fuit</em></strong></span> <span class='ocrx_word' id='word_1_468' title='bbox 607 5643 1024 5709; x_wconf 82' lang='lat' dir='ltr'><strong><em>demonstratio,</em></strong></span> <span class='ocrx_word' id='word_1_469' title='bbox 1053 5641 1193 5714; x_wconf 88' lang='lat' dir='ltr'><strong><em>quod</em></strong></span> <span class='ocrx_word' id='word_1_470' title='bbox 1217 5641 1269 5695; x_wconf 91' lang='lat' dir='ltr'><strong><em>in</em></strong></span> <span class='ocrx_word' id='word_1_471' title='bbox 1300 5640 1417 5709; x_wconf 85' lang='lat' dir='ltr'><strong><em>ejus</em></strong></span> <span class='ocrx_word' id='word_1_472' title='bbox 1446 5638 1660 5695; x_wconf 87' lang='lat' dir='ltr'><strong><em>nomine</em></strong></span> <span class='ocrx_word' id='word_1_473' title='bbox 1681 5638 1828 5710; x_wconf 86' lang='lat' dir='ltr'><strong><em>signa</em></strong></span> <span class='ocrx_word' id='word_1_474' title='bbox 1855 5635 1950 5692; x_wconf 82' lang='lat' dir='ltr'><strong><em>fic-</em></strong></span> 
     </span>
    </p>
   </div>
   <div class='ocr_carea' id='block_1_61' title="bbox 1030 268 2997 335">
    <p class='ocr_par' dir='ltr' id='par_1_61' title="bbox 1030 268 2997 335">
     <span class='ocr_line' id='line_1_61' title="bbox 1030 268 2997 335; baseline -0.002 -3"><span class='ocrx_word' id='word_1_475' title='bbox 1030 275 1173 332; x_wconf 75' lang='lat' dir='ltr'><strong><em>CUR</em></strong></span> <span class='ocrx_word' id='word_1_476' title='bbox 1215 274 1278 331; x_wconf 87' lang='lat' dir='ltr'><strong><em>IN</em></strong></span> <span class='ocrx_word' id='word_1_477' title='bbox 1318 272 1605 330; x_wconf 73' lang='lat' dir='ltr'><strong><em>PENTEC.</em></strong></span> <span class='ocrx_word' id='word_1_478' title='bbox 1649 268 1850 335; x_wconf 77' lang='lat' dir='ltr'><strong><em>ACTA,</em></strong></span> <span class='ocrx_word' id='word_1_479' title='bbox 1893 269 2043 326; x_wconf 81' lang='lat' dir='ltr'><strong><em>ETC.</em></strong></span> <span class='ocrx_word' id='word_1_480' title='bbox 2085 268 2151 324; x_wconf 81' lang='grc' dir='ltr'><strong><em>ΙΝ</em></strong></span> <span class='ocrx_word' id='word_1_481' title='bbox 2190 269 2476 326; x_wconf 81' lang='lat' dir='ltr'><strong><em>PRINCIP.</em></strong></span> <span class='ocrx_word' id='word_1_482' title='bbox 2519 270 2862 334; x_wconf 74' lang='lat' dir='ltr'><strong><em>ACTDRUM.</em></strong></span> <span class='ocrx_word' id='word_1_483' title='bbox 2909 271 2997 329; x_wconf 85' lang='lat' dir='ltr'><strong><em>IV.</em></strong></span> 
     </span>
    </p>
   </div>
   <div class='ocr_carea' id='block_1_62' title="bbox 3532 280 3637 337">
    <p class='ocr_par' dir='ltr' id='par_1_62' title="bbox 3532 280 3637 337">
     <span class='ocr_line' id='line_1_62' title="bbox 3532 280 3637 337; baseline 0.019 -2"><span class='ocrx_word' id='word_1_484' title='bbox 3532 280 3637 337; x_wconf 75' lang='grc' dir='ltr'><strong><em>ιυο</em></strong></span> 
     </span>
    </p>
   </div>
   <div class='ocr_carea' id='block_1_63' title="bbox 2058 383 3664 458">
    <p class='ocr_par' dir='ltr' id='par_1_63' title="bbox 2058 383 3664 458">
     <span class='ocr_line' id='line_1_63' title="bbox 2058 383 3664 458; baseline 0.006 -21"><span class='ocrx_word' id='word_1_485' title='bbox 2058 391 2206 446; x_wconf 81' lang='lat' dir='ltr'><strong><em>rent,</em></strong></span> <span class='ocrx_word' id='word_1_486' title='bbox 2237 398 2396 452; x_wconf 91' lang='lat' dir='ltr'><strong><em>quam</em></strong></span> <span class='ocrx_word' id='word_1_487' title='bbox 2422 383 2565 453; x_wconf 90' lang='lat' dir='ltr'><strong><em>quod</em></strong></span> <span class='ocrx_word' id='word_1_488' title='bbox 2591 385 2852 440; x_wconf 87' lang='lat' dir='ltr'><strong><em>excitatus</em></strong></span> <span class='ocrx_word' id='word_1_489' title='bbox 2881 386 2972 441; x_wconf 89' lang='lat' dir='ltr'><strong><em>ille</em></strong></span> <span class='ocrx_word' id='word_1_490' title='bbox 2997 401 3028 440; x_wconf 90' lang='lat' dir='ltr'><strong><em>a</em></strong></span> <span class='ocrx_word' id='word_1_491' title='bbox 3057 388 3281 442; x_wconf 85' lang='lat' dir='ltr'><strong><em>mortuis</em></strong></span> <span class='ocrx_word' id='word_1_492' title='bbox 3326 401 3628 458; x_wconf 59' lang='lat' dir='ltr'><strong><em>appareret.</em></strong></span> <span class='ocrx_word' id='word_1_493' title='bbox 3660 393 3664 398; x_wconf 89' lang='grc'><em>’</em></span> 
     </span>
    </p>
   </div>
   <div class='ocr_carea' id='block_1_64' title="bbox 2056 472 3630 545">
    <p class='ocr_par' dir='ltr' id='par_1_64' title="bbox 2056 472 3630 545">
     <span class='ocr_line' id='line_1_64' title="bbox 2056 472 3630 545; baseline 0.006 -17"><span class='ocrx_word' id='word_1_494' title='bbox 2056 472 2218 528; x_wconf 88' lang='lat' dir='ltr'><strong><em>Visne</em></strong></span> <span class='ocrx_word' id='word_1_495' title='bbox 2245 474 2540 544; x_wconf 88' lang='lat' dir='ltr'><strong><em>intelligere</em></strong></span> <span class='ocrx_word' id='word_1_496' title='bbox 2558 516 2573 539; x_wconf 92' lang='lat'><strong><em>,</em></strong></span> <span class='ocrx_word' id='word_1_497' title='bbox 2601 489 2710 545; x_wconf 86' lang='lat' dir='ltr'><strong><em>quo</em></strong></span> <span class='ocrx_word' id='word_1_498' title='bbox 2739 486 2892 545; x_wconf 88' lang='lat' dir='ltr'><strong><em>pacto</em></strong></span> <span class='ocrx_word' id='word_1_499' title='bbox 2929 477 3186 545; x_wconf 86' lang='lat' dir='ltr'><strong><em>majorem</em></strong></span> <span class='ocrx_word' id='word_1_500' title='bbox 3217 480 3630 537; x_wconf 87' lang='lat' dir='ltr'><strong><em>resurrectionis</em></strong></span> 
     </span>
    </p>
   </div>
   <div class='ocr_carea' id='block_1_65' title="bbox 2054 561 3635 635">
    <p class='ocr_par' dir='ltr' id='par_1_65' title="bbox 2054 561 3635 635">
     <span class='ocr_line' id='line_1_65' title="bbox 2054 561 3635 635; baseline 0.006 -19"><span class='ocrx_word' id='word_1_501' title='bbox 2054 561 2192 616; x_wconf 90' lang='lat' dir='ltr'><strong><em>istud</em></strong></span> <span class='ocrx_word' id='word_1_502' title='bbox 2223 563 2380 618; x_wconf 75' lang='lat' dir='ltr'><strong><em>(idem</em></strong></span> <span class='ocrx_word' id='word_1_503' title='bbox 2421 562 2606 629; x_wconf 80' lang='lat' dir='ltr'><strong><em>faciat,</em></strong></span> <span class='ocrx_word' id='word_1_504' title='bbox 2636 581 2791 635; x_wconf 90' lang='lat' dir='ltr'><strong><em>quam</em></strong></span> <span class='ocrx_word' id='word_1_505' title='bbox 2822 566 2869 620; x_wconf 87' lang='lat' dir='ltr'><strong><em>si</em></strong></span> <span class='ocrx_word' id='word_1_506' title='bbox 2896 568 3133 621; x_wconf 90' lang='lat' dir='ltr'><strong><em>omnium</em></strong></span> <span class='ocrx_word' id='word_1_507' title='bbox 3164 567 3437 623; x_wconf 87' lang='lat' dir='ltr'><strong><em>hominum</em></strong></span> <span class='ocrx_word' id='word_1_508' title='bbox 3463 573 3635 626; x_wconf 86' lang='lat' dir='ltr'><strong><em>oculis</em></strong></span> 
     </span>
    </p>
   </div>
   <div class='ocr_carea' id='block_1_66' title="bbox 2051 652 3632 716">
    <p class='ocr_par' dir='ltr' id='par_1_66' title="bbox 2051 652 3632 716">
     <span class='ocr_line' id='line_1_66' title="bbox 2051 652 3632 716; baseline 0.006 -9"><span class='ocrx_word' id='word_1_509' title='bbox 2051 666 2172 707; x_wconf 85' lang='lat' dir='ltr'><strong><em>sese</em></strong></span> <span class='ocrx_word' id='word_1_510' title='bbox 2220 652 2531 709; x_wconf 86' lang='lat' dir='ltr'><strong><em>intuendum</em></strong></span> <span class='ocrx_word' id='word_1_511' title='bbox 2570 655 2900 711; x_wconf 85' lang='lat' dir='ltr'><strong><em>obtulisset?</em></strong></span> <span class='ocrx_word' id='word_1_512' title='bbox 2926 657 3226 713; x_wconf 87' lang='lat' dir='ltr'><strong><em>Prudenter</em></strong></span> <span class='ocrx_word' id='word_1_513' title='bbox 3254 661 3511 716; x_wconf 81' lang='lat' dir='ltr'><strong><em>attendite</em></strong></span> <span class='ocrx_word' id='word_1_514' title='bbox 3543 677 3556 714; x_wconf 94' lang='lat'><strong><em>:</em></strong></span> <span class='ocrx_word' id='word_1_515' title='bbox 3587 662 3632 716; x_wconf 89' lang='lat' dir='ltr'><strong><em>si</em></strong></span> 
     </span>
    </p>
   </div>
   <div class='ocr_carea' id='block_1_67' title="bbox 2052 741 3630 817">
    <p class='ocr_par' dir='ltr' id='par_1_67' title="bbox 2052 741 3630 817">
     <span class='ocr_line' id='line_1_67' title="bbox 2052 741 3630 817; baseline 0.008 -23"><span class='ocrx_word' id='word_1_516' title='bbox 2052 741 2273 810; x_wconf 87' lang='lat' dir='ltr'><strong><em>quidem</em></strong></span> <span class='ocrx_word' id='word_1_517' title='bbox 2302 743 2454 798; x_wconf 83' lang='lat' dir='ltr'><strong><em>multi</em></strong></span> <span class='ocrx_word' id='word_1_518' title='bbox 2478 755 2752 812; x_wconf 78' lang='lat' dir='ltr'><strong><em>quaerunt,</em></strong></span> <span class='ocrx_word' id='word_1_519' title='bbox 2771 755 2825 801; x_wconf 88' lang='lat' dir='ltr'><strong><em>et</em></strong></span> <span class='ocrx_word' id='word_1_520' title='bbox 2844 746 3029 801; x_wconf 87' lang='lat' dir='ltr'><strong><em>dicunt</em></strong></span> <span class='ocrx_word' id='word_1_521' title='bbox 3057 765 3072 801; x_wconf 94' lang='lat'><strong><em>:</em></strong></span> <span class='ocrx_word' id='word_1_522' title='bbox 3100 748 3269 816; x_wconf 88' lang='lat' dir='ltr'><strong><em>Quam</em></strong></span> <span class='ocrx_word' id='word_1_523' title='bbox 3298 751 3368 804; x_wconf 79' lang='lat' dir='ltr'><strong><em>ob</em></strong></span> <span class='ocrx_word' id='word_1_524' title='bbox 3389 765 3630 817; x_wconf 88' lang='lat' dir='ltr'><strong><em>causam,</em></strong></span> 
     </span>
    </p>
   </div>
   <div class='ocr_carea' id='block_1_68' title="bbox 2051 835 3629 910">
    <p class='ocr_par' dir='ltr' id='par_1_68' title="bbox 2051 835 3629 910">
     <span class='ocr_line' id='line_1_68' title="bbox 2051 835 3629 910; baseline 0.008 -26"><span class='ocrx_word' id='word_1_525' title='bbox 2051 846 2174 885; x_wconf 89' lang='lat' dir='ltr'><strong><em>cum</em></strong></span> <span class='ocrx_word' id='word_1_526' title='bbox 2203 835 2587 890; x_wconf 84' lang='lat' dir='ltr'><strong><em>resurrexisset</em></strong></span> <span class='ocrx_word' id='word_1_527' title='bbox 2605 877 2618 898; x_wconf 93' lang='lat'><strong><em>,</em></strong></span> <span class='ocrx_word' id='word_1_528' title='bbox 2652 851 2759 890; x_wconf 89' lang='lat' dir='ltr'><strong><em>non</em></strong></span> <span class='ocrx_word' id='word_1_529' title='bbox 2787 837 2966 890; x_wconf 87' lang='lat' dir='ltr'><strong><em>statim</em></strong></span> <span class='ocrx_word' id='word_1_530' title='bbox 3007 837 3209 893; x_wconf 70' lang='lat' dir='ltr'><strong><em>Judaiis</em></strong></span> <span class='ocrx_word' id='word_1_531' title='bbox 3232 843 3517 910; x_wconf 79' lang='lat' dir='ltr'><strong><em>apparuit?</em></strong></span> <span class='ocrx_word' id='word_1_532' title='bbox 3537 859 3629 896; x_wconf 85' lang='lat' dir='ltr'><strong><em>ve-</em></strong></span> 
     </span>
    </p>
   </div>
   <div class='ocr_carea' id='block_1_69' title="bbox 2053 931 3626 993">
    <p class='ocr_par' dir='ltr' id='par_1_69' title="bbox 2053 931 3626 993">
     <span class='ocr_line' id='line_1_69' title="bbox 2053 931 3626 993; baseline 0.011 -18"><span class='ocrx_word' id='word_1_533' title='bbox 2053 939 2172 975; x_wconf 90' lang='lat' dir='ltr'><strong><em>rum</em></strong></span> <span class='ocrx_word' id='word_1_534' title='bbox 2202 937 2630 993; x_wconf 88' lang='lat' dir='ltr'><strong><em>supervacaneus</em></strong></span> <span class='ocrx_word' id='word_1_535' title='bbox 2657 935 2711 981; x_wconf 91' lang='lat' dir='ltr'><strong><em>et</em></strong></span> <span class='ocrx_word' id='word_1_536' title='bbox 2752 943 2920 982; x_wconf 82' lang='lat' dir='ltr'><strong><em>vanus</em></strong></span> <span class='ocrx_word' id='word_1_537' title='bbox 2944 938 3026 984; x_wconf 87' lang='lat' dir='ltr'><strong><em>est</em></strong></span> <span class='ocrx_word' id='word_1_538' title='bbox 3051 931 3151 984; x_wconf 87' lang='lat' dir='ltr'><strong><em>iste</em></strong></span> <span class='ocrx_word' id='word_1_539' title='bbox 3175 945 3375 987; x_wconf 88' lang='lat' dir='ltr'><strong><em>sermo.</em></strong></span> <span class='ocrx_word' id='word_1_540' title='bbox 3405 932 3461 989; x_wconf 88' lang='lat' dir='ltr'><strong><em>Si</em></strong></span> <span class='ocrx_word' id='word_1_541' title='bbox 3488 935 3626 992; x_wconf 88' lang='lat' dir='ltr'><strong><em>enini</em></strong></span> 
     </span>
    </p>
   </div>
   <div class='ocr_carea' id='block_1_70' title="bbox 2051 1012 3624 1087">
    <p class='ocr_par' dir='ltr' id='par_1_70' title="bbox 2051 1012 3624 1087">
     <span class='ocr_line' id='line_1_70' title="bbox 2051 1012 3624 1087; baseline 0.008 -22"><span class='ocrx_word' id='word_1_542' title='bbox 2051 1012 2116 1066; x_wconf 89' lang='lat' dir='ltr'><strong><em>ad</em></strong></span> <span class='ocrx_word' id='word_1_543' title='bbox 2149 1013 2307 1067; x_wconf 79' lang='lat' dir='ltr'><strong><em>[idem</em></strong></span> <span class='ocrx_word' id='word_1_544' title='bbox 2331 1014 2451 1068; x_wconf 86' lang='lat' dir='ltr'><strong><em>illos</em></strong></span> <span class='ocrx_word' id='word_1_545' title='bbox 2469 1015 2792 1084; x_wconf 88' lang='lat' dir='ltr'><strong><em>pellecturus</em></strong></span> <span class='ocrx_word' id='word_1_546' title='bbox 2818 1017 3021 1084; x_wconf 87' lang='lat' dir='ltr'><strong><em>fuisset,</em></strong></span> <span class='ocrx_word' id='word_1_547' title='bbox 3049 1027 3168 1087; x_wconf 91' lang='lat' dir='ltr'><strong><em>post</em></strong></span> <span class='ocrx_word' id='word_1_548' title='bbox 3183 1023 3624 1081; x_wconf 83' lang='lat' dir='ltr'><strong><em>resurrectionem</em></strong></span> 
     </span>
    </p>
   </div>
   <div class='ocr_carea' id='block_1_71' title="bbox 2050 1104 3635 1184">
    <p class='ocr_par' dir='ltr' id='par_1_71' title="bbox 2050 1104 3635 1184">
     <span class='ocr_line' id='line_1_71' title="bbox 2050 1104 3635 1184; baseline 0.007 -28"><span class='ocrx_word' id='word_1_549' title='bbox 2050 1104 2300 1158; x_wconf 89' lang='lat' dir='ltr'><strong><em>omnibus</em></strong></span> <span class='ocrx_word' id='word_1_550' title='bbox 2330 1120 2588 1174; x_wconf 86' lang='lat' dir='ltr'><strong><em>apparere</em></strong></span> <span class='ocrx_word' id='word_1_551' title='bbox 2618 1123 2724 1160; x_wconf 90' lang='lat' dir='ltr'><strong><em>non</em></strong></span> <span class='ocrx_word' id='word_1_552' title='bbox 2765 1120 3068 1164; x_wconf 89' lang='lat' dir='ltr'><strong><em>recusasset</em></strong></span> <span class='ocrx_word' id='word_1_553' title='bbox 3098 1127 3112 1162; x_wconf 94' lang='lat'><strong><em>:</em></strong></span> <span class='ocrx_word' id='word_1_554' title='bbox 3151 1119 3404 1165; x_wconf 73' lang='lat' dir='ltr'><strong><em>cieterum</em></strong></span> <span class='ocrx_word' id='word_1_555' title='bbox 3437 1128 3635 1184; x_wconf 79' lang='lat' dir='ltr'><strong><em>nequa-</em></strong></span> 
     </span>
    </p>
   </div>
   <div class='ocr_carea' id='block_1_72' title="bbox 2050 1197 3636 1268">
    <p class='ocr_par' dir='ltr' id='par_1_72' title="bbox 2050 1197 3636 1268">
     <span class='ocr_line' id='line_1_72' title="bbox 2050 1197 3636 1268; baseline 0.009 -23"><span class='ocrx_word' id='word_1_556' title='bbox 2050 1209 2206 1263; x_wconf 88' lang='lat' dir='ltr'><strong><em>quam</em></strong></span> <span class='ocrx_word' id='word_1_557' title='bbox 2237 1209 2332 1249; x_wconf 85' lang='lat' dir='ltr'><strong><em>eos</em></strong></span> <span class='ocrx_word' id='word_1_558' title='bbox 2371 1210 2430 1250; x_wconf 88' lang='lat' dir='ltr'><strong><em>se</em></strong></span> <span class='ocrx_word' id='word_1_559' title='bbox 2456 1197 2802 1265; x_wconf 87' lang='lat' dir='ltr'><strong><em>pellecturum</em></strong></span> <span class='ocrx_word' id='word_1_560' title='bbox 2832 1198 3028 1263; x_wconf 75' lang='lat' dir='ltr'><strong><em>fuisse,</em></strong></span> <span class='ocrx_word' id='word_1_561' title='bbox 3057 1199 3101 1254; x_wconf 91' lang='lat' dir='ltr'><strong><em>si</em></strong></span> <span class='ocrx_word' id='word_1_562' title='bbox 3147 1210 3266 1268; x_wconf 90' lang='lat' dir='ltr'><strong><em>post</em></strong></span> <span class='ocrx_word' id='word_1_563' title='bbox 3295 1205 3636 1258; x_wconf 52' lang='lat' dir='ltr'><strong><em>resurrectio.</em></strong></span> 
     </span>
    </p>
   </div>
   <div class='ocr_carea' id='block_1_73' title="bbox 2051 1287 3633 1359">
    <p class='ocr_par' dir='ltr' id='par_1_73' title="bbox 2051 1287 3633 1359">
     <span class='ocr_line' id='line_1_73' title="bbox 2051 1287 3633 1359; baseline 0.005 -19"><span class='ocrx_word' id='word_1_564' title='bbox 2051 1302 2173 1341; x_wconf 89' lang='lat' dir='ltr'><strong><em>nem</em></strong></span> <span class='ocrx_word' id='word_1_565' title='bbox 2203 1287 2307 1342; x_wconf 88' lang='lat' dir='ltr'><strong><em>illis</em></strong></span> <span class='ocrx_word' id='word_1_566' title='bbox 2333 1290 2700 1358; x_wconf 88' lang='lat' dir='ltr'><strong><em>apparuisset,</em></strong></span> <span class='ocrx_word' id='word_1_567' title='bbox 2733 1305 2828 1359; x_wconf 88' lang='lat' dir='ltr'><strong><em>per</em></strong></span> <span class='ocrx_word' id='word_1_568' title='bbox 2871 1290 3128 1346; x_wconf 78' lang='lat' dir='ltr'><strong><em>Lazarum</em></strong></span> <span class='ocrx_word' id='word_1_569' title='bbox 3175 1292 3446 1348; x_wconf 89' lang='lat' dir='ltr'><strong><em>indicavit.</em></strong></span> <span class='ocrx_word' id='word_1_570' title='bbox 3497 1293 3633 1350; x_wconf 88' lang='lat' dir='ltr'><strong><em>Cum</em></strong></span> 
     </span>
    </p>
   </div>
   <div class='ocr_carea' id='block_1_74' title="bbox 2046 1376 3634 1450">
    <p class='ocr_par' dir='ltr' id='par_1_74' title="bbox 2046 1376 3634 1450">
     <span class='ocr_line' id='line_1_74' title="bbox 2046 1376 3634 1450; baseline 0.004 -19"><span class='ocrx_word' id='word_1_571' title='bbox 2046 1377 2191 1431; x_wconf 89' lang='lat' dir='ltr'><strong><em>enim</em></strong></span> <span class='ocrx_word' id='word_1_572' title='bbox 2246 1376 2388 1435; x_wconf 90' lang='lat' dir='ltr'><strong><em>hunc</em></strong></span> <span class='ocrx_word' id='word_1_573' title='bbox 2428 1379 2837 1447; x_wconf 89' lang='lat' dir='ltr'><strong><em>quatriduanum</em></strong></span> <span class='ocrx_word' id='word_1_574' title='bbox 2884 1392 3183 1448; x_wconf 84' lang='lat' dir='ltr'><strong><em>mortuum,</em></strong></span> <span class='ocrx_word' id='word_1_575' title='bbox 3231 1383 3540 1450; x_wconf 60' lang='lat' dir='ltr'><strong><em>fatentem,</em></strong></span> <span class='ocrx_word' id='word_1_576' title='bbox 3577 1393 3634 1440; x_wconf 86' lang='lat' dir='ltr'><strong><em>et</em></strong></span> 
     </span>
    </p>
   </div>
   <div class='ocr_carea' id='block_1_75' title="bbox 2047 1469 3633 1541">
    <p class='ocr_par' dir='ltr' id='par_1_75' title="bbox 2047 1469 3633 1541">
     <span class='ocr_line' id='line_1_75' title="bbox 2047 1469 3633 1541; baseline 0.004 -20"><span class='ocrx_word' id='word_1_577' title='bbox 2047 1476 2357 1536; x_wconf 87' lang='lat' dir='ltr'><strong><em>corruptum</em></strong></span> <span class='ocrx_word' id='word_1_578' title='bbox 2387 1470 2731 1537; x_wconf 86' lang='lat' dir='ltr'><strong><em>suscitasset,</em></strong></span> <span class='ocrx_word' id='word_1_579' title='bbox 2771 1479 2825 1524; x_wconf 92' lang='lat' dir='ltr'><strong><em>ct</em></strong></span> <span class='ocrx_word' id='word_1_580' title='bbox 2853 1469 3120 1538; x_wconf 76' lang='lat' dir='ltr'><strong><em>eﬂecisset</em></strong></span> <span class='ocrx_word' id='word_1_581' title='bbox 3139 1479 3196 1525; x_wconf 89' lang='lat' dir='ltr'><strong><em>ut</em></strong></span> <span class='ocrx_word' id='word_1_582' title='bbox 3218 1471 3410 1541; x_wconf 86' lang='lat' dir='ltr'><strong><em>ligatus</em></strong></span> <span class='ocrx_word' id='word_1_583' title='bbox 3438 1471 3633 1527; x_wconf 87' lang='lat' dir='ltr'><strong><em>institis</em></strong></span> 
     </span>
    </p>
   </div>
   <div class='ocr_carea' id='block_1_76' title="bbox 2049 1556 3630 1630">
    <p class='ocr_par' dir='ltr' id='par_1_76' title="bbox 2049 1556 3630 1630">
     <span class='ocr_line' id='line_1_76' title="bbox 2049 1556 3630 1630; baseline 0.005 -20"><span class='ocrx_word' id='word_1_584' title='bbox 2049 1556 2105 1610; x_wconf 92' lang='lat' dir='ltr'><strong><em>in</em></strong></span> <span class='ocrx_word' id='word_1_585' title='bbox 2125 1567 2469 1627; x_wconf 90' lang='lat' dir='ltr'><strong><em>conspectum</em></strong></span> <span class='ocrx_word' id='word_1_586' title='bbox 2504 1562 2742 1614; x_wconf 89' lang='lat' dir='ltr'><strong><em>omnium</em></strong></span> <span class='ocrx_word' id='word_1_587' title='bbox 2774 1560 3048 1630; x_wconf 88' lang='lat' dir='ltr'><strong><em>prodiret,</em></strong></span> <span class='ocrx_word' id='word_1_588' title='bbox 3081 1576 3188 1615; x_wconf 92' lang='lat' dir='ltr'><strong><em>non</em></strong></span> <span class='ocrx_word' id='word_1_589' title='bbox 3217 1562 3391 1625; x_wconf 85' lang='lat' dir='ltr'><strong><em>solum</em></strong></span> <span class='ocrx_word' id='word_1_590' title='bbox 3419 1563 3536 1618; x_wconf 89' lang='lat' dir='ltr'><strong><em>illos</em></strong></span> <span class='ocrx_word' id='word_1_591' title='bbox 3563 1563 3630 1618; x_wconf 85' lang='lat' dir='ltr'><strong><em>ad</em></strong></span> 
     </span>
    </p>
   </div>
   <div class='ocr_carea' id='block_1_77' title="bbox 2050 1644 3629 1714">
    <p class='ocr_par' dir='ltr' id='par_1_77' title="bbox 2050 1644 3629 1714">
     <span class='ocr_line' id='line_1_77' title="bbox 2050 1644 3629 1714; baseline 0.006 -16"><span class='ocrx_word' id='word_1_592' title='bbox 2050 1644 2209 1700; x_wconf 87' lang='lat' dir='ltr'><strong><em>fidem</em></strong></span> <span class='ocrx_word' id='word_1_593' title='bbox 2236 1662 2340 1700; x_wconf 92' lang='lat' dir='ltr'><strong><em>non</em></strong></span> <span class='ocrx_word' id='word_1_594' title='bbox 2366 1649 2602 1714; x_wconf 78' lang='lat' dir='ltr'><strong><em>attraxit,</em></strong></span> <span class='ocrx_word' id='word_1_595' title='bbox 2622 1650 2717 1704; x_wconf 89' lang='lat' dir='ltr'><strong><em>sed</em></strong></span> <span class='ocrx_word' id='word_1_596' title='bbox 2733 1651 2892 1704; x_wconf 91' lang='lat' dir='ltr'><strong><em>etiam</em></strong></span> <span class='ocrx_word' id='word_1_597' title='bbox 2921 1651 3176 1705; x_wconf 89' lang='lat' dir='ltr'><strong><em>irritavit:</em></strong></span> <span class='ocrx_word' id='word_1_598' title='bbox 3198 1653 3468 1708; x_wconf 88' lang='lat' dir='ltr'><strong><em>venientes</em></strong></span> <span class='ocrx_word' id='word_1_599' title='bbox 3487 1654 3629 1708; x_wconf 82' lang='lat' dir='ltr'><strong><em>enim</em></strong></span> 
     </span>
    </p>
   </div>
   <div class='ocr_carea' id='block_1_78' title="bbox 2050 1735 3630 1815">
    <p class='ocr_par' dir='ltr' id='par_1_78' title="bbox 2050 1735 3630 1815">
     <span class='ocr_line' id='line_1_78' title="bbox 2050 1735 3630 1815; baseline 0.006 -26"><span class='ocrx_word' id='word_1_600' title='bbox 2050 1735 2223 1803; x_wconf 90' lang='lat' dir='ltr'><strong><em>ipsum</em></strong></span> <span class='ocrx_word' id='word_1_601' title='bbox 2249 1737 2410 1791; x_wconf 87' lang='lat' dir='ltr'><strong><em>etiam</em></strong></span> <span class='ocrx_word' id='word_1_602' title='bbox 2436 1738 2739 1802; x_wconf 80' lang='lat' dir='ltr'><strong><em>interﬁcere</em></strong></span> <span class='ocrx_word' id='word_1_603' title='bbox 2755 1739 2857 1798; x_wconf 86' lang='lat' dir='ltr'><strong><em>hac</em></strong></span> <span class='ocrx_word' id='word_1_604' title='bbox 2881 1740 2949 1794; x_wconf 90' lang='lat' dir='ltr'><strong><em>de</em></strong></span> <span class='ocrx_word' id='word_1_605' title='bbox 2969 1755 3128 1795; x_wconf 89' lang='lat' dir='ltr'><strong><em>causa</em></strong></span> <span class='ocrx_word' id='word_1_606' title='bbox 3148 1741 3430 1797; x_wconf 87' lang='lat' dir='ltr'><strong><em>voluerunt</em></strong></span> <span class='ocrx_word' id='word_1_607' title='bbox 3449 1743 3630 1815; x_wconf 82' lang='lat' dir='ltr'><strong><em>(Joan.</em></strong></span> 
     </span>
    </p>
   </div>
   <div class='ocr_carea' id='block_1_79' title="bbox 2051 1823 3627 1902">
    <p class='ocr_par' dir='ltr' id='par_1_79' title="bbox 2051 1823 3627 1902">
     <span class='ocr_line' id='line_1_79' title="bbox 2051 1823 3627 1902; baseline 0.008 -24"><span class='ocrx_word' id='word_1_608' title='bbox 2051 1824 2140 1878; x_wconf 72' lang='grc'><strong>12.</strong></span> <span class='ocrx_word' id='word_1_609' title='bbox 2172 1823 2283 1896; x_wconf 79' lang='grc'><strong>10).</strong></span> <span class='ocrx_word' id='word_1_610' title='bbox 2332 1826 2388 1881; x_wconf 93' lang='lat' dir='ltr'><strong><em>Si</em></strong></span> <span class='ocrx_word' id='word_1_611' title='bbox 2417 1842 2544 1896; x_wconf 88' lang='lat' dir='ltr'><strong><em>ergo</em></strong></span> <span class='ocrx_word' id='word_1_612' title='bbox 2587 1843 2709 1883; x_wconf 88' lang='lat' dir='ltr'><strong><em>cum</em></strong></span> <span class='ocrx_word' id='word_1_613' title='bbox 2737 1830 2964 1884; x_wconf 89' lang='lat' dir='ltr'><strong><em>alterum</em></strong></span> <span class='ocrx_word' id='word_1_614' title='bbox 2990 1844 3020 1883; x_wconf 89' lang='lat' dir='ltr'><strong><em>a</em></strong></span> <span class='ocrx_word' id='word_1_615' title='bbox 3048 1831 3274 1885; x_wconf 89' lang='lat' dir='ltr'><strong><em>mortuis</em></strong></span> <span class='ocrx_word' id='word_1_616' title='bbox 3298 1833 3627 1902; x_wconf 80' lang='lat' dir='ltr'><strong><em>excitasset,</em></strong></span> 
     </span>
    </p>
   </div>
   <div class='ocr_carea' id='block_1_80' title="bbox 2048 1918 3632 1990">
    <p class='ocr_par' dir='ltr' id='par_1_80' title="bbox 2048 1918 3632 1990">
     <span class='ocr_line' id='line_1_80' title="bbox 2048 1918 3632 1990; baseline 0.008 -22"><span class='ocrx_word' id='word_1_617' title='bbox 2048 1927 2155 1969; x_wconf 83' lang='lat' dir='ltr'><strong><em>non</em></strong></span> <span class='ocrx_word' id='word_1_618' title='bbox 2183 1923 2357 1971; x_wconf 90' lang='lat' dir='ltr'><strong><em>tamen</em></strong></span> <span class='ocrx_word' id='word_1_619' title='bbox 2382 1918 2724 1973; x_wconf 88' lang='lat' dir='ltr'><strong><em>crediderunt</em></strong></span> <span class='ocrx_word' id='word_1_620' title='bbox 2749 1936 2762 1971; x_wconf 91' lang='lat'><strong><em>:</em></strong></span> <span class='ocrx_word' id='word_1_621' title='bbox 2791 1921 2836 1974; x_wconf 87' lang='lat' dir='ltr'><strong><em>si</em></strong></span> <span class='ocrx_word' id='word_1_622' title='bbox 2862 1920 3098 1990; x_wconf 88' lang='lat' dir='ltr'><strong><em>scipsum</em></strong></span> <span class='ocrx_word' id='word_1_623' title='bbox 3125 1922 3451 1979; x_wconf 87' lang='lat' dir='ltr'><strong><em>ostendisset</em></strong></span> <span class='ocrx_word' id='word_1_624' title='bbox 3483 1939 3514 1979; x_wconf 91' lang='lat' dir='ltr'><strong><em>a</em></strong></span> <span class='ocrx_word' id='word_1_625' title='bbox 3538 1939 3632 1980; x_wconf 89' lang='lat' dir='ltr'><strong><em>se-</em></strong></span> 
     </span>
    </p>
   </div>
   <div class='ocr_carea' id='block_1_81' title="bbox 2049 2007 3634 2080">
    <p class='ocr_par' dir='ltr' id='par_1_81' title="bbox 2049 2007 3634 2080">
     <span class='ocr_line' id='line_1_81' title="bbox 2049 2007 3634 2080; baseline 0.007 -20"><span class='ocrx_word' id='word_1_626' title='bbox 2049 2007 2276 2076; x_wconf 89' lang='lat' dir='ltr'><strong><em>metipso</em></strong></span> <span class='ocrx_word' id='word_1_627' title='bbox 2294 2009 2628 2076; x_wconf 83' lang='lat' dir='ltr'><strong><em>suscitatum,</em></strong></span> <span class='ocrx_word' id='word_1_628' title='bbox 2655 2025 2831 2064; x_wconf 89' lang='lat' dir='ltr'><strong><em>nonne</em></strong></span> <span class='ocrx_word' id='word_1_629' title='bbox 2873 2011 2926 2066; x_wconf 93' lang='lat' dir='ltr'><strong><em>in</em></strong></span> <span class='ocrx_word' id='word_1_630' title='bbox 2966 2012 3136 2080; x_wconf 85' lang='lat' dir='ltr'><strong><em>ipsum</em></strong></span> <span class='ocrx_word' id='word_1_631' title='bbox 3185 2011 3367 2074; x_wconf 85' lang='lat' dir='ltr'><strong><em>furore</em></strong></span> <span class='ocrx_word' id='word_1_632' title='bbox 3404 2016 3634 2071; x_wconf 78' lang='lat' dir='ltr'><strong><em>exarsis-</em></strong></span> 
     </span>
    </p>
   </div>
   <div class='ocr_carea' id='block_1_82' title="bbox 2047 2098 3628 2173">
    <p class='ocr_par' dir='ltr' id='par_1_82' title="bbox 2047 2098 3628 2173">
     <span class='ocr_line' id='line_1_82' title="bbox 2047 2098 3628 2173; baseline 0.008 -23"><span class='ocrx_word' id='word_1_633' title='bbox 2047 2098 2204 2151; x_wconf 86' lang='lat' dir='ltr'><strong><em>sent&#39;t</em></strong></span> <span class='ocrx_word' id='word_1_634' title='bbox 2249 2098 2479 2158; x_wconf 84' lang='lat' dir='ltr'><strong><em>Tametsi</em></strong></span> <span class='ocrx_word' id='word_1_635' title='bbox 2512 2101 2642 2154; x_wconf 90' lang='lat' dir='ltr'><strong><em>nihil</em></strong></span> <span class='ocrx_word' id='word_1_636' title='bbox 2670 2101 2737 2156; x_wconf 88' lang='lat' dir='ltr'><strong><em>ad</em></strong></span> <span class='ocrx_word' id='word_1_637' title='bbox 2763 2101 3008 2157; x_wconf 82' lang='lat' dir='ltr'><strong><em>etl&#39;ectum</em></strong></span> <span class='ocrx_word' id='word_1_638' title='bbox 3042 2104 3342 2173; x_wconf 89' lang='lat' dir='ltr'><strong><em>perducturi</em></strong></span> <span class='ocrx_word' id='word_1_639' title='bbox 3371 2105 3628 2162; x_wconf 85' lang='lat' dir='ltr'><strong><em>fuissent:</em></strong></span> 
     </span>
    </p>
   </div>
   <div class='ocr_carea' id='block_1_83' title="bbox 2051 2188 3563 2261">
    <p class='ocr_par' dir='ltr' id='par_1_83' title="bbox 2051 2188 3563 2261">
     <span class='ocr_line' id='line_1_83' title="bbox 2051 2188 3563 2261; baseline 0.007 -20"><span class='ocrx_word' id='word_1_640' title='bbox 2051 2195 2228 2242; x_wconf 88' lang='lat' dir='ltr'><strong><em>tamen</em></strong></span> <span class='ocrx_word' id='word_1_641' title='bbox 2255 2188 2406 2244; x_wconf 86' lang='lat' dir='ltr'><strong><em>irrito</em></strong></span> <span class='ocrx_word' id='word_1_642' title='bbox 2434 2201 2624 2245; x_wconf 90' lang='lat' dir='ltr'><strong><em>conatu</em></strong></span> <span class='ocrx_word' id='word_1_643' title='bbox 2650 2205 2798 2248; x_wconf 88' lang='lat' dir='ltr'><strong><em>suam</em></strong></span> <span class='ocrx_word' id='word_1_644' title='bbox 2827 2193 3152 2261; x_wconf 90' lang='lat' dir='ltr'><strong><em>impietatem</em></strong></span> <span class='ocrx_word' id='word_1_645' title='bbox 3179 2197 3563 2252; x_wconf 83' lang='lat' dir='ltr'><strong><em>exercuissent.</em></strong></span> 
     </span>
    </p>
   </div>
   <div class='ocr_carea' id='block_1_84' title="bbox 2121 2277 3633 2352">
    <p class='ocr_par' dir='ltr' id='par_1_84' title="bbox 2121 2277 3633 2352">
     <span class='ocr_line' id='line_1_84' title="bbox 2121 2277 3633 2352; baseline 0.007 -22"><span class='ocrx_word' id='word_1_646' title='bbox 2121 2277 2487 2334; x_wconf 73' lang='lat' dir='ltr'><strong><em>Miraculorum</em></strong></span> <span class='ocrx_word' id='word_1_647' title='bbox 2529 2281 2602 2336; x_wconf 88' lang='lat' dir='ltr'><strong><em>vis</em></strong></span> <span class='ocrx_word' id='word_1_648' title='bbox 2651 2283 2721 2334; x_wconf 85' lang='lat' dir='ltr'><strong><em>ad</em></strong></span> <span class='ocrx_word' id='word_1_649' title='bbox 2747 2284 3056 2352; x_wconf 85' lang='lat' dir='ltr'><strong><em>probandum</em></strong></span> <span class='ocrx_word' id='word_1_650' title='bbox 3083 2283 3531 2340; x_wconf 79' lang='lat' dir='ltr'><strong><em>Rcsurrectionem.</em></strong></span> <span class='ocrx_word' id='word_1_651' title='bbox 3560 2313 3633 2328; x_wconf 84' lang='lat'><strong>-</strong></span> 
     </span>
    </p>
   </div>
   <div class='ocr_carea' id='block_1_85' title="bbox 2049 2368 3632 2446">
    <p class='ocr_par' dir='ltr' id='par_1_85' title="bbox 2049 2368 3632 2446">
     <span class='ocr_line' id='line_1_85' title="bbox 2049 2368 3632 2446; baseline 0.004 -20"><span class='ocrx_word' id='word_1_652' title='bbox 2049 2368 2120 2426; x_wconf 89' lang='lat' dir='ltr'><strong><em>Ut</em></strong></span> <span class='ocrx_word' id='word_1_653' title='bbox 2147 2371 2305 2441; x_wconf 89' lang='lat' dir='ltr'><strong><em>igitur</em></strong></span> <span class='ocrx_word' id='word_1_654' title='bbox 2329 2387 2425 2427; x_wconf 87' lang='lat' dir='ltr'><strong><em>eos</em></strong></span> <span class='ocrx_word' id='word_1_655' title='bbox 2451 2372 2719 2442; x_wconf 85' lang='lat' dir='ltr'><strong><em>superﬂuo</em></strong></span> <span class='ocrx_word' id='word_1_656' title='bbox 2751 2373 2933 2430; x_wconf 76' lang='lat' dir='ltr'><strong><em>furore</em></strong></span> <span class='ocrx_word' id='word_1_657' title='bbox 2959 2375 3227 2442; x_wconf 88' lang='lat' dir='ltr'><strong><em>liberaret,</em></strong></span> <span class='ocrx_word' id='word_1_658' title='bbox 3277 2377 3508 2446; x_wconf 86' lang='lat' dir='ltr'><strong><em>scipsum</em></strong></span> <span class='ocrx_word' id='word_1_659' title='bbox 3535 2393 3632 2432; x_wconf 82' lang='lat' dir='ltr'><strong><em>oc-</em></strong></span> 
     </span>
    </p>
   </div>
   <div class='ocr_carea' id='block_1_86' title="bbox 2049 2463 3635 2536">
    <p class='ocr_par' dir='ltr' id='par_1_86' title="bbox 2049 2463 3635 2536">
     <span class='ocr_line' id='line_1_86' title="bbox 2049 2463 3635 2536; baseline 0.004 -20"><span class='ocrx_word' id='word_1_660' title='bbox 2049 2463 2266 2518; x_wconf 90' lang='lat' dir='ltr'><strong><em>cultavit</em></strong></span> <span class='ocrx_word' id='word_1_661' title='bbox 2293 2482 2308 2519; x_wconf 91' lang='lat'><strong><em>:</em></strong></span> <span class='ocrx_word' id='word_1_662' title='bbox 2339 2466 2526 2534; x_wconf 84' lang='lat' dir='ltr'><strong><em>majori</em></strong></span> <span class='ocrx_word' id='word_1_663' title='bbox 2552 2466 2694 2520; x_wconf 91' lang='lat' dir='ltr'><strong><em>enim</em></strong></span> <span class='ocrx_word' id='word_1_664' title='bbox 2723 2466 2842 2520; x_wconf 88' lang='lat' dir='ltr'><strong><em>illos</em></strong></span> <span class='ocrx_word' id='word_1_665' title='bbox 2869 2467 3128 2536; x_wconf 88' lang='lat' dir='ltr'><strong><em>supplicio</em></strong></span> <span class='ocrx_word' id='word_1_666' title='bbox 3168 2467 3432 2523; x_wconf 84' lang='lat' dir='ltr'><strong><em>obnoxios</em></strong></span> <span class='ocrx_word' id='word_1_667' title='bbox 3457 2468 3635 2523; x_wconf 81' lang='lat' dir='ltr'><strong><em>reddi-</em></strong></span> 
     </span>
    </p>
   </div>
   <div class='ocr_carea' id='block_1_87' title="bbox 2048 2553 3636 2627">
    <p class='ocr_par' dir='ltr' id='par_1_87' title="bbox 2048 2553 3636 2627">
     <span class='ocr_line' id='line_1_87' title="bbox 2048 2553 3636 2627; baseline 0.003 -19"><span class='ocrx_word' id='word_1_668' title='bbox 2048 2553 2236 2620; x_wconf 90' lang='lat' dir='ltr'><strong><em>disset,</em></strong></span> <span class='ocrx_word' id='word_1_669' title='bbox 2263 2557 2308 2610; x_wconf 89' lang='lat' dir='ltr'><strong><em>si</em></strong></span> <span class='ocrx_word' id='word_1_670' title='bbox 2356 2565 2476 2626; x_wconf 90' lang='lat' dir='ltr'><strong><em>post</em></strong></span> <span class='ocrx_word' id='word_1_671' title='bbox 2512 2572 2726 2612; x_wconf 91' lang='lat' dir='ltr'><strong><em>crucem</em></strong></span> <span class='ocrx_word' id='word_1_672' title='bbox 2778 2558 3131 2627; x_wconf 88' lang='lat' dir='ltr'><strong><em>apparuisset.</em></strong></span> <span class='ocrx_word' id='word_1_673' title='bbox 3160 2558 3420 2624; x_wconf 84' lang='lat' dir='ltr'><strong><em>Quocirca</em></strong></span> <span class='ocrx_word' id='word_1_674' title='bbox 3444 2569 3500 2612; x_wconf 91' lang='lat' dir='ltr'><strong><em>ut</em></strong></span> <span class='ocrx_word' id='word_1_675' title='bbox 3530 2559 3636 2613; x_wconf 88' lang='lat' dir='ltr'><strong><em>illis</em></strong></span> 
     </span>
    </p>
   </div>
   <div class='ocr_carea' id='block_1_88' title="bbox 2055 2647 3632 2717">
    <p class='ocr_par' dir='ltr' id='par_1_88' title="bbox 2055 2647 3632 2717">
     <span class='ocr_line' id='line_1_88' title="bbox 2055 2647 3632 2717; baseline 0.001 -17"><span class='ocrx_word' id='word_1_676' title='bbox 2055 2655 2318 2715; x_wconf 85' lang='lat' dir='ltr'><strong><em>parceret,</em></strong></span> <span class='ocrx_word' id='word_1_677' title='bbox 2346 2647 2581 2716; x_wconf 81' lang='lat' dir='ltr'><strong><em>scipsum</em></strong></span> <span class='ocrx_word' id='word_1_678' title='bbox 2607 2648 2820 2717; x_wconf 89' lang='lat' dir='ltr'><strong><em>quidem</em></strong></span> <span class='ocrx_word' id='word_1_679' title='bbox 2845 2649 2912 2702; x_wconf 91' lang='lat' dir='ltr'><strong><em>ab</em></strong></span> <span class='ocrx_word' id='word_1_680' title='bbox 2944 2649 3113 2704; x_wconf 86' lang='lat' dir='ltr'><strong><em>oculis</em></strong></span> <span class='ocrx_word' id='word_1_681' title='bbox 3136 2663 3322 2704; x_wconf 89' lang='lat' dir='ltr'><strong><em>eorum</em></strong></span> <span class='ocrx_word' id='word_1_682' title='bbox 3342 2648 3632 2714; x_wconf 86' lang='lat' dir='ltr'><strong><em>subtraxit,</em></strong></span> 
     </span>
    </p>
   </div>
   <div class='ocr_carea' id='block_1_89' title="bbox 2049 2739 3633 2809">
    <p class='ocr_par' dir='ltr' id='par_1_89' title="bbox 2049 2739 3633 2809">
     <span class='ocr_line' id='line_1_89' title="bbox 2049 2739 3633 2809; baseline 0.001 -15"><span class='ocrx_word' id='word_1_683' title='bbox 2049 2739 2145 2794; x_wconf 89' lang='lat' dir='ltr'><strong><em>sed</em></strong></span> <span class='ocrx_word' id='word_1_684' title='bbox 2196 2739 2354 2794; x_wconf 92' lang='lat' dir='ltr'><strong><em>editis</em></strong></span> <span class='ocrx_word' id='word_1_685' title='bbox 2385 2749 2560 2794; x_wconf 89' lang='lat' dir='ltr'><strong><em>tamen</em></strong></span> <span class='ocrx_word' id='word_1_686' title='bbox 2611 2740 2884 2795; x_wconf 87' lang='lat' dir='ltr'><strong><em>miraculis</em></strong></span> <span class='ocrx_word' id='word_1_687' title='bbox 2936 2741 3168 2809; x_wconf 78' lang='lat' dir='ltr'><strong><em>scipsum</em></strong></span> <span class='ocrx_word' id='word_1_688' title='bbox 3220 2741 3470 2796; x_wconf 88' lang='lat' dir='ltr'><strong><em>ostendit.</em></strong></span> <span class='ocrx_word' id='word_1_689' title='bbox 3517 2740 3633 2796; x_wconf 84' lang='lat' dir='ltr'><strong><em>Non</em></strong></span> 
     </span>
    </p>
   </div>
   <div class='ocr_carea' id='block_1_90' title="bbox 2050 2828 3635 2898">
    <p class='ocr_par' dir='ltr' id='par_1_90' title="bbox 2050 2828 3635 2898">
     <span class='ocr_line' id='line_1_90' title="bbox 2050 2828 3635 2898; baseline 0.003 -16"><span class='ocrx_word' id='word_1_690' title='bbox 2050 2828 2193 2882; x_wconf 91' lang='lat' dir='ltr'><strong><em>enim</em></strong></span> <span class='ocrx_word' id='word_1_691' title='bbox 2238 2829 2412 2889; x_wconf 82' lang='lat' dir='ltr'><strong><em>minus</em></strong></span> <span class='ocrx_word' id='word_1_692' title='bbox 2438 2837 2552 2883; x_wconf 88' lang='lat' dir='ltr'><strong><em>erat</em></strong></span> <span class='ocrx_word' id='word_1_693' title='bbox 2575 2869 2592 2895; x_wconf 93' lang='lat'><strong><em>,</em></strong></span> <span class='ocrx_word' id='word_1_694' title='bbox 2621 2845 2781 2898; x_wconf 89' lang='lat' dir='ltr'><strong><em>quam</em></strong></span> <span class='ocrx_word' id='word_1_695' title='bbox 2809 2830 2853 2883; x_wconf 91' lang='lat' dir='ltr'><strong><em>si</em></strong></span> <span class='ocrx_word' id='word_1_696' title='bbox 2874 2831 3164 2885; x_wconf 84' lang='lat' dir='ltr'><strong><em>excitatum</em></strong></span> <span class='ocrx_word' id='word_1_697' title='bbox 3194 2845 3224 2884; x_wconf 91' lang='lat' dir='ltr'><strong><em>a</em></strong></span> <span class='ocrx_word' id='word_1_698' title='bbox 3269 2831 3492 2886; x_wconf 89' lang='lat' dir='ltr'><strong><em>mortuis</em></strong></span> <span class='ocrx_word' id='word_1_699' title='bbox 3514 2847 3635 2886; x_wconf 90' lang='lat' dir='ltr'><strong><em>eum</em></strong></span> 
     </span>
    </p>
   </div>
   <div class='ocr_carea' id='block_1_91' title="bbox 2049 2921 3638 2989">
    <p class='ocr_par' dir='ltr' id='par_1_91' title="bbox 2049 2921 3638 2989">
     <span class='ocr_line' id='line_1_91' title="bbox 2049 2921 3638 2989; baseline 0.003 -15"><span class='ocrx_word' id='word_1_700' title='bbox 2049 2927 2351 2986; x_wconf 89' lang='lat' dir='ltr'><strong><em>cernerent,</em></strong></span> <span class='ocrx_word' id='word_1_701' title='bbox 2377 2921 2519 2989; x_wconf 90' lang='lat' dir='ltr'><strong><em>quod</em></strong></span> <span class='ocrx_word' id='word_1_702' title='bbox 2548 2921 2768 2976; x_wconf 90' lang='lat' dir='ltr'><strong><em>Petrum</em></strong></span> <span class='ocrx_word' id='word_1_703' title='bbox 2808 2921 3070 2977; x_wconf 88' lang='lat' dir='ltr'><strong><em>dicentem</em></strong></span> <span class='ocrx_word' id='word_1_704' title='bbox 3111 2923 3358 2978; x_wconf 88' lang='lat' dir='ltr'><strong><em>audirent</em></strong></span> <span class='ocrx_word' id='word_1_705' title='bbox 3389 2941 3402 2976; x_wconf 94' lang='lat'><strong><em>:</em></strong></span> <span class='ocrx_word' id='word_1_706' title='bbox 3430 2921 3498 2977; x_wconf 87' lang='lat' dir='ltr'><strong><em>lu</em></strong></span> <span class='ocrx_word' id='word_1_707' title='bbox 3544 2940 3638 2978; x_wconf 76' lang='lat' dir='ltr'><strong><em>no-</em></strong></span> 
     </span>
    </p>
   </div>
   <div class='ocr_carea' id='block_1_92' title="bbox 2052 3007 3634 3083">
    <p class='ocr_par' dir='ltr' id='par_1_92' title="bbox 2052 3007 3634 3083">
     <span class='ocr_line' id='line_1_92' title="bbox 2052 3007 3634 3083; baseline 0.006 -23"><span class='ocrx_word' id='word_1_708' title='bbox 2052 3009 2187 3061; x_wconf 87' lang='lat' dir='ltr'><strong><em>mine</em></strong></span> <span class='ocrx_word' id='word_1_709' title='bbox 2211 3007 2339 3062; x_wconf 82' lang='lat' dir='ltr'><strong><em>Jesu</em></strong></span> <span class='ocrx_word' id='word_1_710' title='bbox 2385 3007 2572 3064; x_wconf 80' lang='lat' dir='ltr'><strong><em>Christi</em></strong></span> <span class='ocrx_word' id='word_1_711' title='bbox 2609 3027 2758 3080; x_wconf 88' lang='lat' dir='ltr'><strong><em>surge</em></strong></span> <span class='ocrx_word' id='word_1_712' title='bbox 2780 3020 2825 3064; x_wconf 87' lang='lat' dir='ltr'><strong><em>et</em></strong></span> <span class='ocrx_word' id='word_1_713' title='bbox 2849 3011 3054 3065; x_wconf 83' lang='lat' dir='ltr'><strong><em>ambula</em></strong></span> <span class='ocrx_word' id='word_1_714' title='bbox 3083 3011 3216 3081; x_wconf 78' lang='lat' dir='ltr'><strong><em>(Act.</em></strong></span> <span class='ocrx_word' id='word_1_715' title='bbox 3246 3014 3300 3068; x_wconf 78' lang='grc'><strong><em>5.</em></strong></span> <span class='ocrx_word' id='word_1_716' title='bbox 3333 3013 3410 3082; x_wconf 83' lang='lat'><strong><em>6).</em></strong></span> <span class='ocrx_word' id='word_1_717' title='bbox 3457 3014 3634 3083; x_wconf 78' lang='lat' dir='ltr'><strong><em>Atque</em></strong></span> 
     </span>
    </p>
   </div>
   <div class='ocr_carea' id='block_1_93' title="bbox 2052 3095 3634 3166">
    <p class='ocr_par' dir='ltr' id='par_1_93' title="bbox 2052 3095 3634 3166">
     <span class='ocr_line' id='line_1_93' title="bbox 2052 3095 3634 3166; baseline 0.006 -17"><span class='ocrx_word' id='word_1_718' title='bbox 2052 3095 2154 3150; x_wconf 91' lang='lat' dir='ltr'><strong><em>hoc</em></strong></span> <span class='ocrx_word' id='word_1_719' title='bbox 2177 3096 2393 3164; x_wconf 89' lang='lat' dir='ltr'><strong><em>quidem</em></strong></span> <span class='ocrx_word' id='word_1_720' title='bbox 2442 3097 2727 3166; x_wconf 87' lang='lat' dir='ltr'><strong><em>plurimum</em></strong></span> <span class='ocrx_word' id='word_1_721' title='bbox 2787 3099 3019 3154; x_wconf 89' lang='lat' dir='ltr'><strong><em>valuisse</em></strong></span> <span class='ocrx_word' id='word_1_722' title='bbox 3071 3100 3136 3153; x_wconf 91' lang='lat' dir='ltr'><strong><em>ad</em></strong></span> <span class='ocrx_word' id='word_1_723' title='bbox 3185 3103 3634 3158; x_wconf 87' lang='lat' dir='ltr'><strong><em>resurrectionem</em></strong></span> 
     </span>
    </p>
   </div>
   <div class='ocr_carea' id='block_1_94' title="bbox 2051 3187 3628 3259">
    <p class='ocr_par' dir='ltr' id='par_1_94' title="bbox 2051 3187 3628 3259">
     <span class='ocr_line' id='line_1_94' title="bbox 2051 3187 3628 3259; baseline 0.004 -19"><span class='ocrx_word' id='word_1_724' title='bbox 2051 3187 2430 3242; x_wconf 85' lang='lat' dir='ltr'><strong><em>adstruendam</em></strong></span> <span class='ocrx_word' id='word_1_725' title='bbox 2453 3229 2468 3253; x_wconf 89' lang='lat'><strong><em>,</em></strong></span> <span class='ocrx_word' id='word_1_726' title='bbox 2502 3197 2662 3257; x_wconf 90' lang='lat' dir='ltr'><strong><em>atque</em></strong></span> <span class='ocrx_word' id='word_1_727' title='bbox 2709 3187 2776 3242; x_wconf 89' lang='lat' dir='ltr'><strong><em>ad</em></strong></span> <span class='ocrx_word' id='word_1_728' title='bbox 2827 3187 2983 3242; x_wconf 78' lang='lat' dir='ltr'><strong><em>[idem</em></strong></span> <span class='ocrx_word' id='word_1_729' title='bbox 3011 3189 3305 3244; x_wconf 77' lang='lat' dir='ltr'><strong><em>faciendam</em></strong></span> <span class='ocrx_word' id='word_1_730' title='bbox 3341 3193 3628 3259; x_wconf 85' lang='lat' dir='ltr'><strong><em>proclivius</em></strong></span> 
     </span>
    </p>
   </div>
   <div class='ocr_carea' id='block_1_95' title="bbox 2051 3278 3638 3350">
    <p class='ocr_par' dir='ltr' id='par_1_95' title="bbox 2051 3278 3638 3350">
     <span class='ocr_line' id='line_1_95' title="bbox 2051 3278 3638 3350; baseline 0.004 -18"><span class='ocrx_word' id='word_1_731' title='bbox 2051 3294 2211 3348; x_wconf 86' lang='lat' dir='ltr'><strong><em>quam</em></strong></span> <span class='ocrx_word' id='word_1_732' title='bbox 2261 3278 2391 3333; x_wconf 91' lang='lat' dir='ltr'><strong><em>illud</em></strong></span> <span class='ocrx_word' id='word_1_733' title='bbox 2440 3279 2625 3348; x_wconf 90' lang='lat' dir='ltr'><strong><em>prius,</em></strong></span> <span class='ocrx_word' id='word_1_734' title='bbox 2681 3280 2989 3350; x_wconf 77' lang='lat' dir='ltr'><strong><em>faciliusque</em></strong></span> <span class='ocrx_word' id='word_1_735' title='bbox 3053 3280 3318 3336; x_wconf 90' lang='lat' dir='ltr'><strong><em>mentibus</em></strong></span> <span class='ocrx_word' id='word_1_736' title='bbox 3363 3281 3638 3338; x_wconf 87' lang='lat' dir='ltr'><strong><em>hominum</em></strong></span> 
     </span>
    </p>
   </div>
   <div class='ocr_carea' id='block_1_96' title="bbox 2055 3370 3641 3441">
    <p class='ocr_par' dir='ltr' id='par_1_96' title="bbox 2055 3370 3641 3441">
     <span class='ocr_line' id='line_1_96' title="bbox 2055 3370 3641 3441; baseline 0.003 -17"><span class='ocrx_word' id='word_1_737' title='bbox 2055 3370 2375 3439; x_wconf 80' lang='lat' dir='ltr'><strong><em>persuadere</em></strong></span> <span class='ocrx_word' id='word_1_738' title='bbox 2403 3370 2645 3440; x_wconf 90' lang='lat' dir='ltr'><strong><em>potuisse</em></strong></span> <span class='ocrx_word' id='word_1_739' title='bbox 2680 3371 2931 3426; x_wconf 87' lang='lat' dir='ltr'><strong><em>miracula</em></strong></span> <span class='ocrx_word' id='word_1_740' title='bbox 2954 3413 2970 3437; x_wconf 94' lang='lat'><strong><em>,</em></strong></span> <span class='ocrx_word' id='word_1_741' title='bbox 3014 3387 3132 3440; x_wconf 76' lang='lat' dir='ltr'><strong><em>quae</em></strong></span> <span class='ocrx_word' id='word_1_742' title='bbox 3183 3371 3236 3425; x_wconf 88' lang='lat' dir='ltr'><strong><em>in</em></strong></span> <span class='ocrx_word' id='word_1_743' title='bbox 3267 3373 3382 3441; x_wconf 86' lang='lat' dir='ltr'><strong><em>ejus</em></strong></span> <span class='ocrx_word' id='word_1_744' title='bbox 3423 3374 3641 3428; x_wconf 85' lang='lat' dir='ltr'><strong><em>nomine</em></strong></span> 
     </span>
    </p>
   </div>
   <div class='ocr_carea' id='block_1_97' title="bbox 2054 3459 3639 3530">
    <p class='ocr_par' dir='ltr' id='par_1_97' title="bbox 2054 3459 3639 3530">
     <span class='ocr_line' id='line_1_97' title="bbox 2054 3459 3639 3530; baseline 0.003 -17"><span class='ocrx_word' id='word_1_745' title='bbox 2054 3459 2193 3514; x_wconf 87' lang='lat' dir='ltr'><strong><em>facta</em></strong></span> <span class='ocrx_word' id='word_1_746' title='bbox 2217 3459 2590 3525; x_wconf 87' lang='lat' dir='ltr'><strong><em>cernebantur,</em></strong></span> <span class='ocrx_word' id='word_1_747' title='bbox 2621 3475 2778 3530; x_wconf 86' lang='lat' dir='ltr'><strong><em>quam</em></strong></span> <span class='ocrx_word' id='word_1_748' title='bbox 2809 3460 2851 3515; x_wconf 89' lang='lat' dir='ltr'><strong><em>si</em></strong></span> <span class='ocrx_word' id='word_1_749' title='bbox 2879 3475 2908 3514; x_wconf 91' lang='lat' dir='ltr'><strong><em>a</em></strong></span> <span class='ocrx_word' id='word_1_750' title='bbox 2933 3460 3159 3516; x_wconf 88' lang='lat' dir='ltr'><strong><em>mortuis</em></strong></span> <span class='ocrx_word' id='word_1_751' title='bbox 3183 3463 3470 3516; x_wconf 85' lang='lat' dir='ltr'><strong><em>excitatum</em></strong></span> <span class='ocrx_word' id='word_1_752' title='bbox 3492 3463 3639 3517; x_wconf 90' lang='lat' dir='ltr'><strong><em>illum</em></strong></span> 
     </span>
    </p>
   </div>
   <div class='ocr_carea' id='block_1_98' title="bbox 2053 3553 3642 3624">
    <p class='ocr_par' dir='ltr' id='par_1_98' title="bbox 2053 3553 3642 3624">
     <span class='ocr_line' id='line_1_98' title="bbox 2053 3553 3642 3624; baseline 0.002 -18"><span class='ocrx_word' id='word_1_753' title='bbox 2053 3554 2330 3621; x_wconf 84' lang='lat' dir='ltr'><strong><em>vidissent,</em></strong></span> <span class='ocrx_word' id='word_1_754' title='bbox 2357 3554 2480 3610; x_wconf 86' lang='lat' dir='ltr'><strong><em>inde</em></strong></span> <span class='ocrx_word' id='word_1_755' title='bbox 2497 3555 2780 3614; x_wconf 82' lang='lat' dir='ltr'><strong><em>constabit.</em></strong></span> <span class='ocrx_word' id='word_1_756' title='bbox 2805 3553 3135 3620; x_wconf 82' lang='lat' dir='ltr'><strong><em>Resurrexii,</em></strong></span> <span class='ocrx_word' id='word_1_757' title='bbox 3155 3563 3210 3609; x_wconf 91' lang='lat' dir='ltr'><strong><em>et</em></strong></span> <span class='ocrx_word' id='word_1_758' title='bbox 3224 3555 3459 3624; x_wconf 84' lang='lat' dir='ltr'><strong><em>scipsum</em></strong></span> <span class='ocrx_word' id='word_1_759' title='bbox 3486 3554 3642 3610; x_wconf 87' lang='lat' dir='ltr'><strong><em>disci-</em></strong></span> 
     </span>
    </p>
   </div>
   <div class='ocr_carea' id='block_1_99' title="bbox 2057 3643 3642 3712">
    <p class='ocr_par' dir='ltr' id='par_1_99' title="bbox 2057 3643 3642 3712">
     <span class='ocr_line' id='line_1_99' title="bbox 2057 3643 3642 3712; baseline 0.003 -15"><span class='ocrx_word' id='word_1_760' title='bbox 2057 3645 2194 3712; x_wconf 89' lang='lat' dir='ltr'><strong><em>pulis</em></strong></span> <span class='ocrx_word' id='word_1_761' title='bbox 2221 3643 2467 3699; x_wconf 86' lang='lat' dir='ltr'><strong><em>Christus</em></strong></span> <span class='ocrx_word' id='word_1_762' title='bbox 2491 3645 2725 3702; x_wconf 84' lang='lat' dir='ltr'><strong><em>ostendit</em></strong></span> <span class='ocrx_word' id='word_1_763' title='bbox 2755 3662 2768 3696; x_wconf 93' lang='lat'><strong><em>:</em></strong></span> <span class='ocrx_word' id='word_1_764' title='bbox 2800 3644 2896 3700; x_wconf 90' lang='lat' dir='ltr'><strong><em>sed</em></strong></span> <span class='ocrx_word' id='word_1_765' title='bbox 2942 3645 3193 3701; x_wconf 88' lang='lat' dir='ltr'><strong><em>inventus</em></strong></span> <span class='ocrx_word' id='word_1_766' title='bbox 3214 3655 3297 3699; x_wconf 89' lang='lat' dir='ltr'><strong><em>est</em></strong></span> <span class='ocrx_word' id='word_1_767' title='bbox 3337 3655 3511 3702; x_wconf 87' lang='lat' dir='ltr'><strong><em>tamen</em></strong></span> <span class='ocrx_word' id='word_1_768' title='bbox 3539 3646 3642 3701; x_wconf 89' lang='lat' dir='ltr'><strong><em>ali-</em></strong></span> 
     </span>
    </p>
   </div>
   <div class='ocr_carea' id='block_1_100' title="bbox 2054 3734 3642 3804">
    <p class='ocr_par' dir='ltr' id='par_1_100' title="bbox 2054 3734 3642 3804">
     <span class='ocr_line' id='line_1_100' title="bbox 2054 3734 3642 3804; baseline 0.001 -16"><span class='ocrx_word' id='word_1_769' title='bbox 2054 3737 2174 3804; x_wconf 90' lang='lat' dir='ltr'><strong><em>quis</em></strong></span> <span class='ocrx_word' id='word_1_770' title='bbox 2199 3745 2255 3790; x_wconf 86' lang='lat' dir='ltr'><strong><em>et</em></strong></span> <span class='ocrx_word' id='word_1_771' title='bbox 2283 3737 2421 3790; x_wconf 89' lang='lat' dir='ltr'><strong><em>inter</em></strong></span> <span class='ocrx_word' id='word_1_772' title='bbox 2440 3736 2557 3790; x_wconf 91' lang='lat' dir='ltr'><strong><em>illos</em></strong></span> <span class='ocrx_word' id='word_1_773' title='bbox 2585 3734 2888 3790; x_wconf 87' lang='lat' dir='ltr'><strong><em>incredulus</em></strong></span> <span class='ocrx_word' id='word_1_774' title='bbox 2929 3735 3186 3800; x_wconf 89' lang='lat' dir='ltr'><strong><em>Thomas,</em></strong></span> <span class='ocrx_word' id='word_1_775' title='bbox 3218 3734 3308 3804; x_wconf 88' lang='lat' dir='ltr'><strong><em>qui</em></strong></span> <span class='ocrx_word' id='word_1_776' title='bbox 3333 3735 3527 3790; x_wconf 91' lang='lat' dir='ltr'><strong><em>dicitur</em></strong></span> <span class='ocrx_word' id='word_1_777' title='bbox 3551 3736 3642 3792; x_wconf 84' lang='lat' dir='ltr'><strong><em>Di-</em></strong></span> 
     </span>
    </p>
   </div>
   <div class='ocr_carea' id='block_1_101' title="bbox 2053 3824 3641 3898">
    <p class='ocr_par' dir='ltr' id='par_1_101' title="bbox 2053 3824 3641 3898">
     <span class='ocr_line' id='line_1_101' title="bbox 2053 3824 3641 3898; baseline -0.001 -18"><span class='ocrx_word' id='word_1_778' title='bbox 2053 3827 2266 3898; x_wconf 78' lang='lat' dir='ltr'><strong><em>dymus,</em></strong></span> <span class='ocrx_word' id='word_1_779' title='bbox 2296 3836 2500 3896; x_wconf 89' lang='lat' dir='ltr'><strong><em>etopus</em></strong></span> <span class='ocrx_word' id='word_1_780' title='bbox 2521 3827 2594 3880; x_wconf 91' lang='lat' dir='ltr'><strong><em>illi</em></strong></span> <span class='ocrx_word' id='word_1_781' title='bbox 2619 3826 2737 3889; x_wconf 88' lang='lat' dir='ltr'><strong><em>fuit,</em></strong></span> <span class='ocrx_word' id='word_1_782' title='bbox 2768 3835 2826 3879; x_wconf 90' lang='lat' dir='ltr'><strong><em>ut</em></strong></span> <span class='ocrx_word' id='word_1_783' title='bbox 2852 3827 2904 3879; x_wconf 91' lang='lat' dir='ltr'><strong><em>in</em></strong></span> <span class='ocrx_word' id='word_1_784' title='bbox 2950 3825 3170 3894; x_wconf 76' lang='lat' dir='ltr'><strong><em>figuram</em></strong></span> <span class='ocrx_word' id='word_1_785' title='bbox 3201 3824 3474 3880; x_wconf 85' lang='lat' dir='ltr'><strong><em>clavorum</em></strong></span> <span class='ocrx_word' id='word_1_786' title='bbox 3523 3841 3641 3878; x_wconf 84' lang='lat' dir='ltr'><strong><em>ma-</em></strong></span> 
     </span>
    </p>
   </div>
   <div class='ocr_carea' id='block_1_102' title="bbox 2057 3914 3642 3986">
    <p class='ocr_par' dir='ltr' id='par_1_102' title="bbox 2057 3914 3642 3986">
     <span class='ocr_line' id='line_1_102' title="bbox 2057 3914 3642 3986; baseline -0.001 -16"><span class='ocrx_word' id='word_1_787' title='bbox 2057 3933 2158 3970; x_wconf 85' lang='lat' dir='ltr'><strong><em>niis</em></strong></span> <span class='ocrx_word' id='word_1_788' title='bbox 2183 3918 2452 3971; x_wconf 88' lang='lat' dir='ltr'><strong><em>inferret:</em></strong></span> <span class='ocrx_word' id='word_1_789' title='bbox 2493 3931 2627 3986; x_wconf 89' lang='lat' dir='ltr'><strong><em>opus</em></strong></span> <span class='ocrx_word' id='word_1_790' title='bbox 2684 3916 2801 3981; x_wconf 88' lang='lat' dir='ltr'><strong><em>fuit,</em></strong></span> <span class='ocrx_word' id='word_1_791' title='bbox 2845 3927 2900 3968; x_wconf 93' lang='lat' dir='ltr'><strong><em>ut</em></strong></span> <span class='ocrx_word' id='word_1_792' title='bbox 2948 3924 3003 3968; x_wconf 90' lang='lat' dir='ltr'><strong><em>et</em></strong></span> <span class='ocrx_word' id='word_1_793' title='bbox 3053 3915 3191 3967; x_wconf 87' lang='lat' dir='ltr'><strong><em>latus</em></strong></span> <span class='ocrx_word' id='word_1_794' title='bbox 3237 3914 3351 3982; x_wconf 89' lang='lat' dir='ltr'><strong><em>ejus</em></strong></span> <span class='ocrx_word' id='word_1_795' title='bbox 3405 3914 3642 3982; x_wconf 87' lang='lat' dir='ltr'><strong><em>palparet</em></strong></span> 
     </span>
    </p>
   </div>
   <div class='ocr_carea' id='block_1_103' title="bbox 2058 4002 3639 4077">
    <p class='ocr_par' dir='ltr' id='par_1_103' title="bbox 2058 4002 3639 4077">
     <span class='ocr_line' id='line_1_103' title="bbox 2058 4002 3639 4077; baseline -0.001 -17"><span class='ocrx_word' id='word_1_796' title='bbox 2058 4005 2235 4077; x_wconf 69' lang='lat' dir='ltr'><strong><em>(Joan.</em></strong></span> <span class='ocrx_word' id='word_1_797' title='bbox 2256 4006 2346 4060; x_wconf 71' lang='lat'><strong><em>20.</em></strong></span> <span class='ocrx_word' id='word_1_798' title='bbox 2369 4005 2458 4060; x_wconf 72' lang='grc'><strong><em>24.</em></strong></span> <span class='ocrx_word' id='word_1_799' title='bbox 2490 4006 2645 4075; x_wconf 85' lang='lat' dir='ltr'><strong><em>sqq.).</em></strong></span> <span class='ocrx_word' id='word_1_800' title='bbox 2677 4003 2829 4070; x_wconf 87' lang='lat' dir='ltr'><strong><em>Quod</em></strong></span> <span class='ocrx_word' id='word_1_801' title='bbox 2853 4003 2896 4057; x_wconf 92' lang='lat' dir='ltr'><strong><em>si</em></strong></span> <span class='ocrx_word' id='word_1_802' title='bbox 2923 4002 3216 4070; x_wconf 91' lang='lat' dir='ltr'><strong><em>discipulus</em></strong></span> <span class='ocrx_word' id='word_1_803' title='bbox 3266 4003 3378 4067; x_wconf 88' lang='lat' dir='ltr'><strong><em>ille,</em></strong></span> <span class='ocrx_word' id='word_1_804' title='bbox 3408 4005 3496 4070; x_wconf 90' lang='lat' dir='ltr'><strong><em>qui</em></strong></span> <span class='ocrx_word' id='word_1_805' title='bbox 3529 4012 3639 4058; x_wconf 83' lang='lat' dir='ltr'><strong><em>tres</em></strong></span> 
     </span>
    </p>
   </div>
   <div class='ocr_carea' id='block_1_104' title="bbox 2056 4093 3700 4164">
    <p class='ocr_par' dir='ltr' id='par_1_104' title="bbox 2056 4093 3700 4164">
     <span class='ocr_line' id='line_1_104' title="bbox 2056 4093 3700 4164; baseline -0.004 -12"><span class='ocrx_word' id='word_1_806' title='bbox 2056 4113 2177 4152; x_wconf 91' lang='lat' dir='ltr'><strong><em>cum</em></strong></span> <span class='ocrx_word' id='word_1_807' title='bbox 2235 4097 2328 4150; x_wconf 93' lang='lat' dir='ltr'><strong><em>illo</em></strong></span> <span class='ocrx_word' id='word_1_808' title='bbox 2383 4110 2554 4150; x_wconf 88' lang='lat' dir='ltr'><strong><em>annos</em></strong></span> <span class='ocrx_word' id='word_1_809' title='bbox 2597 4104 2872 4164; x_wconf 84' lang='lat' dir='ltr'><strong><em>exegerat,</em></strong></span> <span class='ocrx_word' id='word_1_810' title='bbox 2900 4094 2988 4162; x_wconf 87' lang='lat' dir='ltr'><strong><em>qui</em></strong></span> <span class='ocrx_word' id='word_1_811' title='bbox 3048 4093 3328 4148; x_wconf 77' lang='lat' dir='ltr'><strong><em>dominica:</em></strong></span> <span class='ocrx_word' id='word_1_812' title='bbox 3368 4094 3631 4162; x_wconf 86' lang='lat' dir='ltr'><strong><em>particeps</em></strong></span> <span class='ocrx_word' id='word_1_813' title='bbox 3689 4099 3700 4108; x_wconf 88' lang='lat'>&#39;</span> 
     </span>
    </p>
   </div>
   <div class='ocr_carea' id='block_1_105' title="bbox 2059 4183 3640 4256">
    <p class='ocr_par' dir='ltr' id='par_1_105' title="bbox 2059 4183 3640 4256">
     <span class='ocr_line' id='line_1_105' title="bbox 2059 4183 3640 4256; baseline -0.004 -13"><span class='ocrx_word' id='word_1_814' title='bbox 2059 4203 2258 4243; x_wconf 73' lang='lat' dir='ltr'><strong><em>mensa:</em></strong></span> <span class='ocrx_word' id='word_1_815' title='bbox 2304 4185 2509 4253; x_wconf 89' lang='lat' dir='ltr'><strong><em>fuerat,</em></strong></span> <span class='ocrx_word' id='word_1_816' title='bbox 2560 4186 2650 4256; x_wconf 89' lang='lat' dir='ltr'><strong><em>qni</em></strong></span> <span class='ocrx_word' id='word_1_817' title='bbox 2694 4185 2843 4254; x_wconf 88' lang='lat' dir='ltr'><strong><em>signa</em></strong></span> <span class='ocrx_word' id='word_1_818' title='bbox 2899 4192 3252 4252; x_wconf 80' lang='lat' dir='ltr'><strong><em>conspexerat</em></strong></span> <span class='ocrx_word' id='word_1_819' title='bbox 3301 4191 3356 4237; x_wconf 90' lang='lat' dir='ltr'><strong><em>et</em></strong></span> <span class='ocrx_word' id='word_1_820' title='bbox 3403 4183 3640 4253; x_wconf 86' lang='lat' dir='ltr'><strong><em>prodigia</em></strong></span> 
     </span>
    </p>
   </div>
   <div class='ocr_carea' id='block_1_106' title="bbox 2059 4274 3640 4346">
    <p class='ocr_par' dir='ltr' id='par_1_106' title="bbox 2059 4274 3640 4346">
     <span class='ocr_line' id='line_1_106' title="bbox 2059 4274 3640 4346; baseline -0.004 -14"><span class='ocrx_word' id='word_1_821' title='bbox 2059 4278 2311 4344; x_wconf 84' lang='lat' dir='ltr'><strong><em>maxima,</em></strong></span> <span class='ocrx_word' id='word_1_822' title='bbox 2337 4277 2424 4346; x_wconf 90' lang='lat' dir='ltr'><strong><em>qui</em></strong></span> <span class='ocrx_word' id='word_1_823' title='bbox 2447 4279 2752 4346; x_wconf 89' lang='lat' dir='ltr'><strong><em>loquentem</em></strong></span> <span class='ocrx_word' id='word_1_824' title='bbox 2795 4275 2944 4329; x_wconf 87' lang='lat' dir='ltr'><strong><em>illum</em></strong></span> <span class='ocrx_word' id='word_1_825' title='bbox 2991 4274 3284 4338; x_wconf 89' lang='lat' dir='ltr'><strong><em>audiverat,</em></strong></span> <span class='ocrx_word' id='word_1_826' title='bbox 3334 4275 3492 4327; x_wconf 83' lang='lat' dir='ltr'><strong><em>etiam</em></strong></span> <span class='ocrx_word' id='word_1_827' title='bbox 3520 4289 3640 4327; x_wconf 89' lang='lat' dir='ltr'><strong><em>cuin</em></strong></span> 
     </span>
    </p>
   </div>
   <div class='ocr_carea' id='block_1_107' title="bbox 2061 4365 3638 4430">
    <p class='ocr_par' dir='ltr' id='par_1_107' title="bbox 2061 4365 3638 4430">
     <span class='ocr_line' id='line_1_107' title="bbox 2061 4365 3638 4430; baseline -0.004 -8"><span class='ocrx_word' id='word_1_828' title='bbox 2061 4368 2206 4423; x_wconf 86' lang='lat' dir='ltr'><strong><em>illum</em></strong></span> <span class='ocrx_word' id='word_1_829' title='bbox 2227 4383 2258 4422; x_wconf 89' lang='lat' dir='ltr'><strong><em>a</em></strong></span> <span class='ocrx_word' id='word_1_830' title='bbox 2290 4367 2515 4422; x_wconf 87' lang='lat' dir='ltr'><strong><em>mortuis</em></strong></span> <span class='ocrx_word' id='word_1_831' title='bbox 2533 4369 2814 4421; x_wconf 84' lang='lat' dir='ltr'><strong><em>excitatum</em></strong></span> <span class='ocrx_word' id='word_1_832' title='bbox 2843 4365 3063 4428; x_wconf 89' lang='lat' dir='ltr'><strong><em>videret,</em></strong></span> <span class='ocrx_word' id='word_1_833' title='bbox 3095 4380 3198 4416; x_wconf 90' lang='lat' dir='ltr'><strong><em>non</em></strong></span> <span class='ocrx_word' id='word_1_834' title='bbox 3219 4365 3366 4430; x_wconf 86' lang='lat' dir='ltr'><strong><em>prius</em></strong></span> <span class='ocrx_word' id='word_1_835' title='bbox 3390 4365 3638 4429; x_wconf 89' lang='lat' dir='ltr'><strong><em>credidit,</em></strong></span> 
     </span>
    </p>
   </div>
   <div class='ocr_carea' id='block_1_108' title="bbox 2059 4452 3640 4529">
    <p class='ocr_par' dir='ltr' id='par_1_108' title="bbox 2059 4452 3640 4529">
     <span class='ocr_line' id='line_1_108' title="bbox 2059 4452 3640 4529; baseline -0.004 -16"><span class='ocrx_word' id='word_1_836' title='bbox 2059 4475 2218 4529; x_wconf 89' lang='lat' dir='ltr'><strong><em>quam</em></strong></span> <span class='ocrx_word' id='word_1_837' title='bbox 2252 4459 2468 4527; x_wconf 80' lang='lat' dir='ltr'><strong><em>ﬁguram</em></strong></span> <span class='ocrx_word' id='word_1_838' title='bbox 2494 4456 2764 4511; x_wconf 88' lang='lat' dir='ltr'><strong><em>clavorum</em></strong></span> <span class='ocrx_word' id='word_1_839' title='bbox 2784 4463 2836 4507; x_wconf 90' lang='lat' dir='ltr'><strong><em>et</em></strong></span> <span class='ocrx_word' id='word_1_840' title='bbox 2864 4454 3061 4507; x_wconf 67' lang='lat' dir='ltr'><strong><em>lancea:</em></strong></span> <span class='ocrx_word' id='word_1_841' title='bbox 3090 4452 3306 4507; x_wconf 85' lang='lat' dir='ltr'><strong><em>vulnera</em></strong></span> <span class='ocrx_word' id='word_1_842' title='bbox 3327 4453 3640 4521; x_wconf 79' lang='lat' dir='ltr'><strong><em>conspexit:</em></strong></span> 
     </span>
    </p>
   </div>
   <div class='ocr_carea' id='block_1_109' title="bbox 2059 4541 3644 4616">
    <p class='ocr_par' dir='ltr' id='par_1_109' title="bbox 2059 4541 3644 4616">
     <span class='ocr_line' id='line_1_109' title="bbox 2059 4541 3644 4616; baseline -0.003 -15"><span class='ocrx_word' id='word_1_843' title='bbox 2059 4546 2349 4616; x_wconf 90' lang='lat' dir='ltr'><strong><em>quomodo,</em></strong></span> <span class='ocrx_word' id='word_1_844' title='bbox 2405 4559 2608 4614; x_wconf 74' lang='lat' dir='ltr'><strong><em>quaeso,</em></strong></span> <span class='ocrx_word' id='word_1_845' title='bbox 2652 4551 2793 4597; x_wconf 88' lang='lat' dir='ltr'><strong><em>totus</em></strong></span> <span class='ocrx_word' id='word_1_846' title='bbox 2843 4541 2990 4596; x_wconf 90' lang='lat' dir='ltr'><strong><em>orbis</em></strong></span> <span class='ocrx_word' id='word_1_847' title='bbox 3039 4551 3298 4595; x_wconf 89' lang='lat' dir='ltr'><strong><em>terrarum</em></strong></span> <span class='ocrx_word' id='word_1_848' title='bbox 3341 4541 3644 4596; x_wconf 88' lang='lat' dir='ltr'><strong><em>crediturus</em></strong></span> 
     </span>
    </p>
   </div>
   <div class='ocr_carea' id='block_1_110' title="bbox 2061 4630 3646 4702">
    <p class='ocr_par' dir='ltr' id='par_1_110' title="bbox 2061 4630 3646 4702">
     <span class='ocr_line' id='line_1_110' title="bbox 2061 4630 3646 4702; baseline -0.002 -13"><span class='ocrx_word' id='word_1_849' title='bbox 2061 4644 2197 4698; x_wconf 88' lang='lat' dir='ltr'><strong><em>erat,</em></strong></span> <span class='ocrx_word' id='word_1_850' title='bbox 2255 4634 2302 4688; x_wconf 92' lang='lat' dir='ltr'><strong><em>si</em></strong></span> <span class='ocrx_word' id='word_1_851' title='bbox 2353 4635 2639 4689; x_wconf 82' lang='lat' dir='ltr'><strong><em>excitatum</em></strong></span> <span class='ocrx_word' id='word_1_852' title='bbox 2685 4632 2832 4686; x_wconf 91' lang='lat' dir='ltr'><strong><em>illum</em></strong></span> <span class='ocrx_word' id='word_1_853' title='bbox 2875 4645 2905 4685; x_wconf 88' lang='lat' dir='ltr'><strong><em>a</em></strong></span> <span class='ocrx_word' id='word_1_854' title='bbox 2958 4630 3180 4686; x_wconf 91' lang='lat' dir='ltr'><strong><em>mortuis</em></strong></span> <span class='ocrx_word' id='word_1_855' title='bbox 3236 4633 3646 4702; x_wconf 73' lang='lat' dir='ltr'><strong><em>conspexisset?</em></strong></span> 
     </span>
    </p>
   </div>
   <div class='ocr_carea' id='block_1_111' title="bbox 2062 4720 3642 4793">
    <p class='ocr_par' dir='ltr' id='par_1_111' title="bbox 2062 4720 3642 4793">
     <span class='ocr_line' id='line_1_111' title="bbox 2062 4720 3642 4793; baseline -0.001 -13"><span class='ocrx_word' id='word_1_856' title='bbox 2062 4725 2192 4792; x_wconf 86' lang='lat' dir='ltr'><strong><em>Quis</em></strong></span> <span class='ocrx_word' id='word_1_857' title='bbox 2221 4723 2323 4779; x_wconf 90' lang='lat' dir='ltr'><strong><em>hoc</em></strong></span> <span class='ocrx_word' id='word_1_858' title='bbox 2366 4739 2616 4793; x_wconf 91' lang='lat' dir='ltr'><strong><em>umquam</em></strong></span> <span class='ocrx_word' id='word_1_859' title='bbox 2655 4722 2832 4777; x_wconf 89' lang='lat' dir='ltr'><strong><em>dicere</em></strong></span> <span class='ocrx_word' id='word_1_860' title='bbox 2861 4720 3092 4777; x_wconf 75' lang='lat' dir='ltr'><strong><em>audeat?</em></strong></span> <span class='ocrx_word' id='word_1_861' title='bbox 3141 4720 3321 4791; x_wconf 88' lang='lat' dir='ltr'><strong><em>Neque</em></strong></span> <span class='ocrx_word' id='word_1_862' title='bbox 3348 4737 3476 4776; x_wconf 82' lang='lat' dir='ltr'><strong><em>vero</em></strong></span> <span class='ocrx_word' id='word_1_863' title='bbox 3520 4723 3642 4778; x_wconf 81' lang='lat' dir='ltr'><strong><em>inde</em></strong></span> 
     </span>
    </p>
   </div>
   <div class='ocr_carea' id='block_1_112' title="bbox 2063 4811 3641 4882">
    <p class='ocr_par' dir='ltr' id='par_1_112' title="bbox 2063 4811 3641 4882">
     <span class='ocr_line' id='line_1_112' title="bbox 2063 4811 3641 4882; baseline 0.001 -14"><span class='ocrx_word' id='word_1_864' title='bbox 2063 4823 2292 4879; x_wconf 86' lang='lat' dir='ltr'><strong><em>tantum,</em></strong></span> <span class='ocrx_word' id='word_1_865' title='bbox 2319 4812 2413 4867; x_wconf 90' lang='lat' dir='ltr'><strong><em>sed</em></strong></span> <span class='ocrx_word' id='word_1_866' title='bbox 2440 4812 2598 4867; x_wconf 90' lang='lat' dir='ltr'><strong><em>etiam</em></strong></span> <span class='ocrx_word' id='word_1_867' title='bbox 2641 4811 2855 4866; x_wconf 88' lang='lat' dir='ltr'><strong><em>aliunde</em></strong></span> <span class='ocrx_word' id='word_1_868' title='bbox 2887 4811 3153 4866; x_wconf 88' lang='lat' dir='ltr'><strong><em>constabit</em></strong></span> <span class='ocrx_word' id='word_1_869' title='bbox 3178 4812 3294 4881; x_wconf 89' lang='lat' dir='ltr'><strong><em>plus</em></strong></span> <span class='ocrx_word' id='word_1_870' title='bbox 3325 4812 3389 4865; x_wconf 89' lang='lat' dir='ltr'><strong><em>ad</em></strong></span> <span class='ocrx_word' id='word_1_871' title='bbox 3419 4827 3641 4882; x_wconf 82' lang='lat' dir='ltr'><strong><em>persua-</em></strong></span> 
     </span>
    </p>
   </div>
   <div class='ocr_carea' id='block_1_113' title="bbox 2061 4901 3643 4974">
    <p class='ocr_par' dir='ltr' id='par_1_113' title="bbox 2061 4901 3643 4974">
     <span class='ocr_line' id='line_1_113' title="bbox 2061 4901 3643 4974; baseline -0.002 -14"><span class='ocrx_word' id='word_1_872' title='bbox 2061 4905 2296 4960; x_wconf 89' lang='lat' dir='ltr'><strong><em>dendum</em></strong></span> <span class='ocrx_word' id='word_1_873' title='bbox 2348 4906 2495 4974; x_wconf 88' lang='lat' dir='ltr'><strong><em>signa</em></strong></span> <span class='ocrx_word' id='word_1_874' title='bbox 2522 4903 2771 4967; x_wconf 86' lang='lat' dir='ltr'><strong><em>valuisse,</em></strong></span> <span class='ocrx_word' id='word_1_875' title='bbox 2804 4916 2963 4971; x_wconf 90' lang='lat' dir='ltr'><strong><em>quam</em></strong></span> <span class='ocrx_word' id='word_1_876' title='bbox 2995 4901 3037 4955; x_wconf 91' lang='lat' dir='ltr'><strong><em>si</em></strong></span> <span class='ocrx_word' id='word_1_877' title='bbox 3065 4913 3429 4972; x_wconf 89' lang='lat' dir='ltr'><strong><em>resurgentem</em></strong></span> <span class='ocrx_word' id='word_1_878' title='bbox 3473 4904 3643 4957; x_wconf 88' lang='lat' dir='ltr'><strong><em>oculis</em></strong></span> 
     </span>
    </p>
   </div>
   <div class='ocr_carea' id='block_1_114' title="bbox 2063 4993 3644 5067">
    <p class='ocr_par' dir='ltr' id='par_1_114' title="bbox 2063 4993 3644 5067">
     <span class='ocr_line' id='line_1_114' title="bbox 2063 4993 3644 5067; baseline -0.004 -14"><span class='ocrx_word' id='word_1_879' title='bbox 2063 5015 2121 5054; x_wconf 91' lang='lat' dir='ltr'><strong><em>se</em></strong></span> <span class='ocrx_word' id='word_1_880' title='bbox 2147 4999 2490 5067; x_wconf 69' lang='lat' dir='ltr'><strong><em>spectandum</em></strong></span> <span class='ocrx_word' id='word_1_881' title='bbox 2519 4995 2846 5064; x_wconf 53' lang='lat' dir='ltr'><strong><em>praebuisset.</em></strong></span> <span class='ocrx_word' id='word_1_882' title='bbox 2879 4993 3010 5048; x_wconf 89' lang='lat' dir='ltr'><strong><em>Cum</em></strong></span> <span class='ocrx_word' id='word_1_883' title='bbox 3037 4993 3176 5047; x_wconf 83' lang='lat' dir='ltr'><strong><em>enim</em></strong></span> <span class='ocrx_word' id='word_1_884' title='bbox 3205 4993 3419 5048; x_wconf 82' lang='lat' dir='ltr'><strong><em>Petrum</em></strong></span> <span class='ocrx_word' id='word_1_885' title='bbox 3446 4994 3644 5047; x_wconf 84' lang='lat' dir='ltr'><strong><em>audiis-</em></strong></span> 
     </span>
    </p>
   </div>
   <div class='ocr_carea' id='block_1_115' title="bbox 2064 5081 3640 5152">
    <p class='ocr_par' dir='ltr' id='par_1_115' title="bbox 2064 5081 3640 5152">
     <span class='ocr_line' id='line_1_115' title="bbox 2064 5081 3640 5152; baseline -0.005 -9"><span class='ocrx_word' id='word_1_886' title='bbox 2064 5098 2184 5143; x_wconf 89' lang='lat' dir='ltr'><strong><em>sent</em></strong></span> <span class='ocrx_word' id='word_1_887' title='bbox 2205 5087 2370 5140; x_wconf 79' lang='lat' dir='ltr'><strong><em>turba:</em></strong></span> <span class='ocrx_word' id='word_1_888' title='bbox 2393 5083 2583 5139; x_wconf 89' lang='lat' dir='ltr'><strong><em>claudo</em></strong></span> <span class='ocrx_word' id='word_1_889' title='bbox 2605 5083 2802 5148; x_wconf 86' lang='lat' dir='ltr'><strong><em>dicere,</em></strong></span> <span class='ocrx_word' id='word_1_890' title='bbox 2837 5081 2903 5136; x_wconf 88' lang='lat' dir='ltr'><strong><em>In</em></strong></span> <span class='ocrx_word' id='word_1_891' title='bbox 2924 5085 3122 5136; x_wconf 86' lang='lat' dir='ltr'><strong><em>nomine</em></strong></span> <span class='ocrx_word' id='word_1_892' title='bbox 3137 5081 3168 5135; x_wconf 80' lang='lat' dir='ltr'><strong><em>J</em></strong></span> <span class='ocrx_word' id='word_1_893' title='bbox 3176 5098 3261 5136; x_wconf 89' lang='lat' dir='ltr'><strong><em>esu</em></strong></span> <span class='ocrx_word' id='word_1_894' title='bbox 3286 5082 3472 5137; x_wconf 82' lang='lat' dir='ltr'><strong><em>Christi</em></strong></span> <span class='ocrx_word' id='word_1_895' title='bbox 3493 5098 3640 5152; x_wconf 70' lang='lat' dir='ltr'><strong><em>surge</em></strong></span> 
     </span>
    </p>
   </div>
   <div class='ocr_carea' id='block_1_116' title="bbox 2065 5172 3639 5247">
    <p class='ocr_par' dir='ltr' id='par_1_116' title="bbox 2065 5172 3639 5247">
     <span class='ocr_line' id='line_1_116' title="bbox 2065 5172 3639 5247; baseline -0.004 -15"><span class='ocrx_word' id='word_1_896' title='bbox 2065 5187 2109 5232; x_wconf 90' lang='lat' dir='ltr'><strong><em>et</em></strong></span> <span class='ocrx_word' id='word_1_897' title='bbox 2150 5177 2352 5231; x_wconf 85' lang='lat' dir='ltr'><strong><em>ambula</em></strong></span> <span class='ocrx_word' id='word_1_898' title='bbox 2382 5175 2518 5247; x_wconf 85' lang='lat' dir='ltr'><strong><em>(Act.</em></strong></span> <span class='ocrx_word' id='word_1_899' title='bbox 2570 5175 2623 5229; x_wconf 79' lang='lat'><strong><em>5.</em></strong></span> <span class='ocrx_word' id='word_1_900' title='bbox 2674 5174 2763 5244; x_wconf 80' lang='lat'><strong><em>6),</em></strong></span> <span class='ocrx_word' id='word_1_901' title='bbox 2793 5174 2890 5227; x_wconf 88' lang='lat' dir='ltr'><strong><em>tria</em></strong></span> <span class='ocrx_word' id='word_1_902' title='bbox 2917 5173 3080 5226; x_wconf 88' lang='lat' dir='ltr'><strong><em>millia</em></strong></span> <span class='ocrx_word' id='word_1_903' title='bbox 3110 5180 3164 5226; x_wconf 90' lang='lat' dir='ltr'><strong><em>et</em></strong></span> <span class='ocrx_word' id='word_1_904' title='bbox 3190 5172 3424 5240; x_wconf 86' lang='lat' dir='ltr'><strong><em>quinque</em></strong></span> <span class='ocrx_word' id='word_1_905' title='bbox 3473 5172 3639 5226; x_wconf 82' lang='lat' dir='ltr'><strong><em>millia</em></strong></span> 
     </span>
    </p>
   </div>
   <div class='ocr_carea' id='block_1_117' title="bbox 2065 5261 3641 5328">
    <p class='ocr_par' dir='ltr' id='par_1_117' title="bbox 2065 5261 3641 5328">
     <span class='ocr_line' id='line_1_117' title="bbox 2065 5261 3641 5328; baseline -0.006 -6"><span class='ocrx_word' id='word_1_906' title='bbox 2065 5269 2298 5322; x_wconf 88' lang='lat' dir='ltr'><strong><em>virorum</em></strong></span> <span class='ocrx_word' id='word_1_907' title='bbox 2324 5264 2536 5322; x_wconf 91' lang='lat' dir='ltr'><strong><em>Christo</em></strong></span> <span class='ocrx_word' id='word_1_908' title='bbox 2560 5263 2901 5318; x_wconf 88' lang='lat' dir='ltr'><strong><em>crediderunt</em></strong></span> <span class='ocrx_word' id='word_1_909' title='bbox 2932 5279 2945 5315; x_wconf 93' lang='lat'><strong><em>:</em></strong></span> <span class='ocrx_word' id='word_1_910' title='bbox 2973 5271 3028 5316; x_wconf 90' lang='lat' dir='ltr'><strong><em>at</em></strong></span> <span class='ocrx_word' id='word_1_911' title='bbox 3053 5261 3344 5328; x_wconf 85' lang='lat' dir='ltr'><strong><em>discipulus</em></strong></span> <span class='ocrx_word' id='word_1_912' title='bbox 3366 5275 3485 5314; x_wconf 88' lang='lat' dir='ltr'><strong><em>cum</em></strong></span> <span class='ocrx_word' id='word_1_913' title='bbox 3523 5274 3641 5314; x_wconf 86' lang='lat' dir='ltr'><strong><em>sus-</em></strong></span> 
     </span>
    </p>
   </div>
   <div class='ocr_carea' id='block_1_118' title="bbox 2064 5349 3645 5423">
    <p class='ocr_par' dir='ltr' id='par_1_118' title="bbox 2064 5349 3645 5423">
     <span class='ocr_line' id='line_1_118' title="bbox 2064 5349 3645 5423; baseline -0.009 -7"><span class='ocrx_word' id='word_1_914' title='bbox 2064 5363 2282 5416; x_wconf 90' lang='lat' dir='ltr'><strong><em>citatum</em></strong></span> <span class='ocrx_word' id='word_1_915' title='bbox 2311 5357 2551 5423; x_wconf 84' lang='lat' dir='ltr'><strong><em>vidisset,</em></strong></span> <span class='ocrx_word' id='word_1_916' title='bbox 2591 5352 2896 5409; x_wconf 90' lang='lat' dir='ltr'><strong><em>incredulus</em></strong></span> <span class='ocrx_word' id='word_1_917' title='bbox 2943 5351 3058 5406; x_wconf 91' lang='lat' dir='ltr'><strong><em>fuit.</em></strong></span> <span class='ocrx_word' id='word_1_918' title='bbox 3102 5351 3262 5405; x_wconf 89' lang='lat' dir='ltr'><strong><em>Vides</em></strong></span> <span class='ocrx_word' id='word_1_919' title='bbox 3285 5352 3458 5420; x_wconf 88' lang='lat' dir='ltr'><strong><em>aptius</em></strong></span> <span class='ocrx_word' id='word_1_920' title='bbox 3477 5349 3543 5402; x_wconf 89' lang='lat' dir='ltr'><strong><em>ad</em></strong></span> <span class='ocrx_word' id='word_1_921' title='bbox 3583 5349 3645 5402; x_wconf 79' lang='lat' dir='ltr'><strong><em>il-</em></strong></span> 
     </span>
    </p>
   </div>
   <div class='ocr_carea' id='block_1_119' title="bbox 2065 5439 3644 5506">
    <p class='ocr_par' dir='ltr' id='par_1_119' title="bbox 2065 5439 3644 5506">
     <span class='ocr_line' id='line_1_119' title="bbox 2065 5439 3644 5506; baseline -0.008 0"><span class='ocrx_word' id='word_1_922' title='bbox 2065 5451 2186 5506; x_wconf 89' lang='lat' dir='ltr'><strong><em>dcm</em></strong></span> <span class='ocrx_word' id='word_1_923' title='bbox 2227 5447 2525 5505; x_wconf 85' lang='lat' dir='ltr'><strong><em>faciendam</em></strong></span> <span class='ocrx_word' id='word_1_924' title='bbox 2552 5443 2954 5501; x_wconf 88' lang='lat' dir='ltr'><strong><em>resurrectionis</em></strong></span> <span class='ocrx_word' id='word_1_925' title='bbox 2985 5444 3085 5496; x_wconf 91' lang='lat' dir='ltr'><strong><em>hoc</em></strong></span> <span class='ocrx_word' id='word_1_926' title='bbox 3120 5441 3326 5495; x_wconf 76' lang='lat' dir='ltr'><strong><em>fuisse?</em></strong></span> <span class='ocrx_word' id='word_1_927' title='bbox 3355 5441 3482 5496; x_wconf 82' lang='lat' dir='ltr'><strong><em>Nam</em></strong></span> <span class='ocrx_word' id='word_1_928' title='bbox 3515 5439 3644 5494; x_wconf 91' lang='lat' dir='ltr'><strong><em>illud</em></strong></span> 
     </span>
    </p>
   </div>
   <div class='ocr_carea' id='block_1_120' title="bbox 2065 5529 3641 5610">
    <p class='ocr_par' dir='ltr' id='par_1_120' title="bbox 2065 5529 3641 5610">
     <span class='ocr_line' id='line_1_120' title="bbox 2065 5529 3641 5610; baseline -0.006 -18"><span class='ocrx_word' id='word_1_929' title='bbox 2065 5540 2280 5610; x_wconf 89' lang='lat' dir='ltr'><strong><em>quidem</em></strong></span> <span class='ocrx_word' id='word_1_930' title='bbox 2303 5551 2426 5592; x_wconf 90' lang='lat' dir='ltr'><strong><em>cum</em></strong></span> <span class='ocrx_word' id='word_1_931' title='bbox 2461 5535 2706 5606; x_wconf 90' lang='lat' dir='ltr'><strong><em>proprius</em></strong></span> <span class='ocrx_word' id='word_1_932' title='bbox 2732 5531 3025 5600; x_wconf 89' lang='lat' dir='ltr'><strong><em>discipulus</em></strong></span> <span class='ocrx_word' id='word_1_933' title='bbox 3050 5530 3166 5599; x_wconf 89' lang='lat' dir='ltr'><strong><em>ejus</em></strong></span> <span class='ocrx_word' id='word_1_934' title='bbox 3193 5529 3434 5592; x_wconf 89' lang='lat' dir='ltr'><strong><em>vidisset,</em></strong></span> <span class='ocrx_word' id='word_1_935' title='bbox 3467 5530 3641 5582; x_wconf 82' lang='lat' dir='ltr'><strong><em>incre-</em></strong></span> 
     </span>
    </p>
   </div>
   <div class='ocr_carea' id='block_1_121' title="bbox 2067 5619 3646 5691">
    <p class='ocr_par' dir='ltr' id='par_1_121' title="bbox 2067 5619 3646 5691">
     <span class='ocr_line' id='line_1_121' title="bbox 2067 5619 3646 5691; baseline -0.008 -5"><span class='ocrx_word' id='word_1_936' title='bbox 2067 5631 2228 5690; x_wconf 84' lang='lat' dir='ltr'><strong><em>dulus</em></strong></span> <span class='ocrx_word' id='word_1_937' title='bbox 2255 5629 2388 5687; x_wconf 86' lang='lat' dir='ltr'><strong><em>fuit:</em></strong></span> <span class='ocrx_word' id='word_1_938' title='bbox 2423 5639 2478 5683; x_wconf 90' lang='lat' dir='ltr'><strong><em>at</em></strong></span> <span class='ocrx_word' id='word_1_939' title='bbox 2515 5627 2632 5684; x_wconf 62' lang='lat' dir='ltr'><strong><em>haec</em></strong></span> <span class='ocrx_word' id='word_1_940' title='bbox 2679 5639 2801 5680; x_wconf 89' lang='lat' dir='ltr'><strong><em>cum</em></strong></span> <span class='ocrx_word' id='word_1_941' title='bbox 2844 5623 3003 5681; x_wconf 86' lang='lat' dir='ltr'><strong><em>etiam</em></strong></span> <span class='ocrx_word' id='word_1_942' title='bbox 3050 5619 3248 5677; x_wconf 88' lang='lat' dir='ltr'><strong><em>inimici</em></strong></span> <span class='ocrx_word' id='word_1_943' title='bbox 3291 5628 3646 5691; x_wconf 78' lang='lat' dir='ltr'><strong><em>spectassem,</em></strong></span> 
     </span>
    </p>
   </div>
  </div>
