4096 6222
485 293 584 350 107

481 400 840 457 crediderunt.
856 398 930 452 lta
943 395 1112 466 majus
1129 396 1229 449 hoc
1245 393 1333 448 illo
1348 391 1444 446 fuit
1455 390 1833 455 etevidentius,
1849 388 2068 457 plusque

481 492 683 548 adillos
710 489 1037 555 alliciendos,
1060 487 1398 555 valuitatque
1422 482 1732 544 ﬂectendos,
1749 490 1806 534 ut
1835 493 2074 534 resurre-

484 585 646 640 ctioni
673 582 832 638 ﬁdem
858 581 1131 635 haberem.
1163 577 1299 644 Quid
1329 577 1448 630 dico
1471 572 1774 630 Thomam?
1800 569 2071 639 Siquidem

487 685 546 730 ut
572 675 711 730 scias
739 688 805 728 ne
833 679 1058 726 caeteros
1097 669 1312 740 quidem
1347 666 1638 736 discipulos
1681 664 1853 734 primo
1883 660 2073 716 intuitu

487 764 801 826 credidisse,
821 761 1111 832 prudenter
1137 758 1369 813 attende.
1387 757 1501 811 Noli
1530 765 1707 810 tamen
1735 753 1855 808 illos
1879 749 2077 806 conde-

491 870 698 919 mnare,
721 853 1066 909 dilectissime
1090 852 1162 917 ;si
1177 851 1316 905 enim
1337 849 1455 903 illos
1475 847 1718 902 Christus
1734 859 1839 898 non
1856 841 2078 896 damna-

493 961 589 1013 vtt,
614 961 788 1016 neque
812 953 867 999 tu
895 943 1013 998 illos
1025 941 1247 996 damnes
1276 937 1559 993 :videbant
1585 935 1726 990 enim
1755 933 1868 988 rem
1889 931 2078 985 miram

489 1047 547 1092 ct
573 1042 875 1093 lnusttatam
900 1031 1584 1103 discipuli,primogenitum
1611 1028 1782 1097 ipsum
1804 1041 1833 1078 a
1857 1022 2080 1078 mortuis

493 1129 782 1185 excitatum
833 1145 848 1182 :
904 1136 1155 1182 caeterum
1211 1123 1440 1177 maxima
1495 1117 1756 1187 ejusmodi
1825 1113 2080 1168 miracula

500 1224 677 1276 primo
721 1229 1010 1288 conSpectu
1054 1226 1257 1271 terrere
1285 1221 1680 1268 consueverunt
1731 1219 2002 1277 quousque
2028 1203 2082 1258 in

501 1313 736 1369 ﬁdelimn
783 1309 1048 1364 mentibus
1107 1319 1393 1376 progressu
1443 1299 1699 1370 temporis
1746 1297 2082 1352 stabilitatem

495 1405 727 1472 aliquam
771 1397 1193 1467 acquisiverint:
1230 1394 1371 1464 quod
1425 1392 1585 1448 etiam
1633 1401 1758 1444 tunc
1808 1385 2085 1455 discipulis

495 1493 694 1550 evenit.
722 1491 1004 1558 Postquam
1021 1486 1160 1540 enim
1187 1485 1449 1549 Christus,
1481 1482 1570 1552 qui
1600 1495 1630 1534 a
1651 1478 1874 1533 mortuis
1899 1490 2082 1530 resur-

498 1589 733 1644 rexerat,
771 1580 904 1634 dixit
930 1577 1052 1642 illis,
1104 1574 1222 1629 Pax
1250 1574 1406 1639 vobis,
1455 1569 1771 1634 Conturbati,
1817 1567 2006 1636 inquit,
2039 1575 2087 1619 et

499 1672 755 1728 conterriti
779 1669 1130 1724 existimabant
1163 1682 1216 1719 se
1249 1664 1484 1734 spiritum
1521 1661 1706 1724 videre,
1736 1668 1782 1713 et
1815 1658 1944 1712 dixit
1983 1655 2086 1710 illis

500 1765 652 1818 Iesus
672 1777 690 1816 :
710 1759 847 1827 Quid
870 1757 1055 1812 turbati
1081 1755 1196 1810 estis
1241 1753 1391 1825 (Luc.
1421 1751 1514 1806 24.
1555 1750 1727 1806 '56-'58
1749 1749 1788 1818 ).
1819 1747 1946 1801 Post
1974 1745 2090 1799 haec

499 1869 620 1909 cum
647 1850 970 1908 ostendisset
993 1849 1073 1903 eis
1096 1861 1287 1902 manus
1310 1853 1366 1900 et
1388 1842 1572 1915 pedes.
1621 1840 1741 1894 Non
1778 1837 2089 1892 credentibus

501 1946 604 1999 illis
623 1959 730 2015 prae
751 1942 938 2014 gaudio
953 1950 1002 1995 et
1021 1936 1318 1993 mirantibus
1346 1936 1476 1990 dixit
1498 1951 1518 1989 :
1541 1933 1745 1987 Habetis
1775 1932 1854 1985 hic
1873 1928 2087 1999 aliquid,

507 2037 645 2106 quod
670 2034 1001 2088 ntanducetur
1017 2029 1177 2102 (Ibid.
1195 2046 1243 2084 υ.
1263 2029 1390 2099 ων
1410 2026 1552 2096 quod
1582 2026 1682 2080 hac
1705 2023 1910 2078 ratione
1932 2020 2093 2075 vellet

502 2127 606 2182 illis
622 2125 778 2180 ﬁdem
793 2124 969 2179 facere
989 2121 1412 2177 resurrectionis.
1444 2119 1562 2174 Non
1593 2115 1873 2187 persuadet
1895 2113 1988 2168 tibi
2016 2112 2094 2167 la-

506 2229 611 2284 tus,
636 2215 827 2288 inquit,
851 2229 1024 2285 neque
1048 2211 1302 2267 vulnera?
1327 2210 1516 2267 saltem
1547 2222 1727 2263 mensa
1754 2203 2089 2277 persuadeat.

574 2310 628 2362 7.
687 2307 760 2364 Ut
813 2316 989 2361 autem
1058 2310 1305 2358 accurate
1372 2314 1666 2372 cognoscas
1709 2297 1908 2353 idcirco
1946 2296 2092 2350 illum

504 2399 743 2462 dixisse,
784 2395 994 2450 Habetis
1039 2394 1120 2447 hic
1161 2393 1382 2462 aliquid,
1437 2391 1573 2462 quod
1613 2389 1986 2444 manducetur.’
2027 2401 2094 2442 ne

504 2491 642 2544 forte
667 2487 1006 2542 simulacrum
1035 2498 1158 2538 esse
1200 2483 1284 2539 vel
1331 2483 1600 2550 spiritum,
1641 2491 1732 2533 aut
1779 2478 2093 2547 phantasma

511 2584 778 2649 putarent,
812 2575 907 2630 sed
934 2588 1115 2628 veram
1135 2587 1198 2627 ac
1218 2571 1599 2626 subsistentem
1621 2569 2090 2632 resurrectionem,

503 2669 627 2724 audi
653 2681 759 2738 quo
787 2675 940 2736 pacto
965 2663 1155 2719 Petrus
1180 2663 1262 2716 his
1288 2660 1602 2730 comprobet
1622 2657 2090 2714 resurrectionem.

501 2759 636 2816 Cum
656 2758 798 2813 enim
815 2755 1059 2820 dixisset,
1091 2751 1224 2806 Deus
1253 2752 1400 2804 illum
1423 2749 1701 2813 suscitavit,
1731 2763 1792 2801 ac
1818 2748 1955 2802 dedit
1982 2764 2095 2800 nta-

505 2855 743 2924 nifestum
777 2864 892 2902 eum
930 2845 1041 2914 ﬁeri
1089 2844 1232 2898 nobis
1260 2841 1464 2896 testibus
1492 2839 1864 2908 prwordinatis,
1886 2837 2083 2893 deinde

507 2938 911 2998 resurrectionis
936 2933 1448 2991 demonstrationem
1475 2931 1710 2986 ail'erens
1735 2931 1929 3000 adjecit
1955 2946 1968 2982 :
1995 2929 2096 2994 Qui

508 3029 920 3085 manducavimus
965 3033 1010 3080 et
1061 3024 1273 3078 bibimus
1319 3039 1434 3076 cum
1475 3037 1534 3074 eo
1563 3021 1702 3089 (Act.
1734 3021 1822 3075 10.
1848 3019 1940 3076 40.
1971 3019 2092 3090 41).

507 3123 792 3191 Propterea
820 3129 1033 3187 quoque
1061 3113 1191 3169 alibi
1223 3111 1467 3168 Christus
1494 3125 1614 3166 cum
1641 3119 1902 3166 mortuam
1921 3109 2092 3164 susci-

505 3219 672 3265 tasset
717 3215 777 3261 ut
806 3206 962 3260 ﬁdem
988 3202 1190 3258 faceret
1236 3200 1650 3256 resurrectionis
1684 3199 1801 3254 ait:
1845 3198 1976 3252 Date
2015 3198 2095 3252 illi

501 3300 641 3372 quod
664 3295 929 3352 manducet
971 3293 1164 3365 (Marc.
1193 3293 1248 3347 5.
1277 3291 1398 3362 45).
1443 3291 1578 3345 Cum
1618 3290 1774 3360 igitur
1794 3288 1945 3343 audis
1970 3304 2092 3343 eum

505 3390 793 3461 prmbuisse
834 3386 1069 3455 seipsum
1114 3383 1290 3436 vivum
1320 3397 1417 3452 per
1461 3379 1578 3435 dies
1619 3379 1966 3449 quadraginta
1991 3377 2094 3432 illis

505 3486 874 3549 apparentem,
905 3481 1102 3528 etcum
1130 3472 1236 3525 illis
1265 3478 1590 3534 vescentem,
1621 3483 1837 3523 causam
1863 3467 2091 3522 mandu-

503 3568 728 3623 cationis
754 3577 1038 3633 cognosce,
1071 3575 1176 3614 non
1199 3559 1339 3630 quod
1364 3560 1485 3614 cibo
1515 3559 1767 3612 nimirum
1804 3557 2086 3627 indigeret,

507 3660 654 3714 illum
707 3656 1076 3720 manducasse,
1128 3652 1222 3706 sed
1273 3650 1415 3720 quod
1465 3649 1844 3718 discipulorum
1889 3649 2090 3706 mederi

508 3753 664 3808 vellet
691 3746 1073 3813 imbecillitati,
1105 3743 1247 3798 unde
1275 3742 1515 3812 prodigia
1545 3751 1600 3796 et
1638 3742 1788 3811 signa
1819 3741 2093 3811 apostolo-

510 3859 625 3898 rum
657 3841 819 3911 liquet
845 3837 1128 3892 maximam
1148 3833 1554 3888 resurrectionis
1579 3831 2089 3886 demonstrationem

509 3935 792 3991 exstitisse.
825 3931 1158 3999 Quapropter
1183 3927 1254 3980 ait
1281 3927 1394 3994 ipse
1432 3939 1663 3994 quoque,
1692 3925 1887 3988 Amen,
1920 3939 2088 3988 autem,

505 4028 620 4082 dico
647 4026 785 4079 vobis
815 4066 828 4087 ,
877 4021 977 4086 Qui
1019 4019 1175 4074 credit
1209 4019 1261 4071 in
1307 4034 1388 4070 me
1407 4059 1422 4083 ,
1454 4033 1636 4086 opera,
1668 4032 1780 4086 qua!
1803 4031 1893 4086 ego
1921 4015 2054 4084 facio
2073 4055 2088 4079 ,

509 4129 555 4172 et
589 4117 698 4184 ipse
721 4114 890 4183 faciet,
934 4120 982 4164 et
1012 4111 1208 4179 majora
1234 4109 1415 4160 horum
1447 4107 1596 4176 faciet
1634 4105 1810 4176 (Joan.
1849 4105 1936 4158 14.
1975 4103 2088 4176 12).

508 4207 639 4262 Nam
668 4201 915 4274 quoniam
944 4215 1075 4253 crux
1101 4213 1221 4252 cum
1246 4197 1641 4260 intervenisset,
1663 4195 1916 4264 plurimos
1935 4209 2090 4248 scan-

505 4298 846 4355 dalizaverat,
876 4290 1074 4345 ideirco
1101 4287 1338 4358 pluribus
1383 4287 1455 4340 illi
1488 4287 1760 4339 miraculis
1791 4301 1927 4354 opus
1972 4285 2085 4339 fuit.

504 4385 716 4456 Alioqui
747 4382 890 4438 enim
918 4380 984 4441 si,
1011 4394 1132 4433 cum
1159 4377 1380 4430 obiisset
1397 4375 1660 4439 Christus,
1692 4387 1864 4428 morte
1882 4391 2087 4445 pnepe-

505 4479 648 4532 ditus
673 4474 978 4535 mansisset,
1009 4478 1062 4524 et
1105 4469 1368 4536 sepultus,
1399 4481 1570 4534 neque
1596 4465 1998 4532 resurrexisset,
2032 4475 2089 4520 ut

509 4571 658 4624 aiunt
684 4565 876 4630 Judaei,
909 4577 1080 4631 neque
1111 4561 1162 4614 in
1193 4559 1379 4613 caelum
1405 4557 1752 4621 ascendisset,
1783 4573 1888 4612 non
1916 4560 2086 4614 solum

511 4661 712 4731 majora
739 4667 921 4729 postea
960 4657 1074 4711 ﬁeri
1108 4653 1360 4708 miracula
1407 4663 1527 4722 post
1551 4667 1763 4707 crucem
1791 4668 1895 4706 non
1925 4668 2084 4722 Opor-

509 4751 718 4815 tuisset,
759 4763 941 4802 verum
981 4747 1140 4799 etiam
1185 4758 1269 4807 ea,
1301 4759 1419 4813 qua!
1472 4743 1620 4812 prius
1668 4743 1805 4798 facta
1855 4743 2084 4810 fuerant,

511 4857 647 4914 opus
672 4841 860 4896 luisset
885 4837 1170 4907 exstingui.
1203 4836 1297 4890 llic
1325 4836 1452 4889 mihi
1479 4836 1759 4905 diligenter
1783 4836 2040 4892 attendite
2069 4855 2082 4891 :

509 4933 817 4994 indubitata:
871 4931 1064 5000 quippe
1111 4927 1515 4982 resurrectionis
1581 4927 2084 4982 demonstrationem

506 5029 783 5088 continent
809 5025 924 5079 haec
947 5038 1062 5093 qua:
1090 5021 1317 5076 dicimus
1345 5039 1358 5074 :
1385 5019 1732 5090 quamobrem
1761 5021 1945 5074 cadent
1963 5037 2085 5076 rur-

503 5137 596 5179 sus
621 5119 861 5189 eloquar.
2000 5183 2002 5185 b

577 5209 683 5264 Cur
707 5217 817 5278 post
845 5202 1142 5260 Passionem
1167 5199 1411 5254 miracula
1432 5199 1648 5266 majora.
1672 5229 1742 5239 —-
1766 5200 1924 5271 Signa
1955 5200 2086 5256 fecit

504 5311 662 5359 antea
682 5299 944 5362 Christus,
987 5303 1225 5349 mortuos
1249 5291 1543 5354 suscitavit,
1591 5290 1829 5358 leprosos
1856 5292 2081 5347 munda-

502 5397 600 5461 vit,
627 5391 897 5448 dtemones
924 5386 1113 5456 ejecit,
1143 5381 1429 5436 cruciﬁxus
1452 5390 1534 5434 est
1558 5379 1770 5446 deinde,
1819 5390 1998 5450 atque,
2029 5391 2086 5435 ut

506 5486 692 5542 dicunt
715 5478 924 5536 scelesti
947 5474 1136 5539 Judaei,
1159 5487 1264 5526 non
1295 5469 1587 5526 resurrexit
1614 5485 1644 5523 a
1674 5471 1916 5524 mortuis.
1945 5470 2081 5537 Quid

510 5575 670 5644 igitur
696 5571 800 5625 illis
819 5566 1091 5624 dicemus?
1121 5563 1234 5619 Hoc
1258 5561 1528 5626 nimirum,
1553 5561 1609 5616 Si
1635 5576 1740 5614 non
1769 5563 2078 5627 resurrexit,

508 5660 778 5728 quomodo
811 5667 996 5729 postea
1042 5657 1096 5710 ln
1129 5656 1343 5710 nomine
1368 5653 1530 5723 ipsius
1555 5651 1752 5721 majora
1790 5651 1925 5708 facta
1954 5663 2076 5709 sunt

1189 285 1246 340 S.
1286 280 1562 340 JOANNlS
1597 275 2076 337 CllRYSOSTOMl
2118 273 2432 330 ARCHIEP.
2473 275 3010 332 CONSTANTINOP.

3650 275 3752 332 608

2181 384 2368 452 signa?
2422 385 2604 440 Nullus
2649 389 2792 442 enim
2837 403 2901 442 ex
2933 387 3065 442 vivis
3114 400 3234 441 cum
3265 385 3504 450 obiisset,
3555 386 3755 456 majora

2178 482 2300 541 post
2327 474 2529 528 obitum
2564 478 2712 545 suns
2747 477 2872 531 fecit
2900 493 2914 530 :
2945 484 3000 529 at
3025 475 3112 530 hic
3150 475 3351 544 majora
3393 484 3450 529 et
3504 473 3663 528 modo
3703 487 3762 530 et

2179 573 2363 618 natura
2393 565 2605 620 fuerunt
2632 583 2750 636 qua:
2791 577 3112 637 consequuta
3142 575 3266 620 sunt
3286 565 3561 619 miracula.
3587 565 3761 636 Siqui-

2178 652 2300 707 dem
2332 666 2516 709 natura
2549 655 2692 711 luere
2729 657 2950 726 majora,
2993 672 3112 710 cum
3143 656 3338 710 Christi
3377 656 3567 710 umbra
3610 671 3764 710 num-

2179 759 2338 813 quam
2379 757 2620 800 mortuos
2649 748 2916 802 suscitarit
2947 757 3038 800 :at
3061 747 3421 815 apostolorum
3454 734 3642 799 umbra
3679 755 3762 800 ta-

2182 837 2252 890 lia
2281 837 2443 890 multa
2474 837 2716 906 perfecit.
2769 837 2924 892 Modo
2977 853 3104 891 vero
3145 837 3343 905 majora
3395 836 3542 891 fuere
3591 838 3762 907 signa,

2181 926 2324 996 quod
2357 937 2465 980 tum
2493 929 2705 997 quidem
2755 929 2868 998 ipse
2913 928 3179 997 imperans
3233 928 3485 985 miracula
3533 941 3763 982 euerct:

2184 1025 2305 1084 post
2347 1019 2648 1087 passionem
2701 1029 2877 1074 autem
2906 1019 3046 1073 servi
3075 1019 3194 1088 ejus
3230 1029 3454 1089 augusto
3492 1028 3547 1072 et
3582 1030 3768 1073 sancto

2185 1106 2301 1175 ejus
2315 1108 2528 1162 nomine
2549 1108 2788 1162 adhibito
2805 1110 3003 1178 majora
3026 1120 3082 1164 et
3105 1111 3409 1164 sublimiora
3431 1125 3764 1178 peragerent,

2187 1206 2245 1250 ut
2271 1197 2495 1264 amplius
2519 1207 2572 1252 et
2596 1199 2877 1266 gloriosius
2906 1200 3074 1254 virtus
3095 1199 3259 1269 ipsius
3283 1200 3578 1268 elfulgerct.
3603 1199 3768 1253 Multo

2186 1289 2381 1360 quippe
2405 1288 2576 1358 majus
2607 1288 2704 1342 fuit
2727 1290 2952 1343 alterum
2983 1305 3178 1344 nomen
3221 1289 3391 1358 ipsius
3426 1296 3767 1357 usurpantem

2189 1381 2312 1434 talia
2338 1380 2590 1434 miracula
2619 1389 2847 1449 patrare,
2877 1396 3034 1450 quam
3061 1382 3230 1449 ipsum
3273 1382 3644 1449 imperantem.
3679 1379 3769 1433 Vi-

2188 1470 2286 1525 des
2313 1479 2368 1524 et
2401 1480 2588 1525 natura
2617 1481 2673 1526 et
2701 1472 2860 1526 modo
2887 1471 3087 1541 majora
3113 1470 3278 1525 fuisse
3301 1470 3666 1540 apostolorum
3695 1471 3770 1524 si-

2188 1577 2312 1632 gna,
2331 1562 2696 1629 dilectissime,
2721 1578 2841 1633 qua:
2857 1563 3050 1617 Christi
3072 1564 3519 1617 resurrectionem
3549 1574 3769 1633 sequuta

2191 1655 2355 1709 sunt?
2380 1654 2558 1725 Itaque
2583 1655 2990 1710 resurrectionis
3009 1654 3304 1709 indubitata
3332 1664 3415 1709 est
3441 1655 3774 1710 demonstra-

2192 1745 2286 1799 tio.
2309 1744 2460 1810 Nam,
2486 1755 2542 1800 ut
2579 1753 2704 1800 ante
2733 1745 2878 1811 dixi,
2911 1755 2965 1800 et
2994 1746 3184 1800 iterum
3210 1745 3407 1809 dicam,
3458 1747 3502 1800 si
3550 1756 3771 1802 mortem

2192 1837 2413 1892 obiisset
2447 1837 2712 1904 Christus,
2744 1847 2799 1893 et
2825 1853 2930 1892 non
2971 1838 3378 1903 resurrexisset,
3417 1838 3567 1907 signa
3611 1838 3773 1892 etiam

2195 1927 2414 1982 interire
2439 1928 2762 1996 oportuisset
2780 1942 2844 1982 ac
2861 1927 3026 1982 deleri
3050 1927 3182 1995 :jam
3201 1943 3327 1982 vero
3348 1943 3451 1982 non
3479 1929 3638 1982 modo
3676 1927 3775 1982 de-

2194 2017 2298 2071 leta
2334 2033 2439 2071 non
2479 2025 2603 2071 sunt
2647 2017 2740 2073 sed
2765 2026 2821 2072 et
2862 2018 3144 2072 illustriora
3187 2017 3381 2073 deinde
3425 2028 3582 2088 atque
3632 2019 3775 2074 cele-

2197 2108 2372 2164 briora
2419 2119 2543 2164 sunt
2589 2110 2745 2166 facta.
2775 2109 2832 2166 Si
2867 2111 3010 2166 enim
3037 2110 3280 2166 Christus
3299 2127 3403 2166 non
3451 2115 3774 2167 resurrexis-

2195 2212 2315 2268 set,
2357 2217 2642 2273 numquam
2689 2203 2776 2256 alii
2819 2203 2935 2271 ejus
2959 2203 3010 2256 in
3038 2203 3254 2258 nomine
3299 2205 3421 2258 talia
3451 2205 3598 2274 signa
3628 2205 3779 2260 fecis-

2195 2302 2334 2348 sent.
2359 2293 2556 2348 Eadem
2587 2295 2783 2364 quippe
2808 2294 2976 2348 virtus
2997 2303 3051 2349 ct
3074 2304 3197 2349 ante
3221 2296 3520 2364 passionem
3567 2307 3622 2349 ct
3661 2308 3778 2366 post

2198 2384 2498 2453 passionem
2526 2383 2717 2439 edebat
2748 2385 3000 2439 miracula
3035 2402 3048 2438 :
3077 2399 3139 2438 ac
3187 2380 3657 2456 pritnum'quidem
3685 2402 3779 2456 per

2196 2485 2276 2537 se,
2309 2473 2502 2527 deinde
2531 2489 2659 2527 vero
2699 2489 2796 2543 per
2819 2474 3110 2542 discipulos
3137 2491 3151 2528 :
3185 2485 3240 2528 ut
3266 2485 3440 2529 autem
3485 2477 3779 2532 evidentior

2196 2571 2252 2617 et
2294 2562 2576 2632 gloriosior
2612 2563 2764 2618 ﬁeret
2811 2565 3223 2619 resurrectionis
3266 2565 3530 2635 probatio,
3581 2569 3778 2637 majora

2198 2664 2318 2724 post
2366 2669 2579 2709 crucem
2620 2655 2833 2719 ﬁebant,
2865 2666 2919 2710 et
2967 2657 3276 2711 sublimiora
3327 2657 3587 2728 prodigia.
3630 2659 3780 2715 Unde

2197 2761 2326 2801 vero
2354 2755 2586 2813 constat,
2617 2747 2762 2802 dicet
2789 2747 3039 2814 inﬁdelis,
3078 2747 3218 2802 edita
3247 2757 3355 2801 tum
3401 2748 3562 2804 fuisse
3590 2749 3736 2820 signa
3756 2753 3782 2806 γ

2201 2836 2371 2904 Unde,
2402 2852 2586 2907 quaaso
2615 2878 2630 2901 ,
2675 2837 2988 2892 cruciﬁxum
3038 2837 3306 2892 Christum
3335 2838 3492 2894 fuisse
3536 2843 3781 2895 constat?

2197 2927 2275 2981 Et
2318 2928 2487 2982 sacris
2535 2927 2772 2993 Litteris,
2803 2928 3042 2998 inquam.
3071 2927 3202 2981 Nam
3232 2937 3285 2982 et
3311 2930 3456 2999 signa
3486 2938 3593 2984 tum
3620 2931 3782 2987 fuisse

2197 3016 2333 3071 facta
2355 3026 2410 3072 et
2434 3017 2746 3072 cruciﬁxum
2777 3017 2938 3072 fuisse
2972 3017 3262 3082 Christum,
3288 3033 3350 3073 ex
3377 3021 3541 3073 Sacris
3566 3019 3782 3076 Litteris

2196 3118 2425 3163 constat.
2460 3109 2570 3163 Illa:
2597 3110 2739 3165 enim
2767 3118 2824 3164 et
2858 3109 2971 3162 haec
2999 3119 3052 3163 et
3094 3109 3180 3163 illa
3211 3121 3447 3164 narrant.
3471 3111 3620 3179 Quod
3649 3115 3694 3167 si
3723 3122 3779 3166 tu

2199 3208 2384 3254 noster
2407 3199 2744 3256 adversarius
2771 3200 2920 3255 dicas
2959 3201 3230 3269 apostolos
3256 3201 3405 3271 signa
3434 3217 3536 3256 non
3560 3201 3778 3270 fecisse,

2199 3289 2458 3354 majorem
2488 3289 2723 3358 ipsorum
2755 3289 2994 3344 ostendis
3019 3290 3291 3355 virtutem,
3314 3301 3368 3346 et
3391 3293 3611 3362 gratiam
3638 3294 3778 3347 divi-

2197 3397 2342 3445 nam,
2366 3383 2505 3451 quod
2533 3383 2731 3452 absque
2753 3383 2918 3452 signis
2955 3392 3160 3436 tantum
3183 3385 3364 3438 orbem
3395 3394 3652 3439 terrarum
3680 3401 3777 3454 po-

2198 3474 2396 3528 tuerint
2446 3473 2510 3528 ad
2543 3475 2796 3544 pietatem
2826 3473 3126 3530 traducere.
3171 3475 3280 3528 Hoc
3305 3476 3448 3528 enim
3490 3479 3778 3531 tnaximum

2195 3575 2279 3622 est
2293 3575 2346 3620 et
2361 3566 2667 3620 inusitatum
2691 3567 3024 3628 miraculum,
3045 3581 3163 3620 cum
3179 3580 3432 3634 pauperes
3452 3575 3611 3636 atque
3627 3584 3778 3622 men-
3798 3580 3837 3610 ο

2195 3656 2320 3722 dici,
2362 3657 2574 3725 ahjecti,
2632 3657 2892 3722 illiterali,
2951 3655 3204 3726 imperiti,
3253 3655 3406 3721 viles,
3454 3666 3507 3710 et
3553 3673 3779 3712 numero

2194 3748 2474 3802 duodecim
2501 3757 2576 3802 tot
2597 3747 2776 3811 urbes,
2807 3759 3014 3816 gentes,
3043 3748 3284 3817 populos,
3305 3761 3477 3816 reges,
3501 3756 3771 3818 tyrannos,

2195 3839 2561 3910 philosophos,
2588 3849 2847 3902 oratores,
2873 3848 2928 3893 et
2953 3847 3116 3891 totam
3159 3838 3540 3907 propemodum
3581 3849 3776 3894 terram

2195 3931 2396 4000 absque
2421 3930 2586 3999 signis
2615 3929 2883 3997 potuerint
2908 3927 2974 3982 ad
3000 3944 3059 3982 se
3077 3927 3407 3997 pertrahere.
3435 3930 3512 3982 An
3540 3945 3666 3982 vero
3681 3945 3778 3982 en-

2195 4020 2277 4089 pis
2321 4021 2481 4074 etiam
2513 4035 2653 4073 nunc
2683 4019 2793 4073 ﬁeri
2825 4019 2973 4087 signa
3017 4020 3276 4072 cernere?
3305 4018 3421 4072 Tibi
3451 4034 3548 4088 ego
3592 4019 3677 4072 illa
3722 4029 3778 4073 et

2195 4111 2397 4177 majora
2424 4109 2687 4178 prioribus
2713 4110 3010 4172 ostendam,
3041 4125 3147 4162 non
3175 4126 3337 4163 unum
3369 4119 3631 4164 mortuum
3657 4127 3776 4165 sus-

2193 4200 2435 4264 citatam,
2465 4215 2570 4252 non
2600 4200 2770 4252 visum
2800 4188 2890 4253 uni
2909 4215 3052 4254 ca-co
3097 4201 3420 4265 restitutum,
3453 4201 3545 4254 sed
3572 4200 3778 4255 discns-

2193 4305 2280 4342 sas
2305 4290 2505 4344 erroris
2521 4291 2784 4354 tenebras,
2807 4306 2923 4360 quze
2941 4300 3103 4344 totam
3129 4299 3324 4345 terram
3347 4304 3732 4360 occupaverant
3758 4311 3772 4346 :

2195 4394 2300 4432 non
2331 4380 2598 4450 leprosqu
2629 4397 2788 4434 unum
2817 4381 3148 4444 mundatum,
3193 4381 3284 4435 sed
3313 4391 3387 4434 tot
3414 4393 3624 4451 gentes,
3654 4399 3776 4452 qua:

2194 4471 2396 4539 peccati
2444 4472 2648 4540 lepram
2678 4471 3068 4534 absterserunt,
3097 4485 3160 4523 ac
3203 4487 3298 4540 per
3326 4471 3592 4525 laVacrum
3623 4487 3778 4541 rege.

2193 4563 2484 4616 nerationis
2528 4561 2796 4616 mundata:
2844 4572 2986 4615 sunt.
3019 4560 3172 4626 Quod
3226 4561 3436 4630 signum
3477 4562 3647 4631 majus
3693 4562 3778 4616 his

2192 4654 2406 4724 quaeris,
2441 4654 2514 4708 mi
2539 4653 2722 4719 homo,
2751 4669 2872 4708 cum
2903 4663 3100 4707 tantam
3124 4661 3178 4708 et
3204 4662 3311 4707 tam
3340 4663 3557 4723 repente
3582 4654 3775 4711 lacum

2193 4745 2544 4799 mutationem
2571 4745 2904 4814 conspicias?

2262 4836 2318 4890 8.
2359 4835 2490 4889 Fide
2536 4837 2646 4888 sola
2682 4837 2901 4888 cernitur
2926 4833 3084 4889 Deus.
3130 4834 3312 4889 Petrus
3341 4837 3590 4905 quomodo
3606 4838 3778 4891 cruci-

2191 4927 2324 4995 [imus
2345 4926 2516 4995 fuerit.
2544 4955 2616 4965 —-
2644 4925 2762 4980 Vin‘
2793 4936 2847 4980 tu
2878 4927 3206 4996 intelligere,
3237 4943 3343 4998 quo
3373 4928 3588 4982 tandem
3617 4940 3776 4999 pacto

2191 5020 2362 5074 visum
2401 5019 2652 5075 universo
2695 5029 2956 5076 terrarum
3005 5022 3120 5076 orbi
3173 5025 3462 5078 restituerit
3489 5025 3780 5080 Christus?

2190 5111 2361 5164 Antea
2391 5109 2590 5180 lignum
2630 5119 2684 5166 et
2724 5111 2951 5181 lapidem
3001 5127 3106 5166 non
3133 5115 3507 5170 existimabant
3533 5116 3779 5173 homines

2191 5201 2389 5271 lignum
2419 5211 2475 5257 et
2512 5202 2740 5272 lapidem
2775 5217 2916 5270 esse,
2943 5219 3129 5258 verum
3160 5221 3245 5259 res
3291 5221 3481 5262 sensus
3524 5219 3780 5277 expertes

2190 5290 2320 5346 deos
2350 5293 2629 5359 vocabant,
2675 5294 2811 5350 adeo
2838 5297 3088 5350 exczecati
3115 5306 3267 5351 erant
3295 5316 3308 5351 :
3349 5299 3459 5368 jam
3491 5316 3618 5354 vero
3647 5302 3775 5370 quid

2192 5382 2387 5452 lignum
2411 5385 2497 5448 sit,
2531 5385 2724 5455 quidve
2747 5386 2880 5456 lapis
2905 5397 3206 5454 noverunt;
3236 5389 3363 5459 quid
3390 5391 3460 5444 sit
3490 5392 3630 5445 Deus
3651 5407 3777 5448 cre-

2189 5473 2456 5529 diderunt.
2490 5475 2614 5530 Sola
2665 5479 2861 5548 quippe
2912 5479 3017 5534 ﬁde
3068 5479 3385 5536 immortalis
3409 5495 3473 5536 ac
3500 5481 3652 5537 beata
3687 5485 3774 5537 illa

2193 5574 2376 5618 natura
2416 5576 2702 5636 spectatur.
2733 5568 2897 5624 Visne
2947 5569 3090 5625 aliud
3133 5587 3342 5642 quoque
3367 5573 3778 5630 resurrectionis

2191 5657 2398 5728 signum
2443 5662 2678 5718 intueri?
2719 5663 2795 5717 lix
2847 5665 2956 5735 ipsa
2986 5663 3370 5736 discipulorum
3421 5676 3598 5722 mente
3624 5681 3774 5722 sum-
