4096 6222
364 410 615 450 πευσαν.
655 391 811 447 Οὖτω
841 392 1024 464 μεῖζον
1044 393 1203 447 τοῦτο
1229 395 1437 447 ἐκείνου
1465 395 1558 447 καὶ
1588 394 1939 466 σαφέστερον,

361 486 456 540 καὶ
487 484 686 555 μάλλον
737 485 931 546 αὐτοὺς
982 484 1261 536 ἐπεσπᾶτο
1314 484 1407 537 καὶ
1443 482 1626 537 ἔπειθε
1671 483 1807 553 πρὸς
1851 482 1949 553 τὴν

361 578 680 631 ἀνάστασιν.
709 576 821 628 Καὶ
848 573 899 626 τί
951 573 1096 642 λέγω
1122 575 1214 627 16v
1241 574 1478 645 Θωμᾶνς
1518 575 1640 628 Ὅτι
1682 574 1789 644 γάρ
1827 573 1949 627 ούδέ

358 670 409 722 οί
436 667 614 721 λοιποὶ
647 665 888 737 μαθηταὶ
918 668 982 719 ἐκ
1012 664 1235 737 πρώτης
1257 665 1434 735 ὅψεως
1461 666 1765 728 ἐπίστευον,
1790 665 1946 719 ἀκου-

362 779 454 815 σον
485 759 773 829 νουνεχῶς.
817 758 979 811 Ἀ).λά
1009 758 1083 829 μὴ
1111 758 1398 828 καταγνῴς
1427 757 1625 823 αὐτῶν,
1657 758 1943 828 ἀγαπητέο

360 857 408 907 εἰ
439 853 549 924 γὰρ
588 856 617 906 6
643 852 879 923 Χριστὸς
910 851 972 904 οὐ
1020 852 1273 919 κατέγνω
1309 850 1521 913 αὐτῶν,
1556 851 1693 921 μηδὲ
1730 852 1793 904 σὺ
1844 867 1944 903 κα-

357 943 573 1015 ταγνῷς
611 942 819 996 αὐτῶνθ
852 943 947 996 καὶ
996 942 1103 1014 γὰρ
1133 944 1364 1014 πρᾶγμα
1395 942 1546 1008 ξένον
1585 938 1723 995 εἶδον
1759 943 1807 994 οἱ
1844 958 1946 1011 μα-

360 1036 524 1109 θηταὶ
578 1036 675 1090 καὶ
732 1034 1034 1107 παράδοξον
1063 1073 1079 1098 ,
1114 1035 1456 1106 πρωτότοκον
1505 1034 1665 1089 αὑτὸν
1718 1035 1782 1087 ἐκ
1837 1033 1945 1086 τῶν

357 1128 570 1199 νεκρῶν
593 1126 939 1193 ἀναστάντα,⁸
972 1125 1040 1179 τά
1072 1125 1129 1178 δὲ
1163 1126 1386 1179 τοιαῦτα
1424 1125 1653 1197 μέγιστα
1691 1124 1945 1196 θαύματα

359 1225 424 1277 ἐκ
447 1222 669 1295 πρώτης
695 1221 1013 1293 ἐκπλήττειν
1038 1220 1227 1273 εἴωθεν
1247 1260 1262 1285 ,
1290 1220 1394 1284 ἓως
1423 1220 1489 1273 ἂν
1532 1219 1611 1289 τῷ
1640 1219 1817 1289 χρόνῳ
1850 1221 1946 1289 μό-

358 1330 495 1384 νιμα
517 1313 744 1382 γένηται
771 1313 828 1364 ἐν
856 1314 977 1375 ταῖς
1011 1310 1121 1365 τῶν
1157 1311 1521 1364 πιστευόντων
1555 1310 1750 1380 ψυχαῖς
1767 1328 1779 1341 ·
1805 1311 1943 1379 ὅπερ

361 1403 455 1460 οὖν
490 1407 586 1459 καὶ
616 1405 709 1457 ἐπὶ
734 1403 845 1456 τῶν
880 1402 1135 1475 μαθητῶν
1165 1401 1379 1471 ἐγένετο
1412 1402 1550 1454 τότε.
1589 1401 1805 1472 Ἐπειδὴ
1834 1401 1943 1473 γάρ

361 1496 600 1560 ἀναστὰς
625 1498 653 1548 ὁ
678 1496 913 1567 Χριστὸς
935 1497 1000 1548 ἐκ
1036 1494 1241 1565 νεκρῶν
1267 1490 1419 1546 εἷπεν
1466 1494 1651 1555 αὐτοῖς
1670 1510 1683 1524 ⁸
1715 1493 1941 1562 Εἰρήνη

362 1591 523 1659 ὑμῖν,
560 1586 946 1654 Πτοηθέντες,
984 1586 1167 1657 φησὶν,
1196 1584 1414 1638 ἐκεῖνοι
1448 1585 1545 1637 καὶ
1571 1585 1817 1653 ἔμφοϐοι
1851 1600 1944 1653 ἰπε-

360 1681 601 1750 νόμενοι
626 1678 885 1733 ἐδόκουν
917 1677 1151 1745 πνεῦμα
1196 1674 1432 1744 θεωρεῖν
1457 1715 1471 1739 ,
1504 1674 1601 1727 καὶ
1638 1671 1809 1728 εἶπεν
1838 1676 1944 1728 αὺ-

362 1770 490 1836 τοῖς
532 1773 563 1823 ό
611 1769 861 1836 Ἰησοῦςθ
900 1769 962 1822 Τί
989 1767 1407 1836 τεταραγμένοι
1438 1766 1616 1829 ἐστέ;
1652 1766 1762 1819 Καὶ
1806 1766 1942 1835 μετά

361 1861 535 1914 ταῦτα
560 1860 830 1926 ἐπιδείξας
859 1860 1040 1922 αὐτοῖς
1087 1860 1184 1923 τὰς
1230 1863 1417 1932 χεῖρας
1461 1859 1556 1913 καὶ
1591 1858 1719 1921 τοὺς
1749 1858 1939 1921 πόδας,

360 1952 457 2006 καὶ
498 1953 930 2006 Ἀπιστούιιτων
983 1948 1182 2005 αὐτῶν
1242 1950 1360 2006 ἀπὸ
1414 1948 1523 2018 τῆς
1571 1947 1789 2019 χαρᾶς,
1843 1951 1940 2003 καὶ

360 2043 805 2114 θαυμαζόντων,
831 2041 1000 2098 εἶπεν
1030 2043 1235 2110 αὐτοῖς
1259 2061 1272 2074 ·
1304 2042 1509 2112 Ἔχετέ
1542 2060 1598 2096 τι
1629 2041 1944 2112 ,βρώσιμον

357 2136 606 2199 ἐνθάδες
636 2135 723 2190 διὰ
753 2135 958 2189 τούτων
992 2135 1314 2206 βουλόμενος
1351 2136 1535 2199 αὐτοῖς
1567 2135 1666 2205 τὴν
1704 2134 1941 2188 ἀνάστα-

358 2245 446 2281 σιν
481 2226 879 2281 πιστώσασθαι.
928 2227 1001 2279 Οὐ
1031 2226 1210 2279 πείθει
1262 2244 1321 2279 σε
1347 2268 1361 2291 ,
1411 2226 1577 2296 φησὶν
1600 2266 1614 2288 ,
1649 2228 1682 2297 η
1710 2224 1939 2297 πλευρὰ,

351 2320 482 2372 οὐδὲ
506 2318 576 2371 τά
608 2317 928 2390 τραύματα;
965 2316 1199 2370 πειθέτω
1217 2316 1319 2370 κάν
1349 2319 1381 2387 ἡ
1407 2316 1674 2389 τράπεζα.

432 2410 507 2473 ζ’.
534 2411 653 2461 ’Ὶνα
687 2408 745 2461 δέ
773 2408 950 2481 μάθῃς
987 2407 1264 2477 ἀκριϐῶς,
1304 2408 1386 2461 ὅτι
1435 2408 1525 2461 διὰ
1559 2407 1718 2461 τοῦτο
1766 2404 1940 2472 εἶπεν,

353 2493 430 2545 'E
435 2491 572 2561 χετέ
603 2510 655 2544 τι
677 2491 988 2561 ,ϐρώσιμον
1009 2491 1220 2546 ἐνθάδε
1270 2490 1520 2561 φαγεῖνη
1564 2492 1649 2545 ἵνα
1690 2491 1763 2561 μὴ
1792 2492 1943 2561 νομί-

352 2591 532 2629 σωσιν
557 2574 774 2627 εἴδωλον
799 2571 959 2636 εἶναι,
995 2575 1130 2647 μηδέ
1168 2574 1381 2645 πνεῦμα
1407 2616 1421 2640 ,
1457 2575 1591 2646 μηδέ
1618 2576 1939 2644 φαντασίαν,

349 2658 478 2711 ἀλλ’
509 2657 685 2727 ἀληθῆ
739 2657 835 2710 καὶ
892 2658 1256 2711 ἐνυπόστατον
1308 2657 1635 2723 ἀνάστασιν,
1685 2659 1940 2725 ἄκουσον,

354 2742 479 2804 πῶς
505 2742 535 2794 6
564 2741 767 2811 Πέτρος
797 2741 904 2794 ἀπὸ
927 2740 1131 2795 τούτων
1165 2741 1455 2818 πιστοῦται
1483 2742 1583 2813 τὴν
1622 2744 1939 2798 ἀνάστασιν.

354 2823 546 2879 Εἰπὼν
598 2823 706 2893 γὰρ
758 2824 841 2877 ὅτι
906 2823 1273 2893 Ἀνέστησεν
1311 2826 1500 2879 αὑτὸν
1552 2829 1585 2879 ὀ
1624 2826 1800 2893 Θεὸς,
1844 2827 1940 2880 καὶ

350 2907 579 2960 ἔδωκεν
636 2904 825 2959 αὑτὸν
881 2906 1118 2975 ἑμέρανηῆ
1173 2906 1456 2976 γενέσθαι
1508 2908 1769 2977 μάρτυσι
1816 2907 1939 2973 τοῖς

350 2987 1060 3058 προκεχειροτονημένοις
1109 2988 1254 3058 ἡμῖν
1283 3031 1298 3055 ,
1351 2984 1471 3043 εἶτα
1522 2991 1617 3042 καὶ
1667 2989 1940 3054 ἀπόδειξιν

349 3072 457 3141 τῆς
483 3071 834 3134 ἀναστάσεως
876 3070 1082 3135 τιθεὶς,
1148 3073 1456 3142 ἐπήγαγεν·
1511 3073 1738 3137 Οἴτη-ες
1790 3089 1942 3126 auro

347 3153 658 3224 προάγομεν
705 3152 806 3206 καὶ
855 3154 1227 3223 συνεπίομεν
1285 3153 1463 3220 αὐτῷ.
1509 3153 1609 3207 Διά
1638 3154 1796 3208 τοῦτο
1845 3156 1939 3208 καὶ

350 3235 592 3307 ἀλλαχοῦ
626 3237 943 3305 ἀναστήσας
991 3236 1191 3306 νεκρὰν
1224 3237 1253 3288 6
1296 3238 1564 3307 Χριστὸς,
1595 3238 1681 3291 ἵνα
1736 3238 1939 3291 πιστώ-

352 3336 520 3391 σηται
566 3318 667 3391 τὴν
726 3318 1027 3371 ἀνάστασιν
1080 3317 1181 3388 ἐφη
1210 3336 1223 3349 ’
1272 3320 1413 3373 Δότε
1469 3319 1623 3388 αὐτῇ
1683 3322 1895 3390 φαγεῖν
1920 3362 1933 3375 .

350 3402 527 3456 ὀταν
559 3398 651 3455 οὖν
679 3400 948 3473 ἀκούσης,
973 3402 1055 3453 ὃτι
1077 3402 1421 3473 παρέστησεν
1455 3404 1645 3455 ἐαυτὸν
1676 3404 1851 3467 ζῶντα
1870 3406 1936 3457 δι’

348 3484 578 3556 ἡμερῶν
621 3485 1032 3555 τεσσαράκοντα
1074 3484 1445 3563 ὀπτανόμενος
1492 3486 1675 3549 αὐτοῖς
1718 3486 1812 3539 καὶ
1850 3504 1939 3539 συ-

348 3566 702 3637 ναλιζόμενος
726 3605 740 3632 ,
778 3567 1018 3637 μάνθανε
1046 3567 1147 3637 τῆς
1166 3566 1445 3639 τραπέζης
1476 3568 1574 3640 τὴν
1604 3569 1783 3623 αἰτίαν
1806 3609 1821 3634 ,
1855 3571 1937 3623 ὅτι

345 3651 472 3722 οὐχὶ
519 3650 770 3720 δεόμενος
812 3650 977 3715 αὐτὸς
1020 3652 1301 3723 τραπέζης
1346 3653 1623 3725 ἔτρωγεν,
1653 3656 1788 3710 ἀλλά
1821 3656 1938 3727 βου-

346 3732 575 3804 λόμενος
599 3734 698 3803 τὴν
725 3732 1010 3788 ἀσθένειαν
1034 3734 1329 3806 διορθῶσαι
1358 3736 1467 3790 τῶν
1492 3738 1749 3811 μαθητῶν
1769 3780 1783 3805 ,
1814 3740 1935 3794 ὅθεν

343 3816 507 3888 δῆλον
530 3816 612 3868 ὅτι
636 3814 706 3868 τά
733 3815 936 3887 τέρατα
964 3817 1060 3870 κα)⁵
1091 3820 1290 3888 σημεῖα
1326 3817 1436 3871 τῶν
1468 3820 1778 3874 ἀποστόλων
1808 3823 1937 3877 ἀπό-

344 3898 515 3965 δειξις
558 3893 625 3970 ἦν
667 3899 897 3970 μεγίστη
939 3899 1041 3969 τῆς
1091 3900 1457 3964 ἀναστάσεως.
1505 3902 1597 3955 Διὸ
1642 3904 1737 3956 καὶ
1774 3905 1936 3968 αὑτός

346 3998 545 4052 φησιν’
589 3979 797 4050 Ἀμὴν,
836 3981 1017 4051 ἀμὴν,
1051 3981 1206 4051 λέγω
1240 3983 1400 4053 ὑμῖν,
1443 3986 1476 4038 ὁ
1507 3987 1809 4040 πιστεύων
1846 3990 1933 4054 εις

344 4063 474 4132 ἐμὲ,
505 4063 576 4117 τὰ
603 4065 748 4132 ἔργα
775 4062 813 4118 ἂ
850 4064 997 4118 ποιῶ
1022 4064 1137 4134 ἐγὼ
1163 4105 1176 4129 ,
1215 4065 1492 4133 κάκεῖνος
1526 4067 1765 4137 ποιήσει
1787 4109 1800 4133 ,
1835 4070 1935 4125 καί

344 4144 587 4215 μείζονα
631 4148 857 4201 τούτων
898 4147 1161 4214 ποιήσει.
1226 4149 1443 4223 Ἐπειδὴ
1495 4150 1602 4223 γάρ
1629 4154 1657 4205 6
1702 4155 1931 4225 σταυρὸς

352 4228 558 4300 μεταξὺ
615 4231 986 4301 παρεμπεσὼν
1048 4232 1399 4287 ἐσκανδάλισε
1465 4235 1751 4302 πλείστους
1780 4280 1795 4302 ,
1845 4239 1933 4294 διά

346 4313 508 4365 τοῦτο
536 4312 631 4365 καὶ
664 4314 923 4384 μειζόνων
948 4315 1136 4387 ἐδέησε
1164 4318 1300 4387 μετά
1325 4318 1498 4372 ταῦτα
1524 4323 1786 4391 σημείων.
1803 4324 1932 4378 Καί-

344 4412 427 4448 τοι
468 4413 532 4464 γε
562 4398 610 4449 εί
646 4397 974 4470 τελευτήσας
1018 4401 1049 4454 6
1075 4402 1305 4471 Χριστὸς
1337 4404 1662 4476 ἐναπέμεινε
1706 4407 1785 4479 τῷ
1836 4409 1930 4463 θα-

345 4481 494 4567 νάτιρ
541 4482 634 4567 καί
660 4481 739 4567 τῷ
772 4482 888 4554 [92]
921 4483 1076 4555 τάφῳ
1095 4526 1110 4550 ,
1139 4485 1234 4538 καὶ
1270 4488 1369 4540 οὐκ
1397 4489 1595 4561 ἀνέστη
1617 4530 1633 4556 ,
1677 4493 1929 4567 καθάπερ

345 4565 394 4616 οἱ
442 4563 685 4617 Ἰουδαῖοί
742 4581 926 4632 φασιν,
966 4568 1086 4620 οὐδὲ
1118 4568 1286 4637 ἀνέϐη
1329 4572 1410 4632 είς
1458 4573 1585 4635 τοὺς
1641 4563 1925 4646 οὐρανοὺς,

345 4648 408 4700 οὐ
446 4648 607 4718 μόνον
649 4649 749 4702 οὐκ
799 4649 908 4702 ἔδει
940 4650 1161 4720 μείζονα
1191 4652 1438 4720 γίνεσθαι
1478 4654 1548 4707 τά
1588 4659 1727 4725 μετά
1756 4659 1929 4715 ταῦτα

348 4734 553 4802 σημεῖα
573 4731 645 4785 τά
680 4732 817 4803 μετά
845 4733 937 4785 τὸν
975 4735 1208 4805 σταυρὸν
1229 4775 1245 4798 ,
1281 4735 1417 4789 ἀλλά
1448 4739 1542 4791 καὶ
1583 4740 1652 4792 τὰ
1686 4744 1927 4815 πρότερα

347 4816 608 4885 γινόμενα
654 4815 1059 4887 ἀποσϐεσθῆναι
1092 4818 1281 4888 ἐχρῆν.
1315 4819 1616 4891 Προσέχετέ
1657 4841 1747 4895 μοι
1788 4829 1929 4896 μετά

348 4898 632 4967 ἀκριϐείας
680 4898 913 4952 ἐνταῦθα
934 4918 947 4929 ·
984 4902 1333 4966 ἀναστάσεως
1374 4904 1482 4975 γάρ
1513 4907 1652 4962 εἰσιν
1685 4909 1925 4980 ἀναμφι-

348 4981 623 5052 σϐητήτου
654 4982 955 5049 ἀποδείξεις
991 4983 1058 5036 τά
1086 4985 1352 5055 λεγόμενα
1373 5027 1387 5052 ,
1427 4987 1507 5041 διὸ
1536 4991 1631 5045 καὶ
1662 4992 1820 5047 πάλιν
1858 4998 1926 5051 τὰ

348 5065 486 5117 αύτά
518 5066 647 5133 ἐρῶ.
1026 5074 1039 5085 ⁹

431 5156 681 5228 Ἐποίησε
727 5161 925 5230 σημεῖα
960 5159 1065 5231 πρὸ
1111 5163 1300 5215 τούτου
1330 5165 1358 5216 6
1390 5164 1643 5235 Χριστὸς,
1696 5170 1925 5241 νεκροὺς

347 5237 557 5312 ἤγειρε,
584 5241 817 5313 λεπροὺς
843 5242 1100 5315 ἐκάθηρε,
1123 5243 1380 5315 δαίμονας
1404 5247 1714 5319 ἀπήλασεν
1740 5237 1925 5307 ἐσταυ-

350 5321 498 5394 ρὼθη
534 5325 671 5395 μετά
710 5327 900 5392 ταῦτα,
932 5328 1023 5379 καὶ
1049 5327 1123 5390 ώς
1154 5329 1203 5381 οί
1234 5329 1541 5400 παράνομοι
1575 5331 1809 5387 Ἰουδαῖοι
1840 5336 1923 5389 λέκ-

349 5418 534 5470 γουσιν
559 5421 610 5470 ι,
638 5409 738 5461 οὐκ
770 5409 965 5480 ἀνέστη
998 5411 1064 5462 ἐκ
1098 5411 1328 5481 νεκρῶν.
1361 5412 1425 5466 Τί
1450 5408 1544 5466 οὖν
1574 5414 1641 5468 ἂν
1675 5419 1923 5489 εἴποιμεν

348 5486 487 5569 πρὸς
521 5490 747 5557 αὐτούς;
778 5493 899 5546 Ὀτι
942 5495 990 5546 εί
1040 5495 1113 5566 μὴ
1156 5496 1377 5569 ἀνέστη,
1413 5496 1531 5563 πῶς
1572 5500 1709 5563 μετά
1749 5486 1923 5557 ταύτα

351 5567 409 5621 ἐν
434 5568 510 5640 τῷ
537 5572 759 5645 ὀνόματι
783 5574 946 5630 αὐτοῦ
983 5576 1203 5647 μείζονα
1232 5567 1448 5648 ἐγένετο
1478 5585 1707 5655 σημεῖα;
1737 5584 1921 5649 Οὐδεὶς

415 5702 444 5733 ⁸
460 5702 590 5755 Colb.
617 5710 696 5757 καὶ
718 5712 784 5766 ὥς
801 5708 1030 5767 Ἕλληνες
1060 5708 1265 5768 λέγουσι.
1328 5706 1333 5711 ’

632 5787 899 5848 Pyrum"
941 5787 1056 5849 Gn.
1102 5789 1198 5853 ιι.

983 282 1121 339 CUB
1162 285 1225 341 ΙΝ
1259 284 1544 343 PENTEC.
1578 286 1777 345 ACTA.
1821 286 1970 341 ETC.
2029 286 2094 342 IN
2124 286 2410 344 PRINCH’.
2457 288 2812 347 ACTORUM.
2858 290 2943 346 IV.

3506 293 3610 347 l03

2052 393 2161 463 γάρ
2190 395 2299 450 τῶν
2333 395 2549 460 ζώντων
2573 395 2899 468 τελευτήσας
2935 396 3155 467 μείζονα
3183 398 3382 468 σημεῖα
3404 399 3628 473 ἐποίησε

2049 476 2188 544 μετά
2213 476 2311 548 τὴν
2339 477 2616 549 τελευτὴν,
2644 477 2875 533 ἐνταῦθα
2902 480 2958 532 δέ
2980 479 3200 550 μείζονα
3228 480 3321 533 καὶ
3340 480 3416 551 τῷ
3435 484 3625 556 τρόπῳ

2045 559 2140 612 καὶ
2166 562 2230 630 τῇ
2262 560 2419 630 φύσει
2447 561 2515 616 τά
2550 560 2802 632 θαύματα
2836 563 2975 633 μετά
3004 562 3177 616 ταῦτα
3204 558 3292 633 ἦν.
3322 565 3489 619 Φύσει
3518 567 3630 639 γάρ

2048 642 2269 712 μείζονα
2301 640 2389 713 ἦν,
2426 643 2508 697 ὅτι
2545 644 2643 715 μέν
2680 644 2773 698 τοῦ
2808 645 3043 717 Χριστοῦ
3076 646 3330 701 οὐδέποτε
3361 650 3511 703 σκιαὶ
3544 667 3631 703 νε-

2044 727 2209 795 κροὺς
2257 726 2590 796 ἀνέστησαν’
2625 728 2717 780 ἐπὶ
2755 727 2810 780 δέ
2845 727 2955 780 τῶν
3006 728 3321 783 ἀποστόλων
3373 731 3428 784 αἱ
3475 731 3628 786 σκιαὶ

2043 806 2223 862 αὐτῶν
2266 808 2438 861 πολλὰ
2482 807 2707 862 τοιαῦτα
2759 810 2994 863 ἐποίουν.
3048 811 3247 883 Τρὸπῳ
3296 813 3353 866 δέ
3404 814 3628 886 μείζονα

2043 888 2260 958 ἐγένετο
2298 894 2520 962 σημεῖα,
2549 893 2629 944 ὅτι
2662 890 2783 945 τότε
2819 892 2917 963 μέν
2947 892 3109 956 αὐτὸς
3137 893 3445 948 ἐπιτάττων
3471 896 3599 949 ἐθαυ
3618 927 3630 938 ο

2046 973 2371 1044 ματούργει’
2413 972 2550 1045 μετὰ
2582 973 2638 1027 δὲ
2676 973 2768 1027 τὸν
2804 976 3037 1047 σταυρὸν
3064 978 3110 1029 οἱ
3141 976 3315 1031 δοῦλοι
3344 978 3506 1032 αὐτοῦ
3545 977 3626 1050 τῷ

2043 1057 2324 1127 σεϐασμίῳ
2352 1059 2445 1111 καὶ
2477 1052 2617 1128 ἀγίῳ
2647 1057 2811 1111 αὑτοῦ
2841 1059 3064 1129 ὀνόματι
3092 1059 3366 1131 χρώμενοι
3404 1060 3628 1131 μείζονα

2043 1142 2137 1194 καὶ
2183 1141 2491 1212 ὑψηλότερα
2536 1142 2775 1206 ἐποίουν,
2819 1141 2961 1194 ὥστε
3013 1141 3275 1212 μειζόνως
3321 1144 3495 1198 αὐτού
3530 1147 3627 1199 καὶ

2042 1223 2396 1296 ἐνδοξοτέρως
2427 1222 2728 1293 διαλάμψαι
2781 1223 2878 1294 τὴν
2928 1223 3103 1293 ἰσχύν.
3156 1223 3262 1277 Τοῦ
3318 1225 3428 1297 γάρ
3465 1227 3628 1281 αὑτὸν

2042 1305 2352 1358 ἐπιτάττειν
2399 1306 2605 1380 πολλῷ⁸
2627 1305 2810 1375 μεῖζον
2856 1302 2923 1377 ἦν
2966 1307 3026 1359 16
3060 1307 3245 1378 ἕτερον
3290 1308 3369 1379 τῷ
3417 1309 3627 1364 ἐκείνου

2039 1388 2379 1459 κεχρημένον
2422 1388 2648 1458 ὀνόματι
2693 1388 2917 1441 τοιαῦτα
2953 1387 3411 1461 θαυματουργεῖν.
3448 1387 3624 1457 Εἶδες,

2038 1470 2314 1541 ἀγαπητὴ
2346 1470 2440 1523 καὶ
2473 1473 2539 1541 τῇ
2574 1469 2734 1540 φύσει
2762 1470 2856 1523 καὶ
2897 1470 2975 1541 τῷ
3006 1471 3193 1542 τρόπῳ
3229 1472 3451 1542 μείζονα
3494 1474 3627 1528 ὄντα

2039 1554 2107 1607 τὰ
2153 1556 2355 1624 σημεῖα
2383 1552 2491 1605 τῶν
2520 1552 2834 1605 ἀποστόλων
2868 1551 3006 1622 μετά
3054 1552 3152 1624 τὴν
3189 1555 3486 1611 ἀνάστασιν
3529 1557 3625 1612 τοῦ

2039 1635 2311 1707 Χριστοῦ;
2344 1634 2555 1689 Οὐκοῦν
2598 1637 3079 1707 ἀναμφισϐήτητος
3121 1639 3154 1709 ή
3200 1638 3477 1705 ἀπόδειξις
3522 1640 3627 1712 τῆς

2040 1718 2423 1789 ἀναστάσεως.
2448 1718 2623 1789 Ὅπερ
2662 1718 2773 1789 γάρ
2813 1718 3019 1786 ἔλεγον,
3056 1720 3152 1772 καὶ
3197 1720 3362 1774 πάλιν
3402 1722 3533 1794 ἐρῶ,
3576 1724 3627 1775 εί

2039 1799 2444 1869 ἐτετελευτήκει
2472 1802 2499 1852 6
2519 1799 2774 1871 Χριστὸς,
2804 1801 2897 1853 καὶ
2924 1801 3023 1853 οὐκ
3044 1802 3268 1873 ἀνέστη,
3298 1804 3406 1857 ἔδει
3435 1806 3530 1858 καὶ
3555 1806 3628 1859 τὰ

2043 1884 2241 1951 σημεῖα
2289 1880 2608 1951 τελευτῆσαι
2660 1882 2753 1934 καὶ
2804 1882 3245 1952 ἀποσϐεσθῆναιο
3296 1888 3414 1940 νυνὶ
3460 1887 3516 1941 δέ
3560 1888 3623 1941 οὐ

2048 1965 2209 2035 μόνον
2239 1966 2339 2017 οὐκ
2366 1963 2699 2037 ἀπεσϐέσθη,
2731 1964 2868 2019 ἀλλά
2898 1966 2992 2020 καὶ
3031 1967 3384 2041 λαμπρότερα
3417 1970 3512 2023 καὶ
3541 1973 3627 2023 ἐν·

2041 2048 2293 2121 δοξάτερα
2326 2049 2515 2118 γέγονε
2550 2048 2691 2119 μετὰ
2736 2049 2928 2104 ταῦτα.
2980 2052 3043 2104 Εἰ
3088 2052 3196 2123 γὰρ
3243 2054 3317 2124 μὴ
3349 2054 3549 2125 ἀνέστη
3596 2057 3626 2109 6

2037 2129 2291 2202 Χριστὸς,
2316 2132 2415 2185 οὐκ
2445 2130 2510 2185 ἂν
2545 2131 2722 2202 ἕτεροι
2751 2134 2808 2185 ἐν
2840 2132 2919 2203 τῷ
2951 2134 3177 2205 ὀνόματι
3202 2135 3365 2190 αὑτοῦ
3399 2136 3626 2190 τοιαῦτα

2042 2217 2243 2285 σημεῖα
2266 2215 2548 2285 ἐποίησαν.
2590 2216 2653 2268 Ἢ
2685 2216 2824 2285 αὐτὴ
2855 2216 2953 2286 μὲν
2991 2216 3099 2287 γάρ
3124 2216 3354 2289 δύναμις
3389 2218 3486 2273 καὶ
3518 2218 3623 2290 πρὸ

2038 2298 2132 2349 105
2164 2297 2398 2368 σταυροῦ
2430 2298 2524 2351 καὶ
2568 2298 2707 2369 μετά
2754 2299 2846 2351 τὸν
2879 2299 3112 2369 σταυρὸν
3141 2299 3584 2371 ἐθαυματούργει
3604 2318 3617 2331 °

2040 2378 2135 2433 καὶ
2169 2380 2384 2452 πρῶτον
2417 2381 2516 2451 μὲν
2542 2380 2610 2434 δι’
2646 2379 2863 2445 ἐαυτοῦ,
2904 2380 3128 2452 ὕστερον
3156 2382 3212 2435 δέ
3241 2382 3331 2438 διά
3370 2384 3476 2437 τῶν
3511 2402 3619 2455 μα-

2041 2461 2250 2533 θητῶν’
2284 2464 2372 2517 ἵνα
2414 2463 2471 2516 δέ
2510 2464 2822 2535 σαφεστέρα
2883 2464 2977 2519 καὶ
3027 2465 3340 2538 ἐνδοξοτέρα
3393 2466 3622 2539 γένηται

2038 2545 2137 2615 τῆς
2160 2546 2512 2610 ἀναστάσεως
2544 2548 2576 2616 ἠ
2616 2546 2907 2615 ἀπόδειξις,
2939 2547 3161 2618 μ;ίξονα
3189 2549 3284 2602 και
3314 2548 3623 2622 ὑψηλότερα

2043 2628 2181 2697 μετά
2228 2627 2319 2681 τὸν
2369 2629 2601 2699 σταυρὸν
2654 2630 2873 2699 ἐγένετο
2919 2632 2987 2684 τὰ
3034 2634 3257 2703 σημεῖα.
3302 2634 3413 2686 Καὶ
3457 2633 3622 2687 πόθεν

2038 2710 2195 2779 δῆλον
2223 2712 2303 2765 ὃτι
2332 2715 2533 2784 σημεῖα
2559 2713 2749 2781 γέγονε
2782 2714 2939 2781 τύτε;
2970 2716 2997 2767 6
3027 2716 3253 2779 ἄπιστος
3287 2718 3404 2787 ἐρεῖ
3450 2717 3622 2771 Πόθεν

2040 2793 2097 2846 δέ
2141 2796 2233 2848 καὶ
2280 2795 2438 2865 δῆλον
2478 2796 2560 2849 ὅτι
2612 2795 2931 2867 ἐσταυρώθη
2972 2800 3001 2851 6
3047 2799 3313 2869 Χριστός;
3347 2800 3478 2853 Ἀπδ
3511 2800 3622 2854 τῶν

2041 2876 2199 2931 θείων
2253 2879 2505 2950 Γραφῶν,
2552 2879 2706 2949 φησί.
2758 2880 2869 2933 Καὶ
2920 2881 3029 2952 γὰρ
3059 2882 3142 2935 ὃτι
3176 2885 3377 2954 σημεῖα
3425 2883 3618 2953 γέγονε

2038 2960 2159 3013 τότε
2190 2962 2285 3015 καὶ
2315 2963 2397 3016 ὅτι
2429 2962 2750 3035 ἐσταυρώθη
2783 2966 2813 3016 6
2847 2964 3103 3034 Χριστὸς,
3142 2966 3249 3019 ἀπὸ
3294 2965 3402 3019 τῶν
3449 2968 3619 3034 ἁγίων

2038 3042 2268 3113 Γραφῶν
2300 3043 2476 3114 δῆλον.
2521 3045 2756 3099 Ἐκεῖναι
2789 3046 2886 3116 μὲν
2919 3047 3027 3116 γὰρ
3055 3049 3148 3100 καὶ
3177 3047 3350 3102 ταῦτα
3392 3051 3619 3104 κάκεῖ.·α

2036 3125 2303 3195 λέγουσιν.
2338 3129 2401 3180 El
2429 3128 2484 3180 δὲ
2514 3128 2663 3196 λέγει
2689 3130 2718 3182 6
2744 3131 3082 3194 ὑπεναντίος,
3113 3132 3194 3185 ὅτι
3224 3132 3323 3185 οὐκ
3355 3132 3618 3206 ἐποίησαν

2038 3213 2238 3281 σημεῖα
2275 3212 2324 3262 οί
2356 3210 2663 3277 ἀπόστολοι,
2697 3212 2960 3280 μειζόνως
2987 3213 3166 3266 αὐτῶν
3211 3213 3478 3278 δεικνύεις
3517 3218 3617 3287 τὴν

2035 3294 2265 3363 δύναμιν
2316 3293 2410 3347 καὶ
2458 3292 2555 3364 τὴν
2594 3293 2744 3348 θείαν
2798 3295 2978 3367 χάριν,
3026 3296 3109 3349 ὃτι
3161 3298 3331 3368 χωρὶς
3374 3299 3617 3369 σημείων

2034 3378 2303 3449 τοσαύτην
2328 3377 2653 3449 οίκουμένην
2683 3379 3064 3433 ἐπεσπάσαντο
3097 3380 3233 3452 πρὸς
3268 3380 3604 3437 θεοσέϐειαν.

2036 3460 2207 3514 Τοῦτο
2244 3459 2353 3534 γάρ
2389 3460 2650 3532 μέγιστον
2684 3463 2906 3532 σημεῖον
2934 3461 3027 3516 καὶ
3061 3463 3361 3537 παράδοξον
3403 3464 3613 3536 θαῦμα,

2033 3547 2161 3602 ὅταν
2192 3548 2241 3598 οἱ
2282 3544 2509 3616 πτωχοὶ,
2557 3545 2650 3598 καὶ
2684 3545 2948 3616 πένητες,
2990 3547 3084 3601 καὶ
3114 3548 3614 3624 εὐκαταφρόνητοι,

2035 3630 2130 3683 καὶ
2158 3628 2536 3700 ἀγράμματοι,
2577 3628 2670 3681 καὶ
2707 3628 2934 3694 ἰδιῶται,
2975 3631 3070 3683 καὶ
3099 3631 3358 3697 εὐτελεῖς.
3390 3634 3485 3687 καὶ
3513 3633 3617 3687 δώ-

2033 3713 2162 3768 δεκα
2206 3712 2297 3766 τὸν
2340 3711 2594 3783 ἀριθμὸν,
2643 3712 2827 3776 πόλεις
2867 3714 3155 3781 τοσαύτας,
3188 3716 3284 3770 καὶ
3314 3715 3475 3790 ἔθνη,
3522 3719 3616 3771 καὶ

2033 3796 2268 3867 δήμους,
2300 3797 2393 3849 καὶ
2446 3795 2721 3865 βασιλεῖς,
2766 3796 2860 3849 καὶ
2896 3797 3225 3868 τυράννους,
3272 3801 3366 3854 καὶ
3401 3801 3616 3863 φιλοσό-

2035 3894 2190 3946 φους,
2233 3879 2327 3932 καὶ
2361 3878 2619 3947 ῥήτορας,
2662 3879 2756 3931 καὶ
2787 3880 2990 3943 πᾶσαν,
3025 3881 3101 3944 ὡς
3133 3884 3326 3946 εἰπεῖν,
3372 3883 3470 3953 τὴν
3509 3885 3615 3955 γῆν

2033 3961 2204 4029 χωρὶς
2239 3960 2479 4029 σημείων
2510 3960 2805 4027 φαίνωνται
2836 3962 2973 4030 πρὸς
3004 3964 3230 4026 ἑαυτοὺς
3260 3965 3612 4031 ἑλκύσαντες.

2034 4040 2219 4093 Βούλει
2251 4041 2308 4092 δέ
2348 4040 2440 4094 καὶ
2473 4040 2571 4092 νῦν
2609 4044 2810 4109 σημεῖα
2842 4044 3102 4113 γιιόμενα
3148 4044 3306 4109 ίδεῖν;
3349 4045 3489 4115 Ἐγώ
3529 4064 3612 4102 σοι

2030 4123 2189 4188 δείξω
2234 4124 2327 4176 καὶ
2378 4123 2599 4193 μείζονα
2646 4123 2753 4177 τῶν
2787 4127 3091 4197 προτέρων,
3131 4128 3229 4197 οὐχ
3274 4128 3370 4181 ἕνα
3418 4131 3611 4200 νεκρὸν

2018 4206 2400 4279 ἐγειρόμενον.
2453 4207 2551 4277 οὐχ
2604 4207 2701 4262 Eva
2755 4209 2956 4279 τυφλὸν
3021 4209 3426 4275 ἀναϐλέποντα,
3474 4213 3612 4266 ἀλλά

2031 4292 2209 4345 πᾶσαν
2240 4293 2338 4362 τὴν
2364 4293 2467 4363 γῆν
2498 4291 2560 4344 τὸ
2588 4291 2776 4355 σκότος
2804 4293 2901 4363 τῆς
2937 4291 3050 4365 [95]
3084 4293 3292 4365 πλάνης
3333 4294 3611 4366 ἀποθεμέ-

2030 4392 2156 4446 νην·
2183 4376 2281 4445 ούχ
2310 4375 2405 4429 ἕνα
2432 4375 2629 4449 λεπρὸν
2651 4375 3066 4447 καθαιρόμενον,
3090 4378 3204 4431 ἀλλ’
3226 4378 3353 4450 ἐθνη
3373 4379 3611 4435 τοσαῦτα

2027 4460 2126 4531 τὴν
2172 4459 2381 4533 λέπραν
2416 4460 2512 4530 τῆς
2565 4461 2839 4533 ἁμαρτίας
2884 4462 3277 4535 ἀποσμηξαντα
3305 4464 3332 4503 δ
3378 4465 3471 4519 καὶ
3519 4465 3609 4518 διὰ

2027 4543 2125 4596 τοῦ
2167 4542 2394 4614 λουτροῦ
2441 4542 2864 4610 παλιγγενεσίας
2904 4544 3269 4616 καθαρθέντα.
3304 4546 3369 4599 Τί
3400 4545 3609 4601 τούτων

2028 4625 2135 4679 τῶν
2186 4626 2426 4696 σημείων
2482 4626 2665 4696 μεῖζον
2718 4626 3015 4699 ἐπιζητεῖς,
3072 4629 3361 4701 ἄνθρωπε,
3414 4630 3608 4702 ἀθρόον

2026 4709 2296 4780 τοσαύτην
2326 4710 2425 4780 τῆς
2475 4711 2801 4784 οἰκουμένης
2850 4714 3152 4786 μεταϐολὴν
3186 4715 3327 4787 ὁρῶν
3374 4732 3610 4787 γεγενη-

2030 4792 2197 4864 μένην
2212 4808 2227 4858 ς

2098 4882 2170 4956 η’.
2209 4884 2392 4938 Βούλει
2436 4886 2628 4958 μαθεῖν
2668 4890 2784 4955 πῶς
2822 4891 3125 4966 ἀναϐλέψαι
3152 4896 3250 4968 τὴν
3277 4899 3604 4971 οἰκουμένην

2026 4978 2283 5050 ἐποίησεν
2324 4981 2351 5034 6
2383 4982 2652 5053 Χριστός;
2694 4985 2768 5039 T6
2799 4987 3064 5061 πρότερον
3098 4991 3160 5044 16
3200 4990 3352 5056 ξύλον
3387 4994 3481 5046 καὶ
3516 4995 3606 5047 τὸν

2028 5072 2178 5126 λίθον
2213 5073 2315 5127 οὐκ
2345 5074 2592 5145 ἐνόμιζον
2630 5071 2768 5131 εἶναι
2814 5078 2969 5145 ξύλον
2997 5083 3089 5134 καὶ
3118 5082 3263 5136 λίθον
3308 5084 3358 5135 οί
3391 5083 3603 5155 ἀνθρω-

2028 5179 2140 5229 ποι,
2164 5163 2300 5216 ἀλλά
2332 5163 2488 5228 θεοὺς
2534 5168 2758 5223 ἐκάλουν
2792 5170 2861 5224 τά
2904 5173 3224 5245 ἀναίσθητα,
3256 5174 3428 5239 οὕτως
3461 5171 3604 5247 ἦσαν

2025 5252 2571 5327 ἀποτετυφλωμένον
2608 5260 2725 5313 νυνὶ
2765 5260 2821 5313 δέ
2867 5256 3006 5317 εἶδον
3034 5263 3085 5316 τί
3116 5264 3291 5329 ξύλον,
3336 5264 3388 5318 τί
3420 5263 3598 5330 λίθος·

2025 5343 2352 5398 ἐπίστευσαν
2390 5348 2444 5400 τί
2472 5347 2625 5414 Θεός.
2672 5351 2857 5406 Πίστει
2904 5355 3010 5428 γάρ
3052 5356 3186 5428 μόνῃ
3238 5356 3521 5430 θεωρεῖται
3568 5359 3601 5428 ἡ

2024 5432 2326 5504 ἀνώλεθρος
2356 5437 2448 5489 καὶ
2480 5439 2723 5510 μακαρία
2763 5441 2925 5513 φύσις
2956 5445 3161 5516 ἐκείνη.
3200 5446 3387 5499 Βούλει
3418 5445 3473 5500 δέ
3507 5447 3602 5502 καὶ

2025 5522 2207 5594 ἕτερον
2235 5527 2580 5593 ἀναστάσεως
2609 5529 2734 5583 ίδεῖν
2763 5537 3019 5604 σημεῖον;
3056 5534 3189 5589 Ἀπὸ
3222 5537 3323 5608 τῆς
3356 5537 3463 5591 τῶν
3500 5554 3600 5609 μα-

2025 5613 2203 5687 θητῶν
2229 5616 2451 5689 γνώμης
2478 5618 2598 5690 ὅψει
2628 5624 2722 5677 καὶ
2749 5624 2907 5680 τοῦτο
2936 5626 3120 5700 μεῖζον
3145 5630 3429 5703 γινόμενον
3460 5633 3601 5703 μιτά

2087 5726 2115 5767 ιι
2149 5727 2285 5778 Colb.
2311 5730 2434 5780 ἀποσ
2442 5733 2556 5795 μηξᾶ
2565 5750 2691 5795 μινα.
