4096 6222
459 289 561 344 109

448 403 552 476 τήν
582 403 896 458 ἀνάστασιν.
936 403 1047 456 Καῖ
1087 401 1195 474 γάρ
1243 401 1392 474 παρά
1438 403 1604 457 πᾶσιν
1646 401 2023 474 ὡμολόγηται,

453 496 536 550 ὁτι
578 495 606 549 ὁ
642 494 740 565 μὲν
776 493 904 564 περὶ
955 493 1132 556 ζῶντα
1175 491 1463 564 ἄνθρωπον
1511 493 1771 559 εὐνοϊκῶς
1823 491 2032 547 διακεί-

455 604 616 658 μενος
653 587 747 639 καὶ
796 585 1156 649 ἀποθανόντος
1208 585 1335 651 ἴσως
1386 585 1505 639 οὐδὲ
1558 585 1864 657 μέμνηται·
1899 586 1928 638 6
1974 582 2031 636 δὲ

454 678 583 749 περὶ
631 677 810 742 ζῶντα
839 676 1168 748 ἀγνωμόνως
1213 676 1479 740 διατεθεὶς
1512 677 1606 730 καὶ
1647 674 2030 746 ἐγκαταλιπὼν

403 832 409 839 ι
455 769 744 839 περιόντα,
806 767 982 839 πολλῷ
1029 766 1225 838 μᾶλλον
1273 768 1634 832 ἀποθανόντος
1688 767 2030 838 ἐπιλήσεται.

401 855 409 895 -'
455 857 616 911 ’Ὀθεν
644 858 816 921 οὐδεὶς
855 857 964 910 τῶν
990 856 1293 928 ἀνθρώπων
1319 857 1410 911 τὸν
1455 857 1606 926 φίλον
1644 857 1740 910 καὶ
1771 857 1861 909 τὸν
1890 855 2034 908 διδά-

455 949 654 1003 σκαλον
679 950 837 1019 ἀφεὶς
868 949 1046 1013 ζῶντα
1074 950 1168 1003 καὶ
1200 947 1602 1018 ἐγκαταλιπὼν,
1628 948 2031 1019 τελευτήσαντα

454 1042 583 1113 περὶ
619 1041 816 1096 πολλοῦ
850 1046 1112 1106 ποιεῖται,
1162 1043 1258 1094 καὶ
1297 1041 1534 1111 μάλιστα.
1581 1041 1710 1094 ὅταν
1757 1038 2034 1101 κινδύνους

458 1132 683 1203 μυρίους
729 1132 879 1203 αὐτῷ
911 1131 1301 1204 προκειμένους
1349 1130 1457 1184 ἀπὸ
1499 1130 1602 1200 τῆς
1652 1129 1780 1200 περὶ
1827 1129 2034 1182 ἐκεῖνον

458 1225 695 1295 σπουδῆς
726 1224 922 1295 βλέπῃ.
953 1224 1094 1277 Ἀλλ’
1124 1224 1231 1276 ἰδοὺ
1261 1223 1420 1276 τοῦτο
1446 1221 1505 1275 τὸ
1533 1222 1624 1274 ἐπὶ
1655 1221 1882 1293 μηδενὸς
1906 1237 2036 1292 συμ-

457 1310 662 1375 ϐαῖνον,
693 1312 788 1365 ἐπὶ.
815 1311 906 1364 τοῦ
937 1310 1178 1380 Χριστοῦ
1206 1311 1427 1364 καὶτῶν
1455 1309 1767 1364 ἀποστόλων
1795 1308 2033 1377 ἐγένετο,

458 1399 552 1454 καὶ
580 1401 629 1452 οἱ
661 1399 836 1464 ζῶντα
861 1401 1023 1453 αὐτὸν
1052 1400 1419 1471 ἀρνησάμενοι
1442 1400 1536 1453 καὶ
1556 1399 2035 1467 ἐγκαταλιπόντες,

455 1490 551 1542 καὶ
584 1489 954 1560 συλληφθέντα
988 1491 1238 1560 ἀφέντες,
1269 1490 1365 1544 καὶ
1394 1490 1862 1561 ἀποπηδήσαντες,
1898 1488 2037 1559 μετά

461 1577 629 1648 μυρία
682 1581 863 1632 ἐκεῖνα
899 1579 1072 1651 ὀνείδη
1127 1580 1221 1632 καὶ
1267 1579 1360 1633 τὸν
1417 1581 1670 1651 σταυρὸν,
1729 1579 1870 1633 οὕτω
1909 1579 2038 1651 περὶ

459 1669 655 1722 πολλοῦ
684 1671 1026 1741 πεποίηνται,
1055 1671 1130 1735 ὡς
1159 1671 1252 1725 καὶ
1283 1672 1382 1735 τάς
1418 1671 1595 1742 ψυχάς
1625 1669 1900 1726 ἐπιδοῦναι
1942 1670 2038 1733 τάς

458 1761 665 1815 ἑαυτῶν
696 1763 836 1833 ὑπὲρ
863 1763 963 1832 τῆς
991 1765 1070 1825 εἰς
1112 1762 1272 1816 αὐτὸν
1318 1762 1610 1834 ὁμολογίας
1639 1763 1734 1817 καὶ
1778 1763 2033 1825 πίστεως.

459 1853 651 1907 Καίτοι
694 1871 756 1922 γε
803 1856 850 1906 εί
890 1855 984 1908 καὶ
1035 1854 1412 1925 τετελευτήκει
1447 1868 1474 1897 ει
1507 1855 1742 1926 Χριστὸς
1792 1855 1886 1910 καὶ
1939 1855 2038 1909 οὐκ

457 1946 657 2016 ἀνέστη
681 1985 696 2010 ,
744 1946 860 2010 πῶς
912 1941 1026 2016 εἶχε
1065 1945 1221 2015 λόγον
1263 1948 1389 2024 τοὺς
1421 1949 1583 2018 ἡνίκα
1620 1946 1716 2018 ἔζη
1768 1947 2039 2016 φυγόντας

456 2037 544 2092 διὰ
574 2037 664 2089 τὸν
698 2037 1043 2107 ἐπικείμενον
1072 2037 1334 2102 κίνδυνον,
1375 2038 1537 2109 ήνίκα
1568 2036 1886 2107 ἐτελεύτησε
1933 2054 2035 2106 μυ-

461 2127 597 2200 ρίοις
641 2129 866 2193 ἑαυτοὺς
904 2131 970 2183 δι’
1010 2133 1214 2184 ἐκεῖνον
1252 2130 1594 2203 περιϐάλλειν
1625 2129 1925 2194 κινδύνοις;
1974 2129 2036 2182 Οἱ

465 2223 564 2292 μὲν
585 2218 676 2276 οὗν
699 2223 845 2276 ἄλλοι
869 2223 1069 2287 πάντες
1093 2222 1309 2292 ἔφυγον,
1334 2223 1538 2294 Πέτρος
1561 2222 1616 2276 δὲ
1645 2222 1740 2275 καὶ
1768 2221 2038 2292 ἠρνήσατο

464 2312 584 2382 μεθ’
625 2314 787 2386 ὅρκου
824 2314 1028 2387 τρίτον,
1079 2314 1173 2367 καὶ
1220 2315 1247 2367 ὁ
1284 2313 1400 2385 μεθ’
1442 2315 1607 2384 ὅρκου
1647 2312 1828 2384 τρίτον
1876 2311 2038 2365 αὐτὸν

459 2405 839 2476 ἀρνησάμενος
866 2407 960 2461 καὶ
992 2406 1392 2478 θεραπαινιδίου
1431 2404 1595 2474 φόϐον
1638 2403 1887 2466 εὐτελοῦς
1933 2401 2042 2456 δεί-

465 2509 585 2559 σας,
615 2493 800 2564 ἐπειδὴ
829 2494 1166 2564 ἐτελεύτησε,
1209 2494 1528 2564 βουλόμενος
1561 2495 1710 2563 ἡμᾶς
1745 2495 1928 2545 πεῖσαι
1954 2491 2042 2545 διά

463 2583 571 2636 τῶν
610 2585 949 2656 πραγμάτων
984 2585 1182 2650 αὐτῶν,
1220 2587 1302 2640 ὅτι
1332 2581 1470 2638 εἶδεν
1502 2585 1664 2638 αὐτὸν
1707 2584 2039 2654 ἀναστάντα,

465 2675 636 2738 οὕτως
685 2677 878 2750 ἀθρόον
933 2678 1289 2748 μετεϐάλλετο
1338 2678 1413 2742 ὡς
1460 2679 1750 2750 ὁλοκλήρου
1805 2695 2043 2748 καταγε-

467 2766 627 2821 λάσαι
656 2769 848 2840 δήμου,
873 2771 966 2823 καὶ
991 2771 1070 2833 εἰς
1099 2770 1260 2841 μέσον
1294 2769 1400 2824 τῶν
1434 2769 1699 2822 Ἰουδαίων
1726 2769 1787 2822 τὸ
1815 2769 2040 2840 θέατρον

467 2860 791 2932 εἰσπηδῆσαι
825 2861 916 2915 καὶ
949 2863 1144 2929 εἰπεῖν,
1170 2861 1252 2915 ὅτι
1281 2863 1309 2915 6
1351 2860 1684 2932 σταυρωθεὶς
1722 2861 1815 2914 καὶ
1850 2862 2043 2930 ταφεὶς

467 2949 663 3020 ἀνέστη
705 2952 767 3003 ἐκ
796 2949 1005 3020 νεκρῶν
1029 2951 1095 3021 τῇ
1141 2949 1298 3020 τρίτῃ
1326 2949 1529 3021 ἡμέρᾳ,
1569 2947 1664 3003 καὶ
1692 2949 1773 3011 είς
1802 2948 1929 3011 τούς
1959 2948 2044 3000 οὐ·

471 3042 665 3108 ρανούς
707 3041 894 3112 ἀνέϐη.
931 3043 1024 3094 καὶ
1076 3040 1242 3110 μηδὲν
1291 3040 1453 3094 αὐτὸν
1500 3039 1812 3094 ὑποδεῖσθαι
1849 3038 2039 3093 δεινόν.

469 3126 637 3180 Πόθεν
665 3124 756 3182 οὖν
793 3128 854 3182 τὸ
883 3127 1104 3200 θαρρεῖν
1134 3126 1281 3199 αὐτῷ
1307 3127 1558 3197 ἐγένετο;
1600 3127 1771 3182 Πόθεν
1799 3126 2039 3194 ἄλλοθεν,

467 3221 641 3292 ἀλλ’ἢ
676 3220 782 3274 ἀπὸ
814 3221 911 3292 τῆς
947 3220 1315 3294 πληροφορίας
1343 3221 1442 3291 τῆς
1480 3219 1620 3274 κατὰ
1663 3219 1762 3291 τὴν
1805 3219 2044 3272 ἀνάστα-

468 3329 590 3379 σιν;
631 3312 850 3384 Ἐπειδὴ
901 3312 1010 3384 γὰρ
1048 3308 1188 3366 εἶδεν
1236 3312 1415 3378 αὐτὸν,
1465 3311 1560 3365 καὶ
1607 3310 1896 3382 διελέχθη,
1948 3311 2043 3365 καὶ

469 3419 535 3456 πε
545 3403 597 3475 ρ).
623 3403 730 3454 τῶν
761 3401 1060 3473 μελλόντων
1087 3403 1306 3472 ήκουσε,
1333 3400 1419 3454 διά
1447 3398 1602 3452 τοῦτο
1639 3399 1714 3463 ὡς
1739 3399 1880 3471 ὑπὲρ
1909 3399 2044 3462 ζῶν.

466 3511 557 3558 τος
591 3492 914 3547 κινδυνεύων
945 3493 1152 3557 λοιπὸν,
1180 3491 1353 3555 οῦτως
1383 3492 1640 3546 ἁπάντων
1669 3491 2041 3562 κατετόλμησε

465 3586 577 3641 τῶν
610 3584 819 3650 δεινῶν,
860 3585 954 3639 ἆτε
992 3583 1056 3655 δὴ
1087 3584 1182 3637 καὶ
1221 3583 1443 3636 πλείονα
1474 3580 1652 3634 λαϐὼν
1685 3580 1909 3651 δύναμιν
1946 3582 2042 3634 καὶ

470 3673 654 3746 μεῖζον
687 3674 747 3726 τὸ
784 3672 983 3744 θάρσος
1022 3672 1096 3736 ὡς
1121 3671 1260 3742 ὑπὲρ
1295 3670 1459 3725 αὐτοῦ
1495 3669 1804 3735 ἀποθανεῖν,
1841 3669 1934 3722 καὶ
1965 3668 2044 3739 τῷ

468 3762 686 3834 σταυρῷ
725 3763 869 3816 κατά
910 3763 1152 3833 κεφαλῆς
1186 3760 1608 3834 προσομιλῆσαι.
1648 3761 1818 3814 Ὅταν
1863 3760 2044 3814 τοίνυν

470 3854 586 3925 ἴδῃς
618 3853 646 3893 b
673 3852 765 3906 ml
795 3855 996 3923 σημεῖα
1025 3850 1246 3922 μείζονα
1289 3851 1565 3921 γινόμενα,
1595 3849 1688 3903 καλ⁵
1714 3851 1840 3914 τοὺς
1869 3849 2045 3922 μαθη-

467 3945 570 4008 τάς
602 3941 825 3997 πλείονα
877 3943 1246 4013 κεκτημένους
1293 3941 1504 3996 εὔνοιαν
1542 3942 1668 4013 περὶ
1715 3941 1877 3995 αὐτὸν
1917 3942 2043 4005 τοὺς

449 4037 731 4108 πρότερον
763 4034 1224 4104 ἐγκαταλιπόντας
1249 4033 1431 4099 αὐτὸν,
1461 4034 1555 4086 καὶ
1581 4031 1696 4104 [94]
1732 4033 2042 4104 παρρησίαν

470 4128 692 4198 μείζονα
733 4125 1227 4196 ἐπιδεικνυμένους,
1277 4125 1374 4178 καὶ
1416 4124 1750 4194 πανταχόθεν
1794 4122 2042 4194 λαμπρο-

464 4219 630 4290 τέραν
681 4216 971 4286 γινομένην
1024 4215 1134 4267 τῶν
1187 4216 1525 4286 πραγμάτων
1563 4215 1660 4285 τὴν
1715 4215 2039 4286 μεταϐολὴν,

469 4307 562 4361 καὶ
602 4307 693 4360 ἐπὶ
738 4306 798 4358 τὸ
847 4304 1400 4376 πεπαρῤησιασμένον
1447 4304 1542 4356 καὶ
1578 4303 1802 4373 φαιδρὸν
1846 4304 2040 4374 προελ-

467 4398 627 4453 θόντα
667 4397 911 4458 ἅπαντα.
966 4394 1201 4468 μάνθανε
1248 4393 1314 4447 δι’
1345 4393 1513 4464 αὐτῆς
1559 4393 1666 4446 τῶν
1704 4394 2041 4464 πραγμάτων

465 4488 565 4559 τῆς
618 4487 848 4559 πείρας,
890 4487 970 4540 ὃτι
1024 4486 1084 4538 οὐ
1134 4485 1294 4557 μέχρι
1363 4483 1593 4538 θανάτου
1637 4482 1705 4535 τά
1749 4482 1890 4535 κατά
1951 4481 2042 4536 τὸν

465 4578 700 4649 Χριστὸν
753 4577 988 4648 ἔμεινεν,
1021 4575 1156 4629 ἀλλά
1204 4577 1499 4638 ἀνάστασις
1548 4571 1710 4626 αὐτὸν
1755 4570 2040 4637 διεδέξατο,

465 4670 560 4721 καὶ
593 4670 658 4740 ζῇ
693 4670 787 4721 καὶ
823 4669 970 4738 μένει
1002 4665 1269 4737 διηνεκῶς
1301 4668 1328 4720 ό
1363 4664 1690 4738 σταυρωθεὶς
1712 4663 1843 4727 Θεὸς
1881 4662 2042 4715 ἀναλ-

466 4757 703 4818 λοίωτος.
735 4757 809 4808 Οὐ
850 4755 958 4827 γάρ
999 4755 1064 4808 ἂν
1093 4755 1142 4808 εί
1183 4753 1257 4825 μὴ
1288 4754 1485 4825 ἀνέστη
1527 4753 1622 4807 καὶ
1667 4751 1784 4823 ἔζη,
1821 4750 2041 4822 μείζονα

470 4846 608 4918 μετά
641 4845 811 4900 ταῦτα
844 4849 1043 4917 σημεῖα
1074 4845 1397 4916 εἰργάσαντο
1430 4845 1478 4897 οί
1522 4842 1762 4914 μαθηταὶ
1794 4839 1901 4894 τῶν
1935 4839 2041 4911 πρὸ

464 4932 560 4988 τοῦ
593 4933 824 5005 σταυροῦ
866 4933 1183 5006 γινομένων.
1220 4933 1352 4986 Τότε
1391 4933 1489 5004 μὲν
1521 4931 1630 5003 γάρ
1669 4930 1832 4984 αὐτὸν
1871 4929 1962 4983 καὶ
1989 4930 2038 4982 οί

469 5026 706 5098 μαθηταὶ
759 5025 1142 5095 ἐγκατέλιπον·
1186 5024 1302 5078 νυνὶ
1345 5024 1399 5077 δὲ
1445 5021 1593 5092 αὐτῷ
1641 5023 1735 5076 καὶ
1777 5023 1810 5093 ή
1865 5023 2040 5074 οἰκου-

447 5106 604 5189 ’μένη
654 5117 976 5190 προστρέχει
1025 5117 1244 5184 ἀπασα,
1291 5116 1385 5168 καὶ
1433 5114 1552 5184 οὐχὶ
1605 5114 1809 5184 Πέτρος
1856 5112 2035 5184 μόνον,

467 5209 602 5264 ἀλλά
634 5211 728 5264 καὶ
765 5209 940 5276 ἐτεροι
988 5207 1191 5280 μυρίοι,
1223 5206 1318 5260 καὶ
1356 5204 1534 5275 πολλῷ
1567 5205 1725 5258 πλέον
1764 5204 1900 5274 μετά
1933 5202 2037 5255 Πέο

464 5313 593 5368 τρον
623 5297 732 5349 τῶν
759 5296 855 5366 οὐχ
883 5296 1205 5366 ἑωρακότων
1240 5294 1399 5349 αὐτὸν
1423 5293 1520 5356 τὰς
1549 5292 1724 5363 ψυχὰς
1758 5292 2037 5346 ἐπέδωκαν

463 5389 564 5452 τὰς
594 5388 801 5441 ἐαυτῶν
838 5387 977 5458 ὑπὲρ
1012 5386 1239 5456 ἐκείνου,
1268 5386 1361 5440 καὶ
1389 5387 1484 5448 τὰς
1513 5384 1755 5454 κεφαλὰς
1791 5384 2040 5454 ἀπετμή-

467 5480 657 5550 θησαν,
684 5480 777 5536 κα¹ι
811 5479 981 5552 μυρία
1021 5477 1219 5532 ἔπαθον
1248 5477 1424 5544 δεινά,
1467 5474 1604 5529 ὥστε
1641 5475 1738 5547 τήν
1772 5477 1849 5538 είς
1878 5473 2036 5528 αὐτὸν

530 5586 558 5614 ⁸
585 5583 861 5645 Legebatur
902 5582 956 5631 οὐ
996 5583 1337 5645 τετελευτήκει,
1364 5581 1519 5645 quoq!
1557 5581 2033 5645 postulaqtegensu,

465 5639 790 5702 correxi'mus,
824 5647 1148 5704 interpretem
1183 5639 1460 5692 et'Eniehd.
1483 5639 1605 5704 Veh.
1632 5639 1971 5704 secqli._Em1-.

458 5760 464 5762 _
528 5705 558 5767 ξ
581 5701 797 5767 (1016.56
820 5701 1004 5767 θάρσος·
1033 5706 1120 5752 οὐκ
1141 5707 1198 5752 ἀν
1222 5706 1273 5767 δὲ
1291 5705 1483 5767 πλείονα
1506 5702 1699 5767 δύναμιν
1717 5702 1880 5767 ἐλαϐεν
1904 5701 2031 5764 παρὰ

465 5763 554 5816 τοῦ
579 5763 745 5829 νεκροῦ
770 5766 848 5813 καὶ
877 5763 1092 5827 μένοντος
1115 5767 1160 5813 έν
1184 5766 1252 5828 τῷ
1271 5765 1468 5829 θανάτῳ·
1497 5765 1608 5810 ὅταν
1628 5763 1707 5810 οὖν
1730 5763 1850 5824 ῐδῃς.

1134 301 1188 357 S.
1230 300 1515 358 JOANNIS
1552 297 2050 357 CHIWSOSTOMI
2087 295 2406 354 ARCHIEP.
2445 295 2988 354 CONSTANTINOP.

3615 292 3718 350 uo

2140 403 2427 473 ὁμολογίαν
2464 404 2589 476 ὑγιῆ
2627 405 2723 459 καὶ
2745 405 3003 478 ἀκέραιον
3036 406 3257 478 ἔχοντας
3285 406 3558 462 ἀπελθεῖν.
3593 409 3717 472 Πῶς

2137 489 2230 548 οὖν
2257 498 2285 549 ὁ
2317 496 2506 568 νεκρὸς
2543 498 2636 550 καὶ
2664 499 2723 550 ἐν
2750 499 2828 568 τῷ
2854 499 3010 570 τάφῳ
3049 499 3246 569 μένων,
3286 499 3362 563 ὼς
3405 501 3470 554 σὺ
3514 500 3715 569 λέγεις,

2139 579 2184 639 ὧ
2208 586 2447 650 Ἰουδαῖε,
2471 588 2737 660 τοσαύτην
2763 591 2858 643 καὶ
2883 592 2941 642 ἐν
2964 592 3076 654 τοῖς
3108 590 3224 660 μετ’
3248 589 3491 653 ἐκείνους
3513 591 3718 646 ἅπασιν

2139 677 2450 741 ἐπεδείξατο
2487 679 2585 750 τὴν
2631 681 2782 751 ἰσχὺν
2819 681 2916 751 καὶ
2949 680 3044 750 τὴν
3081 680 3330 750 δύναμιν,
3377 679 3578 736 πείθων
3621 683 3720 736 αὐ-

2138 768 2264 830 τοὺς
2297 767 2457 820 αὐτὸν
2493 769 2650 837 μόνον
2696 770 3038 840 προσκυνεῖν,
3083 767 3177 820 καὶ
3223 768 3402 820 πάντα
3443 765 3718 838 αἱρεῖσθαι

2141 858 2429 930 ὑπομεῖναι
2461 860 2555 912 καὶ
2587 859 2818 929 πάσχειν
2846 861 2984 932 ὑπὲρ
3013 859 3105 912 τοῦ
3145 858 3218 930 μὴ
3245 859 3344 930 τὴν
3373 857 3554 911 πίστιν
3582 858 3717 912 ἀποο

2141 949 2293 1004 λέσαι
2341 949 2438 1021 τὴν
2483 952 2564 1014 εἰς
2611 951 2812 1016 αὐτόν;
2853 952 3016 1021 Ὀρᾷς
3047 949 3134 1003 διὰ
3177 950 3393 1003 πάντων
3427 949 3570 1020 σαφῆ
3615 949 3718 1018 τῆς

2142 1040 2492 1104 ἀναστάσεως
2514 1041 2610 1112 τὴν
2630 1040 2920 1108 ὐπόδειξιν,
2940 1040 3030 1094 διὰ
3051 1041 3159 1094 τῶν
3183 1040 3422 1111 σημείων
3444 1039 3552 1096 τῶν
3573 1041 3718 1104 τότε,

2141 1131 2249 1185 τῶν
2272 1130 2387 1198 νῦν,
2413 1131 2501 1185 διὰ
2529 1134 2627 1203 τῆς
2651 1133 2861 1195 εὐνοίας
2885 1131 2993 1185 τῶν
3023 1130 3278 1204 μαθητῶν
3305 1129 3412 1186 τῶν
3437 1128 3578 1194 τότε,
3607 1129 3717 1183 τῶν

2141 1222 2257 1289 νῦν,
2285 1222 2373 1277 διὰ
2402 1223 2513 1278 τῶν
2552 1223 2814 1278 κινδύνων
2843 1225 2899 1278 ἐν
2942 1219 3024 1288 οἷς
3060 1223 3366 1276 διετέλεσαν
3410 1222 3459 1275 οἱ
3491 1221 3716 1276 πιστεύ-

2145 1331 2363 1378 σαντεςς
2399 1315 2586 1367 Βούλει
2617 1315 2862 1377 καὶτοὺς
2894 1314 3121 1385 ἐχθροὺς
3155 1314 3280 1367 ἰδεῖν
3306 1312 3718 1383 πεφοϐημένους

2143 1405 2306 1458 αὐτοῦ
2342 1406 2440 1477 τὴν
2477 1407 2628 1476 ἰσχὺν
2661 1406 2756 1459 καὶ
2783 1405 2882 1477 τήν
2909 1405 3157 1477 δύναμιν,
3189 1404 3284 1458 καὶ
3312 1403 3488 1474 πολλῷ
3519 1403 3717 1474 μᾶλλον

2147 1497 2286 1569 μετά
2309 1497 2398 1552 τὸν
2432 1498 2662 1569 σταυρὸν
2690 1497 3070 1566 ἀγωνιῶντας;
3099 1499 3297 1550 Ἀκουε
3325 1496 3419 1549 καί
3435 1494 3580 1566 ’περὶ
3603 1494 3718 1548 τούς

2143 1608 2250 1645 των
2283 1590 2539 1655 συνετῶς.
2577 1589 2943 1659 Θεωροῦντες
2968 1590 3101 1660 τὰρ,
3143 1588 3326 1659 φησὶν,
3354 1591 3408 1642 οἱ
3443 1585 3714 1643 Ἰουδαῖοι

2143 1684 2258 1752 τὴν
2303 1683 2409 1738 τοῦ
2461 1683 2688 1753 Πέτρου
2732 1684 3075 1752 παρρησίαν
3124 1680 3225 1736 καί
3275 1680 3568 1742 Ἰωάννου,
3614 1679 3714 1732 κοί

2144 1772 2610 1842 καταλαϐόμενοι
2632 1813 2647 1840 ,
2699 1773 2789 1826 ὅτι
2839 1770 3132 1840 ἄνθρωποι
3185 1767 3552 1838 ἀγράμματοί
3597 1767 3716 1818 εισι

2145 1865 2244 1919 καὶ
2276 1864 2525 1931 ἰδιῶται,
2567 1862 2921 1934 ἐθαύμαζον,
2967 1862 3060 1916 καὶ
3099 1861 3365 1932 ὴγωνίων,
3396 1858 3497 1912 οὐκ
3529 1855 3716 1928 ἐπειδὴ

2143 1956 2496 2028 ἀγράμματοι
2554 1951 2717 2026 ἦσαν,
2765 1953 2880 2008 ἀλλ’
2926 1951 3113 2023 ἐπειδὴ
3161 1951 3515 2022 ἀγράμματοι
3563 1949 3717 2011 ὁντες

2145 2047 2361 2102 πάντων
2399 2047 2509 2101 τῶν
2548 2046 2726 2116 σοφῶν
2751 2042 3244 2117 περιεγένοντο,καὶ
3270 2041 3385 2096 Τὸν
3408 2041 3718 2110 ἄνθρωπον

2145 2135 2268 2189 σὺν
2302 2135 2506 2199 αὐτοῖς
2544 2134 2799 2202 ὁρῶντες
2831 2132 2937 2186 τὸν
2975 2129 3498 2201 τεθεραπευμένον,
3536 2127 3717 2182 οὐδὲν

2143 2220 2310 2293 εἶχον
2350 2223 2675 2277 ἀντειπεῖν·
2725 2223 2901 2277 καίτοι
2945 2239 3009 2290 γε
3055 2219 3161 2292 πρὸ
3202 2219 3388 2272 τούτου
3432 2216 3718 2284 ἀντέλεγον

2149 2315 2347 2384 σημεῖα
2383 2313 2616 2384 ὁρῶντες
2645 2313 2922 2383 γινόμενα.
2955 2312 3079 2375 Πῶς
3107 2305 3200 2364 οὗν
3239 2309 3358 2363 τότε
3398 2309 3497 2362 οὐκ
3537 2308 3714 2361 ἀντεῖ-

2146 2421 2279 2471 πον;
2314 2402 2645 2474 Ἀπέστησεν
2684 2403 2861 2457 αὐτῶν
2891 2403 2990 2473 τὴν
3025 2402 3271 2471 γλῶτταν
3297 2402 3332 2472 ἡ
3363 2399 3592 2470 ἀόρατος
3621 2395 3714 2450 τοῦ

2149 2494 2549 2566 παυρωθέντος
2588 2493 2842 2566 δύναμις·
2871 2496 3075 2557 ἐκεῖνος
3103 2494 3164 2547 τὸ
3195 2493 3371 2564 στόμα
3404 2491 3584 2544 αὐτῶν
3639 2491 3719 2543 ἐν-

2159 2586 2425 2659 έφραξεν·
2478 2587 2688 2651 ἐκεῖνος
2752 2587 2850 2658 τὴν
2909 2585 3222 2657 παρρησίαν
3266 2581 3608 2636 κατέστειλεο
3633 2579 3718 2634 διά

2146 2675 2304 2728 τοῦτο
2329 2677 2422 2729 καὶ
2445 2677 2788 2747 εἱστήκεισαν
2813 2676 2976 2748 μηδὲν
2999 2675 3211 2745 ἔχοντες
3238 2674 3530 2727 ἀντειπεῖν.
3551 2672 3718 2725 Ὅταν

2147 2767 2204 2820 δέ
2238 2769 2330 2821 καὶ
2361 2768 2711 2839 ἐφθέγξαντο,
2741 2769 2841 2840 ὅρα
2878 2768 2993 2830 πῶς
3032 2767 3130 2836 τήν
3158 2765 3355 2819 δειλίαν
3401 2763 3718 2836 ὁμολογοῦσι

2145 2858 2244 2930 τὴν
2272 2861 2497 2916 ἑαυτῶν.
2523 2863 2846 2925 Βούλεσθε,
2875 2859 3058 2930 φησὶν,
3089 2856 3409 2928 ἐπαγαγεῖν
3438 2857 3530 2926 ἐφ’
3563 2855 3720 2925 ἡμᾶς

2147 2948 2213 3001 τὸ
2247 2945 2388 3019 αἷμα
2431 2951 2537 3005 τοῦ
2573 2950 2886 3019 ἀνθρώπου
2939 2951 3185 3013 τούτους
3223 2949 3334 3001 Καὶ
3379 2947 3502 3019 μὴν,
3535 2948 3583 3000 εἰ
3627 2947 3721 3001 ἀν-

2149 3039 2365 3110 θρωπός
2409 3043 2522 3095 ἐστι
2564 3041 2739 3112 ψιλὸς,
2779 3041 2833 3094 τί
2861 3040 3102 3103 δέδοικας
3135 3038 3298 3093 αὐτοῦ
3327 3040 3387 3093 τὸ
3413 3033 3584 3110 αἷμα;
3623 3037 3720 3091 πό-

2149 3149 2276 3195 σους
2312 3132 2521 3196 ἀνεῖλες
2563 3134 2868 3204 προφήτας,
2899 3132 3097 3195 πόσους
3126 3131 3362 3200 ἔσφαξας
3389 3131 3642 3196 δικαίους,
3672 3125 3720 3185 ὦ

2161 3221 2400 3293 Ἰουδαῖε,
2429 3225 2522 3279 καὶ
2551 3224 2760 3287 οὐδενὸς
2789 3223 2968 3276 αὐτῶν
2994 3222 3053 3275 τὸ
3079 3217 3217 3294 αἷμα
3245 3222 3549 3294 ἐφοϐήθης;
3577 3223 3720 3285 τίνος

2147 3321 2338 3375 ἐνεκεν
2372 3313 2604 3370 ἐνταῦθα
2652 3312 2828 3382 φοϐῇ;
2863 3311 3193 3365 Κατέσεισεν
3233 3311 3412 3365 αὐτῶν
3447 3311 3614 3375 ὁντως
3655 3311 3718 3364 τὸ

2149 3409 2387 3470 συνειδὸς
2415 3409 2443 3460 6
2479 3401 2846 3474 σταυρωθεὶς,
2891 3403 2987 3456 καὶ
3031 3402 3130 3473 τὴν
3177 3402 3415 3469 ἀγωνίαν
3457 3402 3524 3472 ήν
3575 3396 3718 3471 εἶχον

2148 3499 2350 3573 κρύψαι
2385 3497 2459 3568 μὴ
2505 3494 2818 3565 δυνάμενοι,
2865 3493 2960 3548 καὶ
2994 3493 3217 3554 ἄκοντες
3254 3491 3347 3546 ἐπὶ
3375 3491 3481 3544 τῶν
3511 3490 3721 3562 ἐχθρῶν

2146 3589 2464 3664 ὁμολογοῦσι
2485 3589 2581 3660 τὴν
2606 3586 2806 3641 οἰκείαν
2830 3585 3130 3639 ἀσθένειαν.
3155 3583 3264 3637 Καὶ
3285 3583 3373 3634 ὅτε
3403 3581 3503 3652 μὲν
3532 3580 3720 3635 ἐσταύ-

2150 3702 2276 3757 ρουν
2304 3683 2462 3737 αὐτὸν
2488 3680 2655 3735 ἐϐόων
2679 3679 2945 3747 λέγοντες⁸
2976 3676 3046 3730 T6
3081 3670 3220 3744 αἷμα
3245 3672 3427 3726 αὐτοῦ
3450 3671 3541 3740 ἐφ’
3562 3671 3722 3740 ἡμᾶς

2148 3776 2246 3832 καὶ
2280 3774 2379 3829 ἐπὶ
2413 3773 2484 3828 τὰ
2515 3772 2696 3826 τέκνα
2722 3767 2923 3839 ἡμῶν·
2955 3766 3096 3820 οῦτω
3123 3764 3482 3836 κατεφρόνουν
3514 3762 3608 3816 τοῦ
3638 3763 3720 3816 αῖ-

2152 3885 2317 3940 ματος
2343 3863 2528 3920 αὐτοῦ.
2549 3862 2702 3918 Μετά
2731 3863 2788 3916 δὲ
2813 3861 2904 3915 τὸν
2936 3858 3166 3929 σταυρὸν
3198 3857 3393 3920 ἰδόντες
3425 3853 3590 3908 αὐτοῦ
3621 3853 3718 3926 τήν

2148 3962 2377 4032 δύναμιν
2405 3957 2836 4025 διαλάμπουσαν,
2863 3950 3150 4022 φοϐοῦνται
3181 3949 3272 4002 καὶ
3299 3947 3594 4016 ἀγωνιῶσι,
3623 3949 3718 3999 καὶ

2150 4054 2364 4124 λέγουσι
2384 4069 2396 4082 ⁸
2443 4049 2748 4104 Βούλεσθε
2791 4043 2905 4119 [95]
2961 4041 3282 4113 ἐπαγαγεῖν
3323 4041 3416 4110 ἐφ’
3450 4037 3606 4109 ἡμᾶς
3651 4037 3717 4091 τὸ

2149 4142 2292 4215 αἷμα
2319 4143 2424 4198 τοῦ
2467 4139 2779 4207 ἀνθρώπου
2824 4136 3072 4199 τούτου;
3121 4133 3307 4188 Καίτοι
3339 4149 3403 4201 γε
3441 4133 3488 4184 εἰ
3523 4130 3718 4194 πλάνος

2148 4235 2215 4293 ἦν
2246 4237 2340 4290 καὶ
2385 4233 2655 4294 ἀντίθεος,
2699 4227 2880 4292 καθώς
2919 4243 3075 4297 φατε,
3113 4224 3354 4277 Ἰουδαῖοι
3391 4223 3716 4294 παράνομοι,

2147 4302 2292 4393 τίνος
2319 4327 2504 4380 ἐνεκεν
2535 4322 2697 4377 αὐτοῦ
2716 4301 3003 4376 ’δεδοίκατε
3030 4319 3092 4372 τὸ
3123 4312 3294 4386 ama;
3335 4315 3447 4369 Καὶ
3486 4314 3593 4383 γάρ
3624 4312 3718 4366 καὶ

2149 4415 2646 4491 ἐγκαλλωπίζεσθαι
2676 4415 2783 4468 ἔδει
2809 4412 2885 4483 τῷ
2911 4411 3076 4482 φόνῳ,
3106 4411 3154 4461 εἰ
3181 4407 3422 4470 τοιοῦτος
3449 4401 3538 4477 ἦν.
3577 4404 3716 4458 Ἀλλ’

2147 4511 2336 4582 ἐπειδὴ
2367 4508 2606 4571 τοιοῦτος
2627 4507 2728 4560 οὐκ
2755 4501 2843 4576 ἦν,
2871 4503 2958 4556 διὸ.
2983 4501 3140 4555 τοῦτο
3167 4499 3484 4569 τρέμουσιν.

2220 4662 2286 4716 θ’.
2305 4660 2468 4732 Ὁρᾷς
2487 4655 2821 4728 πανταχόθεν
2848 4654 2941 4708 καὶ
2968 4653 3096 4716 τοὺς
3124 4651 3350 4723 ἐχθροὺς
3370 4646 3719 4732 ἀγωνιῶντας

2147 4746 2241 4798 καὶ
2265 4729 2598 4806 δεδοικότας;
2629 4736 2767 4801 εἶδες
2794 4737 2972 4792 αὐτῶν
2995 4737 3096 4806 τὴν
3125 4737 3396 4802 dyon/Law;
3435 4729 3591 4785 Μάθε
3626 4729 3720 4781 καὶ

2146 4827 2239 4880 τοῦ
2283 4823 2683 4895 σταυρωθέντος
2714 4821 2814 4892 τὴν
2866 4817 3298 4889 φιλανθρωπίαν.
3348 4810 3573 4866 Ἐκεῖνοι
3621 4811 3720 4895 μὲν

2148 4909 2256 4981 γάρ
2300 4894 2510 4976 ἔλεγονο
2554 4904 2623 4960 Τὸ
2661 4899 2803 4972 αἷμα
2833 4901 3018 4957 αὐτοῦ
3061 4901 3154 4969 ἐφ’
3180 4897 3358 4968 ἡμᾶς,
3388 4895 3482 4949 καί
3517 4895 3614 4981 ἐξελ
3648 4894 3719 4946 τὰ

2147 4976 2330 5047 τέκνα
2378 4986 2581 5058 ἡμῶν
2628 4989 2656 5040 ὁ
2698 4986 2756 5039 δὲ
2789 4985 3024 5058 Χριστὸς
3063 4985 3163 5037 οὐκ
3208 4981 3462 5050 ἐποίησεν
3507 4976 3713 5039 οὕτως·

2145 5073 2279 5129 ἀλλά
2333 5073 2465 5142 πρὸς
2497 5070 2586 5122 τὸν
2630 5068 2848 5140 Πατέρα
2891 5065 3258 5121 καθικετεύων
3291 5061 3470 5130 λέγει’
3505 5059 3714 5126 Πάτερ,

2145 5158 2294 5227 ἄφες
2327 5153 2563 5220 αὐτοῖς·
2596 5154 2667 5206 οὑ
2711 5151 2820 5222 γὰρ
2850 5149 3051 5205 οἴδασι
3085 5149 3141 5202 τί
3179 5144 3573 5227 ποιοῦσιν.γΕί
3602 5142 3716 5227 γάρ

2145 5225 2363 5309 ἐγένετο
2399 5236 2460 5290 τὸ
2491 5231 2632 5306 αἷμα
2661 5233 2824 5287 αὐτοῦ
2867 5234 2952 5285 ἐπ’
2981 5231 3178 5294 αὐτοὺς
3207 5229 3300 5282 καὶ
3329 5227 3422 5280 ἐπὶ
3451 5226 3520 5279 τά
3555 5225 3721 5309 τέκνα

2146 5305 2344 5385 αὐτῶν,
2369 5321 2470 5373 οὐκ
2501 5319 2566 5373 ἂν
2597 5317 2706 5371 ἀπὸ
2735 5315 2844 5370 τῶν
2870 5315 3076 5369 τέκνων
3101 5311 3278 5366 αὐτῶν
3311 5309 3557 5378 ἐγένοντο

2147 5407 2352 5461 στόλοι·
2402 5404 2502 5457 οὐκ
2537 5402 2602 5456 ἂν
2647 5400 2781 5472 ὁμοῦ
2825 5398 3108 5471 τρισχίλιοι
3137 5395 3480 5458 ἐπίστευσαν,
3523 5390 3620 5442 οὐκ
3653 5387 3720 5472 ἂν

2144 5486 2583 5558 πεντακισχίλιοι.
2642 5469 2800 5554 Ὁρᾷς
2853 5469 2970 5545 πῶς
3022 5480 3219 5533 ἐκεῖνοι
3279 5475 3377 5546 μὲν
3428 5472 3572 5558 ῶμοὶ
3614 5469 3720 5558 Δκαὶ

2143 5573 2372 5642 ἀπηνεῖς
2408 5554 2544 5639 ’περὶ
2579 5567 2649 5622 τά
2677 5565 2875 5633 ἔκγονα
2913 5561 3090 5616 αὐτῶν
3128 5561 3277 5623 ὄντες
3306 5560 3398 5613 καὶ
3426 5557 3525 5628 τὴν
3559 5554 3720 5642 φύσιν

2159 5636 2328 5724 αὐτὴν
2354 5636 2647 5722 ἠγνόησαν,
2674 5651 2702 5701 ὁ
2729 5648 2786 5701 δὲ
2812 5647 2942 5710 Θεὸς
2975 5645 3225 5716 πατέρων
3257 5643 3519 5724 ἁπάντων
3537 5636 3722 5708 φιλαν-

2149 5723 2510 5813 θρωπότερος,
2537 5734 2629 5788 καὶ
2662 5731 2912 5803 μητέρων
2952 5727 3426 5800 φιλοστοργότερος
3464 5723 3721 5794 γέγονενε
