4096 6222
257 297 346 356 me
913 291 1049 348 cun
1087 290 1152 347 IN
1192 289 1481 346 rumne.
1524 287 1726 352 acra,
1770 283 1922 344 uc.
1967 287 2028 340 IN
2060 287 2346 346 rumore.
2391 291 2750 359 acronuu.
2783 293 2871 350 tv.
3419 309 3516 364 ιω

250 423 385 484 ptum
414 407 540 466 illud
569 421 780 478 quoque
826 406 996 476 majus
1047 405 1253 461 videbis
1309 412 1428 474 post
1476 400 1824 458 resurrectio-

248 517 358 559 nem
386 499 672 555 affulsisse.
706 497 981 568 Siquidem
1008 497 1060 551 in
1090 495 1340 552 confesso
1365 505 1448 550 est
1474 493 1612 564 apud
1636 507 1824 549 omnes

245 609 380 658 eum,
410 590 504 663 qui
539 605 663 660 erga
709 591 976 644 viventem
1006 587 1278 644 hominem
1304 586 1566 644 benevole
1592 586 1662 641 sit
1695 583 1826 640 alie-

246 696 373 748 ctus,
398 683 515 754 ipso
537 691 752 737 mortuo
776 680 1001 735 fortasse
1019 694 1088 736 ne
1103 678 1320 750 quidem
1342 679 1458 749 ejus
1481 676 1821 733 meminisse:

246 776 327 848 qui
357 789 483 830 vero
511 773 649 828 male
694 771 915 826 affectus
942 773 1012 825 sit
1040 785 1166 840 erga
1213 770 1357 825 illum
1385 811 1399 835 ,
1430 769 1557 824 dum
1598 769 1821 834 viveret,

245 876 294 920 et
316 863 660 933 superstitem
687 861 1006 926 deseruerit,
1041 861 1208 916 multo
1235 860 1403 930 magis
1454 860 1822 915 immemorem

246 954 471 1010 defuncti
502 953 760 1009 futurum.
803 953 921 1021 Quo
968 952 1044 1018 fit,
1073 960 1131 1008 ut
1153 967 1310 1007 nemo
1335 952 1423 1022 qui
1451 952 1681 1005 amicum
1712 963 1826 1004 ma-

243 1049 527 1119 gistrumve
552 1047 888 1118 superstitem
935 1045 1208 1116 reliquerit
1245 1059 1308 1101 ac
1351 1043 1668 1110 deseruerit,
1717 1044 1824 1098 vita

247 1140 480 1198 functum
530 1140 746 1210 plurimi
784 1137 956 1203 faciat,
987 1153 1052 1193 ac
1077 1147 1188 1193 tum
1219 1138 1483 1208 praecipue
1502 1180 1517 1204 ,
1549 1152 1671 1192 eum
1698 1153 1824 1205 pro-

246 1242 357 1304 pter
381 1231 676 1288 exhibitam
704 1231 757 1285 in
799 1245 922 1285 eum
946 1229 1372 1285 benevolentiam
1405 1229 1549 1284 mille
1589 1228 1823 1298 pericula

244 1323 342 1378 sibi
367 1321 562 1377 viderit
606 1322 904 1376 imminere.
936 1320 1076 1374 Ecce
1130 1329 1307 1374 tamen
1356 1319 1484 1374 illud
1509 1319 1651 1389 quod
1695 1319 1824 1374 nulli

245 1413 453 1479 accidit,
487 1413 540 1467 in
587 1411 800 1467 Christo
823 1419 880 1466 et
902 1409 1178 1481 discipulis
1206 1408 1407 1476 evehit,
1439 1419 1494 1465 et
1519 1408 1611 1478 qui
1637 1408 1824 1464 viveu-

246 1511 348 1559 tem
375 1503 526 1557 illum
554 1511 881 1571 negaverant
905 1516 968 1555 ac
995 1500 1363 1565 deseruerant,
1388 1506 1442 1554 et
1469 1499 1826 1569 comprehen-

243 1609 358 1650 sum
384 1595 750 1664 reliquerant,
779 1603 833 1648 et
875 1590 1209 1663 aufugerunt,
1259 1600 1378 1662 post
1415 1593 1692 1646 innumera
1735 1591 1825 1644 illa

244 1687 549 1757 upprobria,
578 1695 632 1742 et
661 1701 895 1750 crucem,
928 1685 1059 1739 tanti
1084 1699 1207 1740 eum
1238 1684 1499 1750 fecerunt,
1531 1691 1593 1738 ut
1619 1698 1714 1752 pro
1741 1683 1824 1752 ip-

245 1783 357 1836 sius
374 1781 705 1836 confessione
725 1796 787 1836 ac
806 1780 908 1836 fide
935 1781 1140 1835 animas
1154 1781 1312 1834 etiam
1330 1794 1454 1834 suas
1475 1786 1824 1849 exponerent.

242 1872 528 1927 Enimvero
567 1873 611 1928 si
640 1880 884 1928 mortuus
932 1871 1122 1927 fuisset
1149 1869 1416 1937 Christus,
1442 1886 1618 1940 neque
1644 1884 1826 1925 resur-

241 1963 492 2031 rexisset,
545 1965 633 2034 qui
671 1964 787 2019 fieri
829 1963 1106 2035 potuisset,
1139 1973 1194 2019 ut
1219 1965 1332 2035 qui,
1379 1963 1506 2019 dmn
1557 1972 1828 2032 superstes

240 2062 408 2121 esset,
437 2054 506 2110 ob
536 2055 830 2125 periculum
869 2055 1156 2111 imminens
1182 2055 1448 2126 fugerant,
1467 2070 1534 2110 eo
1572 2055 1682 2125 jam
1722 2054 1827 2108 vita

238 2142 449 2210 functo,
478 2155 699 2217 propter
738 2147 886 2201 illum
933 2146 1082 2202 mille
1123 2147 1370 2216 periculis
1397 2147 1602 2217 scipsos
1629 2145 1829 2216 objice-

237 2249 359 2294 rent
375 2239 401 2292 ?
419 2241 499 2295 Ac
523 2241 699 2294 caueri
725 2238 937 2309 quidem
963 2253 1154 2294 omnes
1177 2239 1458 2310 fugerunt,
1489 2241 1676 2296 Petrus
1701 2253 1830 2294 vero

235 2330 406 2386 etiam
433 2347 554 2386 cum
577 2331 880 2400 jurameuto
911 2341 992 2386 ter
1017 2332 1165 2386 illum
1198 2332 1430 2401 negavit,
1455 2343 1509 2388 et
1534 2333 1624 2401 qui
1646 2341 1725 2385 ter
1761 2331 1828 2385 il-

233 2422 354 2477 lum
381 2438 504 2478 cum
527 2423 832 2493 juramento
857 2433 1168 2494 negaverat,
1196 2435 1251 2480 et
1280 2425 1400 2480 vilis
1419 2425 1686 2481 ancillula:
1715 2425 1829 2479 fue-

229 2521 326 2567 rat
353 2513 549 2568 timore
572 2514 870 2584 perculsus,
896 2524 1238 2586 posteaquam
1256 2516 1480 2582 obierat,
1503 2514 1657 2570 nobis
1671 2514 1832 2570 rebus

232 2603 372 2676 ipsis
405 2603 590 2658 volens
616 2603 772 2660 fidem
799 2605 978 2661 facere
1026 2621 1086 2661 se
1127 2607 1438 2662 suscitatum
1464 2605 1612 2660 illum
1633 2621 1662 2660 a
1689 2620 1832 2660 mor-

237 2698 347 2753 tuis
369 2697 592 2764 vidisse,
619 2698 699 2752 sic
723 2707 944 2768 repente
980 2708 1212 2754 mutatus
1228 2709 1340 2768 est,
1361 2709 1417 2754 ut
1443 2699 1708 2769 integrum
1735 2713 1831 2768 po-

237 2791 428 2860 pulum
457 2799 864 2860 aspernaretur,
905 2799 961 2846 et
989 2791 1042 2845 in
1087 2792 1321 2847 medium
1344 2780 1650 2847 Judmorum
1680 2790 1831 2845 thea-

238 2888 382 2934 trum
406 2879 696 2949 prosiliret,
720 2879 1030 2951 diceretque
1050 2881 1198 2937 illum
1222 2881 1312 2952 qui
1359 2881 1645 2938 crucifixus
1667 2880 1836 2935 fuerat

236 2985 302 3024 ac
321 2970 592 3040 sepultus,
623 2985 654 3025 a
685 2971 910 3026 mortuis
960 2972 1048 3028 die
1075 2972 1248 3038 tertia,
1273 2973 1568 3028 surrexisse
1593 2979 1752 3042 atque
1781 2971 1833 3026 in

237 3062 406 3116 ςωιοε
431 3062 763 3129 ascendisse,
789 3079 964 3134 neque
1009 3081 1071 3121 se
1109 3065 1232 3120 mali
1279 3064 1565 3136 quidquam
1594 3065 1838 3120 reformi-

233 3151 391 3208 dare.
426 3152 581 3209 Uude
613 3153 773 3224 igitur
795 3155 995 3210 factum
1035 3163 1176 3224 erat,
1200 3165 1261 3211 ut
1283 3156 1418 3211 adeo
1447 3156 1722 3213 confidens
1751 3170 1838 3212 cs-

237 3245 361 3299 set?
405 3245 532 3300 Non
556 3246 770 3301 aliunde
796 3261 947 3314 sane,
975 3262 1134 3318 quam
1155 3262 1219 3302 ex
1253 3261 1318 3304 eo
1342 3247 1481 3318 quod
1504 3248 1572 3304 de
1596 3263 1839 3304 resurreo

235 3337 425 3392 ctione
455 3337 656 3392 certior
683 3337 855 3393 factus
881 3346 1042 3394 esset.
1078 3339 1210 3394 Cum
1237 3339 1378 3394 enim
1414 3339 1564 3394 illum
1593 3339 1834 3407 vidisset,

236 3435 406 3497 atque
431 3427 744 3496 alloquutus
791 3438 952 3494 esset,
982 3429 1152 3500 deque
1179 3430 1340 3486 rebus
1369 3429 1558 3486 futuris
1578 3431 1739 3487 verba
1769 3431 1840 3485 fa.

235 3517 486 3574 cientem
513 3519 788 3587 audiissct,
818 3519 918 3575 hac
945 3520 1010 3576 de
1037 3536 1197 3576 causa
1241 3530 1508 3593 tamquam
1536 3523 1588 3578 in
1615 3523 1836 3594 gratiam

239 3607 486 3664 hominis
505 3609 614 3680 jam
643 3611 867 3666 viventis
897 3607 1187 3681 periculum
1211 3613 1384 3672 adire:
1409 3656 1424 3682 ,
1466 3615 1539 3671 ita
1595 3631 1654 3671 se
1685 3616 1840 3670 malis

238 3701 504 3755 omnibus
531 3700 835 3770 objiciebat,
874 3710 1059 3772 utpote
1087 3705 1177 3772 qui
1217 3705 1404 3775 majori
1432 3705 1624 3761 virtute
1652 3721 1838 3761 corro-

239 3790 480 3846 boratus
508 3801 651 3846 esset
678 3791 1103 3863 confidentiaque
1131 3795 1346 3864 majori,
1403 3797 1482 3851 sic
1515 3805 1573 3851 ut
1599 3813 1696 3867 pro
1725 3798 1840 3867 ipso

240 3894 487 3938 mortem
538 3893 832 3952 cppetcret,
887 3893 940 3940 et
965 3885 1108 3938 cruci
1152 3886 1325 3954 capite
1355 3887 1407 3940 in
1463 3896 1658 3942 terram
1686 3902 1843 3943 verso

239 3973 580 4043 afligeretur.
608 3973 740 4028 Cum
771 3990 900 4045 ergo
930 3975 1130 4044 majora
1178 3975 1294 4031 ﬁeri
1345 3978 1495 4048 signa
1539 3977 1756 4040 videris.
1786 3990 1842 4035 et

241 4065 550 4136 discipulos
577 4067 763 4136 majori
791 4083 914 4122 eum
941 4068 1319 4123 benevolentia
1366 4085 1485 4125 esse
1509 4071 1840 4140 complexos,

239 4161 330 4229 qui
362 4163 527 4232 prius
556 4176 677 4216 eum
705 4167 1072 4227 deseruerant,
1101 4173 1152 4217 et
1176 4162 1432 4233 majorem
1463 4160 1710 4219 fiduciam
1733 4181 1844 4236 pra:

241 4265 301 4305 se
325 4252 503 4316 ferre,
527 4251 672 4305 omni
700 4268 764 4307 ex
784 4259 932 4321 parte
949 4253 1290 4308 illustriorem
1311 4270 1485 4310 rerum
1509 4254 1701 4310 factam
1726 4271 1845 4312 esse

241 4343 630 4407 mutationem,
663 4344 944 4412 omniaque
973 4343 1150 4398 tutiori
1194 4359 1258 4398 ac
1299 4344 1599 4413 jucundiori
1644 4352 1764 4402 esse
1794 4347 1845 4401 in

241 4443 389 4488 statu
448 4433 745 4498 collocata,
802 4443 910 4488 tum
957 4434 1072 4504 ipso
1127 4450 1302 4489 rerum
1351 4435 1716 4505 experimento
1757 4450 1848 4492 co-

240 4542 480 4595 gnosce,
515 4541 600 4582 res
627 4525 823 4582 Christi
853 4542 956 4581 non
985 4541 1104 4582 esse
1154 4527 1340 4581 mortis
1384 4528 1574 4582 finibus
1620 4528 1849 4583 circum-

244 4618 458 4684 clusas,
495 4619 1055 4675 sedresurrectionem
1082 4619 1154 4672 illi
1186 4618 1526 4683 successisse,
1556 4634 1620 4674 ac
1644 4620 1846 4685 vivere,

243 4710 713 4780 superstitemque
765 4720 1026 4780 perpetuo
1059 4710 1364 4764 crucifixum
1415 4725 1632 4766 manere
1682 4711 1846 4764 Deum

245 4798 649 4857 immutabilem
677 4812 729 4857 et
755 4802 1131 4857 immortalem.
1188 4801 1370 4873 Neque
1397 4803 1538 4858 enim
1581 4801 1848 4873 discipuli,

243 4891 354 4947 nisi
391 4893 780 4949 resnrrexisset
833 4907 896 4947 ac
954 4893 1180 4958 viveret,
1231 4893 1431 4962 majora
1481 4904 1661 4963 postea
1691 4894 1852 4948 mira-

244 4984 370 5037 cula
419 4993 749 5055 patrassent,
804 4999 960 5053 quam
1016 4999 1135 5052 qua:
1186 4998 1397 5039 crucem
1447 4994 1846 5053 praecesserant.

243 5073 387 5130 Nam
425 5085 543 5130 tum
576 5077 826 5146 temporis
853 5075 1014 5130 etiam
1041 5074 1285 5144 discipuli
1331 5075 1660 5146 reliquerunt
1686 5091 1846 5132 eam:

243 5165 357 5233 jam
390 5181 533 5222 vero
564 5175 704 5220 totus
733 5165 798 5221 ad
826 5167 973 5221 illum
999 5167 1144 5222 orbis
1172 5176 1433 5223 terrarum
1460 5169 1726 5234 accurrit,
1760 5183 1853 5224 uc—

244 5269 355 5326 que
390 5257 592 5312 Petrus
621 5258 792 5312 solum
820 5298 835 5323 ,
864 5257 954 5312 sed
984 5266 1038 5314 et
1067 5257 1212 5313 mille
1237 5259 1325 5312 alii
1351 5300 1364 5324 ,
1394 5274 1454 5312 ac
1486 5259 1652 5313 multo
1675 5259 1853 5330 plures

246 5358 376 5415 post
411 5349 636 5402 Petrum
663 5392 677 5415 ,
719 5366 783 5405 ex
827 5351 932 5405 illis
977 5353 1065 5420 qui
1114 5351 1260 5406 illum
1307 5353 1526 5411 minime
1571 5352 1850 5420 viderunt,

243 5440 477 5495 animas
534 5457 628 5510 pro
670 5443 762 5497 illo
802 5458 925 5497 suas
971 5453 1365 5513 exposuerunt,
1414 5446 1585 5514 capite
1627 5448 1853 5501 truncati

246 5540 382 5585 sunt
410 5572 428 5595 ,
467 5543 524 5584 et
553 5531 827 5588 innumera
853 5541 976 5587 sunt
1004 5533 1141 5588 mala
1173 5534 1408 5604 perpessi
1436 5575 1450 5600 ,
1494 5543 1548 5588 ut
1575 5535 1774 5606 integra
1801 5545 1856 5590 et

249 5620 432 5676 illazsa
455 5624 624 5690 ipsius
639 5624 970 5681 confessione
994 5637 1209 5696 possent
1224 5641 1288 5681 ex
1315 5625 1414 5682 hac
1435 5628 1536 5682 vita
1560 5627 1851 5683 discedere.

248 5713 559 5781 Quomodo
585 5731 712 5786 ergo
743 5718 786 5772 is
809 5717 897 5788 qui
925 5727 1162 5773 mortuus
1205 5728 1318 5774 erat
1355 5730 1408 5775 et
1446 5719 1691 5792 sepulcro
1729 5735 1854 5776 con-

1935 400 2113 457 clusus
2137 444 2151 465 ,
2185 415 2242 458 ut
2267 414 2322 458 tu
2350 405 2520 472 dicis,
2560 424 2593 463 o
2631 408 2814 465 Judiec
2840 453 2853 477 ,
2905 412 2956 466 in
3001 415 3245 472 omnibus
3296 421 3386 488 qui
3435 439 3526 476 se-

1934 493 2083 562 quuti
2113 503 2238 548 sunt
2263 495 2382 551 illos
2405 505 2600 552 tantam
2629 501 2732 554 vim
2761 503 3001 559 exhibuit
3029 514 3333 581 tantamque
3359 512 3523 566 virtu-

1933 592 2038 638 tem
2065 624 2080 649 ,
2111 594 2168 639 ut
2196 585 2276 641 eis
2304 589 2648 656 persuaderet
2673 633 2688 657 ,
2729 593 2899 647 solum
2927 595 3077 651 illum
3105 608 3161 651 ut
3187 599 3472 657 adorarent
3512 646 3528 670 ,

1932 674 2215 744 omniaque
2238 677 2504 733 sustinere
2543 694 2605 735 ac
2631 684 2832 751 perpeti
2866 684 3123 753 mallent,
3169 704 3326 759 quam
3368 707 3517 747 suam

1933 763 1986 817 in
2029 764 2175 818 illum
2214 765 2371 822 fidem
2407 769 2694 826 amittere?
2731 772 2890 828 Vides
2930 775 2979 828 iu
3020 779 3264 836 omnibus
3319 793 3521 839 certam

1931 857 2337 912 resurrectionis
2366 861 2855 929 comprobatiouem
2885 866 3100 923 elucere
3123 911 3138 934 ,
3171 884 3293 925 cum
3335 887 3400 928 ex
3445 874 3520 928 si-

1930 947 2048 1016 gnis
2074 962 2192 1017 qua:
2220 955 2328 1002 tum
2360 949 2496 1005 facta
2519 960 2642 1006 sunt
2665 993 2678 1018 ,
2703 970 2926 1026 qumque
2955 972 3099 1015 nunc
3121 959 3253 1014 fiunt
3272 1002 3288 1027 ,
3321 970 3430 1016 tum
3454 978 3520 1019 es

1933 1038 2313 1110 discipulorum
2343 1041 2712 1100 benevolentia
2737 1087 2752 1112 ,
2781 1049 2870 1117 qui
2897 1056 3006 1103 tum
3035 1050 3286 1106 vivebant
3310 1094 3324 1119 ,
3353 1064 3406 1109 et
3432 1053 3523 1122 qui

1933 1145 2074 1185 nunc
2105 1131 2324 1198 vivunt,
2351 1142 2463 1188 tum
2484 1149 2551 1189 ex
2579 1136 2828 1204 periculis
2855 1139 2906 1193 in
2930 1140 3123 1209 quibus
3149 1155 3364 1213 semper
3394 1142 3524 1198 fide-

1932 1221 2014 1276 les
2068 1223 2461 1279 versabantur?
2513 1226 2675 1282 Visne
2729 1229 3021 1284 etiamnum
3070 1231 3252 1287 hostes
3305 1246 3526 1289 cernere

1930 1313 2222 1381 potentiam
2253 1329 2316 1369 ac
2343 1315 2595 1372 virtutem
2635 1318 2752 1389 ejus
2791 1320 3170 1389 pertimescere
3193 1364 3208 1391 ,
3253 1338 3316 1378 ac
3357 1324 3524 1379 multo

1931 1404 2162 1472 amplius
2187 1415 2306 1474 post
2333 1421 2547 1463 crucem
2575 1413 2846 1466 aestuare?
2873 1411 3011 1467 Audi
3036 1429 3164 1469 sane
3192 1415 3482 1484 prudenter
3503 1458 3521 1482 ,

1931 1495 2055 1562 quid
2082 1494 2254 1551 dehis
2293 1498 2546 1568 scriptum
2581 1499 2671 1554 sit.
2715 1501 2840 1555 Cum
2874 1505 3007 1556 enim
3051 1505 3308 1571 viderent,
3355 1507 3524 1577 inquit

1931 1585 2245 1656 Scriptura,
2300 1589 2474 1644 Judtei
2522 1590 2664 1645 Petri
2708 1593 2761 1646 in
2815 1593 3064 1665 loquendo
3117 1595 3420 1663 libertatem,
3477 1605 3524 1651 et

1931 1678 2149 1734 Joannis
2165 1722 2181 1746 ,
2207 1691 2354 1750 atque
2378 1684 2830 1740 animadverterent
2857 1687 3080 1743 homines
3109 1687 3226 1744 illos
3257 1689 3519 1744 literarum

1934 1773 2082 1826 rudes
2111 1783 2156 1827 et
2181 1775 2441 1842 imperitos
2466 1791 2604 1842 esse,
2651 1779 2966 1832 mirabantur
3009 1778 3028 1851 (
3052 1780 3164 1834 Act.
3187 1781 3240 1836 4.
3269 1781 3336 1837 15
3371 1781 3422 1852 ),
3471 1790 3526 1836 et

1935 1865 2245 1920 metuebant
2270 1881 2375 1920 non
2399 1868 2542 1938 quod
2572 1869 2754 1925 literas
2779 1871 3085 1938 nescirent,
3113 1872 3208 1929 sed
3233 1872 3375 1944 quod
3399 1887 3522 1929 cum

1936 1955 2172 2012 illiterati
2209 1967 2392 2014 essent
2429 1972 2620 2016 omnes
2657 1963 2924 2031 sapientes
2965 1963 3276 2032 vincerent,
3306 1963 3528 2034 Cumque

1937 2047 2190 2102 hominem
2227 2060 2522 2116 tentarent,
2567 2055 2654 2122 qui
2690 2063 2899 2108 sanatus
2938 2063 3080 2118 erat,
3122 2055 3251 2109 nihil
3295 2066 3523 2127 poterant

1937 2140 2278 2195 contradicere
2308 2141 2326 2212 (
2353 2141 2487 2196 Ibid.
2520 2160 2564 2198 v.
2598 2145 2733 2213 14),
2765 2147 2978 2201 tametsi
3005 2156 3160 2202 antea
3189 2147 3524 2203 contradice-

1937 2232 2065 2286 bant
2091 2245 2212 2287 cum
2240 2233 2389 2303 signa
2420 2232 2535 2290 ﬁeri
2559 2236 2818 2293 viderent.
2849 2237 2953 2293 Cur
2983 2239 3142 2309 igitur
3168 2248 3278 2294 tum
3307 2239 3526 2295 minime

1937 2324 2418 2380 contradicehant?
2467 2325 2764 2384 Cohibebat
2814 2329 3024 2384 illorum
3078 2329 3308 2401 linguam
3353 2331 3526 2386 virtus

1938 2418 2216 2473 invisibilis
2257 2420 2540 2475 cruciﬁxi:
2592 2422 2680 2478 ille
2726 2436 2790 2478 os
2832 2436 3019 2480 eorum
3070 2414 3390 2491 obturahat,
3434 2422 3524 2478 ille

1939 2509 2240 2566 libertatem
2271 2512 2324 2565 in
2355 2510 2582 2567 dicendo
2615 2514 2990 2584 compescebat
3035 2532 3049 2569 :
3092 2525 3373 2585 propterea
3411 2525 3524 2569 sta.

1937 2601 2106 2670 bant,
2132 2616 2306 2672 neque
2328 2611 2574 2673 poterant
2594 2603 2981 2662 contradicere.
3003 2605 3134 2661 Cum
3161 2615 3338 2662 autem
3365 2605 3525 2663 verba

1937 2692 2100 2747 etiam
2127 2693 2500 2762 protulerunt,
2529 2695 2649 2751 vide
2674 2711 2780 2766 quo
2813 2705 2969 2767 pacto
3010 2704 3208 2752 metum
3251 2711 3405 2753 suum
3445 2696 3526 2752 fa-

1941 2795 2174 2842 teantur.
2213 2784 2376 2842 Vultis
2399 2829 2414 2854 ,
2446 2787 2692 2859 inquiunt
2717 2829 2732 2853 ,
2762 2790 3000 2844 inducere
3025 2805 3176 2860 super
3201 2806 3292 2845 nos
3315 2804 3526 2862 sangui-

1937 2892 2053 2932 nent
2098 2876 2314 2932 hominis
2361 2879 2505 2932 istius
2547 2874 2672 2952 (Ιὸ.
2701 2881 2756 2936 5.
2783 2880 2853 2936 28
2879 2881 2932 2952 )?
2976 2881 3046 2935 At
3088 2881 3229 2936 enim
3269 2881 3313 2935 si
3353 2881 3526 2934 nudus

1941 2969 2102 3025 homo
2138 2981 2258 3038 est,
2301 2985 2398 3026 cur
2441 2970 2556 3042 ejus
2603 2975 2914 3044 sanguinem
2957 2973 3330 3046 pertimescis?
3366 2987 3524 3044 quam

1939 3063 2136 3118 multos
2164 3059 2452 3134 prophetas
2477 3065 2718 3120 occidisti
2744 3107 2758 3130 ,
2787 3081 2945 3136 quam
2968 3066 3351 3136 multosjustos
3372 3065 3528 3135 jugu-

1943 3155 2062 3210 lasti
2088 3195 2102 3218 ,
2130 3155 2314 3210 Judtee
2337 3193 2352 3219 ,
2385 3170 2484 3211 nec
2513 3156 2670 3211 ullius
2699 3157 2910 3212 illorum
2939 3157 3248 3227 sanguinem
3278 3155 3495 3211 reformi
3516 3186 3529 3196 -

1941 3247 2124 3302 dasti?
2149 3264 2244 3303 cur
2270 3248 2430 3319 igitur
2458 3248 2544 3304 hic
2572 3247 2929 3306 reformidas?
2965 3249 3106 3305 Vere
3143 3249 3524 3305 conscientiam

1943 3343 2179 3398 terrebat
2233 3343 2441 3397 illorum
2493 3343 2779 3398 crucifixus
2806 3385 2821 3411 ,
2879 3356 3137 3413 suamque
3191 3339 3525 3396 formidinem

1943 3448 2066 3490 cum
2088 3435 2359 3491 occultare
2400 3450 2506 3491 non
2551 3441 2807 3506 possent,
2850 3435 2935 3491 vel
2976 3435 3137 3492 etiam
3186 3433 3332 3492 inviti
3376 3449 3526 3492 suam

1942 3541 2123 3582 coram
2153 3525 2380 3583 inimicis
2407 3526 2821 3583 imbecillitatem
2853 3526 3102 3583 fatentur.
3131 3528 3208 3582 Ac
3231 3525 3356 3582 dum
3379 3524 3528 3581 illum

1944 3617 2157 3688 quidem
2188 3617 2565 3688 crueifigerent
2588 3659 2602 3684 ,
2643 3617 2947 3673 clamabant
2984 3617 3222 3674 dicentes
3245 3659 3260 3684 ,
3307 3617 3532 3688 Sanguis

1943 3713 2055 3776 eius
2080 3726 2232 3779 super
2256 3727 2346 3766 nos
2370 3751 2384 3776 ,
2417 3720 2463 3764 et
2489 3727 2640 3780 super
2659 3712 2793 3780 ﬁlios
2813 3720 3006 3766 nostros
3033 3709 3253 3782 (Matth.
3281 3710 3371 3765 27.
3399 3709 3468 3767 25
3488 3711 3529 3782 );

1945 3799 2080 3855 adeo
2106 3802 2414 3870 sanguinem
2440 3800 2555 3870 ejus
2584 3803 2927 3871 spernebant.
2961 3802 3087 3857 Post
3109 3803 3407 3871 passionem
3435 3819 3534 3857 au-

1952 3900 2057 3944 tent
2087 3905 2209 3945 cum
2239 3890 2580 3960 cfl‘ulgeutem
2611 3892 2750 3946 illius
2779 3892 3028 3946 virtutem
3061 3891 3334 3946 intuentur
3360 3932 3374 3954 ,
3403 3908 3534 3962 per-

1953 3981 2238 4034 timescunt
2281 3990 2336 4034 et
2373 3988 2637 4044 :rstuant,
2685 3979 2973 4048 dicuntque
3014 3998 3028 4034 :
3085 3979 3250 4034 Vultis
3298 3982 3535 4037 inducere

1949 4071 2246 4141 sanguinem
2276 4069 2490 4124 hominis
2515 4070 2655 4124 istius
2679 4087 2832 4140 super
2860 4086 2950 4125 nos
2972 4070 2998 4123 ?
3036 4070 3102 4124 At
3137 4071 3278 4125 enim
3307 4071 3349 4126 si
3379 4070 3538 4125 sedu-

1953 4169 2072 4215 ctor
2096 4167 2214 4214 erat
2236 4201 2252 4226 ,
2279 4167 2334 4215 et
2356 4159 2692 4216 adversarius
2719 4160 2812 4215 Dei
2838 4203 2851 4225 ,
2887 4169 3041 4230 prout
3071 4161 3244 4216 dicitis
3265 4202 3282 4230 ,
3324 4162 3540 4218 scelesti

1951 4252 2122 4309 Judmi
2149 4294 2164 4318 ,
2191 4268 2348 4322 quam
2374 4253 2444 4308 ob
2481 4267 2693 4308 causam
2737 4254 3047 4323 sanguinem
3094 4254 3259 4324 ipsius
3299 4255 3538 4309 timetis?

1956 4345 2167 4401 Etenim
2198 4345 2243 4400 si
2272 4346 2390 4401 talis
2420 4357 2531 4400 erat
2557 4385 2570 4409 ,
2596 4345 2733 4399 illius
2760 4345 2918 4399 etiam
2947 4343 3116 4398 fuerat
3137 4343 3282 4399 czcde
3305 4343 3537 4414 glorian-

1953 4436 2101 4491 dum.
2133 4434 2240 4492 Sed
2272 4437 2520 4507 quoniam
2553 4435 2672 4490 talis
2701 4450 2805 4489 non
2833 4444 2946 4489 erat
2971 4477 2984 4500 ,
3022 4434 3218 4489 ideirco
3245 4444 3500 4490 tremunt.

2025 4526 2080 4583 9.
2126 4528 2288 4584 Vides
2311 4529 2543 4598 undique
2571 4536 2625 4582 et
2667 4527 2910 4582 inimicos
2939 4536 3166 4582 aestuare
3207 4543 3268 4583 ac
3306 4529 3540 4585 timere?

1955 4619 2104 4674 vides
2133 4619 2340 4674 illorum
2369 4620 2689 4673 anxietatem
2713 4618 2735 4671 ?
2774 4617 3025 4672 Crucifixi
3052 4634 3263 4689 quoque
3293 4617 3540 4690 benigni-

1959 4720 2120 4766 tatem
2148 4725 2430 4780 cognosce.
2462 4708 2732 4780 Siquidem
2761 4708 2834 4763 illi
2855 4707 3065 4778 quidem
3087 4707 3335 4764 dicebant
3359 4726 3372 4763 ε
3403 4710 3543 4765 Sana

1959 4805 2068 4873 guis
2096 4804 2203 4873 ejus
2224 4818 2376 4872 super
2397 4817 2488 4854 uos
2512 4841 2526 4864 ,
2554 4810 2600 4853 ct
2629 4816 2779 4868 super
2807 4799 2940 4867 ﬁlios
2970 4809 3164 4854 nostros
3191 4801 3209 4870 (
3234 4799 3422 4855 Matth.
3448 4800 3539 4855 ‘27.

1957 4896 2027 4950 9.5
2055 4894 2072 4965 )
2099 4912 2111 4946 :
2143 4893 2384 4950 Christus
2427 4903 2602 4946 autem
2651 4906 2758 4945 non
2798 4891 2868 4944 ita
2905 4889 3068 4957 fecit;
3112 4905 3296 4946 verum
3341 4888 3544 4960 suppli-

1961 5001 2090 5040 cans
2121 4983 2265 5040 Patri
2295 4983 2404 5048 ait,
2439 4980 2596 5036 Pater
2622 5024 2637 5048 ,
2666 4981 2858 5036 dimitte
2881 4980 2982 5036 illis
3005 4997 3024 5035 :
3052 4998 3153 5039 non
3181 4985 3312 5036 enim
3340 4981 3502 5034 sciunt
3526 5020 3542 5048 ,

1958 5076 2078 5146 quid
2109 5075 2300 5147 faciunt
2330 5072 2348 5141 (
2376 5070 2501 5125 Luc.
2529 5071 2618 5126 9.3.
2651 5073 2719 5127 54
2818 5070 2875 5126 Si
2903 5071 3043 5126 cnim
3069 5086 3231 5142 super
3262 5071 3380 5125 illos
3414 5086 3542 5125 san-

1959 5167 2078 5237 guis
2105 5167 2326 5230 fuisset,
2363 5171 2415 5218 et
2443 5178 2604 5233 super
2646 5163 2782 5218 filios
2822 5163 3030 5218 illorum
3056 5204 3070 5229 ,
3111 5175 3442 5231 nequaquam
3477 5177 3542 5216 ex

1964 5257 2176 5312 illorqu
2205 5255 2326 5311 filiis
2352 5256 2544 5311 delecti
2571 5264 2752 5310 essent
2779 5255 3004 5325 apostoli
3048 5271 3061 5307 :
3103 5269 3433 5325 nequaquam
3466 5264 3547 5310 ter

1966 5351 2112 5406 mille
2142 5350 2297 5404 sinuil
2325 5349 2712 5413 credidissent,
2742 5363 2914 5418 neque
2939 5347 3220 5418 quinquies
3249 5345 3414 5401 mille.
3459 5345 3548 5400 Vi-

1963 5443 2060 5499 des
2086 5452 2141 5496 ut
2163 5442 2238 5497 illi
2267 5441 2478 5512 quidem
2507 5439 2753 5495 crudeles
2782 5456 2844 5495 ac
2874 5441 3000 5496 sani
3029 5454 3149 5494 cum
3181 5441 3232 5494 in
3262 5453 3387 5494 suos
3412 5438 3548 5494 libe-

1966 5549 2057 5590 ros
2085 5541 2263 5590 essent
2292 5573 2308 5598 ,
2335 5533 2502 5603 ipsam
2535 5531 2693 5586 etiam
2745 5541 2984 5586 naturam
3026 5531 3334 5601 abnegarint
3359 5572 3373 5595 ,
3408 5531 3547 5586 Deus

1967 5639 2145 5685 autem
2178 5635 2355 5696 patres
2376 5639 2562 5681 omnes
2583 5625 2911 5692 superaverit
2937 5624 3258 5695 benignitate
3282 5666 3297 5691 ,
3323 5639 3385 5678 ac
3411 5622 3546 5678 ﬁlios

1968 5719 2155 5792 majori
2183 5731 2340 5787 quam
2369 5710 2564 5774 patres
2607 5712 2766 5772 fuerit
2809 5729 2990 5772 amore
3032 5709 3542 5788 coniplcxus?$an-
