4096 6222
426 308 531 368 ῖςιι

440 431 556 497 guis
584 425 726 482 enim
753 424 870 496 ejus
895 438 1057 496 super
1082 423 1201 479 illos
1225 431 1281 480 et
1305 438 1466 496 super
1492 424 1704 479 illorum
1735 425 1869 479 filios
1897 422 2022 486 fuit;

437 534 600 591 super
629 519 766 574 ﬁlios
789 533 922 575 vero
949 533 1057 573 non
1080 531 1268 572 omnes
1296 558 1312 585 ,
1339 515 1435 572 sed
1459 531 1621 587 super
1649 517 1769 572 illos
1799 524 2023 585 tantum,

439 608 532 680 qui
563 618 836 680 paternam
867 607 1196 678 impietatem
1227 615 1280 661 et
1309 605 1638 678 iniquitatem
1670 606 1858 662 imitati
1881 615 2025 672 sunt,

439 710 491 755 ct
518 709 778 772 quotquot
805 699 912 755 illis
953 699 1049 754 lilii
1091 697 1306 754 fuerunt
1343 714 1449 754 non
1491 697 1782 754 secundum
1825 705 2029 753 natura:

438 782 880 860 successionem,
925 791 1021 847 sed
1065 791 1358 848 secundum
1401 791 1691 847 voluntatis
1729 789 2027 857 insaniam,

450 884 504 938 hi
533 883 633 938 soli
662 883 961 960 malisfacti
991 891 1118 938 sunt
1143 883 1381 938 obnoxii.

511 974 798 1029 Jerusalem
826 974 1027 1046 quando
1065 975 1254 1029 excisa.
1289 1003 1363 1014 —
1385 972 1464 1028 Tn
1491 987 1619 1028 vero
1651 971 1782 1028 mihi
1817 971 2032 1027 bonita-

445 1074 553 1120 tem
591 1081 654 1120 ac
681 1065 1062 1136 benignitatem
1103 1065 1199 1121 Dei
1236 1064 1449 1120 aliunde
1479 1079 1694 1136 quoque
1731 1063 2032 1120 considera.

446 1158 562 1213 Non
593 1159 736 1215 cnim
766 1159 946 1215 statim
983 1159 1091 1212 illis
1121 1158 1438 1229 supplicium
1476 1172 1541 1212 ac
1583 1172 1796 1228 pennam
1835 1157 2032 1222 intulit,

445 1249 543 1304 sed
571 1249 920 1321 quadraginta
939 1258 993 1304 et
1019 1249 1201 1319 plures
1227 1249 1364 1305 elabi
1392 1257 1511 1319 post
1537 1248 1840 1321 passionem
1865 1261 2038 1302 annos

448 1342 591 1397 sivit.
621 1343 896 1413 Siquidem
927 1341 1178 1397 Salvator
1203 1342 1316 1412 ipse
1339 1341 1558 1397 Tiberio
1577 1341 1870 1411 imperante
1893 1339 2039 1395 cruci

451 1433 643 1488 affixus
671 1442 756 1489 est
786 1452 800 1488 :
836 1441 893 1488 at
934 1434 1146 1488 illorum
1193 1432 1380 1488 civitas
1424 1431 1810 1502 imperantibus
1839 1430 2041 1501 VeSpa-

448 1526 603 1580 siano
626 1540 689 1579 ac
709 1525 831 1580 Tito
856 1532 1010 1594 capta
1031 1531 1133 1580 est.
1160 1523 1266 1580 Cur
1294 1524 1454 1594 igitur
1478 1536 1813 1592 consequens
1834 1528 2040 1590 tempus

452 1616 671 1694 omisit?
696 1615 875 1672 Voluit
904 1615 1009 1671 illis
1036 1615 1264 1686 Spatium
1290 1614 1357 1670 ad
1386 1612 1755 1684 paenitentiam
1779 1611 2040 1682 agendam

452 1711 696 1782 prmbere
713 1751 728 1776 ,
758 1717 817 1764 ut
846 1718 1061 1780 peccata
1086 1707 1437 1780 deponerent,
1469 1715 1528 1762 ut
1555 1706 1779 1762 crimina
1807 1720 1837 1760 a
1862 1719 1922 1760 se
1949 1703 2042 1758 de-

456 1803 738 1875 pellerent.
772 1801 1060 1872 Postquam
1087 1809 1267 1856 autem
1299 1799 1552 1870 temporis
1576 1799 1802 1869 spatium
1833 1796 1898 1851 ad
1931 1811 2043 1868 pa:-

458 1895 734 1952 nitentiam
794 1895 1152 1965 praestitutum
1225 1892 1484 1948 habentes
1543 1889 1918 1947 immedicabili
1985 1904 2045 1946 se

461 1987 705 2042 laborare
733 1985 922 2040 morbo
950 1999 1062 2056 prae
1089 1999 1150 2040 se
1174 1983 1432 2050 tulerunt,
1465 1991 1574 2037 tum
1600 1981 1814 2038 demum
1842 1979 2046 2050 suppli-

458 2077 600 2132 cium
629 2076 736 2132 illis
763 2090 827 2131 ac
857 2090 1068 2146 prunam
1098 2074 1306 2141 intulit,
1347 2082 1403 2129 et
1433 2087 1620 2128 eversa
1660 2071 1874 2127 illorum
1913 2070 2046 2126 urbe

461 2183 559 2239 per
577 2168 883 2223 universum
904 2167 1089 2222 orbem
1113 2173 1373 2221 terrarum
1393 2163 1614 2220 eductos
1636 2163 1756 2218 illos
1775 2162 2045 2232 dispersit.

462 2262 641 2332 Atque
671 2259 774 2316 hoc
802 2259 1147 2330 benignitatis
1173 2257 1290 2329 ejus
1317 2272 1454 2329 opus
1477 2255 1598 2312 fuit.
1629 2254 1902 2327 Siquidem
1931 2255 2050 2310 illos

462 2353 734 2425 dispersit,
765 2362 821 2409 ut
845 2353 1138 2420 Christum,
1166 2367 1324 2424 quem
1350 2351 1495 2408 cruci
1521 2350 1826 2416 affixerant,
1856 2348 2052 2418 ubique

470 2455 731 2501 terrarum
777 2455 1065 2501 cernerent
1115 2445 1363 2508 adorari.
1412 2452 1472 2498 ut
1523 2457 1645 2498 cum
1689 2441 1758 2496 ab
1804 2440 2054 2496 omnibus

471 2536 746 2594 adoratum
775 2536 925 2592 illum
951 2543 1255 2602 cernerent,
1283 2535 1505 2604 ejusque
1533 2533 1783 2588 virtutem
1814 2532 2056 2603 percipe-

469 2637 610 2694 rent,
641 2643 906 2684 summam
933 2641 1081 2682 suam
1123 2625 1449 2696 impietatem
1478 2630 1850 2695 agnoscerent,
1886 2635 2058 2693 eaque

471 2719 683 2791 cognita
709 2718 777 2774 ad
806 2718 1086 2774 veritatem
1125 2717 1383 2773 redirent.
1414 2717 1587 2786 Atque
1627 2714 1740 2785 ipsa
1783 2714 2058 2783 captivitas

473 2815 580 2870 illis
620 2811 815 2868 deinde
856 2809 1114 2866 doctrinae
1139 2850 1155 2876 ,
1203 2823 1267 2864 ac
1313 2807 1633 2879 supplicium
1679 2804 2060 2861 admonitionis

473 2907 812 2964 occasionem
858 2904 1115 2960 atterebat
1156 2919 1169 2957 :
1218 2902 1262 2956 si
1306 2899 1449 2958 enim
1499 2899 1555 2956 in
1599 2899 1819 2970 regione
1859 2896 2062 2953 Judeaa

477 2996 900 3064 remansissent,
931 3009 1147 3050 veraces
1175 2992 1340 3049 fuisse
1369 2991 1657 3063 pr0phetas
1686 3005 1793 3046 non
1815 2988 2066 3059 agnovis-

475 3098 618 3146 sent.
661 3087 800 3157 Quid
843 3087 988 3144 enim
1029 3085 1302 3158 prophetae
1345 3083 1633 3141 dicebant?
1663 3081 1936 3136 Postulaa
1963 3097 2061 3148 me,

475 3191 528 3236 et
553 3179 683 3236 dabo
721 3178 811 3234 tibi
849 3187 1018 3250 gentes
1063 3177 1388 3232 hereditatem
1416 3184 1582 3241 tuam,
1616 3184 1666 3229 et
1704 3174 2066 3246 possessionem

478 3283 620 3327 tuam
659 3271 901 3327 terminos
931 3278 1078 3324 terra:
1103 3266 1291 3342 (Psal.
1313 3267 1368 3322 2.
1395 3263 1488 3338 8).
1525 3265 1707 3335 Itaque
1736 3265 1855 3319 illos
1884 3261 2068 3334 egredi

485 3363 721 3435 oportuit
756 3362 823 3417 ad
851 3370 1006 3418 terra:
1036 3360 1315 3426 terminos,
1342 3366 1402 3414 ut
1433 3356 1662 3428 propriis
1683 3355 1852 3412 oculis
1875 3368 2068 3410 cerne-

482 3463 610 3512 rent
633 3471 663 3509 a
687 3454 902 3510 Christo
929 3462 1084 3508 terra:
1114 3451 1370 3507 terminos
1396 3447 1676 3520 possideri.
1703 3447 1909 3504 Rursus
1934 3447 2071 3504 alius

487 3548 746 3620 pr0pheta
776 3546 906 3601 dicit
934 3560 950 3599 :
979 3543 1047 3598 Et
1089 3542 1373 3598 adorabunt
1410 3557 1526 3598 eum
1551 3541 1737 3613 singuli
1765 3557 1793 3597 e
1830 3540 1939 3594 loco
1977 3557 2071 3594 suo

487 3637 686 3710 (Soph.
714 3635 770 3692 2.
799 3637 858 3692 ll
886 3638 929 3708 ).
977 3635 1118 3706 Ergo
1161 3635 1285 3690 illos
1318 3649 1414 3704 per
1457 3633 1635 3690 omnia
1666 3642 1822 3688 terra:
1850 3633 1962 3688 loca
1988 3632 2069 3687 di-

1149 307 1206 366 S.
1240 307 1518 365 JUANNIS
1555 307 2030 370 CilRYSOSTOlll
2068 309 2387 370 ARCHIEP.
2425 313 2956 373 CONSTANTINOP.

3616 317 3716 376 H2

2127 427 2311 498 spergi
2343 427 2597 498 oportuit,
2629 439 2686 484 ut
2717 443 3144 500 unumquemque
3169 428 3396 486 adorare
3424 428 3569 486 illum
3599 446 3725 502 pro-

2134 534 2264 590 prns
2293 520 2461 574 oculis
2487 531 2792 577 cernerent.
2831 521 3036 578 Rursus
3060 522 3194 577 alius
3220 521 3355 577 dixit
3383 540 3398 578 :
3427 520 3732 594 Replebitur

2136 619 2300 676 terra,
2346 620 2403 665 ut
2442 620 2707 682 cognoscat
2754 611 3050 678 Dominum,
3099 613 3229 666 sicut
3271 629 3406 682 aqua
3450 613 3614 667 multa
3654 614 3728 668 ad

2137 701 2467 771 aperiendum
2493 703 2658 757 maria
2689 701 2849 774 (Hab.
2874 702 2930 757 2.
2960 703 3070 775 14).
3100 702 3158 757 1η
3185 719 3397 759 omnem
3429 704 3590 775 igitur
3620 713 3721 760 ter-

2137 807 2250 847 ram
2278 793 2427 848 abire
2458 791 2577 847 illos
2605 793 2860 863 aportuit,
2884 802 2941 848 ut
2967 793 3222 864 repletam
3253 795 3397 849 illam
3425 793 3723 864 cognitione

2142 884 2348 938 Domini
2377 883 2652 952 viderent,
2682 893 2734 939 et
2759 887 2924 940 maria
2947 926 2963 951 ,
2995 883 3099 941 hoc
3136 895 3218 941 est
3257 887 3559 958 spirituales
3600 887 3728 942 istas

2142 974 2428 1044 Ecclesias,
2460 974 2656 1046 pietate
2679 975 3048 1031 redundantia.
3090 976 3380 1047 Propterea
3401 977 3596 1047 ubique
3625 985 3732 1032 ter-

2139 1083 2318 1122 rarum
2348 1067 2601 1138 dispersit
2624 1067 2745 1123 illos
2768 1067 2945 1123 Deus:
2972 1067 3017 1122 si
3043 1067 3184 1123 enim
3213 1067 3266 1122 in
3293 1068 3473 1123 Judma
3497 1067 3731 1124 resedis-

2142 1167 2294 1226 sent,
2329 1158 2442 1213 ha-c
2483 1158 2836 1230 ignorassent.
2885 1157 3004 1214 Jam
3034 1173 3164 1214 vero
3196 1159 3484 1229 prophetas
3513 1173 3732 1214 veraces

2142 1263 2296 1314 esse,
2327 1257 2487 1320 atque
2527 1249 2699 1319 ipsum
2739 1250 2933 1304 virtute
2963 1249 3164 1318 pollere
3191 1263 3410 1304 suorum
3451 1249 3728 1305 oculorum

2148 1341 2516 1412 experimento
2555 1341 2668 1395 vult
2711 1341 2855 1411 ipsos
2896 1355 3264 1411 cognoscere:
3296 1348 3387 1407 ut,
3437 1340 3482 1394 si
3521 1339 3732 1410 quidem

2145 1431 2297 1501 probi
2339 1433 2585 1503 gratique
2631 1432 2860 1499 fuerint,
2906 1431 2974 1487 ad
3004 1433 3278 1486 veritatem
3312 1447 3406 1502 per
3435 1433 3534 1487 ista
3561 1432 3731 1488 dedu-

2145 1533 2336 1580 cantur
2363 1543 2378 1580 :
2409 1527 2490 1581 sin
2523 1535 2700 1581 autem
2731 1525 2782 1580 in
2814 1525 3085 1596 impietate
3115 1535 3494 1596 perseverent,
3535 1523 3732 1580 nullam

2149 1617 2381 1672 habeant
2405 1618 2458 1672 in
2501 1615 2774 1673 tremenda
2803 1616 2892 1672 die
2927 1616 3113 1686 judicii
3143 1616 3569 1671 excusationem.
3599 1613 3732 1670 Pro-

2152 1720 2334 1782 pterea
2361 1725 2456 1781 per
2481 1710 2786 1765 universum
2815 1708 3000 1764 orbem
3029 1716 3287 1763 terrarum
3315 1707 3434 1762 illos
3462 1705 3732 1776 dispersit,

2149 1812 2209 1856 ut
2236 1811 2291 1856 et
2320 1815 2418 1856 nos
2445 1801 2717 1872 quidpiam
2749 1799 2872 1856 inde
2911 1799 3044 1855 lucri
3072 1799 3421 1869 decerpamus
3441 1838 3456 1864 ,
3501 1797 3603 1852 hoc
3631 1805 3734 1862 est,

2150 1891 2276 1948 dum
2305 1892 2536 1963 prolatas
2578 1892 2698 1947 illas
2726 1891 2792 1946 de
2823 1891 3036 1946 illorum
3071 1890 3404 1961 dispersione
3431 1887 3736 1959 przedictio-

2153 1999 2272 2051 nes,
2301 1984 2475 2054 deque
2503 1983 2959 2056 Jerosolymorum
2986 1983 3264 2038 eversione
3287 1981 3575 2045 cernimus,
3605 1994 3738 2050 quas

2153 2087 2208 2131 et
2237 2075 2442 2141 Daniel,
2466 2075 2591 2130 dum
2613 2074 3023 2130 abominationis
3042 2073 3387 2128 desolationis
3414 2073 3739 2127 mentionem

2155 2167 2280 2222 facit
2307 2167 2325 2238 (
2350 2166 2561 2223 Dan.-9.
2593 2167 2734 2238 27),
2764 2175 2819 2222 et
2841 2164 3125 2220 Malachias
3149 2164 3276 2220 dum
3306 2164 3381 2218 ait
3408 2181 3421 2217 :
3457 2163 3588 2230 Quia
3615 2173 3660 2216 et
3688 2162 3742 2216 in

2155 2257 2292 2314 vobis
2335 2259 2632 2313 claudentur
2671 2259 2851 2328 janue
2899 2255 3072 2329 (Mal.
3103 2255 3248 2311 1.10
3277 2254 3336 2327 ),
3377 2263 3432 2310 et
3475 2254 3660 2321 David,
3689 2262 3743 2308 et

2158 2349 2350 2417 lsaias,
2379 2358 2434 2405 et
2461 2348 2550 2404 alii
2581 2347 2854 2420 propheta:
2877 2347 3028 2402 multi
3059 2346 3126 2401 de
3155 2345 3240 2400 his
3267 2345 3624 2416 praedixerunt
3643 2386 3657 2410 ,
3682 2353 3738 2398 ut

2159 2439 2402 2496 videntes
2430 2454 2524 2495 eos
2551 2439 2643 2508 qui
2673 2439 2953 2494 Dominum
2985 2445 3064 2493 tot
3090 2436 3298 2506 injuriis
3324 2435 3611 2490 affecerant
3629 2475 3644 2501 ,
3673 2435 3742 2488 ita

2161 2531 2329 2588 fuisse
2359 2532 2594 2602 punitos,
2623 2531 2794 2602 patria
2822 2531 3068 2586 libertate
3095 2529 3328 2600 privatos
3355 2535 3410 2583 et
3438 2527 3549 2581 suis
3576 2527 3744 2580 omni-

2162 2624 2260 2679 bus
2288 2625 2494 2694 legibus
2532 2639 2594 2678 ac
2623 2623 2858 2694 paternis
2887 2621 3256 2678 traditionibus
3282 2661 3297 2687 ,
3343 2619 3593 2674 virtutem
3632 2617 3746 2687 ejus

2161 2729 2535 2785 agnoscamus,
2567 2729 2687 2785 qua:
2716 2714 2804 2768 illa
2833 2713 3079 2784 praedixit
3104 2723 3263 2784 atque
3292 2709 3552 2782 perfecit,
3592 2717 3748 2780 atque

2164 2805 2366 2862 inimici
2394 2805 2608 2878 quidem
2635 2822 2699 2861 ex
2733 2805 2929 2860 nostris
2968 2803 3123 2860 bonis
3165 2803 3456 2873 potentiam
3487 2800 3628 2855 illius
3665 2800 3748 2855 in-

2166 2900 2423 2971 telligant,
2452 2915 2553 2956 nos
2581 2911 2759 2955 autem
2787 2914 2851 2955 ex
2879 2898 3139 2970 supplicio
3177 2897 3244 2953 de
3272 2897 3377 2952 illis
3404 2904 3618 2967 sumpto
3648 2895 3749 2950 im-

2169 3009 2409 3049 mensam
2431 2993 2548 3064 ejus
2572 2992 2954 3064 benignitatem
2980 3006 3042 3048 ac
3067 2991 3356 3061 potentiam
3383 3001 3750 3060 agnoscamus,

2170 3102 2270 3144 nec
2295 3101 2526 3158 unquam
2557 3085 2701 3141 illum
2740 3084 3039 3156 glorificare
3067 3081 3372 3138 desinamus
3393 3123 3407 3147 ,
3440 3088 3499 3135 ut
3524 3087 3579 3134 et
3602 3093 3748 3134 sem-

2171 3179 2378 3251 piterna
2405 3190 2566 3250 atque
2596 3176 2879 3234 ineffabilia
2904 3176 3043 3231 bona
3069 3188 3479 3245 consequamur,
3505 3170 3673 3242 gratia
3701 3179 3756 3224 et

2174 3271 2498 3342 benignitate
2521 3269 2728 3325 Domini
2761 3267 2929 3322 nostri
2954 3265 3080 3322 Jesu
3099 3265 3319 3329 Christi,
3339 3279 3458 3318 cum
3484 3276 3590 3333 quo
3614 3260 3753 3315 l'atri

2173 3363 2372 3434 gloria,
2401 3375 2505 3416 una
2533 3375 2655 3415 cum
2685 3366 2872 3413 sancto
2899 3365 2954 3411 et
2980 3355 3192 3424 vivifico
3217 3353 3415 3424 Spiritu
3437 3394 3451 3421 ,
3501 3351 3672 3406 honor
3703 3359 3759 3404 et

2179 3452 2484 3522 imperium,
2515 3465 2657 3506 nunc
2684 3458 2739 3506 et
2767 3461 3012 3518 semper,
3040 3455 3094 3502 et
3121 3445 3175 3500 in
3201 3443 3393 3500 saecula
3421 3440 3756 3497 saeculorum.

2178 3546 2363 3600 Amen.
