4096 6222
379 335 470 392 Ml

377 450 625 520 Ἐγένετο
664 447 763 522 μὲν
802 448 910 520 γὰρ
943 449 1004 502 τὸ
1038 445 1178 520 αἷμα
1203 448 1367 503 αὐτοῦ
1394 450 1480 502 ἐπ’
1510 449 1706 513 αὐτοὺς
1730 449 1824 504 καὶ
1853 449 1946 503 ἐπὶ

365 535 434 591 τὰ
465 534 632 588 τέκνα
669 532 881 588 αὐτῶν·
911 533 1003 586 ἐττί⁵
1037 532 1106 587 τὰ
1149 533 1316 587 τέκνα
1353 533 1410 586 δὲ
1443 533 1564 604 οὐχὶ
1596 532 1794 597 πάντα,
1831 532 1945 586 ἀλλ’

365 617 452 670 ἐπ’
475 617 659 670 ἐκεῖνα
692 615 852 687 μόνον
880 614 949 669 τὰ
986 614 1342 686 μιμησάμενα
1385 614 1482 686 τὴν
1511 616 1783 688 πατρικὴν
1821 613 1946 668 ἀσέ-

366 701 517 754 ϐειαν
561 700 659 752 καὶ
689 699 1057 771 παρανομίαν,
1085 699 1180 752 καὶ
1210 700 1322 753 ὅσοι
1353 694 1493 770 ἦσαν
1521 700 1702 762 αὐτοῖς
1736 697 1840 751 υίοί
1883 697 1944 751 οὑ

365 781 506 836 κατά
533 782 634 853 τὴν
665 781 767 852 τῆς
805 780 1020 851 φύσεως
1062 781 1333 853 διαδοχὴν,
1375 781 1511 836 ἀλλά
1542 781 1683 835 κατά
1723 780 1819 852 τὴν
1847 780 1946 850 τῆς

368 865 743 934 προαιρέσεως
775 865 994 934 μανίαν,
1023 855 1168 917 οὗτοι
1207 864 1356 936 μόνοι
1395 864 1681 934 γεγόνασιν
1710 861 1945 917 ὑπεύθυ-

366 965 448 1002 νοι
470 965 578 1000 των
609 963 817 1002 κακων.

438 1030 639 1083 Σκόπει
675 1028 732 1082 δέ
785 1045 876 1100 μοι
929 1029 1022 1082 καὶ
1060 1029 1322 1100 ἑτέρωθεν
1365 1030 1463 1101 τὴν
1513 1028 1821 1100 ἀγαθότητα
1850 1031 1944 1084 καὶ

365 1112 778 1184 φιλανθρωπίαν
818 1112 911 1165 τοῦ
958 1111 1115 1168 Θεοῦ.
1155 1113 1229 1166 Οὐ
1276 1111 1384 1184 γὰρ
1420 1112 1621 1176 εὐθέως
1663 1114 1943 1183 ἐπήγαγεν

363 1196 452 1249 ἐπ’
473 1196 668 1258 αὐτοὺς
695 1193 792 1265 τὴν
827 1194 1048 1247 κόλασιν
1074 1195 1168 1247 καὶ
1197 1193 1296 1266 τὴν
1325 1194 1614 1265 τιμωρίαν,
1648 1195 1783 1249 ἀλλὰ
1824 1213 1944 1248 τεσ-

366 1279 674 1350 σαράκοντα
705 1277 797 1331 καὶ
818 1275 1034 1330 πλείονα
1055 1277 1148 1348 ἐτη
1178 1276 1378 1329 διέλιπε
1416 1277 1552 1346 μετά
1575 1277 1665 1330 τὸν
1689 1278 1937 1349 σταυρόν.

365 1363 536 1425 Αὐτὸς
585 1361 683 1433 μὲν
727 1359 833 1432 γὰρ
872 1361 900 1413 ὁ
926 1358 1116 1432 Σωτὴρ
1168 1361 1260 1412 ἐπὶ
1305 1360 1555 1433 Τιϐερίου
1598 1361 1937 1435 ἐσταυρώθη·

363 1449 396 1517 ἡ
427 1446 483 1499 δὲ
517 1444 672 1507 πόλις
701 1443 879 1496 αὐτῶν
905 1443 999 1495 ἐπὶ
1028 1442 1434 1496 Οὐεσπασιανοῦ
1469 1444 1563 1496 καί
1588 1444 1747 1497 Τίτου
1779 1443 1940 1497 ἑάλω.

363 1528 523 1591 Τίνος
548 1522 640 1580 οῦν
662 1526 847 1580 ἕνεκεν
875 1524 966 1578 τὸν
988 1524 1124 1596 μετὰ
1158 1525 1332 1580 ταῦτα
1349 1525 1536 1580 τοῦτον
1563 1526 1751 1598 χρόνον
1786 1525 1945 1579 διέλι-

363 1630 468 1668 πεν
498 1629 514 1678 ;
539 1609 868 1682 Βουλόμενος
917 1611 1101 1674 αὐτοῖς
1136 1610 1321 1664 δοῦναι
1377 1611 1567 1682 καιρὸν
1623 1611 1940 1681 μετανοίας,

363 1695 506 1750 ὥστε
547 1692 920 1748 ἀποδύσασθαι
961 1693 1033 1747 τά
1069 1693 1576 1765 πεπλημμελημένα
1596 1735 1611 1760 ,
1641 1693 1780 1747 ὥστε
1810 1696 1944 1747 ἀπο-

365 1778 695 1851 κρούσασθαι
715 1777 783 1831 τά
801 1777 1141 1848 ἐγκλήματα.
1159 1777 1378 1847 Ἐπειδὴ
1406 1776 1463 1829 δὲ
1494 1777 1584 1830 καὶ
1608 1775 1943 1848 προθεσμίαν

369 1862 657 1934 μετανοίας
687 1861 942 1924 λαϐόντες
967 1861 1157 1931 ἔμενον
1187 1861 1421 1923 ἀνιάτως
1442 1858 1676 1930 ἔχοντες,
1699 1859 1943 1930 ἐπήγαγε

361 1943 552 1998 λοιπὸν
582 1945 764 2004 αὐτοῖς
795 1943 890 2015 τὴν
928 1943 1150 1997 κόλασιν
1183 1942 1277 1996 καὶ
1297 1942 1395 2013 τὴν
1416 1942 1705 2012 τιμωρίαν,
1734 1942 1828 1996 καὶ
1845 1942 1944 2013 τὴν

363 2029 520 2082 πόλιν
541 2027 783 2082 καθελὼν
805 2027 1071 2098 ἐξήγαγεν
1100 2027 1294 2089 αὐτοὺς
1325 2025 1642 2097 διασπείρας
1669 2025 1943 2097 πανταχοῦ

364 2114 465 2183 τῆς
491 2111 844 2182 οἰκουμένης,
880 2111 975 2164 καὶ
1001 2109 1158 2163 τοῦτο
1189 2107 1276 2162 διά
1315 2109 1723 2181 φιλανθρωπίαν
1753 2110 1946 2167 ποιῶν.

361 2197 650 2268 Διέσπειρε
685 2196 792 2265 γὰρ
823 2195 1039 2257 αὐτοὺς,
1079 2195 1166 2247 ἵνα
1193 2192 1468 2263 πανταχοῦ
1500 2195 1597 2264 τῆς
1622 2195 1947 2265 οἰκουμένης

361 2277 842 2350 προσκυνούμενον
887 2276 1043 2329 ίδωσι
1067 2275 1157 2329 τὸν
1206 2275 1297 2328 ὑπ’
1341 2274 1522 2328 αὐτῶν
1565 2275 1946 2348 σταυρωθέντα

358 2360 636 2431 Χριστὸν,
680 2359 769 2411 ἵνα
819 2356 1054 2428 ὁρῶντες
1102 2357 1268 2411 αὐτὸν
1318 2358 1788 2428 προσκυνούμενον
1842 2358 1947 2412 ὑπὸ

358 2443 590 2496 πάντων
633 2441 730 2495 καὶ
777 2439 1038 2510 μαθόντες
1079 2439 1242 2493 αὐτοῦ
1286 2439 1384 2511 τὴν
1411 2439 1658 2510 δύναμιν,
1682 2441 1946 2510 ἐπιγνῶσι

356 2524 470 2595 τῆς
503 2522 710 2586 οἰκείας
749 2522 1002 2585 ἀσεϐείας
1033 2522 1132 2592 τὴν
1161 2522 1485 2594 ὑπερϐολὴν,
1512 2524 1605 2575 καὶ
1637 2523 1946 2592 ἐπιγνόντες

357 2606 706 2660 ἐπανέλθωσι
733 2605 869 2675 πρὸς
891 2607 990 2676 τὴν
1013 2604 1287 2675 ἀλήθειαν.
1317 2606 1427 2658 Καὶ
1448 2603 1631 2658 λοιπὸν
1671 2607 1703 2677 ἡ
1741 2607 1944 2678 αἰχμα-

353 2689 537 2742 λωσία
565 2687 750 2751 αὐτοῖς
781 2686 1095 2742 διδασκαλία
1123 2687 1350 2755 ἐγίνετο,
1371 2688 1465 2740 καὶ
1494 2690 1526 2758 ἡ
1557 2689 1796 2758 τιμωρία
1824 2707 1945 2744 νου-

357 2771 556 2826 Casia'
591 2771 640 2822 εἰ
667 2770 774 2842 γὰρ
814 2769 1005 2842 ἔμενον
1037 2771 1128 2824 ἐπί
1161 2771 1261 2841 τῆς
1299 2771 1557 2838 Ἰουδαίας
1575 2773 1706 2843 γῆς,
1752 2773 1848 2826 οὐκ
1877 2773 1944 2828 ἂν

362 2855 610 2923 ἔγνωσαν
657 2854 764 2907 τῶν
794 2854 1090 2926 προφητῶν
1132 2855 1232 2926 τὴν
1263 2854 1541 2925 ἀλήθειαν.
1576 2855 1642 2908 Τί
1688 2855 1796 2927 γὰρ
1849 2858 1945 2910 καὶ

357 2940 550 3006 ἔλεγον
573 2939 622 2991 οί
653 2938 927 3008 προφῆται
954 2956 968 3004 ;
994 2939 1248 3006 Αίτησαι
1276 2940 1412 3006 παρ’
1439 2937 1604 3006 ἐμοῦ,
1629 2937 1726 2990 καὶ
1773 2937 1944 2992 δώσω

357 3039 466 3076 σοι
485 3020 629 3088 ἔθνη
657 3020 771 3088 τὴν
790 3021 1202 3089 κληρονομίαν
1229 3035 1366 3084 σου,
1389 3018 1486 3074 καί
1516 3019 1631 3087 τὴν
1656 3019 1946 3090 κατάσχε-

357 3105 474 3157 σίν
487 3118 604 3158 σου
621 3104 693 3157 τὰ
722 3101 948 3171 πέρατα
972 3102 1080 3171 τῆς
1111 3101 1243 3172 γῆς.
1265 3101 1411 3155 Ἔδει
1433 3101 1611 3156 τοίνυν
1633 3102 1829 3166 αὐτοὺς
1856 3103 1943 3170 ἐξο

357 3186 543 3240 ελθεῖν
589 3188 668 3249 εἰς
715 3184 785 3238 τὰ
836 3185 1046 3257 πέρατα
1077 3185 1175 3255 τῆς
1198 3185 1323 3254 γῆς,
1365 3185 1453 3238 ἵνα
1494 3183 1674 3238 ἴδωσιν
1729 3185 1948 3249 οἰκείοις

354 3267 688 3339 ὀφθαλμοῖς,
710 3268 792 3322 ὅτι
816 3269 910 3322 καὶ
936 3268 1006 3321 τὰ
1033 3268 1246 3340 πέρατα
1276 3268 1374 3338 τῆς
1401 3266 1506 3336 γῆς
1535 3267 1751 3336 κατέχει
1777 3267 1806 3318 ὁ
1825 3268 1948 3338 Χρι-

361 3351 519 3414 στός.
545 3350 713 3404 Πάλιν
737 3346 830 3405 οὖν
856 3350 1043 3421 ἔτερος
1085 3350 1367 3422 προφήτης
1390 3349 1536 3417 λέγει
1576 3366 1588 3378 ·
1615 3350 1724 3403 Kal
1757 3362 1942 3418 προσ-

359 3433 754 3500 κυνήσουσιν
795 3434 956 3501 αὐτῷ
980 3435 1236 3501 ἕκαστος
1266 3435 1334 3487 ἐκ
1366 3433 1470 3487 τοῦ
1503 3435 1691 3487 τόπου
1732 3433 1938 3488 αὑτοῦ.

362 3517 524 3574 Ἔδει
554 3519 730 3572 τοίνυν
773 3519 968 3582 αὐτοὺς
1005 3520 1084 3581 εἰς
1124 3517 1336 3572 ἅπαντα
1379 3516 1745 3588 διασπαρῆναι
1782 3517 1944 3572 τόπον

1012 341 1150 398 CUR
1190 343 1258 398 ΙΝ
1302 341 1590 402 PENTEC.
1629 345 1829 412 ACTA,
1865 344 2018 402 ETC.
2061 345 2127 402 ΙΝ
2170 343 2453 402 PRINCIP.
2493 343 2853 403 ACTORUM.
2890 345 2978 400 IV.

3507 343 3625 398 “2'

2047 448 2145 518 τῆς
2171 448 2298 518 γῆς,
2323 448 2408 500 ἵνα
2449 448 2629 504 ἴδωσιν
2658 447 2880 511 οἰκείοις
2899 447 3140 518 ὄμμασιν
3170 445 3398 501 ἕκαστον
3431 447 3496 502 ἐκ
3525 448 3624 504 τοῦ

2047 531 2212 582 τόπου
2240 530 2403 584 αὐτοῦ
2426 531 2836 603 προσκυνοῦντα
2867 530 3047 583 αὐτόν.
3081 529 3249 583 Πάλιν
3267 530 3425 594 ἄλλος
3462 526 3584 586 εἰπε
3602 549 3616 563 ·

2045 613 2471 680 Πλησθήσεται
2515 616 2553 682 ἡ
2588 614 2663 683 γῆ
2717 613 2822 666 τοῦ
2859 611 3080 682 γνῶναι.
3122 612 3228 666 τὸν
3263 613 3502 680 Κύριον,
3541 613 3624 681 ὡς

2045 694 2202 763 ὕδωρ
2249 696 2407 750 πολὺ
2451 697 2871 765 κατακαλύψαι
2907 694 3243 762 θαλάσσας.
3273 696 3417 748 Ἔδει
3441 696 3620 751 τοίνυν

2046 776 2160 849 [96]
2181 779 2377 842 αὐτοὺς
2403 780 2482 843 εἰς
2511 779 2728 833 ἃπασαν
2755 779 2852 850 τὴν
2876 780 2979 849 γῆν
3008 779 3285 841 ἀπελθεῖν,
3320 779 3458 833 ὥστε
3493 781 3620 835 ἰδεῖν

2047 861 2214 932 αὐτὴν
2263 862 2701 934 πεπληρωμένην
2743 863 2835 916 τοῦ
2871 863 3075 931 γνῶναι
3118 863 3210 917 τὸν
3261 865 3494 938 Κύριον,
3527 867 3621 920 καὶ

2045 943 2144 1007 τάς
2205 944 2500 1010 θαλάσσας,
2534 946 2777 999 τουτέστι
2833 946 2932 1011 τὰς
2987 946 3364 1018 πνευματικὰς
3418 948 3622 1014 ταύτας

2058 1027 2401 1098 Ἐκκλησίας,
2433 1028 2532 1098 τῆς
2561 1027 2864 1091 θεοσεϐείας
2896 1030 3345 1101 μεμεστωμένας.
3371 1030 3470 1084 Διά
3492 1031 3621 1086 ταῦ-

2043 1127 2112 1163 τα
2159 1112 2465 1183 διέσπειρεν
2515 1111 2713 1175 αὐτοὺς
2743 1114 2770 1165 ό
2798 1112 2930 1174 Θεὸς
2973 1112 3247 1182 πανταχοῦ
3291 1115 3390 1183 τῆς
3421 1114 3619 1184 γῆςοεί

2045 1191 2153 1264 γὰρ
2178 1193 2234 1246 ἐν
2271 1193 2498 1264 Ἰουδαίᾳ
2521 1193 2808 1264 ἐκάθηντο,
2829 1191 3000 1246 ταῦτα
3027 1194 3092 1246 ἂν
3118 1193 3618 1264 ἡγνόησαν.Λοιπὸν

2047 1276 2291 1345 βούλεται
2312 1278 2506 1341 αὐτοὺς
2540 1279 2632 1330 καὶ
2655 1279 2754 1348 τῆς
2791 1277 2898 1331 τῶν
2923 1276 3215 1347 προφητῶν
3237 1275 3496 1348 ἀληθείας
3527 1277 3635 1334 καὶ,

2042 1360 2142 1430 τῆς
2173 1359 2336 1413 αὐτοῦ
2366 1361 2646 1431 δυνάμεως
2672 1361 2862 1425 αὑταῖς
2892 1360 3046 1430 ὂψεσι
3075 1359 3171 1432 τὴν
3195 1363 3388 1430 πεῖραν
3415 1361 3622 1416 λαϐεῖν⁴

2044 1443 2130 1495 ἵνα
2155 1443 2250 1496 ἐὰν
2285 1443 2384 1514 μὲν
2410 1443 2818 1514 εὐγνωμονῶσι,
2834 1443 2922 1496 διὰ
2945 1441 3146 1496 τούτων
3171 1445 3630 1515 χειραγωγηθῶσι-

2045 1525 2180 1594 πρὸς
2221 1526 2319 1596 τὴν
2373 1526 2664 1596 ἀλήθειαν·
2697 1526 2762 1580 ἂν
2800 1527 2856 1580 δὲ
2910 1524 3208 1594 ἐπιμένωσι
3259 1529 3324 1597 τῇ
3377 1526 3619 1599 ἀσεϐείᾳ,

2050 1608 2318 1679 μηδεμίαν
2347 1608 2544 1680 ἔχωσιν
2587 1609 2881 1678 ἀπολογίαν
2929 1612 2986 1663 ἐν
3022 1612 3090 1680 τῇ
3125 1609 3332 1681 φοϐερᾷ
3362 1611 3464 1680 τῆς
3496 1611 3621 1684 κρί-

2049 1707 2186 1753 σεως
2235 1691 2436 1762 ἡμέρᾳ.
2466 1693 2565 1746 Διά
2592 1691 2748 1746 τοῦτο
2775 1693 3082 1762 διέσπειρεν
3120 1693 3317 1755 αὐτοὺς
3343 1695 3620 1765 πανταχοῦ

2046 1772 2142 1840 τῆς
2180 1769 2522 1845 οἰκουμένης,
2547 1775 2634 1828 ἵνα
2667 1775 2759 1828 καὶ
2786 1776 2944 1846 ἡμεῖς
2969 1776 3035 1828 ἐκ
3059 1774 3245 1828 τούτου
3276 1775 3622 1848 κερδάνωμέν

2047 1874 2122 1920 τι,
2158 1859 2434 1912 τουτέστιν
2469 1859 2684 1924 ἐκείνας
2730 1859 2828 1923 τὰς
2875 1861 3207 1932 προρρήσεις
3251 1859 3484 1930 ὁρῶντες
3517 1862 3625 1939 κτὰς

2049 1940 2177 2010 περὶ
2203 1941 2303 2011 τῆς
2336 1941 2635 2014 διασπορᾶς
2659 1943 2835 1996 αὐτῶν
2868 1943 3181 2014 εἰρημένας,
3215 1942 3314 2007 τὰς
3359 1943 3487 2016 περὶ
3524 1944 3624 2014 τῆς

2049 2021 2298 2087 ἁλώσεως
2318 2023 2426 2077 τῶν
2459 2023 2862 2096 Ἰεροσολύμων,
2893 2024 2958 2090 εις
2985 2026 3078 2078 καὶ
3107 2027 3136 2079 ὁ
3167 2025 3364 2096 Δανιὴλ
3391 2026 3483 2080 τοῦ
3507 2025 3624 2096 βδε-

2048 2106 2324 2178 λύγματος
2361 2110 2458 2178 τῆς
2486 2107 2818 2180 ἐρημώσεως
2843 2109 3121 2179 μνησθεὶς,
3149 2107 3244 2161 καὶ
3283 2109 3311 2161 ὁ
3339 2109 3626 2180 Μαλαχίας

2049 2189 2238 2256 εἰπὼν,
2260 2191 2386 2244 Ὅτι
2419 2190 2516 2244 καί
2545 2191 2615 2245 ἐν
2637 2190 2779 2261 ὑμῖν
2807 2188 3388 2261 συγκλεισθήσονται
3413 2192 3619 2255 πύλαι,

2050 2272 2144 2328 καὶ
2164 2276 2192 2328 ὁ
2227 2275 2392 2328 Δαυῖδ
2420 2275 2515 2328 καὶ
2535 2277 2564 2328 ὁ
2595 2275 2820 2338 Ἡσαΐας
2849 2276 2944 2328 καὶ
2978 2274 3159 2345 ἕτεροι
3196 2272 3380 2325 πολλοί
3409 2273 3623 2345 προφῆ-

2049 2373 2138 2409 ται
2174 2356 2301 2428 περί
2341 2357 2547 2412 τούτων
2577 2355 3037 2428 προανεφώνησαν
3061 2398 3076 2422 ,
3106 2356 3194 2410 ἵνα
3223 2355 3456 2426 ὁρῶντες
3495 2355 3623 2420 τοὺς

2051 2440 2178 2509 περὶ
2227 2439 2316 2492 τὸν
2365 2440 2640 2512 Δεσπότην
2671 2438 2993 2510 ἀγνώμονας
3039 2438 3436 2508 γεγενημένους
3479 2436 3628 2492 οὕτω

2049 2520 2464 2592 κολαζομένους,
2487 2522 2912 2595 ἐκπεπτωκότας
2935 2521 3034 2592 τῆς
3058 2521 3370 2592 ἐλευθερίας
3401 2521 3499 2592 τῆς
3525 2537 3622 2574 πα-

2047 2608 2241 2678 τρικῆς
2269 2605 2493 2660 καὶτῶν
2523 2606 2735 2661 οἰκείων
2762 2605 3017 2660 ἁπάντων
3052 2605 3269 2676 θεσμῶν
3295 2621 3354 2657 τε
3384 2605 3479 2657 καὶ
3518 2621 3623 2658 πα-

2046 2688 2252 2761 τρικῶν
2298 2689 2701 2760 παραδόσεων,,
2731 2688 2989 2760 μάθωμεν
3036 2687 3200 2742 αὐτοῦ
3234 2687 3332 2759 τὴν
3390 2685 3620 2758 δύναμιν

2047 2773 2146 2843 τὴν
2185 2772 2552 2842 προειποῦσαν
2593 2772 2732 2825 αῦτά
2761 2772 2856 2827 καὶ
2886 2771 3286 2843 ἐργασαμένην,
3314 2770 3407 2824 καὶ
3437 2771 3484 2824 οἰ
3521 2769 3622 2841 μὲν

2050 2856 2232 2928 ἐχθροί
2265 2855 2354 2909 διὰ
2387 2856 2494 2910 τῶν
2532 2855 2818 2927 ἡμετέρων
2853 2855 3074 2925 ἀγαθῶν
3105 2855 3286 2910 ἴδωσιν
3327 2855 3489 2908 αὐτοῦ
3520 2855 3622 2926 τὴν

2051 2939 2203 3010 ἰσχύν
2222 2956 2238 2971 ο
2271 2940 2430 3009 ἡμεῖς
2454 2939 2510 2992 δὲ
2541 2939 2629 2993 διὰ
2675 2941 2782 2993 τῶν
2808 2941 2890 3003 εἰς
2930 2939 3170 3004 ἐκείνους
3198 2939 3478 3011 τιμωριῶν
3518 2940 3623 3010 μά-

2051 3023 2232 3094 θωμεν
2269 3021 2433 3075 αὐτοῦ
2462 3022 2561 3094 τὴν
2585 3022 2790 3091 ἄφατον
2821 3023 3228 3094 φιλανθρωπίαν
3255 3023 3348 3076 καὶ
3369 3022 3623 3092 δύναμιν,

2051 3106 2147 3159 καὶ
2183 3105 2270 3158 διὰ
2297 3104 2496 3168 παντὸς
2541 3103 2853 3169 δοξάζοντες
2885 3105 3047 3158 αὐτὸν
3089 3105 3440 3176 διατελῶμεν,
3471 3105 3622 3168 ὅπως

2045 3189 2138 3241 καὶ
2156 3186 2265 3240 τῶν
2289 3187 2520 3240 αἰωνίων
2541 3187 2632 3240 καὶ
2653 3187 2980 3259 ἀπορρήτων
3008 3187 3226 3256 ἀγαθῶν
3250 3187 3618 3260 ἐπιτύχωμεν.

2046 3271 2228 3341 χάριτι
2274 3270 2368 3322 καὶ
2421 3269 2801 3341 φιλανθρωπίᾳ
2843 3269 2937 3323 τοῦ
2987 3268 3193 3342 Κυρίου
3240 3269 3398 3340 ἡμῶν
3438 3269 3614 3341 Ἰησοῦ

2049 3351 2307 3425 Χριστοῦ,
2333 3351 2451 3423 μεθ’
2487 3346 2548 3407 οῦ
2592 3352 2669 3423 τῷ
2711 3353 2884 3424 Πατρί
2921 3352 3037 3423 ἅμα
3076 3351 3153 3423 τῷ
3188 3353 3325 3424 ἀγίῳ
3355 3351 3448 3406 καί⁸
3484 3352 3620 3417 ζωο-

2051 3437 2190 3507 ποιῷ
2213 3436 2490 3509 Πνεῦματι
2521 3437 2652 3508 τιμὴ
2681 3440 2775 3492 καὶ
2802 3437 3022 3508 κράτος,
3040 3435 3135 3492 νῦν
3168 3438 3258 3493 καὶ
3291 3438 3400 3504 ἀεὶ,
3427 3437 3521 3492 καὶ
3539 3437 3621 3502 είς

2049 3520 2174 3584 τοῦς
2211 3519 2409 3586 αἰῶνας
2447 3520 2552 3574 τῶν
2575 3519 2803 3577 αἰώνων.
2853 3522 3042 3592 Ἀμήν.
