4096 6222
456 321 557 377 113
1157 324 1213 378 S.
1255 323 1541 381 JOANNIS
1575 325 2064 385 CHRYSOSTOMI
2107 329 2420 387 AhCHlEP.
2463 329 3004 388 CONSTANTINOP.
3587 330 3688 386 ιη

967 861 1316 922 MONITUM
1361 864 1458 922 AD
1494 865 1867 926 IIOMILIAM
1915 867 1991 927 IN
2046 868 2299 942 ILLUD,
2347 868 2634 928 SAULUS
2673 869 2958 942 AUTEM,
3004 887 3174 943 ETC.,

523 1132 650 1188 Haec
680 1130 1033 1187 concionatus
1062 1139 1145 1187 est
1189 1131 1614 1205 Chrysoslomus
1663 1146 1784 1206 post
1827 1144 2077 1206 quartam
2127 1135 2370 1190 habitam
2413 1135 2466 1191 in
2511 1136 2924 1207 inscriptionem
2964 1137 3224 1194 Actorum
3277 1141 3577 1201 homiliam.
3631 1143 3686 1200 ια

451 1242 583 1284 vcro
603 1227 772 1296 liquet
795 1241 858 1280 ex
894 1225 960 1279 iis
991 1241 1110 1295 qure
1137 1242 1286 1280 num.
1321 1228 1353 1280 5
1375 1229 1671 1284 dicuntur:
1706 1229 1798 1283 ubi
1840 1231 2002 1282 etiam
2035 1229 2198 1299 hujus
2250 1229 2530 1284 concionis
2576 1238 2954 1300 argumentum
3003 1231 3308 1288 declaratur
3357 1235 3440 1289 his
3468 1235 3643 1291 verbis
3672 1255 3685 1292 :

458 1322 646 1378 Totum
672 1325 836 1394 igitur
871 1323 1102 1378 debitum
1136 1325 1494 1396 inscriptionis
1533 1326 1674 1381 vobis
1719 1325 2086 1396 persolvimus,
2132 1327 2514 1397 inscriptionis,
2562 1327 2806 1396 inquam,
2853 1325 3106 1380 Actorum
3153 1327 3687 1398 apostolicorum:ut

453 1417 618 1486 igitur
646 1417 858 1470 initium
885 1415 1007 1468 libri
1037 1417 1436 1486 attingeremus,
1471 1419 1600 1471 ordo
1626 1419 1888 1490 exigebat,
1927 1435 1990 1472 ac
2025 1416 2350 1484 doceremus,
2387 1417 2513 1488 quid
2547 1419 2644 1471 hoc
2688 1420 2790 1472 sibi
2824 1421 2943 1474 relit
2977 1433 2998 1474 :
3038 1418 3276 1474 Primum
3307 1419 3525 1489 quidem
3574 1436 3690 1476 scr-

455 1527 668 1568 monem
700 1511 930 1567 fecimus
959 1511 1028 1566 de
1056 1513 1334 1579 omnibus,
1363 1528 1396 1568 ο
1422 1513 1742 1584 Theophile,
1775 1529 1896 1585 quae
1922 1515 2088 1584 cepit
2117 1511 2278 1570 Jesus
2307 1514 2486 1571 facere
2514 1530 2580 1570 ac
2607 1516 2821 1572 docere.
2859 1517 3226 1572 Verumtamen
3255 1532 3359 1570 non
3393 1518 3518 1571 sinit
3547 1515 3690 1572 Pan.

454 1610 557 1672 lus,
591 1619 645 1660 ut
675 1607 808 1660 hanc
832 1606 1016 1661 seriem
1048 1605 1252 1659 ordinis
1287 1622 1498 1677 sequar,
1529 1605 1618 1660 sed
1653 1605 1736 1674 ad,
1757 1622 1812 1661 se
1851 1621 2048 1677 suaque
2087 1615 2223 1660 recte
2265 1607 2408 1676 facta
2449 1607 2685 1677 linguam
2721 1617 2959 1662 nostram
3000 1609 3209 1663 invitat.
3256 1609 3423 1679 Cupio
3469 1625 3692 1678 namque

454 1704 626 1758 videre
653 1699 804 1754 illum
841 1699 1201 1752 introductum
1243 1696 1588 1761 Damascum,
1623 1713 1727 1750 non
1763 1698 1934 1766 ferrea
1967 1709 2176 1764 catena,
2211 1699 2301 1751 sed
2342 1697 2618 1751 Dominica
2650 1714 2770 1752 voce
2798 1699 3048 1753 vinctum.
3088 1698 3187 1752 Hic
3228 1698 3378 1753 vides
3426 1707 3548 1768 post
3583 1699 3692 1754 Ho-

457 1794 635 1847 milias
671 1794 723 1845 in
756 1791 1083 1860 principium
1115 1791 1376 1844 Actorum
1405 1789 1710 1844 institutam
1740 1792 2064 1845 concionem
2091 1806 2106 1842 :
2139 1791 2291 1846 vides
2319 1791 2446 1846 item
2477 1789 2598 1860 ejus
2636 1799 3041 1861 argumentum.
3087 1788 3334 1844 Habitam
3378 1791 3504 1845 item
3551 1791 3690 1846 hanc

454 1886 521 1943 de
567 1903 674 1958 qua
706 1902 850 1942 nunc
871 1887 1104 1956 agimus,
1143 1893 1433 1954 antequam
1467 1895 1679 1956 tempus
1702 1886 1956 1956 paschale
1984 1885 2331 1951 dilaberetur,
2365 1895 2548 1958 aperte
2585 1895 2772 1942 narrat
2801 1902 2951 1941 num.
2984 1887 3018 1941 4
3046 1905 3058 1941 :
3105 1885 3247 1939 Nam
3278 1887 3344 1950 si,
3374 1887 3498 1939 dum
3522 1885 3690 1940 solam

455 1980 622 2042 vobis,
658 1979 754 2045 ait,
778 1981 1169 2050 inscriptionem
1201 1979 1422 2050 legimus
1469 1989 1517 2034 et
1572 1995 1901 2043 enarramus,
1929 1981 2208 2035 dimidium
2244 1979 2591 2034 solemnitatis
2621 1979 3059 2047 consumpsimus,
3090 1979 3136 2033 si
3168 1979 3232 2032 ab
3279 1982 3492 2035 exordio
3541 1983 3690 2036 initio

458 2072 602 2141 facto
635 2072 690 2125 in
717 2071 887 2141 ipsum
914 2071 1038 2126 libri
1075 2071 1289 2142 pelagus
1327 2072 1621 2126 orationem
1653 2074 1936 2128 immittere
1975 2074 2308 2144 coepissemus
2335 2111 2350 2136 ,
2379 2080 2635 2142 quantum
2656 2113 2671 2136 ,
2701 2087 2907 2141 quaeso,
2949 2072 3197 2142 temporis
3231 2072 3688 2141 impendissemus,

455 2173 513 2218 ut
543 2163 612 2216 ad
646 2161 765 2216 illas
795 2162 859 2216 de
891 2162 1062 2218 Paulo
1085 2163 1420 2218 narrationes
1443 2164 1872 2231 perveniremus?
1897 2163 1961 2218 Et
1988 2174 2177 2235 postea
2218 2178 2447 2218 numero
2491 2163 2682 2233 quinto
2715 2177 2824 2219 non
2861 2163 3093 2219 obscure
3123 2163 3391 2236 signiﬁcat
3421 2165 3565 2221 illam
3594 2168 3694 2222 bo-

457 2252 828 2322 miliam,qua:
872 2252 1018 2307 nulla
1048 2251 1368 2309 intermedia
1417 2262 1790 2323 praecesserat,
1842 2269 1964 2310 esse
2004 2264 2256 2326 quartam
2301 2255 2355 2309 in
2393 2253 2724 2325 principium
2768 2254 3050 2320 Actorum,
3090 2255 3144 2309 in
3176 2271 3283 2325 qua
3307 2257 3566 2326 queritur
3593 2257 3694 2313 cur

454 2347 588 2400 Acta
614 2343 1001 2413 Apostolorum
1032 2343 1084 2398 in
1107 2343 1430 2401 Pentecoste
1459 2343 1729 2415 legantur.
1755 2345 1854 2401 Hic
1885 2361 2120 2417 namque
2157 2354 2381 2403 sanctus
2424 2345 2616 2402 doctor
2658 2345 2785 2399 talia
2825 2344 2968 2400 fatur
3000 2363 3013 2400 :
3049 2344 3237 2400 Nonne
3272 2346 3325 2399 in
3351 2348 3524 2415 priore
3551 2347 3692 2403 vobis

456 2442 676 2497 collecta
704 2443 942 2500 dicebam
979 2461 1041 2498 ea
1083 2441 1368 2507 miracula,
1407 2457 1525 2510 qua:
1564 2457 1770 2494 crucem
1815 2449 1992 2496 secuta
2037 2451 2180 2509 sunt,
2212 2443 2278 2496 iis
2323 2442 2531 2512 majora
2581 2457 2697 2512 qua
2745 2442 2916 2509 ipsam
2963 2453 3335 2510 prwcesserant
3385 2443 3696 2501 exstitisse!

459 2531 648 2588 Nonne
675 2537 730 2590 id
763 2537 965 2590 ostendi
1001 2535 1141 2590 vobis
1168 2545 1218 2589 et
1248 2550 1314 2588 ea:
1347 2533 1619 2587 miraculis
1645 2541 1695 2587 et
1726 2549 1791 2587 ea:
1813 2534 2195 2605 discipulorum
2225 2534 2616 2597 benevolentia;
2645 2543 2693 2588 et
2723 2550 2824 2605 quo
2848 2543 3002 2603 pacto
3032 2543 3189 2588 antea
3222 2536 3428 2606 quidem
3456 2534 3692 2590 Christus

456 2627 718 2697 imperans
747 2640 978 2684 mortuos
1012 2631 1318 2696 suscitabat,
1344 2638 1520 2690 postea
1546 2647 1664 2685 vero
1697 2647 1968 2685 servorum
1999 2632 2112 2703 eius
2153 2632 2337 2685 umbra
2370 2633 2597 2701 idipsum
2621 2629 2947 2698 praestabat,
2980 2639 3086 2684 etc.
3119 2631 3248 2696 Quae
3280 2629 3464 2684 omnia
3495 2630 3694 2684 diserte

458 2729 752 2776 narrantur
779 2721 832 2776 in
867 2721 956 2776 illa
983 2731 1175 2792 quarta
1207 2719 1439 2774 Homilia
1487 2719 1541 2772 in
1589 2719 1912 2790 principium
1967 2719 2226 2776 Actorum
2271 2737 2421 2776 num.
2463 2722 2515 2775 τ.
2557 2720 2682 2777 Haec
2729 2721 2893 2793 igitur
2925 2721 3147 2776 homilia
3176 2730 3423 2792 quartam
3453 2721 3600 2775 illam
3633 2721 3686 2775 in

458 2813 783 2885 principium
817 2813 1076 2868 Actorum
1111 2812 1299 2882 procul
1329 2812 1496 2868 dubio
1525 2814 1788 2883 sequitur.
1832 2813 1937 2882 Qui
1970 2830 2100 2870 vero
2135 2813 2338 2869 fuerint
2381 2813 2456 2868 illi
2497 2813 2748 2886 πρόεδροι
2786 2813 2880 2884 qui
2929 2823 3040 2869 tum
3078 2815 3130 2868 in
3175 2815 3297 2880 bac,
3346 2822 3458 2869 tum
3508 2813 3562 2867 in
3609 2827 3695 2868 se-

456 2909 644 2978 quenti
672 2908 893 2964 homilia
924 2917 1319 2974 memorantur,
1355 2908 1412 2962 in
1444 2906 1565 2962 Vita
1594 2907 1970 2980 Chrysostomi
2001 2909 2070 2964 ad
2107 2909 2312 2965 calcem
2349 2907 2588 2978 Operum
2628 2909 2942 2964 adornanda
2983 2909 3338 2979 disquiretur.

532 2997 625 3054 Die
645 2999 962 3070 insequente
984 2999 1367 3068 posthabitam
1401 2997 1690 3056 Homiliam
1724 3001 1778 3056 in
1807 3001 1974 3066 illud,
2011 3001 2213 3056 Paulus
2245 3010 2419 3055 autem
2451 3001 2621 3056 adhuc
2643 3003 2853 3070 spirans
2885 3001 3180 3066 minarum,
3222 3011 3355 3067 etc.,
3393 3002 3537 3057 illam
3563 3017 3694 3058 con-

455 3095 672 3152 cionem
699 3094 910 3161 habuit,
943 3111 1063 3166 quae
1087 3096 1408 3152 inscribitur
1434 3095 1511 3151 De
1539 3098 1811 3152 nominum
1840 3098 2151 3152 mutatione.
2183 3096 2339 3164 Quod
2385 3107 2766 3168 argumentum
2794 3099 2883 3154 ille
2912 3099 2965 3154 in
2995 3100 3100 3154 line
3127 3099 3478 3168 praecedentis
3513 3099 3692 3154 homi-

416 3219 420 3222 ~
458 3189 544 3245 lia
574 3199 829 3262 cmperst,
857 3192 960 3246 hac
984 3191 1262 3261 proposita
1293 3192 1614 3262 quaestione,
1649 3207 1747 3248 cur
1793 3191 1984 3258 Paulo,
2045 3206 2144 3246 cur
2181 3191 2362 3258 Petro,
2404 3207 2504 3248 cur
2547 3193 2669 3248 aliis
2701 3193 2756 3248 in
2803 3190 2981 3249 Veteri
3032 3192 3378 3248 Testamento
3420 3198 3690 3246 mutatum

457 3299 655 3341 nomen
683 3286 867 3341 fuerit.
897 3285 954 3340 ld
991 3287 1135 3341 enim
1171 3287 1287 3356 ipse
1316 3295 1502 3342 narrat
1534 3302 1686 3342 num.
1713 3286 1769 3342 2.
1800 3285 1986 3358 Neque
2015 3288 2176 3350 enim,
2207 3288 2303 3353 ait,
2341 3287 2404 3341 de
2433 3288 2584 3341 rebus
2611 3287 2905 3341 trivialibus
2937 3288 3278 3358 quastionem
3318 3285 3562 3338 habemus
3596 3283 3693 3336 ho-

456 3376 561 3443 die,
586 3378 676 3432 sed
705 3377 769 3431 de
800 3393 874 3443 re,
905 3393 1019 3444 qua:
1045 3379 1197 3448 capit
1225 3378 1434 3449 quidem
1471 3379 1708 3434 hesterno
1738 3380 1822 3433 die
1844 3380 2085 3449 proponi,
2121 3395 2223 3432 non
2261 3380 2432 3448 potuit
2463 3387 2638 3433 autem
2675 3378 2872 3432 solutio
2908 3379 3210 3450 quarstionis
3248 3375 3451 3444 aﬂ'erri,
3483 3382 3694 3444 propter

458 3487 638 3525 eorum
667 3470 1076 3537 multitudinem,
1105 3487 1222 3540 qum
1244 3471 1456 3541 fuerant
1488 3471 1542 3524 in
1568 3472 1796 3525 medium
1823 3471 2055 3542 prolata.
2089 3471 2232 3537 Quid
2258 3471 2392 3523 illud
2411 3486 2567 3538 porro
2588 3471 2707 3524 est?
2731 3469 2808 3523 De
2827 3471 3094 3524 nominum
3116 3469 3444 3537 impositione
3471 3466 3691 3538 quaestio

459 3569 594 3625 erat,
619 3576 736 3628 qua:
777 3559 911 3614 Deus
943 3561 1144 3614 sanctis
1171 3563 1446 3630 imposuit.
1477 3562 1546 3616 Et
1578 3564 1903 3632 quibusdam
1934 3563 2267 3633 interpositis
2293 3580 2306 3614 :
2333 3561 2495 3614 Pauli
2521 3559 2780 3630 prwclara
2811 3562 3052 3630 facinora
3083 3576 3301 3614 narrare
3325 3560 3686 3628 cupiebamus,

450 3653 666 3723 jamque
691 3652 925 3706 historia:
957 3656 1300 3726 attigeramus
1337 3657 1652 3721 exordium;
1693 3667 1742 3710 et
1792 3658 1873 3712 his
1923 3659 2086 3712 verbis
2142 3665 2459 3725 conceptum
2498 3657 2711 3710 initium
2764 3657 3090 3712 narrationis
3119 3656 3447 3710 invenimus:
3490 3651 3692 3711 Saulus

1015 3880 1860 3890 —.———.—-...-_—_—.——__.._i,a__
1883 3884 1902 3889 -
1939 3883 2140 3888 --7#,—~
2173 3880 2484 3888 _—__———
2546 3877 3677 3889 -—-——-——————-——————.—

455 4232 670 4307 [97-98]
707 4235 1224 4304 Ἀναγνωσθείσης
1251 4231 1611 4300 περικοπῆς,
1649 4251 1666 4282 ι
1708 4231 1944 4296 Σαῦλος
1969 4230 2036 4283 δὲ
2067 4230 2155 4282 ἔτι
2182 4227 2455 4298 ἐμπνέων
2481 4225 2741 4294 ἀπειλῆς
2774 4226 2870 4280 καὶ
2905 4225 3115 4295 φόνου,
3159 4244 3176 4277 ι
3216 4224 3460 4279 πάντων
3493 4235 3680 4293 προσ·

503 4324 815 4378 δοκῶντων
851 4327 938 4390 εἰς
979 4322 1095 4391 τὴν
1141 4321 1340 4391 ἀρχὴν
1391 4321 1498 4374 τοῦ
1532 4325 1577 4374 θ’
1621 4320 1740 4375 τῶν
1782 4319 2069 4388 Πράξεων
2113 4319 2231 4384 τὴν
2262 4320 2505 4390 ὁμιλίαν
2539 4319 2946 4388 λεχθήσεσθαι
2969 4362 2982 4387 ,
3011 4318 3101 4373 ὅτι
3131 4316 3523 4385 ἀναστάσεως
3546 4318 3695 4372 ἀπό-

505 4421 691 4489 δειξις
719 4421 755 4488 ἡ
782 4421 1024 4475 Παύλου
1056 4417 1298 4486 κλῆσις.

503 4795 573 4851 α’.
610 4791 757 4867 Ἀρα
791 4794 963 4848 ταῦτα
994 4795 1242 4866 φορητὰ;
1271 4793 1380 4867 ἆρα
1409 4797 1582 4850 ταῦτα
1608 4797 1843 4868 ἀνεκτάῇ
1883 4798 2026 4852 Καθ’
2121 4815 2252 4863 πος·
2283 4798 2467 4852 ἀλλἐε
2485 4815 2569 4862 τις
2604 4797 2782 4867 ψυχὴν
2827 4793 3139 4868 ἀνθρώπου,
3177 4799 3271 4850 καὶ
3307 4797 3549 4850 διάθεσιν
3586 4797 3697 4868 ἔχει

431 4882 671 4952 ἑκάστην
704 4879 918 4951 ἡμέραν
938 4880 1070 4950 ἡμῖν
1103 4881 1137 4950 ἠ
1171 4877 1392 4945 σύναξις
1424 4881 1559 4953 πρὸς
1580 4881 1644 4933 τὸ
1678 4881 1896 4935 ἔλαττον
1929 4899 2024 4934 συο
2120 4881 2317 4952 ψυχῆς.
2348 4879 2539 4950 ιἲύχῖἴθις
2567 4878 2624 4931 δὲ
2640 4879 2984 4950 ἀνθρωπίνης
3020 4879 3172 4934 οὐδὲν
3207 4879 3348 4933 οὕτω
3377 4879 3699 4950 τεκμήριον,

433 4967 742 5022 στέλλεται·
771 4967 866 5018 καὶ
902 4964 1074 5035 μεστὴ
1109 4964 1267 5036 μὲνὴ
1318 4965 1471 5030 πόλις
1516 4965 1851 5035 ἀνθρώπων,
1893 4967 2024 5038 κενὴ
2123 4965 2199 5029 ὡς
2233 4964 2339 5018 τῶν
2378 4964 2538 5017 Θείων
2581 4963 2712 5034 ὲρᾷν
2741 4963 2965 5031 λογίωνο
3002 4962 3192 5034 ὥσπερ
3221 4963 3373 5017 οὐδὲν
3398 4962 3541 5015 οὕτω
3565 4979 3702 5032 κτη-

429 5053 489 5107 δὲ
517 5051 551 5120 ἡ
579 5047 842 5118 ἐκκλησία
891 5046 1192 5117 ἀνθρώπων
1212 5062 1226 5076 ⁸
1250 5049 1424 5118 μεστὴ
1459 5047 1558 5118 μὲν
1602 5049 1634 5118 ἠ
1686 5048 1882 5120 ἀγορὰ,
1928 5051 2024 5105 καὶ
2124 5047 2320 5111 νώδους
2351 5047 2446 5100 καὶ
2469 5045 2663 5114 ἀλόγου
2685 5047 2863 5117 ψυχῆς
2881 5048 3082 5118 δεῖγμα
3110 5048 3204 5101 καὶ
3231 5048 3473 5116 σημεῖον,
3495 5045 3571 5108 ὡς
3592 5044 3704 5098 τῶν

432 5135 658 5208 θέατρα,
690 5133 786 5186 καὶ
821 5130 1123 5202 περίπατος
1143 5147 1156 5160 ·
1189 5129 1396 5200 ἔρημος
1421 5130 1529 5186 6ὲὸ
1551 5128 1646 5182 τοῦ
1680 5129 1818 5183 Θεοῦ
1841 5126 2008 5196 οἷκοςο
2123 5129 2282 5183 θείων
2331 5131 2605 5200 ὑπερορᾷν
2631 5129 2850 5197 λογίων.
2880 5130 3068 5184 Βούλει
3113 5129 3332 5200 μαθεῖν,
3363 5129 3445 5180 ὅτι
3469 5129 3519 5181 οἱ
3553 5127 3701 5190 Θείις

433 5221 632 5290 μᾶλλον
653 5217 732 5282 δὲ,
761 5217 810 5270 εἰ
840 5215 945 5286 χρὴ
967 5213 1196 5285 τάληθὲς
1229 5213 1422 5277 εἰπεῖν,
1445 5213 1652 5284 ἔρημος
1677 5214 1829 5285 μὲνὴ
1861 5215 2014 5280 πόλις
2120 5215 2434 5286 ἀκροάσεως
2470 5214 2866 5286 ὑπερορῶντες,
2910 5215 3002 5268 καὶ
3040 5214 3100 5268 τὸ
3133 5209 3272 5266 εἶναι
3308 5212 3586 5284 ἄνθρωποι
3613 5210 3702 5264 διὰ

429 5302 756 5376 ἀνθρώπων,
778 5301 950 5370 μεστὴ
981 5298 1038 5351 δὲ
1061 5300 1094 5368 ὴ
1130 5296 1392 5366 ἐκκλησία
1418 5295 1740 5368 ἀνθρώπων.
1780 5297 2009 5370 ’Δνθρὼ-
2119 5301 2216 5368 τῆς
2259 5296 2555 5366 ὑπεροψίας
2591 5297 2795 5367 ταύτης
2842 5295 3150 5358 ἀπώλεσαν,
3173 5296 3268 5350 καὶ
3293 5298 3392 5365 τῆς
3423 5291 3700 5362 εὐγενείας

430 5406 565 5453 mu;
607 5386 716 5458 γὰρ
767 5384 828 5438 οὗ
860 5385 988 5446 τοὺς
1023 5383 1115 5435 ἐπὶ
1143 5381 1242 5453 τῆς
1269 5381 1474 5453 ἀγορᾶς
1504 5380 1585 5433 δεῖ
1621 5380 1808 5434 καλεῖν
1829 5422 1842 5444 ,
1883 5381 2017 5434 ἀλλὰ
2117 5381 2287 5452 αὐτῆς
2317 5381 2581 5445 ἐξέπεσαν
2605 5399 2619 5446 ;
2643 5382 2758 5433 Οὐκ
2779 5381 2910 5450 ἐμὸν
2935 5381 3062 5448 ὑμῖν
3092 5379 3202 5450 ἐρῶ
3227 5379 3406 5448 λόγον,
3421 5376 3559 5430 ἀλλὰ
3575 5392 3701 5458 προξ

430 5473 555 5536 τοὺς
580 5457 794 5540 ὲπὶίτῆς
822 5466 1118 5538 ἐκκλησίας
1145 5465 1321 5535 ὑμᾶς·
1352 5466 1454 5518 οὐκ
1495 5464 1735 5529 ἐκείνους
1765 5465 1890 5528 τοὺς
1923 5467 2018 5535 ρας
2117 5464 2350 5535 φητικὴν
2374 5463 2482 5536 ἐρῶ
2510 5464 2666 5535 ῥῆσιν
2687 5503 2702 5526 ,
2733 5461 2831 5533 τὴν
2863 5462 3000 5534 ἐμὴν
3029 5461 3254 5535 γνώμην
3303 5460 3599 5534 κυροῦσαν,
3631 5457 3698 5512 ἶν’

431 5555 760 5626 θυμοῦντας,
799 5551 914 5606 ἀλλ’
948 5551 1092 5619 ὑμᾶς
1122 5549 1248 5613 τοὺς
1283 5547 1715 5613 σπουδάζοντας·
1743 5549 1842 5600 οὐκ
1869 5547 2011 5600 ἐκεί·
2121 5547 2266 5616 ἴδητε
2297 5549 2377 5600 ὅτι
2408 5547 2598 5626 ⁸λόγων
2631 5547 2731 5600 οὐκ
2756 5545 2989 5618 ἐρῶντες
3021 5545 3425 5617 πνευματικῶν,
3447 5545 3568 5598 οὐδὲ
3601 5543 3696 5596 ἄν·

431 5624 556 5702 νους
577 5639 703 5701 τοὺς
725 5635 938 5708 περὶτὰ
973 5634 1200 5704 βιωτικὰ
1227 5634 1545 5705 κεχηνότας,
1566 5633 1683 5685 ἀλλ’
1718 5633 1858 5702 ὑμᾶς
1885 5631 2011 5694 τοὺς
2121 5629 2328 5700 θρωποι
2381 5624 2518 5683 εἶναι
2563 5629 2816 5683 δύνανται
2845 5647 2856 5658 ·
2891 5631 2974 5682 ἵνα
3018 5629 3164 5700 ἴδητε
3201 5629 3283 5682 ὅτι
3328 5628 3534 5700 ἔρημος
3565 5627 3698 5697 ἡμῖν

431 5723 504 5777 τὰ
530 5721 872 5792 πνευματικὰ
903 5719 1012 5771 τῶν
1044 5719 1311 5788 βιωτικῶν
1335 5716 1742 5787 προτιμῶντας.
1773 5715 1847 5767 Οὐ
1877 5714 2005 5784 γὰρ,
2120 5713 2267 5765 ἐστιν
2302 5713 2334 5782 ἡ
2382 5712 2534 5777 πόλις
2591 5712 2912 5784 ἀνθρώπων.
2947 5713 3003 5765 Ὀ
3029 5712 3137 5783 γὰρ
3183 5711 3695 5782 μεγαλοφωνότατος

433 5807 586 5868 εἴτις
615 5805 773 5876 σῶμα
811 5800 1095 5872 ἀνθρώπου
1129 5802 1220 5854 καὶ
1251 5800 1433 5871 φωνὴν
1469 5799 1602 5869 ἔχει,
1621 5793 1772 5860 οὗτος
1798 5797 1999 5867 ἄνθρωο
2130 5796 2374 5863 Ἡσαΐας,
2420 5799 2455 5858 ὁ,
2480 5799 2586 5850 τῶν
2618 5796 2931 5866 παραδόξων
2959 5794 3133 5864 ὄψεων
3179 5795 3410 5858 θεωρδς,
3434 5796 3462 5847 ὁ
3490 5792 3556 5846 τὰ
3598 5807 3687 5844 σε·
