4096 6222
397 285 496 340 115
855 284 923 340 IN
963 284 1192 351 ILLUD,
1237 283 1514 344 SAULUS
1547 286 1782 350 ΔΒΗυο
1825 253 2140 345 SPIRANS;
2177 287 2266 343 DE
2300 287 2705 346 MUTATIONE
2758 286 3097 343 NOMINUM.
3138 288 3176 342 Ι.
3530 292 3629 346 ιη

403 471 3610 510 W-

1182 817 1277 877 ET
1318 817 1396 878 1N
1436 816 1809 889 RELIQUAS
1849 816 1946 875 DE
1988 817 2426 877 MUTATIONE
2462 817 2836 880 NOMINUM.

392 1101 574 1148 autem
607 1089 784 1146 adhuc
813 1089 1030 1160 spirans
1048 1087 1224 1143 minas
1253 1098 1308 1144 et
1329 1089 1528 1145 eaedem
1563 1088 1614 1142 iu
1638 1088 1934 1158 discipulos
1966 1089 2202 1144 Domini.
2237 1089 2499 1144 Continuo
2538 1090 2769 1144 turbavit
2800 1107 2894 1145 nos
2947 1093 3248 1148 immutatio
3277 1100 3502 1152 nominis
3524 1141 3537 1164 ,
3577 1108 3632 1156 et

389 1195 584 1242 caetera
617 1186 682 1242 de
712 1185 992 1239 nominum
1022 1184 1342 1250 mutatione,
1365 1198 1486 1252 quae
1519 1184 1767 1252 pluribus
1799 1184 1890 1239 ille
1923 1184 2308 1253 prosequitur;
2349 1185 2419 1237 ita
2451 1192 2509 1236 ut
2539 1183 2654 1238 haec
2690 1184 2911 1238 homilia
2942 1186 3013 1240 sit
3045 1200 3140 1240 ceu
3173 1188 3628 1258 complementum

391 1278 770 1350 pracedentis.

459 1396 610 1452 Hanc
653 1395 933 1451 homiliam
975 1404 1195 1452 secutus
1241 1404 1326 1451 est
1377 1409 1562 1451 sermo
1611 1396 1719 1459 ille,
1753 1396 1845 1466 qui
1877 1405 1999 1466 post
2042 1394 2306 1451 Homilies
2361 1395 2412 1449 in
2462 1393 2717 1450 Genesim
2757 1410 2935 1450 nonus
2981 1403 3337 1450 numeratur:
3379 1394 3466 1449 ubi
3509 1395 3632 1451 dua:

387 1489 512 1554 illae,
539 1489 606 1543 de
634 1488 833 1559 quibus
858 1487 1083 1558 jamjam
1114 1488 1347 1560 egimus,
1382 1488 1620 1543 homilize
1651 1489 1854 1543 diserte
1894 1497 2290 1552 memorantur,
2321 1495 2376 1542 et
2416 1487 2484 1542 de
2524 1488 2828 1542 mutatione
2873 1488 3113 1542 nominis
3157 1484 3408 1553 Abrahae,
3453 1487 3631 1557 deque

385 1581 619 1635 aliorum
648 1581 930 1636 nominum
965 1584 1330 1652 propriorum,
1359 1599 1480 1654 qua:
1511 1584 1562 1637 in
1593 1581 1773 1638 Veteri
1828 1582 2179 1638 Testamento
2212 1592 2358 1648 sunt,
2391 1583 2786 1654 signiﬁcatione
2834 1593 3116 1639 tractatur.
3157 1584 3216 1638 In
3251 1583 3354 1638 hoc
3376 1597 3628 1639 sermone

386 1672 610 1743 perinde
647 1683 810 1745 atque
845 1676 897 1730 in
931 1676 1364 1745 praecedentibus
1415 1676 1676 1742 homiliis,
1711 1677 1872 1747 longo
1906 1677 2174 1746 procemio
2205 1691 2339 1732 usus
2381 1686 2464 1732 est
2499 1677 2942 1750 Clirysostomus.
2977 1676 3115 1732 Ilinc
3160 1678 3394 1748 querela:
3437 1676 3619 1746 populi

385 1769 728 1836 Antiocheni,
759 1770 886 1826 hinc
919 1771 1371 1840 reprehensiones
1405 1772 1458 1826 in
1488 1771 1963 1842 Chrysostomum,
1991 1771 2062 1826 ob
2104 1771 2330 1825 nimiam
2376 1787 2570 1842 nempe
2605 1775 2991 1843 prommiorum
3033 1773 3417 1842 prolixitatem.
3457 1771 3628 1841 Cujus

387 1859 742 1928 querimonia:
770 1860 1056 1916 occasione
1087 1861 1278 1931 paucis
1314 1861 1513 1932 elapsis
1534 1861 1727 1917 diebus
1757 1861 1908 1931 illam
1933 1861 2000 1916 de
2046 1859 2287 1916 ferendis
2329 1860 2848 1930 reprehensionibus
2895 1862 3176 1918 homiliam
3203 1863 3433 1928 habuit,
3465 1877 3628 1932 quam

385 1969 486 2010 nos
511 1954 563 2009 in
598 1955 740 2010 serie
772 1953 1133 2010 Homiliarum
1165 1957 1232 2012 de
1259 1958 1543 2012 nominum
1574 1956 1878 2011 mutatione
1901 1955 2192 2025 ponimus;
2223 1955 2351 2025 quia
2377 1956 2515 2026 ipsa,
2544 1955 2672 2011 licet
2702 1956 2755 2011 in
2784 1959 2936 2028 prius
2957 1957 3116 2013 editis
3141 1957 3401 2013 distracta
3428 1964 3482 2011 et
3503 1969 3631 2026 pro-

382 2048 474 2105 cul
497 2049 566 2104 ab
591 2049 716 2104 aliis
751 2049 948 2117 posita,
979 2065 1102 2106 sese
1132 2051 1312 2122 prodit
1342 2053 1444 2107 hoc
1475 2051 1668 2106 ordine
1701 2051 2006 2122 ponendam
2043 2064 2188 2115 esse,
2235 2065 2385 2105 num.
2419 2051 2478 2114 5,
2523 2049 2608 2105 bis
2637 2051 2858 2107 verbis:
2910 2053 2986 2106 De
3020 2049 3189 2106 Paulo
3238 2061 3412 2105 autem
3459 2063 3632 2103 sermo

381 2139 536 2194 nobis
559 2156 722 2210 nuper
749 2149 884 2208 erat,
915 2145 1126 2212 quando
1167 2141 1232 2197 de
1268 2142 1567 2198 nominibus
1613 2142 2018 2208 disserebamus,
2055 2141 2518 2213 quwrebamusque
2565 2159 2663 2196 cur
2707 2143 3000 2214 aliquando
3039 2141 3257 2208 Saulus,
3291 2151 3471 2213 postea
3511 2155 3630 2194 vero

384 2233 593 2290 Paulus
621 2247 834 2292 vocatus
866 2237 1048 2306 fuerit.
1081 2236 1216 2293 Inde
1245 2255 1361 2292 vero
1401 2239 1626 2309 digressi
1657 2255 1838 2293 sumus
1883 2238 1954 2291 ad
2001 2247 2223 2292 ueterem
2267 2237 2568 2305 historiam,
2617 2255 2895 2308 omnesque
2943 2239 3035 2309 qui
3081 2239 3298 2292 nomina
3339 2237 3629 2290 habuerant

382 2331 825 2386 nominavimus.
853 2330 1033 2402 Pergit
1063 2333 1225 2388 etiam
1255 2333 1307 2387 in
1338 2335 1439 2389 hac
1464 2334 1750 2400 concione,
1791 2349 1856 2388 ac
1887 2332 2137 2403 disquirit
2172 2347 2272 2388 cur
2314 2330 2485 2387 Paulo
2510 2347 2706 2388 nomen
2735 2340 3000 2388 mutatum
3031 2333 3124 2397 sit,
3155 2340 3208 2386 et
3239 2346 3338 2386 cur
3383 2343 3490 2384 non
3516 2335 3630 2382 sta-

382 2424 484 2478 tim
518 2422 590 2478 ab
615 2422 736 2491 ejus
767 2425 1144 2493 conversione,
1182 2426 1275 2482 sed
1301 2442 1408 2482 non
1444 2427 1656 2482 modico
1678 2434 1800 2498 post
1831 2427 1978 2482 illam
2011 2437 2251 2498 tempore
2284 2427 2354 2482 sit
2388 2434 2680 2481 mutatum.

459 2535 615 2594 Hane
660 2538 942 2609 aliquanto
983 2540 1301 2611 interposito
1333 2549 1574 2613 tempore
1623 2543 1838 2613 excepit
1888 2542 2124 2599 Homilia
2170 2541 2241 2598 in
2283 2543 2437 2608 illud,
2488 2540 2691 2597 Paulus
2738 2553 2973 2608 vocatus,
3006 2543 3057 2597 in
3092 2542 3246 2612 cujus
3286 2541 3464 2597 medio
3487 2541 3629 2595 idem

381 2634 567 2704 ipsum
609 2636 782 2706 tangit
811 2649 1216 2706 argumentum,
1244 2650 1298 2696 et
1327 2652 1436 2697 tres
1472 2643 1684 2713 priores
1716 2643 1970 2698 bomilias
1994 2652 2407 2710 commemorat,
2435 2643 2522 2698 his
2543 2641 2726 2698 verbis
2759 2659 2772 2696 :
2808 2640 2988 2707 Num,
3023 2641 3070 2693 si
3111 2633 3481 2698 recordamini,
3521 2642 3626 2684 tres

380 2728 613 2798 integros
635 2729 746 2785 dies
770 2731 834 2785 de
860 2731 972 2786 solo
995 2732 1090 2786 hoc
1123 2735 1329 2788 nomine
1357 2734 1668 2811 disseruisse
1701 2753 1780 2792 me
1813 2739 1981 2803 scitis,
2008 2739 2134 2791 dum
2156 2755 2345 2793 causas
2379 2739 2642 2808 afferrent,
2662 2737 2724 2791 ob
2750 2753 2881 2807 quas
2898 2753 3018 2790 cum
3043 2732 3238 2790 Saulus
3267 2739 3388 2784 ante
3420 2742 3630 2782 vocare-

383 2833 497 2890 tur,
518 2823 721 2880 Paulus
747 2827 933 2882 deinde
955 2839 1170 2884 vocatus
1199 2841 1296 2899 est,
1322 2842 1370 2887 et
1398 2838 1735 2904 quamobrem
1763 2851 1863 2889 non
1894 2838 2078 2889 statim
2109 2838 2178 2889 ad
2207 2837 2364 2906 ﬁdem
2395 2853 2670 2890 conuersus
2700 2836 2836 2888 hanc
2861 2833 3265 2904 appellationem
3286 2827 3506 2896 accepit,
3537 2824 3628 2877 sed

380 2914 458 2968 ad
484 2916 712 2972 multum
745 2927 945 2991 tempus
981 2938 1166 2977 nomen
1199 2927 1437 2991 retinuit,
1465 2929 1604 2998 quod
1635 2928 1716 2982 illi
1741 2939 1982 2997 parentes
2013 2930 2416 2998 imposuerant?
2438 2927 2650 2995 Quibus
2683 2937 2792 2983 tres
2825 2927 2987 2982 hasce
3008 2925 3223 2995 priores
3250 2921 3318 2976 de
3347 2918 3630 2974 nominum

380 3009 696 3066 mutatione
735 3011 992 3071 bomilias
1034 3017 1108 3071 ita
1149 3019 1352 3074 diserte
1391 3030 1813 3084 commemorat,
1861 3030 1922 3076 ut
1960 3022 2109 3077 nulla
2151 3023 2390 3092 supersit
2428 3021 2718 3077 adversum
2758 3016 3074 3089 suspicandi
3111 3029 3299 3072 causa.
3341 3010 3436 3065 Hae
3468 3023 3634 3080 porro

378 3109 623 3171 quatuor
652 3103 889 3161 bomilias
921 3106 975 3162 in
1006 3109 1158 3178 prius
1187 3112 1345 3167 editis
1377 3113 1578 3168 misere
1623 3112 1921 3178 distractae,
1964 3123 2037 3180 et,
2092 3122 2149 3168 ut
2180 3113 2252 3168 ita
2281 3113 2495 3176 dicam,
2541 3111 2815 3181 dissipatae
2843 3120 3018 3174 erant,
3048 3116 3108 3162 ut
3139 3122 3246 3161 non
3293 3103 3396 3159 nisi
3431 3101 3632 3172 ingenti

378 3194 574 3250 labore
604 3208 792 3266 posset
816 3214 1004 3255 earum
1037 3203 1209 3258 series
1237 3204 1556 3272 internosci,
1585 3207 2046 3276 quemadmodum
2079 3215 2128 3261 et
2160 3204 2528 3275 praecedentes
2553 3204 2673 3258 alia:
2694 3211 2930 3272 quatuor
2956 3202 3010 3257 in
3037 3199 3294 3255 Actorum
3321 3194 3633 3264 inscriptio-

379 3303 544 3354 nem;
578 3299 783 3358 quanto
807 3301 989 3348 autem
1030 3293 1082 3348 id
1105 3293 1371 3351 lectorum
1405 3298 1688 3369 dispendio
1714 3299 1993 3365 acciderit,
2036 3308 2238 3354 norunt
2266 3298 2325 3364 ii,
2349 3297 2446 3369 qui
2481 3298 2564 3352 vel
2599 3294 2929 3367 primoribus
2956 3291 3125 3348 labris
3159 3305 3272 3346 rem
3298 3285 3632 3344 ecclesiasti-

382 3395 511 3434 cam
539 3380 858 3438 litterariam
889 3386 1205 3456 attigerunt.

466 3491 681 3563 Primae,
714 3498 968 3554 secunda:
996 3508 1050 3555 et
1081 3509 1289 3572 quarta:
1321 3502 1560 3558 humilia:
1589 3503 1964 3574 interpretatio
2001 3504 2190 3560 Latina
2224 3512 2304 3559 est
2337 3504 2630 3561 Frontonis
2663 3503 2864 3568 Duczei,
2894 3499 3068 3558 tertiae
3099 3513 3222 3554 vero
3256 3496 3493 3552 bomilias
3531 3512 3628 3550 uo~

380 3602 512 3644 vam
545 3591 877 3661 paravimus,
911 3595 1036 3665 quia
1069 3604 1222 3653 vetus
1256 3597 1347 3652 illa
1374 3597 1567 3653 incerti
1601 3600 1777 3654 versio
1809 3613 1916 3653 non
1949 3603 2205 3651 accurata
2235 3606 2376 3651 erat.

393 3778 2990 3797 ‘WW
3005 3774 3561 3799 l‘q—d

351 4013 487 4056 CUI!
534 4013 766 4058 LECTUS
811 4016 1002 4060 ESSET
1045 4017 1185 4061 ILLE
1228 4019 1473 4062 TEXTL‘S
1505 4047 1520 4076 ,
1552 4021 1783 4067 SAULUS
1833 4027 1995 4069 AUTE

2046 4027 2292 4070 λΔωιυο
2336 4026 2592 4069 SPIBANS
2635 4023 2826 4068 MINAS
2869 4023 2950 4065 ΕΤ
3003 4021 3268 4075 (LI-IDEM,
3312 4019 3442 4062 CUM
3508 4019 3632 4061 ει-

433 4115 836 4159 SPRCTABENT
875 4116 1085 4162 OMNES
1129 4119 1448 4162 HOMILIAM
1493 4122 1558 4164 IN
1601 4121 1969 4170 PRINCIPIO“

2056 4128 2150 4170 ΔΡ.
2195 4110 2234 4170 9
2280 4126 2574 4169 ACTORUM
2620 4122 2993 4177 HABENDAM,
3042 4120 3120 4163 ET
3161 4117 3332 4172 QUOD
3375 4118 3621 4162 ιιεευιι-

435 4217 766 4260 κερτιοκιε
799 4217 1288 4263 DEMONSTRATIO
1331 4221 1430 4264 SIT
1472 4222 1656 4265 PAULI
1702 4223 1994 4269 VOCATIO.

2047 4447 2388 4503 affectionem
2432 4443 2624 4498 animae
2667 4440 2881 4495 habeat.
2926 4439 3092 4494 Porro
3145 4437 3390 4492 humana:
3441 4437 3629 4491 anima:

428 4444 480 4496 Ι.
514 4441 758 4496 Homines
795 4458 894 4495 non
921 4450 1071 4508 sunt,
1099 4442 1186 4508 qui
1216 4441 1311 4497 Dei
1348 4443 1548 4498 verbum
1586 4459 1846 4516 spernunt.
1870 4480 1940 4490 —

356 4533 603 4590 liteccine
629 4542 752 4589 sunt
785 4531 1039 4588 ferenda?
1061 4532 1294 4587 barccine
1329 4543 1453 4588 sunt
1479 4536 1790 4593 toleranda?
1814 4539 1937 4594 Sin-

355 4627 490 4695 gulis
516 4625 704 4682 diebus
746 4641 930 4681 eorum
977 4639 1230 4680 numerus
1274 4625 1425 4680 nobis
1465 4627 1816 4696 imminuitur,
1847 4633 1937 4700 qui

355 4715 594 4772 collectis
618 4717 882 4772 intersunt
907 4734 921 4772 :
943 4725 996 4771 ct
1025 4715 1180 4785 plena
1205 4715 1418 4785 quidem
1445 4725 1526 4771 est
1553 4718 1826 4774 hominum
1861 4721 1937 4775 ci-

356 4809 524 4876 vitas,
579 4817 634 4864 at
681 4808 907 4865 ecclesia
963 4817 1046 4862 est
1101 4807 1404 4863 [nominibus
1451 4823 1614 4864 vacua
1658 4828 1672 4864 :
1723 4811 1934 4882 plenum

355 4901 568 4971 quidem
617 4911 700 4958 est
755 4901 950 4968 forum,
988 4909 1042 4956 et
1086 4901 1319 4967 theatra,
1346 4911 1402 4956 et
1443 4901 1714 4972 porticus:
1745 4902 1938 4960 domus

357 5004 530 5050 autem
584 4993 676 5050 Dei
731 4993 942 5050 deserta
1000 5000 1120 5048 est:
1154 4993 1260 5049 imo
1312 5008 1470 5060 vero,
1519 4995 1563 5049 si
1615 5010 1799 5049 verum
1849 4993 1934 5050 di-

355 5087 582 5143 centium
636 5095 758 5153 est,
809 5085 1060 5142 destituta
1111 5095 1193 5142 est
1252 5085 1556 5142 hominibus
1607 5087 1833 5156 civitas,
1883 5097 1937 5143 et

357 5179 508 5248 plena
549 5177 821 5234 hominum
866 5188 947 5234 est
984 5178 1228 5234 ecclesia.
1255 5179 1524 5249 Siquidem
1554 5179 1796 5235 homines
1839 5195 1936 5251 ap—

358 5271 586 5341 pellandi
613 5281 772 5338 sunt,
799 5287 903 5326 non
933 5271 1021 5343 qui
1050 5272 1100 5326 in
1134 5271 1251 5326 foro
1272 5314 1288 5338 ,
1318 5271 1411 5327 sed
1438 5287 1531 5326 vos
1558 5274 1644 5343 qui
1678 5275 1729 5327 in
1760 5274 1934 5329 eccle-

356 5365 435 5418 sia
463 5365 751 5421 versamini
777 5383 792 5421 :
821 5380 926 5419 non
959 5364 1035 5419 illi
1060 5363 1314 5419 socordes
1333 5405 1348 5430 ,
1380 5362 1473 5418 sed
1497 5378 1592 5418 vos
1617 5364 1933 5435 diligentes:

355 5471 460 5510 non
485 5457 583 5523 illi,
613 5456 702 5528 qui
729 5472 816 5513 res
842 5455 1126 5512 smculares
1150 5454 1216 5509 ad
1241 5463 1515 5524 stuporem
1546 5471 1715 5527 usque
1739 5456 1937 5512 miran-

353 5555 462 5615 tur,
508 5548 603 5606 sed
650 5564 746 5606 vos
795 5549 883 5620 qui
925 5547 1220 5618 spiritualia
1267 5549 1528 5618 pra-fertis
1569 5549 1931 5605 saecularibus.

355 5636 466 5692 Non
503 5641 647 5696 enim
690 5640 734 5695 si
776 5640 894 5710 quis
923 5638 1155 5694 hominis
1179 5654 1373 5709 corpus
1406 5654 1469 5694 ac
1497 5654 1682 5694 vocem
1721 5638 1930 5702 habeat,

356 5729 552 5789 idcirco
592 5739 675 5788 est
719 5731 876 5786 homo
911 5748 922 5785 :
953 5729 1047 5786 sed
1096 5733 1138 5787 si
1183 5731 1298 5801 quis
1347 5730 1578 5788 hominis
1623 5731 1852 5786 animam
1881 5738 1936 5785 et

2049 4539 2155 4592 tale
2184 4538 2384 4592 nullum
2406 4544 2488 4590 est
2510 4533 2785 4604 judicium.
2813 4545 2973 4600 quam
2998 4529 3040 4584 si
3066 4528 3369 4584 divinorum
3391 4527 3629 4597 eloquio-

2048 4643 2164 4682 rum
2192 4641 2376 4680 amore
2405 4625 2628 4678 ducatur
2656 4639 2670 4676 :
2703 4619 3152 4691 quemadmodum
3180 4617 3428 4673 belluinae
3457 4631 3520 4672 ac
3543 4633 3628 4671 ra-

2048 4717 2208 4772 tionis
2250 4715 2484 4784 expcrtis
2531 4712 2724 4766 anima:
2761 4711 2970 4782 signum
3013 4719 3068 4764 et
3115 4718 3485 4780 argumentum
3529 4708 3635 4763 tale

2046 4809 2246 4863 nullum
2291 4816 2405 4871 est,
2445 4821 2506 4860 ac
2535 4806 2578 4860 si
2623 4803 2832 4875 eloquia
2857 4801 3034 4856 divina
3074 4807 3399 4856 contemnat.
3431 4798 3548 4854 Vin'
3576 4808 3633 4854 tu

2047 4900 2361 4970 intelligere,
2389 4913 2549 4967 quam
2577 4911 2700 4952 vere
2729 4894 2817 4966 qui
2847 4891 3012 4948 divini
3053 4892 3198 4948 verbi
3240 4889 3630 4962 expositionem

2044 4988 2228 5046 audire
2255 4989 2544 5061 negligunt,
2570 5003 2665 5058 per
2691 4985 2832 5040 hunc
2856 4993 3217 5054 contemptum
3237 4981 3484 5037 homines
3508 4995 3630 5036 esse

2044 5083 2327 5149 desinant,
2377 5091 2434 5137 et
2477 5081 2589 5152 ipsa
2621 5095 2712 5136 sua
2741 5079 2916 5135 nativa
2947 5077 3227 5133 nobilitate
3269 5089 3329 5129 se
3364 5070 3634 5144 spoliem?

2045 5175 2158 5232 Non
2189 5191 2365 5231 mcum
2398 5174 2549 5230 vobis
2573 5188 2874 5229 sermonem
2904 5169 3192 5243 proferam,
3222 5166 3314 5222 sed
3349 5163 3625 5235 propheti-

2043 5285 2160 5324 cam
2191 5283 2378 5322 vocem
2408 5267 2697 5338 proferam,
2730 5281 2846 5335 qua:
2876 5261 3192 5317 sententiam
3225 5271 3398 5313 meam
3437 5256 3630 5311 contir-

2045 5370 2154 5418 met
2173 5345 2201 5429 ,’
2239 5368 2298 5416 ut
2353 5358 2579 5413 videatis
2628 5369 2722 5411 eos
2770 5354 2861 5426 qui
2917 5349 3267 5423 spiritualium
3321 5360 3629 5404 sermonum

2043 5462 2281 5509 amantes
2312 5467 2416 5506 non
2450 5457 2607 5512 sunt;
2652 5461 2718 5501 ne
2752 5445 2998 5500 homines
3025 5441 3238 5513 quidem
3269 5454 3392 5496 esse
3433 5451 3626 5508 posse;
3677 5443 3698 5454 '

2043 5554 2101 5601 ut
2123 5544 2390 5598 civitatem
2415 5539 2719 5597 hominibus
2749 5537 3015 5593 desertam
3045 5533 3198 5588 nobis
3223 5545 3343 5586 esse
3375 5527 3623 5585 videatis.

2046 5633 2178 5691 Nam
2223 5631 2387 5686 lsaias
2427 5633 2514 5703 qui
2545 5629 2871 5685 sublimitate
2897 5626 3041 5683 vocis
3061 5623 3180 5680 aliis
3208 5621 3500 5688 antecellit,
3537 5621 3630 5690 qui

2053 5724 2376 5786 mirabilium
2409 5725 2614 5780 illarum
2641 5729 2908 5793 spectator
2934 5717 3195 5773 visionum
3224 5714 3320 5771 fuit
3339 5757 3353 5784 ,
3387 5713 3472 5772 cui
3498 5723 3634 5765 eon—
