4096 6222
387 318 483 373 HS
1092 317 1150 374 S.
1189 315 1467 375 JOANNIS
1500 312 1979 374 CHRYSOSTOMI
2017 311 2334 375 ARCHIEP.
2363 318 2890 385 CONSTANTINOP.

381 447 592 489 cessum
618 441 723 501 est,
754 440 811 488 ut
840 447 959 488 cum
987 430 1162 486 adhuc
1199 439 1342 487 esset
1369 445 1528 486 carne
1555 428 1918 486 circumdatus
1944 467 1960 492 ,

379 524 705 595 Seraphinos
735 523 971 589 videret,
1019 522 1111 593 qui
1154 522 1437 594 mysticum
1467 521 1614 577 illum
1644 529 1961 577 concentum

380 617 602 683 audivit,
631 616 674 671 is
704 630 825 670 cum
856 616 908 670 in
938 615 1123 669 urbem
1148 613 1453 669 Judaeorum
1498 614 1831 685 metropolim
1868 613 1965 667 ho-

381 711 612 766 rninibus
650 707 901 765 refertam
934 709 1206 779 ingressus
1236 715 1417 774 esset,
1447 707 1779 779 Jcrosolyma
1807 706 1964 761 nimi-

380 818 520 866 rum,
535 801 763 872 atquein
784 800 962 855 medio
986 800 1101 855 foro
1121 800 1466 865 constitisset,
1489 814 1608 854 cum
1635 808 1749 854 toto
1770 800 1963 869 populo

378 894 766 963 circumseptus
790 900 949 957 esset,
979 907 1099 947 cum
1128 890 1430 962 signiﬁcare
1459 891 1617 946 vellet
1654 907 1758 944 non
1786 891 1961 945 hemi-

377 1000 502 1039 nem
548 999 706 1050 esse,
747 984 837 1055 qui
882 982 1228 1054 propheticos
1269 998 1544 1038 sermones
1589 997 1697 1036 non
1723 982 1959 1047 audiret,

376 1077 614 1133 clamans
646 1076 855 1133 dicebat
874 1118 891 1144 ,
927 1076 1046 1131 Veni
1069 1118 1084 1140 ,
1114 1086 1159 1130 et
1192 1092 1293 1131 non
1321 1085 1426 1130 erat
1453 1076 1603 1130 Itomo
1628 1092 1648 1130 :
1671 1076 1841 1129 vocavi
1860 1115 1874 1139 ,
1914 1085 1961 1128 et

375 1187 480 1226 non
509 1182 618 1226 erat
652 1172 739 1239 qui
767 1170 985 1225 obediret
1017 1167 1170 1238 (leui.
1201 1169 1290 1225 50.
1313 1168 1391 1240 2).
1426 1170 1600 1239 Atque
1629 1177 1686 1223 ut
1716 1168 1817 1223 hoc
1840 1182 1961 1223 esse

374 1265 573 1318 dictum
605 1264 870 1333 intelligas
899 1279 1004 1317 non
1035 1262 1103 1317 ob
1131 1262 1404 1316 raritatem
1431 1276 1617 1317 eorum
1639 1302 1654 1326 ,
1686 1262 1774 1332 qui
1802 1261 1961 1316 ades-

376 1365 518 1419 sent,
550 1371 735 1410 verum
766 1356 834 1408 oh
861 1370 1043 1409 eorum
1076 1355 1375 1427 socordiam
1405 1355 1492 1426 qui
1518 1354 1780 1423 audirent,
1810 1367 1960 1424 post-

373 1462 532 1516 quam
559 1445 730 1512 dixit,
777 1445 931 1511 Veni,
960 1455 1004 1500 et
1034 1462 1133 1500 non
1173 1455 1279 1499 erat
1320 1447 1506 1513 homo,
1549 1445 1856 1515 subjunxit,
1892 1445 1961 1500 Et

373 1556 476 1594 non
500 1548 607 1593 erat
633 1538 720 1608 qui
748 1536 990 1592 obediret.
1023 1537 1207 1609 Itaque
1235 1536 1462 1592 aderant
1488 1536 1562 1591 illi
1587 1537 1799 1606 quidem
1820 1578 1836 1601 ,
1865 1536 1959 1592 sed

375 1629 567 1685 adesse
607 1644 715 1684 non
755 1628 1130 1693 censebantur,
1176 1625 1606 1697 quandoquidem
1646 1627 1959 1698 prophetam

373 1728 481 1777 n'on
508 1721 793 1776 audiebant
821 1736 833 1773 :
868 1727 1144 1789 propterea
1171 1759 1186 1785 ,
1218 1716 1646 1787 quandoquidem
1687 1718 1864 1787 venit,
1906 1728 1960 1773 et

377 1831 482 1870 non
513 1824 629 1869 erat
655 1813 815 1868 homo
851 1830 865 1866 :
902 1811 1141 1879 vocavit,
1186 1819 1240 1867 et
1278 1820 1381 1865 ιιοη
1410 1820 1526 1865 erat
1563 1810 1651 1882 qui
1681 1812 1954 1880 obcdiret,

370 1908 666 1962 orationem
688 1904 753 1961 ad
770 1907 1032 1962 elementa
1058 1905 1341 1971 convertit,
1366 1912 1418 1959 et
1434 1904 1508 1959 ait
1535 1922 1548 1958 :
1575 1904 1732 1971 Audi,
1754 1905 1951 1971 caelum,

370 1999 651 2054 et‘auribua
680 1998 899 2068 percipe,
925 2007 1057 2052 terra
1084 1995 1190 2069 (Id.
1222 1998 1272 2052 1.
1296 1995 1377 2068 2).
1406 1995 1538 2051 Nam
1592 1998 1845 2069 equidem
1889 1997 1955 2052 ad

370 2090 635 2156 homines,
668 2090 858 2159 inquit,
891 2089 1087 2145 missus
1113 2089 1352 2153 fueram,
1382 2088 1450 2143 ad
1478 2087 1721 2153 homines
1750 2089 1956 2145 ratione

369 2199 433 2239 ac
482 2193 664 2239 mente
705 2182 958 2254 praeditos
992 2182 1247 2254 :quando
1289 2192 1466 2236 autem
1508 2197 1679 2253 neque
1718 2182 1952 2249 ratione,

371 2291 545 2348 neque
589 2292 748 2332 sensu
799 2274 1007 2347 praediti
1052 2284 1176 2330 sunt
1210 2275 1329 2340 isti,
1376 2285 1654 2346 propterea
1703 2274 1953 2331 destituta

370 2384 535 2424 sensu
561 2370 807 2439 alloquor
833 2368 1120 2434 elementa,
1150 2367 1205 2422 in
1234 2366 1705 2437 reprehensionem
1729 2382 1912 2422 eorum
1934 2409 1950 2433 ,

367 2460 457 2530 qui
487 2475 610 2515 cum
643 2459 886 2514 honorati
929 2474 1089 2514 sensu
1134 2458 1393 2523 fuissent,
1425 2468 1602 2513 tamen
1630 2458 1834 2513 honore
1864 2458 1954 2513 illo

368 2567 474 2606 non
503 2560 739 2605 utuntur.
765 2549 852 2605 Sic
878 2550 1039 2606 etiam
1067 2550 1202 2605 alter
1228 2550 1481 2620 propheta
1511 2548 1645 2605 dixit
1670 2549 1949 2607 Jeremias.

367 2641 638 2713 Siquidem
666 2642 753 2696 ille
777 2656 990 2712 quoque
1031 2642 1084 2695 in
1129 2640 1308 2695 medio
1332 2640 1637 2695 Judzeorum
1665 2650 1806 2697 cmtu
1830 2656 1952 2697 cum

367 2733 621 2799 stetisset,
647 2734 699 2787 in
726 2732 914 2788 eadem
941 2732 1030 2786 illa
1058 2732 1206 2799 urbe,
1241 2733 1390 2803 quasi
1416 2732 1592 2787 nullus
1611 2733 1843 2800 adesset,
1880 2735 1951 2789 ita

366 2825 664 2881 clamabat:
686 2825 766 2879 Ad
793 2841 937 2896 quem
958 2825 1155 2896 loquar,
1180 2834 1227 2879 et
1253 2827 1566 2879 contestabor
1582 2826 1711 2898 (Jer.
1738 2828 1789 2883 6.
1818 2826 1952 2898 10)?

366 2918 502 2985 Quid
531 2918 649 2972 ais?
672 2932 792 2971 cum
825 2926 1023 2973 tantam
1052 2916 1235 2972 videas
1257 2918 1649 2975 multitudinem
1671 2960 1687 2985 ,
1715 2921 1946 2991 qumris,

364 3026 522 3081 quem
544 3008 911 3080 alloquuturus
936 3010 1043 3066 sis?
1067 3009 1259 3077 Qua-ro
1274 3010 1540 3080 equidem,
1560 3010 1727 3081 inquit
1747 3029 1761 3066 :
1786 3011 1950 3082 siqui-

364 3104 487 3158 dem
518 3102 800 3158 multitudo
824 3116 1108 3172 corporum
1145 3110 1255 3167 est,
1280 3116 1387 3156 non
1416 3101 1687 3157 hominum
1711 3103 1941 3157 multitu-

363 3197 435 3250 do
458 3210 772 3266 :corporum
796 3203 880 3250 est
902 3194 1205 3262 multitudo,
1231 3211 1349 3265 qua:
1374 3195 1557 3250 auditu
1590 3211 1696 3251 non
1724 3197 1945 3268 pollent.

363 3287 565 3357 Idcirco
581 3288 741 3343 etiam
770 3286 963 3358 adjecit
979 3305 992 3341 :
1012 3286 1389 3343 Incircumcisa:
1399 3297 1514 3343 sunt
1528 3306 1675 3343 aures
1690 3307 1882 3355 eorum,
1901 3302 1947 3345 et

361 3379 541 3435 audire
555 3396 655 3435 non
672 3388 899 3450 possunt.
920 3378 1080 3434 Vides
1106 3394 1294 3434 omnes
1316 3380 1446 3436 istos
1468 3396 1534 3435 eo
1560 3380 1701 3451 quod
1717 3397 1821 3437 non
1843 3399 1941 3437 au.

362 3469 530 3537 diant,
560 3470 807 3526 homines
831 3484 937 3524 non
961 3470 1115 3525 esse?
1135 3470 1229 3526 Ille
1252 3471 1386 3527 dixit
1417 3489 1431 3526 :
1472 3471 1617 3538 Veni,
1641 3484 1687 3527 et
1717 3491 1817 3528 non
1840 3486 1946 3530 erat

362 3563 513 3616 homo
542 3580 562 3616 :
590 3561 761 3616 vocavi
779 3602 794 3626 ,
824 3570 868 3615 et
900 3577 1000 3614 non
1027 3571 1134 3614 erat
1164 3562 1250 3632 qui
1276 3561 1501 3616 obediret
1531 3580 1549 3617 :
1578 3563 1661 3618 hic
1688 3565 1836 3632 dicit,
1867 3566 1947 3621 Ad

360 3670 508 3725 quem
552 3653 731 3723 loquar
767 3664 813 3708 et
852 3654 1209 3708 contestabor?
1237 3655 1599 3710 iucircumciste
1640 3668 1759 3712 sunt
1797 3675 1945 3714 aures

365 3765 573 3816 eorum,
605 3757 651 3803 et
691 3747 870 3802 audire
912 3764 1012 3801 non
1056 3756 1284 3820 possunt.
1315 3748 1465 3816 Quod
1496 3749 1542 3803 si
1578 3765 1673 3805 eos
1712 3752 1801 3822 qui
1847 3752 1943 3807 ad-

364 3849 551 3906 erant,
583 3850 862 3909 propterea
894 3838 1033 3908 quod
1062 3837 1340 3910 diligenter
1366 3839 1434 3895 ad
1463 3856 1526 3896 ea
1550 3857 1667 3912 quae
1695 3842 1946 3900 diceban-

360 3945 446 3989 tur
475 3950 579 3989 non
614 3932 978 3998 attendebant,
1006 3948 1075 3989 ne
1104 3932 1350 3988 homines
1378 3933 1592 4003 quidem
1618 3950 1737 3990 esse
1763 3936 1946 3991 dicunt

362 4026 633 4098 prophetrc
664 4044 678 4082 :
705 4025 830 4096 quid
856 4025 1098 4081 dicemus
1127 4040 1225 4080 nos
1253 4024 1321 4081 de
1349 4025 1454 4081 illis
1493 4026 1582 4097 qui
1632 4043 1737 4082 non
1782 4028 1944 4083 modo

360 4134 465 4173 non
494 4118 747 4180 audiunt.
780 4117 874 4172 sed
920 4132 987 4171 ne
1028 4115 1233 4187 ingredi
1265 4115 1480 4185 quidem
1523 4116 1638 4172 haec
1682 4119 1942 4174 vestibula

359 4229 508 4270 sacra
539 4212 844 4282 dignantur,
873 4208 941 4264 de
971 4209 1076 4263 illis
1103 4209 1191 4278 qui
1218 4219 1368 4264 extra
1398 4223 1608 4264 sacrum
1650 4210 1792 4266 hunc
1818 4227 1942 4281 grc-

355 4322 477 4378 gem
506 4312 782 4375 vagantur,
811 4301 899 4371 qui
933 4299 1111 4369 procul
1141 4300 1209 4354 ab
1232 4299 1435 4354 aedibus
1464 4300 1580 4355 istis
1606 4302 1862 4355 maternis
1889 4303 1941 4356 in

357 4396 527 4455 triviis
554 4403 610 4451 et
633 4392 925 4465 angiportis
966 4401 1236 4462 tamquam
1286 4389 1578 4445 insolentes
1607 4405 1670 4445 ac
1690 4391 1943 4447 socordes

355 4490 571 4562 quidam
602 4489 809 4559 pueruli
850 4484 1172 4542 versantur?
1195 4483 1327 4538 Nam
1358 4492 1411 4540 et
1449 4483 1556 4549 illi,
1589 4499 1708 4538 cum
1757 4476 1941 4555 pater-

355 4599 480 4638 nam
522 4582 740 4637 domum
784 4576 1149 4639 deseruerint,
1182 4574 1380 4630 alicubi
1425 4574 1552 4630 foris
1581 4572 1859 4640 oberrant,
1889 4585 1945 4632 et

356 4683 500 4729 totos
541 4672 657 4727 dies
706 4672 759 4726 in
805 4669 944 4725 ludis
990 4668 1281 4738 puerilibus
1312 4666 1610 4737 transigunt
1640 4684 1654 4722 :
1685 4683 1844 4738 quam
1872 4667 1942 4723 ob

354 4776 570 4822 causam
610 4771 663 4816 et
693 4761 962 4827 libertate,
993 4774 1056 4814 ac
1085 4773 1459 4828 smpenumero
1482 4759 1587 4812 vita
1616 4758 1826 4828 pueruli
1855 4768 1938 4813 ta-

355 4854 436 4912 les
463 4853 754 4923 privantur.
783 4850 918 4907 Nam
946 4865 1066 4907 cum
1106 4850 1159 4905 in
1185 4865 1377 4905 manus
1423 4850 1801 4921 plagiariorum
1851 4857 1942 4905 aut

316 5000 319 5003 .
357 4946 670 5017 praedonum
713 4943 1016 5009 inciderint,
1064 4958 1207 5013 saepe
1249 4952 1421 4998 morte
1466 4943 1800 5015 negligentiae
1830 4957 1941 4998 sua:

355 5055 543 5111 poenas
568 5039 738 5094 luunt.
762 5037 1031 5107 Siquidem
1057 5036 1286 5106 arreptis
1313 5036 1440 5107 ipsis
1463 5052 1583 5092 cum
1606 5051 1766 5091 aurea
1783 5050 1942 5091 orna-

357 5140 534 5187 menta
565 5129 878 5185 sustulerint
908 5129 1005 5194 illi,
1038 5139 1124 5184 aut
1154 5127 1433 5182 fluminum
1464 5128 1617 5183 undis
1641 5127 1937 5193 suffocant,

355 5232 448 5279 aut
471 5223 515 5278 si
542 5222 667 5293 quid
704 5223 882 5277 mitius
918 5221 985 5276 de
1028 5220 1135 5276 illis
1167 5220 1480 5286 statuerint,
1513 5221 1563 5274 in
1599 5220 1937 5292 longinquam

353 5316 475 5371 illos
516 5316 788 5386 regionem
825 5312 1083 5369 abductos
1113 5326 1177 5367 ac
1206 5311 1446 5367 servituti
1476 5310 1717 5367 addictos
1756 5311 1942 5365 diven-

352 5406 508 5461 dunt.
535 5405 680 5462 Idem
706 5406 823 5461 istis
851 5405 1010 5460 etiam
1036 5404 1246 5458 accidit.
1277 5402 1407 5458 Cum
1431 5403 1571 5458 enim
1601 5402 1758 5474 longe
1781 5417 1812 5457 a
1845 5416 1938 5469 pa-

356 5506 502 5553 terna
530 5498 690 5552 domo
709 5506 763 5553 et
782 5496 941 5569 hujus
967 5495 1147 5568 templi
1175 5494 1598 5566 frequentatione
1620 5492 1936 5556 aberrarint,

357 5589 412 5643 iu
453 5587 822 5646 hazreticorum
854 5605 946 5647 ora
979 5588 1249 5653 incidunt,
1289 5598 1343 5642 et
1379 5586 1431 5640 in
1472 5585 1676 5655 linguas
1707 5583 1936 5639 hostium

354 5681 779 5736 veritatisuum
830 5682 904 5737 illi
953 5697 1073 5737 cum
1119 5691 1386 5749 tamquam
1435 5677 1671 5748 plagiarii
1725 5675 1936 5744 quidam

354 5775 499 5846 ipsos
543 5773 864 5841 invaserint,
903 5782 956 5829 et
999 5788 1160 5829 aureo
1209 5771 1328 5828 ﬁdei
1374 5780 1562 5826 ornatu
1610 5768 1885 5841 spoliarint
1913 5809 1927 5836 ,

3556 330 3656 389 fit}

2078 432 2354 490 confestim
2380 451 2474 492 eos
2502 440 2678 495 nonin
2705 441 2903 499 flumen
2926 444 3212 516 projectos,
3242 445 3337 503 sed
3363 446 3420 504 in
3447 450 3654 508 turbida

2070 525 2313 596 dogmata
2346 529 2550 588 timoris
2576 535 2658 589 sui
2684 535 2959 592 demersos
2980 548 3227 595 enecant.

2140 619 2194 673 2.
2241 620 2545 677 Vestrarum
2595 624 2697 680 hoc
2737 627 2964 697 partium
3011 628 3196 696 fuerit,
3236 631 3393 686 saluti
3433 631 3655 689 fratrum

2068 713 2372 781 consulere,
2390 723 2550 786 atque
2568 715 2634 771 ad
2658 732 2755 773 nos
2782 718 2902 774 illos
2927 719 3203 787 reducere,
3235 722 3359 778 licet
3382 725 3652 794 resistant,

2068 806 2194 860 licet
2221 810 2533 876 reclament,
2566 810 2688 866 licet
2719 811 3099 870 lamententur.
3131 815 3354 870 Puerilis
3383 828 3466 872 est
3490 820 3652 875 animi

2067 898 2342 954 contentio
2380 900 2479 954 ista
2522 908 2577 956 et
2615 902 2957 973 negligentia.
2993 904 3095 959 Vos
3121 920 3251 960 vero
3288 906 3650 978 imperfectam

2068 988 2243 1045 adhuc
2281 999 2440 1061 atque
2482 991 2553 1048 ita
2592 994 2784 1048 misere
2838 994 3081 1051 affectam
3139 997 3373 1068 ipsorum
3418 1001 3683 1065 animam,

2067 1081 2349 1151 corrigite;
2411 1084 2575 1139 vestri
2618 1086 2854 1141 muneris
2902 1095 3017 1153 est,
3063 1098 3120 1143 ut
3174 1088 3276 1145 illis
3326 1091 3650 1159 persuadea—

2068 1173 2171 1238 tis,
2224 1182 2280 1227 ut
2331 1173 2574 1230 homines
2614 1176 2761 1231 fiant.
2810 1177 2944 1233 Nam
2987 1179 3433 1250 quemadmodum
3483 1198 3648 1251 eum,

2066 1262 2157 1332 qui
2206 1262 2433 1319 humana
2491 1278 2767 1323 aversetur
2817 1269 3104 1336 alimenta,
3155 1280 3211 1327 et
3261 1288 3382 1328 cum
3432 1275 3653 1344 pecudi-

2065 1352 2167 1409 bus
2222 1355 2391 1424 spinis
2430 1355 2714 1430 herbisque
2758 1370 3023 1431 pascatur,
3074 1361 3343 1418 hominem
3392 1380 3513 1422 esse
3550 1367 3651 1420 mi-

2065 1443 2209 1498 nime
2229 1445 2469 1503 dicemus
2492 1465 2506 1502 :
2532 1451 2611 1504 sic
2636 1450 2888 1506 nimirum
2908 1467 3052 1520 eum,
3075 1455 3163 1524 qui
3188 1470 3364 1510 veram
3385 1464 3437 1511 et
3458 1457 3650 1512 animae

2064 1538 2470 1593 convenientem
2498 1536 2744 1595 humana:
2772 1556 2951 1597 escam
2981 1543 3178 1610 oderit,
3211 1561 3332 1614 qua:
3358 1560 3424 1600 ex
3458 1546 3648 1602 divinis

2064 1634 2274 1681 constat
2313 1627 2572 1698 eloquiis,
2615 1629 2671 1685 in
2718 1631 3060 1687 saaeularibos
3107 1642 3283 1689 autem
3326 1636 3552 1691 cmtibus
3594 1647 3649 1692 et

2063 1719 2210 1773 omni
2241 1719 2479 1776 foeditate
2505 1722 2926 1779 redundantibus
2951 1725 3163 1781 circulis
3187 1726 3437 1793 resideat,
3468 1736 3522 1783 et
3568 1729 3650 1783 in-

2063 1811 2200 1882 iquis
2225 1813 2396 1868 alatur
2420 1815 2618 1880 verbis,
2661 1814 2932 1871 hominem
2962 1818 3235 1888 appellare
3276 1818 3494 1873 minime
3523 1834 3648 1890 pos-

2062 1919 2266 1959 sumus.
2299 1905 2570 1976 Siquidem
2603 1908 2742 1978 apud
2773 1923 2870 1963 nos
2897 1908 3059 1964 homo
3085 1918 3169 1965 est
3210 1925 3314 1965 non
3357 1912 3400 1966 is
3443 1920 3645 1968 tantum

2060 1997 2149 2065 qui
2180 2012 2317 2066 pane
2344 2009 2609 2063 vescatur,
2638 1999 2731 2055 sed
2758 2001 2845 2071 qui
2878 2003 3183 2071 priusquam
3208 2002 3318 2056 ullo
3344 2003 3480 2069 cibo,
3512 2004 3647 2058 divi-

2060 2089 2145 2144 nis
2172 2105 2237 2145 ac
2263 2090 2627 2161 spiritualihus
2670 2091 2897 2163 eloquiis
2941 2093 3260 2163 perfruatur.
3310 2093 3422 2149 lluc
3464 2106 3644 2151 autem

2061 2180 2331 2237 hominem
2360 2197 2499 2249 esse,
2530 2183 2676 2239 disce
2703 2199 2767 2239 ex
2796 2184 2877 2239 his
2902 2200 3020 2255 qua:
3045 2184 3287 2240 Christus
3313 2185 3502 2242 effatus
3526 2195 3641 2242 est:

2062 2270 2116 2327 Ν
2121 2289 2184 2328 on
2205 2274 2257 2329 in
2284 2275 2393 2329 sole
2420 2292 2552 2346 pane
2575 2276 2700 2330 vivet
2727 2276 2908 2344 homo,
2936 2276 3025 2331 sed
3053 2277 3104 2330 in
3131 2277 3269 2331 omni
3302 2276 3447 2331 verbo
3466 2321 3479 2346 ,
3511 2279 3643 2348 quod

2060 2367 2282 2436 procedit
2311 2366 2375 2420 de
2400 2383 2488 2421 ore
2511 2366 2610 2420 Dei
2635 2365 2857 2440 (Matth.
2887 2368 2940 2422 4.
2971 2364 3049 2440 4).
3081 2366 3264 2437 Itaque
3291 2367 3487 2437 dUplex
3519 2369 3641 2423 vitze

2059 2467 2257 2511 nostra:
2281 2466 2364 2512 est
2392 2457 2704 2513 alimentum
2724 2499 2740 2523 ,
2770 2475 2933 2514 unum
2960 2459 3194 2515 deterius
3212 2502 3228 2528 ,
3259 2460 3484 2515 alterum
3514 2475 3641 2515 vero

2057 2549 2436 2618 praestantius:
2469 2557 2525 2604 et
2571 2548 2674 2605 hoc
2714 2550 2981 2619 praecipue
3019 2551 3405 2620 capessendum
3435 2562 3515 2607 est
3536 2593 3551 2617 ,
3586 2563 3641 2605 ut

2056 2649 2111 2694 et
2141 2639 2373 2694 animam
2395 2639 2542 2696 alere
2563 2641 2847 2710 possimus,
2872 2656 3046 2712 neque
3069 2640 3207 2698 fame
3233 2642 3378 2696 illam
3403 2643 3636 2713 torqueri

2055 2730 2310 2786 sinamus.
2343 2729 2402 2786 In
2430 2739 2604 2786 vestra
2631 2732 2788 2801 igitur
2816 2740 3079 2802 potestate
3105 2733 3262 2788 situm
3289 2744 3392 2799 est,
3424 2745 3479 2788 ut
3503 2736 3635 2790 civi-

2057 2831 2219 2878 tatem
2244 2822 2400 2878 nobis
2429 2823 2702 2878 hominum
2734 2824 2943 2895 plenam
2971 2824 3233 2880 efficiatis.
3258 2826 3482 2894 Quando
3504 2844 3632 2898 ergo

2054 2912 2303 2970 destituta
2332 2922 2416 2970 est
2443 2914 2749 2971 hominibus
2773 2916 2950 2987 ampla
2977 2925 3031 2972 et
3056 2917 3319 2987 populosa
3348 2917 3462 2974 haec
3502 2919 3635 2974 civi-

2055 3015 2157 3073 tas,
2174 3023 2386 3079 aequum
2406 3016 2488 3064 est
2517 3016 2574 3063 ut
2602 3007 2788 3080 patria:
2813 3017 3004 3064 vestrae
3032 3007 3170 3063 hanc
3197 3010 3419 3078 gratiam
3444 3018 3499 3065 et
3522 3026 3636 3065 mu-

2054 3099 2375 3156 niﬁcentiam
2405 3099 2714 3165 conferatis,
2749 3109 2808 3156 ut
2839 3101 3165 3157 transmissis
3195 3101 3263 3157 ad
3293 3117 3388 3157 eos
3407 3119 3523 3173 quae
3549 3103 3635 3158 hic

2051 3192 2345 3249 didiceritis
2364 3234 2379 3259 ,
2410 3192 2634 3248 fratrum
2664 3193 2818 3249 nobis
2848 3193 3055 3249 animos
3087 3194 3462 3250 reconcilietis.
3497 3194 3630 3248 Tum

2050 3285 2194 3340 enim
2222 3300 2421 3341 menste
2441 3285 2726 3356 participes
2754 3299 2853 3340 nos
2874 3283 3039 3341 fuisse
3065 3286 3492 3356 eomprobamus,
3523 3301 3630 3341 non

2051 3392 2173 3432 cum
2205 3392 2443 3432 mensam
2469 3377 2746 3433 laudamus
2774 3387 2999 3445 tantum,
3029 3378 3122 3433 sed
3147 3393 3268 3433 cum
3301 3380 3386 3445 iis,
3415 3380 3503 3451 qui
3530 3380 3628 3434 ah-

2050 3468 2280 3534 fucrint,
2311 3470 2631 3526 cibariorum
2658 3470 2929 3541 quidpiam
2973 3471 3150 3542 largiri
3191 3487 3490 3541 possumus.
3520 3472 3632 3527 Hoc

2051 3573 2105 3618 et
2134 3579 2228 3619 vos
2256 3579 2398 3618 nunc
2438 3563 2577 3633 agite
2601 3604 2615 3630 ,
2648 3564 2831 3634 sicque
2867 3564 3177 3619 alterutrum
3205 3578 3272 3618 ex
3304 3564 3386 3617 his
3422 3564 3633 3620 duobus

2050 3654 2273 3708 omnino
2299 3654 2511 3709 eveniet
2537 3694 2550 3718 ,
2581 3662 2639 3707 ut
2669 3642 2754 3707 vel
2784 3653 2888 3708 illis
2919 3652 3311 3722 persuadentis,
3351 3653 3416 3708 ad
3444 3669 3542 3709 nos
3574 3665 3633 3713 ut

2049 3745 2307 3811 redeant,
2340 3747 2424 3801 vel
2466 3746 2511 3801 si
2549 3747 2601 3801 in
2631 3746 2816 3802 eadem
2859 3748 3203 3803 contentione
3246 3760 3629 3820 perseverent,

2051 3846 2241 3893 vestra:
2287 3839 2481 3908 lingua:
2520 3853 2679 3908 opera
2712 3840 3036 3905 nutriantur,
3067 3840 3174 3895 imo
3204 3856 3331 3894 vero
3359 3842 3513 3911 plane
3540 3859 3629 3897 re«

2049 3938 2343 3985 vertantur.
2383 3930 2498 3986 Non
2530 3930 2670 3984 enim
2702 3931 2878 4001 potius
2920 3930 3111 4000 eligent
3156 3932 3381 4001 gratuita
3430 3933 3629 3989 benefi-

2049 4023 2221 4077 centia
2245 4022 2454 4088 nutriri,
2488 4036 2608 4075 cum
2638 4036 2735 4091 pro
2757 4035 2853 4075 suo
2871 4020 2994 4091 jure
3020 4022 3218 4086 possint
3261 4022 3358 4091 ipsi
3399 4022 3497 4078 hac
3537 4040 3631 4093 pa-

2051 4122 2200 4167 terna
2222 4127 2405 4167 mensa
2433 4113 2611 4182 potiri.
2639 4112 2742 4167 Sed
2774 4112 2874 4166 hoc
2914 4128 3006 4167 vos
3033 4112 3205 4167 facere
3223 4154 3238 4179 ,
3271 4114 3352 4167 vel
3398 4115 3584 4170 fecisse
3606 4157 3623 4182 ,

2048 4205 2277 4259 vel-esse
2314 4203 2546 4259 facturos
2590 4204 2747 4272 plane
2788 4203 2999 4259 conﬁdo
3040 4203 3344 4275 credoque;
3391 4206 3629 4275 quando-

2047 4295 2260 4367 quidem
2289 4294 2596 4365 frequenter
2618 4294 2684 4350 ad
2716 4293 2828 4350 haec
2859 4294 3058 4349 hortari
3090 4310 3185 4350 vos
3210 4312 3316 4351 non
3338 4296 3542 4360 destiti,
3570 4307 3627 4352 et

2045 4403 2142 4444 vos
2170 4403 2380 4458 quoque
2408 4390 2553 4443 omni
2590 4387 2811 4443 scientia
2858 4388 3048 4457 repleti
3088 4389 3249 4456 estis,
3279 4389 3368 4459 qui
3408 4400 3463 4445 et
3492 4391 3626 4447 alios

2052 4477 2345 4535 admonere
2384 4481 2608 4550 possitis
2635 4481 2809 4553 (Rom.
2841 4481 2927 4538 15.
2958 4481 3063 4549 14).
3104 4480 3220 4535 iam
3249 4495 3378 4535 vero
3409 4486 3622 4549 tempus

2051 4581 2156 4638 est,
2179 4582 2238 4627 ut
2259 4581 2503 4627 nostram
2526 4574 2684 4631 vobis
2712 4575 2855 4629 hanc
2883 4588 3127 4629 mensam
3158 4571 3623 4643 apponamus,vi-

2052 4662 2155 4719 lem
2170 4662 2386 4734 quidem
2403 4664 2572 4733 ipsam
2589 4679 2653 4719 ac
2666 4672 2961 4727 tenuem,et
2973 4680 3092 4735 qua:
3105 4664 3327 4717 multant
3342 4661 3624 4732 penuriam

2053 4770 2165 4826 pra:
2185 4772 2244 4811 se
2262 4756 2422 4820 ferat,
2446 4757 2541 4813 sed
2571 4772 2689 4827 quae
2710 4757 2914 4826 optimo
2932 4764 3110 4812 tamen
3128 4756 3235 4811 cibi
3252 4754 3624 4818 condimento,

2054 4845 2339 4902 alacritate
2377 4846 2710 4912 auditorum,
2758 4846 3027 4900 instructa
3061 4847 3155 4901 sit.
3194 4846 3437 4901 Mensam
3478 4846 3626 4900 enim

2045 4934 2210 4990 efﬁcit
2244 4932 2681 5004 jucundissimam
2712 4948 2819 4988 non
2855 4930 3098 4987 ciborum
3127 4934 3507 5002 sumptuositas
3541 4949 3631 4988 so-

2047 5030 2179 5095 lum,
2211 5027 2306 5082 sed
2336 5042 2521 5082 eorum
2549 5027 2707 5080 etiam
2736 5026 2824 5095 qui
2857 5025 3060 5080 invitati
3098 5025 3292 5081 fuerint
3320 5024 3627 5095 appetitus:

2047 5122 2125 5177 sic
2152 5130 2206 5176 et
2232 5121 2372 5174 lauta
2403 5128 2457 5174 et
2483 5119 2761 5189 magniﬁca
2793 5134 2977 5173 mensa
3008 5119 3130 5173 vilis
3155 5134 3218 5174 ac
3256 5120 3435 5174 tenuis
3464 5134 3629 5189 appa-

2047 5215 2204 5278 rebit,
2230 5213 2332 5267 nisi
2358 5210 2496 5266 fame
2523 5210 2711 5280 pressi,
2740 5211 2829 5281 qui
2854 5210 3066 5276 adsunt,
3092 5209 3158 5264 ad
3188 5210 3328 5264 illam
3350 5211 3626 5273 accedant;

2047 5307 2123 5361 sic
2148 5306 2305 5361 etiam
2329 5303 2446 5358 vilis
2462 5311 2769 5371 sumptuosa
2801 5301 3122 5368 censebitur,
3151 5302 3193 5355 si
3213 5298 3484 5355 famelicos
3504 5315 3631 5355 suos

2047 5396 2298 5453 convivas
2339 5395 2624 5464 acceperit.
2677 5393 2840 5464 quue
2883 5407 3004 5449 cum
3053 5393 3219 5463 probe
3266 5401 3450 5447 nosset
3496 5392 3630 5446 alius

2049 5488 2310 5558 quispiam
2335 5528 2350 5551 ,
2384 5501 2582 5559 non,ex
2614 5493 2799 5539 natura
2824 5484 3063 5539 ciborum
3091 5525 3107 5549 ,
3138 5482 3232 5539 sed
3258 5498 3325 5538 ex
3351 5483 3542 5538 affectu
3567 5496 3631 5538 ac

2048 5579 2395 5649 diSpositione
2423 5578 2763 5632 convivarum
2794 5575 2862 5631 de
2893 5590 3198 5630 mensarum
3240 5575 3630 5645 magniﬁcentia

2044 5671 2300 5745 judicium
2329 5670 2476 5738 ferri,
2504 5670 2587 5726 his
2610 5670 2785 5725 verbis
2811 5670 2975 5725 utitur
2999 5687 3012 5723 :
3045 5668 3251 5733 Anima,
3275 5684 3388 5739 quin
3405 5668 3459 5723 in
3485 5677 3629 5723 satu-

2051 5767 2198 5820 ritate
2243 5773 2347 5826 est,
2399 5763 2525 5831 (uvis
2571 5762 2740 5818 illudit
2770 5777 2789 5817 :
2824 5762 3007 5817 animm
3057 5770 3220 5816 autem
3270 5760 3432 5830 egenti
3486 5760 3631 5815 etiam
