4096 6222
370 223 377 230 ’
449 271 550 330 m

447 385 621 459 ψυχῇ
644 386 712 441 δὲ
740 386 933 442 ἐνδεεῖ
954 389 1053 442 καί
1082 390 1154 444 τὰ
1181 388 1361 457 πικρὰ
1380 387 1607 458 γλυκέα
1633 388 1921 458 φαίνεται·
1957 386 2018 466 οῦ

447 473 549 543 τῆς
575 472 791 541 φύσεως
810 471 917 525 τῶν
950 472 1326 544 προκειμένων
1365 471 1862 543 μεταϐαλλομένης,
1886 464 2029 526 ἀλλᾶ

447 556 547 625 τῆς
565 553 856 618 διαθέσεως
884 553 993 608 τῶν
1041 554 1386 625 ἑστιωμένων
1424 555 1761 627 κλεπτούσης
1795 556 1895 626 τὴν
1937 552 2022 608 ατ-

450 638 661 708 σθησιν.
693 638 753 688 Εί
774 636 832 689 δὲ
864 637 933 690 τά
959 637 1130 709 πικρά
1155 637 1359 705 γλυκέα
1388 638 1636 706 φαίνεται
1667 638 1757 692 διὰ
1777 639 1874 710 τὴν
1903 639 2021 691 ἐπι-

449 720 646 791 θυμίαν
673 720 781 773 τῶν
808 720 1178 792 κεκλημένων,
1203 721 1380 793 πολλῷ
1404 723 1601 793 μᾶλλον
1614 722 1682 777 τά
1701 723 1890 794 εὐτελῆ
1928 740 2021 776 πο-

447 802 640 873 λυτελῆ
672 802 943 873 φαίνεται.
977 804 1067 856 Διὸ
1093 803 1157 876 δὴ
1201 805 1296 858 καὶ
1324 806 1484 876 ἡμεῖς
1503 806 1707 879 ἐσχάτῃ
1754 804 2023 869 συζῶντες

447 886 628 957 πενίᾳ,
661 886 788 949 τοὺς
821 885 1136 957 φιλοτίμους
1167 887 1277 941 τῶν
1318 888 1648 960 ἑστιατόρων
1684 887 2019 959 μιμούμεθα,

447 968 571 1021 καθ’
603 969 843 1041 ἑκάστην
876 968 1093 1034 σύναξιν
1133 970 1270 1041 7:96;
1297 971 1397 1041 τὴν
1433 971 1705 1043 ἡμετέραν
1731 971 2021 1036 καλοῦντες

447 1051 592 1120 ὑμᾶς
627 1050 926 1124 τράπεζαν.
946 1050 1212 1122 Ποιοῦμεν
1239 1053 1294 1106 δὲ
1314 1054 1488 1119 τοῦτο,
1514 1053 1575 1106 οὐ
1597 1056 1664 1125 τῇ
1692 1054 1792 1126 τῆς
1816 1056 2022 1121 οἰκείας

446 1132 706 1204 εὐπορίας
742 1133 1082 1199 πεποιθότες,
1115 1135 1247 1190 ἀλλά
1280 1139 1343 1208 τῇ
1384 1137 1483 1207 τῆς
1523 1137 1792 1209 ὑμετέρας
1820 1138 2022 1211 ἀκροά-

447 1232 584 1279 σεως
613 1216 941 1288 θαρροῦντες
982 1230 1004 1258 ο
1017 1259 1030 1272 .

513 1306 584 1375 γ’.
604 1307 717 1378 Τῆς
733 1308 833 1377 μὲν
850 1304 944 1361 οῦν
962 1310 1271 1380 ἐπιγραφῆς
1290 1310 1418 1381 ύμῖν
1431 1312 1493 1365 :6
1514 1312 1673 1383 χρέος
1692 1312 1836 1368 ἄπαν
1854 1332 2024 1369 κατα-

446 1390 809 1462 ϐεϐλήκαμεν,
836 1392 928 1462 τῆς
944 1393 1275 1463 ἐπιγραφῆς.
1307 1394 1470 1464 φημὶ,
1501 1395 1607 1448 τῶν
1634 1397 1892 1469 Πράξεων
1913 1397 2022 1452 τῶν

445 1471 843 1527 ἀποστολικῶν.
880 1473 1195 1528 ’Δκόλουθον
1215 1475 1270 1528 δὲ
1300 1475 1484 1530 λοιπὸν
1516 1472 1584 1548 ἦν
1616 1479 1709 1531 καί
1737 1480 2022 1553 τῆςάρχῆς

446 1554 687 1626 ἄψασθαι
720 1555 811 1609 τοῦ
845 1555 1073 1627 βιϐλίου,
1123 1559 1219 1611 καί
1263 1562 1435 1613 εἰπεῖν
1463 1560 1514 1613 τί
1552 1562 1682 1615 ποτέ
1730 1563 1865 1615 ἐστι·
1913 1565 2024 1618 Τὸν

439 1639 557 1708 μὲν
598 1638 833 1709 πρῶτον
874 1642 1061 1711 λόγον
1105 1640 1476 1711 ἐποιήσαμεν
1505 1644 1638 1716 περί
1691 1645 1951 1708 πάντων,
1976 1642 2024 1701 ὦ

447 1721 719 1791 Θεόφιλε,
742 1716 830 1776 ὧν
848 1722 1072 1791 ἤρξατο
1104 1726 1137 1778 ὀ
1173 1726 1402 1792 Ἰησοῦς
1425 1729 1618 1783 ποιεῖν
1637 1747 1699 1783 τε
1726 1731 1823 1785 καί
1860 1728 2023 1783 διδά-

444 1818 641 1859 σκειν.
681 1805 843 1858 Ἀλλά
890 1806 1100 1869 Παῦλος
1136 1807 1234 1860 οὐκ
1279 1809 1472 1878 ἀφίησί
1505 1828 1572 1881 με
1620 1812 1925 1883 χρήσασθαι
1953 1817 2018 1885 τῇ

446 1885 599 1960 [101]
621 1887 773 1953 τάξει
801 1886 972 1959 ταύτῃ
1017 1888 1118 1959 τῆς
1158 1889 1499 1960 ἀκολουθίας,
1536 1893 1673 1966 πρὸς
1706 1895 1895 1949 ἐαυτὸν
1927 1897 2022 1950 καὶ

443 1970 514 2024 τά
540 1972 714 2024 οἰκεῖα
739 1969 1142 2042 κατορθώματα
1153 1971 1255 2043 τὴν
1268 1973 1538 2045 ἡμετέραν
1559 1975 1803 2044 γλῶτταν
1818 1977 2017 2033 καλῶν.

458 2051 744 2124 Ἐπιθυμῶ
792 2053 900 2123 γὰρ
929 2053 1093 2107 αὑτὸν
1133 2054 1260 2109 ἰδεῖν
1294 2058 1372 2121 εἰς
1403 2059 1688 2128 Δαμασκὸν
1731 2061 2023 2131 εἰσαγόμε-

444 2151 555 2199 νον,
583 2134 888 2208 δεδεμένον,
921 2137 1022 2190 οὐκ
1060 2138 1119 2190 ἐν
1148 2138 1336 2193 ἁλύσει
1364 2141 1577 2214 σιδηρᾷ,
1604 2142 1741 2197 ἀλλά
1766 2147 1915 2217 φωνῇ
1933 2145 2022 2199 δε-

446 2222 698 2290 σποτικῇ·
724 2219 976 2291 ἐπιθυμῶ
1007 2220 1133 2276 ἰδεῖν
1164 2220 1479 2278 άλιευθέντα
1514 2225 1605 2279 τὸν
1645 2226 1796 2297 ἰχθὺν
1834 2228 2022 2282 τοῦτον

440 2299 534 2354 τδν
574 2305 768 2373 μέγαν,
796 2303 886 2356 τὸν
915 2302 1132 2358 ἃπασαν
1165 2304 1576 2375 ἀναϐράσσοντα
1605 2309 1703 2381 τὴν
1726 2309 2018 2375 θάλασσαν,

441 2384 535 2435 τὸν
558 2383 723 2456 μυρία
739 2383 960 2455 κύματα
990 2386 1131 2440 κατά
1157 2387 1257 2458 τῆς
1298 2389 1621 2463 Ἐκκλησίας
1641 2392 2017 2465 ἐπεγείραντα·

444 2465 697 2537 ἐπιθυμῶ
742 2467 870 2520 ἰδεῖν
898 2468 1060 2522 αὐτὸν
1082 2468 1421 2535 ἀλιευθέντα,
1440 2472 1539 2526 οὐκ
1565 2472 1864 2546 ἀγκίστρῳ,
1885 2475 2021 2530 ἀλλά

442 2547 585 2632 λόγῳ
598 2549 924 2632 δεσποτικῷ.
955 2552 1219 2624 Καθάπερ
1240 2553 1348 2625 γάρ
1384 2572 1468 2618 τις
1487 2556 1669 2621 άλιεὺς
1705 2560 1796 2612 ἐπὶ
1813 2560 2020 2632 πέτρας

443 2630 657 2715 ὑψηλῆς
697 2632 1025 2705 καθήμενος,
1075 2636 1168 2689 τὸν
1216 2637 1461 2709 κάλαμον
1509 2643 1873 2712 μετεωρίζων,
1919 2630 2018 2715 ἀφ’

442 2714 649 2785 ὑψηλοῦ
680 2715 740 2768 τὸ
783 2716 1078 2789 ἄγκιστρον
1106 2719 1329 2791 ἀφίησιν
1359 2722 1440 2785 εἰς
1475 2722 1536 2776 :6
1562 2723 1818 2794 πέλαγος·
1877 2714 2018 2783 οὕτω

440 2796 504 2868 δὴ
539 2799 634 2852 καὶ
661 2799 690 2851 6
715 2800 993 2872 Δεσπότης
1041 2802 1071 2856 ό
1104 2802 1393 2875 ἡμέτερος,
1423 2806 1452 2858 6
1476 2806 1575 2876 τὴν
1620 2807 1807 2863 ἀλείαν
1838 2810 2018 2879 δείξας

437 2882 539 2953 τὴν
587 2883 986 2966 πνευματικήν,
1023 2886 1271 2957 καθάπερ
1296 2888 1381 2956 ἐφ’
1428 2887 1639 2961 ὑψηλῆς
1676 2893 1882 2966 πέτρας
1906 2897 2015 2950 τῶν

439 2965 685 3051 οὐρανῶν
725 2967 1055 3051 καθήμενος,
1106 2967 1296 3042 ὥσπερ
1335 2973 1627 3051 ἄγκιστρον
1673 2965 1789 3048 τὴν
1832 2978 2015 3051 φωνήν

437 3047 642 3118 ταύτην
665 3050 824 3119 ἀφεὶς
859 3049 1084 3115 ἄνωθεν,
1114 3054 1210 3108 καί
1235 3054 1429 3122 εἰπὼν,
1475 3048 1694 3122 Σαῦλε,
1717 3047 1934 3128 Σαῦλε,
1957 3047 2016 3118 τί

431 3149 510 3201 με
531 3130 995 3217 διώκεις-οὓτως
1036 3134 1252 3206 ήλίευσε
1277 3137 1369 3192 τὸν
1400 3140 1552 3209 ἰχθὺν
1580 3141 1770 3197 τοῦτον
1802 3144 1893 3199 τὸν
1917 3148 2014 3217 μέ-

437 3231 562 3287 γαν.
617 3215 728 3269 Καὶ
758 3210 871 3270 οἷον
903 3217 996 3271 ἐπὶ
1040 3217 1133 3271 τοῦ
1185 3219 1369 3291 ἰχθύος
1419 3222 1662 3292 γέγονεν,
1693 3224 1754 3280 δν
1792 3210 2011 3298 ἠλίεῦσε

436 3298 645 3369 Πέτρος
676 3299 815 3354 κατά
862 3299 923 3354 :6
955 3302 1284 3374 πρόσταγμα
1312 3304 1373 3359 :6
1403 3304 1741 3374 δεσποτικὸν,
1772 3310 2011 3369 τοιοῦτόν

432 3399 488 3436 τι
508 3382 605 3467 κμί
630 3384 724 3438 ἐπὶ
744 3383 934 3467 τούτου
953 3384 1195 3467 συνέϐη.
1233 3388 1343 3441 Καὶ
1372 3387 1482 3461 γάρ
1515 3390 1609 3463 καὶ
1632 3386 1785 3457 06:0;
1814 3397 1842 3449 6
1860 3395 2021 3467 ἰχθὺς,

433 3463 630 3549 εὑρέθη
658 3465 901 3549 στατῆρα
937 3465 1076 3537 ἔχων
1099 3469 1157 3521 ἐν
1187 3468 1265 3539 τῷ
1319 3471 1566 3542 στόματι,
1599 3476 1846 3548 στατῆρα
1880 3463 2008 3549 μὲν,

366 3534 369 3535 ν
433 3534 686 3618 κίϐδηλον
707 3548 782 3601 δέ·
798 3534 910 3620 εἷχε
945 3534 1044 3622 μέν
1069 3551 1176 3624 γάρ
1192 3534 1374 3622 ζῆλον,
1391 3534 1451 3608 0'6
1471 3534 1588 3611 κατ’
1604 3534 1898 3628 ἐπίγνωσιν
1926 3534 2005 3620 δέί

431 3628 533 3715 Διά
567 3628 726 3715 τοῦτο
751 3631 850 3715 τήν
879 3633 1172 3702 ἐπίγνωσιν
1216 3635 1366 3708 αὐτῷ
1409 3641 1774 3715 χαρισάμενος
1801 3645 1829 3697 6
1855 3645 2008 3713 Θεὸς,

431 3711 654 3781 δόκιμον
698 3712 921 3787 ἐποίησε
981 3716 1043 3770 :6
1099 3717 1358 3790 νόμισμα·
1413 3722 1508 3774 καὶ
1566 3711 1705 3796 ὅπερ
1760 3725 1852 3779 ἐπὶ
1899 3711 2009 3784 τῶν

431 3796 796 3869 ἀλιευομένων
843 3798 1041 3871 ἰχθύων
1072 3802 1302 3872 γίνεται,
1332 3804 1491 3861 τοῦτο
1530 3810 1625 3863 καὶ
1674 3811 1765 3865 ἐπὶ
1817 3814 2007 3870 τούτου

431 3885 643 3952 γέγονε.
671 3882 936 3956 Καθάπερ
960 3883 1068 3958 γάρ
1105 3888 1302 3941 ἐκεῖνοι
1341 3889 1437 3944 τοῦ
1489 3893 1760 3963 πελάγους
1805 3897 2009 3964 εὐθέως

430 3964 854 4049 ἁνελκυσθέντες
877 3968 1334 4040 ἀποτυφλοῦνται,
1377 3972 1521 4029 οὕτω
1548 3976 1642 4030 καί
1672 3970 1828 4044 06:0;
1852 3980 2008 4049 δεξά-

433 4065 592 4119 μενος
618 4048 821 4114 εὐθέως
843 4050 906 4104 τὸ
926 4051 1240 4125 ἄγκιστρον,
1271 4057 1365 4109 καὶ
1399 4057 1768 4126 ἀνασπασθεὶς
1804 4048 2007 4130 εὐθέως

429 4131 809 4219 ἐπετυφλώθη·
843 4133 956 4219 ἀλλ’
981 4136 1217 4219 ἐκείνηή
1251 4137 1522 4219 τύφλωσις
1543 4144 1723 4198 πᾶσαν
1754 4148 2005 4219 οἰκουμέ-

429 4232 527 4285 νην
558 4214 857 4284 άναϐλέψαι
883 4217 1126 4289 ἐποίησε.
1154 4220 1320 4273 Ταῦτ’
1353 4216 1446 4276 οῦν
1482 4224 1697 4281 ἅπαντα
1733 4228 1858 4283 ἰδεῖν
1884 4214 2003 4286 ἐπι-

428 4296 607 4384 θυμῶ.
640 4296 749 4350 Καὶ
780 4297 911 4384 γάρ-
937 4299 1268 4384 εἰμπόλεμος
1301 4304 1430 4375 ἡμῖν
1470 4312 1838 4382 περιειστήκει
1870 4313 2004 4384 βαρ⁶

427 4378 672 4450 ϐαρικδς,
707 4380 803 4434 καὶ
832 4381 925 4435 ἐπὶ
954 4381 1056 4469 τῆς
1096 4385 1448 4469 παρατάξεως
1474 4392 1523 4442 οἰ
1550 4378 1794 4463 πολέμιοι
1832 4378 2002 4469 μυρία

427 4465 685 4554 παρεῖχον
704 4465 836 4536 ήμῖν
866 4466 1185 4554 πράγματα,
1204 4464 1322 4523 εἶτα
1351 4471 1380 4524 6
1408 4476 1711 4545 στρατηγὸς
1734 4464 1843 4533 τῶν
1870 4464 2001 4554 βαρ-

427 4545 633 4618 ϐάρων,
668 4549 697 4600 ό
747 4547 915 4620 μυρία
954 4552 1245 4620 προσάγων
1281 4558 1665 4627 μηχανήματα,
1697 4561 1791 4614 καὶ
1824 4545 1999 4620 πάντα

427 4629 670 4720 συγχέων
698 4629 766 4720 τά
791 4630 1053 4703 ἡμέτερα,
1083 4634 1177 4720 καὶ
1213 4636 1409 4691 πολλοῦ
1445 4638 1673 4712 θορύϐου
1708 4646 1802 4700 καί
1832 4664 1999 4720 ταρα-

425 4711 525 4781 χῆς
548 4710 792 4782 πληρῶν,
818 4715 913 4767 καὶ
943 4716 1038 4786 τήν
1073 4715 1225 4770 πόλιν
1245 4720 1412 4792 αὐτὴν
1446 4710 1682 4781 ἀπειλῶν
1723 4710 2001 4788 κατασᾷιά-

423 4795 566 4864 ψειν,
591 4795 684 4883 καὶ
711 4795 1051 4883 παραδώσειν
1100 4800 1251 4871 πυρὶ,
1284 4805 1379 4857 καί⁸
1427 4805 1670 4865 δουλείαν
1699 4813 1831 4883 ἡμῖν
1891 4818 1989 4871 ἐπ-

421 4876 855 4969 ανατεινόιμενος,
870 4878 1128 4969 ἐξαίφνης
1154 4884 1260 4969 67:6
1286 4887 1380 4969 :06
1409 4888 1669 4958 βασιλέως
1680 4876 1774 4949 τοῦ
1802 4898 1998 4969 ήμετέ-

421 4975 518 5047 ρου
545 4958 720 5047 δεθεὶς
760 4962 1103 5047 αἰχμάλωτος
1142 4968 1223 5031 εἰς
1252 4967 1350 5041 τὴν
1382 4972 1536 5029 πόλιν
1569 4976 1752 5047 ἤγετο,
1794 4958 1997 5047 πάντες

417 5041 485 5095 ἂν
524 5045 992 5137 μεταιγυναικῶν
1046 5050 1426 5137 καίηπαιδίων
1458 5041 1994 5137 πρὸς-τῆν’θεωρίαν

417 5126 632 5220 ἐκείνην
678 5127 1136 5220 ἐξεπηδήσαμεν.Δ
1160 5134 1313 5220 Ἐπεὶ
1365 5133 1460 5193 οῦν
1490 5126 1584 5196 καὶ
1629 5126 1723 5199 νῦν
1759 5126 1992 5220 πόλεμος

418 5210 771 5282 συνέστηκεν,
818 5213 1084 5269 Ἰουδαίων
1117 5215 1491 5289 θορυϐούντων
1530 5225 1745 5283 ἅπαντα
1771 5232 1866 5285 καὶ
1891 5210 1990 5287 ’τα-

417 5292 738 5389 ραττόντων,
799 5295 894 5351 καὶ
926 5298 1097 5354 πολλὰ
1138 5304 1204 5374 τῇ
1238 5304 1338 5376 τῆς
1373 5306 1697 5379 Ἐκκλησίας
1725 5314 1991 5389 ἀσφαλείᾳ

411 5376 796 5461 προσαγόχτων
822 5384 1203 5455 μηχανήματα,
1239 5386 1300 5440 τὸ
1331 5387 1388 5441 δὲ
1422 5376 1714 5461 κεφάλαιον
1751 5376 1859 5453 τῶν
1890 5376 1988 5454 ποί

411 5454 615 5545 λεμίων
659 5454 728 5533 ἦν
758 5462 787 5517 6
818 5454 1051 5533 Παῦλος,
1087 5470 1119 5523 6
1165 5470 1381 5527 πάντων
1435 5454 1659 5545 μείζονα
1689 5483 1784 5536 καί
1819 5484 1986 5539 ποιῶν

411 5540 504 5593 καὶ
533 5540 730 5615 λέγων,
773 5546 801 5600 ό
846 5548 1023 5607 πάντα
1055 5550 1297 5624 θορυϐῶν
1343 5540 1448 5613 καὶ.
1482 5561 1785 5633 ταράττων,
1827 5566 1984 5625 ἔδησε

472 5671 500 5700 ⁸
523 5672 616 5724 Hic
646 5677 823 5732 deesse
847 5681 1032 5746 aliquid
1058 5686 1268 5736 videtur.

1169 278 1228 335 S.
1275 278 1564 336 JOANNlS
1597 277 2096 335 CHRYSOSTOMI
2132 278 2453 340 ARCHIEP.
2484 283 3032 344 CONSTANTINOP.

3593 284 3691 344 ll8

2121 383 2364 473 62:66:6v
2394 391 2422 443 6
2444 390 2646 463 Κύριος
2682 393 2839 465 ήμῶν
2870 395 3077 469 Ἰησοῦς
3102 397 3365 471 Χριστὸς,
3385 403 3414 456 6
3444 401 3695 473 βασιλεὺς

2121 469 2151 520 6
2182 470 2468 542 ἡμέτερος,
2495 474 2651 547 ἔδησε
2697 478 2792 533 καί
2823 469 3167 552 αἰχμάλωτον
3206 469 3467 557 εἰσήγαγε
3509 487 3694 545 τοῦτον

2120 562 2211 616 τόν
2240 564 2417 619 πάντα
2456 568 2848 641 ἀνατρέποντα,
2873 575 2974 628 οὐκ
2994 575 3300 649 ἐξέλθωμεν
3313 580 3565 643 ’ἅπαντες
3602 582 3696 636 ἐπὶ

2119 652 2218 725 τὴν
2274 654 2505 729 θεωρίαν
2541 661 2765 733 ταύτην,
2801 663 2946 719 ὥστε
2989 666 3117 720 ἰδεῖν
3148 667 3316 722 αὐτὸν
3349 671 3694 742 αἰχμάλωτον

2121 746 2419 818 ἀγόμενον;
2449 751 2560 805 Καὶ
2588 752 2697 825 γάρ
2724 754 2774 808 οἰ
2818 755 3037 825 ἄγγελοι
3068 759 3189 812 τότε
3223 760 3287 813 ἐκ
3311 761 3421 815 τῶν
3450 762 3694 831 οὐρανῶν

2120 837 2357 909 ὁρῶντες
2387 841 2549 896 αὐτὸν
2575 843 2857 917 δεδεμένον
2883 849 2975 902 καί
2998 851 3374 922 εἰσαγόμενον,
3403 853 3691 926 ἐσκίρτων·

2121 928 2221 980 οὐκ
2273 930 2460 1004 ἐπειδὴ
2493 932 2773 1004 δεδεμένον
2811 934 2949 992 εἶδον
3005 941 3183 1010 μόνον,
3234 942 3348 996 ἀλλ’
3383 946 3570 1019 ἐπειδή
3611 948 3697 1003 ἐν·

2121 1019 2304 1073 ενόουν
2318 1021 2476 1088 ὅσους
2501 1023 2817 1097 ἀνθρώπους
2839 1028 3082 1085 ἀπὸτῶν
3111 1032 3325 1104 δεσμῶν
3353 1035 3500 1092 λύειν
3533 1037 3695 1110 ἔμελ-

2119 1110 2230 1164 λεν·
2283 1113 2384 1167 οὐκ
2433 1116 2620 1189 ἐπειδὴ
2667 1122 3172 1194 χειραγωγούμενον
3227 1126 3540 1193 ἐθεάσαντο,
3577 1133 3693 1193 ἀλλῗ

2121 1202 2307 1276 ἐπειδὴ
2336 1204 2662 1275 ἐλογίζοντο,
2687 1209 2844 1274 ὅσους
2865 1212 3183 1284 ἀνθρώπους
3203 1215 3425 1289 ἔμελλεν
3459 1222 3568 1276 ἀπὸ
3596 1225 3695 1295 τῆς

2120 1295 2223 1365 γῆς
2260 1296 2341 1360 εἰς
2362 1297 2454 1352 τὸν
2477 1299 2703 1371 οὐρανὸν
2733 1309 3090 1375 χειραγωγεῖν
3140 1310 3365 1375 ἐκεῖνος.
3406 1312 3504 1367 Διά
3536 1315 3696 1372 τοῦτο

2120 1384 2358 1459 ἔχαιρον,
2391 1390 2492 1444 οῦκ
2525 1392 2713 1464 ἐπειδὴ
2738 1399 3137 1469 πεπηρωμένον
3161 1397 3321 1467 εἶδον,
3362 1404 3474 1459 ἀλλ’
3505 1408 3693 1483 ἐπειδὴ

2120 1481 2360 1536 ἐνενόουν
2388 1483 2546 1549 ὅσους
2582 1486 2805 1557 ἔμελλεν
2833 1490 2942 1543 67:6
3000 1492 3222 1558 σκότους
3252 1494 3557 1566 ἐξαγαγεῖν.
3591 1481 3695 1557 Ποέ

2125 1570 2347 1642 ρεύθητι
2376 1574 2506 1645 γὰρ.
2538 1577 2725 1647 φησὶν,
2756 1579 2837 1643 εἰς
2863 1581 2931 1635 τὰ
2964 1581 3112 1654 ἔθνη,
3145 1585 3239 1639 καί
3254 1586 3569 1656 ἀπαλλάξας
3599 1593 3697 1646 αύ-

2120 1664 2247 1727 τοὺς
2274 1665 2383 1719 ἀπὸ
2406 1668 2651 1736 σκότους,
2685 1675 3043 1745 μεταστήσεις
3071 1677 3267 1743 αὐτοὺς
3303 1682 3384 1746 εἰς
3414 1682 3514 1756 τὴν
3541 1684 3696 1756 βασι-

2121 1754 2271 1809 λείαν
2316 1758 2416 1829 τῆς
2471 1759 2692 1833 ἀγάπης
2747 1762 3003 1836 Χριστοῦ.
3056 1766 3206 1842 [102]
3263 1771 3362 1826 Διά
3406 1754 3582 1830 ταῦτα
3633 1779 3695 1833 :6

2121 1847 2405 1919 προοίμιον
2441 1851 2621 1920 ἀφεὶς,
2677 1856 2758 1920 εἰς
2810 1856 2875 1910 :6
2931 1858 3095 1930 μέσον
3144 1861 3403 1918 ἅλλεσθαι
3453 1868 3690 1926 σπεύδω.

2120 1937 2332 2004 Παῦλος
2363 1939 2473 2012 γὰρ
2529 1943 2622 1997 καὶ
2652 1945 2681 1997 6
2723 1945 2935 2001 Παύλου
2989 1949 3155 2015 πόθος
3209 1953 3515 2026 ἠνάγκασεν
3548 1960 3697 2031 ἡμᾶς

2121 2030 2361 2101 πηδῆσαι
2388 2033 2546 2088 τοῦτο
2568 2036 2629 2089 :6
2655 2038 2899 2111 πήδημα.
2953 2042 3164 2110 Παῦλος
3193 2048 3289 2101 καὶ
3308 2049 3337 2102 6
3359 2030 3695 2109 “0.1310077166-

2121 2121 2231 2186 θος.
2261 2123 2549 2195 Σύγγνωτέ
2577 2146 2688 2199 μοι,
2718 2131 2916 2201 μᾶλλον
2937 2134 2992 2187 δὲ
3021 2135 3096 2207 μὴ
3118 2137 3418 2207 σύγγνωτε,
3448 2126 3695 2199 ἀλλὰκαὶ

2122 2215 2401 2285 ζηλώσατε
2424 2219 2516 2273 τὸν
2548 2220 2726 2293 ἔρωτα
2752 2224 2961 2282 τοῦτον.
2998 2227 3057 2281 ὐ
3087 2230 3311 2305 μὲνγὰρ
3338 2233 3535 2290 ἄτοπον
3551 2237 3694 2311 ἐρῶν

2121 2306 2320 2380 ἔρωτα,
2343 2311 2568 2377 εἰκότως
2596 2315 2925 2390 συγγνώμην
2946 2319 3106 2373 αἰτεῖ·
3133 2322 3163 2375 6
3184 2322 3243 2376 δέ
3270 2325 3509 2381 τοιοῦτον
3529 2306 3691 2401 ἐρῶν,

2121 2399 2546 2467 καλλωπιξέσθω
2589 2405 2670 2477 τῷ
2707 2406 2877 2480 πόθῳ,
2913 2410 3009 2465 καί
3054 2412 3283 2480 πολλοὺς
3320 2399 3692 2478 ποιείτωήκοι-

2119 2493 2321 2556 νωνοὺς
2347 2494 2450 2565 τῆς
2477 2495 2795 2570 ἐπιθυμίας,
2826 2501 2921 2555 καί⁵
2958 2505 3292 2575 συνεραστάς
3322 2508 3486 2565 αὐτοῦ
3525 2530 3692 2569 κατα-

2120 2584 2430 2650 σκευαζέτω
2459 2589 2704 2660 μυρίους.
2749 2591 2813 2646 Εἰ
2854 2592 2955 2664 μὲν
3001 2594 3110 2668 γάρ
3145 2592 3213 2669 ἦν
3258 2598 3362 2672 όδῷ
3409 2600 3692 2673 βαδίζοντα

2118 2677 2213 2729 κα)⁸
2242 2676 2392 2745 τάξει
2426 2680 2806 2752 προϐαίνοντα,
2851 2687 2946 2739 καὶ
2977 2687 3046 2742 τὰ
3073 2689 3316 2764 πρότερα
3340 2694 3537 2762 εἰπεῖν,
3594 2699 3691 2753 καὶ

2117 2768 2252 2839 7:96;
2275 2769 2344 2824 τά
2367 2771 2507 2842 μέσα
2537 2772 2762 2843 φθάσαι.
2797 2777 2897 2830 οὐκ
2919 2777 2984 2832 ἂν
3012 2780 3110 2851 τὴν
3134 2782 3307 2854 ἀρχήν
3336 2786 3583 2855 ἀφέντες,
3608 2791 3693 2844 εύ-

2117 2858 2256 2925 θέως
2284 2862 2378 2916 ἐπὶ
2414 2862 2477 2917 :6
2503 2864 2667 2935 μέσον
2695 2866 2951 2939 ήλθομεν·
2987 2872 3176 2945 ἐπειδὴ
3203 2874 3260 2929 δὲ
3292 2876 3403 2931 τῶν
3429 2881 3689 2954 Πατέρων

2112 2949 2141 3001 6
2173 2949 2335 3020 νόμος
2371 2952 2582 3008 κελεύει
2616 2957 2754 3026 μετὰ
2788 2957 2887 3031 τήν
2920 2964 3302 3037 Πεντηκοστήν
3339 2949 3689 3030 ἀποτίθεσθαι

2112 3041 2172 3095 :6
2195 3041 2422 3112 βιϐλίον,
2452 3046 2547 3100 καὶ
2569 3046 2646 3118 τῷ
2680 3047 2825 3103 τέλει
2849 3052 2949 3123 τῆς
2969 3053 3164 3127 ἑορτῆς
3187 3057 3393 3132 ταύτης
3418 3079 3689 3133 συγκατα-

2110 3132 2298 3187 λύεται
2331 3136 2426 3190 καί⁸
2461 3138 2495 3209 ή
2533 3136 2629 3192 τοῦ
2685 3138 2891 3210 βιϐλίου
2932 3145 3259 3216 ἀνάγνωσις,
3295 3132 3569 3227 ἐφοϐήθην
3604 3160 3681 3232 μή

2112 3243 2243 3281 ποτε
2266 3229 2399 3300 περί
2424 3229 2494 3285 τὰ
2519 3231 2783 3303 προοίμια
2814 3234 3229 3310 ἀσχολουμένων
3254 3244 3415 3316 ήμῶν
3444 3248 3538 3301 καὶ
3568 3229 3686 3305 διαξ

2110 3320 2424 3391 τριϐόντων,
2466 3325 2860 3400 προσεκδράμῃ
2900 3328 2999 3400 τὴν
3051 3332 3326 3406 ἡμετέραν
3368 3336 3553 3409 ἄφιξιν
3583 3340 3688 3412 τῆς

2114 3412 2356 3486 ίστορίας
2413 3417 2447 3488 ή
2504 3417 2814 3474 ἀκολουθία.
2858 3421 2959 3475 Διά
2994 3423 3152 3479 τοῦτο
3182 3425 3414 3499 ἔδραμον
3446 3432 3555 3486 67:6
3586 3433 3687 3504 τῆς

2111 3505 2283 3576 ἀρχῆς
2312 3507 2405 3560 τοῦ
2421 3507 2774 3581 διηγήματος,
2804 3512 2897 3566 καὶ
2917 3514 3166 3588 καθάπερ
3202 3518 3444 3591 κεφαλῆς
3464 3522 3686 3579 ὄπισθεν

2109 3597 2354 3667 κατέχων
2388 3598 2451 3651 :6
2473 3600 2759 3672 προοίμιον
2780 3603 2881 3674 τῆς
2909 3605 3170 3677 ἱστορίας,
3206 3607 3469 3675 κελεύσας
3505 3618 3686 3682 μεῖναι

2107 3688 2201 3741 καὶ
2218 3690 2407 3761 στῆναι
2438 3693 2582 3763 ὑμᾶς
2608 3694 2667 3747 ἐν
2694 3697 2760 3767 τῇ
2799 3697 2940 3770 ἀρχῇ
2967 3699 3066 3771 τῆς
3100 3700 3240 3755 όδοῦ.
3275 3702 3387 3775 Τῆς
3413 3704 3522 3777 γὰρ
3575 3706 3673 3762 τοῦ

2105 3782 2437 3854 διηγήματος
2468 3787 2712 3859 κεφαλῆς
2748 3789 3045 3861 ἁψάμενος,
3078 3792 3297 3866 θαρρῶν
3324 3795 3512 3851 λοιπὸν
3538 3799 3680 3853 67:6-
3776 3858 3783 3864 ,

2108 3893 2192 3930 σιν
2221 3877 2475 3951 ἐπέξειμι
2500 3881 2616 3944 τοῖς
2644 3880 2873 3948 λοιποῖς,
2906 3884 3007 3938 κᾶν
3037 3886 3070 3957 ή
3096 3886 3259 3959 ἑορτὴ
3295 3889 3561 3964 παρέλθῃ·
3587 3892 3680 3946 ού-

2102 3973 2213 4039 δείς
2244 3975 2354 4048 γάρ
2377 3978 2508 4050 ἡμῖν
2548 3978 2806 4052 ἀκαιρίαν
2850 3982 3156 4052 ἐγκαλέσει,
3207 3985 3377 4058 αὐτῆς
3416 3989 3513 4061 τῆς
3541 3992 3679 4046 κατά

2102 4079 2201 4150 τὴν
2220 4079 2544 4136 ἀκολουθίαν
2572 4082 2822 4157 ἀνάγκης
2851 4085 2961 4140 τῶν
2987 4087 3088 4158 τῆς
3116 4088 3379 4161 ἀκαιρίας
3400 4093 3679 4166 ἐγκλημά-

2102 4200 2209 4253 ςτων
2232 4184 2681 4258 ἀπαλλαττούσης
2725 4189 2893 4258 ἡμᾶς·
2933 4189 3022 4244 διά
3046 4191 3204 4247 τοῦτο
3234 4194 3343 4250 ἀπὸ
3361 4195 3470 4250 τῶν
3494 4215 3677 4269 προοι-

2106 4280 2246 4352 μίων
2277 4281 2372 4336 ἐπὶ
2415 4282 2476 4337 τὸ
2524 4284 2690 4355 μέσον
2718 4286 2973 4360 ἔδραμον.
3018 4288 3139 4345 Ὅτι
3176 4293 3287 4364 γὰρ
3323 4294 3424 4350 οὐκ
3461 4291 3529 4368 ἦν
3570 4297 3676 4369 ὁδῷ

2103 4382 2385 4453 βαδίζοντα
2410 4385 2547 4458 πρὸς
2571 4386 2781 4443 Παῦλον
2804 4389 2996 4454 ἐλθεῖν,
3019 4391 3158 4446 ἀλλά
3182 4393 3586 4469 προεξέδραμεν
3608 4398 3675 4453 ἂν

2100 4483 2245 4554 τῆςὴ
2255 4484 2489 4558 μετέρας
2514 4486 2761 4561 γλώττης
2786 4490 2847 4545 :6
2875 4491 3101 4562 βιϐλίον,
3115 4494 3207 4549 καὶ
3227 4497 3327 4561 τὰς
3353 4497 3524 4570 θύρας
3541 4502 3674 4573 ήμῖν

2098 4582 2421 4639 ἀπέκλεισεν
2464 4585 2552 4651 ἂν,
2583 4586 2643 4655 ἐξ
2680 4587 2847 4643 66:06
2874 4575 2970 4644 :06
3010 4592 3295 4664 προοιμίου
3326 4596 3539 4668 ποιήσω
3567 4615 3674 4669 φα-

2096 4681 2272 4752 νερὸν,
2302 4684 2352 4738 εἰ
2401 4685 2495 4739 καὶ
2523 4686 2625 4759 ἢδη
2652 4688 2840 4758 γέγονε
2871 4689 3028 4744 τοῦτο
3055 4691 3234 4762 δῆλον.

2166 4784 2229 4839 δ’.
2273 4787 2335 4841 Εἰ
2371 4787 2480 4861 γὰρ
2509 4790 2823 4863 ἐπιγραφὴν
2859 4794 3028 4866 μόνην
3055 4796 3184 4869 ὑμῖν
3210 4797 3672 4869 ἀναγινώσκοντες

2097 4875 2189 4927 καὶ
2221 4875 2593 4947 ἐξηγούμενοι,
2612 4881 2672 4932 :6
2693 4881 2863 4951 ἥμισυ
2881 4884 2979 4954 τῆς
2995 4886 3190 4958 ἑορτῆς
3218 4887 3597 4960 ἀνηλώσαμεν,
3621 4893 3669 4945 εἰ

2096 4965 2191 5019 καί
2216 4966 2353 5038 πρὸς
2372 4967 2433 5021 :6
2463 4968 2700 5039 πέλαγος
2723 4973 2857 5027 66:6
2886 4975 2977 5028 :06
3007 4975 3211 5046 βιϐλίου
3241 4980 3349 5033 ἀπὸ
3371 4980 3463 5034 τοῦ
3486 4998 3665 5055 7:900:-

2097 5054 2220 5125 μίου
2252 5057 2564 5129 ἀρξάμενοι,
2609 5061 2699 5115 τὸν
2753 5064 2911 5134 λόγον
2962 5068 3175 5135 ἀφεῖναι
3212 5054 3665 5145 ἐπεχειρήσαμεν,

2094 5147 2257 5203 πόσον
2306 5148 2372 5204 ἄν
2400 5150 2758 5225 ἀνηλώσαμεν
2798 5156 3010 5227 χρόνον,
3046 5158 3185 5213 ὥστε
3232 5159 3430 5228 φθάσαι
3480 5166 3561 5229 εἰς
3602 5165 3669 5218 τά

2091 5240 2231 5293 κατὰ
2259 5241 2349 5294 τὸν
2376 5241 2585 5299 Παῦλον
2612 5245 2957 5317 διηγήματας
2989 5250 3206 5304 Μᾶλλον
3232 5251 3287 5305 δὲ
3315 5251 3374 5320 ἐξ
3395 5253 3555 5308 αὑτοῦ
3571 5255 3665 5308 τοῦ

2091 5331 2378 5405 προοιμίου
2409 5334 2568 5406 δῆλον
2597 5336 2725 5407 ὑμῖν
2745 5337 2904 5392 τοῦτο
2929 5342 3149 5409 ποιῆσαι
3181 5343 3535 5415 πειράσομαι,
3554 5345 3668 5400 Τὸν

2082 5418 2201 5489 μὲν
2228 5419 2463 5490 πρῶτον
2487 5425 2673 5495 λόγον
2719 5426 3097 5498 ἐποιησάμην
3153 5432 3287 5500 περὶ
3327 5432 3589 5500 πάντων,
3619 5430 3668 5491 ὦ

2091 5514 2358 5582 Θεόφιλε.
2412 5516 2562 5572 Πόσα
2605 5519 2853 5589 νομίζετε
2892 5522 3125 5577 ἐνταῦθα
3159 5518 3296 5579 εἶναι
3340 5526 3660 5598 ζητήματα;

2090 5604 2332 5676 Πρῶτον,
2356 5607 2498 5673 τίνος
2516 5610 2699 5663 ἕνεκεν
2730 5612 3137 5684 ἀναμιμνήσκει
3158 5615 3320 5672 αὐτὸν
3346 5617 3441 5671 τοῦ
3474 5618 3661 5691 προτέ-

2093 5714 2185 5765 ρου
2204 5697 2429 5765 βιϐλίου.
2461 5700 2740 5770 Δεύτερον,
2771 5704 2916 5768 τίνος
2931 5705 3116 5760 ἕνεκεν
3141 5708 3329 5777 λόγον
3356 5709 3531 5775 καλεῖ,
3566 5706 3662 5765 καί
