4096 6222
397 279 492 337 ll?
923 275 988 332 IN
1029 273 1252 342 ILLUD,
1292 270 1557 329 SAULUS
1592 269 1823 328 ADHUC
1861 267 2166 328 SPIRANS.
2212 271 2297 329 DE
2340 277 2736 337 MUTATIONE
2763 281 3096 342 NOMINUM.
3135 285 3180 341 ι.

391 412 566 452 omam
591 394 764 450 dulcia
788 393 1021 450 videntur
1045 391 1228 462 (Prov.
1253 389 1344 444 27.
1370 389 1424 458 7)
1449 407 1464 444 :
1493 402 1598 442 non
1622 383 1762 459 quod
1785 397 1971 439 eorum

391 505 510 560 quas
537 489 779 560 apposita
804 496 926 544 sunt
948 526 964 552 ,
988 495 1176 540 natura
1205 490 1462 547 mutetur,
1492 479 1587 536 sed
1610 478 1752 550 quod
1785 493 1972 533 eorum

391 581 626 649 affectio,
653 581 743 652 qui
769 577 1016 636 convivio
1042 561 1167 633 sunt
1191 574 1438 644 excepti,
1467 588 1683 628 sensum
1723 571 1973 641 decipiat.

389 676 540 748 Quod
563 675 612 732 si
633 681 848 745 propter
865 670 1207 726 convivarum
1232 667 1572 738 cupiditatem
1597 681 1776 721 amara
1801 664 1974 719 dulcia

388 770 655 833 videntur,
677 765 848 822 multo
885 762 1055 832 magis
1078 778 1142 820 ea
1179 777 1300 832 quae
1327 760 1447 815 vilia
1486 767 1629 824 sunt,
1664 765 1974 828 sumptuosa

388 861 731 916 videbuntur.
774 858 948 927 Atque
974 856 1172 912 idcirco
1210 868 1310 909 nos
1348 867 1580 924 quoque,
1613 865 1818 906 summa
1849 849 1976 905 licet

387 953 562 1024 inepia
594 951 787 1022 pressi,
809 949 1118 1020 magnificos
1137 947 1507 1018 convivatores
1533 944 1821 1009 imitamur,
1845 940 1970 996 dum

384 1047 609 1117 singulis
635 1043 876 1100 collectis
899 1042 966 1098 ad
995 1049 1233 1097 nostram
1263 1054 1360 1094 vos
1387 1052 1628 1093 mensam
1661 1034 1968 1090 invitamus.

384 1138 438 1194 ιιι
472 1152 603 1192 vero
630 1135 852 1191 facimus
881 1149 989 1189 non
1019 1131 1222 1190 nostris
1240 1129 1428 1202 Opibus
1455 1127 1598 1196 freti,
1622 1125 1717 1182 sed
1738 1122 1879 1196 quod
1903 1123 1972 1180 de

383 1240 561 1286 vestra
589 1227 864 1282 auditione
887 1223 1242 1280 confidamus.

408 1370 421 1382 .
453 1323 508 1378 3.
555 1317 712 1375 Pauli
749 1318 974 1373 conversi
1008 1333 1124 1371 cum
1177 1316 1315 1385 pisce
1350 1311 1682 1381 comparatio.
1737 1339 1810 1350 —
1860 1306 1970 1362 To-

381 1425 494 1470 tum
527 1414 686 1485 igitur
724 1411 960 1467 debitum
1001 1405 1362 1477 inscriptionis
1399 1404 1549 1460 vobis
1575 1402 1928 1474 persolvimus
1951 1441 1967 1466 ,

381 1505 783 1576 inscriptionis,
826 1503 1040 1572 inquam
1066 1542 1082 1567 ,
1125 1501 1380 1555 Actorum
1427 1495 1860 1566 apostolicorum.
1900 1492 1970 1548 Ut

380 1599 542 1670 igitur
570 1596 775 1651 initium
806 1593 924 1648 libri
964 1593 1376 1662 attingeremus,
1413 1587 1546 1644 ordo
1588 1585 1866 1656 exigebat,
1908 1599 1972 1640 ac

379 1689 716 1753 doceremus,
768 1684 896 1758 quid
941 1684 1042 1738 hoc
1090 1682 1193 1738 sibi
1245 1681 1374 1736 velit
1429 1698 1442 1735 :
1494 1679 1727 1733 Primum
1771 1676 1969 1747 quidem

377 1795 660 1836 sermonem
708 1778 918 1848 fecimus
968 1775 1033 1830 de
1085 1774 1316 1830 omnibus
1345 1813 1360 1839 ,
1405 1788 1436 1826 ο
1488 1769 1805 1840 Theophile,
1858 1785 1971 1838 qme

379 1875 530 1944 coepit
566 1871 716 1926 Iesus
745 1876 912 1942 facere
942 1885 1003 1923 ac
1029 1868 1208 1922 docere
1236 1866 1375 1936 (Act.
1407 1866 1457 1920 l.
1482 1865 1556 1937 1).
1586 1863 1967 1920 Verumtamen

379 1982 487 2021 non
531 1965 660 2019 sinit
706 1963 902 2018 Paulus
954 1969 1013 2015 ut
1061 1959 1199 2014 hanc
1245 1959 1439 2014 seriem
1485 1954 1690 2012 ordinis
1731 1969 1966 2024 sequar,

376 2058 474 2115 sed
513 2056 578 2111 ad
623 2071 682 2112 se
717 2069 921 2125 suaque
959 2061 1108 2108 recte
1149 2050 1283 2106 facta
1330 2049 1564 2118 linguam
1612 2054 1847 2100 nostram
1891 2045 1972 2098 in-

376 2149 528 2203 vitat.
577 2146 745 2218 Cupio
782 2157 1013 2214 namque
1048 2141 1231 2197 videre
1277 2140 1422 2196 illum
1464 2137 1824 2193 introductum
1871 2136 1973 2190 Da-

373 2253 616 2295 mascum
652 2280 667 2304 ,
726 2251 834 2292 non
877 2237 1050 2290 ferrea
1103 2241 1329 2296 catena,
1387 2231 1482 2287 sed
1521 2229 1785 2286 dominica
1838 2243 1972 2284 voce

371 2331 638 2384 vinctum.
669 2327 840 2396 Cupio
881 2324 1066 2380 videre
1103 2322 1309 2393 piscatu
1346 2331 1560 2392 captum
1601 2321 1800 2390 piscem
1830 2320 1972 2376 hunc

370 2434 655 2490 magnum,
692 2417 784 2489 qui
806 2425 977 2472 totum
1002 2423 1304 2471 exmstuans
1328 2428 1478 2469 mare
1521 2412 1834 2478 conturbat,
1879 2412 1968 2481 qui

372 2510 577 2566 ﬂuctus
615 2509 924 2563 innumeros
967 2505 1226 2562 adversus
1274 2503 1566 2560 Ecclesiam
1614 2502 1826 2557 excitat.
1863 2501 1970 2557 Cu-

371 2603 468 2674 pio
515 2600 698 2656 videre
750 2601 924 2670 ipsum
963 2599 1167 2670 piscatu
1213 2605 1427 2667 captum
1475 2610 1579 2651 non
1623 2594 1814 2661 hamo,
1872 2592 1968 2649 sed

370 2693 558 2749 verbis
587 2690 824 2747 Domini.
853 2690 984 2746 Nam
1013 2688 1458 2760 quemadmodum
1495 2687 1548 2743 in
1592 2686 1804 2742 sublimi
1835 2699 1968 2756 rupe

373 2783 668 2842 considens
695 2786 926 2855 piscator
950 2823 967 2850 ,
1008 2791 1063 2838 et
1087 2781 1402 2839 arundinem
1429 2781 1680 2837 attollens
1703 2821 1719 2845 ,
1749 2780 1964 2834 hamum

369 2879 444 2934 ab
482 2877 592 2931 alto
621 2877 673 2930 in
720 2890 869 2932 mare
909 2874 1140 2931 demittit
1171 2893 1184 2929 :
1213 2874 1290 2930 sic
1327 2874 1578 2930 nimirum
1621 2882 1674 2929 et
1711 2872 1967 2926 Dominus

371 2977 562 3024 uoster
589 2966 917 3038 spiritualem
948 2965 1210 3022 exhibens
1243 2966 1566 3036 piscaturam
1611 2972 1878 3034 tamquam
1911 2963 1965 3019 in

369 3061 590 3119 sublimi
616 3062 870 3117 caelorum
897 3074 1030 3132 rupe
1054 3058 1362 3124 considens,
1392 3058 1536 3113 velut
1557 3057 1716 3112 hamo
1735 3055 1966 3127 quodam

368 3153 610 3223 desitper
638 3152 740 3208 hac
764 3166 895 3207 voce
921 3152 1085 3206 missa
1113 3165 1235 3206 cum
1260 3149 1524 3215 dixisset,
1560 3149 1720 3204 Saule
1739 3189 1754 3213 ,
1783 3148 1962 3215 Saule,

367 3245 500 3316 quid
528 3261 610 3299 me
633 3244 940 3314 persequeris
980 3242 1128 3313 (Act.
1164 3240 1220 3296 9.
1255 3239 1350 3312 i)?
1376 3241 1575 3310 piscem
1605 3239 1749 3294 hunc
1775 3240 1962 3310 ingen-

369 3346 487 3393 tem
528 3337 764 3408 piscatus
799 3345 902 3391 est.
945 3336 1011 3390 Et
1049 3333 1191 3405 quod
1236 3334 1290 3388 in
1330 3333 1477 3403 pisce
1518 3333 1759 3404 contigit,
1805 3347 1963 3402 quem

369 3428 534 3497 jussu
561 3426 770 3482 Domini
799 3427 1032 3496 piscatus
1056 3433 1141 3480 est
1162 3424 1356 3480 Petrus
1375 3463 1391 3490 ,
1418 3423 1519 3479 hoc
1546 3432 1600 3479 et
1629 3423 1683 3478 in
1711 3423 1812 3479 isto
1843 3436 1966 3479 eve-

371 3519 480 3574 nit.
510 3517 782 3588 Siquidem
819 3516 909 3572 hic
935 3531 1148 3588 quoque
1182 3516 1342 3585 piscis
1368 3515 1421 3570 in
1449 3530 1543 3572 ore
1570 3525 1825 3571 staterem
1866 3515 1964 3569 ha-

369 3611 513 3666 bens
551 3610 799 3666 inventus
826 3616 942 3672 est;
988 3616 1241 3664 staterem
1287 3607 1538 3678 quidem,
1578 3605 1670 3663 sed
1711 3605 1967 3662 adulteri-

371 3717 508 3757 num
539 3720 555 3757 :
583 3701 779 3772 quippe
814 3699 904 3771 qui
931 3699 1104 3756 zelum
1135 3697 1384 3763 haberet,
1414 3697 1508 3755 sed
1536 3712 1642 3752 non
1668 3697 1962 3753 secundum

369 3795 678 3851 scientiam.
707 3793 996 3863 Propterea
1025 3805 1146 3846 cum
1171 3790 1449 3846 scientiam
1476 3789 1550 3845 illi
1573 3789 1793 3859 largitus
1821 3796 1966 3842 esset

371 3887 554 3954 Deus,
587 3884 812 3956 probum
840 3883 986 3938 illum
1015 3895 1292 3936 nummum
1329 3880 1560 3937 reddidit
1591 3896 1606 3932 :
1634 3889 1688 3934 et
1711 3879 1853 3948 quod
1886 3880 1965 3947 pi-

369 3985 527 4032 scatu
553 3975 722 4045 captis
746 3973 941 4030 accidit
982 3971 1216 4042 piscibus
1236 4009 1252 4036 ,
1296 3969 1398 4025 hoc
1425 3977 1481 4024 et
1519 3968 1573 4023 in
1616 3967 1719 4022 isto
1747 3967 1960 4022 accidit.

367 4067 511 4123 Nam
538 4076 597 4122 ut
623 4066 696 4121 illi
719 4081 840 4122 cum
869 4065 1102 4136 primum
1125 4062 1348 4119 extracti
1372 4076 1404 4118 e
1430 4061 1565 4117 mari
1593 4059 1807 4128 fuerint,
1835 4075 1966 4116 con-

369 4160 554 4217 festim
580 4160 708 4216 czeci
737 4159 870 4215 fiunt
902 4176 916 4212 :
947 4158 1025 4214 sic
1049 4166 1104 4213 et
1129 4157 1230 4212 iste
1257 4154 1537 4212 confestim
1567 4154 1780 4210 hamum
1803 4169 1962 4211 exce-

370 4251 476 4322 pit,
503 4262 556 4307 et
577 4260 846 4307 extractus
862 4248 1146 4305 confestim
1172 4256 1256 4305 est
1279 4257 1574 4304 excatcatus
1604 4263 1618 4302 :
1649 4263 1833 4303 verum
1865 4262 1964 4302 ex-

370 4345 595 4401 cascatio
609 4343 724 4400 haec
744 4343 940 4410 effecit,
957 4351 1017 4398 ut
1037 4351 1182 4398 totus
1198 4341 1342 4398 orbis
1359 4350 1618 4397 terrarum
1633 4341 1806 4398 visum
1829 4341 1964 4396 reci-

375 4445 548 4506 peret.
578 4436 704 4491 Haec
739 4435 899 4504 igitur
925 4436 1102 4490 omnia
1132 4433 1290 4503 cupio
1317 4447 1560 4488 cernere.
1587 4431 1719 4486 Nam
1754 4431 1800 4486 si
1827 4431 1962 4486 forte

377 4526 573 4582 bellum
603 4541 702 4583 nos
722 4525 1054 4582 barbaricum
1074 4522 1498 4588 circumsideret,
1519 4531 1574 4579 et
1593 4523 1644 4578 in
1667 4523 1832 4578 aciem
1855 4522 1963 4578 dis-

376 4620 532 4690 positi
552 4620 732 4675 hostes
753 4619 1028 4674 innumera
1047 4617 1201 4672 nobis
1217 4617 1429 4687 negotia
1452 4617 1795 4683 facesserent,
1809 4616 1962 4672 dein-

376 4711 446 4767 de
466 4711 812 4766 barbarorum
834 4711 1100 4766 exercitus
1124 4708 1339 4774 ductor,
1362 4707 1452 4778 qui
1473 4706 1734 4764 machinis
1751 4722 1848 4764 nos
1867 4723 1964 4778 op-

378 4814 638 4874 pugnaret
663 4803 978 4870 innumeris,
1009 4815 1202 4871 resque
1228 4807 1440 4856 nostras
1467 4813 1656 4855 omnes
1678 4800 1963 4856 conturba-

379 4904 490 4959 ret,
516 4901 572 4949 et
591 4895 817 4950 tumultu
838 4908 902 4948 ac
921 4892 1319 4964 perturbatione
1337 4893 1646 4963 compleret,
1670 4891 1855 4948 urbem
1878 4892 1960 4964 ip-

379 4999 490 5040 sam
515 4985 752 5041 funditus
769 4999 1079 5042 eversurum
1098 4999 1159 5040 se
1183 4984 1495 5050 minaretur,
1517 4993 1571 5040 et
1590 4985 1710 5056 igne
1735 4999 1960 5041 succen-

378 5091 586 5146 surum,
613 5080 703 5148 qui
735 5077 1046 5135 servitutem
1063 5077 1369 5144 intentaret,
1390 5075 1671 5133 confestim
1706 5074 1958 5148 ablmpe-

380 5177 554 5224 ratore
570 5178 754 5225 nostro
766 5171 975 5226 vinetus
995 5176 1048 5222 et
1066 5168 1307 5238 captivus
1327 5168 1378 5222 in
1395 5168 1577 5224 urbem
1598 5169 1961 5227 introducere-

379 5269 485 5321 tur,
511 5277 687 5317 nonne
713 5276 902 5316 omnes
924 5274 1046 5316 cum
1075 5261 1384 5317 mulieribus
1412 5270 1466 5316 et
1491 5262 1726 5332 puerulis
1752 5263 1818 5318 ad
1841 5279 1962 5335 spe-

380 5352 641 5408 ctaculum
661 5352 786 5407 illud
807 5352 1178 5408 exsiliremus?
1195 5351 1418 5420 Quando
1439 5352 1595 5422 igitur
1619 5363 1672 5408 et
1691 5369 1831 5410 nunc
1858 5354 1962 5412 ιιθιο

384 5443 488 5500 lum
516 5456 598 5502 est
619 5447 898 5513 indictum,
929 5445 1054 5502 dum
1082 5445 1262 5500 omnia
1291 5443 1622 5500 confundunt
1643 5446 1963 5518 turbamque

386 5535 578 5605 Judaei,
611 5548 667 5595 et
692 5539 871 5595 multis
899 5538 1161 5594 machinis
1189 5536 1442 5593 Ecclesia:
1461 5537 1696 5608 quietem
1722 5553 1784 5594 ac
1810 5552 1963 5595 secu-

384 5631 591 5688 ritatem
619 5641 956 5703 Oppugnant;
996 5640 1154 5702 caput
1177 5640 1351 5687 autem
1376 5640 1431 5687 ct
1457 5632 1703 5703 princeps
1729 5631 1960 5687 hostium

387 5733 506 5775 cum
528 5736 675 5780 esset
707 5725 922 5788 Paulus.
951 5726 1037 5796 qui
1074 5724 1274 5794 majora
1303 5741 1461 5797 quam
1489 5727 1667 5784 exteri
1696 5725 1957 5795 faciebat,

3564 293 3666 349 us

2087 399 2150 441 ac
2175 385 2404 458 dicebat,
2443 393 2532 462 qui
2557 404 2747 451 cuncta
2785 396 3040 455 miscebat
3064 409 3118 456 et
3141 400 3492 459 centurbahat
3513 446 3528 471 ,
3559 404 3664 466 iam

2085 493 2115 534 a
2143 479 2369 538 Domino
2397 494 2580 540 nostro
2599 486 2725 542 Jesu
2751 486 2961 546 Christo
2990 490 3316 563 lmperatore
3343 503 3525 550 nostro
3553 497 3666 550 viu-

2086 582 2203 629 etus
2228 587 2330 640 est,
2362 586 2417 631 et
2455 579 2695 648 captivus
2719 581 2978 638 abductus
3007 586 3096 656 qui
3124 597 3312 642 cuncta
3348 603 3544 658 susque
3568 590 3663 643 de-

2085 679 2190 734 que
2227 668 2506 736 vertebat,
2552 686 2658 726 non
2686 673 2753 727 ad
2779 677 3136 743 spectaculum
3169 678 3304 733 istud
3331 679 3666 748 egrediemur

2083 772 2291 826 omnes,
2315 769 2372 816 ut
2390 763 2654 832 captivum
2677 764 2848 834 ipsum
2877 768 3000 824 duci
3021 768 3324 825 videamus?
3345 770 3475 827 Nam
3497 781 3549 828 et
3569 789 3666 828 an-

2081 849 2184 918 geli
2215 865 2336 906 cum
2383 869 2414 908 e
2457 855 2604 910 caelis
2644 857 2816 926 ipsum
2861 859 2982 914 duci
3027 862 3292 931 captivum
3339 873 3658 931 cernerent,

2081 944 2418 1001 exsultabant
2447 965 2461 1002 :
2494 964 2601 1003 non
2643 950 2786 1020 quod
2817 952 3051 1008 vinctum
3091 964 3378 1011 cernerent
3411 965 3616 1013 tantum
3643 999 3659 1021 ,

2079 1037 2174 1094 sed
2203 1039 2325 1108 quia
2345 1080 2362 1107 ,
2397 1055 2555 1111 quam
2585 1043 2779 1098 multos
2805 1042 3046 1100 homines
3070 1060 3101 1100 a
3129 1046 3353 1102 vinculis
3378 1047 3662 1116 expeditu-

2080 1146 2172 1185 rus
2199 1141 2345 1187 esset
2367 1174 2381 1196 .
2412 1133 2720 1204 cogitabant
2748 1154 2762 1191 :
2796 1151 2899 1191 non
2939 1137 3080 1207 quod
3111 1154 3268 1193 manu
3296 1139 3419 1194 duci
3448 1147 3661 1210 specta-

2078 1229 2218 1287 rent,
2251 1223 2342 1278 sed
2363 1224 2505 1292 quod
2534 1235 2710 1280 mente
2734 1236 3032 1294 versarent,
3066 1243 3224 1298 quam
3257 1231 3450 1284 multos
3477 1230 3651 1284 homi-

2079 1324 2175 1365 nes
2204 1311 2255 1365 in
2285 1313 2473 1369 cadum
2503 1330 2534 1368 e
2562 1315 2720 1370 terris
2749 1316 2939 1386 injecta
2973 1334 3130 1372 manu
3159 1329 3302 1375 esset
3331 1320 3663 1375 introductu-

2078 1417 2190 1456 rus.
2222 1402 2510 1474 Pr0pterea
2542 1407 2872 1476 gaudebant,
2903 1424 3009 1463 non
3045 1411 3188 1479 quod
3224 1421 3548 1466 excreatum
3577 1413 3658 1467 vi-

2077 1495 2292 1564 derent,
2323 1499 2416 1552 sed
2439 1500 2579 1568 quod
2608 1501 2984 1572 intelligerent,
3013 1513 3240 1574 quantos
3277 1516 3420 1560 esset
3445 1524 3473 1560 e
3502 1515 3657 1562 tene-

2076 1585 2186 1641 bris
2237 1587 2526 1643 educturus
2579 1609 2592 1645 :
2648 1591 2999 1649 Proficiscere
3054 1609 3304 1664 namque,
3354 1597 3541 1666 inquit,
3589 1597 3656 1652 ad

2075 1686 2281 1746 gentes,
2308 1687 2361 1733 et
2389 1694 2418 1733 a
2451 1681 2682 1736 tenebris
2711 1682 2964 1738 liberatos
2992 1685 3042 1738 in
3065 1700 3285 1755 regnum
3313 1702 3404 1742 cos
3424 1688 3659 1744 dilectio-

2076 1767 2160 1821 nis
2189 1767 2386 1825 Christi
2431 1772 2736 1827 transferes.
2769 1773 3057 1844 PrOpterea
3095 1777 3261 1832 misso
3299 1779 3552 1846 exordio,
3588 1780 3656 1836 ad

2075 1857 2308 1914 medium
2334 1874 2560 1930 propero
2591 1864 2856 1921 transilire
2887 1883 2900 1918 :
2926 1882 3046 1921 nam
3069 1867 3264 1926 Paulus
3286 1871 3411 1925 etin
3437 1872 3656 1928 Paulum

2075 1963 2227 2005 amor
2253 1950 2394 2008 hunc
2420 1952 2550 2008 dare
2574 1955 2767 2010 saltum
2795 1971 2892 2012 nos
2920 1958 3113 2029 coegit.
3140 1959 3334 2016 Paulus
3355 1970 3408 2017 et
3437 1962 3486 2016 in
3515 1966 3656 2018 Pau-

2076 2040 2186 2095 lum
2225 2056 2394 2097 amor.
2438 2042 2699 2115 ignoscite
2728 2047 2856 2103 mihi
2891 2049 3021 2104 :vel
3049 2051 3260 2120 potius,
3297 2053 3462 2108 nolite
3503 2055 3656 2124 igno-

2075 2147 2227 2188 scere
2246 2173 2263 2200 ,
2297 2134 2392 2189 sed
2421 2144 2476 2192 et
2506 2151 2746 2193 amorem
2777 2140 2934 2195 istum
2963 2141 3306 2196 :emulamini.
3333 2143 3464 2198 Nam
3495 2145 3538 2199 is
3567 2147 3656 2215 qui

2078 2227 2219 2295 turpi
2257 2241 2440 2283 amore
2466 2239 2746 2300 correptus
2770 2241 2886 2298 est,
2918 2233 3113 2289 merito
3138 2236 3344 2290 veniam
3374 2237 3604 2304 postulat
3636 2256 3650 2294 :

2075 2317 2166 2386 qui
2195 2332 2322 2373 vero
2364 2319 2624 2388 ejusmodi
2652 2336 2835 2378 amore
2863 2321 3052 2394 flagrat
3072 2365 3088 2390 ,
3135 2324 3236 2383 hac
3259 2326 3506 2397 cupidine
3541 2327 3656 2398 glo-

2074 2408 2262 2473 rietur.
2302 2411 2605 2482 multosque
2634 2412 2792 2469 faciat
2823 2414 3072 2470 desiderii
3107 2416 3259 2472 istius
3285 2419 3570 2487 participes
3601 2428 3656 2474 et

2075 2500 2386 2558 innumeros
2405 2513 2677 2575 comparet
2702 2506 2804 2562 sibi
2831 2506 3044 2563 rivales.
3075 2507 3130 2563 Si
3155 2507 3296 2563 enim
3329 2507 3440 2563 fieri
3471 2519 3655 2581 posset

2075 2601 2132 2648 ut
2158 2603 2301 2650 recta
2322 2595 2407 2651 via
2435 2605 2739 2668 pergentes,
2765 2607 2819 2653 et
2840 2599 3028 2654 ordine
3056 2599 3454 2670 progredientes
3477 2601 3653 2670 priora

2072 2684 2373 2742 diceremus
2397 2727 2414 2754 ,
2447 2697 2503 2744 et
2538 2689 2605 2744 ad
2641 2705 2702 2744 ea
2733 2707 2849 2762 qua!
2893 2691 2946 2746 in
2974 2691 3152 2747 medio
3191 2701 3316 2748 sunt
3352 2709 3656 2762 pervenire-

2072 2795 2193 2835 mus
2216 2821 2230 2846 ,
2257 2797 2594 2852 nequaquam
2624 2783 2824 2838 omisso
2855 2783 3115 2854 principio
3142 2785 3421 2840 confestim
3446 2785 3514 2840 ad
3544 2802 3656 2842 me-

2071 2871 2218 2928 dium
2239 2873 2571 2930 venissemus
2603 2894 2617 2930 :
2640 2875 2733 2931 sed
2755 2877 3004 2946 quoniam
3036 2885 3158 2948 post
3183 2877 3536 2934 Pentecostcu
3561 2879 3656 2934 de-

2073 2964 2197 3032 poni
2243 2965 2434 3020 lihrum
2475 2967 2560 3021 lex
2590 2978 2799 3036 patrum
2827 2969 2980 3038 jubet
3004 3009 3019 3032 .
3051 2977 3107 3024 et
3140 2984 3242 3024 una
3269 2985 3389 3024 cum
3420 2969 3525 3025 line
3563 2985 3654 3026 so-

2071 3052 2362 3110 lemnitalis
2389 3055 2546 3126 hujus
2577 3056 2734 3112 lectio
2761 3057 2881 3113 libri
2908 3060 3221 3115 terminatur
3242 3099 3259 3126 ,
3287 3061 3488 3115 veritus
3513 3075 3652 3129 sum,

2071 3163 2140 3203 ne
2166 3148 2290 3204 dum
2316 3151 2368 3204 in
2395 3153 2724 3221 exponendis
2753 3156 3024 3224 prooemiis
3043 3171 3366 3226 occupamur
3386 3167 3439 3214 et
3460 3159 3655 3212 immo-

2071 3255 2286 3309 ramur,
2317 3242 2553 3298 historice
2576 3245 2746 3301 series
2771 3262 2870 3301 nos
2901 3249 3044 3316 prius
3070 3249 3330 3320 effugeret
3349 3292 3364 3317 ,
3395 3266 3553 3320 quam
3583 3250 3651 3305 il-

2071 3331 2180 3388 lam
2226 3348 2502 3403 possemus
2528 3336 2809 3407 attingere.
2858 3337 3058 3392 Idcirco
3099 3354 3130 3393 a
3174 3339 3432 3409 principio
3464 3354 3654 3394 narra-

2072 3423 2232 3480 tionis
2255 3423 2318 3480 ad
2349 3424 2452 3480 alia
2481 3441 2794 3497 properans,
2827 3439 2881 3484 et
2906 3431 3222 3499 protrmium
3253 3429 3488 3486 historias
3513 3439 3650 3486 tam.

2069 3529 2227 3586 quam
2254 3530 2282 3569 a
2313 3518 2596 3586 posteriori
2627 3520 2815 3590 capitis
2841 3529 2989 3590 parte
3020 3521 3342 3592 prehensum
3373 3523 3609 3579 retinens
3629 3565 3647 3592 ,

2069 3620 2287 3662 manere
2311 3622 2409 3662 vos
2428 3607 2584 3679 jussi,
2613 3611 2740 3666 etin
2765 3611 3022 3684 principio
3043 3613 3144 3668 via:
3168 3613 3476 3670 subsistere.
3501 3613 3652 3670 Post-

2069 3711 2229 3766 quam
2272 3699 2415 3753 enitn
2456 3701 2778 3756 narrationis
2814 3713 2975 3774 caput
3014 3704 3239 3774 attigero
3265 3747 3280 3771 ,
3321 3705 3670 3763 confidenter-

2069 3789 2323 3862 deinceps
2349 3808 2467 3862 qua:
2491 3804 2806 3863 sequuntur,
2828 3797 3069 3867 quamvis
3093 3797 3284 3852 festum
3313 3799 3650 3868 prmterierit,

2068 3891 2257 3936 cuncta
2302 3897 2640 3950 percurram;
2684 3901 2858 3956 neque
2901 3903 3028 3941 vero
3071 3903 3169 3942 nos
3205 3903 3459 3944 accusare
3502 3890 3653 3959 QUlS-

2069 3987 2227 4042 quam
2255 3976 2470 4042 poterit,
2497 3976 2637 4045 quod
2670 3977 3096 4047 intempestivam
3129 3981 3488 4035 narrationem
3515 3982 3649 4037 affe—

2069 4078 2250 4118 ramus
2273 4106 2288 4130 ,
2319 4080 2440 4120 cum
2481 4067 2686 4122 ordinis
2726 4068 2891 4138 ipsius
2926 4071 3219 4126 necessitas
3245 4072 3390 4126 omni
3431 4088 3530 4128 nos
3572 4073 3651 4128 in-

2070 4157 2369 4226 tempesuvi
2410 4160 2706 4229 argumenti
2751 4162 3089 4217 accusatione
3117 4163 3308 4218 liberet
3339 4181 3351 4217 :
3383 4179 3542 4235 quam
3583 4165 3653 4220 ob

2069 4261 2283 4302 causam
2323 4263 2352 4302 a
2390 4249 2652 4320 prooemio
2697 4251 2763 4306 ad
2795 4253 3026 4308 medium
3054 4269 3222 4324 usque
3261 4254 3493 4310 decurri.
3535 4255 3651 4312 Non

2069 4337 2211 4394 enim
2244 4339 2360 4393 fieri
2400 4341 2634 4411 potuisse
2655 4383 2670 4409 ,
2712 4342 2756 4397 si
2784 4351 2927 4398 recta
2955 4343 3036 4399 via
3069 4345 3337 4415 progressi
3373 4360 3651 4413 essemus,

2070 4438 2129 4485 ut
2155 4429 2220 4486 ad
2251 4430 2474 4486 Paulum
2518 4433 2915 4502 perveniremus
2940 4475 2954 4502 ,
2999 4434 3091 4489 sed
3135 4435 3371 4505 linguam
3410 4445 3652 4492 nostram

2067 4521 2218 4590 prius
2241 4537 2524 4578 evasurum
2550 4521 2720 4579 fuisse
2746 4523 2938 4578 librum
2959 4564 2977 4590 ,
3012 4525 3270 4596 nobisque
3302 4525 3444 4582 fores
3464 4528 3651 4582 occlu-

2066 4625 2248 4666 surum
2268 4653 2284 4680 ,
2314 4627 2378 4668 ex
2420 4613 2586 4684 ipsius
2617 4613 2860 4684 prommii
2890 4614 3223 4684 expositione
3245 4616 3652 4688 demonstrabo,

2069 4705 2280 4760 tametsi
2304 4707 2415 4774 jam
2449 4705 2580 4761 illud
2609 4721 2667 4761 re
2697 4706 2810 4776 ipsa
2841 4706 3160 4777 patefactum
3187 4717 3290 4764 est.

2136 4796 2192 4851 ι.
2223 4794 2355 4852 Nam
2380 4798 2426 4852 si
2456 4796 2582 4852 dum
2614 4797 2781 4852 solam
2810 4797 2962 4854 vobis
2992 4798 3388 4869 inscriptionem
3427 4801 3661 4871 legimus

2068 4896 2124 4945 et
2149 4901 2482 4957 enarramus,
2513 4887 2790 4946 dimidium
2815 4889 3167 4946 solemnitatis
3197 4892 3653 4963 consumpsimus,

2069 4983 2116 5038 si
2141 4983 2208 5039 ab
2233 4983 2454 5039 exordio
2483 4983 2635 5039 initio
2676 4986 2814 5038 facto
2853 4983 2908 5038 in
2935 4983 3106 5054 ipsum
3138 4984 3259 5040 libri
3285 4986 3500 5056 pelagus
3531 5001 3652 5041 ora-

2069 5075 2267 5132 tionem
2303 5074 2586 5132 immittere
2607 5076 2974 5146 cmpissemus,
2993 5087 3267 5147 quantum,
3287 5091 3489 5147 qumso,
3517 5084 3656 5131 tem-

2068 5169 2212 5240 poris
2241 5168 2686 5239 impendissemus
2707 5209 2724 5236 ,
2757 5177 2814 5223 ut
2845 5169 2912 5224 ad
2943 5169 3058 5223 illas
3099 5167 3168 5224 de
3197 5168 3361 5223 Paulo
3389 5167 3647 5221 narratio-

2069 5275 2164 5316 nes
2191 5261 2631 5330 perveniremus?
2663 5260 2772 5316 lmo
2805 5275 2932 5315 vero
2959 5275 3024 5314 ex
3061 5259 3176 5328 ipso
3207 5257 3469 5327 procemio
3498 5257 3654 5312 vobis

2069 5349 2172 5408 hoc
2196 5353 2366 5422 ipsum
2387 5352 2622 5408 conabor
2646 5351 2949 5407 ostendere.
2980 5348 3212 5404 Primum
3231 5349 3432 5420 quidem
3458 5363 3650 5401 termo-

2069 5461 2182 5500 nem
2217 5446 2314 5516 feci
2354 5446 2418 5500 de
2442 5443 2707 5509 omnibus,
2751 5459 2782 5497 ο
2819 5441 3102 5512 TheOpltile
3128 5441 3264 5511 (Act.
3304 5442 3355 5496 l.
3396 5440 3471 5510 l).
3513 5438 3652 5506 Quot

2069 5535 2386 5593 existimatis
2428 5534 2514 5588 hic
2544 5547 2664 5588 esse
2701 5531 3065 5603 qumstiones?
3111 5531 3346 5585 Primum
3391 5529 3606 5599 quidem
3633 5571 3655 5597 ,

2071 5644 2230 5701 quam
2265 5627 2335 5683 ob
2361 5641 2574 5682 causam
2612 5625 2843 5694 priorem
2885 5623 3078 5680 librum
3122 5623 3174 5677 in
3213 5621 3528 5677 memoriam
3572 5621 3655 5676 illi

2075 5728 2306 5780 revocet.
2331 5717 2596 5784 Secundo,
2627 5731 2784 5788 quam
2812 5715 2880 5773 ob
2905 5727 3120 5772 causam
3155 5713 3450 5769 Sermonem
3473 5722 3656 5781 vocet,
