4096 6222
407 276 506 332 H9

397 404 451 447 tl.
485 409 588 448 non
622 393 971 469 Evangelium
1006 421 1017 454 :
1052 406 1260 459 tametsi
1292 405 1486 462 Paulus
1516 407 1860 477 Evangelium
1910 410 1976 463 il-

400 485 506 538 lum
538 496 692 541 vocat
715 529 730 555 ,
774 489 898 543 dum
932 491 1010 545 sic
1035 494 1109 546 ait
1143 512 1157 548 :
1189 494 1345 566 Cujus
1376 497 1489 552 laus
1531 508 1602 553 est
1630 501 1683 552 in
1725 502 1982 571 evangelio

399 591 487 642 per
513 592 683 630 omnes
714 579 968 634 Ecclesias
1008 582 1085 652 (2.
1119 584 1235 639 Cor.
1281 586 1333 640 8.
1370 587 1457 658 18)
1484 628 1500 654 ,
1542 589 1609 644 de
1650 589 1789 645 Luca
1819 591 1981 646 verba

399 663 622 721 faciens.
655 667 834 723 Tertio
871 687 972 740 qua
1009 674 1076 728 de
1109 689 1266 729 causa
1296 676 1468 742 dicat,
1499 678 1574 733 De
1610 681 1837 736 omnibus
1871 698 1985 754 qua:

399 755 516 821 fecit
562 754 734 810 Iesus.
788 757 843 813 Si
883 762 1025 816 enim
1068 763 1302 821 Joannes
1342 767 1538 823 Christi
1585 770 1844 840 dilectus,
1891 773 1984 844 qui

403 855 542 900 tanta
577 849 766 905 ﬁducia
789 855 1064 926 gratiaque
1089 859 1228 928 apud
1257 861 1404 916 illum
1429 864 1658 928 valebat,
1690 867 1773 919 cui
1801 865 1982 921 datum

402 936 594 1005 fuerat,
627 951 686 995 ut
711 958 871 1013 supra
900 961 1111 1003 sacrum
1143 951 1270 1006 illud
1304 964 1488 1022 pectus
1510 957 1865 1024 recumberet,
1893 960 1983 1028 qui

401 1029 619 1098 spiritus
641 1032 814 1091 fontes
843 1038 965 1093 inde
996 1040 1263 1110 hauserat,
1301 1046 1385 1101 hic
1413 1046 1541 1100 illud
1566 1049 1743 1104 dicere
1765 1050 1984 1107 minime

403 1134 564 1175 ausus
587 1133 688 1188 est,
707 1127 801 1180 sed
831 1138 1028 1184 tantam
1051 1134 1350 1189 cautionem
1374 1136 1631 1201 adhibuit,
1662 1148 1718 1193 ut
1742 1140 1941 1196 diceret
1967 1161 1982 1198 :

404 1210 466 1264 Si
493 1214 776 1270 scribantur
804 1236 893 1288 per
915 1224 1116 1292 singula
1143 1227 1311 1280 omnia
1338 1269 1353 1294 ,
1397 1245 1511 1299 quia
1548 1234 1666 1301 fecit
1711 1231 1942 1289 Christus
1965 1277 1979 1300 ,

403 1318 493 1354 nec
520 1304 685 1374 ipsum
713 1309 932 1364 arbitror
959 1315 1199 1368 mundum
1231 1312 1410 1387 capere
1435 1337 1578 1390 posse
1603 1339 1686 1376 eos
1706 1364 1719 1386 ,
1749 1326 1834 1395 qui
1853 1326 1985 1379 scri-

404 1395 549 1448 bendi
593 1409 750 1464 sunt,
795 1401 1168 1475 libros‘(Joan.
1202 1407 1291 1463 21.
1328 1411 1421 1482 25)
1455 1431 1467 1466 :
1499 1415 1766 1483 quomodo
1807 1418 1987 1473 dicere

403 1483 489 1540 hic
517 1501 680 1542 ausus
703 1500 785 1544 est
813 1508 826 1544 :
857 1491 1088 1549 Primum
1111 1499 1312 1566 quidem
1335 1518 1613 1557 sermonem
1631 1507 1725 1575 feci
1741 1507 1804 1560 de
1825 1509 1989 1561 omni-

402 1580 512 1642 bus,
547 1596 576 1632 ο
606 1579 905 1652 Theophila,
933 1603 1047 1657 qua:
1072 1592 1192 1661 fecit
1215 1591 1369 1648 Jesus
1395 1594 1544 1664 (Luc.
1573 1599 1621 1652 1.
1648 1592 1742 1670 1)?
1767 1615 1833 1654 an
1859 1615 1987 1656 vero

402 1684 562 1736 parva
586 1673 739 1727 nobis
765 1675 879 1731 Irrc
908 1681 1133 1747 quaestio
1159 1683 1406 1739 videtur?
1427 1689 1602 1757 Atque
1623 1689 1729 1744 illic
1749 1692 1981 1760 quidem,

406 1759 608 1829 Optime
646 1763 958 1837 TltcOp/zile,
994 1786 1188 1826 nomen
1230 1789 1352 1828 cum
1387 1777 1541 1832 laude
1585 1759 1818 1848 positum
1855 1793 1936 1837 est
1967 1759 1983 1839 7:

403 1866 578 1921 neque
607 1854 748 1909 enim
793 1857 894 1913 hoc
933 1859 1049 1916 sine
1090 1878 1251 1919 causa
1293 1866 1493 1922 dictum
1541 1879 1624 1925 est
1663 1874 1880 1928 sanctis.
1918 1875 1987 1930 Et

403 1940 544 1997 forte
582 1943 710 1999 illud
738 1961 802 2001 ex
848 1958 998 2018 parte
1041 1952 1523 2016 demonstravimus
1548 2002 1563 2027 ,
1608 1978 1779 2034 neque
1822 1981 1986 2021 unum

403 2033 508 2087 iota
533 2076 549 2102 ,
595 2052 768 2107 neque
802 2043 1007 2110 apicem
1055 2061 1220 2103 unum
1258 2059 1460 2107 temere
1501 2033 1732 2122 positum
1774 2073 1893 2113 esse
1933 2059 1984 2114 in

400 2124 710 2195 Scripturis.
756 2131 810 2187 Si
851 2149 980 2205 ergo
1017 2146 1094 2192 tot
1137 2155 1200 2195 ac
1242 2150 1404 2198 tantae
1450 2156 1574 2201 sunt
1620 2148 1672 2202 in
1724 2151 1986 2219 prommio

399 2220 756 2310 qum-stiones,
796 2236 1052 2294 quantum
1098 2232 1250 2287 nobis
1281 2238 1536 2305 temporis
1571 2239 1985 2310 impcndcndum

401 2309 608 2375 fuisset,
639 2315 683 2368 si
713 2319 892 2373 omnia
920 2336 1037 2390 quas
1067 2327 1446 2396 sequebantur,
1479 2309 1837 2392 voluissemus
1865 2354 1987 2409 per-

400 2416 619 2460 currere
642 2405 666 2460 ?
695 2407 799 2464 lias
823 2413 892 2466 ob
921 2429 1131 2482 causas,
1161 2423 1535 2487 praetermissis
1563 2442 1683 2496 qua:
1709 2405 1985 2499 interjecta

400 2504 572 2560 erant,
600 2507 817 2555 coactus
837 2517 954 2557 sum
981 2505 1046 2560 ad
1072 2507 1292 2564 Paulum
1316 2513 1516 2568 venire.
1547 2515 1656 2570 Cur
1677 2518 1834 2588 igitur
1865 2538 1988 2589 pro—

400 2588 589 2655 positis
632 2594 1015 2660 quwstionibus
1056 2615 1242 2656 earum
1273 2605 1591 2663 solutionem
1636 2626 1740 2665 non
1787 2588 1986 2683 adjeci—

400 2680 558 2733 mus?
607 2681 676 2737 Ut
723 2685 928 2743 scilicet
970 2705 1065 2744 vos
1111 2697 1566 2754 assuefacercmus
1616 2717 1722 2756 non
1773 2680 1987 2777 semper

400 2785 644 2828 mansum
671 2778 916 2848 excipere
935 2783 1131 2850 cibum,
1156 2787 1248 2841 sed
1273 2802 1640 2860 smpenumero
1662 2796 1982 2854 solutionem

399 2866 680 2922 sententiis
724 2885 822 2939 per
861 2887 956 2928 vos
998 2878 1141 2944 ipsos
1179 2878 1491 2952 adjungere,
1521 2886 1662 2956 quod
1694 2885 1868 2945 facere
1895 2906 1983 2946 so-

403 2953 824 3051 lentcolumbas.
878 2963 1150 3035 Siquidem
1193 2970 1301 3025 illa:
1345 2973 1516 3042 pullos
1540 2953 1810 3046 quamdiu
1861 2982 1983 3051 qui-

399 3044 519 3100 dem
553 3049 606 3103 in
635 3051 759 3105 nido
781 3067 1016 3124 manent,
1045 3075 1137 3116 ore
1165 3065 1378 3134 preprio
1404 3044 1640 3122 nutriunt
1665 3089 1678 3125 :
1703 3044 1981 3144 postquam

399 3147 578 3232 autem
605 3141 802 3211 ejicere
831 3147 950 3204 illos
991 3166 1021 3206 e
1066 3153 1192 3209 nido
1230 3167 1494 3225 possunt,
1538 3162 1722 3232 eisque
1757 3141 1983 3222 cernunt

396 3230 503 3299 jam
532 3245 684 3292 natas
711 3239 821 3294 alas
847 3281 860 3306 ,
907 3259 1011 3298 non
1055 3245 1165 3315 jam
1194 3251 1424 3319 amplius
1465 3253 1516 3307 id
1549 3230 1804 3324 prtcstant
1826 3299 1842 3323 ,
1884 3260 1979 3315 sed

403 3338 628 3390 granum
666 3330 880 3398 quidem
925 3350 1020 3390 ore
1047 3349 1258 3406 gestant
1301 3349 1356 3396 et
1394 3353 1662 3410 ostentant
1693 3365 1705 3400 :
1739 3349 1826 3402 ubi
1856 3366 1982 3406 vero

397 3413 523 3479 pulli
555 3429 832 3485 sperantes
861 3426 1077 3492 propius
1115 3431 1473 3499 accesserint,
1503 3434 1776 3490 dimissam
1807 3439 1858 3492 in
1889 3455 1982 3509 pa-

395 3517 688 3562 vimentum
718 3525 894 3566 eseam
918 3526 1116 3571 matres
1137 3535 1233 3588 per
1253 3523 1459 3592 seipsos
1474 3525 1662 3594 jubent
1687 3531 1937 3601 colligere
1964 3553 1977 3589 :

395 3595 472 3648 sic
501 3605 556 3649 et
583 3612 680 3651 nos
708 3599 949 3671 fecimus,
979 3606 1104 3661 dum
1131 3623 1353 3682 accepto
1379 3615 1431 3668 in
1454 3631 1548 3672 ore
1569 3619 1830 3688 spirituali
1858 3625 1978 3679 cibo

397 3701 490 3742 vos
528 3690 866 3750 iuvitavimus
897 3707 1163 3770 tamquam
1194 3707 1511 3764 solutionem
1539 3727 1688 3768 more
1717 3728 1978 3774 consueto

394 3783 684 3848 cxposituri
715 3802 728 3839 :
756 3796 1034 3859 postquam
1068 3803 1243 3850 autem
1274 3799 1584 3871 advenistis,
1617 3813 1671 3860 et
1696 3821 1790 3861 vos
1815 3824 1974 3865 exce-

395 3877 580 3937 pturos
605 3879 877 3945 sperastis,
908 3897 1001 3936 vos
1025 3884 1358 3956 dimisimus,
1389 3901 1446 3948 ut
1473 3893 1570 3965 ipsi
1600 3912 1696 3967 per
1726 3914 1823 3955 vos
1848 3916 1974 3956 scn-

397 3963 587 4054 tentias
638 3969 917 4040 colligatis.
970 3975 1252 4046 Propterea
1301 3963 1561 4054 prooemio
1600 3963 1858 4050 derelicto
1908 3998 1975 4051 ad

395 4053 611 4146 Paulum
641 4060 972 4124 festinamus.
1010 4070 1209 4129 Dicturi
1240 4091 1399 4146 porro
1436 4095 1622 4138 sumus
1651 4101 1754 4141 non
1782 4103 1844 4144 ea
1881 4105 1973 4145 so-

394 4143 502 4199 lum
532 4149 724 4246 quibus
762 4153 1017 4212 Ecclesia:
1047 4143 1271 4230 profuit,
1301 4169 1394 4222 sed
1425 4172 1582 4226 etiam
1612 4189 1672 4228 ea
1703 4143 1898 4246 quibus
1920 4143 1971 4235 ei

391 4237 573 4291 nocuit
605 4256 618 4289 :
650 4256 771 4297 nam
800 4255 854 4299 et
883 4246 996 4304 ha-c
1033 4266 1064 4306 e
1093 4269 1150 4308 re
1181 4266 1362 4312 nostra
1397 4270 1478 4315 est
1505 4266 1696 4320 oratio.
1720 4237 1974 4327 bicemus

391 4340 496 4394 quo
547 4338 702 4432 pacto
744 4336 963 4432 verbum
1015 4343 1406 4411 praedicationis
1455 4367 1820 4426 oppugnaret,
1868 4379 1973 4432 quo

393 4427 546 4483 pacto
571 4420 784 4480 Christo
813 4427 1010 4486 bellum
1057 4435 1295 4505 inferret,
1350 4458 1458 4512 quo
1492 4420 1658 4516 pacio
1699 4420 1970 4521 apostolos

392 4523 831 4584 persequeretur,
862 4537 968 4592 quo
996 4535 1150 4594 pacto
1179 4528 1357 4588 hostili
1386 4535 1437 4589 in
1465 4551 1558 4592 eos
1586 4541 1766 4597 animo
1790 4555 1967 4614 esset,

387 4618 493 4698 quo
522 4616 678 4673 pacto
698 4609 951 4668 Ecclesia:
980 4617 1097 4686 plus
1126 4626 1358 4693 negotii,
1387 4643 1545 4698 quam
1578 4635 1757 4690 caeteri
1782 4609 1970 4695 omnes

388 4689 695 4788 facesseret.
742 4698 1116 4763 Verumtamen
1145 4715 1412 4772 neminem
1439 4721 1634 4788 pudeat
1654 4723 1767 4781 hare
1787 4729 1969 4787 audire

386 4782 454 4886 de
486 4783 652 4886 l’aulo
682 4805 696 4841 :
725 4805 831 4846 non
855 4796 997 4850 enim
1026 4798 1140 4856 haec
1169 4815 1294 4860 sunt
1317 4807 1434 4877 ejus
1458 4815 1843 4886 accusationes,
1873 4822 1969 4877 sed

388 4876 601 4932 laudum
633 4882 808 4950 potius
848 4891 1176 4948 occasiones.
1219 4895 1334 4952 Non
1362 4902 1502 4956 enim
1529 4906 1730 4962 crimen
1757 4876 1842 4965 est
1867 4911 1963 4980 illi,

385 4982 506 5070 cum
547 4974 690 5042 prius
727 4977 1000 5048 improbus
1033 4984 1252 5056 fuisset,
1301 4991 1500 5050 bonum
1547 4997 1798 5070 deinceps
1844 4974 1968 5060 era;

385 5061 554 5130 sisse;
587 5067 679 5121 scd
707 5069 773 5134 si,
803 5086 924 5126 cum
955 5077 1099 5144 prius
1126 5081 1322 5137 virtute
1349 5087 1601 5153 prreditus
1628 5061 1837 5160 fuisset,
1872 5110 1968 5165 po-

384 5163 497 5256 stea
545 5169 778 5217 mutatus
817 5166 882 5220 ad
935 5168 1326 5238 improbitatem
1363 5176 1707 5248 descivisset;
1754 5163 1968 5256 semper

385 5249 527 5302 enim
559 5266 645 5306 res
673 5267 744 5308 ex
775 5255 878 5312 line
915 5259 1240 5328 judicantur.
1283 5265 1414 5323 Nam
1454 5281 1507 5326 et
1540 5249 1922 5342 gubernatores
1945 5321 1962 5347 ,

387 5341 512 5397 licet
541 5344 819 5403 innumera
846 5351 953 5406 sint
980 5356 1118 5423 passi
1147 5357 1419 5432 naufragia
1441 5406 1456 5430 ,
1489 5341 1609 5420 cum
1651 5369 1716 5423 ad
1751 5341 1961 5440 portum

383 5448 569 5489 navem
597 5440 870 5508 appulsuri
901 5454 1024 5500 sunt
1044 5489 1059 5513 ,
1102 5449 1144 5501 si
1179 5450 1427 5508 refertam
1457 5458 1726 5515 mercibus
1765 5477 1963 5519 onera-

386 5525 519 5580 riam
547 5528 904 5602 deduxerint,
937 5553 1269 5611 nequaquam
1297 5545 1414 5600 illos
1441 5548 1579 5605 male
1604 5549 1812 5608 functos
1841 5570 1962 5612 esse

386 5633 607 5677 munere
632 5639 730 5681 suo
756 5628 1000 5700 dicimus,
1032 5649 1151 5690 cum
1181 5641 1255 5693 rei
1283 5641 1455 5695 exitus
1480 5644 1656 5698 omnia
1683 5661 1801 5716 quae
1827 5663 1961 5718 pra:—

384 5723 655 5769 cesserant
678 5722 962 5780 occultarit
993 5742 1006 5779 :
1038 5735 1088 5781 et
1120 5743 1302 5785 rursus
1326 5731 1572 5799 athletas,
1604 5735 1725 5792 licet
1756 5737 1953 5794 multo-

1110 289 1166 344 S.
1208 288 1488 348 JOANNIS
1527 292 1997 350 CHRYSOSTOM!
2036 295 2351 354 ABCHIEP.
2393 283 2921 362 CONSTANTINOP.

3563 303 3667 360 ΙΩο

2095 410 2193 465 ties
2223 411 2416 468 fuerint
2439 425 2564 471 ante
2585 419 2845 488 superati,
2875 418 3034 474 modo
3063 419 3114 474 in
3141 433 3202 475 ea
3236 436 3406 492 pugna
3437 424 3672 490 vincant,

2091 500 2144 554 in
2175 517 2278 572 qua
2307 503 2374 558 de
2398 519 2590 560 corona
2623 510 2830 578 agitur,
2862 525 3192 582 nequaquam
3224 523 3442 581 preptcr
3469 530 3529 568 ea
3556 530 3675 584 qua:

2091 604 2476 662 przecesscrunt
2494 639 2509 664 ,
2540 599 2773 653 victoria:
2795 602 3072 670 praeconiis
3093 601 3486 658 defraudamus.
3510 604 3598 659 Sic
3624 614 3677 659 et

2090 700 2213 755 erga
2238 687 2458 742 Paulum
2482 706 2580 745 nos
2605 707 2872 761 geramus.
2894 694 3026 748 Nam
3050 704 3104 749 et
3126 696 3237 766 ipse
3259 695 3531 767 naufragia
3557 712 3677 766 pas-

2091 791 2181 831 sus
2207 787 2290 832 est
2333 779 2609 836 innumera
2644 799 2658 838 :
2700 785 2795 837 sed
2839 801 2958 840 cum
2998 785 3066 840 ad
3107 795 3316 856 portum
3357 788 3675 857 appulsurus

2092 883 2280 923 navem
2323 869 2458 936 fuit,
2500 871 2750 927 refertam
2787 875 3053 930 mercibus
3095 877 3394 931 onerariam
3432 876 3673 932 deduxit.

2093 960 2159 1016 Et
2200 963 2646 1032 quemadmodum
2689 966 2841 1022 Judm
2886 967 3017 1021 nihil
3070 969 3307 1038 profuit,
3356 969 3674 1040 discipulum

2095 1054 2240 1122 prius
2265 1053 2431 1110 fuisse
2455 1098 2470 1120 ,
2502 1071 2621 1111 cum
2649 1058 2841 1114 deinde
2870 1058 3039 1114 factus
3062 1061 3133 1114 sit
3161 1061 3402 1130 proditor
3431 1079 3446 1118 :
3481 1062 3549 1116 ita
3575 1077 3675 1118 nec

2092 1145 2178 1200 isti
2219 1147 2508 1216 quidquam
2561 1150 2743 1204 nocuit
2783 1158 2937 1206 antea
2987 1161 3426 1221 persequutorem
3465 1151 3631 1208 fuisse
3655 1193 3672 1218 ,

2090 1251 2209 1290 cum
2237 1239 2557 1308 evangelista
2597 1241 2846 1311 deinceps
2891 1243 3138 1298 evaserit.
3183 1243 3308 1298 Hmc
3346 1245 3494 1298 Pauli
3539 1255 3668 1300 sunt

2092 1331 2376 1398 praeconia,
2401 1347 2506 1386 non
2539 1332 2682 1402 quod
2714 1333 3007 1390 Ecclesiam
3037 1335 3378 1403 subverterit,
3407 1336 3500 1391 sed
3530 1337 3671 1406 quod

2092 1421 2260 1490 ipsam
2301 1438 2486 1477 rursus
2514 1423 2792 1478 :edilicarit
2821 1441 2837 1480 :
2869 1441 2975 1480 non
3012 1425 3154 1495 quod
3185 1426 3405 1481 verbum
3449 1427 3540 1482 Dei
3572 1442 3669 1498 0p—

2093 1514 2370 1582 pngnarit,
2412 1512 2506 1568 sed
2536 1514 2677 1584 quod
2702 1556 2716 1578 ,
2743 1523 3024 1585 postquam
3054 1516 3273 1571 verbum
3304 1528 3668 1587 oppugnarat,

2093 1605 2205 1673 ipse
2247 1606 2374 1659 illud
2404 1621 2588 1662 rursus
2627 1608 3076 1677 ampliﬁcavcrit:
3113 1626 3219 1664 non
3251 1609 3391 1679 quod
3417 1610 3673 1680 apostolis

2095 1693 2294 1749 bellum
2324 1697 2595 1763 intulerit,
2644 1714 2749 1753 non
2794 1699 2934 1769 quod
2971 1715 3188 1771 gregem
3232 1700 3536 1770 dissiparit,
3578 1700 3672 1756 sed

2091 1786 2255 1856 quod,
2287 1787 2372 1841 ubi
2402 1787 2747 1858 dissipasset,
2782 1790 2931 1844 illum
2959 1791 3071 1860 ipse
3095 1790 3288 1845 deinde
3311 1791 3669 1861 congregarit.

2161 1878 2215 1933 5.
2243 1875 2395 1933 Pauli
2422 1881 2674 1934 conversio
2704 1897 2942 1951 magnum
2975 1882 3292 1936 miraculum.
3326 1881 3560 1936 Liberum
3589 1898 3671 1935 ar-

2091 1970 2312 2024 bitrium.
2335 2002 2409 2012 —
2435 1972 2572 2038 Quid
2602 1972 2701 2028 hoc
2729 1973 3092 2028 admirabilius
3119 1973 3231 2028 ﬁeri
3264 1972 3464 2043 possit?
3493 1972 3673 2042 Lupus

2092 2074 2272 2132 pastor
2305 2071 2388 2118 est
2425 2062 2595 2118 factus
2623 2082 2638 2119 :
2665 2065 2754 2134 qui
2783 2064 3095 2134 sanguinem
3122 2066 3298 2119 ovium
3328 2063 3666 2133 absorbebat,

2090 2154 2400 2225 sanguinem
2430 2169 2583 2210 suum
2610 2171 2709 2225 pro
2729 2157 2898 2211 salute
2917 2158 3095 2211 ovium
3119 2156 3340 2212 fundere
3366 2172 3471 2213 non
3497 2172 3672 2213 cessa-

2091 2245 2187 2300 vit.
2211 2245 2303 2301 Vis
2330 2255 2386 2300 tu
2417 2247 2708 2318 intelligere
2733 2265 2839 2320 quo
2865 2258 3018 2318 pacto
3038 2250 3347 2319 sanguinem
3379 2250 3555 2305 ovium
3581 2251 3672 2306 ab-

2091 2338 2374 2394 sorberet?
2408 2355 2512 2410 quo
2539 2351 2696 2410 pacto
2725 2342 3035 2412 sanguinem
3063 2342 3180 2412 ejus
3209 2343 3381 2412 lingua
3408 2342 3672 2397 stillaret?

2091 2431 2281 2486 Saulus
2301 2441 2468 2486 autent
2493 2433 2662 2487 adhuc
2684 2435 2885 2503 spirans
2910 2435 3072 2487 minas
3093 2443 3138 2487 ct
3159 2434 3346 2488 cladem
3367 2434 3419 2487 in
3444 2433 3670 2505 discipu-

2095 2526 2170 2578 los
2197 2524 2404 2579 Domini
2427 2523 2559 2597 (Act.
2585 2524 2637 2579 9.
2672 2524 2746 2598 1).
2779 2525 3025 2580 Attamen
3053 2525 3152 2580 iste
3175 2525 3264 2594 qui
3293 2524 3464 2579 minas
3487 2533 3542 2580 et
3567 2540 3671 2580 cte-

2089 2614 2209 2670 dem
2231 2615 2487 2684 spirabat,
2511 2625 2566 2672 et
2590 2625 2892 2671 sanctorum
2921 2617 3228 2686 sanguinem
3257 2615 3527 2681 fundebat,
3546 2615 3670 2672 audi

2089 2721 2194 2776 quo
2233 2715 2387 2776 pacto
2412 2707 2720 2777 sanguinem
2751 2721 2905 2761 suum
2934 2722 3030 2777 pro
3061 2707 3261 2762 sanctis
3304 2707 3563 2762 funderet.
3609 2707 3671 2763 Si

2087 2799 2362 2854 secundum
2402 2800 2683 2869 hominem,
2715 2801 2904 2872 inquit,
2936 2802 3003 2854 ad
3027 2801 3207 2856 bestias
3232 2803 3450 2873 pugnavi
3481 2802 3670 2873 Ephesi

2089 2889 2163 2959 (Ι.
2193 2889 2311 2945 Cor.
2329 2891 2416 2946 15.
2439 2890 2528 2956 52)
2550 2909 2562 2944 :
2581 2901 2634 2945 et
2651 2906 2858 2958 rursus,
2885 2892 3124 2958 Quotidie
3149 2894 3338 2947 morior
3359 2892 3462 2964 (Ib.
3482 2909 3524 2948 υ.
3543 2892 3667 2963 Si):

2087 2991 2141 3037 et
2170 2997 2375 3051 rursus,
2398 2981 2668 3037 Estimati
2693 3000 2865 3037 sumus
2895 2985 3022 3038 sicut
3057 3000 3172 3038 ores
3197 2985 3458 3039 occisionis
3488 2983 3666 3055 (Rom.

2080 3075 2132 3128 8.
2153 3071 2264 3139 56).
2289 3072 2465 3140 Atque
2482 3072 2583 3128 hoc
2608 3074 2819 3128 dicebat
2849 3074 2894 3129 is
2919 3075 3006 3144 qui
3033 3075 3237 3140 aderat,
3269 3091 3387 3130 cum
3415 3075 3668 3146 Stephani

2087 3167 2302 3235 sanguis
2329 3165 2657 3233 funderetur,
2689 3176 2743 3222 et
2767 3176 2882 3222 erat
2904 3169 3243 3223 consentiens
3272 3169 3387 3224 neci
3413 3172 3550 3239 ejus.
3580 3169 3668 3223 Vi-

2088 3257 2183 3313 des
2211 3267 2268 3312 ut
2294 3258 2448 3328 lupus
2477 3268 2656 3327 pastor
2680 3258 2947 3313 evaserit?
2975 3258 3239 3330 Numquid
3267 3275 3371 3314 non
3397 3259 3666 3316 erubesci-

2089 3350 2156 3406 tis
2179 3393 2196 3418 ,
2239 3365 2360 3405 cum
2394 3345 2712 3406 'audivcritis
2753 3360 2906 3406 antea
2952 3358 3384 3421 persequutorem
3411 3351 3582 3419 illum,
3609 3361 3666 3407 et

2087 3441 2458 3511 hlasphemum
2508 3451 2562 3497 et
2607 3442 3051 3497 contumeliosum
3096 3443 3291 3497 fuisse?
3344 3442 3562 3498 Vidistis
3610 3451 3668 3497 ut

2086 3533 2235 3600 prior
2259 3532 2524 3586 accusatio
2545 3531 2728 3587 laudes
2743 3534 2858 3601 ejus
2875 3546 3006 3586 nova
3029 3534 3330 3587 accessione
3347 3533 3665 3587 cumularit?

2086 3622 2274 3677 Nonne
2319 3623 2372 3676 in
2413 3622 2575 3692 priori
2597 3623 2746 3678 vobis
2778 3623 3000 3677 collecta
3031 3621 3270 3677 dicebam
3294 3637 3356 3676 ea
3387 3622 3661 3686 miracula,

2085 3728 2205 3783 quae
2231 3728 2445 3768 crucem
2469 3723 2693 3783 sequuta
2719 3722 2860 3781 sunt,
2885 3714 2947 3768 iis
2969 3714 3167 3783 majora
3193 3728 3310 3783 qua:
3337 3713 3502 3782 ipsam
3530 3728 3664 3782 prte-

2085 3814 2362 3861 ccsserant
2389 3806 2688 3861 exstitisse?
2711 3820 2888 3860 nonne
2917 3805 2968 3859 id
2995 3805 3201 3860 ostendi
3227 3803 3377 3859 vobis
3401 3812 3455 3859 et
3477 3819 3541 3859 ex
3557 3803 3660 3858 mi-

2083 3900 2276 3955 raculis
2305 3909 2358 3955 et
2383 3915 2448 3955 ex
2465 3899 2844 3969 discipulorum
2872 3899 3270 3964 benevolentia;
3302 3911 3356 3954 et
3383 3914 3487 3970 quo
3508 3908 3660 3968 pacto

2081 4001 2237 4048 antea
2269 3991 2480 4063 quidem
2506 3991 2752 4063 Christus,
2779 3992 3047 4061 imperans
3073 3999 3311 4047 mortuos
3336 3991 3623 4046 suscitabat
3641 4031 3655 4054 ,

2080 4094 2262 4154 postea
2292 4099 2419 4139 vero
2446 4098 2720 4138 servorum
2743 4083 2859 4152 ejus
2883 4083 3067 4138 umbra
3094 4082 3320 4152 idipsum
3341 4080 3657 4152 prazstabat?

2079 4191 2186 4246 quo
2216 4185 2371 4245 pacto
2401 4184 2510 4229 tum
2533 4174 2744 4245 quidem
2778 4174 2866 4228 ille
2895 4189 2992 4229 suo
3015 4173 3169 4243 jussu
3199 4173 3451 4228 miracula
3479 4182 3655 4242 patra-

2076 4267 2167 4323 bat
2196 4285 2209 4320 :
2240 4274 2425 4337 postea
2455 4280 2582 4320 vero
2609 4265 2746 4320 servi
2776 4265 2892 4334 ejus
2917 4280 3108 4321 nomen
3147 4265 3314 4334 ipsius
3346 4273 3658 4334 usurpantes

2076 4359 2277 4429 majora
2306 4356 2607 4413 faciebant?
2654 4371 2831 4412 nonne
2874 4357 2940 4411 de
2981 4356 3224 4412 hostibus
3263 4355 3524 4421 dicebam,
3551 4367 3656 4423 quo

2075 4459 2230 4525 pacto
2265 4450 2644 4506 conscientiam
2676 4450 2888 4504 illorum
2919 4448 3388 4518 perterrefaceret?
3428 4462 3533 4516 quo
3560 4461 3654 4516 pa-

2073 4553 2160 4599 cto
2187 4544 2434 4598 universo
2462 4551 2720 4598 terrarum
2750 4541 2864 4596 orbi
2895 4542 3178 4610 imperaret
3194 4540 3217 4593 ?
3233 4555 3337 4610 quo
3359 4550 3514 4609 pacto
3539 4554 3654 4593 ma-

2069 4635 2185 4704 jora
2217 4633 2411 4691 fuerint
2437 4641 2555 4703 post
2578 4648 2788 4687 crucem
2816 4631 3087 4698 miracula,
3111 4646 3269 4701 quam
3296 4645 3414 4700 qua:
3442 4644 3653 4684 crucem

2072 4726 2496 4796 prwcesserant?
2526 4724 2667 4780 Illius
2691 4739 2940 4795 germana
2967 4739 3087 4793 qua:
3111 4738 3169 4778 se
3193 4736 3333 4777 nunc
3357 4721 3548 4790 ingerit
3571 4729 3655 4774 est

2072 4818 2260 4873 oratio.
2289 4818 2440 4886 Quod
2469 4819 2610 4873 enim
2639 4817 2810 4886 majus
2830 4815 2933 4872 hoc
2951 4816 3095 4871 cerni
3122 4815 3289 4886 possit
3314 4812 3650 4880 miraculum,

2071 4909 2210 4980 quod
2241 4910 2292 4964 iu
2323 4908 2488 4963 Paulo
2512 4908 2768 4978 contigit?
2803 4907 2935 4961 Nam
2965 4906 3228 4962 viventem
3258 4903 3470 4976 quidem
3502 4903 3652 4957 illum

2071 4999 2258 5054 Petrus
2304 4998 2530 5068 negavit,
2573 5007 2628 5051 at
2675 5007 2940 5053 mortuum
2993 4996 3188 5051 Paulus
3226 4993 3502 5056 confessus
3551 5001 3651 5049 est.

2070 5091 2236 5145 Porro
2258 5098 2491 5143 mentem
2520 5088 2668 5143 Pauli
2696 5088 2978 5159 pellexisse
3005 5095 3164 5157 atque
3185 5100 3519 5156 expugnasse
3542 5101 3656 5140 ma-

2064 5181 2154 5251 jus
2175 5179 2380 5251 signum
2413 5179 2526 5246 fuit,
2558 5195 2714 5250 quam
2745 5178 3050 5241 umbrarum
3075 5192 3238 5248 opera
3264 5185 3502 5232 mortuos
3531 5191 3648 5230 sus-

2067 5277 2282 5331 citasse.
2326 5273 2460 5329 Nam
2502 5274 2608 5329 illic
2645 5273 2859 5344 quidem
2895 5271 3214 5343 sequebatur
3237 5279 3447 5336 natura,
3478 5283 3651 5337 neque

2067 5365 2348 5434 imperanti
2376 5364 2773 5420 contradiccbat
2801 5381 2815 5418 :
2847 5362 2932 5417 hic
2960 5376 3088 5417 vero
3115 5361 3168 5415 in
3202 5368 3464 5430 potestate
3499 5355 3649 5412 liberi

2067 5457 2270 5513 arbitrii
2296 5457 2453 5512 situm
2479 5467 2594 5513 erat
2617 5500 2630 5520 ,
2663 5467 2720 5511 ut
2748 5455 3158 5526 persuaderetur
3182 5453 3266 5508 vel
3291 5467 3398 5507 non
3427 5465 3647 5522 persua-

2067 5549 2314 5614 deretur;
2343 5548 2484 5605 unde
2509 5564 2697 5619 magna
2724 5549 2889 5602 virtus
2913 5546 3028 5616 ejus
3049 5545 3137 5615 qui
3160 5544 3442 5616 persuasit,
3467 5550 3646 5596 osten-

2065 5641 2226 5696 ditur.
2261 5639 2425 5695 Multo
2453 5640 2594 5695 enim
2626 5637 2798 5708 majus
2829 5637 2923 5692 iuit
2944 5636 3269 5692 voluntatem
3297 5633 3645 5695 convertisse,

2066 5749 2222 5806 quam
2255 5739 2494 5789 naturam
2516 5729 2811 5788 correxisse
2833 5746 2848 5785 ;
2871 5727 3042 5799 majus
3062 5727 3222 5798 igitur
3243 5724 3455 5783 exteris
3478 5722 3645 5783 omni-
