4096 6222
386 275 484 332 Ηθ

379 388 497 462 ούχί
520 386 873 457 Εὑαγγέλιον·
912 390 1089 445 καίτοι
1127 408 1193 460 γε
1220 392 1436 457 Παῦλος
1460 393 1794 463 Εὑαγγέλιον
1826 389 1958 444 αὐτὸ

381 480 553 547 καλεῖ,
566 480 767 536 οὑτωσὶ
792 481 987 551 λέγων,
1005 478 1087 539 Οὗ
1108 486 1142 537 ό
1163 484 1412 552 ἔπαινος
1426 486 1495 540 ἐν
1512 484 1594 550 τῷ
1616 483 1960 555 Εὐαγτελίφ

377 572 473 627 διὰ
489 569 706 625 πασῶν
744 570 864 624 τῶν
918 572 1310 641 Ἐκκλησιῶν,
1354 576 1484 647 περὶ
1528 575 1622 629 τοῦ
1658 575 1845 630 Λουκᾶ
1873 572 1960 627 λέ-

376 679 508 732 γων.
538 659 757 733 Τρίτον,
805 660 952 724 τίνος
994 660 1180 716 ἐνεκέν
1216 679 1372 733 φησι,
1418 662 1563 731 Περί
1609 660 1851 716 πάντων
1873 654 1961 714 ὧν

375 754 666 823 ἐποίησεν
693 753 1002 823 όἾησοῦς.
1049 754 1114 808 Εἰ
1145 752 1255 826 γὰρ
1297 754 1568 826 Ἰωάννης,
1605 757 1635 808 6
1678 752 1961 825 ἀγαπητὸς

373 845 467 899 τοῦ
501 844 762 916 Χριστοῦ,
823 847 852 899 6
880 845 1151 916 τοσαύτης
1198 846 1517 912 ἀπολαύσας
1564 848 1900 920 παρρησίας,
1930 849 1960 900 6

375 939 465 992 ἐπὶ
500 938 563 992 :6
600 938 794 1009 στῆθος
825 939 1002 991 ἐκεῖνο
1027 937 1091 990 :6
1118 937 1272 1008 ἀγιον
1291 939 1683 1010 κατακλιθῆναι
1698 938 1963 1004 καταξιω-

375 1029 512 1097 θεὶς,
558 1030 587 1083 6
616 1029 716 1093 τὰς
749 1029 934 1101 πηγὰς
967 1028 1179 1083 ἐκεῖθεν
1205 1030 1551 1102 ἀρυσάμενος
1580 1030 1674 1084 τοῦ
1702 1029 1957 1101 Πνεύμα-

374 1140 484 1188 τος,
517 1116 672 1186 66:6;
700 1122 801 1176 οὐκ
839 1122 1109 1193 ἐτόλμησε
1144 1122 1304 1175 τοῦτο
1329 1124 1525 1188 εἰπεῖν,
1556 1121 1692 1177 ἀλλά
1723 1122 1958 1195 τοσαύτῃ

372 1214 640 1285 κέχρηται
672 1210 959 1283 ἀσφαλείᾳ,
990 1211 1068 1275 ὡς
1087 1212 1283 1275 εἰπεῖν,
1311 1211 1394 1263 ὅτι
1416 1210 1489 1269 Εἰ
1513 1209 1806 1279 ἐγράφετο
1828 1209 1959 1263 καθ’

371 1303 439 1357 ἐν
458 1303 657 1358 ,πάντα
685 1301 802 1356 ὅσα
830 1300 1118 1369 ἐποίησεν
1146 1302 1179 1354 ό
1211 1298 1488 1367 Χριστός,
1521 1299 1647 1352 οὐδ’
1671 1297 1744 1351 ἂν
1771 1295 1961 1351 αὐτόν

370 1393 531 1467 clpa:
567 1393 838 1466 χωρῆσαι
872 1395 977 1450 τὸν
1013 1398 1249 1465 κόσμον
1268 1395 1341 1450 τὰ
1362 1397 1707 1465 γραφόμενα
1724 1394 1954 1460 βιϐλία·

372 1486 489 1551 πῶς
513 1478 669 1550 οὗτος
707 1486 1008 1557 ἐτόλμησεν
1059 1488 1256 1552 εἰπεῖν,
1284 1487 1368 1540 ὅτι
1423 1487 1533 1540 Τὸν
1572 1486 1690 1556 μὲν
1724 1485 1961 1554 πρῶτον

367 1580 558 1649 λόγον
586 1576 967 1647 ἐποιησάμην
1020 1577 1153 1648 περὶ
1186 1576 1448 1645 πάντων,
1494 1572 1542 1632 ὦ
1574 1578 1844 1647 Θεόφιλε,
1872 1570 1961 1631 ὧν

369 1670 661 1739 ἐποίησεν
697 1672 731 1724 ό
772 1669 1050 1739 ⁹Ιησοῦς;
1081 1665 1191 1742 ἆρα
1244 1671 1437 1742 μικρὸν
1485 1671 1617 1741 ἡμῖν
1646 1670 1708 1723 :6
1739 1670 1959 1741 ζήτημα

370 1764 527 1817 τοῦτο
556 1758 696 1818 εἶναι
727 1763 905 1831 δοκεῖ;
933 1762 1082 1836 [105]
1122 1765 1301 1817 Κάκεῖ
1334 1763 1456 1836 μὲν,
1486 1762 1783 1833 Κράτιστε
1825 1763 1961 1817 Θεό-

370 1860 531 1927 φιλε,
564 1854 678 1928 μετ’
713 1856 990 1928 ἐγκωμίου
1027 1856 1090 1909 τὸ
1115 1855 1305 1928 ὄνομα·
1337 1854 1456 1909 οὐδὲ
1485 1853 1594 1927 γὰρ
1618 1853 1805 1917 ἀπλῶς
1833 1854 1962 1907 τοῦ·

369 1965 431 2002 το
448 1950 561 2012 τοῖς
585 1947 762 2018 ἁγίοις
780 1947 1015 2018 εἴρηται.
1035 1947 1147 2002 Kal
1162 1947 1302 2019 τάχα
1326 1946 1590 2001 καὶτοῦτο
1619 1945 1729 1999 ἀπὸ
1760 1944 1961 2016 μέρους

371 2040 770 2112 ἐδείξαμεν,ὃτι
794 2039 916 2093 οὐδὲ
953 2039 1086 2093 ἰῶτα
1109 2038 1187 2104 ἐν,
1222 2038 1343 2092 ούδέ
1367 2038 1496 2110 μίαν
1513 2037 1742 2109 κεραίαν
1773 2036 1960 2101 ἁπλῶς

372 2130 519 2186 ἐστιν
550 2129 677 2186 ἰδεῖν
705 2130 763 2184 ἐν
785 2132 903 2193 ταῖς
928 2129 1174 2202 Γραφαῖς
1214 2128 1501 2199 κειμένην.
1530 2126 1593 2180 Εἰ
1612 2127 1792 2181 τοίνυν
1808 2125 1961 2197 ἐντῷ

370 2223 644 2297 προοιμίῳ
673 2221 911 2276 τοσαῦτα
932 2221 1246 2292 ζητήματα,
1267 2220 1435 2274 πόσον
1461 2219 1759 2291 ἐμέλλομεν
1774 2218 1962 2273 ἀναλί-

370 2334 527 2372 σκειν
554 2316 747 2387 χρόνον
793 2314 863 2368 τὰ
906 2313 1037 2383 ἑξῆς
1072 2313 1289 2367 ἅπαντα
1337 2311 1616 2377 ἐπιόντες;
1657 2311 1760 2366 Διά
1788 2311 1961 2365 ταῦτα

367 2405 731 2479 ἠναγκάσθην
758 2404 821 2458 :6
868 2405 926 2457 ἐν
957 2403 1110 2475 μέσῳ
1144 2401 1538 2475 παραδραμὼν,
1579 2404 1715 2475 πρὸς
1749 2402 1961 2457 Παῦλον

370 2503 574 2559 ἐλθεῖν.
607 2502 765 2567 Τίνος
789 2497 882 2557 οῦν
915 2501 1103 2556 ἐνεκεν
1144 2499 1214 2555 τὰ
1239 2500 1529 2573 ζητήματα
1563 2500 1829 2564 εἰπόντες,
1859 2500 1959 2571 τὴν

369 2593 531 2647 λύσιν
560 2591 743 2646 αὐτῶν
775 2592 879 2644 οὐκ
932 2589 1319 2661 ἐπηγάγομεν;
1364 2589 1666 2656 Ἐθίζοντες
1710 2590 1854 2660 ὑμᾶς
1883 2589 1959 2661 μὴ

366 2684 460 2739 διά
491 2683 693 2746 παντὸς
723 2681 1122 2753 μεμασημένην
1148 2681 1398 2754 δέχεσθαι
1434 2681 1533 2754 τήν
1567 2681 1798 2754 τροφὴν,
1825 2682 1960 2736 ἀλλά

368 2782 643 2855 πολλαχοῦ
675 2783 770 2836 καὶ
800 2782 999 2846 αὐτοὺς
1032 2780 1259 2851 ἐπάγειν
1281 2781 1381 2853 τὴν
1413 2781 1569 2835 λύσιν
1603 2785 1714 2846 τοῖς
1748 2782 1959 2853 νοήμασ-

369 2893 477 2941 σιν,
507 2876 647 2947 ὅπερ
699 2873 945 2929 ποιοῦσιν
982 2875 1039 2929 αἰ
1074 2875 1414 2946 περιστεραί.
1448 2874 1557 2928 Kal
1609 2873 1720 2945 γὰρ
1753 2876 1959 2927 ἐκεῖναι

367 2971 496 3034 τοὺς
529 2970 797 3035 νεοττοὺς,
838 2968 944 3032 ἕως
988 2968 1087 3039 μὲν
1117 2967 1183 3022 ἂν
1220 2969 1280 3021 ἐν
1318 2969 1386 3039 τῇ
1414 2966 1575 3038 καλιᾷ
1611 2967 1854 3038 μένουσι,
1881 2965 1960 3037 τῷ

364 3060 557 3131 οἰκείῳ
581 3060 846 3135 τρέφουσι
875 3060 1127 3131 στόματι*
1159 3059 1380 3115 ἐπειδὰν
1406 3060 1464 3113 δέ
1492 3060 1691 3122 αὐτοὺς
1717 3057 1961 3129 δυνηθῶ-

368 3169 455 3206 σιν
474 3152 769 3223 ἐξαγαγεῖν
800 3152 901 3221 τῆς
917 3152 1159 3217 νοσσιᾶς,
1191 3151 1286 3205 καὶ
1308 3151 1491 3204 ῐδωσιν
1514 3151 1699 3214 αὐτοῖς
1717 3150 1959 3220 παγέντα

365 3244 436 3299 τά
472 3243 674 3315 πτερὰ,
702 3242 887 3297 ούκέτι
905 3241 1065 3296 τοῦτο
1079 3240 1267 3295 λοιπὸν
1288 3240 1554 3308 ποιοῦσιν,
1574 3241 1710 3296 ἀλλά
1729 3242 1957 3315 φέρουσι

370 3338 472 3406 μὲν
495 3335 591 3389 τὸν
632 3334 832 3389 κόκκον
877 3334 972 3388 ἐπὶ
1016 3332 1111 3387 τοῦ
1157 3333 1424 3405 στόματος
1472 3333 1563 3387 καὶ
1599 3333 1955 3389 δεικνύουσιν

367 3428 593 3483 ἐπειδάν
620 3427 679 3482 δὲ
707 3429 758 3480 οἰ
785 3426 990 3483 νεοττοὶ
1024 3426 1500 3499 προσδοκήσαντες
1536 3425 1764 3499 πλησίον
1791 3425 1958 3480 ἔλθω-

368 3538 476 3585 σιν,
506 3521 564 3572 αἱ
596 3518 836 3591 μητέρες
873 3518 1095 3588 ἀφεῖσαι
1118 3518 1218 3591 τήν
1244 3518 1452 3591 τροφὴν
1476 3518 1674 3573 ἐπὶτοῦ
1704 3518 1955 3589 ἐδάφους,

365 3613 431 3667 δι’
457 3611 675 3666 ἑαυτῶν
709 3610 1025 3665 κελεύουσιν
1064 3610 1445 3681 ἀναλέγεσθαι·
1486 3612 1629 3667 οῦτω
1659 3614 1751 3669 καὶ
1795 3617 1959 3686 ἡμεῖς

368 3706 734 3777 ἐποιήσαμεν,
765 3703 1022 3769 λαϐόντες
1066 3702 1167 3776 τὴν
1205 3706 1582 3778 πνευματικήν
1622 3707 1828 3780 τροφὴν
1853 3710 1958 3765 ,ἐπὶ

367 3798 459 3852 τοῦ
500 3798 791 3869 στόματος,
817 3794 1158 3868 ἐκαλέσαμεν
1187 3795 1353 3867 ὑμᾶς,
1377 3797 1453 3862 ὡς
1474 3798 1806 3870 δηλώσοντες
1829 3801 1958 3873 ύμῖν

372 3889 625 3962 συνήθως
659 3889 760 3960 τὴν
788 3887 961 3943 λύσιν’
994 3889 1184 3959 ἐπειδὴ
1219 3889 1276 3942 δέ
1298 3889 1632 3961 προσήλθετε
1656 3893 1752 3945 καὶ
1783 3910 1957 3963 προσ-

370 3983 668 4054 εδοκήσατε
689 3978 968 4047 δέξασθαι,
1004 3979 1319 4050 ἀφήκαμεν,
1350 3977 1492 4032 ὥστε
1524 3980 1670 4050 ὑμᾶς
1700 3982 1769 4035 δι’
1803 3982 1957 4053 ὑμῶν

369 4072 557 4126 αὐτῶν
575 4069 937 4136 ἀναδέξασθαι
977 4068 1048 4123 τὰ
1074 4069 1345 4141 νοήματα.
1375 4069 1474 4124 Διά
1500 4069 1659 4125 τοῦτο
1684 4072 1745 4126 :6
1774 4073 1958 4144 προοί-

374 4188 498 4241 μιον
522 4169 772 4240 ἀφέντες,
801 4168 938 4240 πρὸς
971 4166 1181 4222 Παῦλον
1207 4168 1558 4239 ἐπειγόμεθα.
1603 4170 1871 4244 Ἑροῦμεν
1897 4172 1954 4227 δὲ

371 4263 468 4333 οὐχ
515 4262 618 4317 ὅσα
638 4261 739 4332 τὴν
775 4260 1103 4332 Ἐκκλησίαν
1124 4259 1372 4332 ὠφέλησε
1388 4260 1567 4332 μόνον,
1593 4262 1707 4317 ἀλλ’
1732 4264 1833 4319 ὅσα
1862 4267 1958 4320 καὶ

373 4350 598 4422 ἔϐλαψεο
659 4351 755 4406 καὶ
796 4351 907 4424 γάρ
963 4353 1259 4421 ἀναγκαῖος
1303 4353 1435 4423 ἡμῖν
1488 4348 1643 4420 66:6;
1697 4357 1727 4410 6
1777 4356 1954 4428 λόγος.

385 4443 652 4516 Ἐροῦμεν
673 4442 791 4508 πῶς
819 4444 1135 4515 ἐμαχήσατο
1163 4442 1242 4515 τῷ
1278 4444 1421 4515 λόγῳ
1457 4445 1550 4500 τοῦ
1579 4448 1933 4522 κηρύγματος
1940 4493 1955 4519 ,

377 4534 496 4598 πῶς
526 4533 840 4606 ἐπολέμησε
888 4532 967 4604 τῷ
1012 4532 1253 4611 Χριστῷ,
1301 4533 1421 4597 πῶς
1447 4534 1633 4603 ἐδίωξε
1669 4538 1797 4602 τοὺς
1823 4539 1959 4593 ἀπο-

379 4625 620 4693 στόλους,
652 4624 854 4688 πῶςτά
885 4625 995 4677 τῶν
1026 4622 1300 4694 πολεμίων
1329 4624 1567 4696 ἐφρόνει,
1588 4627 1706 4692 πῶς
1740 4628 1958 4685 πάντων

379 4716 598 4771 πλείονα
624 4719 853 4789 παρεῖχε
880 4719 947 4788 τῇ
990 4714 1286 4787 Ἐκκλησίᾳ
1312 4716 1632 4789 πράγματα.
1673 4720 1833 4776 Ἀλλά
1856 4740 1959 4794 μη-

377 4807 489 4873 δεὶς
519 4808 860 4880 αἰσχυνέσθω
891 4807 1019 4880 περὶ
1050 4806 1262 4860 Παύλου
1294 4807 1469 4863 ταῦτα
1497 4809 1730 4865 ἀκούων·
1759 4813 1820 4865 66
1848 4813 1958 4887 γάρ

383 4901 528 4954 ἐστιν
557 4899 723 4955 αὐτοῦ
754 4900 1208 4971 κατηγορήματα,
1238 4899 1352 4954 ἀλλ’
1376 4902 1666 4973 ἐγκωμίων
1681 4904 1954 4972 ὑπόθεσις.

384 4991 458 5043 06
497 4991 606 5065 γάρ
628 4990 934 5063 κατηγορία
961 4990 1111 5063 αὐτῷ
1142 4991 1403 5064 πρότερον
1424 4992 1552 5048 ὄντα
1567 4995 1787 5064 φαῦλον,
1804 4995 1957 5050 ὔστε-

388 5094 478 5149 ρον
501 5080 756 5151 γενέσθαι
780 5079 1038 5152 χρηστὸν,
1070 5078 1206 5135 ἀλλὰ
1239 5081 1302 5135 :6
1330 5082 1593 5155 πρότερον
1628 5084 1757 5139 δντα
1788 5103 1956 5140 σπου-

383 5169 550 5237 δαῖον,
585 5170 815 5245 ὕστερον
868 5170 1298 5244 μεταϐάλλεσθαι
1342 5173 1479 5244 πρὸς
1528 5176 1815 5247 πονηρίαν’
1847 5176 1957 5231 ἀπὸ

386 5261 492 5334 γάρ
512 5263 605 5320 τοῦ
626 5264 815 5328 τέλους
847 5263 934 5318 ἀεὶ
959 5263 1028 5317 τά
1067 5263 1371 5335 πράγματα
1397 5265 1663 5337 κρίνεται.
1694 5269 1805 5322 Kal
1849 5271 1956 5339 γάρ

387 5354 509 5419 τοὺς
549 5353 910 5427 κυϐερνήτας,
955 5353 1058 5408 κᾶν
1086 5354 1256 5427 μυρία
1304 5355 1538 5426 ναυάγια
1571 5356 1953 5430 ὑπομείνωσιν,

388 5444 511 5500 ὅταν
545 5445 812 5518 μέλλωσιν
845 5447 921 5510 εἰς
943 5444 1036 5501 τὸν
1068 5444 1262 5518 λιμένα
1292 5446 1596 5521 καταίρειν,
1629 5447 1694 5503 ἂν
1720 5451 1957 5523 φορτίων

389 5537 826 5611 πεπληρωμένην
860 5538 1057 5597 ὁλκάδα
1102 5538 1512 5608 καταγάγωσιν,
1541 5539 1603 5595 ού
1638 5543 1814 5613 φαμὲν
1856 5560 1954 5596 πε-

390 5626 627 5697 πρᾶχθαι
649 5625 856 5693 κακῶς,
889 5626 983 5681 τοῦ
1024 5626 1210 5691 τέλους
1241 5625 1311 5680 τά
1350 5626 1688 5699 παρελθόντα
1715 5627 1957 5700 ἀποκρύ-

387 5714 602 5782 ψαντος·
634 5718 729 5773 καὶ
759 5719 882 5782 τοὺς
903 5717 1140 5789 ἀθλητὰς
1169 5716 1350 5787 πάλιν,
1387 5717 1487 5773 κᾶν
1504 5719 1676 5793 μυρία
1693 5721 1957 5795 πρότερον

833 277 902 333 IN
942 276 1183 343 ILLUD,
1227 277 1507 335 SAL'LUS
1545 277 1781 335 ADHUC
1822 277 1958 335 SPIF

2065 279 2137 334 ξε.
2171 277 2275 341 DE.
2302 280 2714 338 MUTATIONE
2752 279 3101 336 ΝΟΜίΝἱῘΜ.
3142 280 3179 334 1.

3532 284 3644 346 ἰω

2067 388 2362 460 ἡττηθῶσι,
2389 388 2488 460 τὴν
2514 388 2572 442 δὲ
2620 389 2749 460 περὶ
2776 388 2871 442 τοῦ
2903 388 3169 459 στεφάνου
3210 390 3386 462 πάλην
3434 397 3640 466 κρατή-

2069 496 2253 543 σωσιν,
2289 481 2389 533 ούκ
2417 479 2830 552 ἀποστεροῦμεν
2857 480 2966 535 τῶν
2997 483 3289 554 ἐγκωμίων
3309 483 3418 538 τῶν
3453 486 3548 540 ἐπὶ
3575 491 3642 559 τῇ

2067 574 2193 647 νίκῃ
2218 574 2306 628 διὰ
2333 576 2403 628 τά
2431 576 2695 647 πρότερα.
2730 575 2885 630 Οῦτω
2911 577 3006 630 καὶ
3035 577 3127 629 ἐπὶ
3161 576 3373 632 Παύλου
3406 580 3644 651 ποιήσιο-

2070 684 2188 739 μεν.
2219 667 2329 721 Καὶ
2346 666 2455 739 γὰρ
2483 667 2576 720 καὶ
2607 661 2760 733 οὗτος
2810 670 2904 722 καὶ
2944 667 3114 741 μυρία
3149 670 3383 740 ναυάγια
3419 672 3647 742 ὑπέμει-

2065 775 2176 821 νεν,
2204 758 2320 811 ἀλλ’
2347 759 2436 811 ὅτε
2458 761 2538 822 εἰς
2575 758 2665 812 τὸν
2680 758 2873 830 λιμένα
2886 761 3166 831 καταίρειν
3187 760 3400 832 ἔμελλε,
3435 763 3645 835 πεπλη-

2068 849 2320 921 ρωμένην
2346 852 2587 922 ἐπήγαγε
2604 851 2712 905 τῶν
2728 852 2959 924 φορτίων
2985 854 3083 923 τὴν
3097 852 3313 908 ὁλκάδα.
3330 855 3440 908 Καὶ
3454 854 3646 928 ῶσπερ

2064 953 2093 1005 6
2137 950 2338 1014 Ἰούδας
2377 951 2530 1005 οὐδὲν
2566 952 2817 1024 ὠφέλησε
2867 953 2973 1025 πρὸ
3021 954 3212 1008 τούτου
3257 955 3503 1027 μαθητής
3543 956 3642 1021 ῶν,

2066 1046 2186 1106 εἶτα
2226 1052 2492 1124 προδότης
2515 1055 2824 1124 γενόμενος·
2852 1054 2993 1108 οὓτω
3008 1056 3101 1108 καὶ
3124 1048 3277 1121 66:6;
3313 1057 3466 1111 οὐδὲν
3502 1074 3645 1130 παρ-

2067 1153 2269 1225 εϐλάϐη
2312 1154 2417 1224 πρὸ
2438 1152 2624 1207 τούτου
2656 1153 2892 1226 διώκτης
2923 1153 3017 1219 ῶν,
3041 1155 3179 1225 μετά
3212 1155 3269 1208 δέ
3295 1157 3465 1210 ταῦτα
3488 1158 3645 1225 γενόο

2069 1271 2228 1325 μενος
2253 1254 2665 1327 εύαγγελιστής.
2711 1256 2993 1327 Ἐγκώμια
3016 1256 3231 1310 Παύλου
3274 1256 3447 1311 ταῦτά
3474 1259 3643 1321 ἐστιν,

2065 1355 2163 1408 ούκ
2203 1354 2391 1426 ἐπειδὴ
2427 1356 2739 1427 κατέσκαψε
2774 1356 2874 1429 τὴν
2937 1356 3283 1427 Ἐκκλησίαν,
3327 1358 3443 1414 ἀλλ’
3484 1359 3647 1424 αὐτὸς

2066 1455 2238 1527 αὐτὴν
2283 1456 2447 1510 πάλιν
2475 1457 2843 1529 ᾠκοδόμησεν
2876 1459 2975 1512 ούκ
3016 1459 3203 1530 ἐπειδὴ
3238 1459 3510 1533 ἐπόρθησε
3551 1461 3647 1516 τὸν

2067 1556 2215 1630 [104]
2243 1557 2419 1626 λόγον,
2449 1557 2564 1611 ἀλλ’
2595 1557 2783 1630 ἐπειδὴ
2814 1559 3096 1630 πορθήσας
3141 1557 3233 1612 τὸν
3260 1559 3436 1628 λόγον,
3484 1560 3646 1624 αὐτὸς

2066 1659 2226 1713 αὐτὸν
2272 1659 2435 1713 πάλιν
2481 1658 2740 1729 ηὔξησεν*
2776 1661 2876 1714 ούκ
2908 1660 3095 1732 ἐπειδὴ
3156 1660 3463 1733 ἐπολέμησε
3514 1662 3643 1727 τοὺς
3742 1666 3755 1671 ”

2066 1758 2417 1827 ἀποστόλους,
2450 1761 2550 1813 οὐκ
2584 1760 2772 1831 ἐπειδὴ
2805 1759 3132 1834 διεσπάραξε
3159 1763 3258 1833 τὴν
3281 1764 3503 1836 ἀγέλην,
3526 1764 3643 1819 ἀλλ’

2067 1859 2257 1932 ἐπειδὴ
2285 1859 2684 1932 διασπαράξας,
2724 1860 2949 1933 ὕστερον
2990 1864 3151 1930 αὐτὸς
3184 1865 3356 1939 αὐτὴν
3392 1867 3648 1939 συνεκρό-

2066 1978 2222 2032 τησε.

2140 2062 2203 2112 ε’.
2238 2057 2304 2111 Τί
2332 2057 2522 2113 τούτου
2569 2060 2995 2133 παραδοξότερον
3028 2062 3224 2132 γένοιτ’
3253 2062 3352 2127 άνς
3395 2064 3452 2119 ’0
3482 2062 3648 2125 λύκος

2068 2147 2283 2217 ἐγένετο
2311 2150 2513 2221 ποιμήν
2532 2166 2547 2179 ·
2595 2151 2625 2202 6
2654 2149 2715 2203 :6
2745 2145 2883 2221 αἷμα
2915 2151 3023 2205 τῶν
3057 2152 3344 2223 προϐάτων
3376 2153 3643 2215 ἐκπίνων,

2065 2240 2127 2292 ού
2154 2239 2359 2305 διέλιπε
2380 2240 2441 2293 :6
2466 2236 2604 2311 αἷμα
2626 2241 2820 2295 ἐαυτοῦ
2847 2241 3053 2312 ἐκχέων
3083 2243 3225 2314 ὑπὲρ
3256 2244 3355 2315 τῆς
3374 2242 3483 2297 τῶν
3512 2261 3648 2313 προ·

2069 2330 2246 2384 ϐάτων
2292 2332 2583 2403 σωτηρίας.
2639 2332 2825 2386 Βούλει
2873 2334 3065 2405 μαθεῖν
3098 2334 3215 2398 πῶς
3262 2335 3322 2389 :6
3369 2329 3508 2404 αἷμα
3536 2335 3646 2388 τῶν

2068 2421 2358 2487 προϐάτων
2414 2421 2666 2490 ἐξέπινε;
2730 2422 2848 2487 πῶς
2906 2424 3201 2495 ᾐμαγμένη
3260 2419 3328 2495 ἦν
3384 2422 3547 2479 αὐτοῦ
3609 2425 3645 2495 ή

2065 2513 2322 2583 γλῶσσα;
2350 2512 2590 2580 Σαῦλος
2615 2512 2685 2568 δὲ
2708 2513 2795 2568 ἔτι
2822 2514 3096 2584 ἐμπνέων
3131 2514 3387 2582 ἀπειλῆς
3415 2513 3515 2568 καί
3540 2516 3645 2585 φό-

2064 2620 2178 2658 νου
2223 2605 2311 2670 εἰς
2349 2603 2492 2670 τοὺς
2520 2602 2790 2673 μαθητὰς
2821 2603 2928 2658 τοῦ
2972 2604 3212 2672 Κυρίου.
3257 2603 3395 2657 Ἀλλ’
3431 2597 3584 2667 66:6;
3616 2606 3647 2657 6

2066 2694 2293 2766 ἀπειλῆς
2324 2695 2418 2748 καὶ
2453 2694 2612 2764 φόνου
2640 2694 2892 2766 ἐμπνέων
2911 2734 2926 2759 ,
2954 2694 3047 2749 καὶ
3079 2694 3138 2749 :6
3168 2690 3308 2769 αἷμα
3334 2695 3445 2779 τῶν(
3478 2695 3647 2766 ἁγίων

2067 2786 2273 2858 ἐκχέων
2293 2827 2308 2851 ,
2354 2787 2586 2842 ἄκουσον
2630 2786 2750 2850 πῶς
2800 2788 2862 2841 :6
2908 2783 3047 2859 αἷμα
3084 2788 3146 2841 τὸ
3194 2788 3388 2842 ἐαυτοῦ
3433 2789 3648 2859 ἐξέχεεν

2067 2878 2207 2948 ὑπὲρ
2236 2876 2345 2931 τῶν
2379 2877 2573 2945 ἁγίων.
2624 2880 2695 2931 El
2724 2877 2875 2933 κατὰ
2910 2876 3256 2946 ἄνθρωπον,
3291 2879 3485 2950 φησὶν,
3512 2878 3650 2946 ἐθη-

2057 2966 2403 3037 ριομάχησα
2438 2968 2509 3022 ἐν
2557 2966 2809 3037 Ἐφέσῳο
2857 2968 2954 3023 καὶ
3006 2968 3167 3023 πάλιν
3186 3008 3201 3033 ,
3251 2970 3391 3024 Καθ’
3419 2967 3650 3038 ἡμέραν

2064 3056 2431 3124 ἀποθνήσκω
2448 3074 2463 3089 ’
2486 3057 2579 3111 καὶ
2608 3056 2791 3120 πάλιν.
2836 3058 3268 3128 Ἐλογίσθημεν
3283 3059 3363 3125 ὡς
3386 3059 3649 3127 πρόϐατα

2065 3146 2328 3217 σφαγῆς.
2360 3148 2470 3202 Kal
2498 3147 2668 3203 :a6:a
2700 3149 2888 3217 ἔλεγεν
2909 3151 2937 3203 6
2967 3149 3158 3222 παρὼν
3189 3151 3279 3204 ὅτε
3305 3151 3544 3223 ἐξεχεῖτο
3585 3152 3649 3205 :6

2066 3233 2207 3310 αἷμα
2252 3240 2560 3308 Στεφάνου,
2607 3240 2703 3292 καὶ
2745 3234 2814 3309 ἦν
2863 3240 3197 3294 συνευδοκῶν
3245 3245 3310 3313 τῇ
3365 3243 3645 3315 ἀναιρέσει

2066 3324 2253 3379 αὑτοῦ.
2292 3326 2454 3398 Ὁρᾷς
2492 3325 2610 3391 πῶς
2637 3328 2666 3380 6
2693 3326 2855 3391 λύκος
2884 3328 3088 3399 ποιμήν
3113 3329 3363 3397 ἐγένετος
3386 3326 3511 3401 Ἆρ’
3544 3332 3648 3386 οὐκ

2066 3421 2385 3493 αἰσχύνεσθε
2428 3422 2534 3495 πρὸ
2559 3422 2751 3476 τούτου
2780 3422 3067 3489 ἀκούοντες
3098 3424 3180 3478 ὅτι
3202 3423 3434 3497 διώκτης
3462 3421 3530 3497 ἦν
3554 3428 3647 3481 καὶ

2068 3513 2388 3587 βλάσφημος
2431 3516 2527 3569 καὶ
2555 3515 2849 3588 ύϐριστής;
2878 3515 3062 3571 Εῖδετε
3103 3515 3221 3583 πῶς
3257 3517 3441 3589 μεῖζον
3478 3520 3645 3575 αὐτοῦ

2064 3608 2292 3680 ἐποίησε
2324 3607 2387 3661 :6
2415 3605 2691 3679 ἐγκώμιον
2721 3612 2755 3680 ή
2780 3608 3020 3682 προτέρα
3041 3609 3345 3683 κατηγορία
3365 3627 3380 3676 ;
3401 3611 3515 3668 Ούκ
3538 3611 3649 3665 ελε-

2064 3718 2159 3770 γον
2208 3702 2338 3773 ύμῖν
2369 3704 2427 3756 ἐν
2458 3705 2541 3775 ¹ι’.τῇ
2594 3702 2840 3775 προτέρᾳ
2887 3701 3105 3768 συνάξει
3151 3704 3235 3757 ὅτι
3266 3703 3377 3758 τῶν
3406 3703 3512 3777 πρὸ
3548 3703 3645 3758 τοῦ

2067 3793 2301 3865 σταυροῦ
2343 3793 2586 3865 σημείων
2618 3792 2687 3848 τά
2719 3794 2858 3866 μετά
2895 3794 2985 3848 τὸν
3011 3796 3243 3868 σταυρὸν
3270 3796 3494 3868 μείζονα
3524 3796 3647 3865 ἐγέ-
3700 3838 3707 3847 .

2064 3901 2216 3951 νετο;
2249 3885 2351 3939 ούκ
2400 3885 2577 3953 ἔδειξα
2623 3887 2753 3957 ύμῖν
2796 3886 2891 3941 καὶ
2935 3887 3044 3941 ἀπὸ
3087 3887 3198 3942 τῶν
3232 3890 3503 3959 σημείων,
3549 3890 3645 3945 καὶ

2065 3976 2176 4029 ἀπὸ
2205 3976 2305 4046 τῆς
2343 3976 2553 4041 εὐνοίας
2579 3966 3009 4049 τῶν’μαθητῶν,
3043 3977 3140 4031 καὶ
3167 3978 3283 4041 πῶς
3313 3980 3419 4049 πρὸ
3449 3979 3641 4034 τούτου

2069 4068 2166 4139 μὲν
2190 4069 2219 4121 6
2244 4067 2477 4139 Χριστὸς
2502 4067 2806 4120 ἐπιτάττων
2831 4067 3019 4138 ήγειρε
3041 4068 3166 4132 τοὺς
3195 4069 3422 4140 νεκροὺς
3442 4109 3457 4135 ,
3484 4070 3641 4125 ὓστε-

2068 4177 2160 4232 ρον
2198 4160 2256 4214 δέ
2288 4160 2345 4213 αἰ
2386 4158 2537 4214 σκιαὶ
2572 4158 2682 4212 τῶν
2727 4158 2931 4213 δούλων
2978 4158 3142 4213 αὐτοῦ
3190 4160 3346 4215 τοῦτο
3389 4162 3641 4229 ἐποίουν;

2066 4250 2183 4317 πῶς
2206 4250 2326 4306 τότε
2360 4251 2458 4323 μὲν
2489 4251 2651 4314 αὐτὸς
2673 4250 2911 4306 κελεύων
2932 4251 3389 4326 ἐθαυματούργει,
3416 4252 3643 4325 ὕστερον

2064 4345 2120 4400 δὲ
2168 4346 2218 4399 οἰ
2266 4343 2442 4400 δοῦλοι
2485 4343 2648 4398 αὐτοῦ
2698 4344 2776 4416 τῷ
2831 4344 3055 4416 ὀνόματι
3096 4346 3261 4399 αὐτοῦ
3310 4346 3641 4418 κεχρημένοι

2069 4438 2293 4511 μείζονα
2316 4438 2608 4510 ἐποίησαν;
2638 4438 2738 4493 οὐκ
2762 4435 2913 4492 εἷπον
2946 4438 3076 4507 ύμῖν
3104 4438 3232 4508 περὶ
3255 4437 3362 4492 τῶν
3388 4439 3601 4511 ἐχθρῶν
3622 4479 3640 4504 ,

2066 4532 2184 4596 πῶς
2215 4532 2481 4586 διέσεισεν
2509 4529 2692 4585 αὐτῶν
2715 4531 2775 4584 :6
2799 4530 3072 4595 συνειδός;
3106 4530 3223 4595 πῶς
3246 4532 3516 4604 ἐκράτησε
3540 4534 3641 4605 τῆς

2063 4620 2387 4694 οἰκουμένης
2428 4621 2676 4691 ἀπάσης;
2720 4620 2839 4684 πῶς
2882 4621 3105 4691 μείζονα
3150 4623 3218 4677 τὰ
3257 4625 3459 4695 σημεῖα
3504 4625 3641 4696 μετά

2063 4712 2155 4767 τὸν
2208 4713 2434 4785 σταυρὸν
2476 4707 2546 4783 ἦν
2588 4712 2696 4766 τῶν
2741 4713 2846 4785 πρὸ
2884 4711 2979 4766 τοῦ
3048 4716 3321 4787 σταυροῦ;
3388 4718 3640 4789 ’Δδελφδς

2064 4804 2271 4859 ἐκείνου
2306 4806 2400 4859 καὶ
2448 4806 2477 4858 6
2506 4805 2745 4876 σήμερον
2791 4805 3047 4860 εἰσελθὼν
3088 4807 3265 4877 λόγος.
3298 4809 3363 4862 Τί
3402 4809 3510 4883 γάρ
3543 4810 3640 4866 τοῦ

2064 4898 2206 4952 κατά
2245 4898 2457 4954 Παῦλον
2493 4896 2680 4969 μεῖζον
2714 4897 2941 4968 σημείου
2973 4899 3169 4968 γένοιτ’
3194 4900 3295 4967 ἀνς
3328 4902 3514 4956 Ζῶντα
3542 4903 3641 4974 μὲν

2064 4987 2174 5061 γὰρ
2209 4988 2371 5043 αὑτὸν
2416 4988 2513 5043 καὶ
2539 4991 2568 5043 6
2614 4989 2819 5061 Πέτρος
2846 4984 3157 5062 ἠρνήσατο,
3207 4992 3544 5048 ἀποθανόντα
3582 4993 3641 5046 δὲ

2064 5084 2093 5136 6
2138 5081 2348 5146 Παῦλος
2390 5081 2728 5153 ὡμολόγησε.
2764 5082 2872 5136 Τοῦ
2917 5084 2975 5138 δὲ
3021 5086 3247 5157 νεκροὺς
3297 5086 3508 5158 ἐγεῖραι
3550 5086 3640 5141 διὰ

2062 5174 2173 5230 τῶν
2209 5174 2377 5229 σκιῶν
2411 5174 2594 5246 μεῖζον
2621 5177 2845 5247 σημεῖον
2866 5170 2934 5247 ἦν
2954 5175 3014 5229 :6
3041 5176 3139 5246 τὴν
3165 5175 3391 5247 γνώμην
3429 5177 3640 5233 Παύλου

2063 5268 2468 5323 ἐπισπάσασθαι
2520 5268 2613 5322 καὶ
2662 5268 2822 5322 ἐλεῖν.
2885 5269 3032 5323 Ἐκεῖ
3078 5269 3177 5340 μέν
3220 5271 3330 5341 γάρ
3385 5271 3418 5341 ἡ
3479 5270 3641 5341 φύσις

2064 5359 2280 5424 εῖπετο,
2311 5359 2406 5412 καὶ
2454 5357 2554 5411 οὐκ
2593 5357 2845 5427 ἀντέλεγε
2886 5358 2965 5430 τῷ
2997 5358 3336 5412 ἐπιτάττοντι
3358 5375 3372 5390 υ
3405 5358 3642 5415 ἐνταῦθα

2063 5450 2121 5504 δέ
2155 5450 2473 5523 προαίρεσις
2505 5444 2572 5521 ἦν
2622 5448 2719 5503 τοῦ
2766 5449 3086 5521 πεισθῆναι,
3131 5450 3229 5504 καὶ
3264 5450 3360 5504 τοῦ
3401 5449 3477 5522 μή
3521 5466 3641 5504 πει-

2067 5541 2258 5612 σθῆναι
2299 5540 2495 5613 κυρίαο
2530 5539 2654 5594 ὃθεν
2701 5541 2869 5613 πολλή
2902 5542 2936 5612 ή
2967 5540 3197 5610 δύναμις
3222 5540 3318 5596 τοῦ
3357 5540 3647 5606 πείσαντος

2066 5630 2357 5687 δείκνυται.
2403 5629 2512 5683 Τοῦ
2562 5628 2672 5701 γάρ
2701 5629 2863 5699 φύσιν
2905 5627 3197 5701 διορθῶσαι
3225 5631 3288 5686 :6
3323 5630 3647 5703 προαίρεσιν

2075 5722 2398 5799 μεταϐαλεῖν
2431 5720 2610 5793 πολλῷ
2644 5723 2826 5793 μεῖζον
2857 5718 2957 5797 ἦν·
2987 5721 3176 5793 μεῖζον
3207 5725 3314 5797 ἄρα
3341 5725 3447 5779 τῶν
3472 5723 3649 5781 ἀλλων
