4096 6222
453 302 546 357 HI

452 422 705 476 ἁπάντων
749 419 972 488 σημεῖον
1006 414 1222 483 ἐγένετο
1248 413 1309 465 τὸ
1337 410 1549 464 Παῦλον
1586 407 1902 480 προσελθεῖν
1944 404 2023 478 τῷ

451 511 672 586 Χριστῷ
705 510 842 581 μετὰ
880 508 970 562 τὸν
1013 507 1242 580 σταυρὸν
1291 504 1502 558 καὶτὸν
1547 502 1734 572 τάφον.
1774 501 1883 555 Καὶ
1916 499 2024 570 γάρ

452 603 538 657 διὰ
562 603 720 655 τοῦτο
748 601 959 670 ἀφῆκεν
988 597 1154 652 αὑτὸν
1193 600 1221 650 6
1241 595 1475 670 Χριστὸς
1499 596 1678 648 πᾶσαν
1702 592 1801 663 τὴν
1831 590 2025 663 ἔχθραν

453 696 856 764 ἐπιδείξασθαι,
909 695 1002 747 καὶ
1061 693 1183 746 τότε
1231 690 1521 752 ἐκάλεσεν,
1575 687 1662 738 ῖνα
1719 682 2027 736 ἀνύποπτον

455 789 656 858 ποιήσῃ
683 787 782 856 τῆς
820 784 1168 846 ἀναστάσεως
1208 782 1310 852 τὴν
1352 775 1658 841 ἀπόδειξιν,
1691 774 1787 828 καὶ
1826 773 1916 826 τὸν
1951 771 2028 824 δι-

454 877 750 941 δασκαλίας
779 876 955 944 λόγον.
1001 875 1206 945 Πέτρος
1239 873 1338 943 μὲν
1366 871 1475 942 γάρ
1505 869 1634 941 περὶ
1659 865 1822 920 αὑτοῦ
1854 863 2026 932 λέγων

459 971 587 1034 ἴσως
631 967 984 1024 ὑπωπτεύετο
1013 984 1029 998 ο
1077 962 1190 1037 εἶχε
1238 965 1346 1037 γάρ
1391 980 1474 1026 τις
1518 961 1626 1015 τῶν
1659 957 2028 1028 ἀναισχύντων

457 1063 632 1114 εἰπεῖν
670 1079 742 1114 τι.
774 1058 940 1113 Εἶπον
976 1059 1032 1113 δέ
1068 1058 1176 1112 τῶν
1213 1055 1602 1127 ἀναισχύντων,
1631 1054 1712 1106 ὅτι
1735 1052 1895 1105 κάκεῖ
1922 1065 2026 1118 φαο

457 1154 590 1224 νερά
642 1155 673 1223 η
722 1152 994 1217 ἀπόδειξις
1048 1147 1137 1223 ἦν.
1189 1151 1301 1204 Καὶ
1352 1149 1460 1220 γάρ
1502 1148 1596 1201 καὶ
1624 1147 1829 1208 ἐκεῖνος
1867 1141 2030 1196 αὐτὸν

460 1245 735 1314 ἠρνήσατο
767 1243 1060 1314 πρότερον,
1095 1242 1190 1296 καὶ
1219 1242 1494 1311 ἠρνήσατο
1537 1237 1652 1308 μεθ’
1679 1236 1840 1306 ὅρκου
1863 1274 1877 1298 ,
1914 1231 2030 1285 ἀλλ’

459 1337 610 1407 ὅμως
655 1337 745 1388 τὸν
781 1335 941 1388 αὐτὸν
973 1334 1160 1387 τοῦτον
1205 1332 1480 1403 ὁμολογῶν
1528 1330 1752 1399 ὕστερον
1796 1326 1892 1379 καὶ
1932 1324 2032 1394 τὴν

459 1426 636 1496 ψυχὴν
669 1425 908 1478 ἐπέδωκε
938 1425 1036 1494 τὴν
1066 1423 1277 1477 ἐαυτοῦ.
1318 1425 1378 1476 Εἰ
1415 1422 1472 1475 δὲ
1506 1421 1580 1492 μὴ
1608 1419 1808 1488 ἀνέστη
1830 1458 1844 1480 ,
1880 1413 2032 1488 [105]

461 1519 561 1580 οὐκ
591 1517 655 1570 ἂν
688 1517 716 1568 6
743 1516 920 1580 ζῶντα
960 1517 1334 1586 ἀρνησάμενος
1354 1555 1368 1578 ,
1396 1513 1538 1568 ὥστε
1586 1510 1660 1583 μὴ
1693 1507 2034 1582 ἀρνήσασθαι

461 1608 888 1679 τελευτήσαντα,
939 1607 1166 1680 μυρίους
1207 1607 1272 1661 ἂν
1320 1606 1581 1669 θανάτους
1627 1603 1916 1672 ὑπέμεινεο
1953 1597 2035 1652 διὸ

463 1702 558 1755 καὶ
589 1701 682 1753 ἐπὶ
713 1702 917 1772 Πέτρου
950 1701 1158 1773 φανερὰ
1181 1703 1214 1772 ἡ
1241 1700 1513 1767 ἀπόδειξις
1547 1699 1647 1770 τῆς
1686 1695 2034 1758 ἀναστάσεως

461 1787 548 1862 ἦν.
576 1792 722 1862 Πλὴν
750 1792 862 1845 ἀλλ’
893 1794 1069 1847 ἐκεῖνο
1095 1793 1192 1864 μὲν
1217 1788 1360 1862 εἶχον
1383 1794 1432 1845 οἱ
1456 1791 1799 1862 ἀναίσχυντοι
1830 1788 2031 1856 λέγειν,

462 1883 546 1938 ὅτι
572 1883 758 1955 ἐπειδὴ
785 1884 1036 1956 μαθητὴς
1055 1884 1218 1940 αὐτοῦ
1244 1882 1310 1958 ἧν
1331 1924 1346 1948 ,
1377 1885 1562 1955 ἐπειδὴ
1590 1883 1868 1955 τραπέζης
1892 1884 2036 1934 ἐκοι-

463 1975 701 2047 νώνησεν
721 1977 888 2047 αὐτῷ,
915 1978 1009 2029 καὶ
1037 1979 1162 2048 τρία
1190 1978 1284 2050 ἔτη
1309 1977 1457 2047 αὐτῷ
1484 1975 1815 2044 συνεγένετο,
1846 1973 2033 2043 ἐπειδὴ

462 2068 809 2133 διδασκαλίας
853 2071 1188 2142 ἀπήλαυσεν,
1225 2070 1411 2141 ἐπειδὴ
1435 2069 1771 2138 ἐκολακεύθη
1807 2069 1898 2120 ὑπ’
1931 2067 2032 2118 αὑ-

462 2156 556 2210 τοῦ
600 2159 932 2230 ἀπατηθεὶς,
973 2159 1073 2212 διὰ
1096 2159 1251 2213 τοῦτο
1287 2159 1543 2230 κηρύττει
1578 2157 1742 2212 αὑτοῦ
1770 2157 1869 2228 τὴν
1905 2155 2036 2209 ἀνά-

465 2265 688 2302 στασινο
726 2250 855 2304 ὅταν
893 2251 949 2303 δὲ
984 2251 1193 2304 Παῦλον
1230 2251 1343 2323 ἴδῃς
1377 2250 1466 2304 τὸν
1498 2250 1600 2304 οὐκ
1630 2250 1804 2303 είδότα
1840 2249 2033 2315 αὑτὸν,

463 2341 553 2394 τὸν
597 2340 698 2395 οὐκ
735 2342 1047 2396 ἀκούσαντα
1075 2343 1270 2410 αὑτοῦ,
1309 2344 1401 2398 τὸν
1447 2344 1506 2395 οὐ
1564 2342 1900 2414 μετασχόντα
1937 2341 2037 2413 τῆς

463 2431 829 2498 διδασκαλίας,
866 2433 956 2486 τὸν
991 2435 1084 2488 καὶ
1127 2435 1264 2505 μετὰ
1299 2435 1388 2488 τὸν
1424 2435 1654 2506 σταυρὸν
1689 2434 1835 2505 αὐτῷ
1879 2434 2036 2487 πολε-

469 2520 700 2589 μοῦντα,
737 2521 827 2575 τὸν
862 2524 1256 2579 ἀποκτιννύντα
1297 2528 1423 2589 τοὺς
1451 2528 1531 2589 είς
1569 2526 1728 2578 αὑτὸν
1763 2525 2036 2581 πιστεύον-

465 2629 596 2676 τας,
627 2613 719 2666 τὸν
758 2617 934 2668 πάντα
981 2617 1275 2687 συγχέοντα
1314 2619 1408 2671 καὶ
1442 2618 1812 2688 ταράττοντα,
1851 2617 2036 2672 τοῦτον

464 2703 727 2777 ἐξαίφνης
756 2707 1256 2779 μεταϐεϐλημένον,
1301 2710 1396 2762 καὶ
1434 2713 1544 2774 τοῖς
1567 2711 1705 2782 ὑπὲρ
1729 2709 1822 2763 τοῦ
1862 2709 2034 2782 κηρύ-

464 2810 674 2864 γματος
728 2796 994 2867 καμάτοις
1053 2799 1296 2865 ἃπαντας
1333 2801 1715 2873 παρελάσαντα
1761 2803 1888 2866 τοὺς
1940 2801 2034 2856 τοῦ

466 2887 701 2958 Χριστοῦ
731 2878 937 2958 φίλους,
977 2890 1136 2944 ποίαν
1160 2891 1300 2958 ἕξεις
1334 2891 1517 2945 λοιπὸν
1537 2932 1552 2957 ,
1586 2893 1709 2946 είπέ
1734 2909 1853 2963 μοι,
1885 2892 2037 2946 ἀναι-

467 2980 722 3050 σχυντίας
772 2983 1070 3052 πρόφασιν,
1119 2984 1362 3038 ἀπιστῶν
1409 2983 1487 3054 τῷ
1537 2986 1637 3056 τῆς
1691 2984 2036 3049 ἀναστάσεως

466 3069 643 3138 λόγῳς
676 3072 739 3124 El
779 3072 890 3144 γὰρ
930 3073 1003 3146 μὴ
1034 3073 1230 3146 ἀνέστη
1263 3076 1290 3128 ό
1327 3073 1596 3146 Χριστὸς,
1630 3075 1714 3139 τίς
1745 3074 1837 3128 τὸν
1863 3073 2036 3138 οὕτως

468 3162 618 3234 ὠμὸν
641 3163 735 3217 καὶ
762 3165 1147 3231 ἀπάνθρωπον,
1181 3166 1264 3229 τίς
1288 3166 1377 3218 τὸν
1402 3165 1921 3237 ἐκπεπολεμωμένον
1943 3166 2036 3219 καὶ

467 3255 806 3326 ἢγριωμὲνον
835 3258 1180 3312 ἐπεσπάσατο
1208 3257 1295 3322 ἂν,
1325 3259 1418 3311 καὶ
1444 3257 1582 3328 πρὸς
1615 3259 1804 3312 ἐαυτὸν
1827 3257 2036 3328 ἐπηγά-

466 3363 630 3415 γετο;
665 3348 800 3401 Εἰπὲ
830 3349 938 3420 γάρ
970 3367 1093 3419 μοι,
1129 3343 1174 3403 ὧ
1213 3349 1461 3413 Ἰουδαῖε,
1494 3349 1577 3413 τίς
1607 3349 1820 3404 Παῦλον
1851 3350 2035 3404 ἔπεισε

467 3440 780 3512 προσελθεῖν
831 3441 909 3512 τῷ
958 3439 1212 3512 Χριστῴς
1273 3441 1509 3513 Πέτρος;
1568 3441 1683 3500 ἀλλ’
1751 3443 2032 3508 Ἰάκωϐοςς

465 3531 580 3585 ἀλλ’
620 3532 894 3601 Ἰωάννηςς
936 3532 1074 3584 Ἀλλ’
1096 3526 1240 3584 οὗτοι
1272 3533 1467 3596 πάντες
1491 3531 1652 3585 αὐτὸν
1682 3532 2035 3586 ἐδεδοίκεισαν

467 3625 562 3676 καὶ
590 3625 842 3694 ἔφριττον
860 3665 875 3690 ,
911 3625 1004 3677 καὶ
1043 3626 1162 3694 οὐχὶ
1192 3626 1296 3695 πρὸ
1327 3625 1516 3678 τούτου
1559 3625 1746 3695 μόνον,
1781 3625 1915 3678 ἀλλὰ
1942 3625 2037 3678 καὶ

467 3715 554 3767 ὅτε
591 3714 699 3767 τῶν
736 3714 902 3782 φίλων
935 3713 1176 3782 ἐγένετο,
1212 3716 1300 3768 ὅτε
1339 3714 1620 3786 Βαρνάϐας
1647 3716 2036 3787 ἐπιλαϐόμενος

467 3804 631 3857 αὐτοῦ
653 3805 751 3875 τῆς
784 3803 963 3874 χειρὸς
1011 3806 1354 3875 ἐπανήγαγεν
1402 3807 1481 3869 είς
1523 3807 1903 3878 Ἱεροσόλυμα,
1953 3807 2034 3861 έτι

467 3897 759 3966 ἐφοϐοῦντο
797 3897 1083 3951 κολλᾶσθαι
1124 3897 1272 3968 αὐτῷ
1293 3912 1305 3926 '
1341 3899 1434 3953 καὶ
1463 3900 1492 3952 6
1529 3899 1626 3971 μὲν
1658 3899 1888 3969 πόλεμος
1916 3899 2034 3952 ἐλέ-

466 3989 612 4053 λυτο,
638 3993 666 4044 6
692 3989 748 4042 δὲ
766 3989 924 4059 φόϐος
947 3989 1176 4060 ἐπέμενε
1201 3992 1312 4054 τοῖς
1330 3991 1667 4055 ἀποστόλοις.
1692 3992 1755 4046 Οἱ
1773 3987 1866 4046 οὖν
1897 4008 2031 4046 κατ-

431 4105 434 4108 ’
467 4063 768 4150 αλλαγέντα
813 4082 971 4136 αὑτὸν
1018 4082 1099 4135 ἔτι
1153 4081 1507 4154 φοϐούμενοι,
1543 4083 1734 4154 ἐχθρὸν
1775 4083 1903 4139 ὄντα
1940 4086 2035 4138 καὶ

469 4174 724 4244 πολέμιον
764 4174 1003 4244 ἐτόλμων
1047 4176 1258 4237 πεῖσαι;
1308 4173 1626 4245 προσελθεῖν
1665 4173 1772 4246 γὰρ
1805 4174 2032 4247 ὄλως,ἢ

469 4267 680 4336 στῆναι,
713 4265 746 4335 ἢ
778 4265 961 4335 διᾶραι
991 4264 1186 4334 στόμα,
1218 4266 1452 4333 φανῆναι
1483 4263 1543 4317 δέ
1567 4264 1702 4327 ὅλως
1727 4257 2030 4336 ύπέμενονς

467 4358 584 4410 Οὐκ
604 4358 717 4410 ἐστι
742 4357 932 4422 ταῦτα,
959 4358 1058 4412 οὐκ
1082 4356 1229 4410 ἐστιν
1247 4373 1258 4384 '
1284 4357 1383 4409 οὐκ
1405 4351 1473 4428 ἦν
1499 4356 1811 4428 ἀνθρωπίνη
1832 4357 2032 4429 σπουδὴ

467 4448 528 4502 τὸ
555 4448 869 4519 γινόμενον,
905 4449 1039 4503 ἀλλά
1082 4447 1231 4511 θείας
1268 4448 1504 4519 χάριτος.
1546 4448 1609 4500 Εἰ
1641 4447 1818 4500 τοίνυν
1844 4447 2033 4519 νεκρὸς

467 4537 568 4612 ἦν,
603 4541 678 4604 ὣς
709 4557 878 4610 φατε,
909 4543 937 4595 ό
980 4540 1246 4611 Χριστὸς,
1297 4539 1391 4593 καὶ
1434 4538 1680 4602 ἐλθόντες
1709 4539 1758 4591 οἱ
1792 4538 2033 4609 μαθηταὶ

468 4649 634 4701 αὑτοῦ
662 4648 892 4717 ἔκλεψαν
924 4647 1113 4710 αὐτὸν,
1160 4646 1277 4710 πῶς
1309 4647 1528 4716 μείζονα
1559 4646 1628 4699 τὰ
1660 4648 1859 4717 σημεῖα
1895 4645 2034 4718 μετά

469 4738 558 4790 τὸν
594 4738 822 4808 σταυρὸν
865 4737 1111 4805 ἐγένετο;
1154 4737 1268 4801 πῶς
1302 4739 1502 4792 πλείων
1549 4738 1580 4809 ἡ
1621 4738 1893 4804 ἀπόδειξις
1932 4737 2032 4808 τῆς

466 4828 776 4898 δυνάμεως;
817 4829 891 4880 Οὐ
928 4828 1038 4899 γὰρ
1071 4828 1226 4898 μόνον
1277 4830 1572 4900 μετέστησε
1611 4831 1701 4883 τὸν
1735 4830 2027 4901 πολέμιον,

468 4920 560 4972 καὶ
587 4918 826 4990 ἀρχηγὸν
872 4920 970 4989 τῆς
1008 4919 1187 4991 μάχης
1216 4920 1399 4990 ὑμῶν·
1456 4921 1632 4974 καίτοι
1673 4923 1721 4974 εί
1747 4923 1841 4975 καὶ
1873 4921 2030 4975 τοῦτο

470 5027 628 5098 μόνον
661 5027 902 5096 ἐποίησε,
942 5028 1202 5097 μεγίστης
1229 5027 1509 5098 δυνάμεως
1534 5022 1600 5100 ἦν
1634 5029 1694 5081 τὸ
1718 5028 1809 5082 τὸν
1838 5027 2030 5099 ἐχθρὸν

467 5121 562 5173 καὶ
601 5118 858 5190 πολέμιον
886 5117 1070 5171 λαϐεῖν
1102 5118 1444 5188 αἰχμάλωτον
1468 5133 1482 5148 ο
1515 5119 1609 5172 νῦν
1643 5120 1698 5173 δέ
1727 5121 1850 5191 οὐχὶ
1874 5119 2030 5173 τοῦτο

469 5226 628 5298 μόνον
658 5223 968 5297 εἰργάσατο,
1002 5224 1136 5278 ἀλλά
1163 5225 1254 5279 καὶ
1273 5225 1459 5279 τούτου
1491 5226 1670 5296 πολλῷ
1705 5227 1906 5297 μεῖζον.
1953 5225 2027 5281 Οὐ

466 5333 574 5403 γάρ
604 5331 760 5402 μόνον
790 5330 1116 5402 μετέστησεν
1137 5374 1150 5397 ,
1185 5329 1299 5384 ἀλλ’
1323 5329 1494 5394 οὕτως
1522 5333 1717 5384 οἰκεῖον
1749 5333 2025 5404 ἐποίησεν,

465 5435 636 5501 οὕτως
663 5435 1012 5490 ἐπεσπάσατο
1045 5439 1180 5508 πρὸς
1210 5436 1307 5508 τὴν
1337 5436 1548 5492 εὔνοιαν
1575 5437 1672 5509 τὴν
1701 5438 1891 5492 ἐαυτοῦ
1913 5481 1926 5504 ,
1953 5437 2028 5502 ώς

465 5528 728 5598 καὶαὺτῷ
759 5529 936 5584 πάντα
961 5528 1060 5598 τῆς
1098 5529 1420 5600 Ἐκκλησίας
1439 5529 1507 5584 τά
1532 5531 1832 5600 πράγματα
1858 5531 2026 5600 ἐγχει-

468 5618 633 5688 ρίσαι.
667 5621 893 5687 Σηῦος
915 5622 1043 5693 γὰρ,
1079 5623 1242 5692 φησὶν
1261 5663 1276 5688 ,
1307 5620 1562 5690 ἐκλογῆς
1598 5623 1701 5690 μοι
1727 5622 1896 5676 ἐστιν
1926 5616 2028 5676 οὗ·

469 5726 597 5775 τος,
631 5711 736 5765 τοῦ
757 5711 1066 5776 βαστάσαι
1103 5714 1170 5767 τὸ
1203 5713 1390 5788 ὄνομά
1412 5732 1527 5782 μου
1557 5715 1810 5769 ἐνώπιον
1836 5713 2026 5770 ἐθνῶν

1159 315 1213 370 S.
1252 310 1539 371 JOANNIS
1571 305 2063 367 CHRYSOSTOMI
2103 303 2420 360 ARCIIIEP.
2461 301 3008 361 CONSTANTINOP.

3608 289 3708 343 12?.

2134 407 2233 460 καί
2256 408 2600 472 βασιλέων,
2640 407 2737 462 καὶ
2783 406 3004 460 πλείονα
3031 404 3142 458 τῶν
3179 404 3491 460 ἀποστόλων
3524 407 3709 462 πεῖσαι

2133 502 2331 569 καμεῖν
2372 499 2511 571 ὑπὲρ
2540 499 2640 569 τῆς
2687 500 3012 570 Ἐκκλησίας
3044 499 3146 568 τῆς
3177 497 3441 570 πρότερον
3484 498 3576 552 ὑπ’
3608 499 3711 554 αὑ-

2132 588 2225 642 τοῦ
2257 589 2688 660 πολεμουμένης.

2206 679 2277 745 ς’.
2303 680 2490 734 Βούλει
2517 681 2706 751 μαθεῖν
2725 680 2841 745 πῶς
2862 683 3024 735 αυτὸν
3047 682 3342 753 μετέστησε
3363 697 3378 748 ;
3404 681 3520 744 πῶς
3546 680 3712 738 αὐτὸν

2135 772 2479 843 ᾠκειώσατος
2516 775 2630 837 πῶς
2675 775 2838 828 αὐτὸν
2888 777 3271 838 ἐπεσπάσατο;
3306 775 3425 840 πῶς
3458 777 3539 841 είς
3582 775 3710 842 τοὺς

2135 863 2385 934 πρώτους
2425 865 2532 917 τῶν
2566 865 2737 934 φίλων
2781 867 3105 934 κατέλεξεν;
3139 865 3326 921 Οὐδενὶ
3365 868 3474 922 τῶν
3502 867 3710 941 ἀνθρώσ

2137 972 2253 1010 πων
2275 955 2510 1010 τοσαῦτα
2544 955 2848 1030 ἐθάρρησεν
2898 959 3073 1014 εἰπεῖν
3121 961 3442 1032 ἀπόρρητα,
3493 962 3592 1015 ὅσα
3633 961 3712 1033 τῷ

2137 1047 2355 1118 Παύλῳ.
2389 1048 2500 1102 Καὶ
2551 1049 2715 1103 πόθεν
2761 1049 2920 1104 τοῦτο
2946 1052 3138 1122 δῆλον;
3173 1055 3447 1108 Ἤκουσα
3485 1055 3712 1124 ἄρρητα

2130 1137 2402 1206 ῥήματα,
2452 1141 2647 1210 φησὶν,
2688 1140 2727 1194 ἆ
2758 1143 2870 1196 οὐκ
2896 1142 3039 1206 ἐξὸν
3079 1143 3366 1213 ἀνθρώπῳ
3415 1145 3708 1216 λαλῆσαι.

2139 1227 2321 1297 Εἶδες,
2373 1233 2401 1285 6
2457 1231 2675 1303 ἐχθρὸς,
2739 1236 2768 1287 6
2817 1234 3076 1305 πολέμιος
3121 1236 3294 1309 πόσην
3346 1237 3558 1292 εθνοιαν
3609 1241 3712 1292 ἐπ-

2139 1319 2408 1388 εδείξατος
2435 1322 2534 1375 Διά
2572 1321 2720 1396 [ιοδ]
2756 1323 2926 1388 ,τοῦτο
2951 1328 3246 1394 ἀναγκαῖον
3288 1328 3382 1381 καὶ
3431 1329 3523 1383 τὸν
3573 1331 3712 1402 πρό-

2137 1426 2296 1481 τερον
2347 1411 2460 1481 βίον
2505 1413 2672 1467 αὑτοῦ
2721 1418 2932 1470 εἰπεῖν·
2993 1418 3085 1471 καὶ
3138 1419 3250 1489 γὰρ
3292 1419 3390 1490 τὴν
3435 1420 3528 1474 τοῦ
3575 1421 3711 1476 Θεοῦ

2139 1501 2412 1556 δείκνυσιν
2482 1506 2616 1575 ἡμῖν
2671 1506 3084 1580 φιλανθρωπίαν
3147 1511 3237 1563 καὶ
3301 1509 3566 1581 δύναμιν·
3628 1532 3712 1583 φι-

2139 1593 2490 1664 λανθρωπίαν
2541 1597 2675 1667 μὲν,
2717 1599 2802 1652 ὅτι
2839 1599 3105 1672 ἐϐουλήθη
3147 1601 3240 1655 τὸν
3283 1602 3520 1657 τοσαῦτα
3567 1607 3712 1660 κακά

2139 1687 2515 1757 ἐργασάμενον
2575 1689 2784 1755 σῶσαι,
2836 1692 2932 1744 καὶ
2983 1693 3120 1764 πρὸς
3171 1694 3366 1748 ἑαυτὸν
3409 1698 3714 1752 ἐπισπάσα-

2142 1777 2265 1830 σθαι
2290 1792 2304 1808 ’
2352 1777 2582 1850 δύναμιν
2627 1781 2722 1845 δὲ,
2762 1780 2846 1834 ὅτι
2897 1783 3182 1855 βουληθεὶς
3229 1785 3432 1856 ἴσχυσε.
3472 1790 3581 1842 Καὶ
3616 1791 3712 1861 τὴν

2141 1867 2354 1922 Παύλου
2393 1869 2450 1923 δὲ
2503 1871 2664 1926 τοῦτο
2707 1873 2948 1928 δείκνυσι
3005 1876 3211 1947 ψυχὴν,
3246 1878 3327 1930 ὅτι
3376 1879 3528 1932 οὐδὲν
3578 1879 3712 1950 πρὸς

2143 1960 2473 2027 φιλονεικίαν
2518 1963 2721 2030 ἐποίει,
2765 1967 2887 2020 οὐδέ
2939 1969 3252 2040 ἀνθρωπίνῃ
3309 1970 3714 2042 προκατειλημ·

2145 2050 2306 2122 μένος
2345 2054 2502 2128 δόξῃ,
2551 2056 2805 2129 καθάπερ
2843 2061 2894 2112 οί
2934 2061 3202 2115 Ἰουδαῖοι·
3240 2062 3378 2116 ἀλλά
3422 2062 3570 2135 ζήλῳ
3617 2082 3714 2118 πε-

2142 2145 2466 2214 πυρωμένος
2485 2187 2499 2211 ,
2534 2149 2634 2202 οὐκ
2657 2150 2800 2221 ὀρθῷ
2831 2151 2928 2222 μὲν
2948 2193 2962 2216 ,
3000 2153 3145 2224 ζήλῳ
3171 2154 3226 2206 δὲ
3260 2155 3435 2226 ὅμως·
3461 2157 3600 2229 ὅπερ
3621 2159 3714 2212 καὶ

2141 2235 2305 2298 αὐτὸς
2333 2237 2462 2290 ἐϐόα
2506 2237 2714 2308 λέγων,
2768 2242 2852 2298 ὅτι
2900 2243 3003 2297 Διὰ
3053 2245 3227 2300 τοῦτο
3268 2247 3573 2315 ἠλεήθην,
3625 2247 3714 2302 ὅτι

2141 2327 2643 2400 ἀγνοῶνὲποίησα
2660 2333 2986 2404 ὲνάπιστίᾳ
3006 2353 3020 2368 ·
3040 2336 3133 2390 καὶ
3154 2337 3252 2408 τὴν
3269 2338 3362 2392 τοῦ
3374 2339 3509 2392 Θεοῦ
3528 2339 3712 2409 φιλαν-

2143 2419 2387 2492 θρωπίαν
2408 2424 2841 2498 ἐκπληττόμενος
2867 2429 3052 2499 ἔλεγεν
3069 2445 3084 2460 °
3117 2431 3241 2485 Ἵνα
3265 2432 3334 2486 ἐν
3355 2432 3485 2502 ἐμοὶ
3509 2434 3712 2503 πρώτῳ

2140 2511 2478 2582 ἐνδείξηται
2525 2518 2782 2586 Χριστὸς
2834 2520 2947 2590 τὴν
2991 2521 3238 2578 ἅπασαν
3276 2527 3708 2596 μακροθυμίαν,

2142 2600 2293 2668 πρὸς
2334 2605 2730 2662 ὑποτύπωσιν
2765 2608 2834 2664 δὲ
2878 2611 2998 2665 τῶν
3021 2615 3376 2682 μελλόντων
3405 2618 3709 2671 πιστεύειν

2139 2692 2233 2744 ἐπ’
2266 2693 2426 2759 αὐτῷ
2470 2699 2558 2762 είς
2606 2697 2760 2766 ζωὴν
2804 2699 3080 2758 αἱώνιον’
3126 2707 3220 2758 καὶ
3259 2705 3487 2777 ἀλλαχοῦ
3553 2707 3710 2762 πάλιν

2141 2781 2354 2850 ἔλεγεν,
2403 2785 2484 2839 ὅτι
2533 2787 2652 2857 Τὴν
2690 2789 2999 2861 ἐνέργειαν
3036 2794 3141 2864 τῆς
3175 2796 3482 2868 δυνάμεως
3531 2801 3712 2856 αὑτοῦ

2137 2872 2405 2961 μάλιστα
2453 2876 2686 2943 ἔδειξεν
2735 2884 2823 2949 είς
2883 2885 3042 2953 ἡμᾶς
3097 2889 3240 2956 τοὺς
3293 2894 3709 2961 πιστεύοντας.

2141 2957 2295 3028 Εἶδες
2349 2967 2467 3030 πῶς
2505 2971 2597 3022 καὶ
2619 2971 2719 3043 τὴν
2747 2974 3158 3047 φιλανθρωπίαν
3193 2982 3362 3048 ἔδειξε
3403 2985 3500 3038 τοῦ
3537 2957 3706 3052 Geo-3',

2142 3057 2236 3110 καὶ
2259 3058 2356 3128 τὴν
2399 3059 2661 3131 δύναμιν,
2704 3066 2796 3118 καὶ
2823 3066 2885 3120 τὸ
2913 3069 3014 3140 τῆς
3041 3073 3233 3127 ἑαυτοῦ
3265 3074 3485 3146 γνώμης
3514 3077 3709 3132 ἀδέκαο

2144 3163 2266 3200 στον
2289 3150 2318 3202 6
2358 3150 2622 3222 πρότερος
2660 3156 2870 3211 Παύλου
2910 3159 3058 3230 βίοςς
3087 3164 3258 3219 Τοῦτο
3281 3167 3412 3235 γοῦν
3445 3170 3711 3236 Γαλάταις

2142 3237 2368 3308 γράφων
2401 3243 2482 3306 είς
2509 3243 2782 3310 ἀπόδειξιν
2825 3252 3147 3321 παρήγαγε,
3177 3255 3269 3308 τοῦ
3307 3259 3380 3330 μὴ
3408 3259 3477 3311 δι’
3503 3261 3710 3330 ἀνθρώ-ν

2143 3346 2281 3394 πους
2310 3333 2738 3401 μεταϐαλέσθαι,
2783 3338 2917 3394 ἀλλά
2959 3341 3078 3415 θεία
3129 3349 3516 3420 μετενενῆχθαι
3550 3352 3711 3406 δυνά-

2145 3437 2255 3490 μει.
2279 3423 2349 3475 Εἰ
2379 3424 2488 3492 γὰρ
2514 3427 2876 3496 ἀνθρώποις,
2917 3435 3100 3505 φησὶν.
3134 3436 3432 3506 ἤρεσκον,
3455 3445 3712 3511 Χριστοῦ

2141 3511 2362 3580 δοῦλος
2391 3518 2502 3568 οὐκ
2531 3515 2608 3570 ἂν
2639 3518 2822 3589 ἢμην.
2851 3524 2962 3578 Καὶ
2990 3526 3155 3581 πόθεν
3181 3531 3338 3601 δῆλον
3366 3533 3447 3586 ὄτι
3485 3535 3586 3588 οὐκ
3621 3538 3714 3591 άν-

2143 3604 2380 3697 θρώποις
2447 3609 2731 3679 ἀρέσκων,
2779 3615 2915 3684 πρὸς
2978 3619 3040 3671 τὸ
3094 3623 3352 3694 κήρυγμα
3409 3626 3710 3697 μετέστης;

2155 3696 2499 3762 Ἠκούσατε,
2533 3702 2686 3772 φησὶ,
2719 3703 2832 3772 τὴν
2853 3706 3010 3776 ἐμὴν
3041 3711 3432 3784 ἀναστροφήν
3461 3732 3605 3771 ποτε
3633 3696 3714 3772 γὲν

2141 3787 2223 3852 τῷ
2252 3789 2606 3860 ίουδαϊσμῷ,
2650 3794 2739 3849 ὅτι
2769 3801 2900 3853 καθ’
2947 3803 3295 3874 ὑπερϐολὴν
3324 3806 3573 3863 ἐδίωκον
3597 3809 3711 3878 τὴν

2154 3879 2522 3949 Ἐκκλησίαν
2552 3885 2659 3938 τοῦ
2691 3887 2866 3955 Θεοῦ,
2899 3891 2997 3944 καί
3023 3893 3320 3963 ἐπόρθουν
3349 3901 3564 3967 αὐτήν.
3598 3901 3709 3955 Οὐκ

2140 3970 2205 4025 ἂν
2240 3972 2326 4035 δὲ,
2359 3976 2408 4028 εί
2433 3976 2739 4048 ἀνθρώποις
2768 3983 3022 4052 ἀρέσκειν
3060 3985 3219 4056 ἧθελε
3239 4027 3254 4053 ,
3286 3990 3543 4060 μετέθετο
3574 3993 3708 4064 πρὸς

2138 4068 2238 4137 τὴν
2272 4067 2473 4122 πίστιν.
2506 4071 2604 4124 Διά
2639 4072 2728 4138 τί;
2784 4075 3039 4146 Ἐτιμᾶτο
3083 4080 3235 4150 παρά
3285 4082 3585 4147 Ἰουδαίοις,
3615 4086 3708 4138 καὶ

2140 4159 2324 4224 ἀδείας
2347 4161 2592 4231 ἀπήλαυε
2622 4163 2842 4235 πολλῆς,
2881 4169 2974 4221 καὶ
3003 4171 3296 4244 προεδρίας
3321 4173 3538 4242 ἠξιοῦτο
3560 4192 3574 4206 °
3607 4176 3707 4230 οὐκ

2139 4250 2204 4304 ἂν
2233 4246 2326 4304 οὖν
2361 4252 2498 4323 πρὸς
2531 4255 2868 4311 ἐπικίνδυνον
2902 4261 3134 4334 μετέστη
3167 4262 3281 4333 βίον
3316 4265 3408 4320 τὸν
3436 4266 3543 4320 τῶν
3570 4267 3705 4321 ἀπο-

2141 4343 2372 4407 στόλων,
2423 4345 2515 4398 τὸν
2574 4346 2886 4420 δυσφημίας
2946 4353 3219 4426 γέμοντα,
3266 4359 3357 4413 τὸν
3415 4362 3707 4432 συμφορῶν

2139 4436 2622 4508 ἐμπεπλησμένον·
2647 4440 2786 4495 ὥστε
2837 4443 3003 4515 αὐτὴν
3040 4446 3195 4518 (sic)
3222 4449 3396 4521 ἀθρόᾳ
3436 4452 3705 4523 μεταϐολῇ

2139 4528 2232 4581 καὶ
2268 4530 2630 4598 μεταστάσει,
2673 4532 2766 4586 καὶ⁸
2816 4532 2875 4587 τὸ
2925 4537 3244 4605 καταλιπεῖν
3298 4543 3398 4612 μὲν
3431 4545 3531 4615 τὴν
3560 4546 3708 4617 παρὰ

2151 4618 2422 4682 Ἰουδαίοις
2471 4622 2632 4692 τιμὴν
2681 4623 2771 4676 καὶ
2817 4623 2907 4679 τὸν
2943 4627 3216 4701 ἀπόλεμον
3253 4632 3400 4702 βίον,
3443 4636 3708 4692 ἀνταλλά-

2138 4706 2330 4774 ξασθαι
2367 4709 2424 4763 δέ
2467 4712 2562 4784 τὴν
2605 4710 2711 4767 τῶν
2755 4714 3068 4770 ἀποστόλων
3108 4719 3281 4793 ζωὴν,
3331 4722 3430 4794 τὴν
3481 4727 3707 4795 μυρίους

2136 4797 2363 4867 ἔχουσαν
2413 4797 2700 4864 θανάτους,
2753 4803 3258 4874 μεγίστηγέγονεν
3301 4808 3570 4873 ἀπόδειξις
3609 4810 3704 4864 τοῦ

2139 4887 2213 4958 μὴ
2248 4887 2312 4940 δι’
2345 4887 2688 4960 ἀνθρωπίνην
2722 4892 2843 4945 τινὰ
2890 4895 3174 4965 πρόφασιν
3207 4899 3568 4969 μετατεθῆναι
3613 4901 3706 4957 τὸν

2136 4978 2367 5032 Παῦλον.
2420 4979 2518 5032 Διά
2551 4980 2706 5033 τοῦτο
2737 4984 2829 5037 καὶ
2860 4985 3019 5054 ἡμεῖς
3051 4987 3419 5060 ἐϐουλήθημεν
3448 4991 3538 5046 τὸν
3569 4995 3706 5065 πρό-

2135 5085 2289 5140 τερον
2321 5067 2483 5123 αὐτοῦ
2526 5069 2638 5140 βίον
2673 5074 2752 5135 εἰς
2787 5075 2950 5144 μέσον
2988 5080 3242 5147 ἀγαγεῖν,
3286 5085 3380 5136 καὶ
3414 5083 3584 5150 δεῖξαι
3613 5085 3704 5140 τὸν

2135 5159 2526 5231 πεπυρωμένον
2558 5160 2717 5233 ζῆλον
2748 5164 2838 5217 τὸν
2885 5168 3026 5222 κατά
3057 5171 3155 5241 τῆς
3205 5170 3528 5244 Ἐκκλησίας
3549 5215 3566 5241 ,
3601 5175 3701 5237 ἵν’,

2132 5251 2260 5305 ὅταν
2289 5252 2403 5324 ίδῃς
2434 5252 2532 5324 τὴν
2567 5253 2767 5326 πολλὴν
2798 5256 3106 5328 προθυμίαν
3135 5261 3230 5333 τὴν
3271 5263 3412 5337 ὑπὲρ
3436 5267 3534 5337 τῆς
3579 5267 3699 5320 Ἐκ-

2134 5343 2392 5413 κλησίας,
2435 5343 2720 5418 θαυμάσῃς
2757 5346 2847 5400 τὸν
2891 5349 3145 5403 ποιοῦντα
3192 5353 3369 5409 πάντα
3413 5355 3505 5409 καὶ
3534 5373 3699 5425 μετα-

2135 5433 2465 5499 σκευάζοντα
2493 5434 2644 5490 Θεόν.
2687 5437 2784 5491 Διά
2828 5437 2988 5492 τοῦτο
3020 5442 3115 5494 καὶ
3153 5445 3182 5496 6
3212 5445 3462 5516 μαθητὴς
3497 5446 3526 5498 ὁ
3551 5444 3700 5500 Παύο

2132 5525 2224 5580 λου
2250 5525 2316 5580 τά
2351 5527 2593 5599 πρότερα
2627 5529 2758 5599 ἡμῖν
2788 5530 2904 5598 μετ’
2935 5532 3219 5602 ἀκριϐείας
3248 5535 3574 5607 διηγήσατο,
3607 5537 3700 5590 καὶ

2092 5658 2094 5660 τ
2133 5617 2333 5690 πολλῆς
2370 5620 2692 5690 ἐμφάσεως,
2746 5621 2918 5686 οὕτως
2973 5623 3176 5677 είπών·
3229 5629 3467 5693 Σαῦλος
3515 5628 3583 5682 δὲ
3609 5626 3700 5681 ἐτι

2132 5712 2403 5782 ἐμπνέων
2452 5712 2707 5783 ἀπειλῆς
2746 5713 2843 5768 καί
2879 5715 3068 5784 φόνου
3111 5720 3197 5783 είς
3246 5719 3386 5784 τοὺς
3429 5720 3696 5789 μαθητὰς
