4096 6222
335 313 420 369 121
883 313 948 369 IN
988 312 1212 379 ILLUD,
1252 311 1520 370 SAULUS
1557 311 1788 369 ADllUC
1825 311 2130 369 SPlRANS.
2175 314 2260 370 DE
2301 306 2695 374 MUTATIONE
2725 317 3049 376 NOMlNUM.
3093 319 3132 373 I.

331 433 419 484 bus
447 428 653 500 signum
685 429 800 497 fuit,
831 430 1052 485 Paulum
1094 439 1213 500 post
1251 444 1466 485 crucem
1497 439 1551 483 et
1580 427 1908 498 sepulturam

329 521 389 576 ad
417 521 685 577 Christum
723 525 1033 579 accessisse.
1077 523 1360 595 Propterea
1402 539 1629 592 namque
1667 521 1910 592 permisit

328 630 440 670 eum
471 615 712 671 Christus
741 632 899 672 omne
923 618 1102 671 odium
1131 633 1238 686 prce
1265 631 1322 671 se
1353 619 1510 682 ferre,
1534 630 1596 670 ac
1625 623 1733 668 tum
1758 613 1904 668 illum

329 707 548 772 vocavit,
580 717 637 761 ut
680 707 1088 764 resurrectionis
1131 707 1497 776 probationem
1541 721 1605 761 ac
1649 705 1905 760 doctrinre

330 812 625 852 sermonem
675 799 820 853 omni
867 799 1171 868 suspicione
1215 799 1485 854 liberaret.
1537 796 1666 852 Nam
1717 796 1907 851 Petrus

328 891 534 960 quidem
575 891 618 945 si
667 889 734 945 de
773 905 838 946 eo
880 891 1131 961 loquutus
1175 899 1341 958 esset,
1371 899 1651 959 suspectus
1680 886 1904 942 fuisset:

328 982 581 1051 potuisset
629 983 769 1037 enim
827 983 1108 1054 impudens
1156 983 1344 1053 aliquis
1391 981 1660 1052 quidpiam
1708 980 1905 1035 dicere.

330 1072 488 1127 Porro
529 1072 890 1142 impudentem
935 1074 1066 1140 dixi,
1099 1075 1348 1144 quoniam
1389 1082 1443 1127 et
1483 1073 1590 1128 illic
1633 1071 1906 1126 manifesta

329 1160 422 1216 fuit
461 1162 865 1218 demonstratio.
911 1165 1181 1235 Siquidem
1215 1166 1301 1220 ille
1331 1180 1538 1235 quoque
1565 1165 1710 1232 prius
1735 1163 1906 1232 ipsum

328 1257 552 1326 negavit,
577 1265 632 1310 et
654 1273 775 1312 cum
795 1257 1100 1327 juramento
1125 1257 1334 1326 negavit
1354 1276 1363 1308 :
1381 1265 1744 1310 verumtamen
1767 1252 1909 1307 hunc

328 1349 494 1418 ipsum
526 1349 717 1403 deinde
739 1350 864 1404 dum
888 1349 1192 1413 confitetur,
1207 1348 1290 1403 vel
1314 1347 1481 1417 ipsam
1505 1347 1734 1400 animam
1758 1359 1906 1398 suam

329 1453 420 1508 pro
446 1439 537 1492 illo
560 1438 793 1493 tradidit.
823 1439 974 1506 Quod
998 1441 1040 1494 si
1069 1453 1173 1494 non
1201 1437 1598 1500 resurrexisset,
1621 1448 1907 1502 numquam

328 1530 403 1590 is,
434 1532 524 1601 qui
555 1531 818 1586 viventem
853 1541 1170 1602 negaverat,
1202 1530 1397 1586 millies
1426 1539 1650 1583 mortem
1683 1526 1908 1580 toleras-

329 1633 427 1688 set,
463 1637 531 1677 ne
555 1623 662 1692 jam
693 1633 957 1678 mortuum
989 1623 1276 1693 abnegaret
1305 1639 1318 1675 :
1349 1635 1454 1691 quo
1485 1619 1562 1686 fit,
1592 1627 1652 1672 ut
1675 1617 1832 1672 etiam
1857 1617 1908 1669 in

329 1712 486 1768 Petro
533 1713 938 1769 resurrectionis
982 1713 1368 1768 demonstratio
1422 1708 1701 1766 manifesta
1751 1707 1912 1762 fuisse

330 1806 586 1861 videatur.
645 1807 1027 1863 Verumtamen
1070 1805 1138 1860 de
1182 1805 1274 1861 illo
1319 1803 1532 1875 quidem
1579 1800 1912 1871 impudentes

326 1896 502 1953 dicere
530 1898 845 1968 potuissent,
869 1913 990 1954 eum
1018 1904 1296 1968 prapterea
1321 1895 1463 1966 quod
1485 1892 1774 1962 discipulus
1799 1898 1914 1945 erat

329 1987 467 2043 illius
487 2031 502 2054 ,
533 1998 810 2059 propterea
857 1989 999 2060 quod
1045 1988 1308 2058 particeps
1334 1985 1449 2055 ejus
1477 1997 1678 2038 mensae
1708 1980 1912 2047 fuerat,

327 2094 387 2134 ac
418 2082 587 2136 tribus
615 2083 770 2137 annis
801 2097 923 2137 cum
965 2083 1056 2136 illo
1097 2087 1337 2136 versatus
1382 2077 1580 2140 fuerat;
1631 2082 1910 2145 propterea

327 2171 467 2240 quod
513 2171 626 2241 ejus
674 2171 915 2226 doctrina
961 2172 1159 2241 potitus
1198 2178 1340 2235 erat;
1373 2175 1653 2238 propterea
1686 2163 1828 2234 quod
1861 2162 1914 2216 in

328 2261 566 2316 fraudem
622 2263 830 2318 illectus
874 2261 1145 2317 blanditiis
1189 2261 1306 2329 ejus
1349 2258 1546 2322 fuerat,
1587 2256 1784 2311 idcirco
1831 2268 1915 2307 re-

325 2354 712 2408 surrectionem
757 2353 898 2406 illius
946 2350 1236 2420 prmdicare
1285 2366 1299 2402 :
1351 2363 1472 2403 cum
1525 2361 1656 2401 vero
1692 2344 1913 2399 Paulum

324 2441 534 2508 videas,
563 2441 651 2510 qui
697 2441 870 2510 ipsum
907 2456 1012 2494 non
1045 2439 1282 2503 viderat,
1315 2438 1401 2507 qui
1432 2437 1604 2506 ipsum
1633 2450 1738 2488 non
1761 2432 1917 2487 audi-

324 2545 518 2600 verat,
567 2534 657 2604 qui
709 2533 965 2588 doctrina:
1005 2533 1269 2603 particeps
1315 2529 1534 2584 minime
1584 2527 1782 2590 fuerat,
1827 2526 1915 2595 qui

323 2627 488 2679 etiam
517 2634 635 2694 post
663 2639 877 2679 crucem
909 2624 982 2678 illi
1013 2624 1208 2678 bellum
1241 2622 1523 2684 indixerat,
1556 2628 1609 2675 et
1629 2633 1723 2674 eos
1749 2618 1835 2688 qui
1861 2618 1911 2671 in

326 2717 500 2784 ipsum
527 2715 838 2782 credebant,
862 2714 1232 2779 interficiebat,
1254 2712 1342 2783 qui
1371 2712 1547 2766 omnia
1574 2711 1832 2766 miscebat
1856 2725 1918 2764 ac

329 2807 574 2862 turbabat
599 2847 612 2870 ,
645 2808 784 2862 hunc
810 2807 985 2861 subito
1011 2816 1271 2860 mutatum
1302 2805 1353 2858 in
1385 2803 1618 2860 ferendis
1644 2819 1738 2872 pro
1779 2817 1917 2871 pra:-

327 2898 592 2962 dicatione
618 2897 767 2953 verbi
796 2898 1064 2952 laboribus
1089 2912 1276 2952 omnes
1309 2895 1502 2949 Christi
1531 2895 1733 2948 amicos
1753 2907 1915 2963 supe-

329 3006 468 3056 rare,
486 3006 607 3061 qua:
622 2991 712 3046 tibi
727 2990 1000 3060 deinceps,
1022 3005 1223 3061 quaeso,
1246 2989 1585 3059 impudentia:
1600 2987 1810 3042 occasio
1829 3002 1918 3040 re-

330 3083 622 3154 linquetur,
643 3085 686 3139 si
709 3084 1116 3140 resurrectionis
1136 3084 1302 3138 verbo
1322 3099 1426 3137 non
1450 3082 1674 3137 credas?
1696 3081 1752 3137 Si
1775 3082 1916 3136 enim

328 3168 572 3229 Christus
597 3189 704 3229 non
730 3175 1132 3236 resurrexisset.
1152 3173 1273 3244 quis
1289 3174 1555 3228 hominem
1573 3175 1708 3228 adeo
1728 3172 1921 3229 crude-

331 3264 429 3318 lem
446 3273 502 3320 et
516 3264 884 3331 inhumanum,
900 3266 1020 3337 quis
1035 3264 1169 3320 adeo
1186 3265 1450 3318 infensum
1463 3273 1516 3320 et
1528 3263 1801 3320 efferatum
1818 3263 1918 3318 sibi

331 3356 671 3412 conciliasset
695 3367 751 3413 et
771 3357 837 3412 ad
857 3371 915 3412 se
934 3357 1277 3412 attraxisset?
1300 3357 1396 3412 Dic
1419 3357 1581 3418 enim,
1605 3371 1807 3427 quaeso,
1837 3355 1923 3410 Ju-

331 3445 459 3514 dze,
496 3448 619 3517 quis
648 3448 813 3503 Paulo
846 3449 1141 3519 persuasit,
1169 3457 1226 3502 ut
1254 3445 1467 3503 Christo
1493 3462 1552 3502 se
1572 3446 1920 3517 adjungeret?

329 3557 451 3596 num
475 3542 700 3596 Petrus?
728 3558 853 3596 num
878 3541 1146 3597 Jacobus?
1174 3556 1298 3596 nunt
1326 3540 1592 3596 Joannes?
1623 3540 1777 3610 Atqui
1803 3555 1920 3594 om-

331 3648 422 3689 nes
442 3635 533 3688 isti
549 3649 670 3690 eum
698 3635 952 3688 timebant
973 3643 1026 3689 et
1050 3633 1359 3699 horrebant,
1385 3647 1556 3703 neque
1576 3641 1776 3687 tantum
1795 3641 1920 3686 ante

331 3723 429 3781 hoc
453 3735 691 3796 tempus,
721 3726 815 3782 sed
847 3735 956 3802 tum
983 3728 1144 3781 etiam
1174 3742 1293 3781 cum
1327 3727 1378 3781 in
1408 3727 1700 3780 amicorum
1733 3740 1922 3779 nume-

333 3833 443 3874 rum
468 3819 675 3874 relatus
695 3828 832 3884 erat,
859 3817 1071 3888 quando
1091 3833 1249 3874 manu
1275 3818 1594 3888 prehensum
1623 3817 1769 3871 illum
1791 3816 1922 3870 Bar-

332 3910 494 3966 nabas
538 3909 925 3982 Jerosolymam
957 3909 1284 3974 introduxit,
1314 3909 1488 3963 adhuc
1518 3907 1588 3961 illi
1619 3908 1837 3976 pr0pius
1861 3922 1920 3961 se

333 4001 624 4072 adjungere
652 4002 909 4056 timebant
933 4018 947 4063 ;
977 4017 1038 4056 ac
1066 3999 1304 4054 sedatum
1328 3998 1538 4069 quidem
1562 4006 1673 4051 erat
1701 3996 1916 4061 bellum,

335 4102 508 4148 metus
542 4103 714 4146 tamen
746 4093 919 4147 adhuc
949 4092 999 4144 in
1030 4090 1286 4161 apostolis
1313 4087 1677 4158 permanebat.
1708 4088 1788 4140 An
1819 4086 1917 4156 igi-

336 4193 414 4238 tur
440 4185 522 4239 illi
549 4186 636 4254 qui
669 4184 1068 4239 reconciliatum
1099 4182 1273 4236 adhuc
1301 4178 1576 4246 timebant,
1602 4194 1722 4233 cum
1745 4178 1922 4232 inimi-

334 4291 422 4330 cus
450 4286 509 4333 et
541 4275 705 4331 hostis
734 4284 897 4343 esset,
929 4276 1169 4330 oratione
1206 4273 1424 4330 ectere
1453 4273 1566 4328 ausi
1593 4271 1811 4328 essent?
1849 4287 1917 4326 an

336 4383 456 4424 vero
483 4368 554 4423 ad
585 4370 730 4424 illum
761 4368 1017 4423 accedere
1043 4367 1281 4432 omnino,
1308 4365 1392 4422 vel
1422 4380 1604 4420 coram
1631 4365 1723 4420 illo
1747 4363 1921 4420 subsi-

338 4469 496 4529 stere,
516 4463 602 4518 vel
627 4477 688 4518 os
711 4463 941 4533 aperire,
959 4473 1048 4516 aut
1073 4461 1290 4516 omnino
1305 4474 1562 4530 apparere
1591 4460 1919 4529 potuissent?

338 4552 445 4610 Non
493 4556 566 4610 ita
607 4571 667 4610 se
695 4571 782 4610 res
812 4555 992 4620 habet,
1022 4570 1125 4609 non
1155 4553 1224 4608 ita
1251 4563 1356 4617 est;
1395 4567 1494 4608 nec
1527 4551 1771 4606 humana:
1793 4551 1916 4606 dili-

339 4649 530 4715 gentia:
566 4647 769 4702 facinus
810 4647 938 4702 illud
969 4646 1092 4708 fuit,
1119 4644 1212 4700 sed
1237 4645 1422 4715 gratia:
1448 4643 1660 4698 divinae.
1708 4642 1763 4698 Si
1791 4658 1920 4713 ergo

342 4748 580 4794 mortuus
607 4748 722 4794 erat
742 4737 1002 4802 Christus,
1035 4746 1092 4792 ut
1111 4735 1300 4801 dicitis,
1328 4746 1378 4790 et
1404 4750 1524 4790 cum
1543 4735 1809 4790 venissent
1835 4735 1920 4788 di-

341 4832 525 4901 scipuli
554 4832 692 4902 ejus,
737 4831 892 4886 furati
934 4839 1058 4886 sunt
1099 4845 1244 4896 eum,
1274 4828 1544 4901 quomodo
1573 4828 1772 4897 majora
1803 4835 1921 4898 post

342 4938 549 4981 crucem
578 4925 714 4980 facta
744 4934 866 4980 sunt
891 4923 1184 4979 miracula?
1209 4923 1479 4994 quomodo
1503 4922 1730 4993 amplior
1749 4923 1919 4976 virtu-

345 5018 406 5074 tis
430 5031 650 5092 sequuta
679 5031 763 5078 est
786 5020 1204 5077 demonstratio?
1251 5021 1366 5077 Non
1403 5021 1546 5076 enim
1585 5029 1788 5076 tantum
1820 5019 1921 5075 ho-

343 5119 473 5166 stem
496 5113 596 5169 sibi
623 5113 987 5169 reconciliavit
1013 5121 1068 5168 et.
1093 5114 1382 5183 principem
1409 5113 1702 5184 ducemque
1732 5129 1920 5184 pugna:

346 5214 566 5272 vestrm;
597 5207 825 5273 tametsi,
851 5207 972 5262 licet
1000 5206 1100 5261 hoc
1125 5207 1295 5261 solum
1318 5207 1548 5270 fecisset,
1576 5207 1805 5261 maxime
1826 5207 1922 5260 fuit

347 5292 444 5351 hoc
472 5299 752 5367 potentia),
800 5298 1071 5354 inimicum
1113 5307 1168 5354 et
1209 5298 1416 5353 hostem
1443 5298 1725 5353 abduxisse
1749 5299 1920 5368 capti-

349 5400 504 5455 sunt;
529 5389 639 5459 jam
665 5403 791 5444 vero
819 5406 923 5444 non
958 5389 1058 5446 hoc
1083 5389 1254 5445 solum
1285 5390 1548 5458 prmstitit,
1579 5388 1673 5444 sed
1701 5398 1755 5444 et
1778 5389 1919 5445 aliud

351 5479 512 5536 multo
535 5496 725 5552 majus.
755 5481 869 5538 Non
895 5483 1038 5538 enim
1063 5491 1267 5537 tantum
1292 5483 1393 5537 sibi
1421 5484 1800 5552 reconciliavit,
1827 5489 1920 5543 sed

349 5570 415 5622 ita
443 5574 538 5629 sibi
570 5573 877 5630 familiarem
901 5575 1147 5642 reddidit,
1170 5574 1248 5631 sic
1271 5591 1394 5631 eum
1415 5576 1479 5631 ad
1501 5592 1736 5634 amorem
1765 5595 1917 5634 suum

352 5664 578 5733 pellexit,
602 5676 657 5723 ut
685 5669 799 5738 ejus
827 5667 944 5723 fidei
977 5668 1230 5724 Ecclesia:
1252 5671 1461 5742 negotia
1485 5681 1672 5728 cuncta
1698 5673 1918 5729 eummi-

350 5757 515 5812 serit:
561 5757 659 5815 Vas
701 5762 863 5824 enim,
912 5762 1097 5830 inquit,
1142 5764 1396 5821 electionis
1440 5778 1514 5821 est
1562 5768 1684 5822 mihi
1721 5769 1830 5824 iste.
1863 5778 1916 5819 ut

3496 321 3600 378 122

2011 438 2172 496 portet
2208 445 2386 484 nomen
2426 447 2589 484 meum
2616 448 2785 486 coram
2811 432 3060 503 gentibus,
3084 440 3131 486 et
3151 430 3348 505 regibus
3375 431 3510 502 (Act.
3537 433 3594 490 9.

2012 519 2123 592 15),
2155 523 2310 592 eique
2333 525 2673 591 persuaserit,
2705 533 2760 578 ut
2785 526 2900 594 plus
2928 539 3088 596 quam
3117 525 3342 594 apostoli
3364 542 3462 598 pro
3492 526 3596 583 Ec-

2009 611 2167 666 clesia
2199 613 2482 679 laboraret,
2510 629 2669 684 quam
2695 623 2848 670 antea
2878 614 3236 687 Oppuguabat.

2079 703 2132 759 6.
2167 704 2255 759 Vis
2287 713 2340 758 tu
2372 705 2668 775 intelligere
2695 721 2801 776 quo
2828 717 2980 776 pacto
3023 707 3170 762 illum
3209 706 3310 761 sibi
3349 705 3592 762 rcconcl-

2011 797 2182 850 liarit!
2226 812 2330 866 quo
2377 807 2531 867 pacto
2573 797 2888 853 familiarem
2929 797 3254 854 reddiderit?
3299 814 3404 869 quo
3440 809 3597 868 pacto

2009 889 2109 944 sibi
2139 888 2461 944 adsciverit?
2490 906 2593 960 quo
2625 899 2776 960 pacto
2811 891 2862 944 in
2897 906 3176 945 numerum
3207 891 3594 961 praecipuorum

2009 982 2302 1036 amicorum
2328 983 2606 1039 retulerit?
2641 982 2779 1038 Nulli
2809 984 3084 1039 hominum
3113 994 3217 1039 tam
3251 984 3412 1039 multa
3441 983 3594 1040 defe-

2007 1087 2132 1143 gere
2159 1089 2372 1138 arcana,
2400 1089 2558 1144 quam
2589 1076 2749 1130 multa
2792 1076 2955 1130 Paulo
2980 1087 3059 1130 est
3078 1092 3258 1131 ausus.
3287 1076 3440 1133 Unde
3465 1092 3595 1132 vero

2009 1163 2063 1218 id
2092 1165 2342 1218 constat?
2372 1165 2555 1218 Audivi
2583 1182 2772 1219 arcana
2801 1166 2966 1230 verba,
2999 1165 3187 1236 inquit,
3219 1183 3332 1233 quae
3355 1183 3454 1219 non
3483 1167 3596 1220 licet

2010 1253 2202 1307 homini
2227 1255 2362 1324 loqui
2391 1255 2466 1327 (2.
2500 1254 2617 1311 Cor.
2646 1256 2731 1312 12.
2763 1257 2843 1326 4).
2887 1257 3048 1313 Vides
3073 1268 3320 1328 quantam
3351 1257 3596 1313 inimicus

2010 1354 2063 1400 et
2084 1345 2252 1400 hostis
2272 1346 2695 1402 benevolentiam
2717 1348 3054 1403 exhibuerit?
3079 1348 3249 1414 Quam
3276 1348 3346 1404 ob
3374 1363 3591 1403 causam

2009 1449 2188 1505 Opera:
2227 1437 2450 1506 pretium
2487 1435 2646 1492 fuerit
2693 1440 2924 1508 priorem
2961 1439 3078 1508 ejus
3106 1439 3266 1493 vitam
3306 1438 3543 1508 proferre
3579 1456 3593 1493 :

2011 1525 2271 1596 siquidem
2300 1528 2369 1581 ita
2398 1527 2507 1592 fiet,
2540 1538 2595 1582 ut
2637 1529 2790 1584 nobis
2837 1529 2925 1584 Dei
2959 1529 3254 1600 benignitas
3279 1538 3333 1584 et
3361 1529 3594 1600 potentia

2012 1618 2346 1674 innotescat:
2378 1620 2676 1691 benignitas
2716 1622 2961 1692 quidem,
3001 1622 3143 1692 quod
3179 1637 3321 1687 eum,
3356 1620 3444 1692 qui
3490 1632 3593 1675 tam

2013 1713 2175 1766 multa
2207 1713 2344 1767 mala
2379 1723 2808 1784 perpetravcrat,
2855 1729 3070 1769 servare
3112 1714 3359 1780 voluerit,
3399 1721 3454 1768 et
3495 1713 3594 1768 sibi

2012 1805 2297 1860 conciliare
2326 1823 2339 1858 :
2373 1806 2660 1876 potentiam
2689 1821 2838 1871 vero,
2868 1806 3010 1876 quod
3054 1806 3128 1873 id,
3170 1805 3310 1876 quod
3348 1805 3594 1871 volebat,

2013 1901 2233 1971 exsequi
2256 1903 2502 1970 potuerit.
2533 1903 2599 1956 Et
2622 1918 2746 1958 vero
2771 1903 3002 1958 animum
3028 1903 3173 1958 Pauli
3200 1905 3299 1958 hoc
3321 1902 3592 1975 patefecit,

2013 1993 2154 2063 quod
2201 1992 2332 2049 nihil
2370 1995 2725 2050 contentionis
2754 1995 2930 2050 studio
2969 1993 3183 2061 faceret,
3215 2011 3387 2067 neque
3411 1996 3597 2066 glorize

2014 2083 2260 2138 humana:
2313 2085 2600 2154 cupiditate
2660 2094 3098 2157 prmoccupatus,
3147 2086 3596 2156 quemadmodum

2013 2178 2182 2234 Judaei
2211 2197 2224 2231 :
2253 2179 2347 2235 sed
2400 2179 2516 2236 zelo
2559 2195 2847 2236 succensus
2889 2196 2995 2234 non
3036 2187 3182 2234 recto
3223 2180 3313 2233 illo
3358 2180 3594 2250 quidem,

2014 2273 2110 2328 sed
2138 2273 2252 2327 zelo
2283 2283 2482 2341 tamen,
2512 2273 2652 2344 quod
2689 2282 2742 2328 et
2781 2274 2894 2342 ipse
2932 2273 3169 2327 clamans
3192 2272 3400 2326 diccbat
3427 2289 3441 2325 :
3474 2271 3600 2325 Ideo

2016 2367 2409 2420 misericordiam
2451 2375 2786 2437 consequutus
2829 2382 2940 2419 sum
2963 2406 2978 2430 ,
3010 2365 3127 2434 quia
3163 2365 3403 2435 ignorans
3428 2365 3521 2433 feci
3546 2363 3600 2416 in

2014 2458 2362 2513 incredulitate
2401 2459 2476 2528 (1.
2528 2456 2656 2511 Tim.
2700 2459 2750 2513 1.
2796 2456 2903 2525 15)
2933 2475 2947 2512 :
2977 2465 3032 2511 et
3079 2456 3456 2525 benignitatem
3505 2455 3597 2510 Dei

2017 2549 2400 2618 obstupescens
2426 2548 2657 2613 dicebat,
2691 2547 2757 2603 Ut
2782 2549 2834 2600 in
2859 2564 2938 2601 me
2965 2548 3127 2618 primo
3150 2546 3427 2600 ostenderet
3449 2543 3600 2600 Chri-

2015 2650 2123 2696 stus
2175 2657 2368 2695 omnem
2413 2641 2706 2709 patientiam
2747 2639 2814 2692 ad
2856 2637 3263 2708 informationem
3301 2653 3474 2690 eorum
3515 2637 3602 2706 qui

2018 2733 2260 2787 credituri
2281 2741 2398 2786 sunt
2418 2732 2496 2786 illi
2519 2732 2570 2784 in
2592 2735 2744 2785 vitam
2771 2740 3016 2783 ceternam
3037 2726 3142 2798 (Ib.
3167 2743 3214 2781 .
3246 2728 3354 2797 16).
3383 2725 3452 2780 Et
3472 2726 3596 2780 alibi

2018 2839 2202 2878 rursus
2223 2823 2450 2888 diccbat,
2477 2822 2828 2892 Operationem
2854 2819 3048 2874 uirtutis
3066 2835 3172 2872 sua:
3197 2819 3414 2872 maxime
3434 2828 3601 2873 osten-

2017 2916 2091 2969 dit
2119 2915 2172 2968 in
2198 2930 2289 2968 nos
2316 2914 2403 2984 qui
2429 2914 2678 2968 credimus
2705 2911 2920 2985 (Ephes.
2945 2912 2996 2966 1.
3019 2911 3131 2982 19).
3151 2908 3310 2966 Vides
3336 2918 3395 2964 ut
3421 2919 3475 2966 et
3499 2908 3596 2965 be-

2018 3006 2326 3078 nignitatem
2358 3006 2450 3061 Dei
2477 3017 2529 3060 et
2555 3007 2800 3059 virtutem
2831 3004 2976 3073 prior
3015 3002 3119 3058 vita
3163 3001 3313 3057 Pauli
3347 3001 3600 3057 ostende-

2019 3097 2109 3164 rit,
2144 3108 2199 3152 et
2236 3112 2394 3166 quam
2441 3096 2744 3166 incorrupta
2782 3095 3096 3164 sinceraque
3133 3101 3312 3148 mente
3349 3091 3602 3163 pmditus

2020 3189 2134 3259 ipse
2161 3188 2348 3242 fuerit?
2377 3187 2518 3242 Sane
2542 3185 2752 3256 quidem
2773 3185 2840 3238 ad
2866 3185 3078 3239 Galatas
3094 3183 3333 3239 scribens
3357 3183 3458 3238 hoc
3479 3198 3602 3253 pro-

2021 3279 2156 3345 tulit,
2183 3286 2242 3333 ut
2271 3294 2329 3333 se
2359 3276 2630 3331 hominum
2664 3289 2822 3331 causa
2858 3275 3075 3329 minime
3113 3273 3271 3328 fuisse
3301 3283 3559 3328 mutatum
3585 3314 3600 3339 ,

2020 3371 2112 3426 sed
2139 3371 2313 3425 divina
2332 3369 2523 3425 virtute
2546 3367 2706 3422 fuisse
2726 3380 3042 3421 conversum
3071 3364 3340 3436 probaret.
3374 3364 3435 3420 Si
3463 3365 3600 3417 enim

2020 3464 2303 3519 hominibus
2320 3503 2338 3530 ,
2369 3462 2537 3533 inquit
2561 3501 2578 3528 ,
2613 3459 2882 3531 placerem,
2910 3457 3096 3514 Christi
3123 3471 3292 3513 servus
3319 3473 3418 3510 non
3443 3471 3601 3510 essem

2022 3555 2165 3627 (Gal.
2196 3556 2247 3610 1.
2277 3554 2391 3625 10).
2424 3553 2572 3610 Unde
2595 3569 2722 3609 vero
2751 3552 2802 3606 id
2829 3559 3037 3606 constat
3063 3558 3115 3604 te
3140 3564 3244 3603 non
3285 3557 3343 3602 ut
3373 3546 3602 3602 homini-

2022 3653 2120 3708 bus
2149 3652 2409 3722 placeres,
2453 3649 2520 3704 ad
2570 3647 2996 3718 praedicationem
3042 3645 3204 3700 fuisse
3249 3641 3602 3698 conversum?

2021 3743 2270 3809 Audistis,
2311 3742 2516 3812 inquit,
2563 3738 2990 3794 conversationem
3033 3752 3196 3791 nteant
3231 3733 3503 3805 aliquando
3547 3735 3602 3787 in

2018 3835 2309 3898 Judaismo,
2351 3833 2590 3904 quoniam
2630 3848 2788 3902 supra
2823 3830 3028 3884 modum
3069 3830 3396 3900 persequebar
3422 3828 3605 3882 Eccle-

2019 3925 2147 3978 sium
2175 3923 2290 3988 Dei,
2318 3934 2362 3975 ct
2387 3922 2739 3994 expugnabam
2765 3937 2878 3975 eam
2909 3919 3012 3990 (Ib.
3040 3937 3086 3974 .
3115 3922 3223 3990 15).
3255 3919 3408 3987 Quod
3434 3921 3480 3973 si
3505 3919 3600 3975 bo-

2020 4015 2252 4069 minibus
2279 4015 2486 4082 placere
2507 4014 2793 4077 voluisset,
2826 4027 3155 4080 nequaquam
3186 4011 3252 4065 ad
3281 4011 3438 4066 fidem
3469 4027 3601 4066 con-

2020 4115 2205 4154 versus
2231 4097 2436 4152 fuisset.
2466 4096 2600 4164 Quid
2628 4096 2737 4150 ita?
2763 4096 3044 4151 Colehatur
3063 4111 3092 4148 a
3112 4095 3334 4160 Judaeis,
3358 4105 3412 4150 et
3435 4096 3600 4150 multa

2020 4192 2306 4249 securitate
2346 4189 2652 4257 fruebatur,
2693 4204 2756 4245 ac
2795 4205 2904 4260 pra:
2931 4189 3139 4244 caneris
3169 4188 3372 4243 honore
3406 4188 3605 4244 afficie-

2021 4285 2177 4340 batur
2202 4299 2216 4338 :
2248 4298 2354 4338 non
2382 4283 2538 4354 igitur
2563 4281 2630 4338 ad
2657 4282 3015 4353 apostolorum
3044 4282 3203 4337 vitam
3232 4289 3310 4336 tot
3335 4280 3600 4350 objeCtam

2023 4375 2272 4448 periculis
2307 4391 2367 4432 se
2407 4375 2795 4442 transtulisset,
2827 4389 2946 4445 qua:
2971 4374 3134 4428 multa
3162 4373 3433 4428 laborabat
3459 4373 3599 4427 in'a-

2023 4475 2126 4529 mia
2151 4517 2166 4541 ,
2196 4489 2312 4543 (pun
2345 4481 2421 4527 tot
2444 4470 2828 4528 calamitatibus
2855 4467 3180 4522 redundahat
3210 4483 3226 4520 :
3258 4468 3434 4536 itaque
3462 4467 3602 4534 quod

2022 4567 2168 4620 illum
2191 4566 2483 4627 honorem,
2516 4577 2621 4631 quo
2663 4558 2800 4628 apud
2839 4556 3052 4614 Judzeos
3087 4556 3378 4623 fruebatur,
3409 4572 3604 4626 repen-

2023 4659 2128 4713 tina
2165 4657 2457 4712 mulatione
2485 4669 2547 4708 ac
2579 4652 2946 4718 conversione,
2975 4660 3027 4704 et
3058 4651 3216 4704 vitam
3245 4651 3478 4721 quietam
3505 4651 3604 4705 de-

2021 4751 2268 4814 seruerit,
2297 4758 2352 4804 et
2377 4763 2497 4802 cum
2523 4745 2884 4816 apostolorum
2912 4744 3017 4798 vita
3043 4744 3451 4799 commutaverit
3469 4786 3483 4809 ,
3517 4745 3604 4800 in-

2022 4844 2258 4898 numeris
2295 4840 2501 4909 ohjecta
2545 4838 2731 4893 mortis
2774 4837 3095 4907 generibus,
3141 4837 3428 4891 maximum
3474 4837 3602 4894 illud

2023 4943 2389 5007 argumentum
2430 4931 2526 4987 fuit
2569 4947 2675 4986 non
2708 4930 2780 4985 ob
2821 4930 3104 4984 humanam
3131 4928 3413 5006 quamdam
3442 4945 3603 4984 occa-

2023 5029 2225 5082 sionem
2255 5025 2472 5080 Paulum
2498 5038 2618 5080 esse
2642 5036 2978 5078 conversum.
3007 5020 3290 5090 Propterea
3313 5034 3414 5075 nos
3438 5021 3602 5076 etiam

2024 5122 2254 5191 priorem
2298 5119 2414 5188 ejus
2453 5117 2613 5171 vitam
2659 5117 2712 5170 in
2758 5115 2991 5169 medium
3021 5112 3212 5168 a'erre
3236 5112 3519 5177 voluimus,
3548 5123 3603 5167 et

2022 5211 2298 5266 ardentem
2323 5210 2494 5265 zelum
2515 5208 2631 5278 ejus
2650 5207 2952 5272 ostendere,
2983 5221 3088 5275 quo
3113 5204 3407 5259 Ecclesiam
3436 5216 3606 5273 oppu-

2021 5305 2216 5374 gnabat
2236 5343 2250 5366 ,
2283 5310 2340 5355 ut
2366 5316 2488 5356 cum
2515 5301 2632 5370 ejus
2662 5313 2758 5368 pro
2794 5298 3046 5354 Ecclesia
3083 5295 3393 5351 defensione
3423 5310 3604 5365 prom-

2026 5394 2338 5464 ptitudinem
2387 5392 2548 5447 animi
2587 5391 2821 5458 videris,
2867 5391 3030 5446 Deum
3076 5389 3299 5454 laudes,
3345 5391 3434 5458 qui
3482 5387 3607 5444 facit

2026 5487 2201 5541 omnia
2232 5494 2285 5540 et
2325 5483 2686 5539 transformat.
2720 5483 3003 5553 Propterea
3033 5481 3180 5536 Pauli
3209 5495 3420 5551 quoque
3444 5479 3606 5536 disci-

2024 5583 2179 5652 pulus
2217 5579 2496 5651 diligenter
2537 5577 2688 5632 nobis
2733 5591 2797 5632 ac
2841 5574 3120 5644 perspicue
3146 5575 3319 5645 priora
3348 5574 3605 5642 narravit,

2028 5679 2099 5733 ita
2125 5675 2344 5730 dicens:
2375 5673 2564 5728 Saulus
2600 5679 2762 5724 autem
2795 5670 2961 5724 adhuc
2996 5668 3195 5738 spirans
3223 5668 3385 5723 minas
3424 5677 3469 5722 et
3499 5681 3609 5723 ctr-

2167 5768 2217 5822 in
2247 5765 2517 5836 discipulos
2548 5761 2754 5818 Domini
2783 5761 2915 5835 (Act.
2944 5761 2998 5817 9.
3030 5760 3105 5832 1).
3138 5762 3210 5816 Ac
3237 5761 3428 5819 vellem
3453 5774 3598 5827 equi-
