4096 6222
428 240 529 295 {‘23

429 355 551 407 dem
581 366 679 422 ego
710 366 919 420 quoque
958 349 1216 405 hodierno
1253 350 1340 404 die
1384 349 1698 420 procemium
1736 346 2009 415 inchoare,

424 443 616 496 Vellem
654 441 718 495 ad
759 440 965 495 initium
1004 440 1321 494 narrationis
1348 439 1593 510 aggredi;
1624 439 1716 493 sed
1742 439 1896 493 video
1921 453 2012 508 pe-

431 533 577 602 lagus
603 531 865 600 quoddam
894 531 1274 585 sententiarum
1299 546 1364 584 ex
1391 531 1504 584 solo
1529 529 1744 584 nomine
1773 545 1832 584 se
1859 528 2011 583 nobis

429 624 736 677 obtrudere.
781 622 960 692 Cogita
1001 636 1231 692 namque
1271 631 1522 691 quantam
1551 637 1580 676 e
1610 621 1830 690 vestigio
1856 617 2012 674 nobis

431 713 582 777 illud,
609 711 820 777 Saulus,
856 713 1204 782 qumstionem
1232 721 1443 766 moveat
1471 730 1483 765 :
1511 712 1772 772 siquidem
1793 710 1934 765 aliud
1959 711 2010 764 in

427 806 666 874 epistolis
690 811 919 876 positum
951 821 1146 860 nomen
1170 805 1419 860 occurrit.
1471 803 1668 858 Paulus
1694 820 1864 858 servus
1887 801 2012 856 Jesu

427 897 634 962 Clu-isti,
664 908 866 951 vocatus
901 898 1158 967 apostolus
1198 897 1372 968 (Rom.
1404 898 1451 951 1.
1477 894 1571 966 l):
1603 893 1802 948 Paulus
1831 903 1876 947 et
1908 892 2011 947 So-

430 988 627 1041 sthenes
648 1003 667 1042 :
697 987 890 1042 Paulus
915 997 1114 1042 vocatus
1141 986 1403 1057 apostolus
1432 987 1508 1056 (l.
1538 984 1653 1040 Cor.
1687 987 1736 1040 ‘l.
1770 984 1820 1055 1)
1846 1002 1859 1038 :
1881 984 2014 1037 Ecce

430 1097 520 1150 ego
571 1079 765 1134 Paulus
809 1081 921 1134 dico
967 1081 1102 1134 vobis
1151 1079 1346 1151 (Galat.
1377 1078 1430 1134 5.
1467 1077 1542 1148 Ξ)
1579 1095 1590 1129 :
1621 1077 1730 1146 jam
1779 1090 1906 1130 vero
1959 1082 2016 1129 ut

430 1173 646 1240 Paulus,
677 1184 729 1227 et
759 1173 950 1244 ubique
979 1173 1170 1227 Paulus
1196 1172 1510 1242 appellatur,
1544 1184 1647 1223 non
1674 1177 1850 1223 autem
1883 1167 2016 1222 San-

428 1263 509 1317 lus
535 1263 747 1318 dicitur.
775 1263 882 1318 Cur
910 1265 1066 1333 igitur
1089 1272 1244 1316 antea
1275 1263 1484 1326 Saulus,
1515 1271 1692 1331 postea
1721 1275 1846 1314 vero
1879 1259 2015 1314 Pau-

429 1354 511 1407 lus
541 1365 758 1408 vocatus
785 1355 900 1407 est?
926 1353 1109 1423 Neque
1131 1369 1256 1407 vero
1277 1352 1508 1420 simplex
1537 1361 1617 1405 est
1643 1351 1728 1404 illa
1755 1350 2010 1420 quzestio:

426 1444 604 1497 statim
638 1445 779 1498 enim
823 1445 1008 1498 Pi-trns
1038 1445 1268 1497 accurrit
1299 1461 1311 1496 :
1344 1458 1464 1497 nam
1505 1452 1560 1497 et
1599 1443 1713 1512 ipse
1743 1451 1898 1495 antea
1927 1441 2012 1495 Si-

429 1551 550 1587 mon
582 1534 878 1600 dicebatur,
904 1543 1084 1603 postea
1103 1550 1230 1588 vero
1253 1534 1449 1604 Ceplue
1476 1547 1672 1587 nomen
1701 1532 1906 1600 accepit
1930 1549 1942 1584 :
1963 1541 2016 1584 et

439 1626 680 1679 Zebedtei
710 1626 799 1680 lilii
827 1625 1054 1680 Jacobus
1081 1633 1136 1679 et
1163 1625 1396 1679 Joannes
1425 1632 1626 1676 mutato
1655 1623 1869 1676 nomine
1896 1621 2014 1675 Filii

431 1718 646 1771 tonitrui
670 1727 793 1771 sunt
817 1718 1063 1787 appellati
1093 1716 1281 1788 (Marc.
1316 1717 1369 1771 5.
1399 1718 1484 1770 16.
1518 1717 1630 1786 Π).
1657 1715 1766 1770 Nec
1793 1715 1842 1769 in
1869 1714 2017 1769 Novo

425 1811 596 1863 solum
635 1811 999 1876 Testamento,
1051 1810 1143 1864 sed
1192 1810 1349 1864 etiam
1401 1809 1453 1862 in
1496 1808 1677 1863 Veteri
1721 1808 2017 1877 reperimus

427 1902 694 1954 Abraham
727 1912 880 1957 antea
909 1902 1107 1956 dictum
1137 1903 1334 1956 Abram
1362 1943 1374 1964 ,
1409 1909 1591 1971 postea
1618 1900 1884 1955 Abraham
1909 1918 1923 1964 ;
1964 1908 2018 1954 et

425 1991 590 2047 Jacob
635 1995 860 2062 primum
888 1992 1052 2048 Jacob
1079 2009 1199 2048 esse
1247 1994 1484 2054 dictum.
1517 1992 1708 2047 deinde
1735 1991 1924 2057 Israel;
1965 1999 2018 2045 et

427 2081 638 2136 Sarram
691 2086 919 2153 primum
972 2083 1157 2138 Saram
1211 2099 1372 2149 esse,
1428 2081 1620 2136 deinde
1673 2081 1886 2137 Sarram
1924 2089 2019 2134 :et

1171 236 1230 292 S.
1270 234 1547 291 JOA‘NNIS
1582 231 2052 289 CIIRYSOSTOMI
2095 231 2413 287 ARCHIEP.
2453 230 2983 288 CONSTANTINOP.

3598 231 3697 288 lii

2119 345 2313 398 multas
2343 344 2495 399 nobis
2524 345 2637 400 haec
2662 347 2883 401 mutatio
2906 346 3178 400 nominum
3203 345 3340 414 parit
3357 345 3698 415 quaastiones,

2119 452 2181 490 ac
2212 453 2417 504 vereor,
2447 454 2513 491 ne
2538 438 2716 492 multis
2745 438 3020 494 ﬂuminum
3042 437 3244 502 effusis,
3267 438 3475 492 fluentis
3501 436 3704 496 doctri-

2121 542 2203 582 na:
2232 542 2534 582 sermonem
2564 529 2706 583 velut
2733 529 2954 584 obruam
2983 539 3036 584 et
3058 529 3330 584 suffocem.
3358 528 3488 584 Nam
3516 546 3704 600 quem-

2120 619 2404 674 admodum
2435 621 2485 673 in
2511 635 2639 690 agro
2667 620 2886 676 humido
2925 631 2978 676 ct
3015 623 3213 690 irriguo
3246 621 3564 690 ubicumque
3589 623 3708 691 quis

2120 709 2271 775 fodit,
2296 710 2531 781 undique
2554 711 2726 766 fontes
2749 713 3044 768 scaturiunt
3068 730 3081 766 :
3105 713 3183 766 sic
3202 721 3254 766 et
3281 713 3332 764 in
3360 727 3490 778 agro
3513 712 3708 769 divinat

2121 802 2407 870 Scriptum
2432 843 2446 867 ,
2483 804 2804 873 ubicumque
2837 803 3191 869 reseraveris,
3223 802 3481 872 plurimos
3520 799 3708 858 fluvios

2121 892 2325 948 videbis
2354 909 2635 963 erumpere
2668 911 2680 946 :
2714 908 2870 964 quam
2911 893 2980 946 ob
3019 908 3229 947 causam
3268 908 3334 946 ne
3368 907 3555 946 omnes
3591 892 3710 946 illos

2121 985 2277 1038 simul
2311 985 2568 1038 hodierno
2593 984 2679 1038 die
2706 984 2970 1038 eli‘undam
2997 1026 3008 1047 ,
3039 999 3143 1038 non
3177 983 3518 1038 mediocriter
3543 983 3707 1052 perti-

2124 1090 2322 1129 mesco.
2372 1075 2704 1144 Quapropter
2742 1075 2911 1129 rivum
2952 1075 3093 1129 hunc
3139 1085 3376 1129 nostrum
3420 1075 3704 1140 claudens,

2121 1168 2394 1221 caritatem
2429 1178 2660 1222 vestram
2688 1167 2753 1222 ad
2793 1183 3003 1222 sacrum
3037 1167 3235 1223 fontem
3267 1168 3548 1238 prmsulum
3577 1168 3708 1222 isto-

2122 1275 2262 1321 rum.
2307 1262 2789 1331 magistrorumque
2831 1261 3180 1316 transmittam
3223 1261 3497 1330 limpidum
3536 1261 3704 1326 illum,

2123 1351 2406 1420 potabilem
2442 1367 2504 1407 ac
2541 1352 2779 1415 dulcem,
2809 1354 2950 1422 quod
2983 1369 3046 1407 ex
3083 1353 3342 1422 spirituali
3373 1362 3518 1423 petra
3543 1353 3709 1409 ﬂuen-

2123 1451 2234 1496 tum
2257 1452 2453 1498 manat.
2487 1444 2715 1498 Mentem
2740 1445 2896 1514 igitur
2915 1444 2980 1498 ad
3003 1443 3365 1513 excipiendam
3388 1443 3704 1512 doctrinam,

2124 1533 2190 1586 ad
2219 1534 2522 1602 spirituales
2559 1535 2741 1589 latices
2772 1535 3092 1590 hanrieudos
3121 1550 3396 1604 paremus,
3440 1545 3495 1589 ut
3531 1535 3621 1590 fiat
3655 1536 3705 1590 in

2124 1625 2277 1678 nobis
2314 1625 2432 1681 fons
2467 1641 2616 1696 aqure
2659 1626 2897 1681 salientis
2939 1626 2989 1679 in
3029 1627 3187 1679 vitam
3227 1635 3480 1680 teternam
3513 1643 3524 1677 :
3552 1643 3705 1697 quam

2126 1732 2223 1772 nos
2247 1731 2431 1771 omnes
2461 1719 2702 1773 obtinere
2743 1720 3044 1788 centiugat,
3080 1718 3245 1786 gratia
3288 1730 3343 1772 et
3386 1718 3709 1789 benignitate

2128 1809 2336 1862 Domini
2369 1810 2537 1864 nostri
2565 1810 2690 1864 Jcsu
2714 1810 2929 1873 Christi,
2955 1825 3050 1880 per
3076 1825 3232 1879 quem
3259 1819 3310 1864 et
3334 1824 3455 1864 cum
3481 1827 3585 1879 quo
3615 1811 3710 1864 Pa-

2126 1900 2192 1954 tri
2218 1901 2406 1968 gloria,
2437 1901 2626 1968 honor,
2662 1902 2962 1973 imperium,
2995 1917 3098 1955 una
3127 1917 3245 1956 cum
3277 1911 3460 1956 sancto
3486 1918 3547 1957 ac
3575 1903 3709 1957 vivi-

2127 1992 2228 2045 ﬁco
2254 1991 2471 2060 Spiritu,
2498 2007 2636 2047 nunc
2664 2003 2717 2046 et
2747 2008 2976 2062 semper,
2998 2002 3050 2047 et
3079 1993 3130 2046 iu
3162 1993 3351 2047 saecula
3374 1995 3706 2049 sceculorum.

2125 2083 2316 2136 Amen.

428 2340 510 2383 AD
556 2339 667 2380 EOS
712 2338 820 2389 QUI
867 2334 1460 2378 REPREHENDEBANT
1504 2333 1637 2375 EUM
1669 2331 1748 2374 OB
1781 2329 2254 2372 PROLIXITATEM
2291 2330 2533 2384 EORUM,
2581 2332 2722 2384 QUAE
2767 2335 2955 2376 DICTA
3001 2336 3318 2389 FUERAN’T,
3365 2338 3446 2378 ΕΤ
3483 2339 3561 2380 AD
3607 2337 3710 2380 eos

505 2441 612 2492 QUI
659 2439 1065 2481 BKEVITATEM
1110 2435 1436 2481 ORATIONIS
1481 2435 1660 2477 EGRE
1705 2431 2060 2485 FEREBANT,
2108 2431 2318 2482 DEQUE
2364 2432 2544 2475 SAULI
2591 2435 2669 2475 ET
2713 2436 2896 2478 PAULI
2930 2437 3422 2489 APPELLATIONE,
3476 2439 3554 2480 ET
3591 2439 3709 2482 CUR

505 2537 738 2580 PRIMUS
783 2537 954 2578 HOMO
997 2537 1275 2579 voc-nus
1321 2535 1417 2576 εῖτ
1452 2534 1650 2584 sum,
1700 2532 1779 2573 ET
1809 2529 1978 2582 QUOD
2023 2530 2320 2572 UTILITER
2353 2532 2426 2575 ac
2472 2535 2882 2592 ancruoss;
2929 2537 3136 2590 ATQUE
3183 2539 3245 2580 tv
3293 2539 3400 2581 eos
3444 2539 3550 2591 QUI
3585 2541 3712 2582 nr.-

508 2639 660 2681 CENS
702 2637 998 2680 FUERANT
1043 2634 1436 2679 ILLUMINATI.

1725 2711 2415 2758 ...μεθορμ-

499 2873 549 2927 l.
581 2870 714 2939 Quid
741 2883 922 2940 quaeso
953 2867 1109 2922 nobis
1157 2852 1542 2936 agendumest
1586 2863 1844 2918 hodierno
1887 2861 2011 2916 die?

431 2961 701 3032 Siquidem
728 2958 855 3014 dum
880 2957 1270 3012 multitudinem
1295 2965 1527 3010 vestram
1567 2970 1731 3011 cerno
1750 2995 1766 3020 ,
1809 2968 1877 3008 ne
1903 2953 2020 3006 lon-

427 3054 545 3122 gius
575 3065 878 3105 sermonem
922 3047 1263 3118 protraham,
1311 3046 1650 3117 pertimesco.
1695 3043 1830 3100 Cum
1871 3043 2015 3099 enim

427 3143 736 3215 provehitur
762 3142 971 3211 longius
1000 3139 1255 3194 doctrina:
1283 3152 1482 3201 sermo,
1514 3137 1669 3191 video
1703 3151 1799 3191 vos
1835 3136 1886 3190 iu
1918 3150 2016 3188 an-

428 3237 629 3306 gustias
658 3235 902 3290 redactos
930 3249 1025 3288 vos
1052 3233 1276 3287 invicem
1305 3231 1620 3286 conculcare
1643 3269 1659 3293 ,
1691 3236 1850 3298 atque
1881 3226 2018 3282 hanc

429 3343 494 3384 ex
527 3327 782 3400 angustiis
825 3325 1203 3388 afflictionem,
1256 3338 1360 3392 quo
1399 3323 1574 3376 minus
1615 3319 1897 3389 diligenter
1925 3333 2020 3370 au-

430 3420 609 3485 diatis,
638 3418 895 3489 impedire
921 3435 934 3470 :
964 3416 1066 3471 nisi
1099 3415 1241 3470 enim
1272 3414 1482 3483 quietus
1508 3413 1576 3466 sit
1605 3426 1665 3465 ac
1705 3409 2019 3479 tranquillus

433 3504 644 3557 auditor
662 3544 677 3567 ,
707 3501 927 3555 minime
956 3508 1129 3569 potest
1156 3514 1276 3552 cum
1307 3497 1482 3552 studio
1511 3495 1578 3550 ad
1600 3511 1662 3550 ea
1690 3511 1808 3565 qua:
1833 3494 2019 3548 dicun-

434 3602 520 3648 tur
553 3592 850 3646 attendere.

506 3683 620 3735 Duo
648 3699 828 3752 genera
853 3681 1160 3734 auditorum.
1189 3711 1257 3720 —
1288 3680 1421 3734 Cum
1451 3679 1607 3749 igitur
1628 3677 2016 3733 multitudinem

435 3785 670 3827 vestram
695 3813 711 3838 ,
744 3783 800 3825 ut
829 3771 968 3837 dixi,
996 3771 1150 3826 video
1169 3813 1183 3835 ,
1221 3786 1288 3825 ne
1321 3771 1530 3840 longius
1560 3783 1863 3825 sermonem
1893 3782 2019 3837 pro-

436 3864 640 3918 traham
689 3864 1042 3933 pertimesco,
1098 3865 1190 3917 sed
1234 3861 1359 3917 dum
1407 3861 1747 3931 cupiditatem
1790 3869 2019 3915 vestram

434 3957 735 4020 considero,
766 3955 1060 4010 doctrinam
1091 3954 1405 4010 contrahere
1431 3953 1741 4010 reformido.
1771 3953 1904 4008 Nam
1929 3953 2019 4022 qui

434 4049 542 4101 sitit
563 4089 576 4112 ,
626 4048 727 4101 nisi
760 4048 905 4117 prius
931 4047 1178 4116 poculum
1205 4047 1467 4116 repletum
1497 4046 1722 4113 viderit,
1768 4061 1837 4101 ne
1862 4046 2022 4101 labris

436 4139 652 4210 quidem
685 4139 928 4194 lubenter
957 4139 1082 4192 illud
1107 4139 1398 4204 admovet,
1438 4138 1530 4193 sed
1569 4141 1813 4208 quamvis
1853 4146 2021 4193 totum

436 4232 793 4287 exhausturus
820 4247 923 4284 non
952 4231 1054 4297 sit,
1087 4239 1254 4285 totum
1281 4231 1542 4299 repletum
1573 4245 1796 4285 cernere
1823 4245 2022 4285 concu-

439 4322 614 4392 piscit.
663 4319 1020 4388 Quamobrem
1049 4361 1063 4386 ,
1107 4337 1211 4390 quo
1241 4328 1398 4388 pacto
1427 4334 1510 4373 me
1555 4320 1606 4373 in
1639 4318 1737 4373 hac
1766 4321 2022 4376 COIIClOI‘Ie

436 4429 624 4484 gerere
664 4412 886 4468 debeam
911 4454 926 4477 ,
967 4412 1170 4483 ignoro.
1216 4411 1347 4465 Nam
1375 4420 1429 4466 et
1468 4411 1725 4466 brevitate
1760 4413 2022 4467 sermonis

441 4508 675 4564 laborem
706 4516 939 4562 vestrum
969 4509 1208 4563 minuere
1234 4507 1354 4562 volo
1378 4549 1393 4574 ,
1435 4514 1490 4562 et
1518 4507 1774 4562 orationis
1802 4507 2022 4576 prolixi-

441 4608 547 4654 tate
576 4611 804 4654 vestram
849 4599 1191 4668 cupiditatem
1239 4600 1476 4668 explere.
1531 4599 1693 4668 Atqui
1742 4607 2024 4667 utrumque

440 4692 663 4744 istorum
705 4706 1077 4760 szepeuumero
1118 4691 1369 4760 prastiti,
1415 4706 1478 4746 ac
1504 4707 1571 4746 ne
1605 4691 1772 4746 semel
1813 4691 2024 4759 quidem

441 4783 639 4836 erimen
667 4780 844 4850 effugi.
885 4782 1010 4836 Scio
1038 4797 1125 4836 me
1155 4797 1393 4850 persaepe
1415 4821 1431 4848 ,
1474 4782 1599 4836 dum
1643 4782 1793 4836 vobis
1840 4796 2021 4851 parco,

441 4883 564 4929 ante
589 4872 748 4949 ﬁnem
781 4873 1058 4941 abrupisse
1082 4887 1407 4938 sermonem,
1441 4883 1493 4928 et
1520 4875 1572 4928 in
1604 4888 1702 4928 nos
1730 4875 2028 4928 claruerunt

442 4965 511 5027 ii,
541 4980 767 5034 quorum
789 4964 1000 5020 animus
1037 4966 1218 5020 satiari
1257 4967 1474 5022 minime
1501 4976 1709 5037 potest,
1739 4966 1828 5037 qui
1861 4968 2027 5022 sacris

441 5055 688 5110 laticibus
728 5055 942 5111 assidue
969 5055 1214 5111 fruuntur
1238 5098 1254 5123 ,
1295 5057 1388 5112 sed
1415 5073 1702 5129 numquam
1729 5066 1902 5112 tamen
1929 5073 2025 5113 ex-

442 5145 690 5215 plentur,
737 5145 880 5200 Beati
919 5147 1024 5210 illi.
1072 5149 1156 5217 qui
1197 5149 1450 5212 esuriant,
1491 5159 1534 5202 et
1567 5149 1742 5203 sitiunt
1773 5149 2027 5221 justitiam

443 5237 656 5306 (Matth.
691 5238 744 5294 5.
775 5238 873 5307 6),
916 5247 971 5294 et
1015 5239 1235 5294 istorum
1267 5239 1521 5295 adversos
1568 5239 1829 5294 clamores
1859 5240 2022 5310 perti-

447 5345 692 5387 nrescens
719 5346 902 5386 rursus
923 5331 1182 5387 doctrina:
1211 5347 1515 5388 sermonem
1547 5333 1777 5402 protr‘axi
1797 5333 2025 5401 longius,

445 5431 501 5477 et
528 5423 725 5478 idcirco
752 5422 804 5477 in
848 5423 1050 5479 crimen
1079 5423 1297 5479 incurri.
1344 5423 1474 5478 Nam
1501 5424 1588 5494 qui
1611 5423 1874 5478 sermonis
1903 5422 2029 5477 bre-

446 5513 610 5568 vitate
639 5517 1006 5583 delectantur,
1051 5524 1396 5572 occurrentes
1422 5515 1680 5581 orabant,
1713 5524 1768 5568 ut
1794 5514 2030 5583 ipsorum

449 5606 739 5681 infirmitati
786 5623 1060 5677 parcerem
1087 5648 1104 5675 ,
1149 5618 1310 5680 atq-ue
1353 5608 1627 5663 concionis
1671 5606 2031 5676 prolixitatem

447 5695 836 5753 contraherem.
884 5698 1014 5756 Dum
1060 5699 1217 5768 igitur
1253 5712 1348 5755 vos
1379 5699 1433 5752 in
1473 5698 1741 5769 angustias
1787 5696 2031 5754 redactos

2128 2858 2342 2912 intueor
2365 2901 2378 2925 ,
2435 2874 2736 2914 sermonem
2789 2861 3000 2916 silentio
3045 2878 3294 2919 coercere
3320 2865 3508 2920 studeo
3537 2882 3549 2919 :
3583 2864 3706 2918 dum

2124 2964 2250 3003 vero
2275 2964 2368 3003 vos
2403 2950 2657 3020 angustiis
2687 2965 2898 3020 pressos
2938 2953 3134 3008 idcirco
3165 2969 3268 3008 non
3300 2955 3583 3017 recedere,
3615 2953 3710 3009 sed

2124 3043 2190 3098 ad
2233 3043 2527 3114 longiorem
2556 3059 2769 3098 cursum
2817 3054 3026 3114 paratos
3053 3061 3175 3100 esse
3200 3087 3214 3112 ,
3255 3061 3447 3102 acuere
3482 3047 3711 3116 linguam

2126 3135 2393 3191 desidero.
2431 3136 2691 3206 Angustiw
2729 3137 2853 3190 milii
2891 3147 3007 3191 sunt
3035 3138 3254 3208 undique
3279 3138 3438 3211 (Dan.
3474 3139 3559 3193 15.
3586 3137 3704 3203 22).

2124 3228 2261 3295 Quid
2301 3229 2527 3282 faciam?
2562 3227 2692 3282 Nam
2729 3229 2773 3283 is
2801 3229 3016 3299 quidem
3040 3229 3129 3299 qui
3162 3231 3249 3284 uni
3279 3230 3496 3286 domino
3522 3229 3707 3294 servit,

2125 3320 2322 3390 unique
2375 3320 2652 3374 sententia:
2701 3322 2910 3391 cogitur
2957 3321 3241 3389 famulari,
3295 3323 3447 3378 facile
3495 3322 3714 3377 domino

2127 3419 2302 3481 potest
2344 3412 2556 3480 placere
2577 3453 2592 3477 ,
2644 3427 2817 3480 neque
2847 3426 2873 3463 a
2907 3413 3178 3481 proposito
3204 3412 3453 3466 aberrare
3486 3430 3501 3465 :
3532 3421 3584 3465 at
3616 3426 3714 3480 ego

2126 3501 2322 3555 multos
2351 3500 2522 3555 habeo
2549 3501 2794 3556 dominos
2814 3542 2828 3565 ,
2869 3502 2955 3570 qui
2983 3510 3129 3556 tanto
3156 3501 3360 3554 servire
3390 3500 3587 3570 populo
3615 3514 3710 3553 co-

2125 3609 2252 3663 gor,
2285 3591 2438 3662 cujus
2463 3593 2671 3648 diversa
2702 3601 2784 3648 est
2816 3595 3102 3646 sententia.
3138 3592 3257 3646 llzec
3286 3601 3461 3646 autem
3489 3606 3595 3644 non
3626 3590 3711 3644 id-

2127 3686 2270 3739 circo
2299 3693 2422 3738 sunt
2447 3700 2475 3738 a
2517 3700 2602 3739 me
2640 3685 2776 3737 dicta
2799 3725 2814 3747 ,
2843 3683 2982 3753 quod
3011 3685 3320 3738 servitutem
3347 3697 3488 3752 :rgre
3519 3681 3709 3747 feram,

2126 3777 2301 3843 absit,
2350 3791 2522 3845 neque
2573 3775 2714 3845 quod
2769 3782 3002 3830 vestrum
3051 3774 3316 3844 defugiam
3361 3773 3710 3828 dominatum.

2126 3868 2268 3922 Nihil
2295 3868 2434 3922 enim
2465 3867 2593 3921 mihi
2615 3878 2695 3922 est
2721 3865 2818 3920 hac
2839 3866 3094 3920 servitute
3119 3865 3576 3919 honorificentius.
3597 3861 3710 3916 Non

2130 3961 2198 4014 ita
2230 3960 2528 4015 diademate
2557 3975 2619 4012 ac
2649 3974 2879 4029 purpura
2907 3958 3162 4027 gloriatur
3191 3957 3506 4026 Imperator,
3532 3965 3586 4009 ut
3609 3969 3708 4024 ego

2127 4052 2365 4107 caritatis
2412 4062 2603 4105 vestrae
2649 4051 2964 4105 servitutem
3007 4050 3136 4104 mihi
3184 4049 3524 4104 honorificam
3553 4047 3712 4100 duco.

2127 4143 2398 4213 Siquidem
2433 4143 2506 4196 illi
2555 4156 2718 4211 regno
2758 4155 2903 4195 mors
2931 4134 3168 4195 succedit
3198 4158 3210 4193 :
3246 4139 3369 4193 huic
3394 4149 3568 4192 autem
3592 4151 3708 4190 sero

2129 4237 2278 4290 vituti
2300 4277 2314 4301 ,
2347 4234 2390 4288 si
2424 4231 2568 4288 recte
2600 4243 2808 4303 peracta
2839 4232 3038 4299 fuerit,
3083 4247 3307 4302 regnum
3332 4233 3544 4292 etcleste
3574 4242 3714 4298 prte-

2131 4336 2366 4396 paratnm
2381 4333 2479 4378 est.
2507 4325 2698 4378 Beatus
2719 4324 2860 4378 enim
2878 4333 2958 4377 est
2982 4323 3176 4378 Fidelis
3194 4339 3386 4390 servus,
3411 4331 3455 4374 et
3473 4319 3712 4389 prudens,

2129 4435 2296 4484 quem.
2308 4418 2562 4472 constituit
2589 4417 2822 4471 dominus
2848 4417 2958 4487 ejus
2981 4459 2994 4482 ,
3023 4425 3076 4470 ut
3101 4416 3350 4472 conservis
3387 4415 3490 4468 suis
3517 4413 3595 4467 det
3623 4413 3712 4465 tri-

2131 4511 2218 4563 tici
2237 4526 2541 4564 mensuram.
2585 4509 2744 4564 Amen
2774 4509 2885 4562 dico
2914 4509 3068 4571 vobis,
3094 4524 3245 4577 super
3273 4507 3443 4560 omnia
3472 4506 3602 4561 bona
3624 4517 3720 4556 sua

2131 4603 2392 4655 constituet
2427 4618 2539 4655 eum
2578 4601 2726 4671 (Luc.
2772 4601 2859 4655 12.
2891 4599 2979 4655 42.
3011 4599 3122 4668 li).
3181 4597 3339 4656 Vides
3383 4610 3616 4670 quantus
3654 4598 3728 4652 sit

2133 4695 2401 4748 servitutis
2432 4693 2587 4763 hujus
2627 4704 2893 4763 qumstus,
2945 4693 2988 4746 si
3030 4691 3314 4764 diligenter
3356 4693 3497 4746 obita
3530 4691 3736 4748 fuerit?

2133 4785 2304 4855 Super
2335 4785 2509 4839 omnia
2535 4785 2734 4838 domini
2765 4785 2901 4838 bona
2927 4787 3224 4840 constituit.
3264 4784 3378 4838 Non
3406 4797 3534 4853 ergo
3566 4782 3727 4836 del‘u.

2132 4878 2220 4947 gio
2246 4876 2552 4930 servitutem
2580 4917 2592 4934 .
2623 4875 2818 4944 quippe
2848 4877 3081 4948 quicum
3115 4876 3276 4930 Paulo
3302 4873 3552 4928 serviam.
3589 4871 3718 4926 Nam

2133 4979 2187 5022 et
2223 4968 2310 5022 ille
2337 4967 2499 5021 dicit:
2535 4965 2656 5020 Non
2689 4971 3018 5038 nasmctipsos
3047 4968 3376 5039 praedicamus
3399 5007 3412 5030 ,
3452 4965 3542 5019 sed
3570 4964 3717 5018 Chri-

2133 5067 2265 5111 stum
2291 5057 2465 5111 Jesum
2495 5055 2765 5112 Dominum
2795 5075 2813 5112 :
2839 5075 2930 5113 nos
2977 5068 3141 5112 autem
3173 5073 3339 5110 servos
3381 5065 3566 5109 vestros
3607 5069 3713 5124 pro

2125 5161 2249 5220 ,pter
2287 5149 2463 5204 Jcsum
2497 5150 2585 5222 (Ξ.
2617 5151 2736 5206 Cor.
2764 5151 2817 5206 4.
2850 5151 2939 5222 5).
2984 5151 3050 5205 Et
3077 5151 3202 5220 quid
3229 5149 3348 5204 dico
3375 5148 3637 5204 Paulum?
3665 5146 3716 5200 Si

2136 5241 2180 5296 is
2206 5242 2296 5314 qui
2324 5240 2377 5296 in
2420 5242 2588 5298 forma
2621 5242 2710 5296 Dei
2738 5251 2886 5308 erat,
2918 5243 3263 5313 semetipsum
3293 5240 3590 5298 exinanivit
3617 5237 3723 5291 for.

2145 5354 2285 5391 mam
2303 5339 2446 5393 svrvi
2467 5337 2739 5405 accipiens
2762 5343 2980 5404 propter
3007 5349 3197 5388 servos
3220 5330 3545 5401 (Philipp.2.
3565 5328 3616 5382 6.
3640 5329 3716 5395 7),

2147 5426 2270 5496 quid
2301 5441 2557 5495 magnum
2601 5435 2816 5495 praesto,
2851 5424 2896 5477 si
2930 5439 3032 5492 ego
3068 5438 3260 5477 servus
3294 5422 3415 5475 fiam
3439 5419 3719 5475 conservis

2148 5519 2262 5588 ipse
2280 5533 2471 5573 servus
2492 5526 2711 5587 prepter
2729 5517 3029 5586 meipsum?
3046 5515 3162 5569 Non
3177 5530 3309 5585 ergo
3321 5513 3465 5584 quod
3488 5521 3718 5566 vestram

2149 5612 2463 5667 servitutem
2495 5612 2812 5676 detrectem,
2853 5612 2958 5667 ista
2991 5611 3133 5674 dixi,
3169 5609 3262 5665 sed
3300 5617 3359 5662 ut
3405 5607 3533 5662 mihi
3565 5604 3718 5660 venia

2150 5707 2328 5770 detur,
2365 5704 2409 5759 si
2449 5703 2588 5758 forte
2614 5704 2792 5759 minus
2816 5703 3228 5761 convenientem
3255 5702 3495 5757 omnium
3512 5697 3721 5769 judicio
