4096 6222
447 320 551 378 195

442 438 777 509 κατάλληλον
827 433 1163 506 παραθῶμαι
1211 435 1314 505 τὴν
1361 434 1661 505 τράπεζαν.
1710 433 1926 489 Μᾶλλον
1970 428 2027 484 δὲ

440 522 599 578 τοῦτο
626 524 889 593 ποιήσατε
916 518 945 571 ὃ
974 518 1117 586 λέγω
1150 516 1266 570 νῦν.
1308 517 1495 587 Ὑμεῖς
1524 522 1575 570 οί
1624 516 1701 587 μὴ
1742 516 2029 587 δυνάμενοι

444 605 828 678 ἐμπλησθῆναι
861 620 1012 669 ποτε,
1039 600 1177 655 ἀλλά
1198 600 1495 665 πεινῶντες
1525 601 1619 653 καὶ
1641 599 1905 671 διψῶντες
1931 601 2031 671 τὴν

441 689 808 758 δικαιοσύνην,
854 688 949 740 καὶ
1005 685 1233 757 μακρῶν
1269 684 1669 755 ἐπιθυμοῦντες
1705 684 1902 753 λόγων,
1943 684 2031 738 διὰ

440 773 539 843 τὴν
570 772 857 826 ἀσθένειαν
880 770 989 823 τῶν
1019 769 1303 840 ὑμετέρων
1335 769 1579 838 ἀδελφῶν
1613 768 1914 840 ἀνάσχεσθε
1934 767 2030 820 τοῦ

444 857 710 927 συνήθους
739 854 1217 927 περικοπτομένην
1251 853 1453 925 μέτρου
1494 852 1606 907 τῶν
1632 853 1827 921 λόγων.
1859 852 2030 905 Πάλιν

442 944 598 1012 ὑμεῖς
626 944 674 995 οί
708 940 1076 1012 βραχυλογίας
1113 938 1347 1009 ἐρῶντες
1372 938 1469 992 καὶ
1494 937 1880 1010 ἀσθενέστερον
1911 935 2029 990 δια-

440 1025 703 1095 κείμενοι,
759 1025 848 1078 διὰ
898 1025 1024 1087 τούς
1069 1021 1333 1091 ἀδελφοὺς
1375 1022 1503 1085 τοὺς
1561 1020 1864 1092 ὑμετέρους
1903 1019 2030 1083 τούς

437 1110 770 1179 ἁκορέττους
803 1108 1001 1180 μικρὸν
1035 1108 1414 1180 καρτερήσατε
1446 1105 1632 1167 πόνον,
1678 1105 1923 1177 ἀλλήλων
1959 1103 2029 1157 τά

441 1193 582 1265 βάρη
615 1191 999 1262 βαστάζοντες,
1030 1192 1123 1245 καὶ
1150 1190 1329 1254 οὕτως
1354 1188 1789 1261 ἀναπληρώσατε
1817 1187 1909 1241 τὸν
1938 1188 2028 1241 νό-

440 1293 543 1345 μον
567 1277 661 1329 τοῦ
686 1275 945 1346 Χριστοῦ.
973 1275 1087 1344 Οὐχ
1115 1275 1279 1346 ὁρᾶτε
1303 1274 1431 1336 τούς
1447 1272 1852 1343 ’ολυμπιακοὺς
1870 1270 2028 1343 ἀθλη-

436 1359 536 1422 τάς
562 1362 640 1422 είς
668 1361 834 1430 μέσον
866 1357 960 1411 τοῦ
1000 1357 1225 1429 θεάτρου
1252 1356 1401 1428 [109]
1436 1355 1698 1420 ἑστῶτας.
1724 1359 1781 1409 ἐν
1813 1373 2027 1427 μεσημ-

438 1442 567 1513 ὅρίᾳ
612 1442 753 1514 μέσῃ
800 1440 1055 1513 καθάπερ
1108 1444 1166 1495 ἐν
1218 1440 1434 1510 καμίνῳ
1473 1440 1553 1510 τῷ
1601 1432 1886 1510 σκάμματι
1934 1441 2027 1494 καὶ⁵

436 1524 630 1596 γυμνῷ
655 1526 731 1596 τῷ
764 1523 975 1596 σώματι
1004 1524 1105 1597 τὴν
1138 1525 1331 1579 ἀκτῖνα
1362 1523 1707 1594 δεχομένους,
1724 1523 1914 1595 ῶσπερ
1948 1542 2028 1578 τι-

440 1607 536 1671 νάς
575 1609 895 1681 ἀνδριάντας
935 1608 1173 1680 χαλκοῦς
1206 1609 1300 1662 καὶ
1330 1608 1467 1680 ἡλίῳ
1505 1608 1601 1662 καὶ
1630 1608 1896 1681 κονιορτῷ
1931 1611 2027 1663 καὶ

438 1695 619 1759 πνίγει
651 1694 1016 1764 μαχομένους,
1037 1694 1124 1746 ἵνα
1141 1693 1240 1764 τὴν
1257 1691 1497 1746 τοσαῦτα
1526 1691 2025 1764 ταλαιπωρήσασαν

437 1776 678 1847 κεφαλὴν
719 1775 938 1846 φύλλοις
972 1776 1179 1848 δάφνης
1217 1775 1629 1846 ἀναδὴσωνται;
1674 1776 1832 1846 Ὑμῖν
1865 1776 1922 1830 δέ
1962 1776 2023 1830 οὑ

436 1860 697 1928 στέφανος
741 1860 979 1933 δάφνης,
1023 1860 1160 1914 ἀλλά
1205 1860 1469 1929 στέφανος
1506 1858 1853 1933 δικαιοσύνης
1893 1863 2026 1932 πρό-

437 1960 615 1997 κειται
658 1943 760 2014 τῆς
800 1944 1118 2015 ἀκροάσεως
1143 1943 1172 1996 0
1204 1942 1415 2015 μισθὸς,
1450 1942 1543 1995 καὶ
1575 1942 1696 1995 οὐδὲ
1729 1944 1888 2014 μέχρι
1931 1960 2021 2013 με-

437 2026 716 2098 σημϐρίας
768 2027 943 2098 μέσης
994 2028 1139 2097 ὑμᾶς
1184 2027 1510 2097 κατέχομεν,
1558 2025 1675 2080 ἀλλ’
1713 2026 1809 2081 ἀπ’
1844 2027 2023 2081 αὑτῶν

434 2111 543 2165 τῶν
570 2111 870 2183 προοιμίων
893 2112 993 2183 τῆς
1014 2112 1287 2183 ὑμετέρας
1307 2111 1469 2164 ἕνεκα
1494 2110 1788 2182 ὀλιγωρίας
1814 2110 2025 2179 διαφίε-

439 2213 567 2265 μεν,
611 2195 691 2248 ἔτι
728 2195 822 2249 τοῦ
858 2197 1022 2268 ἀέρος
1058 2196 1212 2265 δντος
1260 2195 1641 2267 ψυχροτέρου,
1689 2195 1784 2248 καὶ
1819 2195 1880 2248 οὐ
1908 2194 2024 2250 δια-

434 2279 864 2350 θερμαινομένου
918 2282 1038 2343 ταῖς
1088 2279 1195 2333 ἀπὸ
1237 2278 1344 2332 τῶν
1390 2279 1627 2332 ἀκτίνων
1685 2277 1906 2349 βολαῖς,
1960 2279 2021 2332 οὑ

433 2364 616 2433 γυμνῇ
647 2365 712 2433 τῇ
753 2361 963 2434 κεφαλῇ
1000 2361 1317 2426 κελεύοντες
1349 2361 1494 2432 ὑμᾶς
1521 2361 1618 2432 τὴν
1649 2363 1843 2416 ἀκτῖνα
1876 2362 2025 2433 δέχεο

435 2444 581 2507 σθαι,
603 2444 718 2497 ἀλλ’
750 2446 859 2499 ὑπὸ
886 2446 975 2499 τὸν
1001 2445 1315 2517 θαυμαστὸν
1344 2444 1534 2499 τοῦτον
1562 2445 1769 2516 ἄγομεν
1802 2445 2019 2517 ὄροφον,

433 2527 529 2579 καί
552 2529 651 2599 τὴν
674 2529 781 2581 ἀπὸ
796 2532 895 2597 τῆς
916 2528 1113 2599 στέγης
1132 2528 1449 2599 παρέχομεν
1481 2527 1837 2601 παραμυθίαν
1858 2530 2023 2583 παντὶ⁵

434 2612 623 2683 τρόπῳ
664 2611 1006 2676 ἐπινοοῦντες
1036 2614 1164 2682 ὑμῖν
1203 2612 1409 2677 ἄνεσιν,
1442 2610 1583 2665 ὥστε
1632 2613 1885 2681 γενέσθαι
1913 2614 2021 2668 τῶν

433 2693 742 2767 λεγομένων
774 2695 999 2767 μόνιμον
1039 2698 1139 2765 τὴν
1174 2695 1457 2767 ἀκρόασιν.
1506 2695 1598 2767 Μὴ
1636 2696 1699 2766 δὴ
1736 2696 2021 2768 γενώμεθα

441 2778 817 2851 μαλακώτεροι
854 2779 964 2833 τῶν
992 2780 1220 2833 παιδίων
1246 2778 1355 2833 τῶν
1391 2779 1680 2852 ἡμετέρων
1700 2780 1807 2834 τῶν
1834 2782 1915 2846 είς
1942 2782 2021 2836 δι-

436 2862 732 2917 δασκαλεῖα
780 2861 1139 2933 βαδιζόντων·
1175 2865 1361 2917 ἐκεῖνα
1400 2862 1506 2933 πρὸ
1537 2863 1640 2933 τῆς
1671 2865 2021 2936 μεσημϐρίας

434 2948 496 2999 οὐ
520 2947 692 3019 τολμᾷ
714 2947 1070 3019 ἀναχωρῆσαι
1092 2947 1299 3010 οἶκαδε,
1330 2946 1446 3001 ἀλλ’
1476 2946 1603 3019 ἄρτι
1631 2945 1725 3000 τοῦ
1748 2949 2020 3017 γάλακτος

435 3030 882 3094 ἀποσπασθέντα,
916 3030 1042 3104 ἄρτι
1084 3030 1183 3104 τῆς
1217 3029 1389 3103 θηλῆς
1426 3031 1762 3096 ἀποστάντα,
1806 3032 2021 3087 οὐδέπω

433 3114 552 3168 οὐδὲ
584 3115 749 3168 πέντε
775 3114 914 3169 ἐτῶν
942 3114 1158 3187 ἡλικίαν
1189 3116 1409 3183 ἄγοντα,
1433 3116 1490 3168 ἐν
1510 3114 1688 3187 νεαρῷ
1710 3116 1803 3170 καὶ
1825 3116 2019 3189 ἁπαλῷ

440 3196 652 3268 σώματι
684 3200 866 3253 πᾶσαν
890 3198 1191 3272 καρτερίαν
1226 3198 1631 3252 ἐπιδείκνυται·
1669 3200 1773 3253 κᾶν
1805 3202 2015 3270 πνῖγος,

433 3281 535 3335 κᾶν
572 3281 746 3353 δίψος,
778 3283 883 3337 κᾶν
912 3282 1042 3338 ἄλλο
1066 3281 1245 3337 ὁτιοῦν
1279 3283 1609 3355 παρενοχλῇ,
1638 3284 1773 3355 πρὸς
1800 3301 2018 3355 μεσημ‹

436 3366 598 3436 δρίαν
632 3367 804 3438 μέσην
830 3366 1202 3439 διακαρτερεῖ,
1249 3367 1343 3420 καὶ
1393 3366 1819 3439 ταλαιπωρεῖται
1854 3370 1911 3424 ἐν
1939 3367 2017 3439 τῷ

431 3449 787 3520 διδασκαλείῳ
831 3448 1136 3519 καθήμενα.
1180 3449 1242 3502 Et
1296 3450 1390 3503 καὶ
1432 3449 1636 3521 μηδένα
1679 3445 1773 3506 οῦν
1806 3450 2013 3523 ἕτερον,

432 3533 614 3584 ἐκεῖνα
651 3529 1022 3603 μιμησώμεθα
1064 3530 1133 3585 τὰ
1171 3531 1362 3587 παιδία
1415 3533 1576 3603 ἡμεῖς
1621 3534 1669 3586 οἱ
1722 3532 1916 3605 ἄνδρες
1966 3536 2016 3589 οἱ

434 3613 738 3680 φθάσαντες
783 3615 863 3678 εἰς
914 3614 1114 3688 μέτρον
1142 3615 1380 3686 ἡλικίας.
1412 3616 1477 3669 Εἰ
1516 3614 1626 3687 γὰρ
1664 3619 1789 3680 τοὺς
1826 3617 2016 3686 λόγους

431 3698 558 3760 τούς
599 3693 726 3768 περὶ
761 3698 965 3771 ἀρετῆς
1016 3698 1091 3770 μὴ
1123 3698 1431 3769 ἀνεχόμεθα
1472 3699 1713 3767 ἀκούειν,
1765 3701 1846 3765 τίς
1885 3704 2016 3775 ἡμῖν

440 3780 724 3834 πιστεῦσαι
750 3781 1061 3854 δυνήσεται,
1091 3783 1170 3838 ὅτι
1203 3783 1329 3846 τοὺς
1353 3782 1549 3847 πόνους
1577 3784 1705 3847 τοὺς
1728 3784 1867 3856 ὑπὲρ
1913 3787 2011 3857 τῆς

424 3864 635 3936 ἀρετῆς
685 3865 1100 3938 ὑπομενεῦμεν;
1151 3868 1201 3921 εί
1250 3866 1386 3938 πρὸς
1432 3867 1533 3939 τὴν
1574 3868 1837 3940 ἀκρόασιν
1873 3868 2016 3925 οὑτω

434 3950 728 4019 βάναυσοι,
761 3950 924 4004 πόθεν
949 3951 1128 4023 δῆλον,
1170 3952 1252 4004 ὅτι
1295 3950 1431 4021 πρὸς
1474 3950 1573 4022 τὴν
1604 3952 1806 4022 πρᾶξίν
1846 3956 2016 4026 ἐσμεν

431 4033 648 4105 διεγηγε
660 4034 880 4106 ρμένοι;
922 4038 970 4089 εί
1000 4036 1062 4089 τὸ
1089 4034 1460 4106 εὐκολώτερον
1484 4035 2010 4108 παραπεμψώμεθα,
2050 4098 2055 4103 ,

432 4118 549 4180 πῶς
577 4119 638 4170 τὸ
664 4117 1065 4190 δυσκολώτερον
1092 4119 1348 4189 οἴσομεν;
1385 4118 1547 4172 Ἀλλά
1573 4120 1741 4193 πολλὴ
1770 4123 1804 4191 ἡ
1834 4138 2014 4176 στενο-

431 4202 628 4272 χωρία,
664 4201 835 4273 πολλὴ
864 4203 897 4274 ἡ
931 4201 1040 4272 βία.
1087 4202 1226 4254 Ἀλλ’
1263 4202 1495 4255 ἄκουσον
1531 4203 1611 4256 ὅτι
1650 4203 1867 4273 βιασταὶ
1912 4206 2013 4276 ἀρ-

431 4284 665 4348 πάζουσι
696 4283 797 4354 τὴν
824 4284 1100 4355 βασιλείαν
1132 4283 1243 4337 τῶν
1293 4284 1569 4356 οὐρανῶν,
1605 4286 1686 4340 ὅτι
1718 4287 1876 4357 στενὴ
1918 4289 2013 4343 καὶ

431 4367 763 4439 τεθλιμμένη
789 4370 821 4440 ἡ
848 4368 964 4433 ὁδὸς
993 4370 1027 4440 ἡ
1059 4368 1351 4438 ἀπάγουσα
1396 4368 1478 4431 εἰς
1518 4367 1616 4439 τὴν
1648 4367 1813 4441 ζωήν.
1858 4370 2012 4425 Ἐπεὶ

430 4446 523 4504 οὖν
552 4451 741 4523 στενὴν
774 4452 868 4506 καὶ
882 4451 1252 4523 τεθλιμμένην
1273 4450 1391 4504 ὁδὸν
1416 4449 1728 4522 βαδίζομεν,
1759 4451 1842 4505 δεῖ
1862 4453 2009 4523 ἡμᾶς

432 4534 525 4588 καὶ
561 4534 790 4597 ἑαυτοὺς
825 4538 1176 4606 στενοχωρεῖν
1208 4534 1303 4589 καὶ
1324 4533 1549 4598 θλίϐειν,
1576 4534 1663 4587 ἴνα
1692 4534 2010 4608 δυνηθῶμεν

430 4614 700 4668 διοδεῦσαι
734 4618 835 4687 τὴν
877 4617 1069 4689 στενὴν
1103 4618 1195 4671 καὶ
1233 4615 1603 4688 τεθλιμμένην
1635 4617 1773 4671 ὀδόν.
1817 4618 1875 4671 '0
1902 4619 2010 4689 γὰρ

431 4697 788 4768 ἐμπλατύνων
831 4700 1041 4765 ἐαυτὸν,
1091 4702 1192 4753 οὐκ
1228 4700 1294 4754 ἀν
1317 4700 1459 4753 οὑτω
1498 4700 1696 4772 ῥαδίως
1724 4700 1823 4773 τὴν
1860 4702 2011 4754 ἐστε-

430 4780 679 4852 νωμένην
719 4781 838 4835 000v
881 4781 1200 4855 διαδράμοι,
1238 4782 1352 4837 ἀλλ’
1383 4786 1411 4838 ὀ
1444 4784 1700 4854 συνέχων,
1756 4786 1849 4839 καὶ
1884 4784 2011 4841 ιθλί-

429 4866 559 4933 εων,
590 4866 685 4920 καλ¹
715 4866 937 4933 πιέζων.

502 4996 568 5067 β’.
597 4996 731 5051 Οὑδέ
756 4997 862 5070 γὰρ
886 4997 1141 5071 περὶτῶν
1166 4998 1435 5068 τυχόντων
1458 4996 1605 5050 ἐστὶν
1630 4996 1763 5068 ἡμῖν
1787 4997 1819 5067 ἡ
1849 4996 2010 5068 ζὴτη-

432 5099 513 5146 σις
535 5084 795 5155 τήμερον,
822 5082 937 5136 ἀλλ’
958 5082 1100 5153 ὑπὲρ
1131 5081 1267 5152 ζητὴ
1278 5097 1446 5151 ματος
1468 5079 1568 5149 τὴν
1589 5080 1766 5151 ἀρχὴν
1789 5079 1889 5150 μὲν
1910 5080 2009 5132 λα-

430 5166 616 5229 ϐόντος
653 5166 799 5237 χθὲς,
824 5167 924 5237 τὴν
952 5165 1008 5219 δὲ
1049 5165 1203 5219 λύσιν
1228 5163 1303 5236 μὴ
1337 5163 1596 5227 λαϐόντος
1630 5163 1720 5216 διὰ
1742 5164 1803 5216 τὸ
1838 5162 2007 5217 πολλά

429 5250 680 5319 γενέσθαι
718 5251 787 5303 τά
822 5249 1215 5322 προϐληθέντα.
1264 5247 1330 5301 Τί
1372 5247 1438 5319 δὴ
1493 5246 1649 5302 τοῦτό
1681 5249 1827 5311 ἐστι;
1871 5247 2010 5318 Περὶ

426 5334 530 5404 τῆς
556 5333 967 5405 τῶνιόνομάτων
994 5332 1197 5397 θέσεως
1221 5331 1543 5403 ἐζητοῦμεν,
1574 5330 1718 5401 ἀπερ
1769 5328 2008 5399 ἐπέθηκε

426 5409 540 5481 τοῖς
558 5417 740 5487 ἁγίοις
765 5419 793 5471 0
820 5417 971 5482 Θεός.
1003 5416 1173 5471 Τοῦτο
1195 5415 1250 5470 δὲ
1275 5415 1337 5469 τὸ
1358 5416 1592 5487 πρᾶγμα
1618 5412 1767 5466 δοκεῖ
1788 5411 1888 5483 μὲν
1920 5411 2010 5481 ψι-

428 5500 517 5554 λὸν
543 5498 705 5562 εἶναι,
735 5502 789 5555 εῖ
823 5518 906 5566 τις
945 5499 1201 5555 ἀκούσειε
1221 5518 1234 5531 ·
1273 5500 1442 5553 πολὺν
1466 5498 1524 5552 δὲ
1552 5496 1668 5568 ἔχει
1709 5494 2004 5567 θησαυρὸν,

429 5586 482 5639 εί
503 5601 586 5646 τις
621 5584 761 5655 μετά
783 5584 1066 5655 ἀκριϐείας
1096 5584 1373 5656 προσέχοι.
1404 5583 1513 5637 Καὶ
1541 5581 1651 5652 γὰρ
1676 5581 1773 5651 τὴν
1813 5580 2007 5650 χρυσῖ-

429 5683 512 5724 τιν
544 5667 648 5737 γῆν
676 5667 774 5737 τὴν
805 5669 861 5720 ἐν
893 5670 1007 5730 τοῖς
1040 5668 1323 5738 μετάλλοις
1361 5666 1619 5736 κειμένην
1644 5664 1693 5716 οἱ
1726 5662 1823 5733 μὲν
1848 5661 2007 5716 ἀπει-

430 5768 515 5821 ροι
547 5749 637 5805 καὶ
681 5748 864 5814 ἁπλῶς
893 5749 1125 5820 ὁρῶντες
1169 5751 1272 5819 γῆν
1320 5748 1632 5818 νομίζουσιν
1664 5740 1801 5798 εἶναι
1845 5742 2006 5814 μόνον

1158 329 1214 387 S.
1255 328 1535 387 IOANNIS
1577 329 2067 390 CﬂRYSOSTOMl
2108 330 2427 390 ARCHIEP.
2467 326 3016 401 CONbTANTlNOP.

3518 324 3718 389 _1&’B

2134 432 2315 504 ψιλὴν,
2362 435 2456 489 καὶ
2492 435 2646 490 οὐδὲν
2677 435 2837 490 πλέον
2872 436 3017 506 ἔχειν
3050 434 3150 504 τῆς
3181 432 3372 505 ἐτέρας
3393 451 3406 465 ο
3429 436 3476 487 οἱ
3510 435 3566 490 δὲ
3600 442 3710 505 τοῖς

2131 525 2431 597 ὀφθαλμοῖς
2450 530 2550 600 τῆς
2569 527 2764 597 τέχνης
2793 526 3304 598 καταμανθάνοντες
3327 525 3473 579 ἴσασι
3494 527 3591 598 τῆς
3611 529 3719 599 γῆς

2130 617 2336 689 ταύτης
2357 617 2457 691 τὴν
2484 619 2789 687 εὐγένειαν,
2808 620 2903 672 καὶ
2924 618 3001 689 τῷ
3027 619 3162 689 πυρὶ
3188 617 3523 689 παραδόντες
3549 619 3715 692 αὐτῆς

2130 708 2230 779 τὴν
2264 708 2520 779 βάσανον,
2545 709 2763 763 ἃπασαν
2786 710 2955 779 αὐτῆς
2985 709 3385 763 ἐκκαλύπτουσι
3424 708 3523 781 τὴν
3552 710 3717 783 ὑπερο

2130 801 2283 872 οχήν.
2313 799 2469 853 Οὖτω
2513 800 2578 872 δὴ
2610 800 2705 854 καὶ
2744 801 2837 853 ἐπὶ
2881 800 2991 853 τῶν
3024 800 3183 854 θείων
3222 800 3486 872 Γραφῶν,
3516 802 3566 855 οί
3619 800 3716 871 μὲν

2131 894 2316 959 ἁπλῶς
2361 891 2510 965 [HO]
2553 892 3022 961 ἀναγινώσκοντες
3053 892 3121 946 τὰ
3164 893 3469 963 γράμματα
3490 932 3504 955 ,
3530 894 3714 965 γράμ-

2131 1004 2277 1059 ματα
2299 984 2438 1040 εἶναι
2459 985 2743 1056 νομίζουσι
2770 985 2903 1055 ψιλά
2930 986 3024 1040 καὶ
3051 984 3161 1038 τῶν
3191 984 3365 1040 ἄλλων
3387 985 3549 1039 πλέον
3570 985 3714 1057 ἔχειν

2128 1078 2280 1133 οὐδέν
2300 1094 2314 1110 ο
2344 1080 2395 1131 οἱ
2430 1078 2486 1131 δὲ
2514 1080 2625 1141 τοῖς
2653 1077 2753 1146 τῆς
2787 1078 3024 1142 πίστεως
3052 1076 3351 1149 ὀφθαλμοῖς
3379 1077 3518 1132 αὑτά
3546 1096 3713 1133 κατα-

2134 1168 2519 1238 μανθάνοντες,
2550 1166 2802 1240 καθάπερ
2836 1170 3036 1223 ἐκεῖνοι
3062 1171 3174 1232 τοῖς
3196 1169 3296 1238 τῆς
3324 1168 3522 1240 τέχνης
3545 1169 3708 1242 ὀργά-

2129 1277 2262 1324 νοις,
2309 1261 2443 1332 πυρῖ
2481 1259 2578 1314 τοῦ
2609 1261 2928 1331 Πνεύματος
2970 1258 3359 1331 παραδιδόντες
3397 1259 3578 1313 αὑτῶν
3613 1259 3713 1332 τὴν

2131 1353 2396 1420 ἐξέτασιν,
2428 1352 2644 1408 ἅπαντα
2669 1353 2760 1406 τὸν
2795 1352 2997 1424 χρυσὸν
3026 1353 3206 1407 αὐτῶν
3237 1352 3455 1423 δψονται
3490 1354 3707 1425 ῥᾳδίως.

2131 1443 2304 1497 Πόθεν
2328 1439 2421 1497 οὑν
2448 1446 2482 1516 ἡ
2523 1444 2666 1515 ἀρχὴ
2702 1445 2803 1515 τῆς
2828 1443 3112 1515 ζητήσεως
3132 1443 3393 1513 γέγονεν;
3433 1444 3568 1498 Οὐδέ
3601 1444 3711 1517 γάρ

2130 1534 2316 1599 ἁπλῶς
2347 1536 2687 1606 ἐνεπέσαμεν
2720 1538 2799 1600 είς
2827 1536 2925 1607 τὴν
2955 1537 3339 1610 πραγματείαν
3365 1536 3589 1608 ταύτην,
3624 1536 3709 1589 ἵνα

2131 1628 2205 1696 μή
2235 1643 2320 1690 τις
2348 1625 2509 1697 ἡμῶν
2545 1626 2803 1698 ἀκαιρίαν
2839 1623 3224 1699 καταγινώσκῃ
3245 1643 3258 1656 ⁸
3290 1626 3405 1681 ἀλλ’
3429 1627 3707 1698 ἐπεθυμή-

2129 1734 2305 1789 σαμεν
2326 1720 2502 1772 εἰπεῖν
2529 1718 2598 1771 τὰ
2627 1717 2840 1772 Παύλου
2875 1716 3302 1790 κατορθώματα,
3324 1710 3706 1791 τ’ῶνΠράξεων

2125 1810 2234 1865 τῶν
2286 1811 2666 1865 ἀποστολικῶν
2723 1813 2853 1883 ὑμῖν
2912 1811 3514 1883 ὑπαναγινωσκομένων
3539 1852 3557 1875 ,
3616 1814 3708 1866 καὶ

2126 1902 2383 1974 ἡψάμεθα
2407 1903 2503 1957 τοῦ
2529 1904 2817 1976 προοιμίου
2843 1904 2943 1975 τῆς
2966 1904 3208 1977 ἱστορίας
3229 1921 3242 1935 ·
3262 1904 3509 1976 ηὑραμεν
3531 1904 3586 1959 δέ
3610 1904 3707 1975 τὴν

2125 1994 2300 2066 ἀρχὴν
2342 1993 2435 2047 τοῦ
2483 1994 2821 2066 διηγήματος
2861 1994 3034 2058 οὑτως
3080 1994 3344 2065 ἔχουσανο
3380 1994 3615 2058 Σαῦλες
3639 1992 3706 2046 δὲ

2124 2085 2210 2138 ἔτι
2254 2084 2531 2153 ἐμπνέων
2569 2084 2827 2153 ἀπειλῆς
2860 2086 2956 2138 καί
3003 2086 3195 2153 φόνου
3228 2088 3315 2151 εις
3353 2083 3493 2151 τοὺς
3523 2087 3707 2154 μαθη-

2125 2176 2234 2243 τὰς
2260 2176 2367 2233 τοῦ
2396 2179 2639 2247 Κυρίου.
2660 2178 2877 2243 Εὐθέως
2906 2180 3050 2251 ὑμᾶς
3073 2179 3386 2252 διετάραξεν
3413 2181 3447 2251 ἡ
3473 2178 3564 2233 τοῦ
3590 2179 3702 2232 ὀνό-

2128 2288 2298 2341 ματος
2341 2270 2640 2343 ἐναλλαγίγ
2687 2272 3011 2344 εὑρίσκομεν
3037 2271 3141 2342 γὰρ
3161 2272 3219 2325 ἐν
3232 2270 3702 2337 ταῖςἝπιστολαῖς

2124 2363 2398 2428 ἀπάσαις,
2435 2364 2532 2418 καὶ
2566 2365 2624 2416 ἐν
2662 2366 2778 2428 τοῖς
2808 2364 3114 2436 προοιμίοις
3147 2362 3376 2427 ἐκείνοις
3408 2363 3470 2417 οὑ
3500 2361 3702 2416 Σαῦλον

2125 2454 2309 2515 αὐτὸν.
2350 2455 2487 2509 ἀλλά
2532 2454 2745 2508 Παῦλον
2774 2454 3128 2526 καλούμενον,
3162 2453 3441 2508 καὶτοῦτο
3468 2453 3569 2508 οὑκ
3610 2453 3704 2507 ἐπὶ

2122 2547 2315 2601 τούτου
2364 2548 2552 2619 μόνου,
2584 2547 2719 2601 ἀλλά
2749 2548 2843 2601 καὶ
2872 2546 2965 2602 ἐπὶ
3018 2546 3227 2600 πολλῶν
3262 2546 3462 2619 ἐτέρων
3486 2546 3703 2617 γινόμε-

2122 2658 2230 2695 νον.
2269 2641 2378 2695 Καὶ
2408 2640 2517 2712 γὰρ
2559 2639 2655 2693 καὶ
2681 2641 2709 2692 0
2743 2639 2947 2710 Πέτρος
2982 2639 3165 2709 Σίμων
3188 2638 3407 2708 ἐλέγετο
3446 2638 3550 2710 πρὸ
3577 2638 3705 2692 τού-

2120 2749 2215 2786 του
2239 2774 2253 2796 ,
2282 2733 2377 2787 καὶ
2401 2733 2469 2787 τά
2508 2732 2675 2786 τέκνα
2708 2731 2992 2785 Ζεϐεδαίου
3032 2731 3284 2796 Ἰάκωϐος
3321 2733 3418 2785 καὶ
3452 2730 3707 2801 Ἰωάννης

2123 2824 2244 2878 Υἱοὶ
2294 2824 2525 2896 βροντῆς
2563 2824 3068 2897 μετωνομάσθησαν
3105 2823 3356 2897 ὕστερον,
3400 2823 3497 2878 καὶ
3538 2825 3596 2877 ἐν
3634 2827 3702 2894 τῇ

2122 2916 2338 2988 Παλαιᾷ
2364 2916 2508 2969 δὲτὸ
2547 2916 2668 2979 ἔθος
2697 2914 2827 2970 αὐτὸ
2860 2914 3016 2969 τοῦτο
3067 2915 3165 2969 ἴδοι
3202 2932 3287 2979 τις
3311 2915 3377 2970 ἀν
3424 2916 3510 2968 ἐπ’
3546 2914 3703 2969 ἐνίων

2121 3009 2404 3080 κρατῆσαν
2426 3024 2439 3037 ·
2466 3007 2561 3060 καὶ
2589 3006 2699 3078 γὰρ
2725 3007 2753 3059 0
2790 3004 3040 3077 Ἀϐραὰμ
3064 3005 3329 3078 πρότερον
3369 3003 3582 3076 Ἀϐράμ
3609 3005 3701 3057 λε-

2120 3099 2350 3171 γόμενος
2381 3098 2521 3170 μετά
2563 3097 2738 3152 ταῦτα
2794 3096 3047 3168 Ἀϐραὰμ
3079 3096 3347 3161 ἐκαλεῖτο,
3392 3094 3486 3149 καὶ
3517 3096 3702 3169 Σάρρα

2121 3194 2228 3265 πρὸ
2272 3194 2462 3247 τούτου
2500 3193 2671 3265 Σάρα,
2717 3190 2855 3263 μετά
2880 3190 2936 3244 δέ
2966 3189 3138 3243 ταῦτα
3165 3191 3351 3261 Σάρρα
3383 3189 3699 3260 ὠνομάσθη,

2120 3287 2216 3339 καὶ
2242 3285 2271 3337 0
2313 3284 2507 3340 Ἰακὼϐ
2532 3284 2587 3338 δέ
2613 3283 2753 3355 μετά
2782 3283 2955 3336 ταῦτα
2995 3281 3212 3353 Ἰσραὴλ
3238 3281 3698 3355 προσηγορεύετο’

2119 3384 2320 3438 ἄτοπον
2353 3378 2447 3436 οῦν
2477 3379 2654 3446 ἔδοξεν
2674 3381 2809 3451 ἡμῖν
2840 3376 2977 3432 εἶναι
3005 3376 3260 3431 τοσοῦτον
3294 3376 3576 3449 ὀνομάτων
3606 3377 3702 3450 θη-

2121 3475 2322 3547 σαυρὸν
2350 3472 2733 3545 παραδραμεῖν
2777 3470 2985 3535 ἁπλῶς.
3023 3467 3194 3522 Τοῦτο
3238 3466 3295 3521 δὲ
3341 3468 3436 3521 καὶ
3477 3468 3570 3522 ἐπὶ
3599 3469 3701 3539 ἀρ-

2117 3569 2321 3641 χόντων
2350 3566 2457 3620 τῶν
2500 3564 2699 3630 ἔξωθεν
2725 3563 3022 3635 συμϐαῖνον
3050 3560 3201 3631 εὖροι
3227 3576 3310 3624 τις
3334 3559 3434 3614 ἄν·
3464 3560 3559 3613 καὶ
3588 3559 3701 3629 γὰρ

2118 3660 2211 3715 καὶ
2243 3658 2474 3721 ἐκείνοις
2521 3654 2743 3719 διπλοῦς
2771 3655 2799 3707 ὀ
2832 3651 3221 3725 χρηματισμὸς
3250 3649 3359 3703 τῶν
3392 3649 3694 3720 ὀνομάτων.

2118 3753 2261 3823 Ὅρα
2302 3751 2393 3805 δέ·
2430 3748 2781 3814 Διεδέξατο,
2828 3745 2995 3817 φησὶ,
3035 3744 3142 3799 τὸν
3173 3743 3410 3812 Φήλικα
3449 3743 3699 3811 Πόρτιος

2115 3843 2385 3913 Φῆστος·
2417 3843 2513 3898 καὶ
2543 3840 2704 3904 πάλιν
2723 3880 2738 3906 ,
2774 3836 2982 3906 Συνῆν
3009 3854 3099 3902 τις
3124 3833 3203 3901 τῷ
3234 3831 3556 3899 ἀνθυπάτῳ
3592 3848 3698 3885 κα-

2114 3936 2393 4007 λουμένῳ
2416 3932 2639 4003 Σεργίῳ
2665 3931 2886 3997 Παύλῳ
2905 3948 2917 3961 ο
2948 3929 3042 3983 καὶ
3071 3928 3100 3979 0
3127 3925 3217 3979 τὸν
3240 3923 3478 3997 Χριστὸν
3506 3923 3695 3985 ἐκδοὺς

2114 4032 2227 4094 τοῖς
2261 4027 2539 4090 Ἰουδαίοις
2577 4024 2800 4086 Πόντιος
2833 4020 3064 4084 Πιλάτος
3087 4018 3324 4088 ἐλέγετο.
3355 4017 3431 4072 Οὑ
3453 4019 3565 4080 τοῖς
3596 4015 3694 4087 ἄρα

2113 4139 2267 4193 χουσι
2305 4120 2362 4173 δὲ
2405 4117 2588 4190 μόνον,
2609 4113 2748 4170 ἀλλά
2780 4115 2874 4168 καὶ
2904 4116 3015 4176 τοῖς
3042 4108 3403 4184 στρατιώταις
3436 4107 3693 4169 πολλάκις

2111 4214 2275 4269 διπλᾶ
2306 4212 2375 4266 τά
2413 4209 2674 4280 ὀνόματα,
2723 4206 2818 4259 καὶ
2841 4206 2954 4267 τοῖς
2986 4202 3076 4257 τὸν
3115 4200 3387 4255 ἰδιωτικὸν
3414 4199 3684 4274 ἀνῃρημέ-

2110 4322 2223 4369 νοις
2255 4303 2369 4375 βίον
2403 4300 2513 4355 ἀπὸ
2537 4297 2713 4361 αίτίας
2756 4294 2902 4357 τινὸς
2946 4296 3039 4349 καὶ
3069 4292 3374 4357 ὑποθέσεως
3403 4291 3566 4362 διπλῆ
3597 4290 3693 4359 γέ·-

2111 4399 2332 4470 γονειὴ
2366 4390 2729 4470 προσηγορία.
2773 4388 2915 4444 Ἀλλ’
2954 4386 3096 4460 ὑπὲρ
3131 4387 3230 4458 μὲν
3271 4386 3498 4441 ἐκείνων
3540 4385 3692 4441 οὐδὲν

2112 4497 2246 4568 ἡμῖν
2278 4492 2471 4562 ὄφελος
2498 4489 2684 4559 ζητεῖν
2709 4486 2873 4540 πόθεν
2902 4483 3079 4547 οὑτως
3105 4481 3418 4554 ἐκλήθησαν
3438 4500 3452 4515 ·
3482 4483 3612 4537 ὅταν
3634 4482 3690 4538 δὲ

2110 4591 2139 4643 0
2170 4587 2304 4651 Θεὸς
2326 4581 2603 4656 ὀνομάζῃ,
2647 4581 2828 4634 πᾶσαν
2863 4576 3269 4631 ἐπιδείκνυσθαι
3309 4575 3545 4649 σπουδὴν
3584 4576 3691 4649 χρὴ

2110 4683 2186 4747 ὡς
2212 4682 2396 4753 εὑρεῖν
2426 4677 2523 4750 τὴν
2558 4674 2757 4730 αἰτίαν.

2181 4795 2348 4850 Οὐδὲν
2375 4792 2484 4864 γάρ
2507 4788 2692 4852 ἁπλῶς
2718 4784 2840 4839 οὔτε
2865 4784 2990 4855 είκῆ
3014 4783 3137 4837 οὑτε
3163 4784 3336 4837 ποιεῖν
3361 4780 3483 4835 οὔτε
3510 4781 3691 4850 λέγειν
3712 4770 3719 4775 ’

2108 4890 2137 4942 ὀ
2168 4888 2301 4950 Θεὸς
2334 4882 2525 4937 εἴωθεν
2547 4923 2561 4948 ,
2600 4878 2715 4934 ἀλλ’
2749 4877 2982 4932 ἕκαστον
3016 4877 3154 4947 μετά
3183 4875 3282 4946 τῆς
3313 4873 3463 4945 αὐτῷ
3515 4891 3691 4946 προσ-

2107 4980 2349 5053 ηκούσης
2392 4974 2603 5045 σοφίας.
2636 4973 2702 5025 Τί
2736 4971 2931 5042 δήποτε
2957 4964 3050 5023 οὑν
3090 4968 3292 5031 Σαῦλος
3318 4965 3566 5036 ἐλέγετο,
3600 4968 3689 5022 ὅτι

2110 5074 2352 5135 ἐδίωκεν,
2387 5069 2482 5124 καὶ
2515 5065 2727 5128 Παῦλος
2774 5060 3200 5135 μετωνομάσθη,
3239 5060 3329 5113 ὅτε
3365 5060 3688 5127 Enim-suas;

2108 5162 2268 5225 Τινές
2318 5175 2480 5228 φασιν
2526 5156 2607 5209 ὅτι
2660 5152 2824 5224 ἡνίκα
2871 5150 2971 5222 μὲν
3003 5147 3251 5220 ἐθορύϐει
3293 5148 3387 5202 καὶ
3423 5150 3686 5221 ἐτάραττε

2109 5254 2203 5309 καὶ
2238 5250 2489 5321 συνέχεεν
2516 5247 2730 5301 ἀπαντα
2749 5284 2765 5309 ,
2795 5244 2889 5296 καὶ
2916 5240 3015 5313 τὴν
3061 5240 3389 5313 Ἐκκλησίαν
3437 5241 3683 5308 ἐσάλευε,

2110 5346 2309 5408 Σαῦλος
2347 5342 2581 5410 ἐλέγετο,
2607 5336 2675 5393 δι’
2704 5334 2837 5391 αὑτό
2866 5334 3025 5389 τοῦτο
3051 5334 3114 5387 τὸ
3148 5333 3400 5389 σαλεύειν
3429 5335 3528 5406 τὴν
3565 5334 3688 5387 Ἕκα

2109 5437 2360 5510 κλησίαν,
2405 5433 2513 5488 ἀπὸ
2547 5430 2642 5485 τοῦ
2684 5430 3008 5502 πράγματος
3048 5425 3227 5481 λαϐὼν
3271 5428 3373 5499 τὴν
3410 5443 3684 5499 προσηγο-

2112 5531 2232 5605 ρίαν
2253 5546 2267 5560 ·
2303 5524 2490 5596 ἐπειδὴ
2513 5524 2570 5578 δὲ
2599 5522 2810 5590 ἀπέστη
2842 5520 2941 5591 τῆς
2980 5518 3179 5589 μανίας
3207 5518 3423 5591 ἐκείνης
3455 5517 3548 5573 καὶ
3587 5517 3685 5588 τὴν

2108 5622 2352 5694 ταραχὴν
2378 5617 2630 5681 ἀπέθετο,
2659 5615 2751 5668 καὶ
2785 5612 2875 5666 τὸν
2900 5611 3133 5683 πόλεμον
3155 5611 3439 5677 κατέλυσε,
3466 5609 3563 5664 καὶ
3589 5607 3686 5664 τοῦ

2109 5716 2325 5774 διώκειν
2359 5709 2656 5776 ἐπαύσατο,
2688 5706 2849 5761 πάλιν
2878 5702 3088 5769 Παῦλος
3118 5703 3225 5758 ἀπὸ
3251 5703 3346 5758 τοῦ
3375 5697 3689 5761 παύσασθαι
