4096 6222
312 383 408 438 195

299 533 532 572 mensam
563 529 848 586 apponam.
902 511 998 567 Vel
1051 509 1226 580 potius
1272 506 1322 560 id
1364 505 1506 574 agite
1530 545 1544 568 ,
1576 501 1717 573 quod
1748 513 1888 555 nunc

301 613 489 665 dicant.
537 609 641 663 Vos
670 607 759 678 qui
788 617 1075 674 numquam
1113 598 1313 669 expleri
1347 596 1568 666 potestis
1592 637 1606 660 ,
1639 593 1733 648 sed
1760 607 1888 647 esu-

303 703 412 756 ritis
437 699 720 771 justitiam,
750 712 812 752 ac
837 696 1017 760 sititis,
1059 692 1398 764 prolixosque
1427 699 1702 743 sermones
1726 699 1888 753 erpe-

303 797 404 850 titis
431 836 445 859 ,
489 801 708 862 propter
747 789 968 845 fratrum
1001 795 1298 840 vestrormn
1345 778 1765 837 imbecillitatem
1787 775 1887 830 ali-

300 887 417 956 quid
443 887 599 942 sinite
635 884 704 939 de
747 892 999 938 consueta
1038 879 1303 934 sermonis
1347 890 1596 932 mensura
1636 871 1887 929 resecari.

302 981 502 1033 llnrsus
535 991 633 1032 vos
659 975 748 1044 qui
781 974 1094 1029 brevitatem
1117 967 1372 1028 orationis
1398 965 1678 1030 adornatis,
1712 971 1766 1018 et
1791 963 1890 1017 im-

307 1069 602 1124 becilliores
627 1066 778 1131 estis,
811 1065 977 1135 gratia
1012 1062 1232 1119 fratrum
1263 1068 1582 1121 vestrorum,
1615 1055 1702 1126 qui
1730 1064 1889 1109 exsa—

303 1161 460 1215 turari
490 1175 592 1213 non
619 1165 860 1228 possunt,
881 1155 1121 1210 laborem
1144 1152 1394 1222 exiguum
1420 1149 1666 1210 tolerate,
1689 1153 1888 1200 vestra-

303 1266 402 1320 que
432 1250 657 1305 invicem
691 1263 852 1303 onera
886 1255 1092 1316 portate
1115 1284 1130 1309 ,
1179 1253 1339 1311 atque
1369 1241 1439 1294 ita
1471 1237 1674 1297 Christi
1715 1237 1890 1306 legem

303 1341 584 1412 adimplete
621 1338 763 1412 (Gal.
805 1336 970 1409 6.2).
1025 1335 1212 1390 Nonne
1252 1333 1444 1387 videtis
1489 1330 1892 1405 Olympicorum

306 1433 546 1488 ludorum
599 1430 826 1484 athletas
880 1429 930 1482 in
983 1427 1158 1482 medio
1204 1434 1407 1479 stantes
1457 1420 1663 1475 theatro
1696 1419 1748 1473 in
1779 1419 1894 1487 ipso

306 1523 524 1580 meridie
557 1531 822 1591 tamquam
855 1518 905 1572 in
960 1517 1172 1570 fornace
1217 1515 1269 1568 in
1307 1512 1479 1567 stadio
1514 1526 1577 1565 ac
1606 1510 1747 1564 nudo
1773 1525 1892 1563 cor-

315 1621 445 1681 pore
471 1605 606 1661 solis
635 1605 820 1660 radios
847 1603 1180 1672 excipientes
1208 1599 1361 1670 quasi
1390 1605 1601 1654 statuas
1623 1593 1888 1665 quasdam

313 1714 502 1760 aereas,
520 1705 571 1752 et
593 1712 715 1752 cum
749 1696 883 1759 sole,
907 1694 1148 1764 pulvere,
1176 1698 1421 1758 aestuque
1445 1701 1706 1758 pugnare.
1737 1692 1795 1736 ut
1817 1689 1895 1736 tot

314 1789 572 1845 sermonis
588 1797 839 1843 vexatum
864 1796 1026 1855 caput
1057 1783 1194 1838 lauri
1225 1781 1369 1836 foliis
1394 1777 1708 1835 coronetur?
1727 1775 1892 1835 Vobis

314 1895 495 1938 autem
521 1896 628 1937 non
648 1881 833 1934 laurea
857 1892 1082 1941 corona,
1107 1877 1199 1931 sed
1217 1874 1446 1945 justiti-.e
1463 1885 1666 1926 corona
1692 1869 1745 1922 in
1765 1881 1897 1938 pra:-

317 1975 482 2030 mium
520 1973 816 2028 auditionis
855 1981 938 2026 est
971 1969 1271 2041 proposita,
1327 1980 1504 2035 neque
1536 1964 1603 2018 ad
1653 1961 1894 2016 medium

316 2082 489 2137 usque
524 2065 799 2121 meridiem
835 2079 930 2118 vos
969 2061 1298 2126 detinemus,
1334 2058 1428 2114 sed
1474 2058 1542 2111 ab
1569 2055 1705 2127 ipsis
1756 2053 1896 2112 lucis

312 2158 553 2212 exordiis
581 2173 678 2211 vos
706 2157 1035 2210 dimittimus
1072 2162 1293 2224 propter
1319 2158 1557 2206 vestram
1598 2145 1894 2218 ignaviam,

310 2251 440 2301 dum
481 2250 661 2303 adhuc
679 2265 769 2302 aer
787 2257 868 2302 est
887 2247 1135 2316 frigidus,
1155 2241 1460 2312 nequedum
1482 2241 1759 2294 radiorum
1777 2253 1896 2293 cre-

312 2341 427 2394 bris
451 2339 695 2408 jactiiius
721 2337 1129 2393 ronealcfactus
1151 2352 1165 2402 ;
1185 2348 1293 2387 non
1317 2333 1496 2401 capite
1521 2330 1666 2385 nudo
1686 2345 1782 2384 vos
1805 2328 1897 2398 ju-

308 2433 505 2486 bemus
524 2431 656 2486 solis
675 2444 862 2485 aestum
877 2429 1147 2497 excipere,
1167 2427 1260 2481 Sed
1281 2426 1384 2482 sub
1399 2424 1657 2482 eximimn
1677 2423 1899 2492 laquear

307 2523 462 2579 istud
489 2523 832 2583 deducimus,
859 2535 1064 2590 vosque
1099 2518 1226 2573 tecti
1256 2516 1453 2573 solatio
1480 2522 1533 2569 et
1555 2527 1898 2585 quocumque

307 2631 513 2686 genere
533 2614 899 2682 iucunditatis
924 2629 952 2666 a
977 2613 1136 2668 nobis
1156 2612 1462 2680 excogitan
1485 2622 1818 2667 recreamus.
1840 2613 1897 2662 ut

307 2724 395 2772 ea,
422 2722 542 2777 quae
574 2707 720 2761 dicta
755 2704 983 2766 fuerint,
1014 2702 1218 2760 diutius
1255 2708 1308 2755 et
1338 2697 1682 2756 consmntius
1705 2696 1897 2753 audire

311 2799 556 2873 possitis.
582 2797 662 2854 Ne
686 2797 851 2866 igitur
881 2795 1125 2866 puerulis
1147 2793 1350 2849 nostris
1375 2790 1652 2845 molliores
1679 2788 1894 2851 fiamus,

307 2891 405 2960 qni
435 2890 656 2945 scholas
683 2887 1035 2958 frequentant
1065 2904 1078 2939 :
1113 2884 1190 2939 illi
1222 2891 1348 2937 ante
1373 2880 1650 2936 meridiem
1675 2878 1895 2933 donmm

311 2998 420 3038 non
441 2983 644 3036 audent
665 2981 862 3042 redire,
886 2978 978 3034 sed
1009 2993 1115 3032 non
1137 2977 1207 3030 ita
1226 2975 1432 3046 pridem
1457 2988 1485 3025 a
1507 2973 1644 3026 lacte
1660 2969 1894 3040 depulsi,

308 3074 476 3146 paulo
505 3085 628 3128 ante
643 3071 820 3126 avulsi
849 3070 915 3124 ab
933 3069 1121 3132 ubere,
1141 3083 1265 3122 cum
1285 3061 1778 3132 nondumquinque
1799 3075 1898 3113 an-

311 3178 510 3216 norum
529 3169 742 3216 tetatcm
763 3154 1369 3228 attigerint,injuvenili
1383 3169 1446 3208 ac
1461 3164 1652 3207 tenero
1668 3164 1897 3224 corpore

307 3255 665 3310 tolerantiam
697 3267 916 3307 onmem
950 3267 1062 3321 prae
1083 3265 1143 3308 se
1173 3249 1353 3308 ferunt
1384 3266 1397 3302 :
1427 3243 1680 3318 quamvis
1707 3249 1894 3306 testas,

305 3348 565 3418 quamvis
592 3346 737 3410 sitis,
758 3343 1012 3414 quamvis
1035 3340 1181 3400 aliud
1201 3338 1418 3410 quidvis
1439 3336 1739 3396 molestiam
1765 3333 1898 3392 affe-

304 3449 417 3504 rat,
459 3439 525 3498 ad
551 3438 791 3496 medium
825 3451 1001 3505 usque
1031 3431 1311 3492 tuteridiem
1342 3432 1396 3487 in
1421 3428 1608 3489 schola
1643 3425 1898 3481 sedentes

306 3533 437 3588 tole:
455 3530 598 3587 ando
622 3545 682 3583 ac
708 3529 978 3600 patienter
1001 3524 1224 3581 ferendo
1243 3529 1614 3593 perseverant.
1638 3517 1826 3588 Itaque
1851 3516 1898 3571 si

303 3624 522 3679 nullum
555 3622 744 3682 alium,
774 3619 1036 3690 puerulos
1068 3616 1196 3671 illos
1217 3615 1494 3670 imitemur
1520 3629 1622 3668 nos
1652 3610 1775 3674 viri,
1805 3609 1898 3678 qui

302 3717 373 3772 ad
396 3719 604 3785 justam
627 3729 690 3768 ac
714 3712 1008 3780 perfectam
1033 3717 1248 3765 aetatem
1272 3708 1642 3779 pervenimus.
1670 3703 1728 3758 Si
1751 3705 1896 3758 enim

308 3808 602 3866 institutos
633 3805 701 3860 de
736 3804 940 3858 virtute
972 3817 1256 3858 sermones
1293 3800 1485 3854 audire
1520 3815 1630 3858 non
1657 3795 1898 3855 sustine-

305 3913 457 3961 mus,
480 3897 606 3966 quis
632 3896 792 3948 nobis
809 3872 1267 3963 credereOpoterit
1289 3907 1389 3950 nos
1408 3890 1624 3946 labores
1643 3886 1900 3942 toleratu-

299 4005 397 4044 ros
423 4004 521 4060 pro
541 3989 738 4043 virtute
761 3984 1116 4042 subeundos?
1139 3983 1183 4038 si
1210 3981 1275 4035 ad
1304 3979 1634 4036 audiendum
1663 3975 1900 4031 illibera-

305 4083 393 4138 les
439 4083 578 4138 adeo
612 4079 785 4135 simus
819 4093 882 4133 ac
915 4075 1160 4140 sordidi,
1205 4073 1348 4128 unde
1383 4086 1484 4126 nos
1523 4069 1588 4123 ad
1623 4066 1891 4138 agendum

302 4175 676 4245 promptiores
699 4173 813 4231 fore
839 4171 1153 4228 constabit?
1173 4169 1216 4225 si
1235 4166 1378 4239 quod
1405 4164 1618 4223 facilius
1635 4169 1717 4222 est
1733 4160 1896 4217 omit.

306 4276 520 4329 tantus.
539 4264 816 4334 quontodo
838 4263 985 4334 quod
1020 4261 1294 4320 ditlicilius
1318 4268 1402 4315 est
1432 4254 1808 4328 perferemus?
1829 4255 1896 4311 At

299 4357 456 4412 enim
477 4357 660 4412 multa:
677 4363 805 4412 sunt
828 4352 929 4408 loci
953 4351 1242 4424 angustiae,
1260 4350 1429 4406 multa
1446 4343 1894 4407 violentiaAudi.

300 4464 466 4514 sine,
493 4447 639 4517 quod
663 4462 888 4518 regnum
911 4446 1176 4500 enatorum
1202 4442 1416 4512 rapiant
1435 4439 1654 4498 violenti
1677 4437 1894 4506 (Moult.

305 4539 396 4596 il.
427 4538 537 4605 12),
564 4536 713 4608 quod
746 4545 902 4592 arcta
935 4536 1007 4591 sit
1036 4543 1089 4590 et
1119 4541 1348 4604 angusta
1363 4532 1471 4595 via,
1505 4547 1626 4606 quae
1655 4531 1806 4588 ducit
1831 4529 1898 4584 ad

300 4631 478 4686 vitam
502 4628 722 4699 (Matth.
743 4627 794 4683 7.
814 4629 919 4699 Η).
937 4625 1168 4694 Quando
1191 4625 1358 4693 igitur
1381 4639 1476 4694 per
1503 4632 1707 4679 arctam
1731 4630 1784 4676 et
1811 4637 1904 4678 an-

303 4731 529 4792 gustam
556 4721 696 4777 viam
729 4719 1060 4784 incedimus,
1083 4733 1184 4776 nos
1199 4717 1363 4772 etiam
1383 4723 1596 4784 oportet
1628 4729 1726 4768 nos
1753 4712 1900 4781 ipsos

301 4822 598 4869 eoat-ctare
651 4819 706 4867 et
739 4812 1122 4882 comprimere,
1171 4817 1230 4865 ut
1267 4817 1474 4864 arctam
1510 4815 1563 4862 et
1610 4812 1900 4876 angustam

303 4903 592 4960 conficere
627 4903 766 4960 viam
799 4904 1098 4973 possimus.
1129 4900 1259 4954 Nam
1286 4900 1379 4971 qui
1410 4900 1652 4970 seipsum
1678 4897 1896 4959 dilatat.

299 5012 422 5050 non
464 4995 539 5048 ita
597 4995 758 5051 facile
799 4995 938 5049 viam
982 5000 1273 5063 angustam
1319 5001 1625 5063 percurret,
1664 4988 1759 5046 sed
1803 4989 1897 5063 qui

294 5088 560 5156 seipsum
591 5086 834 5148 cohibet,
878 5084 1219 5154 comprimit,
1259 5090 1313 5138 et
1353 5083 1698 5148 constringit.

400 5170 462 5228 2.
512 5170 790 5229 Nominutn
841 5175 1050 5227 mutatio
1094 5173 1270 5243 quanti
1318 5173 1572 5241 facienda.
1627 5174 1911 5243 Scriptura:

293 5277 477 5314 sacra:
519 5263 771 5330 quomodo
819 5262 1062 5332 legenda’.
1114 5293 1186 5303 —
1239 5262 1424 5334 Neque
1469 5264 1610 5316 enim
1657 5263 1724 5319 de
1754 5267 1912 5320 rebus

297 5353 368 5404 tri
386 5352 618 5407 vialibus
645 5355 992 5423 flU:CSll0ll(3lll
1015 5353 1274 5409 habemus
1298 5353 1476 5418 hodie,
1503 5354 1598 5409 sed
1624 5355 1689 5410 de
1715 5372 1772 5410 re
1793 5373 1913 5421 qua:

293 5445 481 5514 carpit
509 5446 722 5515 quidem
745 5446 994 5504 hesterno
1027 5447 1115 5503 die
1155 5447 1400 5518 preponi,
1426 5463 1530 5502 non
1553 5449 1910 5518 potuitautem

296 5538 518 5590 solutio
547 5539 856 5607 qmestionis
881 5539 1099 5607 afferri,
1131 5551 1350 5610 promer
1389 5556 1572 5596 eorum
1617 5542 1913 5600 multitudi-

307 5643 469 5693 nem,
491 5643 610 5698 qua:
641 5629 842 5685 fuerant
873 5632 922 5685 in
944 5631 1173 5685 medium
1194 5632 1414 5702 prolata.
1447 5631 1582 5699 Quid
1602 5633 1726 5688 illud
1755 5650 1912 5704 porro

305 5717 439 5781 est?
475 5719 551 5772 De
581 5721 855 5778 nominum
875 5723 1208 5792 impositione
1222 5724 1446 5793 qua-stio
1460 5734 1594 5790 erat,
1627 5743 1746 5796 qua:
1775 5727 1913 5782 Deus

305 5811 523 5866 sanctis
563 5811 840 5885 imposuit.
884 5814 988 5870 lles
1011 5822 1185 5869 autem
1213 5813 1312 5872 ista
1339 5816 1508 5872 tenuis
1533 5817 1744 5878 videtur
1765 5834 1906 5889 csse,

1469 391 1559 447 DF.
1599 384 1998 446 MUTATIONE
2036 383 2364 439 NOMINUM.
2406 381 2470 438 ll.

3483 385 3582 444 liti

1996 497 2038 550 si
2064 497 2181 566 quis
2210 495 2391 550 audiat
2422 513 2435 549 :
2466 495 2688 550 multum
2720 511 2846 551 vero
2881 497 3116 553 continet
3162 497 3508 567 thesaurum,
3540 504 3586 554 si

1993 593 2112 662 quis
2141 592 2423 664 diligenter
2451 592 2707 647 attendat.
2733 593 2864 648 Nam
2895 604 2948 649 et
2973 609 3192 649 auream
3222 604 3438 661 terram,
3465 610 3588 665 quas

1997 684 2048 736 in
2073 683 2271 738 fodinis
2302 683 2583 752 reperitur,
2615 683 2864 752 imperiti,
2896 693 2949 740 et
2978 685 3066 754 qui
3090 684 3418 755 negligenter
3439 687 3587 757 aspiv

1994 777 2169 840 ciunt,
2201 784 2397 833 terram
2422 774 2617 831 nudam
2639 776 2812 831 solum
2841 791 2962 832 esse
2990 787 3196 849 putant,
3238 793 3409 850 neque
3433 779 3590 850 quid.

1938 894 1956 902 -
1995 883 2154 938 quam
2203 867 2430 938 amplius
2475 867 2710 931 habere,
2760 884 2918 939 quam
2968 870 3127 924 aliam
3177 870 3418 940 quamvis
3452 888 3466 929 :
3499 872 3588 940 qui

2000 974 2130 1014 vero
2149 958 2278 1013 artis
2305 958 2474 1012 oculis
2503 958 2643 1014 illam
2675 959 3035 1027 considerant,
3068 961 3220 1016 istius
3251 973 3406 1017 terra:
3436 962 3589 1017 nobi-

1972 1051 2202 1112 litatcm
2251 1060 2549 1119 noverunt,
2593 1061 2648 1107 et
2684 1052 2812 1107 dum
2852 1053 2995 1108 illam
3028 1054 3081 1108 in
3112 1054 3290 1125 ignem
3337 1055 3587 1124 injeCtam

1997 1143 2255 1212 probant,
2303 1158 2516 1198 omnem
2546 1144 2688 1199 illius
2723 1145 3085 1214 praestantiam
3126 1145 3468 1215 patefaciunt.
3500 1144 3591 1200 Sic

1998 1234 2249 1288 nimirum
2294 1234 2346 1288 in
2387 1234 2554 1289 sacris
2582 1232 2872 1304 Scripturis
2897 1276 2910 1300 ,
2958 1234 3048 1305 qui
3093 1234 3384 1292 oscitanter
3409 1235 3591 1292 literas

1998 1324 2216 1395 legunt,
2266 1326 2437 1382 nudas
2464 1342 2584 1383 esse
2615 1328 2796 1384 literas
2835 1328 3195 1393 arbitrantur,
3229 1343 3328 1384 nec
3361 1327 3592 1402 amplius

1998 1417 2286 1488 quidquam
2337 1419 2389 1473 in
2420 1434 2478 1474 se
2520 1420 2795 1478 continere
2833 1436 2996 1492 quam,
3036 1430 3257 1476 caeteras
3290 1439 3303 1475 :
3345 1422 3436 1491 qui
3465 1436 3592 1478 vero

2001 1509 2122 1565 fidei
2148 1511 2322 1565 oculis
2349 1511 2463 1566 illas
2484 1512 2845 1580 considerant,
2875 1514 3324 1584 quemadmodum
3357 1515 3430 1570 illi
3457 1515 3589 1570 artis

2001 1601 2389 1669 instrumentis,
2421 1604 2634 1659 illarum
2663 1606 3029 1676 probationem
3053 1606 3159 1676 igni
3185 1606 3416 1676 Spiritus
3445 1622 3591 1664 como

2000 1695 2294 1760 mittentes,
2324 1705 2491 1750 totum
2519 1697 2728 1752 illarum
2751 1714 2937 1752 aurum
2963 1698 3118 1754 facile
3147 1710 3389 1755 cernent.
3439 1697 3593 1757 Unde

2004 1786 2162 1856 igitur
2198 1787 2508 1856 qtnrstionis
2553 1788 2760 1844 initium
2800 1797 2884 1843 est
2921 1789 3176 1844 ductum?
3230 1789 3412 1860 Neque
3451 1789 3593 1847 enim

2003 1888 2206 1934 temere
2252 1879 2304 1933 in
2351 1878 2488 1934 hanc
2531 1879 2969 1950 disceptationem
3014 1880 3332 1947 incidimus,
3381 1896 3448 1941 ne
3478 1882 3596 1951 quis

2003 1969 2392 2038 intempestivae
2432 1985 2530 2026 nos
2568 1972 2891 2030 curiositatis
2917 1971 3238 2030 condemnet
3267 1991 3280 2028 :
3309 1971 3402 2026 sed
3426 2013 3440 2036 ,
3472 1987 3594 2025 cum

2005 2060 2296 2130 apostolica
2340 2060 2491 2116 vobis
2521 2070 2637 2116 acta
2669 2061 3002 2132 legerentur,
3051 2062 3199 2116 Pauli
3231 2062 3482 2131 prteclara
3513 2059 3594 2119 fa,

2003 2152 2186 2210 cinora
2213 2166 2433 2207 narrare
2459 2151 2802 2222 eupicbamns
2823 2193 2839 2219 ,
2877 2153 3097 2222 jamque
3137 2152 3376 2206 historia:
3405 2150 3596 2220 attige-

2005 2257 2185 2300 ramus
2237 2240 2517 2299 exordium
2542 2283 2556 2308 ,
2607 2251 2661 2296 et
2700 2242 2782 2298 his
2807 2243 2984 2300 verbis
3018 2253 3333 2313 conceptum
3383 2241 3592 2299 initium

2006 2334 2324 2389 narrationis
2376 2335 2676 2390 invenimus
2710 2354 2722 2389 :
2757 2334 2949 2391 Saulus
2989 2345 3156 2390 autem
3184 2336 3352 2390 adhuc
3391 2336 3595 2405 spirans

2006 2426 2168 2479 minas
2197 2435 2241 2479 et
2261 2424 2448 2480 caulem
2475 2426 2528 2480 in
2558 2426 2832 2497 discipulos
2865 2426 3069 2485 Domini
3096 2427 3228 2497 (Act.
3262 2429 3316 2482 9.
3351 2427 3427 2496 1).
3453 2427 3597 2486 Conv

2008 2516 2155 2571 tinuo
2202 2516 2432 2572 turbavit
2476 2532 2575 2574 nos
2622 2517 2919 2576 immutatio
2971 2518 3249 2578 nominis:
3297 2519 3596 2579 invenimus

2005 2606 2150 2663 enim
2178 2607 2230 2663 in
2255 2609 2500 2665 omnibus
2526 2607 2770 2678 epistolis
2790 2651 2804 2675 ,
2833 2619 2886 2664 et
2916 2611 2967 2664 in
2991 2610 3201 2664 illarum
3225 2611 3459 2665 exordiis
3487 2625 3595 2672 non

2005 2699 2223 2757 Saulum
2248 2716 2393 2768 eum,
2421 2701 2516 2756 sed
2539 2701 2759 2757 Paulum
2777 2703 3053 2773 appellari,
3080 2712 3135 2759 et
3159 2703 3261 2759 hoc
3283 2719 3388 2759 non
3420 2705 3473 2760 in
3493 2704 3596 2765 hoc

2006 2792 2152 2856 solo,
2187 2792 2281 2846 sed
2311 2802 2366 2847 et
2396 2792 2448 2846 in
2482 2793 2664 2848 multis
2691 2794 2810 2849 aliis
2838 2795 3117 2850 accidisse.
3164 2795 3298 2850 Nam
3325 2805 3380 2850 et
3407 2796 3597 2853 Petrus

2007 2884 2191 2939 Simon
2218 2884 2494 2940 dicebatur
2513 2926 2528 2951 ,
2553 2893 2609 2940 et
2634 2886 2726 2940 filii
2755 2885 3001 2942 Zebedaei
3030 2886 3261 2948 Jacobus
3285 2899 3340 2944 et
3364 2888 3600 2948 Joannes

2007 2974 2126 3030 Filii
2173 2975 2388 3030 tonitrui
2416 2984 2620 3032 mutato
2662 2977 2859 3036 deinde
2902 2979 3122 3036 nomine
3150 2991 3274 3035 sunt
3303 2981 3476 3037 vocati
3506 2991 3600 3040 :et

2007 3067 2061 3124 in
2096 3066 2269 3122 Veteri
2301 3067 2645 3125 Testamento
2687 3068 2826 3128 hanc
2867 3070 3113 3125 eamdem
3154 3073 3598 3131 consuetudinem

2008 3158 2062 3214 in
2090 3157 2410 3228 quibusdam
2452 3158 2746 3216 obtinuisse
2773 3160 3153 3230 comperimus.
3193 3160 3324 3215 Nam
3351 3171 3405 3217 et
3431 3161 3600 3218 Abra.

2008 3247 2131 3305 liam
2159 3248 2305 3318 prius
2335 3249 2531 3304 Abram
2558 3249 2956 3319 appellabatur,
2999 3259 3052 3304 et
3079 3249 3238 3306 Sarra
3271 3251 3419 3322 prius
3445 3252 3596 3318 Sara,

2007 3339 2203 3398 deinde
2229 3338 2386 3398 Sarra
2411 3342 2683 3396 nominata
2702 3350 2816 3408 est,
2848 3351 2902 3396 et
2925 3341 3092 3399 Jacob
3121 3352 3304 3413 postea
3329 3344 3489 3402 Israel
3515 3355 3600 3400 est

2008 3443 2226 3488 vocatus
2254 3449 2266 3485 :
2299 3433 2588 3489 absurdum
2619 3432 2778 3504 igitur
2803 3435 2957 3491 nobis
2986 3443 3069 3494 est
3095 3435 3265 3494 visum
3284 3479 3300 3504 ,
3347 3439 3391 3492 si
3424 3446 3601 3493 tantus

2009 3539 2038 3577 a
2069 3524 2222 3579 nobis
2257 3523 2540 3582 thesaurus
2579 3525 2854 3582 nomihum
2883 3536 3083 3581 temere
3125 3521 3504 3596 praeteriretur.
3546 3528 3602 3589 Id

2010 3630 2140 3672 vero
2182 3616 2234 3670 in
2274 3617 2600 3687 principibus
2627 3617 2787 3672 etiam
2818 3619 3172 3674 saecularibus
3201 3621 3420 3676 evenire
3455 3635 3604 3677 com.

2012 3708 2244 3776 perimus
2276 3726 2289 3765 :
2325 3709 2587 3779 siquidem
2637 3710 2711 3765 illi
2759 3710 2958 3781 duplex
2989 3726 3198 3782 quoque
3229 3729 3422 3769 nomen
3451 3729 3606 3770 assu-

2013 3807 2183 3854 tnunt.
2235 3797 2367 3853 \iide
2411 3809 2589 3855 autem
2625 3818 2638 3854 :
2667 3800 2952 3867 Successit,
2983 3804 3174 3872 inquit,
3202 3802 3364 3863 Felici
3387 3803 3604 3863 Porcius

2017 3885 2196 3940 Festus
2223 3887 2356 3956 (Act.
2382 3887 2471 3942 9-4.
2495 3885 2586 3958 ‘27)
2619 3906 2631 3942 ε
2661 3900 2716 3946 et
2743 3905 2946 3952 rursus.
2973 3891 3098 3947 Erat
3123 3893 3331 3964 quidam
3354 3911 3466 3950 cum
3493 3913 3606 3966 pro,

2012 3975 2238 4040 consule,
2281 3978 2366 4045 qui
2389 3977 2658 4032 vocabatur
2686 3978 2898 4047 Sergius
2925 3979 3122 4036 Paulus
3174 3980 3278 4049 (Ib.
3308 3984 3392 4038 15.
3421 3984 3478 4056 7)
3504 4027 3518 4050 ,
3547 3997 3604 4048 et

2012 4067 2101 4137 qui
2131 4065 2329 4126 Judmis
2369 4065 2638 4126 Christum
2673 4068 2926 4134 tradidit,
2973 4069 3197 4124 Pontius
3227 4071 3425 4127 l'ilatus
3455 4073 3602 4133 dico.

2013 4160 2186 4217 batur.
2215 4158 2398 4230 Neque
2428 4175 2556 4215 vero
2584 4161 2921 4232 principibus
2946 4171 3146 4217 tantum
3166 4205 3180 4229 ,
3215 4164 3309 4219 sed
3341 4174 3394 4220 et
3419 4166 3605 4221 militi.

2013 4250 2114 4310 bus
2140 4266 2283 4323 saepe
2297 4251 2526 4322 duplicia
2550 4251 2764 4308 fuerunt
2792 4254 3028 4320 nomisa,
3057 4264 3111 4310 et
3132 4256 3204 4310 illi
3232 4257 3320 4326 qui
3344 4258 3603 4326 privatam

2015 4345 2177 4403 vitam
2228 4344 2530 4415 elegerant,
2577 4347 2646 4401 ob
2683 4361 2899 4402 causam
2928 4357 2983 4401 et
3005 4349 3341 4404 occasionem
3371 4350 3604 4420 aliquam

2015 4437 2281 4505 duplicem
2333 4437 2506 4494 sortiti
2564 4447 2690 4492 sunt
2741 4439 3174 4508 appellationem.
3226 4439 3332 4501 Sed
3384 4441 3452 4496 de
3502 4441 3607 4499 illis

2015 4528 2229 4598 quidem
2261 4529 2414 4584 nobis
2449 4529 2581 4584 nihil
2623 4527 2863 4598 proderit
2891 4529 2938 4583 si
2979 4545 3281 4598 quzeramus
3303 4572 3316 4595 ,
3367 4531 3507 4588 unde
3536 4534 3606 4588 ita

2016 4617 2213 4674 fuerint
2259 4620 2508 4689 appellati
2543 4638 2556 4674 :
2598 4635 2720 4674 cum
2761 4635 2888 4674 vero
2932 4621 3072 4676 Deus
3121 4637 3314 4678 nomen
3361 4624 3604 4695 imponit,

2016 4709 2160 4764 υιιιηὶ
2209 4709 2386 4766 studio
2435 4709 2850 4770 incumbentium
2899 4719 3021 4778 est,
3075 4722 3132 4768 ut
3177 4728 3394 4777 causam
3446 4731 3606 4791 repov

2016 4816 2234 4858 t'tamus.

2087 4891 2228 4948 Deus
2263 4893 2390 4948 nihil
2432 4895 2554 4967 facit
2589 4896 2799 4965 frustra.
2855 4895 2956 4952 Cur
2995 4895 3190 4952 Paulus
3225 4915 3405 4954 nomen
3444 4911 3610 4955 muta.

2016 4988 2157 5041 rcrit.
2185 5017 2257 5032 ——
2281 4987 2462 5058 Neque
2479 4992 2625 5044 enim
2656 4999 2856 5046 temere
2882 5001 2972 5046 aut
2995 4991 3112 5047 sine
3132 5008 3291 5047 causa
3318 4992 3604 5064 quidquam

2018 5079 2098 5133 vel
2129 5077 2306 5134 facere
2335 5080 2477 5135 Deus
2499 5080 2582 5138 vel
2610 5081 2791 5137 dicere
2809 5084 3105 5150 consuevit,
3130 5083 3224 5139 sed
3252 5084 3458 5155 singula
3482 5101 3603 5140 cum

2019 5186 2102 5234 ea,
2133 5187 2253 5241 qua!
2293 5172 2392 5240 ipsi
2432 5173 2719 5239 convenit,
2763 5174 3044 5244 sapientia.
3093 5175 3200 5229 Cur
3225 5190 3352 5244 ergo
3392 5175 3604 5233 tondent

2017 5263 2209 5318 Saulus
2229 5262 2526 5329 dicebatur,
2561 5281 2680 5318 cum
2721 5277 3134 5337 persequeretur
3153 5311 3165 5331 ,
3195 5277 3246 5321 ct
3270 5267 3462 5324 Paulus
3492 5285 3609 5324 mu.

2020 5364 2128 5410 tato
2172 5355 2388 5411 nomine
2425 5356 2600 5411 dictus
2623 5366 2740 5423 est,
2782 5359 2995 5426 quando
3037 5359 3313 5414 credidit?
3357 5359 3607 5419 Nonnulli

2018 5447 2236 5513 dicunt,
2268 5447 2482 5517 quando
2522 5448 2808 5515 turbabat,
2855 5450 3308 5533 tumnltuabatur,
3338 5462 3392 5508 et
3421 5455 3612 5510 misce-

2020 5542 2109 5596 bat
2151 5542 2329 5597 omnia
2355 5582 2392 5605 ,,
2419 5541 2821 5610 Ecclesiamquc
2845 5543 3147 5613 exagitabat
3170 5584 3184 5607 ,
3213 5544 3431 5601 Saulum
3459 5546 3612 5605 illum

2019 5631 2185 5690 fuisse
2213 5633 2434 5695 dictmn,
2467 5641 2522 5687 et
2543 5632 2612 5688 ab
2635 5632 2732 5688 hac
2763 5633 2875 5703 ipsa
2917 5635 3167 5690 Ecclesia:
3198 5637 3477 5694 vexatione
3509 5655 3612 5693 nn.

2021 5741 2146 5782 men
2180 5741 2299 5782 esse
2321 5727 2566 5784 sortitum
2597 5744 2612 5784 :
2657 5734 2938 5798 postquam
2968 5737 3146 5785 autem
3172 5730 3240 5786 ab
3271 5733 3357 5789 illa
3387 5736 3616 5795 recessit

2028 5817 2264 5886 insania,
2319 5821 2605 5895 turbasque
2654 5820 2798 5879 ciere
2843 5837 2905 5880 ac
2953 5823 3149 5883 bellum
3191 5825 3389 5888 inferre
3429 5827 3615 5894 desiit.
