4096 6222
458 355 567 411 (ἒῖ

454 480 642 523 rursus
670 466 914 528 Paulum,
945 477 1064 517 cum
1091 444 1312 529 pausam
1330 455 1566 523 fecisset,
1589 464 1793 510 mutato
1823 453 2038 510 nomine

457 561 656 615 dictum
683 571 842 617 esse:
871 553 965 610 sed
995 551 1158 607 futilis
1176 559 1235 606 et
1265 548 1395 604 falsa
1423 557 1507 604 est
1526 547 1643 602 tunc
1666 547 1858 614 oratio,
1882 557 2041 623 atque

452 649 655 705 idcirco
678 662 709 701 a
739 659 826 701 me
857 644 1060 716 prolata
1089 643 1142 697 in
1174 640 1406 696 medium
1432 680 1446 704 ,
1479 654 1547 693 ne
1576 636 1714 692 forte
1739 636 1895 691 nudis
1920 637 2039 707 qui-

451 742 680 797 husdam
711 753 989 795 causarum
1037 734 1462 808 expositionibus
1490 732 1663 803 decipi
1696 747 1791 787 vos
1831 731 2035 785 sinatis.

455 834 691 888 Primum
719 831 862 886 enim
893 837 1140 899 parentes
1181 825 1284 881 hoc
1310 825 1387 879 illi
1418 838 1613 878 nomen
1645 822 2035 893 imposuerunt,

456 937 562 977 non
590 920 732 992 quod
760 918 1034 990 prophetae
1061 915 1273 986 quidam
1306 921 1489 968 essent
1512 953 1527 976 ,
1555 919 1610 967 et
1636 911 1777 981 quod
1804 908 2037 964 futurum

452 1021 568 1068 emt
594 1010 965 1081 pmviderent.
1002 1005 1203 1061 Deinde
1235 1004 1278 1058 si
1306 1012 1585 1074 propterea
1613 1001 1803 1056 Saulus
1827 999 2041 1055 diceba-

451 1114 557 1168 tur,
590 1101 838 1172 quoniam
863 1098 1158 1154 Ecclesiam
1178 1095 1484 1165 exagitabat
1509 1101 1562 1147 et
1589 1091 1852 1152 vexabat.
1880 1104 2039 1160 opor-

453 1193 597 1247 lebat
626 1206 747 1246 eum
773 1231 789 1257 ,
817 1204 936 1243 cum
964 1187 1238 1257 exagitare
1273 1184 1519 1239 desiisset
1554 1181 1844 1236 Ecclesiam
1863 1221 1876 1246 ,
1906 1195 2036 1234 con-

454 1283 601 1337 tinuo
654 1294 847 1336 nomen
899 1293 1110 1348 quoque
1161 1276 1434 1344 deponere
1483 1290 1497 1327 :
1537 1272 1645 1342 jam
1701 1286 1829 1326 vero
1886 1271 2036 1325 illum

452 1374 700 1429 videmus
724 1413 739 1440 ,
779 1386 899 1425 cum
930 1370 1113 1424 turbas
1140 1369 1285 1422 ciere
1314 1365 1568 1420 adversus
1596 1363 1888 1419 Ecclesiam
1917 1376 2037 1416 ces-

453 1472 627 1527 saret,
664 1476 859 1516 nomen
891 1459 1090 1513 idcirco
1116 1472 1220 1512 non
1248 1457 1560 1526 deposuisse
1586 1496 1599 1519 ,
1649 1469 1836 1509 verum
1864 1453 2039 1508 adhuc

454 1556 671 1610 Saulnm
698 1569 816 1609 esse
841 1552 1183 1624 appellatum.
1213 1549 1291 1605 Ne
1324 1564 1450 1605 vero
1476 1548 1671 1618 putetis
1700 1548 1811 1601 lucc
1839 1546 2040 1602 idcirco

453 1666 484 1703 a
513 1664 597 1704 me
623 1649 726 1703 dici
748 1688 764 1713 ,
804 1656 859 1701 ut
886 1660 981 1700 vos
1010 1642 1428 1699 circumveniam
1451 1682 1466 1706 ,
1497 1657 1608 1696 rem
1640 1640 1805 1710 ipsam
1832 1639 1983 1694 vobis
2007 1654 2036 1694 a

449 1742 626 1810 capite
657 1738 906 1794 narrabo.
958 1736 1230 1806 Ejecerunt
1250 1776 1265 1800 ,
1297 1735 1466 1803 inquit
1488 1732 1781 1800 Scriptura,
1813 1729 2037 1799 Stepha-

452 1846 592 1896 num,
620 1838 666 1882 et
684 1826 978 1898 lapidabaut
995 1841 1127 1890 eum,
1149 1833 1196 1877 et
1222 1833 1365 1877 testes
1388 1823 1722 1895 deposuerunt
1750 1821 2039 1875 uestimenta

445 1937 546 1973 sua
570 1936 713 1974 secus
736 1918 887 1989 pedes
906 1914 1255 1978 adolescentis,
1284 1913 1371 1982 qui
1392 1911 1660 1966 vocabatur
1681 1911 1871 1966 Saulus
1899 1910 2033 1980 (Act.

446 2015 504 2068 7.
539 2012 629 2083 57)
655 2028 668 2077 ;
697 2021 750 2065 et
776 2025 991 2077 rursus,
1036 2007 1229 2063 Saulus
1253 2016 1418 2060 autem
1454 2014 1559 2059 erat
1589 2004 1901 2058 consentiens
1929 2002 2038 2056 neci

450 2102 562 2174 ejus
595 2100 751 2171 (Ibid.
778 2115 826 2154 υ.
857 2099 984 2166 59);
1033 2105 1087 2152 et
1130 2096 1277 2161 alibi,
1308 2095 1501 2151 Saulus
1544 2104 1710 2148 autent
1753 2094 2038 2148 devastabat

452 2191 735 2246 Ecclesium
759 2231 774 2255 ,
806 2206 895 2260 per
924 2189 1099 2242 domos
1128 2188 1324 2241 intrans
1344 2227 1359 2252 ,
1388 2196 1433 2241 et
1463 2185 1665 2239 trahens
1685 2186 1817 2239 uiros
1841 2201 1901 2237 ac
1925 2201 2040 2238 mu.-

446 2285 597 2339 lieres
627 2282 785 2356 (Ibid.
812 2283 864 2337 8.
896 2279 988 2353 3);
1013 2289 1068 2336 et
1090 2294 1271 2335 rursus
1290 2318 1307 2345 ,
1339 2277 1534 2334 Saulus
1553 2287 1718 2332 autem
1739 2277 1906 2330 adhuc
1933 2277 2039 2347 spio

446 2362 570 2429 rans
597 2375 761 2427 minus
789 2389 848 2426 ac
870 2373 1057 2427 caedem
1081 2372 1132 2424 in
1173 2370 1451 2437 discipulos
1494 2367 1702 2422 Domini
1728 2367 1833 2438 (Ib.
1861 2368 1916 2423 9.
1943 2367 2035 2437 l);

452 2475 505 2521 et
527 2479 713 2519 rursus
733 2505 749 2530 ,
798 2463 999 2517 Audiuit
1025 2478 1192 2516 vocem
1219 2461 1460 2514 dicentem
1482 2459 1576 2512 sibi
1598 2500 1612 2522 ,
1646 2457 1825 2524 Saule,
1856 2457 2032 2523 Saule,

452 2558 575 2629 quid
612 2574 692 2610 me
718 2555 1023 2626 persequeris
1054 2553 1213 2624 (Ibid.
1238 2553 1291 2607 9.
1326 2553 1428 2620 4)?
1478 2555 1657 2620 Itaque
1685 2550 1920 2619 Oportuit
1969 2564 2037 2604 ex

453 2650 555 2704 hoc
584 2657 821 2718 tempore
851 2656 907 2700 ut
947 2646 1092 2699 Sauli
1133 2660 1326 2699 nomen
1373 2643 1629 2713 abjiceret
1655 2684 1670 2709 ,
1717 2641 1979 2711 siquidem
2004 2656 2037 2697 a

452 2738 864 2808 persequutione
901 2734 1220 2790 abstinebat.
1261 2733 1396 2788 Num
1444 2734 1602 2803 igitur
1625 2732 1906 2787 cextfestim
1937 2732 2035 2784 ah.

451 2828 611 2900 iecit?
629 2829 992 2898 Nequaquam,
1013 2824 1171 2894 idque
1189 2840 1254 2880 ex
1281 2824 1344 2879 iis
1368 2840 1487 2894 quae
1508 2833 1818 2893 sequuntur,
1841 2821 2033 2893 liquet:

453 2917 878 2981 animadvertite,
910 2930 1116 2986 qumso.
1150 2914 1386 2971 Surrexit
1413 2913 1604 2968 Saulus
1623 2912 1686 2966 de
1705 2922 1860 2980 terra,
1884 2929 2036 2977 aper-

453 3011 615 3081 tisque
632 3009 791 3064 oculis
828 3009 957 3061 nihil
990 3006 1180 3061 videbat
1205 3004 1310 3077 (Ib.
1339 3022 1387 3058 υ.
1411 3005 1505 3077 8);
1553 3015 1606 3059 et
1641 3019 1827 3059 rursus
1849 3045 1864 3070 ,
1895 3003 2037 3059 Dixit

453 3112 620 3156 autem
659 3100 872 3154 Ananiae
903 3098 1150 3153 Dominus
1177 3113 1196 3152 :
1234 3096 1373 3151 Vade
1398 3097 1450 3150 in
1478 3098 1640 3150 vicum
1663 3137 1677 3161 ,
1709 3096 1795 3168 qui
1834 3105 2038 3149 vocatur

450 3193 671 3258 Rectus,
702 3201 749 3246 et
774 3191 992 3246 invenies
1009 3190 1063 3244 in
1085 3189 1235 3244 domo
1258 3188 1414 3243 Judw
1447 3187 1669 3244 Saulum
1696 3188 1899 3241 nomine
1928 3184 2032 3256 (Ib.

446 3301 503 3339 at.
533 3285 589 3339 ll
627 3283 685 3354 );
716 3294 768 3338 et
796 3298 981 3338 rursus
1002 3322 1016 3347 ,
1057 3278 1291 3335 Introivit
1313 3278 1541 3334 Ananias
1561 3320 1576 3347 ,
1608 3287 1654 3332 et
1687 3277 1849 3341 dixit,
1879 3276 2039 3332 Saule

453 3377 644 3447 frater,
677 3375 923 3429 Dominus
958 3374 1091 3428 misit
1124 3388 1237 3439 me,
1268 3372 1356 3443 qui
1390 3372 1625 3442 apparuit
1652 3368 1739 3422 tibi
1767 3369 1819 3422 in
1840 3369 1951 3434 via,
1982 3376 2038 3420 ut

446 3468 621 3522 rideas
652 3465 758 3536 (Ib.
785 3482 830 3519 υ.
861 3465 970 3535 l'l).
1023 3464 1225 3519 Deinde
1264 3463 1424 3531 erepit
1467 3460 1790 3532 prmdieare,
1827 3467 1881 3513 et
1904 3473 2040 3513 cou-

453 3557 706 3613 fuudehat
729 3555 973 3619 Judwos,
1008 3569 1106 3608 nec
1136 3563 1310 3608 tamen
1335 3554 1405 3609 ita
1427 3567 1619 3607 nomen
1645 3551 1908 3619 deposuit,
1942 3549 2038 3605 sed

453 3645 628 3700 adhuc
671 3645 864 3700 Saulus
903 3643 1200 3699 dicebatur.
1247 3642 1398 3697 Noae
1429 3642 1608 3708 enim,
1651 3642 1856 3711 inquit,
1890 3646 2040 3713 factm

454 3744 568 3790 sunt
599 3732 980 3790 Sauloinsidite
998 3730 1300 3789 Judworum
1332 3730 1437 3794 (Ib.
1482 3748 1529 3786 υ.
1556 3732 1673 3803 24).
1705 3730 1841 3786 Num
1880 3731 2040 3803 igitur

456 3827 538 3883 his
565 3836 767 3882 tantum
796 3824 848 3880 in
877 3825 1051 3880 locis?
1097 3823 1472 3895 Nequaquam,
1502 3823 1596 3879 sed
1617 3867 1630 3889 ,
1660 3822 1821 3878 Facta
1858 3834 1929 3879 est
1958 3824 2040 3893 fa-

454 3938 580 3986 mes,
603 3921 772 3990 inquit
796 3962 808 3982 ,
838 3929 884 3973 et
912 3927 1281 3991 proposuerunt
1301 3916 1538 3989 discipuli
1559 3916 1754 3972 mittere
1779 3915 2040 3991 Jerosoly-

456 4030 590 4070 mam
615 4014 801 4068 sanctis
822 4011 876 4067 in
894 4012 1242 4065 ministerium.
1264 4008 1512 4064 Miserum
1536 4017 1701 4064 autem
1722 4025 1812 4081 per
1834 4025 2039 4063 manum

456 4104 705 4159 Barnast
728 4113 772 4158 el
804 4101 954 4158 Sauli
993 4099 1100 4170 (Ib.
1131 4103 1219 4155 Η.
1241 4100 1332 4154 29.
1363 4100 1474 4169 50).
1498 4099 1639 4156 Ecce
1661 4100 1859 4155 sanctis
1886 4100 2040 4155 titini-

455 4205 588 4251 strat
612 4236 625 4255 .
667 4205 722 4249 et
762 4192 937 4247 adhuc
962 4191 1154 4246 Saulus
1183 4191 1415 4245 dicitur:
1458 4199 1511 4246 et
1542 4192 2039 4262 posteaiugrrssus

455 4298 540 4345 est
565 4284 833 4342 Barnabas
857 4283 1193 4339 Antiochiam
1219 4324 1233 4348 ,
1276 4291 1329 4336 et
1352 4280 1539 4335 videns
1565 4283 1787 4351 gratiam
1815 4282 1905 4336 Dei
1930 4322 1946 4348 ,
1986 4289 2040 4337 et

458 4398 701 4453 magnam
724 4380 794 4435 ibi
816 4393 935 4435 esse
961 4376 1376 4441 multitudinem,
1403 4372 1671 4444 profectus
1690 4384 1772 4429 est
1790 4374 2035 4434 Tarsum.

452 4487 513 4532 ut
540 4483 803 4549 qumreret
829 4473 1045 4530 Saulum
1070 4470 1175 4542 (Ib.
1203 4470 1335 4525 22st
1352 4469 1508 4540 sqq.).
1531 4468 1668 4522 Ecce
1694 4467 1886 4522 multos
1911 4483 2039 4522 con-

455 4568 652 4629 vertit,
689 4574 746 4620 et
768 4564 962 4636 Saulus
988 4563 1213 4627 dicitur;
1256 4569 1312 4616 et
1351 4574 1572 4626 rursus,
1608 4558 1802 4624 Erant,
1845 4559 2035 4631 inquit,

455 4655 736 4709 Antiochia:
765 4655 824 4708 in
865 4652 1090 4711 Ecclesia
1113 4693 1128 4719 ,
1174 4667 1287 4721 quas
1330 4651 1437 4705 illic
1475 4658 1583 4705 erat
1606 4690 1622 4714 ,
1666 4650 1924 4719 prapltette
1946 4690 1962 4716 ,
1988 4659 2039 4704 et

458 4747 685 4800 doctores
707 4788 722 4812 ,
755 4745 977 4816 ngeon
1008 4743 1094 4814 qui
1129 4742 1399 4796 uocabatur
1424 4740 1607 4812 Niger,
1648 4749 1692 4794 et
1730 4739 1918 4796 Lucius
1946 4740 2038 4813 Cy-

460 4852 676 4902 remeus,
709 4844 754 4891 et
780 4838 1067 4900 Manalten,
1094 4835 1181 4901 qui
1205 4844 1310 4888 erat
1343 4832 1564 4888 Herodis
1594 4831 2039 4887 tetrarchtecolla-

459 4936 683 4993 ctaneus,
710 4936 757 4980 et
793 4924 984 4982 Saulus
1011 4925 1118 4996 (ΙΙ).
1153 4926 1239 4981 15.
1271 4925 1346 4995 l).
1380 4924 1519 4981 Ecce
1546 4933 1600 4978 et
1643 4925 1831 4979 doctor
1869 4922 2036 4979 factus

457 5029 575 5075 erat
592 5028 647 5073 et
670 5019 948 5088 pr0pheta,
965 5026 1019 5072 et
1037 5017 1211 5072 adhuc
1226 5016 1418 5072 Saulus
1433 5015 1723 5070 dicebatur.
1746 5015 1810 5069 Et
1828 5028 2035 5079 rursus,

463 5109 868 5166 Ministrantibus
889 5118 1055 5162 autem
1071 5106 1175 5161 illis
1204 5106 1438 5173 Domino,
1465 5116 1508 5159 et
1520 5105 1890 5176 jejunantibus,
1909 5104 2038 5158 dixit

462 5204 686 5275 Spiritus
705 5211 906 5258 sanctus
935 5216 954 5255 :
981 5201 1254 5271 Segregate
1283 5199 1405 5252 milii
1431 5196 1718 5255 Barnabam
1746 5206 1791 5251 et
1820 5195 2038 5251 Saulum

461 5296 565 5370 (Ib.
592 5312 639 5350 υ.
669 5296 750 5366 2).

528 5390 581 5443 5.
619 5387 769 5441 Pauli
815 5401 995 5441 nomen
1043 5385 1125 5438 ubi
1178 5384 1395 5453 primum
1441 5382 1731 5437 occurrerit.
1776 5410 1849 5422 --—
1896 5381 2038 5436 Ecce

451 5479 619 5537 etiam
657 5495 684 5530 τι
730 5477 949 5551 δρῑτίιιι
967 5487 1154 5531 saneto
1195 5485 1542 5547 segregatur,
1585 5474 1810 5530 necdum
1859 5482 2033 5529 tamen

454 5585 650 5625 notuen
680 5570 930 5641 deponit,
960 5569 1053 5625 sed
1078 5569 1289 5640 quando
1315 5569 1458 5623 venit
1490 5567 1755 5622 Salamina
1776 5607 1791 5632 ,
1822 5564 2035 5636 quando

458 5676 668 5729 magum
690 5663 907 5729 invenit,
938 5671 1061 5716 tttnc
1088 5663 1163 5717 ait
1184 5661 1353 5716 Lucas
1368 5659 1435 5714 de
1465 5660 1554 5713 illo
1586 5676 1599 5712 :
1632 5658 1824 5712 Saulus
1842 5667 2032 5724 autem,

456 5752 540 5819 qui
560 5762 605 5804 et
635 5750 830 5806 Paulus
878 5753 1098 5819 repletus
1116 5752 1313 5821 Spiritu
1340 5761 1513 5806 sancto
1533 5751 1584 5804 di
1596 5750 1661 5805 rit
1683 5749 1732 5818 (I
1741 5751 1787 5802 Ι».
1840 5750 1920 5803 l5.
1949 5747 2025 5819 9).

1204 346 1267 402 S.
1306 344 1583 402 JOANNIS
1618 339 2092 401 CIIRYSOSTOMI
2134 340 2450 399 ARCHIEP.
2489 341 3028 400 CONSTANTINOP.

3618 343 3721 397 1‘28

2153 451 2287 508 llinc
2313 455 2621 510 mutationis
2668 455 2897 511 nominis
2935 454 3141 510 initium
3167 464 3253 511 est
3281 455 3496 515 factum.
3523 458 3604 514 [te
3642 473 3737 527 igt-

2146 552 2234 599 tur
2275 543 2663 615 defatigemnr,
2711 547 2837 603 dum
2889 548 3149 602 rationem
3197 546 3337 603 hanc
3376 547 3733 620 impositionis

2147 638 2419 690 nominum
2447 638 2756 707 quaerimus.
2803 637 3076 707 Siquidem
3107 639 3379 692 nominum
3405 638 3642 695 inventio
3676 647 3728 696 in

2145 726 2490 781 saecularibus
2538 742 2748 797 quoque
2803 729 3028 798 negotiis
3078 729 3185 782 vim
3242 743 3347 783 non
3405 730 3726 785 mediocrem

2145 817 2366 872 obtinet.
2400 817 2530 872 Nam
2560 827 2613 873 et
2643 833 3011 887 saepenumero
3031 818 3236 886 efficit,
3269 827 3325 873 ut
3350 828 3470 890 post
3503 821 3726 876 multum

2142 916 2356 980 tempus
2402 910 2638 980 elapsum
2684 911 2927 965 homines
2970 926 3350 979 agnoscamus,
3392 921 3447 967 et
3477 913 3723 968 latentem

2143 1006 2510 1070 cognationem
2537 1002 2782 1071 patefacit
2807 1002 3039 1057 inventio
3069 1002 3364 1069 nominum,
3392 1015 3552 1075 atque
3577 1021 3728 1059 exor-

2146 1100 2224 1148 tas
2254 1092 2305 1146 in
2324 1092 2521 1161 judicio
2541 1093 2898 1148 dubitationes
2926 1093 3081 1147 solvit
3102 1135 3116 1157 ,
3147 1103 3199 1150 et
3232 1109 3431 1167 pugnas
3464 1096 3597 1150 tollit
3626 1138 3640 1162 ,
3675 1108 3728 1152 et

2144 1184 2337 1241 bellum
2381 1187 2669 1257 exstinguit
2706 1187 2940 1241 inventio
2982 1186 3253 1241 nominum
3275 1229 3291 1253 ,
3320 1203 3382 1242 ac
3407 1203 3548 1257 seepe
3585 1191 3730 1259 pacis

2145 1277 2387 1333 ineundae
2412 1279 2745 1334 occasionem
2777 1277 3106 1348 suppeditat.
3129 1277 3281 1346 Quod
3312 1279 3356 1331 si
3387 1280 3730 1334 saecularibus

2144 1369 2197 1424 in
2242 1370 2468 1440 negotiis
2516 1370 2749 1424 inventio
2801 1369 3075 1425 neminum
3105 1378 3308 1424 tantum
3348 1372 3522 1437 valet,
3562 1371 3730 1427 multo

2145 1462 2311 1532 magis
2335 1462 2385 1515 in
2411 1461 2792 1530 Spiritualibus.
2823 1461 2925 1517 Sed
2947 1461 3093 1530 prius
3122 1476 3342 1518 necesse
3366 1472 3468 1530 est,
3499 1470 3557 1518 ut
3586 1464 3728 1534 ipsas

2142 1554 2463 1623 qutestiones
2487 1563 2733 1608 accurate
2760 1553 3142 1608 discernamus.
3550 1624 3553 1627 _

2217 1641 2442 1697 Nomina
2476 1645 2739 1697 immutata
2766 1643 2820 1697 in
2856 1641 3022 1697 Veteri
3061 1642 3376 1698 Testamento
3392 1661 3414 1711 ;
3443 1644 3558 1699 duce
3592 1661 3730 1715 qum-

2142 1735 2327 1788 stiones
2355 1734 2419 1788 de
2446 1735 2705 1788 nominum
2741 1734 3034 1788 mutatione.
3059 1762 3132 1774 —-
3155 1734 3390 1788 Primum
3420 1750 3548 1807 ergo
3576 1751 3725 1805 quaa-

2141 1825 2312 1887 ritur,
2343 1838 2444 1893 qua
2485 1823 2551 1879 de
2577 1838 2738 1878 causa
2779 1823 3091 1894 quibusdam
3132 1823 3331 1878 sanctis
3359 1824 3496 1880 Deus
3533 1841 3725 1883 nomen

2142 1913 2455 1984 imposuerit
2476 1957 2489 1978 ,
2524 1914 2838 1983 quibusdam
2877 1930 2984 1968 non
3014 1914 3343 1984 imposuerit.
3374 1914 3557 1986 Neque
3585 1915 3725 1972 enim

2142 2006 2388 2061 omnibus
2410 2006 2608 2060 sanctis
2630 2005 2841 2060 nomina
2864 2004 3115 2074 imposuit
3136 2005 3267 2075 ipse,
3293 2020 3463 2075 neque
3483 2004 3534 2059 in
3556 2004 3724 2070 Novo.

2142 2114 2314 2168 neque
2336 2098 2386 2151 in
2413 2096 2590 2152 Veteri
2613 2096 2985 2160 Testamento;
3015 2095 3264 2165 quodque
3286 2095 3338 2149 in
3359 2094 3507 2149 Novo
3528 2093 3723 2150 factum

2141 2198 2243 2255 est,
2268 2188 2319 2244 id
2343 2189 2500 2243 etiam
2526 2188 2581 2244 in
2604 2186 2805 2252 Veteri,
2830 2197 2886 2241 ut
2914 2202 3077 2240 unum
3105 2186 3379 2256 utriusque
3397 2184 3723 2241 Testamenti

2146 2280 2425 2335 Dominum
2453 2293 2572 2334 esse
2595 2293 2907 2349 cognoscas.
2938 2276 3119 2346 Itaque
3148 2277 3198 2330 in
3226 2275 3375 2332 Novo
3402 2276 3615 2347 quidem
3645 2276 3729 2332 Si-

2142 2372 2287 2426 moni
2313 2370 2559 2426 ChriStus
2585 2369 2726 2425 Petri
2755 2384 2947 2424 nomen
2976 2367 3248 2438 imposuit,
3269 2374 3323 2422 et
3341 2366 3465 2422 ﬁliis
3484 2366 3727 2424 Zebedtei

2140 2462 2342 2518 Jacobo
2369 2471 2424 2516 et
2459 2460 2649 2516 Joauni
2683 2459 2942 2515 Filiorum
2970 2458 3220 2525 tonitrui,
3250 2459 3380 2513 solis
3407 2458 3521 2512 istis
3553 2475 3567 2513 :
3597 2458 3726 2514 reli-

2142 2569 2366 2625 quorum
2389 2562 2564 2607 autem
2593 2552 2975 2623 discipulorum
3001 2551 3223 2617 nemini,
3251 2551 3346 2606 sed
3369 2566 3491 2606 suas
3516 2551 3617 2605 illis
3637 2565 3727 2620 ap-

2142 2646 2457 2717 pellationes
2494 2645 2740 2715 reliquit,
2771 2660 2902 2715 quas
2948 2660 2979 2699 a
3024 2645 3283 2715 principio
3325 2654 3572 2716 parentes
3621 2645 3729 2702 illis

2140 2739 2532 2808 imposuerant;
2566 2739 2619 2793 in
2651 2738 2829 2793 Veteri
2861 2748 3040 2794 autem
3071 2738 3371 2793 Abrahamo
3402 2753 3594 2793 nomen
3627 2739 3726 2791 itu-

2142 2830 2367 2885 mutavit
2396 2829 2536 2885 Deus
2564 2837 2619 2885 et
2643 2829 2808 2885 Jaeob
2840 2846 2853 2882 :
2885 2843 2989 2883 non
3020 2830 3146 2884 item
3176 2828 3396 2898 Joseph,
3429 2844 3601 2898 neque
3626 2827 3728 2885 Sa.-

2140 2920 2304 2976 mueli
2328 2961 2343 2986 ,
2377 2936 2550 2991 neque
2580 2921 2760 2976 Davidi
2787 2963 2801 2986 ,
2831 2936 3004 2991 neque
3035 2921 3199 2976 Helia:
3223 2963 3239 2987 ,
3272 2937 3444 2991 neque
3495 2921 3721 2989 Elisreo,

2140 3027 2315 3082 neque
2334 3012 2545 3067 caeteris
2572 3011 2869 3081 prophetis,
2898 3012 2990 3066 sed
3019 3020 3074 3065 ut
3098 3013 3304 3081 priores
3326 3013 3397 3066 illi
3419 3012 3730 3082 appellatio-

2142 3121 2236 3161 nes
2268 3106 2579 3170 retinerent,
2608 3104 2866 3173 permisit.
2901 3104 3023 3159 llzee
3046 3104 3258 3174 quidem
3288 3106 3452 3174 prima
3481 3113 3564 3159 est
3581 3120 3728 3175 qua»

2141 3197 2274 3264 alio,
2306 3211 2469 3267 quare
2510 3193 2825 3265 quibusdam
2853 3209 2921 3250 ex
2962 3195 3160 3249 sanctis
3200 3196 3471 3249 immutata
3504 3195 3607 3248 sint
3634 3210 3730 3248 no-

2143 3290 2308 3353 mina,
2348 3288 2663 3360 quibusdam
2698 3303 2802 3342 non
2848 3287 2972 3342 item
3003 3304 3016 3339 :
3046 3286 3273 3342 secunda
3299 3301 3426 3342 vero
3447 3295 3562 3357 post
3585 3285 3727 3340 illam

2143 3391 2244 3447 est,
2274 3398 2369 3435 cur
2391 3396 2454 3434 ex
2485 3381 2565 3434 his
2596 3379 2911 3450 quibusdam
2940 3379 2993 3433 in
3021 3377 3191 3432 media
3218 3385 3378 3433 actate
3406 3385 3601 3432 mutata
3624 3377 3730 3431 sint

2143 3472 2380 3535 nomina,
2403 3470 2717 3540 quibusdam
2749 3470 2816 3525 ab
2845 3470 3016 3536 initio,
3034 3478 3193 3540 atque
3220 3478 3344 3523 ante
3368 3477 3565 3525 ortum.
3596 3468 3735 3529 Nam,

2144 3562 2302 3618 Petro
2328 3561 2542 3632 quidem
2572 3570 2627 3617 et
2652 3559 2853 3616 Jacobo
2877 3568 2932 3615 et
2956 3559 3142 3615 Joanni
3172 3558 3225 3612 in
3252 3559 3425 3613 media
3453 3567 3609 3613 actate
3636 3573 3731 3613 no-

2142 3653 2282 3707 mina
2322 3652 2565 3707 Christus
2609 3650 2909 3706 immutavit
2951 3668 2965 3706 :
3003 3648 3188 3705 Jonnni
3231 3657 3408 3705 autem
3441 3648 3727 3719 Baptism,

2146 3745 2449 3815 priusquam
2482 3745 2642 3799 etiam
2665 3759 2729 3799 ex
2760 3753 2909 3798 utero
2935 3742 3119 3797 matris
3148 3739 3403 3811 prodiret.
3435 3738 3582 3794 Venit
3599 3742 3730 3796 enim

2143 3836 2351 3906 angelus
2390 3832 2596 3887 Domini
2620 3875 2633 3896 ,
2661 3843 2708 3887 et
2737 3833 2862 3887 dixit
2890 3849 2910 3888 :
2943 3829 3023 3888 Ne
3054 3832 3252 3898 timeas,
3292 3829 3545 3886 Zacltaria
3572 3848 3590 3887 :
3616 3847 3731 3886 ecce

2143 3944 2273 3982 uxor
2300 3937 2386 3982 tua
2416 3923 2640 3981 Elisabet
2679 3926 2840 3995 pariet
2872 3925 3035 3995 filium
3058 3966 3072 3990 ,
3102 3932 3151 3979 et
3182 3922 3382 3979 vocabis
3415 3941 3592 3978 nomen
3621 3926 3729 3994 ejus

2143 4016 2396 4073 Joannem
2420 4015 2579 4089 (Luc.
2605 4019 2656 4073 1.
2688 4016 2808 4087 15).
2837 4016 2999 4071 Vides
3026 4015 3332 4087 impositum
3356 4016 3429 4070 illi
3455 4015 3616 4070 fuisse
3636 4029 3729 4070 no-

2141 4125 2289 4173 men,
2319 4121 2601 4178 antequam
2644 4107 2998 4162 nasceretur?
3027 4107 3140 4163 Hoc
3168 4116 3221 4163 et
3249 4108 3301 4161 in
3332 4105 3508 4162 Veteri
3539 4105 3728 4161 accidit

2144 4199 2507 4254 Testamento.
2532 4197 2600 4254 Ut
2627 4197 2771 4253 enim
2800 4198 2852 4251 in
2881 4194 3030 4252 Novo
3053 4197 3243 4253 Petrus
3267 4196 3479 4268 quidem
3502 4205 3555 4251 et
3572 4195 3731 4252 Jaco-

2144 4288 2244 4343 bus
2273 4298 2327 4342 et
2362 4288 2597 4344 Joannes
2626 4289 2679 4342 in
2710 4287 2849 4343 virili
2893 4296 3054 4344 aetate
3100 4302 3294 4351 nomen
3341 4287 3484 4341 aliud
3511 4300 3730 4354 accepe—

2144 4390 2285 4445 runt,
2308 4391 2361 4436 et
2384 4380 2580 4451 duplici
2608 4381 2823 4436 nomine
2848 4390 2970 4434 sunt
2997 4380 3271 4450 appellati,
3293 4379 3530 4435 Joannes
3549 4387 3722 4433 autem

2146 4470 2377 4540 Baptista
2407 4486 2601 4525 nomen
2631 4471 2834 4540 accepit
2873 4479 3157 4541 antequam
3191 4481 3498 4525 nasceretur
3528 4489 3541 4523 :
3573 4469 3651 4525 sic
3677 4478 3733 4525 et

2145 4561 2197 4615 in
2228 4560 2405 4616 Veteri
2438 4562 2745 4617 Abmhamo
2771 4563 2984 4632 quidem
3014 4573 3068 4616 et
3093 4561 3259 4618 Jacob
3288 4563 3341 4617 in
3374 4562 3544 4618 media
3575 4570 3733 4617 actate

2150 4669 2345 4710 nomen
2375 4664 2455 4711 est
2487 4652 2863 4718 immutatum;
2898 4670 3020 4709 nam
3051 4654 3140 4710 ille
3166 4656 3378 4725 quidem
3408 4654 3604 4709 Abram
3634 4668 3731 4707 vo-

2149 4746 2401 4813 cabatur,
2442 4754 2496 4801 et
2536 4746 2801 4800 Abraham
2838 4754 3058 4823 (vocatus
3100 4754 3185 4800 est
3218 4763 3231 4800 :
3264 4745 3350 4799 hic
3390 4758 3516 4798 vero
3561 4743 3734 4798 Iacob

2143 4838 2448 4900 vocabatur.
2479 4846 2533 4892 et
2559 4837 2719 4892 Israel
2746 4846 2828 4893 est
2851 4847 3089 4892 vocatus.
3122 4836 3266 4891 Isaac
3293 4843 3468 4888 autem
3502 4849 3611 4887 non
3634 4835 3733 4903 ita,

2143 4930 2238 4985 sed
2283 4939 2564 4998 antequam
2617 4938 2768 4997 partu
2819 4927 3106 4992 ederetur,
3148 4940 3341 4980 nomen
3390 4924 3624 4993 accepit;
3679 4933 3732 4979 et

2142 5020 2594 5092 quemadmodum
2626 5021 2733 5075 illic
2758 5021 2982 5091 angelus
3009 5019 3139 5074 dixit
3171 5036 3184 5072 :
3218 5015 3361 5072 Uxor
3391 5025 3479 5070 tua
3507 5017 3561 5070 in
3588 5026 3730 5070 utero

2142 5113 2405 5182 concipiet,
2436 5121 2483 5165 et
2512 5113 2672 5183 pariet
2699 5112 2883 5181 lilium,
2913 5121 2960 5166 et
2993 5109 3187 5164 vocabis
3212 5124 3396 5162 nomen
3424 5108 3534 5179 ejus
3561 5106 3729 5162 Joan-

2143 5220 2254 5258 nem
2277 5218 2296 5257 :
2326 5204 2396 5257 ita
2427 5202 2514 5257 hic
2539 5218 2752 5274 quoque
2781 5203 2922 5258 Deus
2962 5203 3028 5257 ad
3075 5201 3342 5255 Abraham
3383 5200 3515 5254 dixit
3542 5218 3556 5254 :
3586 5196 3731 5253 Uxor

2143 5304 2230 5347 tua
2261 5293 2421 5349 Sarra
2459 5295 2619 5364 pariet
2662 5294 2824 5363 ﬁlium
2848 5334 2862 5356 ε
2904 5300 2951 5346 et
2994 5291 3193 5346 vocabis
3236 5306 3416 5345 nomen
3445 5290 3556 5361 ejus
3576 5287 3727 5343 Isaac

2143 5386 2314 5458 (Cen.
2347 5388 2434 5443 t7.
2481 5387 2606 5458 l9).
2639 5386 2753 5443 Una
2798 5386 2958 5455 igitur
2987 5384 3105 5447 hac
3147 5384 3372 5454 quarstio
3414 5393 3533 5446 est,
3564 5399 3725 5447 quare

2143 5477 2412 5532 nonnullis
2434 5486 2690 5531 mutatum
2709 5476 2776 5531 sit
2793 5491 3008 5540 nomen,
3038 5474 3309 5529 nonnullis
3327 5488 3452 5527 vero
3473 5466 3723 5523 minime:

2141 5569 2304 5622 altera
2336 5583 2464 5621 vero
2498 5567 2566 5621 ab
2607 5567 2690 5620 illa
2712 5606 2728 5630 ,
2760 5581 2856 5620 cur
2892 5565 3105 5620 tandem
3148 5563 3418 5619 nonnullis
3472 5561 3647 5617 ittedio
3675 5575 3729 5614 tn

2138 5660 2312 5716 aetatis
2335 5658 2597 5722 decursu,
2629 5655 2899 5711 nonnullis
2927 5656 3087 5711 etiam
3129 5664 3411 5724 antequam
3442 5666 3729 5709 nasceren—

2143 5759 2261 5813 tur;
2290 5747 2449 5819 idquc
2478 5751 2527 5800 in
2558 5755 2782 5816 utroque
2810 5746 3173 5801 Testamento.
3203 5743 3310 5800 Nos
3338 5748 3513 5795 autem
3544 5746 3606 5793 ad
3634 5751 3736 5808 po-
