4096 6222
299 437 391 500 I27

297 556 685 632 μετωνομάσθη
707 571 721 584 ·
771 557 887 612 ἀλλ’
933 556 1097 621 ἕωλος
1142 550 1297 622 οὗτος
1348 560 1377 612 6
1425 556 1582 627 λόγος
1628 561 1721 613 καὶ
1763 560 1865 612 οὐκ

293 648 512 720 ἀληθὴς,
547 648 642 702 καὶ
675 647 765 700 διὰ
795 647 954 701 τοῦτο
983 647 1146 702 αὐτὸν
1178 648 1400 702 τέθεικα
1433 650 1513 712 εἰς
1553 650 1745 720 μέσον,
1784 649 1870 702 ἵνα

298 741 365 812 μὴ
398 738 824 812 παρακρούησθε
867 743 987 804 ταῖς
1018 739 1204 810 ψιλαῖς
1235 742 1604 811 αἰτιολογίαις.
1645 742 1868 814 Πρῶτον

297 832 387 903 μὲν
406 832 516 904 γάρ
541 833 591 884 οί
617 833 801 899 γονεῖς
820 831 972 903 αὐτῷ
998 832 1158 887 τοῦτο
1186 833 1461 887 τεθείκασι
1484 833 1723 905 τοῦνομα
1748 834 1870 905 οὐχὶ

292 924 562 996 προφῆται
603 940 748 987 τινες
792 923 964 988 ὄντες,
1021 926 1115 978 καὶ
1160 925 1221 978 τὸ
1261 925 1453 997 μέλλον
1502 926 1864 997 προορῶντες.

296 1020 517 1071 Ἔπειτα
558 1019 607 1071 εί
650 1016 741 1071 διὰ
787 1017 948 1071 τοῦτο
998 1018 1200 1082 Σαῦλος
1245 1017 1485 1086 ἐλέγετο,
1530 1018 1718 1092 ἐπειδὴ
1770 1017 1867 1090 τὴν

302 1107 620 1178 Ἐκκλησίαν
650 1106 872 1160 ἐσάλευε
902 1106 999 1159 καὶ
1027 1108 1343 1178 ἐτάραττεν,
1376 1106 1482 1159 ἔδει
1516 1108 1867 1177 παυσάμενον

291 1199 445 1253 αὑτὸν
483 1196 577 1251 τοῦ
620 1196 871 1251 σαλεύειν
917 1197 1017 1267 τὴν
1073 1195 1401 1267 Ἐκκλησίαν
1438 1195 1641 1259 εὐθέως
1675 1195 1768 1249 καὶ
1805 1194 1867 1248 τὸ

290 1291 453 1362 δνομα
507 1287 843 1344 ἀποθέσθαι·
900 1287 995 1341 νῦν
1046 1286 1103 1341 δὲ
1144 1286 1362 1359 ὁρῶμεν
1404 1287 1566 1341 αὑτὸν
1619 1285 1712 1339 τοῦ
1769 1286 1866 1357 μὲν

293 1381 447 1436 σάλου
472 1380 582 1434 τῶν
603 1380 745 1434 κατὰ
773 1380 872 1451 τῆς
907 1378 1231 1449 Ἐκκλησίας
1262 1379 1596 1441 ἀποστάντα,
1617 1376 1678 1431 τὸ
1697 1377 1868 1449 ὄνομα

289 1467 343 1527 δὲ
372 1473 457 1546 [Η
475 1472 520 1545 Ι]
555 1472 655 1525 οὐκ
681 1471 1042 1542 ἀποθέμενον,
1070 1469 1185 1524 ἀλλ’
1217 1470 1298 1523 ἔτι
1321 1470 1526 1524 Σαῦλον
1553 1469 1866 1541 λεγόμενον.

293 1562 389 1617 Kal
415 1563 507 1618 ἶνα
531 1561 605 1634 μὴ
630 1562 889 1633 νομίσητε
911 1562 993 1614 ὅτι
1018 1560 1501 1633 παρακρουόμενος
1527 1560 1672 1631 ὑμᾶς
1696 1560 1870 1614 ταῦτα

288 1655 447 1723 λέγω,
475 1652 681 1709 ἄνωθεν
702 1654 830 1724 ὑμῖν
851 1651 1010 1706 τοῦτο
1030 1651 1507 1724 ἀπαριθμήσομαι.
1544 1651 1871 1717 Ἐξέϐαλον

289 1747 390 1800 τὸν
421 1744 747 1814 Στέφανον,
785 1743 937 1814 φησὶ,
971 1743 1065 1796 καὶ
1099 1742 1492 1797 ἐλιθοϐόλουν
1517 1740 1736 1807 αὐτὸν,
1766 1740 1866 1795 καὶ

286 1841 338 1893 οι
362 1836 661 1908 μάρτυρες
689 1834 979 1891 ἀπέθεντο
1007 1834 1077 1888 τὰ
1100 1832 1297 1904 ἱμάτια
1322 1831 1522 1887 αὐτῶν
1545 1832 1705 1901 παρὰ
1727 1831 1869 1897 τοὺς

287 1928 476 1996 πόδας
522 1928 766 1983 νεανίου
806 1926 1184 1996 καλουμένου
1225 1926 1495 1979 Σαύλου·
1537 1924 1632 1977 καὶ
1669 1922 1868 1988 πάλιν,

286 2019 521 2087 Σαῦλος
564 2018 632 2073 δὲ
668 2017 749 2088 ἦν
780 2016 1170 2072 συνευδοκῶν
1204 2014 1279 2084 τῇ
1313 2014 1616 2085 ἀναιρέσει
1651 2013 1867 2068 αὑτοῦ·

285 2110 376 2164 καὶ
407 2109 665 2182 ἀλλαχοῦ,
699 2108 936 2176 Σαῦλος
966 2108 1035 2163 δὲ
1069 2108 1425 2177 ἐλυμαίνετο
1463 2108 1580 2175 τήν
1617 2106 1871 2173 Ἐκκλη-

284 2203 430 2257 σίαν
467 2203 619 2257 κατὰ
666 2203 808 2269 τοὺς
847 2202 1054 2266 οἴκους
1099 2202 1630 2269 είσπορευόμενος,
1668 2199 1873 2267 σύρων

284 2310 345 2348 τε
386 2292 615 2361 ἄνδρας
661 2293 758 2346 καὶ
796 2291 1121 2361 γυναῖκας·
1169 2290 1265 2344 καὶ
1298 2290 1490 2355 πάλιν,
1535 2289 1771 2355 Σαῦλος
1803 2288 1874 2342 δὲ

280 2383 367 2438 ἔτι
398 2382 677 2454 ἐμπνέων
704 2381 960 2451 ἀπειλῆς
986 2382 1081 2436 καί
1107 2382 1298 2451 φόνου
1323 2384 1410 2448 εις
1439 2380 1579 2448 τοὺς
1602 2378 1872 2450 μαθητὰς

282 2474 388 2529 τοῦ
418 2473 664 2542 Κυρίου·
695 2474 790 2527 καὶ
816 2472 997 2537 πάλιν,
1032 2473 1299 2527 ’Ἤκουσε
1327 2470 1539 2542 φωνὴν
1563 2470 1872 2541 λέγουσαν

277 2565 468 2632 αὐτῷ,
488 2567 706 2631 Σαοὺλ,
734 2565 953 2629 Σαοὺλ,
977 2566 1036 2619 τί
1052 2583 1129 2635 με
1154 2565 1424 2630 διώκεις;
1450 2563 1659 2618 Οὐκοῦν
1686 2563 1874 2618 ἐντεῦ-

280 2660 373 2712 θεν
411 2657 577 2712 αὐτὸν
608 2657 714 2711 ἔδει
753 2657 939 2711 λοιπὸν
977 2656 1281 2710 ἀποθέσθαι
1309 2655 1369 2710 τὸ
1395 2656 1588 2727 ὄνομα,
1630 2656 1725 2711 καὶ
1761 2656 1870 2728 γὰρ

281 2751 495 2820 ἀπέστη
525 2748 617 2804 τοῦ
642 2748 882 2806 διώκειν.
917 2749 983 2803 Τί
1010 2745 1139 2814 οὗν;
1166 2746 1368 2813 εὐθέως
1395 2748 1658 2816 ἀπέθετο;
1694 2748 1870 2803 Οὐδα-

288 2843 423 2911 μῶς,
457 2843 553 2896 καὶ
595 2840 751 2895 τοῦτο
803 2844 867 2896 ὲκ
907 2841 1017 2898 τῶν
1066 2842 1191 2913 ἑξῆς
1224 2841 1416 2913 δῆλον·
1468 2844 1722 2895 σκοπεῖτε
1772 2842 1866 2895 δέ·

295 2932 543 3002 Ἠγέρθη
588 2933 824 3000 Σαῦλος
856 2934 975 2989 ἀπὸ
1014 2933 1123 3002 τῆς
1167 2932 1311 3004 γῆς,
1345 2934 1444 2987 καὶ
1480 2935 1873 3005 ἀνεῳγμένων

285 3022 402 3077 τῶν
434 3022 765 3093 ὀφθαλμῶν
791 3024 980 3080 αὐτοῦ
1007 3024 1227 3079 οὐδένα
1256 3024 1475 3080 ἔϐλεπε
1494 3043 1507 3056 ·
1550 3026 1643 3079 καὶ⁵
1669 3025 1831 3080 πάλιν
1851 3041 1864 3055 ·

286 3112 430 3172 Ehe
462 3117 535 3170 δὲ
562 3117 778 3184 Κύριος
825 3115 906 3182 τῷ
964 3118 1228 3185 Ἀνανίᾳ·
1270 3118 1595 3187 Πορεύθητι
1635 3120 1725 3183 εἰς
1756 3117 1872 3186 τὴν

280 3209 481 3277 ῥύμην
526 3206 909 3278 καλουμένην
950 3207 1242 3274 Εὐθεῖαν,
1289 3207 1571 3277 εὑρήσεις
1603 3208 1673 3261 ἐν
1714 3208 1871 3276 οίκίᾳ

295 3299 482 3354 Ἰούδα
534 3299 772 3354 Σαῦλον
812 3300 1057 3369 ὀνόματι
1077 3315 1091 3330 ·
1143 3299 1237 3354 καὶ
1271 3299 1466 3366 πάλιν,
1502 3298 1810 3354 Εἰσελθὼν
1838 3302 1874 3353 ὁ

296 3392 568 3458 Ἀνανίας
605 3387 765 3456 εἶπε,
802 3391 1003 3445 Σαοὺλ
1037 3390 1297 3460 ἀδελφέ,
1330 3389 1677 3445 ἀπέσταλκά
1713 3408 1790 3461 με
1838 3394 1873 3446 ὁ

285 3485 523 3554 Κύριος,
554 3486 587 3538 ό
618 3483 824 3553 ὀφθείς
853 3494 952 3537 σοι
982 3484 1052 3536 ἐν
1084 3481 1158 3551 τῇ
1190 3481 1328 3549 όδῷ,
1360 3483 1463 3537 ἵνα
1494 3480 1868 3553 ἀναϐλέψῃς.

285 3572 416 3633 Εἶτα
443 3575 658 3649 ἡρξατο
684 3575 981 3646 κηρύσσειν
1021 3575 1116 3628 καὶ⁵
1147 3573 1365 3645 συνέχεε
1396 3575 1523 3636 τοὺς
1556 3574 1869 3642 Ἰουδαίους,

287 3671 376 3724 καὶ
412 3668 543 3723 οὐδὲ
580 3667 753 3731 οὕτως
778 3667 838 3720 τὸ
878 3667 1049 3736 ὄνομα
1081 3667 1336 3727 ἀπέθετο,
1390 3666 1503 3719 ἀλλ’
1550 3665 1628 3721 έτι
1668 3666 1874 3732 Σαῦλος

288 3760 524 3830 ἐλέγετο.
574 3757 870 3829 Ἑγνώσθη
906 3758 1036 3829 γὰρ,
1070 3758 1234 3830 φησὶ,
1280 3757 1362 3823 τῷ
1413 3758 1629 3823 Σαύλῳ
1671 3759 1709 3827 ἠ
1743 3757 1875 3811 ἐπι-

288 3853 470 3919 ϐουλὴ
521 3850 640 3904 τῶν
701 3846 1024 3905 Ἰουδαίων.
1072 3845 1194 3921 Ἀρ*
1241 3845 1336 3903 οὖν
1380 3848 1616 3903 ἐνταῦθα
1674 3849 1869 3919 μόνον;

287 3941 574 4014 Οὐδαμῶς,
609 3941 749 4009 ἀλλ’,
794 3939 1059 4010 Ἐγένετο
1096 3939 1293 4008 λιμὸς,
1333 3938 1487 4010 φησὶ.
1523 3939 1621 3992 καί
1647 3938 1874 4006 ὥρισαν

288 4036 337 4088 ot
359 4034 623 4106 μαθηταὶ
648 4033 879 4103 πέμψαι
902 4034 991 4099 είς
1027 4031 1405 4099 Ἰεροσόλυμα
1427 4029 1552 4096 τοῖς
1575 4030 1767 4100 ἁγίοις
1787 4032 1875 4098 εὶς

288 4124 621 4181 διακονίαν.
659 4125 980 4194 Ἔπεμψαν
1007 4121 1075 4176 δὲ
1105 4121 1201 4177 διὰ
1234 4120 1435 4192 χειρὸς
1464 4120 1739 4190 Βαρνάϐα
1773 4122 1873 4180 καὶ

290 4219 549 4274 Σαύλου.
600 4217 732 4271 Ἰδοὺ
770 4216 1009 4270 διακονεῖ
1043 4216 1155 4277 τοῖς
1186 4214 1383 4284 άγίοις,
1417 4215 1511 4269 καὶ
1554 4214 1635 4268 ἔτι
1671 4213 1876 4281 Σαῦλος

289 4304 530 4377 λέγεται.
559 4306 792 4379 Εἰσῆλθε
826 4306 920 4360 καὶ
955 4305 1094 4377 μετά
1122 4305 1297 4359 ταῦτα
1321 4304 1608 4376 Βαρνάϐας
1637 4307 1716 4370 είς
1757 4304 1877 4360 Ἀν-

290 4398 550 4471 τιόχειαν,
580 4400 675 4451 καὶ
705 4396 830 4450 ἰδὼν
860 4395 957 4469 τὴν
986 4396 1148 4467 χάριν
1185 4395 1281 4449 τοῦ
1308 4395 1446 4448 Θεοῦ
1465 4437 1482 4463 ,
1512 4398 1606 4450 καὶ
1629 4398 1713 4451 δτι
1737 4396 1876 4471 πλῆ-

292 4464 491 4561 θος-ἧν
528 4490 645 4542 ἐκεῖ
680 4486 837 4551 πολὺ,
1154 4487 1234 4549 εἰς
1271 4486 1484 4555 Ταρσὸν
1532 4464 1875 4559 ἀναζητῆεῖαι

294 4578 516 4635 Σαῦλον.
574 4579 706 4633 Ἰδοὺ
746 4577 842 4632 καὶ
874 4576 1199 4647 ἐπιστρέφει
1235 4576 1482 4640 πολλοὺς,
1533 4577 1627 4630 καλ¹
1672 4578 1875 4642 Σαῦλος

293 4669 504 4740 λέγεται
528 4688 543 4702 ·
576 4672 672 4725 καὶ
711 4670 873 4726 πάλιν
896 4688 909 4702 ·
956 4664 1181 4732 Ἦσαν,
1212 4668 1378 4741 φησὶν
1397 4712 1411 4734 ,
1442 4669 1512 4723 ἐν
1556 4670 1878 4741 Ἀντιοχείᾳ

295 4766 438 4819 κατὰ
470 4765 593 4833 τὴν
616 4760 816 4820 οὖσαν
853 4763 1222 4829 Ἐκκλησίαν
1258 4761 1557 4832 προφῆται
1593 4762 1693 4817 καί
1722 4761 1876 4817 διδά-

295 4864 533 4922 σκαλοι,
562 4858 806 4928 Συμεὼν
827 4860 859 4911 ό
884 4857 1254 4926 καλούμενος
1278 4856 1473 4926 Νίγερ,
1501 4855 1600 4910 καί
1623 4857 1876 4924 Λούκιος

296 4952 326 5005 ό
354 4951 707 5021 Κύρηναῖος,
742 4947 994 5015 Μαναήν
1022 4966 1086 5002 τε
1124 4947 1373 5017 Ἡρώδου
1414 4948 1519 5003 τοῦ
1548 4948 1875 5019 τετράρχου

298 5044 671 5114 σύντροφος,
725 5043 823 5096 καὶ
880 5040 1136 5105 Σαῦλος.
1202 5040 1332 5093 Ἰδοῦ
1401 5040 1494 5094 καὶ
1557 5041 1876 5108 διδάσκαλος

299 5135 510 5201 ἐγένετο
544 5135 640 5188 καὶ
671 5134 978 5206 προφήτης,
1027 5130 1121 5183 καὶ
1149 5128 1229 5182 ἔτι
1260 5128 1464 5192 Σαῦλος
1492 5130 1730 5199 ἐλέγετο.
1767 5132 1877 5186 Kal

301 5225 488 5289 πάλιν,
525 5225 1041 5294 Λειτουργούντων
1081 5218 1149 5274 δὲ
1186 5218 1386 5275 αὐτῶν
1423 5219 1499 5286 τῷ
1541 5223 1735 5290 Κυρίῳ
1776 5224 1875 5277 καὶ

299 5319 737 5383 νηστευόντων,
762 5310 892 5369 εἷπε
926 5311 990 5366 τὸ
1029 5310 1272 5381 Πνεῦμα
1298 5310 1363 5363 τὸ
1399 5310 1590 5381 ἅγιον·
1647 5312 1877 5382 Ἀφορί-

300 5407 446 5464 σατέ
465 5427 569 5479 μοι
599 5410 703 5462 τὸν
736 5404 1050 5475 Βαρνάϐαν
1074 5403 1172 5457 καὶ
1202 5401 1308 5456 τὸν
1339 5402 1599 5456 Σαῦλον.

368 5499 440 5570 γ’.
490 5500 621 5553 Ἰδοὺ
658 5499 755 5553 καὶ
782 5496 1099 5568 ἀφορίζεται
1137 5495 1243 5549 ὑπὸ
1273 5494 1366 5549 τοῦ
1404 5493 1744 5566 Πνεῦματος,
1780 5500 1878 5553 καὶ

300 5592 514 5647 οὐδέπω
535 5591 595 5644 τὸ
619 5590 792 5661 ὄνομα
820 5588 1157 5652 ἀποτίθεται,
1191 5587 1306 5642 ἀλλ’
1325 5589 1414 5641 ὅτε
1432 5582 1594 5658 ἦλθεν
1614 5589 1693 5654 είς
1708 5589 1880 5644 Σαλα-

307 5684 453 5754 μῖνα,
483 5683 575 5738 ὅτε
602 5682 694 5736 τὸν
719 5681 893 5753 μάγον
917 5674 1063 5751 εὗρε,
1089 5679 1210 5733 τότε
1245 5678 1409 5750 φησίν
1434 5680 1462 5733 6
1506 5680 1721 5745 Λουκᾶς
1751 5685 1876 5755 περὶ

304 5777 466 5833 αὐτοῦ
488 5796 500 5809 ·
531 5777 763 5844 Σαῦλος
784 5775 872 5838 δὲ,
903 5777 935 5829 ό
957 5775 1056 5829 καί
1092 5773 1352 5841 Παῦλος,
1376 5774 1672 5842 πλησθεὶς
1692 5777 1877 5832 Πνεύ.

299 5886 486 5938 ματος
526 5870 714 5940 ἁγίου,
748 5863 934 5921 εἶπεν.
976 5863 1255 5919 Ἐντεῦθεν
1287 5865 1319 5933 ἡ
1358 5863 1499 5936 ἀρχὴ
1529 5865 1626 5937 τῆς
1653 5884 1871 5939 μετονοο

1420 446 1508 505 DE
1540 442 1947 507 MUTATlONE
1990 437 2330 509 mmmam.
2366 451 2430 508 ll.

3455 454 3559 510 {23

1979 561 2177 630 μασίας
2206 559 2434 629 ἐγίνετο.
2458 559 2550 632 Μὴ
2575 561 2753 615 τοίνυν
2782 561 3160 633 ἀποκάμωμεν
3191 557 3281 615 τόν
3302 563 3427 634 περὶ
3447 562 3556 619 τῶν

1972 652 2248 723 ὀνομάτων
2293 650 2480 706 τοῦτον
2528 650 2815 724 ζητοῦντες
2848 653 3027 723 λόγον.
3087 652 3402 724 Ὀνομάτων
3442 656 3553 729 γάρ

1972 741 2189 813 εὕρεσις
2217 742 2311 795 καὶ
2341 743 2399 795 ὲν
2429 744 2538 807 τοῖς
2570 741 2844 813 βιωτικοῖς
2884 743 3174 815 πράγμασι
3205 744 3407 816 πολλὴν
3440 746 3557 818 ἔχει

1971 831 2069 916 τὴν
2101 832 2272 904 ἰσχύν.
2316 833 2429 887 Kal
2457 833 2568 905 γάρ
2596 834 3014 906 ἀναγνωρισμὸν
3058 834 3147 888 διὰ
3185 834 3385 889 πολλοῦ
3425 837 3555 909 χρό.

1971 941 2062 977 νου
2085 924 2346 989 πολλάκις
2374 926 2687 997 εἰργάσατο,
2717 926 2811 979 καὶ
2837 927 3159 995 συγγένειαν
3182 927 3556 984 λανθάνουσαν

1970 1016 2317 1088 ἐφανέρωσεν
2346 1016 2627 1088 ὀνομάτων
2651 1015 2887 1088 εὕρεσις,
2911 1020 3004 1070 καὶ
3028 1018 3469 1091 ἀμφισϐητήσεις
3496 1020 3554 1072 ὲν

1969 1107 2307 1178 δικαστηρίῳ
2338 1107 2526 1171 ἔλυσε,
2562 1107 2657 1161 καὶ
2697 1107 2876 1179 μάχας
2922 1108 3160 1176 καθεῖλε,
3197 1110 3291 1162 καὶ
3320 1109 3557 1180 πόλεμον

1969 1200 2191 1255 ἔσϐεσεν
2218 1201 2500 1273 ὀνομάτων
2528 1196 2766 1272 εὕρεσις,
2796 1201 2888 1255 καὶ
2914 1202 3173 1267 πολλάκις
3201 1202 3457 1267 ὑπόθεσις
3487 1204 3560 1256 εί-

1972 1293 2140 1364 ρήνης
2162 1291 2406 1362 γέγονεν.
2440 1294 2503 1347 Εἰ
2531 1293 2588 1346 δὲ
2623 1295 2680 1346 ἐν
2710 1296 2821 1357 τοῖς
2852 1293 3126 1363 βιωτικοῖς
3152 1294 3445 1366 πράγμασι
3472 1300 3560 1349 :0-

1972 1378 2196 1455 σαύτηη
2225 1382 2457 1454 δύναμις
2480 1382 2580 1455 τῆς
2605 1383 2715 1436 τῶν
2745 1385 3026 1455 ὀνομάτων
3054 1385 3346 1456 εὑρέσεως,
3377 1384 3563 1458 πολλῷ

1974 1475 2174 1546 μᾶλλον
2217 1477 2274 1528 ὲν
2308 1478 2422 1539 τοῖς
2455 1480 2871 1546 πνευματικοῖς.
2917 1476 3191 1548 Πρότερον
3243 1477 3301 1530 δὲ
3340 1477 3559 1547 ἀνάγκη

1971 1565 2110 1620 αὐτὰ
2145 1564 2214 1618 τά
2265 1563 2551 1638 ζητήματα
2598 1566 2871 1637 διακρῖναι
2924 1566 3064 1636 μετά
3102 1567 3409 1638 ἀκριϐείας.
3446 1569 3556 1638 Ζη-

1971 1658 2144 1709 τεῖται
2182 1652 2360 1710 τοίνυν
2413 1654 2565 1729 [ΗΞ]
2603 1656 2819 1728 πρῶτον
2858 1656 2980 1727 μὲν,
3024 1655 3115 1710 διά
3149 1657 3203 1711 τί
3231 1657 3337 1710 τῶν
3387 1655 3558 1725 ἁγίων

1971 1751 2095 1813 τοὺς
2126 1747 2223 1818 μὲν
2246 1748 2530 1819 ὠνόμασεν
2561 1751 2588 1802 6
2610 1747 2762 1814 Θεὸς,
2790 1749 2915 1810 τοὺς
2937 1748 2992 1801 δὲ
3018 1747 3119 1801 οῦκ
3146 1748 3450 1820 ὠνόμασεν.
3481 1749 3555 1803 Οὐ

1972 1840 2080 1912 γὰρ
2112 1839 2176 1911 δὴ
2210 1839 2419 1902 πάντας
2442 1839 2567 1903 τοὺς
2598 1839 2788 1907 ἁγίους
2815 1837 2980 1901 αὐτὸς
3012 1837 3318 1909 ὠνόμασεν,
3353 1836 3476 1889 οὔτε
3501 1837 3559 1888 ὲν

1971 1932 2037 2002 τῇ
2073 1931 2249 2000 Καινῇ
2271 1972 2285 1994 ,
2328 1927 2452 1982 οὔτε
2493 1930 2551 1982 ὲν
2579 1931 2645 2000 τῇ
2676 1930 2891 2000 Παλαιᾷ
2910 1945 2923 1958 ·
2960 1929 3052 1982 καὶ
3079 1930 3216 1999 ὅπερ
3246 1928 3471 1996 γέγονεν
3502 1928 3560 1980 ἐν

1970 2025 2036 2094 τῇ
2062 2024 2259 2093 Καινῇ,
2283 2022 2442 2076 τοῦτο
2469 2022 2563 2076 καλ.
2591 2025 2648 2076 ὲν
2674 2024 2740 2093 τῇ
2769 2021 3002 2093 Παλαιᾷ,
3030 2022 3119 2074 ἵνα
3144 2021 3341 2093 μάθῃς,
3371 2021 3451 2073 ὅτι
3478 2014 3561 2082 εἷς

1970 2117 2118 2169 ἐστιν
2151 2117 2180 2169 6
2207 2115 2486 2186 Δεσπότης
2524 2114 2803 2187 ἑκατέρων
2835 2113 2945 2167 τῶν
2991 2112 3287 2182 διαθηκῶν.
3328 2111 3416 2165 Ἑν
3459 2111 3560 2180 μὲν

1969 2203 2064 2262 οῦν
2104 2209 2170 2280 τῇ
2215 2208 2391 2278 Καινῇ
2434 2206 2527 2259 τὸν
2566 2205 2786 2277 Σίμωνα
2834 2207 2863 2259 6
2904 2204 3140 2276 Χριστὸς
3171 2204 3376 2273 Πέτρον
3422 2202 3561 2256 ὠνό-

1974 2318 2136 2374 μασε,
2174 2299 2267 2354 καὶ
2298 2298 2370 2353 τά
2401 2298 2567 2352 τέκνα
2605 2297 2893 2352 Ζεϐεδαίου
2941 2294 3197 2349 Ἰάκωϐον
3233 2295 3326 2347 καὶ
3370 2294 3556 2348 Ἰωάν-

1970 2411 2070 2466 νην
2101 2388 2262 2455 Υίοὺς
2308 2390 2561 2461 βροντῆς,
2592 2390 2815 2450 τούτους
2864 2386 3086 2459 μόνους·
3126 2384 3235 2438 τῶν
3266 2384 3321 2438 δὲ
3353 2384 3557 2438 λοιπῶν

1973 2482 2231 2558 μαθητῶν
2263 2483 2484 2544 οὐδένα,
2511 2480 2626 2537 ἀλλ’
2668 2480 2880 2550 ἀφῆκεν
2908 2477 3108 2540 αὐτοὺς
3141 2477 3198 2529 ἐν
3235 2478 3355 2541 ταῖς
3386 2492 3558 2546 προσ-

1968 2575 2244 2647 ηγορίαις,
2277 2576 2335 2627 ὲν
2363 2566 2450 2637 αἶς
2480 2571 2663 2625 ἔθεντο
2690 2570 2888 2633 αὐτοὺς
2909 2569 2959 2621 οἱ
2989 2570 3169 2637 γονεῖς
3190 2568 3249 2634 ἐξ
3280 2567 3474 2639 ἀρχῆς·
3500 2570 3558 2620 ὲν
3587 2562 3591 2566 ’

1967 2667 2025 2721 δὲ
2058 2670 2125 2739 τῇ
2168 2666 2381 2737 Παλαιᾷ
2408 2664 2501 2718 τὸν
2548 2663 2800 2734 Ἀϐραάμ
2831 2663 2859 2716 6
2904 2660 3037 2723 Θεὸς
3070 2659 3421 2730 μετωνόμασε
3464 2658 3561 2711 καὶ

1968 2758 2061 2811 τὸν
2102 2757 2295 2812 Ἰακώϐ
2317 2773 2328 2786 ·
2360 2755 2485 2809 οὔτε
2516 2754 2571 2808 δὲ
2606 2753 2700 2808 τὸν
2737 2752 2958 2823 Ἰωσὴφ,
2996 2749 3122 2805 οῦτε
3154 2751 3247 2804 τὸν
3277 2748 3553 2821 Σαμουὴλ,

1967 2850 2091 2903 οὔτε
2115 2849 2206 2902 τὸν
2231 2845 2415 2911 Δαυῖδ,
2441 2846 2565 2901 οὔτε
2596 2846 2688 2899 τὸν
2726 2845 2931 2911 Ἠλίαν,
2960 2841 3083 2897 οὔτε
3104 2842 3195 2896 τὸν
3230 2842 3555 2904 Ἐλισσαῖον,

1967 2941 2092 2996 οὔτε
2139 2942 2265 3004 τοὺς
2303 2939 2526 3002 λοιποὺς
2574 2937 2893 3011 προφήτας,
2943 2934 3060 2989 ἀλλ’
3110 2934 3323 3005 ἀφῆκεν
3360 2933 3557 2997 αὐτοὺς

1968 3032 2061 3085 ἐπὶ
2090 3029 2194 3102 τῆς
2237 3026 2609 3101 προσηγορίας
2642 3026 2826 3097 μένειν
2853 3025 2953 3095 τῆς
2992 3025 3049 3077 ὲν
3087 3023 3253 3095 ἀρχῇ.
3311 3023 3408 3075 Ἓν
3458 3022 3558 3092 μὲν

1967 3119 2126 3175 τοῦτο
2179 3116 2395 3191 πρῶτον
2444 3115 2669 3187 ζήτημά
2709 3116 2847 3179 ἐστι,
2898 3112 2990 3167 διὰ
3039 3113 3093 3166 τί
3140 3112 3250 3165 τῶν
3295 3112 3464 3180 ἁγίων
3505 3112 3556 3164 οἱ

1971 3212 2071 3282 μὲν
2128 3207 2663 3282 μετωνομάσθησαν,
2706 3206 2756 3259 οί
2800 3204 2855 3258 δὲ
2902 3202 2998 3258 οὗ·
3045 3203 3294 3274 δεύτερον
3339 3202 3394 3255 δὲ
3436 3204 3555 3272 μετ’

1968 3304 2162 3370 ἐκεῖνο,
2196 3300 2283 3355 διὰ
2306 3300 2360 3354 τί
2387 3297 2592 3354 τούτων
2625 3298 2675 3352 οἱ
2710 3298 2807 3368 μὲν
2844 3297 2902 3349 ὲν
2933 3295 3075 3370 μέσῃ
3102 3297 3170 3367 τῇ
3213 3293 3399 3366 ἡλικίᾳ
3434 3309 3556 3365 μετ-

1966 3394 2331 3467 ωνομάζοντο,
2352 3393 2401 3446 οί
2427 3391 2483 3445 δὲ
2511 3389 2571 3456 ἐξ
2592 3390 2768 3463 ἀρχῆς
2790 3430 2804 3454 ,
2836 3388 2933 3442 καλ⁵
2958 3387 3065 3460 πρὸ
3097 3386 3274 3441 αὐτῶν
3303 3385 3410 3440 τῶν
3428 3384 3558 3440 ὠδί-

1969 3504 2099 3542 νων.
2132 3486 2237 3540 Τὸν
2260 3486 2360 3557 μὲν
2386 3484 2496 3556 γὰρ
2526 3482 2732 3555 Πέτρον
2756 3482 2851 3536 καὶ
2888 3478 3144 3536 Ἰάκωϐον
3172 3479 3266 3532 καὶ
3303 3479 3558 3549 Ἰωάννην

1969 3581 2029 3632 ὲν
2058 3578 2198 3650 μέσῃ
2227 3580 2295 3649 τῇ
2325 3575 2516 3649 ἡλικίᾳ
2548 3575 2932 3646 μετωνόμασεν
2958 3573 2985 3625 ὁ
3014 3573 3057 3625 Χ
3067 3570 3269 3644 ριστός·
3306 3570 3560 3640 Ἰωάννην

1970 3672 2029 3726 δὲ
2047 3672 2139 3725 τὸν
2164 3670 2478 3742 Βαπτιστὴν
2508 3668 2615 3740 πρὸ
2637 3667 2821 3722 αὐτῶν
2849 3668 2954 3721 τῶν
2984 3664 3209 3719 ὠδίνων.
3226 3660 3416 3719 Ἦλθε
3450 3664 3559 3733 γὰρ

1970 3760 2226 3833 ἄγγελος
2272 3761 2516 3829 Κυρίου,
2546 3759 2645 3812 καὶ
2689 3753 2846 3812 εἷπε·
2873 3754 2965 3824 Μὴ
3004 3756 3214 3825 φοϐοῦ,
3259 3754 3555 3824 Ζαχαρία·

1975 3851 2103 3905 ιδοὺ
2136 3851 2176 3918 ἡ
2217 3850 2371 3921 γυνή
2412 3867 2529 3904 σου
2589 3847 2899 3903 Ἐλισάϐετ
2953 3846 3183 3910 τέξεται
3240 3845 3403 3908 υἱὸν,
3460 3844 3559 3898 καὶ

1972 3940 2249 4006 καλέσεις
2280 3940 2345 3994 τὸ
2369 3940 2557 4008 ὄνομα
2585 3938 2772 3993 αὐτοῦ
2813 3938 3108 4004 Ἰωάννην.
3132 3932 3285 3997 Εἶδες
3313 3935 3430 3997 πῶς
3453 3935 3560 4005 πρὸ

1970 4032 2079 4087 τῶν
2108 4031 2313 4086 ὠδίνων
2342 4033 2375 4103 ἡ
2417 4029 2795 4102 προσηγορία;
2835 4027 3006 4081 Τοῦτο
3031 4028 3127 4081 καὶ
3154 4028 3212 4079 ἐν
3243 4027 3308 4098 τῇ
3343 4026 3559 4094 Παλαιᾷ

1973 4126 2217 4197 γέγονεν.
2251 4125 2460 4196 Ὠσπερ
2485 4122 2595 4195 γὰρ
2631 4122 2690 4177 ὲν
2722 4123 2790 4193 τῇ
2818 4122 2994 4192 Καινῇ
3038 4122 3067 4174 6
3099 4118 3199 4191 μὲν
3230 4119 3435 4191 Πέτρος
3465 4118 3558 4171 καὶ

1985 4217 2241 4282 Ἰάκωϐος
2264 4216 2359 4271 xal
2393 4216 2647 4287 Ἰωάννης
2676 4216 2756 4278 είς
2777 4213 2978 4286 ἄνδρας
3000 4213 3282 4277 τελοῦντες
3316 4228 3557 4283 μετωνο-

1977 4308 2290 4381 μάσθησαν,
2332 4308 2427 4362 καὶ
2470 4306 2733 4377 διώνυμοι
2776 4305 3100 4376 γεγόνασιν,
3151 4306 3403 4374 Ἰωάννης
3439 4304 3496 4357 δὲ
3528 4305 3558 4357 6

1974 4400 2285 4472 Βαπτιστὴς
2331 4399 2437 4472 πρὸ
2484 4396 2663 4452 αὐτῶν
2705 4397 2815 4450 τῶν
2854 4395 3059 4449 ὠδίνων
3103 4397 3198 4447 καὶ
3235 4393 3341 4448 τῶν
3383 4393 3559 4447 τόκων

1973 4490 2134 4545 ἔλαϐε
2162 4491 2261 4563 τὴν
2285 4488 2678 4561 προσηγορίαν·
2709 4485 2853 4540 οὕτω
2875 4485 2970 4539 καὶ
2995 4487 3052 4538 ὲν
3076 4487 3138 4555 τῇ
3164 4483 3372 4556 Παλαιᾲ
3398 4484 3426 4536 6
3458 4483 3558 4554 μὲν

1987 4580 2239 4654 ’Δϐραάμ
2276 4581 2371 4636 καὶ
2411 4576 2606 4632 Ἰακὼϐ
2642 4578 2699 4630 ὲν
2731 4576 2870 4648 μέσῃ
2906 4578 2972 4647 τῇ
3017 4574 3203 4646 ἡλικίᾳ
3238 4576 3559 4647 μετωνομά-

1974 4676 2166 4741 ζοντο·
2214 4675 2244 4727 6
2306 4673 2405 4744 μὲν
2454 4670 2563 4743 γὰρ
2610 4669 2855 4724 ἐκαλεῖτο
2917 4670 3163 4741 ’Λϐράμ,
3206 4671 3301 4723 καὶ
3356 4669 3555 4742 ἐκλήθη

1987 4766 2272 4841 Ἁϐραάμ·
2307 4767 2335 4820 6
2366 4764 2423 4819 δὲ
2462 4763 2709 4818 ἐκαλεῖτο
2751 4761 2966 4827 Ἰακὼϐ,
3000 4761 3203 4835 ἐκλήθη
3224 4763 3279 4817 δὲ
3318 4761 3558 4836 Ἰσραήλ.

1986 4861 2044 4915 Ὀ
2076 4859 2135 4913 δὲ
2186 4857 2374 4913 Ἰσαάκ
2402 4857 2505 4911 οὐκ
2546 4856 2627 4910 ἔτι
2673 4855 2871 4920 οὕτως,
2908 4855 3049 4910 ἀλλὰ.
3089 4856 3201 4927 πρὸ
3235 4856 3415 4911 αὐτῶν
3449 4856 3560 4911 τῶν

1974 4953 2179 5008 ὠδίνων
2209 4952 2269 5007 τὸ
2296 4951 2468 5022 δνομα
2497 4949 2710 5021 δέχεται
2731 4965 2744 4978 ·
2780 4949 2874 5001 καὶ
2905 4948 3159 5020 καθάπερ
3186 4949 3304 5002 ἐκεῖ
3328 4951 3356 5003 6
3386 4949 3557 5017 ἄγγει

1972 5047 2064 5110 λος
2098 5043 2284 5099 εἶπεν·
2329 5043 2392 5098 Ἠ
2431 5039 2586 5113 γυνή
2622 5058 2739 5097 σου
2765 5041 3028 5110 λήψεται
3058 5040 3127 5094 ἐν
3167 5040 3412 5110 γαστρί,
3457 5041 3555 5093 καί

1974 5137 2206 5203 τέξεται
2224 5135 2381 5199 υἱὸν,
2398 5134 2497 5188 καὶ
2522 5132 2805 5198 καλέσεις
2834 5131 2901 5186 τὸ
2926 5131 3115 5201 ὄνομα
3141 5131 3328 5185 αὑτοῦ
3365 5129 3551 5183 Ἰωάν-

1974 5246 2091 5298 νην
2114 5242 2128 5257 ·
2178 5226 2324 5281 οὕτω
2375 5224 2472 5279 καὶ
2519 5223 2757 5279 ἐνταῦθα
2810 5225 2839 5276 6
2901 5222 3035 5285 Θεὸς
3096 5216 3220 5275 εἷπε
3274 5220 3410 5292 πρὸς
3465 5220 3535 5273 τὸ·

1988 5318 2239 5392 ’Δϐραάμ
2259 5333 2274 5349 ·
2322 5318 2394 5372 Ἠ
2435 5314 2594 5385 γυνή
2644 5332 2759 5369 σου
2797 5312 2997 5383 Σάρῤα
3031 5312 3263 5377 τέξεται
3289 5310 3425 5367 υἱὸν
3457 5327 3529 5365 κο

1974 5412 2259 5477 καλέσεις
2277 5407 2346 5463 τὸ
2364 5408 2552 5477 ὄνομα
2575 5405 2762 5461 αὐτοῦ
2796 5404 3012 5459 Ἰσαάκ.
3044 5404 3139 5457 Ἓν
3164 5403 3266 5473 μὶν
3285 5398 3379 5457 οὖν
3400 5401 3563 5457 τοῦτο

1975 5505 2221 5579 ζήτημα,
2250 5503 2396 5566 τίνος
2418 5501 2605 5553 ἕνεκεν
2642 5500 2690 5552 οἱ
2734 5498 2835 5568 μὲν
2878 5494 3397 5569 μετωνομάσθησαν,
3426 5496 3475 5549 οί
3499 5495 3558 5551 δὲ

1974 5598 2190 5654 οὐκέτι·
2221 5594 2472 5666 δεύτερον
2494 5591 2549 5646 δὲ
2589 5589 2706 5663 μετ’
2739 5590 2937 5652 έκεῖνο,
2969 5588 3021 5640 τί
3043 5587 3244 5658 δήποτε
3276 5589 3326 5641 οἱ
3362 5587 3460 5660 μὲν
3497 5590 3559 5642 ἐν

1979 5687 2122 5762 μέσῃ
2156 5687 2220 5757 τῇ
2253 5681 2462 5756 ἡλικίᾳ,
2491 5680 2542 5733 οἱ
2580 5679 2637 5734 δὲ
2672 5679 2780 5750 πρὸ
2810 5676 2991 5732 αὐτῶν
3028 5676 3136 5730 τῶν
3176 5675 3415 5741 ὠδίνων,
3461 5678 3560 5732 xal

1976 5780 2152 5836 ταῦτα
2183 5776 2279 5848 μὲν
2304 5776 2363 5829 ιν
2394 5772 2684 5845 ἑκατέραις
2711 5770 3030 5846 Διαθήκαις.
3077 5769 3267 5841 Ἡμεῖς
3291 5769 3348 5825 δλ
3376 5767 3467 5825 ἐπὶ
3492 5762 3556 5821 τὸ

1979 5870 2234 5939 δεύτερον
2277 5868 2443 5935 ἴωμεν
2482 5864 2746 5934 πρότερον
2768 5877 2784 5895 ·
2821 5863 2964 5919 οὕτω
2994 5863 3101 5931 γάο
3142 5864 3235 5918 καὶ
3264 5863 3439 5917 ἐκεῖνο
3461 5873 3555 5911 σα·
