4096 6222
389 381 494 443 ηε)

371 495 666 549 stetiorem
695 494 844 564 prius
869 494 1274 565 aggrediamur;
1309 494 1386 549 sic
1415 495 1556 548 enim
1589 495 1733 564 prior
1760 509 1970 563 quoque

377 587 665 649 dilueidior
695 586 784 642 fiet
812 604 825 640 :
855 601 1055 657 eosque
1096 588 1184 656 qui
1223 586 1290 642 ah
1332 585 1483 641 initio
1521 601 1713 641 nomen
1745 600 1972 655 accepe-

380 687 510 734 runt
529 678 824 744 videamus,
844 695 906 734 ac
932 677 1256 749 pedetentim
1275 677 1627 733 ascendentes
1650 675 1714 730 ad
1740 679 1970 746 primum

380 769 657 825 hominem
681 771 983 835 veniamus,
1006 769 1090 824 cui
1119 784 1149 823 a
1179 770 1286 824 Deo
1315 783 1507 823 nomen
1533 776 1617 822 est
1639 765 1970 836 impositum,

366 873 426 917 ut
466 861 535 916 ab
566 861 684 930 ipso
713 860 866 916 initio
895 861 1252 931 quaestionum
1283 859 1479 914 solutio
1504 859 1792 914 derivetur.

459 951 614 1006 Terra
640 953 777 1024 virgo
807 951 969 1006 Edem
989 998 1004 1021 ,
1059 951 1281 1022 Virginis
1315 951 1494 1005 Matris
1522 952 1708 1022 ﬁgura.
1740 981 1810 990 —
1843 949 1974 1017 Quis

377 1059 513 1116 ergo
544 1045 691 1114 prius
726 1059 755 1097 a
800 1045 910 1100 Deo
953 1059 1146 1099 nomen
1189 1043 1432 1112 accepit?
1474 1044 1602 1111 Quis
1631 1058 1758 1098 vero
1795 1043 1932 1097 alius
1955 1083 1970 1108 ,

376 1152 544 1206 quam
565 1137 655 1207 qui
679 1136 882 1206 primus
907 1135 1166 1191 formatus
1190 1138 1306 1190 est?
1331 1135 1512 1205 Neque
1539 1135 1680 1190 enim
1705 1134 1840 1188 alius
1860 1143 1974 1187 erat

381 1228 570 1294 homo,
616 1227 704 1281 cui
774 1231 969 1283 nomen
1027 1237 1204 1298 posset
1260 1227 1479 1297 imponi.
1532 1226 1759 1292 Qualem
1818 1225 1975 1294 igitur

379 1320 794 1390 appellationem
867 1321 1114 1390 accepit?
1177 1320 1345 1374 Adam
1396 1335 1526 1374 voce
1580 1318 1838 1373 llebraica
1889 1318 1974 1371 di-

377 1423 502 1464 ctus
543 1419 628 1466 est
678 1427 692 1462 :
748 1427 920 1483 neque
962 1412 1104 1467 enim
1163 1411 1407 1468 Graecum
1465 1421 1546 1466 est
1587 1427 1820 1473 nomen.
1880 1412 1972 1467 sed

378 1500 436 1554 in
483 1500 723 1556 Graecam
770 1503 1001 1573 linguam
1044 1519 1255 1558 versum
1314 1504 1442 1558 nihil
1483 1503 1625 1558 aliud
1669 1503 1971 1573 signiticat,

377 1608 546 1662 quam
589 1603 858 1649 terrenum
903 1611 916 1647 :
958 1595 1214 1664 siquidem
1260 1594 1426 1650 Edem
1473 1605 1666 1649 terram
1717 1594 1973 1664 virginem

381 1686 737 1748 souat;talis
795 1701 954 1755 porro
993 1687 1089 1740 fuit
1145 1687 1292 1741 locus
1350 1687 1474 1749 ille,
1523 1686 1574 1739 in
1626 1701 1731 1755 quo
1762 1685 1973 1754 paradi-

379 1789 504 1830 sum
529 1774 668 1830 Deus
705 1776 978 1845 plantavit.
1007 1775 1262 1830 Plantauit
1285 1778 1418 1830 enim
1452 1774 1609 1840 Deus,
1640 1776 1806 1844 inquit
1827 1775 1974 1830 Scri«

379 1875 540 1935 plura
565 1909 580 1934 ,
614 1869 908 1936 paradisum
936 1871 987 1923 in
1018 1868 1176 1923 Edent
1203 1869 1270 1922 ad
1298 1868 1554 1923 Orientem
1587 1867 1750 1938 (Gen.
1781 1868 1836 1922 2.
1863 1867 1932 1932 8)
1959 1885 1972 1931 ;

380 1969 444 2014 ut
484 1961 750 2032 intelligas
791 1978 896 2016 non
944 1961 1295 2017 humanarum
1342 1978 1478 2032 opus
1519 1978 1770 2017 mentium
1813 1961 1976 2016 fuisse

378 2053 689 2122 paradisum
722 2073 735 2108 :
765 2054 1026 2126 siquidem
1051 2065 1189 2111 terra
1223 2056 1320 2111 fuit
1344 2057 1513 2127 virgo,
1538 2071 1655 2126 qua:
1683 2071 1856 2125 neque
1877 2071 1974 2109 vo-

378 2159 584 2201 merem
615 2157 841 2217 experta
868 2157 984 2202 erat
1007 2190 1020 2212 ,
1050 2165 1222 2220 neque
1247 2150 1398 2205 sulco
1427 2160 1664 2216 exarata,
1695 2150 1789 2205 sed
1819 2150 1976 2204 nullis

376 2235 739 2306 agricolarum
792 2239 1038 2293 manibus
1080 2239 1220 2293 culta
1263 2241 1380 2295 solo
1411 2243 1564 2310 jussu
1608 2240 1813 2310 plantas
1859 2240 1976 2294 illas

375 2329 732 2398 germinarat.
769 2329 1056 2398 Propterea
1098 2330 1265 2385 Edem
1298 2331 1440 2384 illam
1482 2332 1807 2400 appellavit,
1835 2333 1975 2402 quod

380 2431 586 2473 terram
618 2421 876 2492 virginem
907 2422 1187 2491 signiﬁcat.
1219 2423 1344 2478 ll:cc
1371 2423 1521 2493 virgo
1565 2423 1727 2492 ﬁgura
1760 2425 1977 2494 virginis

379 2510 530 2564 illius
561 2511 676 2565 fuit.
704 2511 834 2566 Nam
866 2513 1315 2581 quemadmodum
1353 2523 1490 2569 terra
1524 2515 1621 2569 ista
1651 2516 1795 2570 nullo
1821 2531 1978 2572 exec-

381 2608 479 2668 pto
507 2602 713 2656 semine
748 2603 1051 2672 paradisum
1090 2603 1244 2658 nobis
1281 2605 1598 2673 germinavit
1634 2624 1647 2659 :
1689 2607 1767 2663 sic
1793 2617 1848 2662 et
1888 2608 1976 2664 illa

378 2692 530 2747 nullo
551 2693 649 2747 viri
673 2695 878 2748 semine
899 2705 1148 2764 suscepto
1168 2693 1436 2750 Christum
1461 2697 1614 2752 nobis
1633 2698 1972 2768 germinavit.

377 2783 608 2852 Quando
639 2784 798 2855 igitur
821 2784 962 2840 dicet
991 2786 1081 2840 tibi
1110 2785 1326 2840 Judzcus
1346 2827 1360 2850 ,
1391 2785 1672 2855 Quomodo
1700 2789 1852 2859 virgo
1882 2805 1976 2858 pe-

382 2873 559 2942 perit?
583 2875 745 2930 dictu
773 2875 849 2930 illi
875 2893 888 2928 :
912 2876 1193 2942 Quomodo
1216 2886 1355 2932 terra
1378 2878 1526 2948 virgo
1545 2878 1835 2948 stupendas
1857 2879 1976 2934 illas

378 2963 604 3020 arbores
645 2966 994 3035 germinavit?
1023 2966 1294 3036 Siquidem
1338 2967 1558 3023 Hebraea
1591 2972 1772 3039 lingua
1807 2969 1973 3024 Edcm

380 3054 582 3110 dicitur
601 3064 740 3110 terra
765 3056 911 3128 virgo
940 3074 952 3110 :
981 3057 1123 3127 quod
1149 3059 1192 3113 si
1221 3058 1380 3114 fidem
1408 3057 1603 3114 habere
1623 3059 1744 3130 quis
1766 3069 1970 3128 renuat,

381 3146 623 3202 Hebrmzc
645 3149 836 3218 lingua:
855 3150 1056 3219 peritos
1082 3150 1395 3220 interroget,
1419 3160 1472 3205 et
1496 3149 1631 3205 hanc
1651 3165 1830 3206 veram
1855 3165 1975 3207 esse

383 3239 618 3295 nominis
641 3239 803 3294 [idem
837 3240 1325 3310 interpretationem
1349 3242 1661 3310 comperiet.
1692 3240 1808 3296 Non
1829 3242 1972 3297 enim

381 3332 637 3402 quoniam
660 3346 754 3386 eos
773 3333 1097 3402 alloquimur
1110 3333 1198 3403 qui
1223 3333 1452 3403 linguam
1478 3333 1619 3387 illam
1641 3349 1748 3389 non
1771 3341 1971 3401 tenent,

379 3424 586 3479 idcirco
602 3440 694 3478 vos
718 3427 877 3482 velim
900 3426 1084 3480 fallere
1115 3442 1129 3478 :
1159 3425 1251 3481 sed
1269 3427 1318 3480 in
1336 3426 1385 3480 id
1410 3442 1572 3480 unum
1593 3427 1968 3493 incumbimus,

380 3527 433 3569 ut
464 3516 899 3589 inexpugnabiles
924 3534 1016 3573 vos
1039 3519 1348 3583 reddamus,
1373 3530 1425 3573 et
1449 3530 1714 3590 tamquam
1739 3536 1974 3589 pra‘scn-

382 3610 528 3664 tibus
556 3611 782 3664 inimicis
809 3613 896 3682 qni
930 3613 1028 3666 ista
1057 3622 1339 3679 noverunt,
1369 3613 1438 3667 ita
1470 3625 1660 3668 cuncta
1691 3614 1975 3686 diligenter

382 3701 816 3770 interpretamur.
845 3704 1104 3771 Quoniam
1136 3705 1298 3775 igitur
1321 3721 1386 3760 ex
1413 3705 1574 3761 [idem
1605 3714 1743 3760 terra
1772 3707 1974 3777 virgine

381 3792 641 3848 formatus
665 3803 746 3848 est
778 3794 936 3849 homo
957 3836 973 3861 ,
1007 3797 1162 3850 matri
1191 3796 1525 3866 cognominis
1554 3796 1722 3850 Adam
1754 3807 1973 3852 vocatus

379 3894 486 3940 est.
507 3885 578 3939 Ita
603 3886 801 3940 faciunt
825 3886 1070 3943 homines
1095 3903 1327 3958 quoque,
1354 3888 1551 3942 liberos
1571 3888 1660 3956 qui
1683 3898 1974 3943 nascuntur

380 3991 527 4046 smpe
564 3977 868 4033 nominibus
907 3988 1138 4033 matrum
1181 3978 1489 4048 appellant:
1524 3977 1595 4031 ita
1643 3977 1781 4032 Deus
1809 3979 1972 4032 etiam

381 4067 668 4122 formatum
691 4084 753 4123 ex
785 4077 921 4123 terra
951 4069 1241 4135 hominem,
1265 4067 1330 4123 de
1351 4067 1567 4123 nomine
1593 4067 1778 4123 matris
1803 4069 1972 4124 Adam

380 4159 535 4214 dixit.
571 4158 659 4212 Illa
685 4159 850 4213 Edem
872 4199 886 4224 ,
920 4159 1005 4214 hic
1034 4159 1226 4214 Adam.

454 4251 509 4305 4.
541 4251 644 4306 Sed
675 4268 794 4322 quae
821 4252 1032 4308 tandem
1075 4252 1199 4308 inde
1240 4252 1477 4308 dimanat
1519 4253 1756 4310 utilitas?
1789 4253 1972 4310 Homi-

382 4359 481 4398 nes
507 4344 648 4398 enim
676 4345 889 4400 nomine
918 4355 1144 4400 matrum
1172 4354 1364 4400 vocant
1385 4387 1400 4407 .
1432 4347 1501 4402 ob
1529 4346 1784 4403 honorem
1815 4365 1972 4419 quem

381 4433 632 4490 deferunt
677 4436 970 4499 matribus,
1017 4452 1134 4506 qua:
1183 4447 1503 4508 pepererunt
1551 4455 1564 4490 :
1613 4438 1753 4493 Deus
1795 4449 1972 4495 autem

382 4543 544 4596 quam
567 4529 636 4583 ob
661 4544 874 4584 causam
906 4531 1122 4584 nomine
1147 4530 1334 4584 matris
1357 4531 1684 4599 appellavit?
1712 4532 1837 4600 quid
1862 4549 1976 4587 ma-

385 4621 472 4687 gni
496 4662 510 4683 ,
542 4622 624 4675 vel
651 4622 826 4692 exigui
860 4623 960 4677 hoc
989 4623 1195 4692 agendo
1225 4622 1521 4690 disposuit?
1550 4623 1688 4677 Nihil
1721 4625 1863 4680 enim
1897 4636 1976 4681 te-

389 4727 536 4767 mere
564 4723 656 4768 aut
685 4715 800 4768 sine
829 4725 987 4769 causa
1031 4715 1175 4778 facit,
1207 4713 1300 4767 sed
1332 4715 1493 4767 multa
1524 4729 1646 4769 eum
1680 4717 1884 4771 ratione
1914 4733 1977 4773 ac

387 4806 691 4873 sapientia:
726 4808 921 4878 quippe
966 4808 1126 4878 Cujus
1170 4807 1432 4876 sapientia:
1477 4825 1579 4862 non
1626 4819 1696 4863 est
1740 4826 1976 4866 numerus

380 4896 574 4964 (Ροαι.
602 4899 723 4954 ue.
746 4899 838 4971 5).

460 4993 622 5045 Adam
642 4994 767 5064 quid
780 5004 919 5048 sonet
939 5010 957 5058 ,'
975 4996 1067 5049 cur
1088 5012 1119 5049 a
1150 5005 1281 5052 terra
1301 5013 1480 5052 nomen
1497 4996 1699 5050 Adami.
1716 5027 1788 5038 -—
1805 4996 1973 5054 Edcm

391 5091 527 5137 terra
549 5127 562 5147 ,
599 5085 829 5139 Adamus
858 5097 1100 5141 terrenus
1121 5129 1134 5149 ,
1170 5088 1450 5156 pulvereus
1472 5130 1486 5150 ,
1517 5105 1547 5142 c
1576 5097 1715 5143 terra
1743 5089 1971 5158 genitus.

391 5175 496 5230 tIur
517 5177 676 5248 igitur
701 5179 778 5233 sic
807 5180 951 5234 illum
982 5181 1300 5250 appellavit?
1329 5180 1488 5235 Suam
1520 5181 1767 5234 nimirum
1799 5181 1872 5235 illi
1900 5181 1976 5235 vi-

393 5265 590 5323 litatem
623 5271 915 5325 naturalem
950 5271 1048 5325 hoc
1079 5273 1293 5326 nomine
1325 5272 1376 5324 in
1409 5271 1718 5326 memoriam
1750 5287 1973 5326 revoca-

394 5360 484 5423 vit,
501 5369 556 5414 et
579 5370 844 5431 tamquam
872 5362 925 5416 iu
952 5377 1094 5418 arreo
1118 5363 1273 5432 cippo
1298 5361 1607 5417 substantia:
1624 5362 1972 5418 humilitatem

392 5454 650 5516 exaravit,
680 5466 736 5506 ut
763 5470 828 5508 ex
860 5455 1088 5509 nominis
1114 5456 1192 5508 sui
1226 5454 1528 5524 magisterio
1555 5454 1867 5510 modestiam
1895 5455 1976 5509 di-

393 5556 520 5609 seat,
551 5563 722 5618 neque
749 5547 1002 5618 majorem
1029 5589 1044 5613 ,
1072 5564 1228 5618 quam
1258 5563 1352 5618 par
1377 5548 1442 5602 sit
1466 5588 1480 5611 ,
1504 5547 1571 5602 de
1595 5563 1686 5601 sua
1718 5547 1973 5617 dignitate

395 5638 986 5708 opinioncmeoncipiat.
1019 5638 1147 5693 Nam
1176 5654 1272 5693 nos
1294 5639 1506 5704 quidem
1528 5650 1722 5698 terram
1741 5655 1837 5692 nos
1855 5655 1975 5696 esse

395 5729 556 5794 probe
587 5732 864 5792 novimus,
896 5728 1056 5800 idque
1096 5731 1247 5784 nobis
1288 5731 1396 5796 ipsa
1439 5745 1616 5784 rerum
1646 5729 1975 5800 experientia

395 5829 720 5893 cornpertum
751 5833 828 5879 est
860 5842 871 5877 :
903 5832 955 5878 at
986 5823 1069 5878 illc
1099 5823 1361 5879 nemiuem
1393 5833 1514 5880 ante
1545 5839 1600 5880 se
1627 5825 1849 5890 viderat,
1877 5827 1972 5894 qui

1450 380 1540 436 DE
1580 379 1981 438 MUTATIONE
2013 381 2338 439 NOMINUM.
2383 383 2446 439 ll.
3570 395 3668 449 150

2085 502 2312 549 mortem
2357 495 2574 551 obiissct
2596 536 2612 562 ,
2645 511 2815 566 neque
2861 498 2922 557 in.
2954 499 3188 556 cinerem
3237 501 3504 559 redactum
3531 547 3545 569 ,
3577 516 3668 562 sed

2082 585 2276 638 eximia
2305 586 2544 655 corporis
2577 588 2966 656 pulchritudine
3010 590 3274 659 pollebat,
3317 605 3371 649 et
3399 604 3666 667 tamquznn

2080 681 2253 728 statua
2279 675 2520 744 quaedam
2561 692 2718 732 aurea
2745 719 2759 737 ,
2788 695 2904 748 qua:
2937 697 3120 738 recens
3146 699 3175 738 e
3205 685 3512 741 conllatoria
3557 687 3664 744 for—

2084 779 2215 818 nace
2247 765 2529 834 prodiisset
2553 808 2568 831 ,
2602 767 2672 822 ita
2718 768 2967 837 fulgebat.
3001 771 3079 827 Ne
3124 773 3281 843 igitur
3310 786 3525 846 propter
3555 780 3670 833 esi-

2084 856 2242 909 miam
2275 858 2508 927 speciem
2549 861 2794 929 superbia
2827 862 3104 919 efferretur
3128 908 3142 932 ,
3173 867 3247 921 illi
3282 883 3473 925 nomen
3505 887 3670 941 oppo-

2083 949 2228 1014 suit,
2280 949 2431 1019 cujus
2478 952 2783 1021 magistcrio
2833 954 3156 1012 sufficienter
3200 958 3264 1013 ad
3316 960 3668 1017 humilitatem

2085 1039 2460 1096 informaretur
2487 1060 2500 1094 :
2532 1043 2794 1098 accedens
2820 1046 2958 1099 enim
3004 1049 3244 1104 diabolus
3271 1051 3336 1105 ud
3365 1053 3667 1122 superbiam

2087 1132 2261 1186 verbis
2293 1131 2438 1186 illum
2483 1135 2593 1188 suis
2649 1135 2964 1191 incitaturus
3009 1149 3161 1202 erat,
3202 1156 3358 1210 etque
3398 1143 3666 1203 dicturus.

2085 1222 2244 1278 Erilis
2280 1223 2408 1278 sicut
2433 1226 2505 1279 dii
2535 1226 2688 1296 (Gen.
2723 1227 2774 1281 5.
2808 1229 2892 1298 5).
2929 1228 2993 1285 Ut
3023 1230 3182 1299 igitur
3211 1232 3441 1288 nominis
3480 1236 3558 1289 sui
3591 1253 3671 1290 re-

2084 1316 2413 1381 cordarctur,
2442 1333 2469 1369 a
2497 1333 2601 1388 quo
2629 1327 2820 1372 terram
2851 1335 2908 1374 se
2935 1335 3054 1376 esse
3080 1320 3388 1387 docebatur,
3425 1341 3521 1380 nec
3553 1344 3638 1381 um
3657 1359 3669 1366 -

2084 1422 2241 1476 quam
2273 1409 2528 1477 mqualem
2559 1426 2617 1464 se
2661 1409 2769 1465 Deo
2794 1409 3028 1465 futurum
3059 1413 3326 1482 opiniOnis
3355 1431 3538 1472 errore
3569 1421 3667 1472 sibi

2085 1497 2328 1569 ﬁngeret,
2364 1510 2642 1568 propterea
2670 1501 3051 1557 conscientiam
3083 1504 3198 1572 ejus
3227 1517 3582 1576 praeoccupat,
3616 1522 3668 1564 et

2087 1591 2316 1644 nominis
2346 1591 2583 1646 sub~idio
2621 1593 2900 1650 sufficienti
2941 1611 3064 1651 eum
3110 1597 3366 1653 adversus
3393 1600 3610 1655 insidias
3637 1619 3666 1654 a

2085 1680 2344 1735 scelerato
2370 1680 2612 1738 daemone
2637 1685 2918 1740 strucndas
2941 1688 3186 1742 cautione
3205 1693 3504 1758 prmmunit,
3538 1693 3664 1746 dum

2085 1781 2140 1826 et
2179 1786 2289 1826 sum
2325 1788 2446 1828 eum
2506 1783 2645 1830 terra
2695 1779 3024 1846 cognationis
3077 1779 3222 1834 illum
3275 1781 3562 1848 admonet,
3619 1795 3674 1838 et

2085 1876 2298 1918 omnem
2325 1865 2400 1919 illi
2433 1875 2632 1923 natura:
2655 1882 2765 1922 sua:
2787 1867 3113 1924 nobilitatem
3137 1871 3391 1939 declarat,
3421 1873 3522 1929 hoc
3553 1891 3673 1944 pro-

2087 1955 2373 2024 pemodum
2401 1957 2474 2012 illi
2517 1959 2736 2015 dicens:
2766 1960 2821 2016 Si
2850 1961 2986 2018 forte
3015 1963 3208 2020 dixerit
3241 1964 3331 2019 tibi
3355 2006 3370 2029 ,
3404 1967 3509 2021 eris
3538 1967 3675 2022 sicut

2089 2048 2260 2114 Deus,
2318 2051 2551 2107 nominis
2578 2053 2649 2108 tui
2680 2055 2998 2123 recordare,
3027 2065 3082 2111 et
3109 2056 3395 2113 sufficienti
3425 2059 3670 2114 admoui-

2089 2141 2231 2195 tione
2257 2141 2553 2210 iustrueris,
2587 2155 2643 2198 ut
2673 2160 2738 2199 ne
2762 2147 3043 2201 consilium
3071 2148 3339 2204 admittas.
3369 2149 3671 2208 Recordare

2088 2232 2274 2286 matris
2297 2273 2312 2296 ,
2340 2241 2395 2288 et
2433 2236 2764 2304 cognationis
2782 2253 3011 2304 agnosce
3039 2240 3291 2294 vilitatem
3315 2282 3328 2303 ,
3356 2258 3458 2295 non
3490 2253 3544 2296 ut
3574 2243 3672 2299 lut-

2087 2323 2366 2378 militatem
2392 2325 2566 2380 discas
2592 2369 2606 2390 ,
2654 2327 2748 2382 sed
2786 2342 2858 2383 ne
2880 2345 3128 2399 umquam
3160 2332 3411 2400 superbia
3444 2333 3673 2390 intume-

2085 2429 2224 2470 scas.
2258 2414 2542 2484 Propterea
2569 2417 2758 2473 Paulus
2775 2434 2984 2490 quoque
3010 2420 3220 2474 dicebat
3249 2439 3262 2474 :
3299 2420 3358 2474 Ρι
3371 2423 3501 2476 imus
3520 2425 3670 2478 homo

2086 2507 2149 2560 de
2169 2516 2301 2562 terra
2325 2519 2565 2563 terrenus.
2597 2509 2730 2576 Quid
2760 2511 2900 2564 cnim
2938 2512 3004 2566 sit
3039 2512 3204 2566 Adam
3235 2514 3388 2569 nobis
3417 2516 3674 2586 interpre-

2088 2607 2205 2656 tans
2231 2599 2407 2656 aiebat
2454 2601 2580 2655 illud
2613 2617 2628 2658 :
2661 2601 2735 2656 De
2773 2611 2906 2656 terra
2936 2612 3192 2668 terrenus,
3239 2608 3486 2660 secundus
3523 2608 3671 2662 homo

2085 2691 2196 2762 ipse
2224 2690 2470 2748 Dominus
2504 2693 2566 2748 de
2587 2695 2710 2748 creto
2737 2695 2812 2766 (Ι.
2843 2693 2962 2749 Cor.
2999 2695 3083 2750 15.
3111 2695 3226 2762 47).
3277 2696 3382 2751 Sed
3417 2697 3673 2754 inuadunt

2087 2798 2184 2836 nos
2213 2783 2446 2839 lueretiei
2469 2827 2482 2848 ,
2521 2799 2584 2840 ac
2611 2785 2794 2840 dicunt
2829 2804 2842 2840 :
2871 2785 3008 2841 Ecce
3047 2801 3260 2841 carnem
3289 2785 3536 2843 Christus
3566 2805 3672 2842 non

2084 2875 2404 2945 assumpsit:
2430 2877 2501 2929 ait
2529 2876 2670 2932 enim
2699 2877 2916 2942 Paulus,
2939 2877 3203 2932 Secundus
3232 2878 3399 2940 homo,
3425 2878 3674 2934 Dominus

2086 2964 2150 3016 de
2179 2967 2320 3020 creto.
2363 2966 2529 3020 Audis
2567 2968 2819 3022 secundus
2855 2969 3004 3023 homo
3026 3010 3040 3034 ,
3071 2979 3126 3023 et
3153 2969 3288 3026 dicis
3309 2987 3429 3026 eum
3457 2987 3672 3027 carnem

2085 3069 2190 3108 non
2219 3057 2614 3127 assumpsisse?
2639 3057 2768 3124 Quis
2814 3058 2971 3113 talem
3003 3075 3251 3129 umquam
3289 3062 3671 3131 impudentiam

2085 3145 2256 3199 vidit?
2298 3147 2415 3216 quis
2453 3146 2595 3202 enim
2640 3147 2801 3202 homo
2837 3163 2956 3204 esse
2983 3160 3177 3220 potest,
3207 3152 3294 3221 qui
3318 3168 3531 3207 carnem
3566 3169 3670 3207 non

2085 3237 2313 3294 habeat?
2346 3239 2546 3294 Idcirco
2590 3240 2729 3294 enim
2775 3249 2827 3295 et
2857 3239 3128 3296 hominem
3163 3251 3218 3298 et
3255 3243 3546 3298 secundum
3578 3246 3672 3298 ho-

2085 3331 2282 3386 minem
2313 3331 2620 3401 appellavit,
2651 3341 2706 3385 ut
2732 3348 2852 3386 cum
2882 3347 2945 3386 ex
2980 3347 3225 3396 numero,
3261 3343 3370 3387 tum
3396 3349 3462 3388 ex
3485 3345 3670 3388 natura

2083 3424 2450 3494 cognationem
2487 3424 2604 3492 ejus
2641 3438 2919 3494 agnoscas.
2961 3422 3093 3490 Quis
3123 3423 3311 3494 igitur,
3346 3424 3546 3495 inquit,
3581 3441 3670 3480 se-

2083 3516 2286 3571 cundus
2308 3525 2388 3572 est
2413 3515 2572 3571 homo
2592 3501 2890 3570 ?‘Donu'nus
2911 3517 2974 3572 de
2997 3517 3141 3571 cmlo.
3187 3520 3253 3572 At
3274 3519 3414 3573 enim
3444 3521 3639 3574 scanda
3656 3551 3670 3561 -

2085 3607 2209 3662 lizat
2232 3623 2316 3663 me
2339 3609 2488 3664 locus
2507 3650 2521 3675 ,
2555 3609 2726 3680 inquit
2747 3651 2761 3674 ,
2791 3617 2846 3664 et
2869 3608 3010 3680 quod
3037 3609 3244 3664 dicatur
3272 3610 3335 3664 de
3363 3612 3506 3665 cwlo.
3539 3613 3668 3667 Cum

2083 3704 2236 3758 audis
2262 3703 2487 3774 primum
2518 3704 2786 3759 hominem
2820 3703 3082 3758 Adamum
3105 3719 3225 3759 esse
3253 3705 3320 3760 de
3343 3715 3481 3760 terra
3506 3715 3672 3761 terre-

2085 3810 2246 3860 num,
2301 3795 2554 3865 numquid
2609 3809 2730 3850 esse
2785 3803 3090 3850 terrestrem
3138 3797 3311 3865 ipsum
3352 3796 3673 3852 arbitraris?

2085 3885 2339 3954 nmnquid
2389 3895 2656 3941 terrenum
2705 3901 2826 3941 esse
2873 3895 3076 3940 Lautum
3122 3886 3442 3956 suspicaris,
3498 3905 3671 3958 neque

2084 3978 2332 4030 virtutem
2380 3977 2662 4046 quamdam
2706 3978 3075 4045 ineorpoream
3130 3976 3360 4043 habere,
3409 3978 3666 4041 animam,

2084 4066 2298 4136 inquam
2323 4106 2337 4131 ,
2388 4066 2608 4136 ejusque
2655 4066 2942 4120 naturam?
2990 4065 3056 4120 Et
3091 4067 3208 4136 quis
3249 4067 3350 4122 hoc
3394 4067 3576 4122 dicat?
3609 4069 3674 4124 lit

2085 4159 2245 4232 igitur
2280 4175 2398 4215 cum
2442 4160 2510 4216 de
2551 4159 2755 4215 Adamo
2781 4160 2936 4214 audis
2974 4168 3245 4215 terrenum
3278 4159 3449 4230 ipsum
3483 4160 3669 4227 fuisse,

2085 4269 2190 4308 non
2236 4251 2546 4308 destitutum
2595 4253 2770 4308 anima
2812 4253 2975 4310 fuisse
3014 4269 3208 4323 corpus
3237 4254 3522 4324 suspicaris
3553 4271 3568 4309 :
3603 4256 3670 4310 ita

2084 4359 2206 4400 cum
2235 4345 2387 4401 audis
2409 4387 2424 4410 ,
2456 4344 2700 4400 Dominus
2721 4346 2785 4400 de
2805 4346 2948 4408 mlo,
2994 4346 3099 4400 noli
3128 4346 3546 4402 incarnationem
3582 4364 3672 4401 ne.

2084 4454 2242 4510 gare,
2279 4438 2422 4509 quod
2449 4439 2762 4509 adjiciatur,
2811 4437 2875 4491 de
2899 4438 3050 4492 cwlo.
3094 4438 3275 4508 Itaque
3299 4439 3408 4508 jam
3441 4440 3668 4509 primum

2087 4545 2279 4585 nomen
2309 4529 2590 4585 sufficienti
2615 4527 2929 4584 defensione
2956 4529 3337 4583 communitum
3365 4537 3448 4584 est
3479 4546 3494 4584 :
3528 4529 3671 4583 Ada-

2085 4636 2206 4675 mus
2234 4621 2375 4676 enim
2425 4629 2646 4674 vocatus
2692 4628 2776 4675 est
2813 4618 2879 4675 de
2923 4621 3138 4676 nomine
3186 4620 3400 4687 matris,
3434 4637 3498 4676 ne
3531 4623 3669 4677 ultra

2087 4729 2245 4784 quam
2291 4716 2432 4770 vires
2461 4714 2579 4782 ejus
2603 4715 2806 4778 ferant,
2833 4713 2900 4769 de
2931 4729 2990 4769 se
3015 4714 3295 4786 magnifice
3343 4716 3567 4782 sentiat,
3620 4726 3677 4771 et

2085 4805 2279 4863 diaboli
2315 4807 2586 4862 fraudibus
2631 4806 2788 4861 nullis
2833 4807 3000 4876 possit
3028 4807 3342 4877 expugnari.
3393 4808 3669 4879 Siquidem

2084 4899 2260 4956 aiebat
2292 4917 2305 4952 :
2350 4899 2506 4953 Erilis
2525 4901 2650 4953 sicut
2671 4898 2762 4952 dii.
2798 4900 2910 4969 Age
2939 4915 3077 4955 nunc
3093 4899 3232 4970 quod
3263 4901 3528 4971 reliquum
3549 4911 3632 4956 est
3653 4943 3668 4964 ,

2085 4993 2149 5047 ad
2175 4993 2399 5047 alterum
2431 4992 2653 5063 gradum
2681 4993 2937 5049 facientes
2956 5036 2971 5059 ,
2995 4995 3082 5064 qui
3113 5004 3236 5050 ante
3263 5005 3471 5063 partum
3497 4997 3667 5067 ipsum

2083 5099 2112 5137 a
2161 5085 2270 5140 Deo
2299 5100 2490 5139 nomen
2534 5101 2677 5154 arce;
2697 5084 2769 5150 it,
2814 5087 2971 5139 tinem
3003 5085 3210 5141 dicendi
3242 5085 3516 5141 faciamus.
3543 5087 3673 5153 Quis

2086 5176 2242 5245 igitur
2274 5184 2392 5245 post
2433 5175 2695 5230 Adamum
2725 5193 2752 5230 a
2773 5177 2882 5231 Deo
2910 5191 3103 5232 nomen
3132 5178 3435 5246 priusquam
3478 5192 3670 5233 nascc-

2087 5277 2233 5322 retur
2261 5269 2504 5338 accepit?
2560 5269 2725 5323 Isaac.
2776 5266 2908 5322 Ecce
2946 5269 3124 5334 cnim,
3169 5267 3373 5338 inquit,
3429 5286 3559 5323 uxor
3588 5281 3676 5324 tua

2087 5360 2251 5415 Sarra
2280 5361 2526 5432 concipiet
2570 5363 2620 5415 in
2649 5370 2820 5427 utero,
2855 5371 2900 5416 et
2923 5364 3083 5431 pariet
3137 5362 3338 5430 ﬁlium:
3381 5373 3427 5416 et
3474 5365 3673 5417 vocabis

2086 5470 2264 5508 nomen
2301 5457 2411 5524 ejus
2440 5453 2590 5508 Isaac
2617 5452 2767 5523 (Gen.
2802 5454 3022 5522 17.19).
3049 5453 3175 5508 Cum
3205 5462 3370 5508 autem
3403 5457 3670 5524 peperisset

2085 5566 2228 5603 eum.
2274 5549 2463 5601 vocarit
2495 5564 2671 5600 nomen
2709 5547 2818 5617 ejus
2859 5546 3009 5600 Isaac
3029 5588 3043 5611 ,
3096 5547 3265 5600 dicens
3298 5563 3315 5600 :
3347 5546 3522 5602 Risum
3553 5552 3671 5620 fecit

2087 5639 2208 5693 milii
2235 5639 2366 5692 Deus
2386 5639 2490 5708 (Ib.
2509 5639 2571 5692 2|
2589 5638 2658 5693 .5.
2681 5636 2756 5709 6).
2777 5638 2952 5706 Quare
2970 5639 3132 5691 vero?
3158 5637 3284 5704 Quis
3305 5640 3457 5704 enim,
3482 5640 3673 5711 inquit,

2087 5731 2400 5784 aununtialrit
2442 5730 2725 5795 Abraham,
2760 5731 2896 5800 quod
2935 5728 3096 5784 Sarra
3122 5731 3286 5796 [ilium
3334 5731 3479 5784 lactat
3506 5732 3671 5799 (Ibid.

2095 5841 2138 5878 ιν.
2167 5824 2258 5895 7)?
2292 5823 2382 5880 llic
2421 5822 2548 5880 tnihi
2598 5821 2881 5893 diligenter
2927 5819 3185 5879 attendite
3210 5863 3223 5890 ,
3256 5831 3311 5878 ut
3351 5824 3675 5882 miraculum
