4096 6222
379 404 469 475 ist
1117 405 1173 458 s.
1203 377 1481 458 JOANNIS
1510 363 1983 450 cnnitsOsront
2024 379 2344 436 ARCHIEP.
2373 353 2905 433 cossrAtv'itso’r'.

372 531 617 586 videatis.
652 512 767 584 Non
797 512 968 586 dixit,
993 517 1134 589 quod
1185 511 1484 586 pepererit,
1516 505 1610 562 sed
1637 500 1779 575 quod
1811 501 1960 554 Iactet

376 621 673 698 puerulum.
707 619 838 675 Nam
866 631 932 670 ne
959 613 1096 668 forte
1120 610 1239 680 quis
1259 603 1652 677 supposititium
1687 593 1964 666 puerulum

375 683 736 776 esistimarct,
785 706 1000 780 genuini
1050 711 1232 773 partus
1289 697 1446 751 ﬁdem
1500 690 1763 747 faciebant
1819 683 1969 738 lactis

379 812 592 866 fontes:
625 807 803 874 itaque
833 817 899 856 ex
940 795 1308 853 recerdatione
1348 785 1578 842 nominis
1604 784 1717 852 ipse
1758 787 1970 847 quoque

377 901 446 954 tle
472 896 700 953 mirabili
737 890 1084 964 generatione
1113 885 1241 938 satis
1271 891 1538 950 superque
1587 867 1967 927 instruebatur.

379 985 668 1060 Propterea
697 957 827 1040 dicit
862 1001 875 1036 :
909 981 1088 1035 Risum
1115 975 1229 1046 fecit
1257 971 1378 1025 mihi
1403 967 1571 1031 Deus,
1603 962 1853 1035 quoniam
1888 957 1972 1011 vi-

381 1051 508 1137 dere
533 1087 647 1134 erat
672 1068 957 1130 mulierem
985 1073 1261 1124 senectute
1289 1059 1624 1123 confectam,
1653 1068 1773 1124 quae
1798 1051 1850 1105 in
1877 1062 1972 1103 ca-

385 1174 513 1228 nitie
563 1172 796 1236 longaava
841 1165 1125 1218 lactentem
1173 1155 1451 1227 puerulum
1480 1148 1762 1205 educabat.
1791 1141 1974 1198 Atille

384 1267 524 1319 risus
556 1261 781 1332 gratiam
829 1255 1060 1309 divinam
1090 1253 1142 1304 in
1191 1245 1500 1304 memeriam
1550 1237 1870 1299 revocabat,
1923 1240 1976 1285 et

386 1326 627 1410 lactentis
679 1347 964 1404 nutricatio
1018 1338 1258 1398 miraculi
1306 1336 1433 1392 editi
1476 1333 1636 1387 Iidem
1691 1326 1916 1382 faciebat
1959 1340 1972 1375 :

389 1461 560 1510 neque
589 1445 731 1498 enim
762 1449 966 1494 natura:
1015 1447 1148 1503 opus
1191 1429 1318 1484 illud
1348 1435 1500 1488 erat,
1549 1421 1643 1476 sed
1685 1429 1851 1474 tounn
1885 1413 1980 1469 fuit

387 1536 568 1606 gratiae
623 1531 942 1605 praeclarum
1004 1524 1209 1578 facinus
1263 1516 1626 1575 tribuendum.
1690 1511 1980 1576 Pt'Optcrca

386 1599 582 1682 i’aulus
625 1599 836 1694 quoque
878 1618 1033 1678 dicit,
1087 1611 1380 1668 Secundum
1441 1605 1592 1661 Isaac
1639 1599 1983 1672 promissionis

390 1719 484 1786 filii
539 1690 714 1770 sum'us
756 1690 906 1784 (Gal.
951 1710 1004 1763 4.
1047 1706 1164 1774 28).
1215 1703 1347 1759 Nam
1379 1695 1831 1769 quemadmodum
1877 1690 1984 1745 illic

389 1785 710 1878 operabatur
739 1803 909 1872 gratia
942 1819 954 1854 :
991 1800 1059 1851 ita
1093 1797 1179 1850 hic
1207 1807 1418 1863 quoque
1441 1787 1640 1860 prodiit
1668 1785 1758 1838 ille
1780 1799 1845 1838 ex
1867 1791 1984 1835 ute-

393 1875 451 1953 ro
475 1902 584 1969 jam
625 1895 817 1967 frigido
859 1902 914 1947 et
963 1889 1139 1945 clfeto.
1191 1881 1493 1939 As’ccndisti
1539 1889 1594 1934 tu
1623 1891 1688 1933 ex
1721 1875 1871 1946 aquis
1897 1887 1988 1942 ge-

393 1963 514 2046 lidis
545 2009 559 2045 :
587 1963 726 2060 quod
757 1965 915 2054 igitur
941 1982 1015 2036 illi
1060 1979 1157 2034 fuit
1196 1987 1410 2041 uterus,
1437 1971 1530 2026 tibi
1575 1972 1843 2024 lavacrum
1893 1963 1989 2017 fuit

393 2054 675 2154 aquarum.
723 2077 886 2131 Vides
935 2083 1118 2143 partus
1143 2055 1557 2137 Cognationem?
1604 2059 1754 2113 vides
1804 2054 1989 2126 gratia:

405 2149 788 2228 concordiam?
818 2164 969 2219 vides
995 2160 1191 2228 ubique
1234 2163 1481 2208 naturam
1525 2149 1678 2204 otiari
1699 2188 1712 2210 ,
1737 2152 1792 2199 et
1821 2153 1990 2198 totum

398 2264 493 2320 Dei
529 2263 777 2317 virtutem
807 2253 1059 2327 operari?
1099 2249 1302 2304 Idcirco
1351 2241 1645 2301 Secundum
1691 2237 1844 2291 Isaac
1870 2250 1991 2302 pro-

396 2355 650 2409 missionis
680 2363 854 2407 sumus
896 2344 1012 2416 ﬁlii.
1037 2343 1104 2396 At
1131 2339 1275 2396 enim
1313 2345 1422 2390 una
1450 2338 1617 2388 restat
1642 2327 1816 2392 adhuc
1843 2335 1989 2395 qum-

446 2521 651 2536 ___....._.

2051 2493 2412 2505 Μ

3547 354 3647 420 ta!

2071 493 2174 548 stio
2204 509 2217 544 :
2251 489 2384 544 dixit
2409 488 2476 543 de
2504 488 2656 543 nobis
2676 529 2688 550 ,
2716 484 2860 556 quod
2883 482 3004 538 Non
3029 497 3092 536 ea:
3119 477 3466 550 sanguinibus,
3499 494 3660 547 neque

2074 599 2135 638 ea:
2161 581 2412 636 voluntate
2451 580 2617 632 carnis
2646 579 2814 632 simus
2846 575 3023 648 (Joan.
3059 574 3111 626 1.
3142 573 3254 642 15).
3299 569 3419 637 Quo
3443 569 3655 622 tandem

2073 671 2270 742 pacto?
2317 669 2501 739 Neque
2533 667 2678 722 Isaac
2704 681 2770 721 ex
2807 665 3152 736 sanguinibns
3189 663 3287 717 fuit
3324 681 3337 714 :
3391 660 3660 715 Desierant

2072 764 2206 818 enim
2234 760 2410 816 Sarrae
2430 760 2539 828 ﬁeri
2560 756 2822 813 muliebria
2847 759 2954 828 ejus
2979 753 3130 827 (Gen.
3162 754 3247 810 18.
3270 754 3384 822 II).
3415 753 3659 808 Obturati

2075 862 2226 908 erant
2249 852 2398 906 lactis
2423 851 2595 905 fontes
2614 891 2630 916 ,
2661 849 2866 904 sublata
2893 857 3007 902 erat
3029 846 3390 917 generationis
3413 845 3659 911 materia,

2076 942 2278 999 inutilis
2325 951 2528 996 natura:
2569 949 2686 995 erat
2731 938 2982 1004 ofﬁcina,
3027 946 3244 1006 tumque
3293 935 3508 990 virtutis
3551 939 3662 990 sure

2079 1038 2219 1092 Deus
2245 1035 2518 1106 specimen
2566 1033 2753 1088 edidit.
2787 1033 2926 1087 Ecce
2977 1030 3348 1100 appellationis
3389 1028 3538 1082 Isaae
3565 1030 3661 1080 du-

2079 1130 2304 1185 ctrinam
2353 1128 2610 1182 habemus
2655 1128 2974 1181 absolutam.
3018 1125 3202 1179 Restat
3250 1125 3424 1185 enim.
3475 1131 3532 1176 ut
3596 1121 3662 1176 ad

2080 1221 2347 1278 Abraham
2369 1263 2383 1286 ,
2407 1230 2461 1275 et
2488 1219 2554 1274 ad
2584 1219 2723 1273 filios
2741 1218 2986 1273 Zebedaei
3007 1217 3330 1285 Petrumque
3350 1215 3624 1268 veniamus
3650 1230 3663 1266 :

2082 1312 2175 1366 sed
2208 1326 2276 1366 ne
2297 1311 2448 1365 vobis
2478 1319 2674 1364 nostra:
2717 1307 2976 1363 orationis
3013 1305 3288 1376 prolixitas
3315 1305 3526 1358 taedium
3579 1305 3663 1374 pao'

2083 1406 2212 1470 riat,
2278 1403 2345 1457 ad
2414 1405 2636 1457 alterum
2691 1415 2992 1456 sermonem
3068 1399 3169 1454 ista
3223 1397 3564 1463 differemus,
3615 1407 3671 1453 et

2086 1497 2171 1553 hic
2239 1497 2398 1551 finem
2469 1493 2676 1549 dicendi
2752 1492 3004 1548 facientes
3074 1507 3173 1546 vos
3238 1489 3669 1555 cohortabimur,

2084 1589 2172 1660 qui
2216 1587 2506 1644 secundum
2551 1587 2697 1642 Isaac
2750 1585 2856 1639 nati
2906 1584 3066 1648 estis,
3099 1591 3157 1637 ut
3213 1580 3671 1637 mansuetudinem

2086 1693 2150 1734 ac
2208 1678 2526 1734 modestiam
2571 1677 2721 1731 Isaae
2782 1675 3098 1740 imitemini,
3150 1687 3470 1743 omnemque
3517 1672 3674 1727 aliam”

2087 1773 2204 1842 ejus
2244 1771 2665 1841 philosophiam;
2721 1777 2777 1824 ut
2829 1768 3076 1839 precibus
3123 1767 3250 1838 justi
3281 1767 3424 1821 illius
3479 1775 3533 1820 et
3582 1765 3678 1821 ho-

2089 1871 2206 1918 rum
2267 1864 2555 1934 prarsulum
2594 1863 2834 1918 onmium
2877 1861 3082 1932 adjuti,
3122 1861 3188 1915 ad
3224 1861 3400 1914 sinum
3452 1858 3678 1915 Abrahze

2091 1955 2268 2010 cuncti
2298 1955 2578 2024 pervenire
2603 1955 2870 2024 possimus
2890 1994 2905 2022 ,
2934 1954 3100 2025 gratia
3129 1961 3183 2007 et
3209 1951 3531 2021 benignitate
3574 1950 3678 2005 Do-

2093 2046 2223 2100 mini
2269 2047 2437 2100 nostri
2491 2045 2615 2100 Jesu
2679 2044 2913 2108 Christi,
2972 2059 3067 2113 per
3109 2057 3266 2112 quem
3313 2050 3366 2096 et
3405 2056 3525 2096 cum
3574 2053 3681 2110 quo

2093 2140 2236 2194 Patri
2263 2139 2431 2209 gloria
2455 2180 2470 2204 ,
2513 2139 2702 2204 honor,
2749 2139 3066 2209 imperium,
3112 2137 3375 2206 simulque
3400 2145 3588 2191 saneto
3629 2141 3684 2190 et

2095 2229 2307 2285 vivifico
2335 2228 2580 2299 Spiritui,
2614 2245 2758 2286 nunc
2779 2238 2834 2285 et
2861 2244 3093 2300 semper,
3122 2229 3252 2284 etin
3281 2227 3474 2282 saecula
3513 2241 3686 2283 saecu-

2098 2322 2295 2379 lorum.
2320 2323 2510 2378 Amen.

512 2925 663 2975 EST,
721 2919 1005 2972 ITEMQUE
1062 2915 1233 2970 QUOD
1280 2916 1404 2959 NON
1462 2915 1547 2956 EX
1604 2908 2059 2961 NECESSITATE;
2123 2904 2239 2946 SED
2297 2900 2383 2941 EX
2434 2895 2657 2939 LIBEBA
2711 2885 3086 2936 VOLUNTATE
3137 2883 3338 2924 FACTA
3391 2878 3485 2922 SIT
3535 2873 3673 2919 ΠΕΟ

513 3002 820 3077 iturum,
867 3019 945 3061 nr
989 3018 1051 3061 IN
1101 3017 1336 3060 DICTUM
1389 3015 1618 3057 ILLUD:
1667 3010 1886 3063 suum,
1933 3008 1993 3049 sa

2101 3005 2148 3058 ε,
2187 3001 2339 3054 omo
2380 2997 2469 3042 mn
2513 2989 2939 3044 PERSEQUERIS
2986 2967 3156 3049 (Act.
3201 2966 3259 3025 9.
3307 2961 3381 3041 lt)
3413 2963 3441 3019 ?

473 3341 522 3392 1.
550 3335 771 3401 Quinam
791 3346 900 3385 vere
919 3316 1648 3389 ann’ci.-—Itcprchenderunt
1676 3318 1772 3367 nos
1797 3307 1997 3365 amico-

402 3429 518 3485 rum
564 3398 779 3496 quidam
798 3461 812 3486 ,
843 3416 984 3488 quod
1017 3412 1306 3484 prolixiora
1335 3418 1642 3461 sermonum
1673 3403 1821 3457 initia
1852 3398 1994 3454 lace-

402 3491 623 3574 rentusc
672 3529 738 3567 an
763 3511 882 3580 jure
923 3506 1009 3559 vel
1051 3503 1243 3571 injuria
1270 3495 1733 3568 reprehenderint,
1764 3501 1890 3546 tunc
1917 3491 1997 3544 in-

408 3608 676 3678 telligetis,
703 3616 823 3657 cum
853 3597 1033 3653 audita
1061 3592 1368 3650 defensione
1399 3597 1604 3650 nostra,
1636 3586 1788 3655 quasi
1819 3585 1871 3638 in
1903 3599 1998 3652 pu-

406 3675 544 3756 blico
591 3693 837 3751 tribunali
881 3686 1198 3744 sententiam
1245 3681 1444 3736 feretis.
1493 3679 1604 3748 Ego
1649 3675 2001 3746 vero,prins-

404 3806 562 3863 quam
593 3788 644 3844 id
687 3782 985 3844 ostendam,
1015 3778 1084 3833 ob
1117 3771 1589 3844 reprehensionem
1621 3767 1819 3838 gratias
1865 3765 1995 3834 ipsis

410 3858 584 3940 refero
616 3899 628 3932 :
669 3893 793 3933 nam
820 3891 884 3930 ex
911 3872 1014 3927 mei
1043 3883 1169 3925 cura
1195 3875 1352 3935 atque
1381 3861 1577 3928 s‘tudio,
1621 3875 1725 3913 non
1765 3875 1830 3912 ex
1859 3858 1998 3912 malo

409 3977 588 4032 animo
613 3973 702 4028 illa
744 3965 1097 4040 proficiscitur
1123 3980 1136 4016 :
1166 3960 1395 4014 amicum
1423 3969 1570 4020 vero,
1595 3969 1700 4008 non
1727 3966 1846 4005 cum
1889 3950 1999 4004 lau-

409 4069 500 4123 dat
527 4065 706 4129 modo,
729 4060 824 4117 sed
849 4059 1008 4115 etiam
1032 4070 1151 4110 cum
1179 4047 1525 4121 reprehendit
1544 4055 1598 4102 et
1619 4045 1854 4114 corrigit,
1874 4051 2000 4096 tunc

410 4172 498 4214 me
518 4171 698 4212 amare
719 4151 966 4208 dixerim.
992 4145 1266 4216 Siquidem
1291 4139 1506 4194 laudare
1529 4138 1727 4202 onutia,
1755 4144 1862 4189 tum
1881 4146 1999 4202 quae

411 4253 569 4316 bene,
599 4260 710 4304 tum
754 4260 874 4316 qua:
918 4241 1056 4296 male
1085 4253 1145 4294 se
1191 4235 1406 4298 habent,
1443 4231 1495 4285 id
1543 4246 1647 4284 non
1697 4227 1874 4290 amici,
1905 4224 2000 4279 sed

414 4349 614 4406 fallacis
637 4361 700 4400 ac
724 4340 980 4397 derisoris
1021 4347 1102 4392 est
1130 4353 1143 4389 :
1175 4342 1230 4388 at
1257 4330 1476 4387 laudare
1503 4328 1548 4382 si
1591 4326 1718 4397 quid
1767 4323 1913 4386 boni,
1941 4335 2004 4374 ac

414 4437 808 4512 reprehendere
855 4435 898 4488 si
947 4429 1075 4502 quid
1126 4424 1328 4498 peccati
1386 4420 1714 4483 admittatur,
1773 4416 1824 4470 id
1876 4429 2004 4469 vero

413 4506 642 4588 amantis
683 4536 738 4584 et
780 4539 962 4581 curam
1005 4519 1249 4576 habentis
1301 4524 1401 4570 est.
1456 4514 1629 4581 Atque
1680 4518 1736 4564 ut
1789 4506 2005 4562 discatis

414 4623 555 4694 quod
582 4615 1042 4676 indiscriminatim
1071 4611 1249 4667 omnia
1269 4606 1486 4662 laudare
1507 4615 1562 4659 et
1581 4602 1875 4663 celebrare,
1899 4615 2005 4652 non

417 4691 488 4770 sit
530 4713 711 4776 amici,
744 4709 836 4764 sed
867 4703 1184 4776 decipientis
1217 4720 1230 4756 :
1271 4698 1471 4768 Popule
1508 4711 1667 4758 meus,
1700 4691 1887 4762 inquit.
1919 4691 2008 4759 qui

419 4809 504 4860 vos
527 4805 694 4858 beatos
721 4801 916 4864 dicunt,
951 4795 1049 4866 ipsi
1077 4810 1161 4848 vos
1191 4790 1468 4861 decipiunt,
1499 4796 1543 4841 et
1571 4786 1795 4840 semitam
1824 4782 2008 4852 pedum

422 4906 694 4950 vestrorum
722 4887 990 4945 exturbant
1029 4883 1179 4957 (Isai.
1209 4883 1262 4937 3.
1299 4880 1412 4952 ιε).
1443 4878 1600 4933 Certe
1641 4877 1910 4930 inimicum
1943 4889 2010 4927 ne

423 4986 728 5044 laudantem
755 4980 970 5052 quidem
1009 4975 1266 5038 admitto;
1308 4972 1538 5027 amicum
1571 4983 1697 5024 vero
1725 4967 1886 5022 etiam
1929 4980 2012 5020 re-

427 5075 843 5152 prehendentem
875 5070 1171 5140 amplexor.
1207 5065 1298 5119 Ille
1323 5062 1422 5118 etsi
1446 5071 1532 5116 me
1555 5056 1910 5120 deosculetur,
1935 5055 2014 5108 in-

427 5150 607 5228 suavis
633 5178 750 5234 est;
782 5165 870 5221 hic
913 5163 1012 5219 etsi
1059 5159 1323 5220 vulneret,
1367 5153 1648 5207 amabilis:
1689 5150 1830 5204 illius
1855 5160 2014 5204 oscu.

432 5257 542 5319 lum
573 5260 875 5330 δυειιὶοὶοηε
903 5256 1118 5327 plenum
1140 5259 1240 5313 est,
1261 5247 1418 5316 hujus
1443 5244 1634 5299 vulnus
1659 5240 1880 5297 curandi
1909 5240 2014 5294 vim

431 5357 610 5412 habet.
643 5353 930 5422 Propterea
954 5345 1082 5401 dicit
1103 5341 1316 5413 quidam
1339 5358 1352 5394 :
1379 5335 1640 5392 Fideliora
1669 5343 1785 5389 sunt
1810 5332 2018 5386 vulnera

431 5450 603 5515 amici,
648 5462 800 5516 quam
844 5451 1123 5511 spontanca
1166 5435 1339 5489 oscula
1383 5431 1573 5486 inimici
1602 5427 1781 5499 (Prov.
1812 5426 1900 5480 27.
1938 5423 2015 5492 6).

432 5541 570 5609 Quid
615 5537 788 5594 dicis?
829 5534 1058 5591 Vulnera
1113 5528 1310 5584 osculis
1364 5524 1614 5587 meliora,
1673 5519 1881 5589 inquit:
1915 5527 2018 5569 non

437 5633 606 5688 enim‘
635 5631 702 5685 ad
745 5639 988 5684 naturam
1013 5639 1199 5681 eorum
1231 5639 1348 5692 quae
1380 5619 1530 5682 fiunt,
1564 5615 1658 5672 sed
1687 5614 1750 5668 ad
1781 5611 2018 5666 affectio-

499 5727 514 5756 ι
552 5729 663 5771 ιιωο
699 5721 770 5771 sic
805 5721 928 5770 forte
953 5716 1130 5767 melius
1154 5715 1380 5778 legantur
1421 5725 1433 5760 :
1473 5710 1595 5778 Quid
1639 5705 1803 5778 dicis?
1827 5704 2024 5778 vulnera

439 5787 617 5838 osculis
637 5766 893 5838 mei—iber}?
913 5766 1078 5835 etiam,
1106 5766 1257 5837 inquvit
1295 5787 1312 5824 :
1349 5787 1441 5823 non
1472 5766 1617 5830 cnim,
1646 5776 1766 5828 ete.,
1808 5779 1918 5816 nam
1943 5766 2020 5815 hic

425 5850 600 5915 tropus
619 5852 746 5915 apud
764 5850 1150 5911 (thrysost'imum
1173 5841 1406 5897 frequens
1432 5842 1524 5884 eSt.

2030 3200 2084 3211 ,-

2105 3325 2229 3369 nem
2261 3331 2446 3371 eorum
2475 3318 2563 3386 qui
2594 3315 2793 3372 faciunt
2817 3316 3052 3373 attendo.
3086 3318 3174 3372 Vis
3193 3317 3401 3372 discere
3421 3317 3687 3388 quomodo

2105 3403 2346 3460 fideliora
2389 3405 2496 3460 sint
2535 3407 2751 3462 vulnera
2778 3409 2958 3475 amici,
2987 3423 3143 3478 quam
3189 3417 3481 3479 Spontanea
3507 3409 3686 3463 oscula

2103 3499 2341 3556 inimici?
2373 3500 2654 3555 Dominum
2680 3501 2953 3555 osculatus
2981 3510 3063 3556 est
3089 3500 3286 3564 Judas;
3315 3500 3408 3554 sed
3445 3501 3686 3556 osculum

2102 3601 2218 3649 erat
2247 3592 2548 3662 proditione
2592 3593 2841 3662 plenum;
2873 3608 2934 3648 os
2961 3607 3188 3657 veneno,
3233 3591 3412 3661 lingua
3453 3593 3688 3662 nequitia

2103 3685 2408 3757 replebatur
2448 3684 2657 3758 (Matth.
2702 3684 2793 3739 26.
2845 3685 2961 3756 49).
3009 3683 3374 3739 Furniearium
3405 3683 3545 3752 apud
3575 3681 3687 3738 C0-

2105 3777 2331 3831 rinthios
2357 3777 2652 3831 vulneravit
2680 3773 2912 3842 Paulus;
2943 3775 3037 3830 sed
3071 3775 3144 3830 illi
3183 3774 3406 3828 salutem
3433 3774 3688 3828 concilia-

2104 3869 2199 3922 vit.
2231 3869 2528 3935 Quomodo,
2563 3869 2792 3938 inquies,
2822 3868 3158 3923 vulneravit?
3186 3867 3396 3922 Satante
3441 3866 3688 3922 tradens:

2105 3960 2334 4027 Tradite,
2358 3961 2546 4029 inquit,
2576 3959 2868 4030 hujnsmodi
2892 3969 3083 4012 satana:
3109 3959 3162 4012 in
3207 3958 3462 4012 interitum
3504 3958 3688 4010 carnis.

2109 4053 2189 4108 Ad
2219 4053 2387 4124 quid?
2410 4051 2479 4108 Ut
2516 4053 2722 4123 spiritus
2756 4053 2924 4104 salvus
2943 4051 3004 4104 sit
3034 4051 3084 4103 in
3114 4050 3194 4104 die
3219 4048 3426 4103 Domini
3446 4048 3568 4102 Jesu
3601 4047 3689 4117 (I.

2108 4144 2225 4198 Cor.
2257 4145 2309 4200 5.
2340 4144 2438 4215 5).
2473 4143 2714 4197 Vidistin‘
2749 4142 2974 4196 vulnera
3015 4141 3240 4196 salutis?
3284 4140 3515 4195 vidistin’
3541 4153 3687 4192 oscu-

2110 4234 2217 4288 lum
2245 4233 2543 4303 proditione
2575 4231 2878 4300 repletum?
2915 4231 3004 4285 Sic
3046 4229 3309 4284 Fideliora
3333 4239 3450 4283 sunt
3487 4229 3694 4282 vulnera

2109 4327 2276 4392 amici,
2316 4342 2466 4393 quam
2513 4334 2793 4396 spontaneo
2843 4325 3016 4379 oscula
3063 4324 3276 4378 inimici.
3309 4322 3367 4377 Id
3409 4338 3513 4376 non
3559 4318 3694 4390 apud

2113 4419 2358 4474 homines
2389 4427 2616 4485 tantum,
2651 4417 2743 4473 sed
2771 4417 2929 4472 etiam
2958 4421 3098 4486 apud
3147 4417 3311 4471 Deum
3343 4428 3394 4470 et
3417 4415 3553 4485 apud
3581 4413 3696 4468 diaé

2113 4512 2290 4565 bolum
2342 4509 2707 4580 exquiramus.
2749 4509 2843 4564 Ille
2895 4509 3121 4573 amicus,
3161 4507 3248 4561 hic
3299 4507 3544 4560 inimicus
3584 4512 3696 4568 est;

2116 4605 2206 4658 ille
2245 4611 2485 4658 servator
2514 4610 2569 4656 et
2612 4609 2846 4666 curator,
2877 4600 2963 4654 hic
3011 4598 3380 4653 fraudulentus
3428 4606 3481 4653 et
3528 4594 3700 4650 inimi-

2114 4716 2228 4754 cus.
2273 4700 2370 4755 Hic
2413 4697 2695 4769 aliquando
2739 4695 3006 4751 osculatus
3057 4702 3172 4756 est,
3227 4693 3315 4747 ille
3365 4689 3702 4746 vulneravit?

2115 4793 2393 4860 Quomodo
2448 4792 2532 4846 hic
2576 4789 2844 4844 osculatus
2898 4794 3016 4851 est,
3069 4785 3158 4838 ille
3203 4779 3536 4846 vulneravit?
3605 4777 3704 4832 Hic

2117 4887 2271 4953 dixit,
2308 4884 2462 4937 Erilis
2484 4883 2614 4936 sicut
2647 4880 2720 4933 dii
2743 4896 2761 4945 ς
2807 4879 2895 4933 ille
2922 4893 3070 4941 vero,
3097 4875 3249 4929 Terra
3275 4890 3344 4937 es,
3369 4881 3414 4925 et
3435 4871 3488 4923 in
3517 4882 3703 4923 terram

2117 4977 2375 5034 reverteris
2415 4973 2565 5047 (Gen.
2600 4974 2652 5027 5.
2685 4973 2738 5027 5.
2775 4981 2820 5025 et
2856 4970 2983 5040 I9).
3015 4967 3145 5024 Uter
3174 4964 3340 5035 tnagis
3381 4960 3597 5033 profuit,
3637 4976 3706 5016 an

2120 5073 2228 5138 hic,
2256 5069 2344 5140 qui
2376 5068 2528 5130 dixit,
2562 5065 2721 5119 Erilis
2749 5063 2877 5118 sicut
2899 5063 3006 5118 dii:
3045 5075 3112 5114 an
3143 5059 3228 5112 ille
3256 5055 3345 5126 qui
3367 5055 3519 5118 dixit,
3553 5053 3709 5108 Terra

2120 5179 2194 5229 es,
2224 5172 2270 5217 et
2308 5161 2360 5214 in
2388 5168 2573 5212 terram
2611 5155 2869 5209 reverteris
2892 5153 2918 5206 ?
2961 5151 3058 5206 llic
3084 5158 3309 5204 mortem
3339 5146 3710 5201 intern'iinatns

2123 5265 2225 5318 est,
2256 5254 2342 5309 ille
2365 5250 2818 5306 immortalitatem
2848 5245 3124 5317 promisit;
3154 5242 3245 5296 sed
3281 5243 3372 5312 qui
3397 5238 3710 5296 immortali-

2127 5359 2288 5404 tatem
2338 5344 2604 5417 promisit,
2654 5351 2718 5406 ex
2769 5339 3014 5410 paradiso
3064 5336 3400 5391 exturbavit:
3446 5333 3535 5404 qui
3586 5345 3714 5385 vero

2128 5448 2352 5498 martem
2383 5436 2758 5495 interminatus
2801 5442 2902 5500 est,
2937 5433 2987 5486 in
3027 5429 3217 5486 cazlum
3275 5426 3494 5482 invexit.
3530 5421 3712 5477 Viden’

2128 5533 2396 5607 quomodo
2415 5530 2677 5586 Fideliora
2697 5537 2812 5584 sunt
2845 5525 3054 5580 vulnera
3079 5523 3251 5588 amici,
3269 5535 3420 5592 quam
3441 5514 3716 5588 spontanea

2131 5627 2302 5685 oscula
2327 5623 2559 5680 inimici?
2591 5622 2714 5678 Ideo
2735 5629 3020 5688 antequam
3043 5615 3092 5670 id
3122 5613 3712 5676 demoustrarem,gra'-

2133 5721 2260 5775 tiam
2292 5716 2451 5775 retuli
2482 5715 2569 5781 iis,
2597 5713 2686 5784 qui
2713 5728 2800 5767 me
2828 5717 3078 5782 arguunt.
3104 5706 3184 5762 Illi
3211 5718 3439 5776 namque
3466 5700 3576 5754 sive
3599 5697 3718 5768 jurc

2134 5814 2246 5871 sive
2271 5809 2464 5883 injuria
2491 5813 2732 5879 arguant,
2761 5819 2868 5861 non
2897 5798 3274 5872 exprobrandi,
3302 5795 3397 5853 sed
3421 5789 3716 5863 corrigendi
