4096 6222
453 264 587 322 133

453 385 664 436 animo
705 377 755 432 id
781 384 976 448 agunt;
1021 374 1217 428 inimici
1257 387 1410 434 vero,
1446 370 1653 426 etiamsi
1681 369 1801 432 jure
1829 378 2069 440 arguant,

459 489 590 528 non
635 467 973 538 corrigendi,
1019 466 1112 523 sed
1158 463 1445 520 infamandi
1489 462 1668 516 animo
1713 471 1958 530 arguunt.
2013 461 2072 514 lli

451 565 640 631 igitur
669 563 794 617 dum
831 559 1069 625 laudant,
1104 557 1154 612 id
1180 555 1396 610 studt-nt
1426 564 1479 606 ιιι
1507 552 1780 607 meliorem
1805 552 2072 614 efficiant;

451 650 549 708 illi
594 669 761 720 vero,
807 650 1016 706 etiamsi
1058 647 1308 713 laudent,
1350 644 1694 699 nihilominus
1733 643 2074 711 sopplantare

447 756 756 802 COIIflllllll'.

558 833 1031 906 Reprehensionnm
1061 830 1364 885 utilitas.—
1383 826 1647 882 Cancrum
1676 837 1887 893 quoquo
1915 820 2072 876 modo

452 923 827 996 reprehensio
873 922 1109 987 accidat,
1172 935 1420 989 magnam
1464 925 1612 972 certe
1655 915 1850 968 bonum
1900 920 1983 967 est
2027 910 2072 964 si

449 1020 594 1087 quis
621 1015 1070 1087 reprehensiones
1089 1012 1596 1078 eriminatioucsque
1618 1008 1685 1060 ita
1716 1003 2069 1073 ferre'possit,

452 1121 526 1164 ut
580 1126 688 1164 non
720 1115 1086 1177 exasperetur.
1126 1105 1226 1172 Qui
1269 1103 1411 1158 enim
1443 1102 1548 1155 odit
1582 1099 1970 1168 increpationes,
2000 1097 2074 1149 ait

455 1201 775 1271 Scriptura,
807 1200 1051 1270 insipiens
1081 1207 1152 1252 est
1189 1195 1369 1269 (Prov.
1407 1194 1494 1248 12.
1531 1193 1604 1261 1).
1637 1191 1751 1245 Non
1774 1190 1906 1243 dixit
1940 1188 2072 1242 tales

457 1292 562 1347 vel
611 1293 743 1346 tales
790 1291 1202 1360 increpationes,
1252 1286 1348 1342 sed
1399 1294 1604 1339 tantum
1656 1280 2068 1350 increpationcs.

457 1385 610 1440 Nam
655 1384 699 1438 si
724 1383 846 1452 jnrc
892 1389 1081 1452 arguat
1125 1381 1352 1442 amicus,
1405 1385 1681 1446 peccatum
1731 1372 1973 1441 corrige;
2024 1370 2069 1424 si

460 1477 683 1546 absque
728 1475 958 1538 ratione,
1003 1471 1158 1527 lauda
1191 1471 1541 1532 voluntatem,
1582 1481 1801 1535 scopum
1829 1463 1945 1530 ejus
1972 1477 2070 1530 ap-

461 1567 668 1636 proba,
701 1565 952 1619 amicitia:
985 1561 1212 1632 gratiam
1242 1559 1499 1614 confitere
1529 1573 1542 1611 :
1570 1573 1634 1610 ex
1664 1569 1854 1622 magno
1875 1553 2070 1622 quippe

463 1675 664 1714 amore
691 1655 960 1712 accusatio
986 1653 1359 1724 proficiscitur.
1395 1647 1470 1705 Ne
1509 1645 1923 1706 stomacheimir,
1946 1659 2068 1697 cum

463 1750 766 1821 arguimur.
801 1746 856 1802 Id
885 1746 1176 1802 admodum
1205 1744 1333 1798 utile
1377 1751 1459 1796 est
1505 1741 1626 1794 vita:
1676 1747 1893 1797 nostra‘,
1924 1736 1969 1790 si
2003 1734 2070 1788 ab

464 1843 728 1897 omnibus
760 1841 870 1904 fiat,
901 1841 943 1894 si
976 1848 1026 1894 et
1075 1847 1357 1908 peccantes
1387 1848 1694 1904 arguamus,
1737 1839 1788 1884 et
1819 1830 1946 1883 dum
1995 1828 2071 1880 la-

470 1937 656 1990 bimur
684 1935 752 1989 ab
792 1935 910 1988 aliis
961 1931 1108 2002 argui
1162 1931 1392 1985 lihenter
1436 1927 1709 1982 feramus:
1739 1925 1791 1977 in
1838 1920 2070 1991 peccatis

465 2028 620 2081 enim
654 2026 794 2080 idem
839 2032 965 2079 sunt
997 2021 1462 2092 reprehensiones,
1491 2015 1630 2086 quod
1681 2015 1732 2068 in
1762 2011 2070 2066 vulneribus

469 2115 750 2180 remedia;
783 2111 1228 2186 qucmadmmlum
1263 2111 1420 2181 igitur
1447 2109 1639 2164 stultus
1666 2116 1742 2161 est
1775 2105 1865 2175 qui
1907 2103 2068 2174 pltar-

468 2225 627 2265 maca
681 2209 874 2277 rejicit,
903 2207 973 2260 ita
1014 2216 1067 2260 et
1110 2205 1328 2258 insanus
1376 2201 1441 2266 is,
1487 2201 1575 2271 qui
1625 2197 2069 2268 reprehensiones

469 2316 585 2355 non
638 2295 1095 2351 admittit.Verum
1138 2293 1288 2348 multi
1339 2306 1481 2360 saepe
1510 2297 1914 2358 exasperantur,
1955 2285 2069 2339 lucc

470 2391 620 2462 apud
664 2406 721 2445 sc
745 2390 1040 2459 cogitantes
1065 2395 1121 2442 ct
1149 2387 1388 2440 dicentes
1419 2403 1432 2438 :
1462 2383 1732 2438 Hunccine
1773 2381 1936 2434 feram
1967 2393 2066 2447 ego

470 2483 692 2552 sapiens
720 2493 772 2536 et
816 2479 1094 2551 prudens?
1137 2478 1443 2548 ignorantes
1477 2490 1597 2530 esse
1640 2472 1766 2527 illud
1811 2481 2067 2527 extretna:

468 2576 760 2630 dementia:
785 2581 1178 2644 argumentum.
1218 2569 1458 2623 Videbam
1489 2568 1655 2632 enim,
1687 2565 1876 2636 inquit,
1906 2563 2069 2617 Itami-

468 2683 608 2730 ncm,
638 2666 724 2735 qui
754 2665 849 2718 sibi
874 2663 1129 2718 ridebatur
1175 2662 1397 2730 sapiens,
1422 2669 1465 2712 et
1510 2659 1755 2728 majorem
1795 2655 1884 2709 illo
1926 2670 2068 2722 spem

472 2760 622 2815 habet
661 2760 902 2827 insipiens
949 2757 1132 2828 (Prov.
1170 2756 1262 2812 26.
1305 2755 1415 2825 12).
1468 2756 1764 2823 Eaproptcr
1792 2761 1845 2806 et
1876 2750 2067 2805 Paulus

468 2851 604 2906 dicit
631 2868 645 2904 :
682 2848 764 2904 Ne
788 2850 898 2903 sitis
925 2850 1192 2917 prudentes
1218 2848 1358 2918 apud
1397 2847 1722 2916 vosmetipsos
1765 2844 1942 2913 (Rom.
1975 2840 2063 2896 4‘2.

472 2942 590 3012 16).
620 2940 768 2996 Licet
791 2941 933 2996 enim
967 2941 1157 2993 mirum
1187 2939 1236 2992 in
1269 2938 1484 2992 modum
1516 2938 1586 2990 sit
1623 2937 1837 3007 sapiens
1857 2945 1910 2991 et
1941 2951 2069 3008 per-

469 3032 676 3101 spicas,
707 3040 941 3085 attamen
982 3031 1142 3084 homo
1163 3046 1222 3084 es
1252 3038 1305 3084 et
1328 3027 1552 3083 consilio
1583 3043 1717 3096 opus
1748 3028 1930 3084 habes.
1961 3030 2064 3085 So-

472 3124 577 3177 lius
609 3122 751 3176 enim
791 3122 883 3176 Dei
912 3131 994 3175 est
1025 3121 1221 3175 nullius
1249 3120 1508 3189 indigere,
1536 3128 1589 3173 et
1628 3119 1775 3174 nullo
1803 3135 1938 3190 Opus
1968 3121 2063 3175 lia-

472 3217 604 3270 bere
634 3216 958 3271 consiliario.
991 3213 1115 3269 Ideo
1149 3213 1216 3268 de
1249 3213 1338 3266 illo
1360 3213 1474 3266 solo
1503 3212 1737 3266 dicitur:
1772 3213 1896 3278 Quis
1933 3215 2064 3268 enim

470 3309 608 3362 novit
625 3323 823 3361 sensum
845 3305 1069 3372 Domini,
1084 3315 1168 3358 aut
1185 3305 1294 3374 quis
1309 3304 1627 3358 consiliarius
1640 3306 1749 3372 eius
1768 3305 1862 3376 fuit
1887 3303 2060 3378 (liam.

473 3401 498 3453 1
519 3401 557 3454 ι.
593 3399 724 3466 '54)?
763 3401 830 3451 At
860 3413 958 3451 nos
989 3396 1234 3450 homines
1262 3405 1749 3465 quantumcumque
1770 3396 2060 3465 sapientes,

471 3490 744 3544 nndtoties
789 3499 966 3542 tatneu
1009 3503 1196 3543 sumus
1243 3486 1661 3557 reprehensione
1707 3486 1874 3556 digni,
1905 3499 2064 3558 atque

473 3584 598 3638 hinc
624 3593 841 3654 apparet
865 3593 1066 3636 naturae
1094 3590 1290 3635 nostra:
1321 3580 1621 3634 infirmitas.
1655 3577 1774 3632 Non
1797 3579 1928 3632 enim
1956 3596 2064 3633 om-

474 3675 562 3728 nia
586 3691 692 3728 esse
735 3682 942 3742 possunt
969 3673 1021 3725 in
1048 3672 1332 3725 hominibus
1373 3669 1562 3738 (Ereti.
1598 3671 1679 3724 l7.
1711 3668 1826 3739 29),
1873 3670 2062 3740 inquit.

473 3766 691 3832 Quare?
718 3765 854 3834 Quia
884 3765 1022 3818 filius
1050 3764 1281 3817 hominis
1309 3779 1412 3816 non
1446 3773 1529 3816 est
1560 3763 1892 3816 immortalis.
1924 3762 2062 3830 Quid

476 3858 704 3913 lucidius
730 3859 883 3912 Sole?
915 3858 1165 3912 Attamen
1193 3866 1247 3910 ct
1279 3855 1368 3909 ille
1397 3853 1597 3908 deﬁcit.
1625 3855 1775 3909 Sicut
1802 3870 1929 3924 ergo
1959 3855 2060 3910 ful-

474 3949 650 4018 gidam
690 3949 832 4002 illam
866 3948 1036 4004 lucem
1063 3956 1118 4002 et
1145 3946 1512 4016 splendentem
1558 3946 1764 4000 radium
1806 3961 2062 4016 superve-

479 4044 687 4097 nientes
716 4041 953 4096 tenebrrc
993 4041 1292 4111 obtegunt:
1326 4040 1394 4093 ita
1424 4050 1478 4094 et
1520 4039 1918 4109 intelligentiam
1969 4057 2066 4096 no-

478 4145 664 4200 stram,
696 4134 846 4203 quasi
893 4134 944 4187 in
993 4132 1216 4187 meridie
1263 4130 1552 4202 fulgentem
1603 4142 1656 4186 et
1704 4133 2060 4202 perspicuam,

479 4223 927 4278 inconsiderantia
967 4224 1232 4292 obrepens
1276 4238 1421 4292 saepe
1470 4225 1806 4279 tenebrosam
1852 4225 2061 4290 reddit;

478 4315 776 4385 acciditque
817 4324 876 4369 ut
921 4315 1138 4384 sapiens
1163 4314 1482 4383 quandoque
1537 4330 1641 4368 non
1698 4315 1873 4370 videat
1922 4314 2062 4384 quod

478 4415 710 4476 oportet,
741 4415 794 4461 et
820 4407 865 4460 is
900 4406 988 4476 qui
1025 4405 1193 4458 nndto
1225 4405 1298 4458 illi
1331 4403 1549 4458 inferior
1579 4414 1660 4458 est
1697 4405 1904 4460 acutius
1933 4404 2064 4460 illud

479 4500 785 4570 perspiciat.
815 4501 988 4569 Atque
1041 4501 1109 4552 ita
1157 4513 1244 4552 res
1275 4513 1333 4552 se
1362 4497 1540 4562 habet,
1571 4507 1628 4552 ut
1656 4514 1826 4568 neque
1852 4499 2064 4570 sapiens

480 4606 538 4645 se
568 4591 810 4657 extollat,
855 4605 1026 4660 neque
1061 4588 1282 4644 inferior
1328 4589 1421 4642 illo
1462 4604 1584 4645 sese
1623 4589 1877 4644 miserum
1923 4605 2063 4659 pra:-

479 4684 640 4738 dicet.
689 4683 933 4753 Magnum
987 4682 1186 4736 bonum
1232 4689 1353 4742 est.
1398 4678 1844 4748 reprehensiones
1885 4679 2060 4736 ferre:

481 4791 730 4846 magnmn
760 4776 883 4829 item
916 4774 1112 4827 bonum
1144 4786 1300 4841 posse
1327 4770 1756 4840 reprehendere;
1801 4786 1922 4825 nam
1962 4771 2064 4828 hoc

479 4867 546 4921 ad
595 4883 778 4921 curam
813 4865 1040 4935 proximi
1087 4865 1314 4918 maxime
1359 4863 1608 4932 pertinet.
1657 4860 1808 4916 Nunc
1848 4878 1976 4918 vero
2018 4864 2062 4918 si

482 4958 755 5012 videamus
777 4957 1047 5010 hominem
1079 4954 1307 5008 tunicam
1336 4954 1563 5009 solutam
1587 4963 1640 5008 et
1665 4969 1729 5010 ex
1759 4961 2064 5009 transverso

482 5050 806 5116 habentem,
860 5060 952 5103 aut
1005 5047 1148 5103 aliud
1203 5047 1571 5102 indumentum
1619 5047 1756 5101 male
1811 5048 2059 5116 positum,

483 5156 764 5196 monemus
797 5151 850 5194 et
883 5138 1265 5202 emendamus;
1315 5138 1358 5190 si
1409 5153 1536 5192 vero
1584 5137 1855 5191 videamus
1903 5137 2062 5191 vitam

482 5235 596 5302 ejus
625 5234 960 5298 dissolutam,
995 5246 1063 5285 ne
1105 5230 1326 5284 verbum
1356 5228 1569 5299 quidem
1619 5227 1957 5297 proferimus.
2008 5229 2062 5282 Si

484 5330 756 5384 videamus
778 5329 938 5380 vitam
964 5325 1078 5395 ejus
1109 5323 1434 5385 indecorum,
1460 5323 1824 5390 prarterimus:
1856 5322 2063 5376 tametsi

482 5438 542 5474 ca
582 5437 702 5491 qua:
729 5419 794 5475 ad
820 5428 992 5474 vestes
1033 5417 1296 5486 pertinent
1331 5456 1348 5478 ,
1377 5415 1537 5467 risum
1576 5422 1814 5477 tantum,
1853 5430 1913 5468 ea
1938 5430 2065 5469 vero

484 5525 601 5578 qua:
640 5511 707 5565 ad
748 5511 1024 5572 animam,
1057 5506 1347 5576 perieulum
1384 5515 1434 5560 et
1477 5505 1790 5574 supplicium
1839 5505 2062 5573 pariant.

483 5604 616 5658 Cum
645 5603 790 5656 vides
817 5603 1034 5655 fratrem
1078 5615 1173 5669 per
1213 5597 1500 5667 prun-ipitia
1545 5597 1688 5659 ferri,
1719 5597 1786 5649 de
1827 5595 1932 5651 vita
1962 5614 2066 5653 nou

480 5710 782 5762 curantem,
814 5708 912 5749 nec
945 5709 1029 5759 eo,
1072 5707 1177 5762 quo
1207 5707 1338 5760 opus
1371 5699 1471 5756 est,
1497 5699 1842 5760 spectantem,
1891 5707 2070 5748 nonne

1122 255 1209 312 DE
1240 253 1579 312 FERENDIS
1615 250 2050 308 BEPiiEllENS.
2092 251 2179 308 ET
2223 253 2312 309 DE
2352 254 2609 311 MLTAT.
2651 251 2985 311 NOMINUM.
3031 251 3122 309 lll.

3673 259 3772 316 liii

2189 386 2404 426 manum
2448 371 2713 441 porrigis?
2744 386 2920 426 nonne
2944 387 2972 424 a
3003 370 3152 441 lapsu
3199 371 3397 443 erigis?
3448 391 3624 432 nonne
3677 374 3800 432 ξιξ-ί

2183 461 2472 530 prehendis
2497 473 2552 517 et
2581 463 2799 530 arguis?
2828 479 2896 517 an
2927 463 3088 532 pluris
3115 462 3244 519 facis
3265 481 3370 520 non
3402 466 3762 537 importunum

2181 551 2347 606 videri
2381 553 2460 613 vel
2483 552 2775 618 offendere,
2806 569 2965 622 quam
3005 554 3121 621 eius
3140 555 3366 611 salutem
3391 560 3618 614 curare?
3661 560 3764 614 Ee-

2179 658 2336 711 quam
2371 643 2642 699 habiturus
2667 659 2728 699 es
2752 646 2888 714 apud
2919 646 3083 700 Detnn
3121 649 3369 701 veniam?
3397 666 3555 720 quam
3583 651 3765 706 defen-

2178 734 2424 788 sionem?
2455 735 2568 790 Non
2613 737 2808 790 audisti
2857 738 2983 808 quid
3013 738 3212 796 Judaeis
3253 741 3396 797 Deus
3426 747 3763 814 praeceperit,

2180 833 2236 878 ut
2266 840 2334 880 ne
2375 826 2604 880 err.:ntia
2651 828 2984 882 inimicorum
3027 835 3264 900 jumenta
3307 832 3664 903 despicerent,
3720 850 3768 889 et

2180 916 2324 985 lapsa
2347 932 2414 972 ne
2445 918 2778 987 przeterirent
2808 920 3004 988 (Exod.
3029 921 3120 976 Q5.
3148 923 3201 977 ι.
3230 924 3282 978 5.
3308 934 3355 978 et
3377 923 3526 980 Deut.
3555 927 3644 982 22.
3673 928 3721 997 ι)
3746 933 3768 980 1’

2178 1005 2322 1062 Itane
2348 1007 2517 1063 Juda:i
2561 1010 2777 1078 quidem
2805 1010 3060 1080 jubentur
3090 1014 3241 1068 bruta
3268 1017 3599 1073 inimicormn
3631 1037 3757 1075 suo-

2181 1115 2299 1153 rum
2332 1116 2438 1154 non
2465 1101 2762 1171 despicere,
2783 1119 2881 1158 nos
2907 1120 3034 1159 vero
3058 1107 3275 1161 fratrum
3302 1110 3508 1165 animas
3528 1115 3764 1182 quotidie

2176 1192 2542 1261 Supplantatas
2563 1194 2954 1264 despiciemus?
2986 1196 3265 1264 Quomodo
3295 1200 3345 1253 id
3378 1218 3482 1255 non
3510 1212 3763 1259 extrema:

2176 1283 2505 1340 crudelitatis
2549 1296 2604 1340 et
2633 1286 2789 1340 ferini
2819 1287 2982 1342 anitni
3029 1289 3206 1356 fuerit,
3239 1307 3344 1345 non
3375 1301 3578 1348 tantum
3621 1311 3763 1350 cura:

2179 1374 2482 1432 hominibus
2528 1378 2858 1448 impendere,
2895 1391 3148 1450 quantum
3200 1383 3270 1436 illi
3311 1386 3606 1452 jumeutis?
3651 1389 3764 1443 lloc

2175 1468 2353 1521 Omnia
2384 1470 2668 1535 subvertit,
2698 1470 2800 1526 hoc
2834 1473 2994 1526 vitam
3025 1483 3261 1528 nostram
3292 1478 3586 1542 confundit,
3617 1483 3758 1550 quod

2176 1573 2275 1612 nec
2315 1561 2629 1629 reprehensi
2674 1577 2936 1631 generose
2985 1565 3236 1633 feramus,
3281 1583 3454 1638 neque
3499 1571 3632 1624 alios
3677 1590 3762 1628 re-

2175 1647 2509 1717 prehendere
2535 1651 2762 1706 velimus
2799 1670 2812 1706 :
2859 1653 2979 1708 ideo
3007 1655 3150 1709 enim
3178 1657 3384 1712 molesti
3406 1674 3610 1725 smnus,
3635 1679 3758 1716 cum

2175 1738 2466 1808 arguimus,
2499 1743 2621 1810 quia
2661 1757 3063 1813 exasperamur,
3095 1761 3216 1800 eum
3247 1751 3536 1817 arguimur.
3581 1752 3762 1806 Enim-

2174 1843 2302 1883 vero
2329 1831 2372 1884 si
2394 1834 2552 1885 seiret
2583 1831 2745 1887 frater
2774 1843 2989 1900 tuus,se
3015 1835 3109 1888 abs
3140 1847 3189 1890 te
3220 1837 3490 1894 laudatmn
3525 1841 3607 1906 iri,
3631 1844 3673 1895 si
3709 1855 3760 1898 te

2174 1930 2440 1988 argueret,
2459 1923 2814 1991 reprehensus
2827 1934 2878 1979 et
2901 1926 3013 1993 ipse
3041 1942 3216 1995 parem
3239 1930 3552 1998 rependerct
3566 1935 3756 1987 vicem.

2245 2009 2299 2062 2.
2347 2011 2433 2066 Vis
2460 2013 2599 2067 scire
2639 2023 2721 2081 te,
2754 2015 2962 2069 etiamsi
3008 2016 3295 2072 admodum
3327 2021 3558 2090 prudens
3587 2041 3756 2089 esses,

2173 2102 2380 2158 etiamsi
2407 2104 2696 2175 perfectus,
2716 2107 2924 2162 etiamsi
2947 2108 3010 2162 ad
3034 2123 3300 2164 sumnmm
3325 2114 3530 2167 virtutis
3551 2117 3759 2184 apicem

2175 2196 2530 2263 pervenisses,
2561 2212 2696 2268 opus
2729 2208 2901 2253 tamen
2934 2199 3234 2255 habiturum
3273 2218 3392 2258 esse
3427 2207 3754 2271 Consiliario,

2174 2295 2308 2342 eteo
2325 2289 2414 2356 qui
2441 2299 2490 2344 te
2515 2301 2762 2358 argueret
2789 2307 2852 2346 ac
2879 2293 3334 2362 reprehenderet?
3362 2298 3498 2352 Audi
3525 2310 3755 2357 veterem

2174 2377 2470 2434 historiam.
2512 2381 2653 2436 Nihil
2682 2383 2846 2454 Moysi
2881 2400 2974 2453 par
3013 2395 3127 2441 crat
3163 2405 3178 2441 :
3223 2388 3506 2456 siquidem,
3545 2391 3755 2446 Mitissi-

2174 2492 2286 2529 mns
2312 2485 2440 2540 erat,
2474 2477 2642 2545 inquit
2675 2478 2967 2548 Scriptura,
2995 2483 3218 2536 omnium
3264 2484 3520 2539 hominum
3567 2486 3755 2557 (Num.

2175 2565 2260 2621 12.
2293 2566 2371 2638 3),
2419 2568 2529 2623 Deo
2577 2569 2800 2638 amicus,
2853 2581 3072 2627 externa
3126 2573 3455 2644 philosophia
3501 2577 3754 2645 imbutus,

2172 2659 2546 2730 Spiritualiquc
2570 2662 2916 2734 intelligentia
2949 2667 3156 2734 plenus.
3190 2666 3437 2724 Eruditns
3465 2673 3606 2726 enim
3628 2685 3754 2738 erat,

2173 2750 2363 2821 inquit,
2393 2751 2596 2823 Moyses
2635 2756 2774 2809 onmi
2815 2757 3063 2826 sapientia
3110 2757 3473 2831 /Egypliornm
3516 2766 3654 2833 (εισι.
3701 2769 3754 2821 7.

2169 2842 2286 2912 22).
2316 2843 2480 2900 Vides
2517 2847 2857 2916 omnigcnam
2899 2849 3292 2906 eruditionem?
3336 2853 3556 2922 Et'ttfqtte
3581 2869 3755 2924 potens

2169 2950 2400 2988 sermone
2425 2945 2470 2988 et
2497 2937 2694 2990 virtute.
2727 2937 2920 2992 Verum
2949 2940 3070 2995 audi
3103 2942 3243 2997 aliud
3271 2961 3481 3016 quoque
3514 2950 3753 3004 testiino-

2171 3026 2337 3080 nium.
2365 3028 2498 3082 Cum
2528 3029 2729 3094 multis,
2769 3031 2960 3100 inquit,
2994 3036 3267 3104 prophetis
3296 3051 3639 3096 conversatus
3675 3054 3755 3099 est

2174 3119 2347 3184 Deus;
2376 3122 2467 3175 sed
2496 3137 2616 3176 cum
2647 3123 2791 3178 nullo
2827 3126 2902 3178 sic
2933 3140 3276 3184 ronversatus
3301 3145 3380 3186 est
3415 3152 3428 3189 :
3474 3153 3593 3190 nam
3633 3154 3753 3192 cum

2169 3213 2286 3267 aliis
2316 3228 2409 3282 per
2436 3215 2713 3282 renigmata
2737 3225 2790 3269 et
2817 3218 3043 3281 somnia,
3072 3235 3192 3273 eum
3234 3222 3414 3293 Moyse
3457 3243 3584 3280 vero
3614 3229 3752 3284 facie

2168 3301 2234 3356 ad
2277 3303 2462 3358 faciem
2513 3303 2688 3373 (Deut.
2717 3306 2808 3360 54.
2859 3307 2968 3377 l0).
2997 3307 3148 3374 Quod
3199 3312 3289 3366 illo
3331 3315 3502 3382 majus
3547 3318 3754 3375 virtutis

2169 3393 2286 3463 ejus
2340 3395 2592 3450 indicium
2646 3399 2905 3467 requiras,
2958 3400 3169 3469 quando
3215 3407 3451 3460 omn'um
3502 3409 3754 3464 Dominus

2169 3502 2384 3542 servum
2407 3489 2554 3557 quasi
2578 3491 2808 3544 amicum
2831 3491 3158 3562 alloquitur?
3196 3495 3319 3550 Erat
3349 3498 3524 3569 itaque
3543 3504 3754 3570 sapiens

2172 3589 2276 3632 ιεηιι
2329 3582 2630 3650 peregrina,
2678 3599 2835 3652 quam
2889 3584 3179 3641 domestica
3225 3590 3590 3659 institutione;
3640 3608 3756 3650 erat

2170 3681 2360 3739 potens
2405 3687 2654 3727 sermone
2683 3686 2737 3728 et
2769 3690 2952 3744 opere,
2985 3676 3282 3746 inqerahat
3331 3681 3426 3751 ipsi
3473 3697 3752 3750 creatum,

2168 3761 2290 3832 quia
2336 3762 2540 3816 amicus
2568 3774 2684 3818 erat
2714 3764 2920 3819 Domini
2973 3779 3271 3833 creatura};
3324 3772 3506 3828 eduxit
3550 3785 3752 3831 tantum

2170 3852 2420 3920 populum
2476 3869 2544 3908 ex
2596 3853 2862 3924 Aigypto;
2907 3873 3054 3911 mare
3101 3859 3313 3923 divisit,
3361 3873 3520 3933 atque
3563 3869 3752 3924 iterum

2168 3944 2443 4010 conjunxit
2494 3962 2507 3997 :
2568 3946 2853 4014 ridereque
2899 3958 3015 4002 erat
3060 3953 3382 4019 stupendum
3439 3961 3749 4016 nnraciilum

2171 4032 2361 4105 (Exod.
2391 4034 2480 4088 55.
2516 4033 2625 4106 ll).
2658 4035 2806 4090 Tunc
2849 4038 2991 4091 enim
3026 4040 3250 4108 primum
3299 4045 3378 4097 sol
3410 4046 3540 4100 vidit
3581 4067 3746 4116 mare,

2169 4140 2276 4178 non
2304 4124 2497 4190 navali,
2521 4125 2613 4181 sed
2643 4126 2874 4195 pedestri
2920 4128 3113 4185 itinere
3140 4132 3350 4188 transiri
3382 4153 3395 4189 :
3427 4137 3750 4210 pelagusque

2171 4233 2276 4271 non
2305 4217 2470 4273 remis
2497 4227 2550 4273 et
2593 4220 2834 4290 navigiis,
2867 4221 2959 4276 sed
3000 4237 3259 4292 equorum
3309 4228 3529 4295 pedibus
3579 4240 3751 4288 trans-

2170 4309 2372 4364 ft'ctari.
2405 4311 2651 4365 Attamen
2691 4311 2776 4366 ille
2805 4315 3038 4380 sapiens,
3073 4313 3160 4368 ille
3191 4327 3378 4383 potens
3415 4333 3664 4375 sermone
3701 4334 3754 4378 et

2169 4416 2352 4470 ορρνο,
2381 4403 2582 4456 amicus
2632 4401 2746 4468 Dei,
2791 4404 2880 4472 qui
2921 4414 3178 4458 creatura:
3209 4407 3522 4478 imperabat,
3571 4424 3624 4468 ct
3677 4425 3752 4471 tot

2171 4491 2425 4546 miracula
2454 4491 2711 4554 ediderat,
2743 4509 2847 4546 non
2877 4494 3251 4550 animadvertit
3276 4514 3410 4565 rem,
3439 4517 3596 4572 quam
3628 4507 3745 4574 ple-

2171 4586 2322 4652 rique
2369 4584 2674 4637 mortalium
2703 4582 2859 4640 facile
2908 4587 3265 4655 perspiciunt;
3307 4591 3401 4645 sed
3432 4609 3585 4649 socer
3631 4597 3749 4666 ejus

2171 4676 2428 4730 barbarus
2457 4687 2510 4730 ct
2555 4677 2812 4732 obscurus
2841 4679 3002 4734 homo
3053 4680 3102 4735 id
3158 4683 3552 4755 animadvertit,
3598 4699 3652 4744 et
3695 4691 3746 4746 in

2169 4768 2402 4823 medium
2453 4770 2672 4838 protulit
2722 4771 2794 4837 id,
2846 4773 2986 4842 quod
3034 4775 3120 4831 ille
3177 4794 3280 4834 non
3327 4786 3744 4855 excogitaverat.

2169 4861 2304 4929 Quid
2335 4862 2490 4932 igitur
2512 4862 2639 4916 illud
2667 4866 2787 4920 est?
2815 4866 3027 4934 Audite,
3059 4879 3115 4924 ut
3153 4871 3368 4930 diseatis
3397 4894 3748 4950 unumquem-

2169 4969 2273 5022 que
2301 4953 2602 5009 cOnsiliario
2632 4955 2889 5027 indigere,
2919 4961 3127 5016 etiamsi
3178 4963 3339 5036 Moysi
3370 4970 3598 5024 conferri
3633 4987 3753 5040 pos-

2169 5049 2236 5100 sit
2273 5064 2286 5100 :
2336 5049 2603 5118 multaque
2627 5049 2936 5122 plcrmnquc
2966 5070 3105 5114 esse.
3137 5072 3256 5125 qua:
3288 5060 3462 5129 magai
3486 5071 3538 5116 et
3577 5063 3746 5119 admi-

2170 5137 2365 5192 rabiles
2413 5141 2509 5194 viri
2559 5142 2822 5211 ignorant.
2855 5160 2974 5214 qua:
3025 5147 3220 5201 nullius
3252 5151 3404 5217 pretii
3447 5152 3749 5212 hominibus

2172 5239 2294 5283 nota
2349 5241 2492 5284 sunt.
2548 5233 2682 5286 Cum
2731 5235 2874 5289 enim
2925 5235 3135 5307 Moyses
3182 5253 3432 5308 egressus
3478 5255 3621 5299 esset
3683 5263 3749 5303 es

2173 5321 2428 5392 A'Igypto,
2463 5325 2512 5377 in
2541 5324 2857 5395 desertoque
2883 5337 3083 5398 ageret,
3117 5329 3296 5386 aderat
3332 5334 3574 5389 universa
3603 5339 3752 5406 plebs

2171 5412 2235 5466 ad
2265 5423 2513 5468 sexcenta
2553 5414 2825 5470 hominum
2858 5419 3042 5482 millia,
3065 5422 3408 5491 onmimnque
3439 5425 3558 5479 lites
3585 5429 3752 5485 disce-

2171 5506 2540 5575 ptationcsque
2563 5506 2647 5558 ille
2677 5508 2918 5562 solvebat
2949 5506 3140 5578 (Exod.
3178 5513 3286 5582 18).
3319 5514 3468 5580 Quod
3498 5517 3585 5571 ubi
3627 5521 3756 5577 vidit

2172 5607 2324 5649 socer
2363 5595 2477 5664 ejus
2513 5593 2720 5660 Jotltor,
2755 5597 2914 5651 homo
2969 5598 3268 5668 imperitus,
3298 5606 3386 5674 qui
3443 5607 3494 5660 iu
3537 5608 3753 5667 deserto

2181 5691 2342 5743 vitam
2386 5697 2586 5758 egerat,
2620 5703 2716 5744 nec
2749 5690 2920 5762 legum
2969 5691 3269 5766 palilia-quc
3317 5701 3760 5761 consuetudinem
