4096 6222
387 289 488 345 155

379 410 539 461 nllam
568 406 845 479 habuerat,
876 422 929 470 et
953 413 1020 470 ad
1053 416 1164 473 lucc
1203 419 1254 475 in
1284 422 1553 491 impietate
1589 426 1821 497 vivebat,
1853 446 1960 501 quo

375 499 502 567 quid
552 503 755 557 certius
802 503 1121 575 insipientim
1180 516 1593 581 argumentum?
1639 517 1779 574 Nihil
1817 499 1961 579 enim

376 593 662 660 gentilibus
700 604 782 649 est
830 597 1179 667 insipientius.
1217 601 1595 664 Verumtamen
1644 609 1731 667 iIYe
1771 613 1961 669 barba-

378 699 489 745 rus,
524 683 743 754 impius,
793 688 1072 756 insipiens,
1103 692 1289 748 videns
1338 695 1574 769 Moysem
1631 717 1735 755 non
1779 713 1835 758 ιιι
1865 720 1961 774 par

375 785 486 827 erat
527 786 708 844 agere,
754 777 925 846 ipsum
977 782 1355 853 reprehendit,
1404 791 1698 860 sapientem
1741 796 1955 868 inquam

373 864 543 931 illum,
579 868 916 936 prudentem,
953 873 1043 926 Dei
1072 876 1325 931 amicum.
1366 879 1609 952 Dixitque
1641 886 1753 939 illi:
1791 864 1958 953 Quare

369 955 445 1010 illi
488 967 624 1013 stant
669 974 840 1015 eorum
884 972 933 1018 te
976 964 1172 1035 (Exod.
1209 969 1293 1025 Ι8.
1329 972 1460 1041 Ι-Ι)ἳ
1505 984 1706 1031 etcum
1738 993 1951 1035 causam

367 1047 659 1114 didicisset,
691 1052 806 1108 ait:
840 1053 958 1110 Non
989 1066 1120 1112 recte
1156 1069 1209 1113 tu
1256 1063 1384 1131 [ocis
1427 1064 1532 1135 (Ib.
1570 1082 1618 1122 υ.
1651 1066 1762 1142 ΙἹ).
1812 1071 1955 1123 Con-

366 1139 544 1195 silium
576 1157 696 1196 cum
729 1144 1092 1216 increpatione
1117 1151 1460 1221 conjunctum
1487 1172 1501 1220 ;
1553 1172 1727 1228 neque
1774 1172 1949 1217 tamen

365 1229 457 1287 ille
483 1233 787 1305 indignatus
811 1247 910 1302 est,
935 1239 1029 1294 sed
1059 1242 1322 1310 patienter
1347 1247 1465 1301 tulit
1491 1249 1572 1302 vir
1601 1249 1688 1304 ille
1713 1253 1949 1321 sapiens,

366 1324 599 1392 prudens
619 1334 673 1381 et
703 1327 794 1384 Dei
820 1331 1042 1397 amicus,
1083 1333 1171 1407 qui
1220 1346 1297 1389 tot
1340 1340 1669 1409 myriadibos
1699 1354 1946 1412 prmerat.

363 1416 548 1488 Neque
576 1424 718 1474 enim
772 1437 994 1491 parvum
1046 1425 1148 1480 hoc
1172 1438 1275 1495 est,
1303 1444 1333 1483 a
1383 1430 1614 1488 barbaro
1641 1447 1694 1490 et
1741 1436 1947 1504 privato

362 1510 577 1564 homine
609 1513 832 1568 erudiri.
855 1514 1037 1586 Neque
1055 1518 1199 1573 edita
1237 1522 1509 1591 miracula,
1542 1542 1713 1597 neque
1739 1528 1946 1598 imperil

360 1603 669 1673 magnitudo
700 1606 934 1661 auiunnn
963 1610 1080 1677 ejus
1105 1612 1437 1669 extollebant
1474 1633 1487 1669 :
1532 1633 1705 1688 neque
1750 1621 1948 1677 rubore

356 1692 781 1761 sull'undcbatur,
813 1699 953 1768 quod
1002 1705 1352 1770 praisentibns
1380 1706 1607 1763 subditis
1648 1713 1946 1782 corripere-

354 1793 476 1851 tur;
508 1787 601 1841 sed
630 1789 871 1857 cogitans
898 1804 978 1856 se,
1010 1793 1111 1845 etsi
1143 1794 1291 1864 signa
1321 1811 1507 1867 magna
1536 1800 1814 1869 edidisset,
1847 1804 1945 1858 hu-

354 1890 525 1929 mana:
556 1885 730 1932 tamen
761 1879 1074 1949 participem
1107 1896 1226 1937 esse
1250 1890 1577 1954 natura-,‘eui
1608 1891 1773 1945 nmlta
1799 1908 1942 1962 sa'pe

352 1966 530 2037 ignota
571 1978 716 2036 sunt,
748 1986 870 2025 eum
916 1975 1175 2029 modestia
1206 1980 1487 2034 consilium
1533 1985 1758 2054 accepit.
1792 1986 1939 2042 Multi

349 2068 566 2123 contra,
613 2075 680 2115 ne
727 2062 905 2118 alieno
955 2065 1238 2121 videantur
1292 2073 1518 2127 consilio
1564 2090 1750 2145 egere,
1797 2092 1939 2148 sa-pe

350 2151 551 2205 malunt
600 2153 828 2209 utilitate
867 2157 1073 2211 Consilii
1119 2172 1325 2221 carere.
1354 2179 1510 2233 quam
1555 2180 1801 2237 suscepta
1844 2170 1938 2225 ad-

348 2241 640 2297 monitione
689 2257 964 2313 peccatum
1010 2252 1299 2308 emendare
1329 2273 1345 2307 :
1377 2256 1485 2311 imo
1536 2258 1744 2315 malunt
1787 2260 1938 2332 igno-

348 2344 488 2397 rare,
517 2346 676 2401 quam
703 2331 934 2402 discere,
964 2339 1265 2397 nescientes
1313 2360 1419 2399 non
1450 2361 1571 2403 esse
1616 2349 1819 2405 crimen
1849 2351 1934 2406 di-

345 2425 637 2491 seere,sed
663 2427 841 2497 potius
868 2429 1154 2500 ignorare;
1207 2450 1314 2490 non
1358 2436 1561 2504 doceri,
1608 2442 1704 2496 sed
1748 2443 1801 2497 in
1853 2444 1934 2498 in-

342 2514 494 2569 sciti:
530 2515 760 2587 degere;
802 2536 909 2574 non
935 2525 1104 2593 argui.
1132 2525 1225 2580 sed
1256 2543 1475 2596 peccare
1521 2532 1637 2588 sine
1679 2537 1933 2592 emenda-

344 2606 509 2660 tione.
538 2608 745 2662 Accidit
771 2611 913 2664 enim
941 2614 1099 2668 etiam
1130 2617 1266 2686 apud
1311 2620 1625 2677 vilissimum
1659 2624 1928 2683 hominem

338 2697 539 2769 aliquid
568 2698 691 2755 boni
721 2701 1069 2772 deprehendi,
1098 2707 1240 2777 quod
1281 2710 1332 2765 in
1359 2714 1603 2781 sapiente
1633 2732 1929 2790 magnoque

342 2793 458 2849 viro
486 2795 798 2868 plerumque
826 2815 930 2855 non
974 2805 1262 2871 reperitur.
1295 2808 1448 2873 Quod
1480 2825 1600 2865 cum
1627 2815 1924 2883 perpende-

346 2898 428 2942 ret
457 2887 686 2961 Moyses,
720 2891 865 2945 illum
902 2895 1271 2953 consulentem
1302 2916 1455 2968 :equo
1496 2903 1693 2959 audivit
1722 2908 1921 2974 animo,

337 2991 391 3033 et
418 2980 686 3036 dicentem
721 3000 735 3037 :
784 2982 894 3038 Fac
928 2986 1016 3040 tibi
1054 2989 1384 3059 milleuarios,
1417 2998 1745 3063 centenarias,
1773 3000 1923 3069 quin-

335 3074 688 3143 quagenarias,
712 3086 758 3129 et
787 3076 1112 3146 decuriones;
1148 3091 1194 3135 et
1222 3100 1301 3137 res
1329 3087 1583 3156 graviores
1610 3090 1679 3143 ad
1712 3100 1760 3146 te
1788 3097 1922 3163 refe-

335 3172 471 3228 iant,
502 3163 709 3219 leviores
749 3175 914 3221 autem
946 3170 1043 3239 ipsi
1082 3171 1276 3227 solvant
1316 3173 1507 3245 (Exod.
1547 3179 1631 3235 18.
1671 3181 1760 3235 ﬁl.
1802 3181 1918 3245 2'2).

334 3250 426 3304 llis
453 3252 647 3308 auditis
667 3255 755 3312 ille
793 3272 897 3311 non
927 3260 1160 3327 erubuit,
1195 3278 1299 3318 non
1333 3267 1645 3335 pudefactus
1682 3282 1785 3340 est,
1812 3289 1918 3329 non

322 3358 333 3386 ι
359 3353 412 3398 δι
440 3347 704 3403 reveritus
731 3350 976 3406 subditos
1004 3370 1017 3407 :
1062 3368 1167 3409 non
1196 3354 1330 3412 dixit
1363 3360 1500 3415 intra
1535 3376 1595 3417 se
1623 3381 1635 3417 :
1680 3364 1764 3420 Me
1790 3379 1921 3421 con-

332 3448 568 3494 temnent
590 3442 811 3506 subditi,
841 3444 886 3498 si
913 3445 1019 3501 dux
1045 3463 1165 3502 eum
1197 3452 1295 3504 sim
1324 3452 1391 3506 ab
1415 3455 1521 3510 alio
1559 3455 1681 3523 quid
1714 3456 1917 3513 facien-

330 3522 452 3582 dum
497 3531 567 3584 sit
611 3532 846 3587 didicero
895 3553 907 3588 :
960 3538 1053 3591 sed
1093 3540 1501 3610 obtemperavit,
1541 3522 1595 3600 et
1632 3550 1912 3606 consilium

330 3630 585 3688 sequutus
612 3632 716 3687 est,
764 3640 935 3693 neque
979 3640 1290 3698 praesentes,
1321 3650 1493 3704 neque
1543 3650 1662 3707 post
1711 3640 1913 3699 futuros

250 3760 255 3763 _
324 3712 575 3777 erubuit;
627 3715 731 3768 imo
762 3724 1030 3786 tamquam
1062 3723 1442 3782 cobonestatus
1474 3728 1573 3783 hac
1594 3734 1766 3788 soceri
1793 3750 1914 3790 eor-

330 3801 589 3872 reptione,
624 3821 727 3859 non
777 3809 936 3864 modo
986 3809 1232 3869 homines
1284 3815 1404 3871 illos
1446 3821 1534 3887 qui
1569 3831 1693 3878 tunc
1734 3837 1908 3895 erant,

324 3894 415 3948 red
452 3895 610 3950 etiam
644 3912 738 3952 eos
758 3900 845 3970 qui
872 3900 937 3955 ad
969 3903 1282 3960 hodiernum
1314 3923 1480 3980 usque
1505 3912 1643 3967 diem
1670 3894 1905 3985 fuerunt,

320 3996 376 4042 et
402 3987 492 4058 qui
536 3989 588 4044 in
618 4001 728 4045 toto
773 3994 903 4049 orbe
943 3994 1105 4052 futuri
1133 4008 1257 4054 sunt
1285 4018 1452 4072 usque
1492 4007 1556 4060 ad
1584 4008 1779 4065 Christi
1807 4011 1905 4067 ad-

321 4093 561 4152 ventum,
596 4085 762 4139 literis
788 4087 987 4157 docuit,
1013 4100 1068 4146 et
1095 4106 1153 4147 se
1187 4110 1289 4149 nou
1333 4100 1571 4167 potuisse
1596 4102 1721 4173 quid
1766 4104 1906 4162 facto

320 4188 455 4243 opus
476 4184 620 4229 esset
649 4176 850 4243 videre,
872 4190 925 4234 et
949 4185 1120 4238 soceri
1150 4186 1568 4246 admonitionem
1599 4196 1901 4264 amplexum

316 4279 458 4319 esse.
484 4264 592 4319 Nos
624 4282 753 4321 vero
794 4270 837 4323 si
874 4271 954 4325 vel
990 4289 1150 4328 unum
1182 4277 1455 4334 videmnus
1479 4282 1744 4340 hominem
1773 4288 1898 4343 dum

316 4355 665 4411 emendamur
682 4367 737 4413 et
761 4362 1102 4432 eorripimur,
1133 4369 1533 4437 conturbamur,
1569 4373 1900 4446 obstupesci-

314 4459 452 4510 mus,
480 4456 531 4502 et
569 4447 637 4504 de
676 4452 779 4506 vita
822 4469 920 4509 nos
948 4456 1211 4515 excidisse
1255 4471 1518 4530 putamus.
1551 4467 1619 4520 At
1663 4467 1749 4524 ille
1788 4487 1893 4526 non

312 4532 475 4602 item;
519 4537 611 4592 sed
638 4554 757 4594 cum
801 4543 1009 4602 videret
1035 4555 1113 4603 tot
1144 4551 1306 4605 millia
1352 4554 1623 4611 hominum
1657 4576 1891 4629 prmsen-

312 4625 477 4693 tium;
528 4630 635 4684 imo
666 4642 742 4687 tot
787 4636 953 4691 millia
1004 4637 1301 4711 hominum,
1346 4647 1433 4715 qui
1467 4656 1593 4705 tunc
1639 4663 1808 4716 erant,
1838 4665 1892 4712 et

308 4720 396 4786 qui
438 4729 553 4788 post
585 4720 791 4778 fuerunt
827 4741 920 4796 per
948 4737 1114 4784 totum
1143 4734 1326 4788 orbem
1370 4753 1537 4808 usque
1561 4742 1626 4796 ad
1655 4759 1892 4814 prmsen-

311 4819 416 4864 tem
464 4810 626 4875 diem.
656 4827 760 4869 non
812 4819 1055 4886 erubuit;
1108 4824 1201 4878 sed
1247 4830 1495 4885 omnibus
1522 4810 1757 4903 quotidie
1797 4854 1891 4909 per

306 4902 486 4959 literas
514 4904 789 4962 denuntiat
826 4926 886 4964 ea
929 4926 1175 4969 socerum
1208 4918 1428 4983 vidisse,
1462 4902 1581 4994 qua:
1623 4927 1735 4997 ipse
1781 4946 1885 4986 non

305 4994 775 5052 animadverterat.
797 4999 905 5055 Cur
932 5002 1032 5058 hoc
1056 5004 1199 5073 fecit,
1220 5019 1271 5064 et
1292 5027 1387 5066 cur
1410 5030 1521 5069 rem
1551 5019 1691 5073 illam
1716 5021 1886 5081 literis

303 5086 560 5142 tradidit?
604 5088 673 5145 Ut
702 5093 856 5149 nobis
884 5104 1071 5150 auctor
1096 5108 1258 5167 esset,
1293 5118 1360 5159 ne
1387 5107 1549 5163 altum
1590 5112 1878 5183 sapiamus,

300 5180 542 5246 quamvis
573 5181 809 5238 omnium
833 5188 1213 5257 Sapientissinii
1243 5194 1431 5261 simus,
1456 5214 1626 5269 neque
1652 5203 1880 5262 aliorum

297 5271 513 5325 consilia
534 5282 963 5344 contemnamus,
982 5281 1188 5337 etiamsi
1218 5289 1457 5343 omnium
1487 5292 1727 5350 vilissimi
1750 5299 1877 5356 sint.

296 5361 498 5433 Siquid
538 5365 727 5436 aliquis
757 5370 923 5439 probe
962 5375 1226 5442 consulat,
1253 5380 1352 5434 etsi
1400 5379 1630 5440 famulus
1669 5388 1758 5454 sit,
1787 5397 1880 5445 ad-

292 5455 641 5513 monitionem
684 5463 900 5533 accipe;
948 5466 990 5520 si
1040 5460 1166 5537 quid
1209 5473 1563 5540 perniciosum
1611 5482 1872 5550 quispiam

294 5545 376 5600 vel
403 5541 455 5601 in
489 5553 718 5609 maxima
744 5555 1000 5628 dignitate
1029 5562 1231 5631 positus
1257 5569 1521 5639 consulat,
1553 5576 1871 5631 sententiam

285 5637 538 5708 repudies
569 5660 584 5698 :
632 5660 737 5700 non
771 5651 911 5705 enim
934 5642 1165 5722 qualitas
1194 5673 1543 5727 personarum
1589 5669 1874 5724 consulen-

288 5731 441 5797 tium,
466 5734 559 5788 sed
582 5739 789 5794 consilii
821 5751 1006 5798 natura
1044 5751 1330 5815 Spectanda
1360 5767 1574 5826 semper
1602 5771 1701 5816 est.
1738 5765 1866 5822 lllud

1090 299 1146 359 s.
1186 300 1466 365 manuus
1501 308 1980 373 cuuvsosront
2020 317 2339 379 ARClltEP.
2380 320 2917 399 CONSTANTINOP.

3552 359 3665 425 ιςα

2074 436 2231 508 igitur
2251 442 2460 516 Moyses
2486 450 2610 507 fecit
2635 466 2692 510 ut
2718 474 2816 514 nos
2843 462 3061 521 doceret
3087 484 3191 525 non
3232 477 3651 542 erubescendum

2068 542 2187 586 esse
2215 547 2334 588 eum
2377 539 2765 612 redarguimur,
2799 553 3006 610 etiamsi
3039 559 3193 618 nobis
3233 566 3515 629 universus
3558 591 3651 645 po.

2068 619 2218 645 nul..-
2252 624 2396 645 -.I-A-
2420 639 2456 645 μ-
2522 632 2579 645 ι..
2642 636 2652 645 .
2753 639 2766 645 -

2067 619 2221 687 pulos
2250 624 2481 682 adesset.
2522 632 2653 689 Illud
2681 639 2823 694 enim
2850 658 2978 701 vere
3007 647 3124 705 laus
3147 660 3232 708 est
3254 671 3357 709 non
3389 619 3646 733 vulgariis,

2062 720 2435 786 supremoque
2477 720 2830 797 philosophia:
2870 740 3226 808 prareonium,
3267 720 3649 818 reprehensio:

2062 817 2185 858 nem
2213 821 2470 876 generose
2497 812 2661 873 ferre.
2690 819 2805 877 Non
2835 827 2975 882 enim
3018 831 3088 886 ita
3128 833 3320 892 Jotbor
3349 856 3490 897 nunc
3529 846 3648 901 lau-

2061 892 2250 952 damus
2301 905 2356 954 et
2401 903 2747 978 admiramur,
2782 916 2923 984 quod
2975 919 3189 993 Moysen
3238 892 3553 1000 correxerit,
3593 946 3649 994 ut

2057 999 2301 1043 sanctum
2352 992 2521 1062 illum,
2553 1001 2695 1069 quod
2746 1011 2823 1059 tot
2859 992 3208 1076 praesentibus
3250 1020 3498 1093 redargui
3539 992 3644 1083 non

2057 1084 2350 1153 erubuerit,
2382 1098 2435 1145 et
2484 1108 2597 1149 rem
2633 1109 2837 1169 gestam
2887 1110 3162 1166 memoria:
3211 1116 3507 1187 tradiderit,
3558 1124 3645 1179 his

2055 1176 2305 1233 omnibus
2336 1180 2729 1257 philosoiibiam
2779 1207 2931 1251 suam
2977 1202 3287 1273 ostendens,
3332 1208 3644 1270 declarans:-

2122 1455 2175 1509 3.
2210 1455 2312 1511 Cur
2348 1458 2728 1533 Clarysostomus
2775 1471 2927 1544 longa
2970 1481 3213 1545 prowmia
3256 1485 3446 1542 ederet.
3474 1521 3543 1532 —-
3570 1494 3639 1548 At

2054 1559 2152 1598 nos
2179 1546 2304 1601 dum
2331 1550 2397 1604 de
2426 1559 2805 1622 pri-mimorum
2840 1569 3140 1633 prolixitate
3171 1589 3267 1630 nos
3296 1592 3634 1650 exeusamus,

2051 1650 2239 1691 rursus
2267 1643 2436 1709 majus
2462 1650 2778 1714 prooemium
2815 1654 3069 1725 fecimus;
3100 1679 3281 1720 verum
3308 1684 3411 1721 non
3437 1681 3637 1731 temere

2049 1740 2221 1797 neque
2242 1732 2359 1786 sine
2379 1748 2537 1789 causa
2554 1756 2567 1791 :
2587 1755 2704 1793 nam
2723 1743 2791 1797 dc
2810 1747 2967 1802 rebus
2983 1753 3228 1810 maximis
3244 1757 3636 1835 admodmnque

2047 1826 2365 1880 necessariis
2401 1842 2497 1882 vos
2534 1831 2888 1904 alloquimur,
2938 1854 2991 1897 ut
3021 1843 3231 1903 fortiter
3258 1850 3485 1910 fermnus
3513 1872 3635 1914 eunt

2044 1916 2345 1984 arguimur;
2387 1928 2442 1975 et
2489 1932 2544 1976 ut
2584 1925 2832 1985 alacriter
2866 1947 3150 2004 arguamus
3177 1944 3633 2021 corripiamusque

2042 2021 2137 2061 eos
2164 2010 2253 2077 qui
2280 2023 2526 2082 peccant.
2558 2016 2752 2074 Verum
2779 2022 2888 2092 jam
2932 2043 3154 2086 necesse
3181 2043 3263 2089 est
3301 2046 3355 2090 ut
3393 2039 3460 2095 de
3504 2057 3630 2112 plO-

2043 2096 2251 2157 llxitate
2299 2119 2397 2159 nos
2434 2105 2811 2176 defendamus,
2853 2119 3302 2195 ostendamusque
3339 2143 3436 2182 cur
3473 2096 3629 2209 longa

2556 2200 2568 2209 -
2678 2202 2710 2209 -

2041 2188 2297 2249 faciamus
2344 2200 2624 2265 prommia.
2670 2202 2778 2259 Cur
2825 2222 2953 2278 ergo
2998 2211 3048 2266 id
3098 2188 3360 2273 facimus?
3404 2188 3627 2281 Tantam

2040 2284 2430 2343 multitudinem
2460 2291 2821 2366 alloquimur,
2867 2301 3011 2358 viros
3038 2306 3126 2376 qui
3158 2320 3379 2366 uxores'
3403 2314 3624 2379 habent,

2038 2373 2127 2443 qui
2156 2374 2402 2433 domibus
2433 2396 2689 2453 prmsunt,
2717 2385 2909 2446 diurno
2939 2373 3102 2464 opere
3129 2400 3290 2455 vitam
3323 2417 3536 2473 parant,
3573 2410 3624 2464 in

2036 2464 2385 2522 sa-cularibus
2410 2474 2633 2542 negotiis
2662 2489 2841 2548 agunt.
2884 2482 3068 2555 Neque
3110 2489 3236 2545 illud
3277 2502 3478 2551 tantum
3507 2515 3625 2555 mo-

2036 2552 2228 2610 lestum
2272 2567 2389 2626 est,
2435 2566 2575 2632 quod
2617 2580 2873 2638 perpetuo
2917 2552 3280 2650 occupentur,
3335 2588 3430 2643 sed
3480 2594 3620 2660 quod

2034 2647 2198 2700 scine]
2227 2648 2277 2701 in
2308 2648 2641 2711 hebdomada
2675 2659 2818 2728 ipsos
2862 2662 2947 2720 hic
2987 2647 3338 2741 excipiamus,
3371 2679 3437 2735 Ut
3466 2682 3622 2754 igitur

2034 2736 2301 2795 intellectu
2332 2743 2498 2799 facilia
2527 2750 2809 2811 reddamus
2835 2773 2895 2813 ea
2927 2776 3045 2831 qua-
3069 2736 3318 2837 dicimus,
3348 2736 3620 2842 prominiis

2030 2827 2310 2886 clariorem
2351 2838 2603 2896 exhibere
2646 2844 2944 2905 doctrinam
2999 2857 3293 2915 studemus.
3347 2864 3437 2920 llle
3475 2869 3619 2925 enint

2028 2920 2112 2974 cui
2141 2922 2269 2978 nihil
2301 2928 2440 2984 aliud
2469 2941 2552 2987 est
2578 2939 2796 3006 negotii,
2822 2958 2978 3010 quam
3009 2956 3066 3000 ut
3095 2963 3308 3021 semper
3331 2954 3618 3028 Scripturis

2027 3020 2199 3080 Vacet,
2230 3031 2335 3071 non
2365 3030 2485 3090 eget
2514 3029 2804 3096 protentiis,
2831 3048 2934 3086 non
2961 3020 3441 3106 apparatutstatim
3471 3052 3613 3106 enim

2026 3102 2208 3158 audito
2227 3105 2469 3179 doctore,
2493 3113 2756 3174 dictorum
2789 3136 3001 3178 sensum
3026 3131 3247 3201 percipit
3272 3153 3286 3189 :
3311 3136 3353 3189 is
3376 3153 3498 3193 vero
3521 3143 3612 3210 qui

2028 3195 2253 3249 maxima
2288 3205 2541 3272 temporis
2574 3219 2723 3276 parte
2750 3215 3094 3273 smcularibus
3120 3225 3344 3292 negotiis
3370 3228 3611 3286 addictus

2024 3293 2143 3348 est,
2186 3296 2241 3342 et
2285 3294 2455 3349 rarius
2498 3296 2752 3369 brevique
2784 3313 3024 3375 tempore
3054 3309 3141 3367 bic
3169 3328 3474 3385 comparet,
3513 3323 3611 3380 nisi

2025 3381 2280 3445 prommia
2309 3385 2677 3459 majoremque
2698 3407 3009 3463 apparatum
3036 3404 3234 3469 audiat,
3261 3381 3379 3477 qua:
3405 3381 3613 3467 sermo-

2022 3483 2143 3524 nent
2176 3487 2389 3544 semper
2420 3484 2715 3547 pra°cedaut
2747 3497 2799 3541 et
2845 3490 2943 3559 ipsi
2977 3493 3113 3548 viam
3159 3512 3378 3572 parcnt,
3409 3505 3610 3575 absque

2022 3563 2169 3620 lucro
2192 3568 2437 3627 discedit.
2469 3574 2650 3646 Neque
2696 3579 2809 3636 haec
2853 3600 2954 3639 una
2993 3563 3336 3647 nobis‘causa
3369 3569 3451 3650 est
3488 3563 3610 3666 pro-

2022 3656 2241 3714 lixitatis
2266 3666 2667 3736 prooemiorum,
2687 3672 2782 3727 sed
2808 3683 2863 3729 et
2886 3676 2987 3731 alia
3010 3695 3114 3735 non
3140 3683 3332 3739 minor.
3361 3687 3434 3740 Ex
3460 3700 3603 3745 tanta

2018 3752 2213 3820 quippe
2239 3755 2576 3812 multitudine
2601 3762 2687 3815 alii
2712 3766 2993 3836 accedunt,
3021 3770 3110 3825 alii
3140 3784 3284 3844 saepe
3314 3791 3418 3832 non
3446 3794 3602 3837 acce-

2015 3840 2166 3898 dunt.
2198 3844 2428 3904 Necesse
2464 3849 2640 3923 itaque
2678 3866 2760 3911 est
2801 3873 2896 3914 eos
2940 3863 3028 3933 qui
3072 3840 3333 3923 accedunt
3359 3870 3605 3930 laudibus

2013 3946 2237 4003 ornare,
2291 3955 2386 3995 eos
2417 3958 2543 3998 vero
2591 3947 2678 4016 qui
2727 3949 2921 4007 absunt
2961 3958 3397 4025 reprehendere:
3428 3976 3487 4019 ut
3529 3967 3602 4022 illi

2019 4025 2263 4085 laudibus
2325 4034 2672 4095 studiosiores
2729 4044 2988 4114 evadant,
3049 4051 3102 4106 lii
3154 4053 3601 4126 increpationibus

2012 4120 2288 4190 segnitiem
2341 4135 2558 4193 ponant.
2602 4131 2720 4186 Alia
2770 4150 2981 4208 quoque
3027 4141 3182 4197 adest
3220 4120 3599 4215 prommiorum

2012 4213 2322 4267 necessitas.
2368 4215 2757 4288 Argumentum
2805 4242 2949 4299 sa-pe
2979 4213 3237 4300 prolixius
3269 4247 3558 4297 tractamus
3581 4283 3596 4310 ,

2007 4304 2148 4372 quod
2177 4320 2283 4361 non
2313 4323 2418 4362 uno
2445 4310 2532 4366 die
2569 4329 2848 4382 possumus
2879 4323 2942 4376 ad
2978 4325 3136 4380 linem
3169 4327 3436 4389 deducere
3455 4377 3470 4402 ,
3503 4337 3596 4392 sed

2004 4402 2059 4447 et
2088 4399 2321 4453 secunda
2352 4413 2405 4456 et
2448 4407 2600 4461 tertia
2639 4417 2694 4464 et
2736 4424 2922 4480 quarta
2970 4430 3114 4487 δωρο
3157 4435 3294 4491 Opus
3321 4435 3406 4479 est
3444 4428 3596 4483 nobis

2004 4490 2367 4559 expositione,
2403 4496 2468 4550 ad
2512 4513 2670 4555 unam
2713 4505 3062 4578 eamdemque
3091 4527 3203 4567 rem
3242 4520 3590 4575 tractandam.

2003 4578 2315 4640 Necessario
2351 4586 2514 4658 igitur
2556 4594 2790 4651 secunda
2834 4597 2922 4652 die
2953 4601 3147 4669 prioris
3189 4604 3449 4663 doctrinae
3476 4610 3594 4666 linis

2000 4685 2079 4727 est
2124 4680 2480 4751 repetendus,
2525 4694 2582 4739 ut
2624 4687 2692 4740 ita
2731 4689 2850 4745 fmis
2878 4707 2998 4746 cum
3031 4695 3286 4767 principio
3313 4674 3613 4776 colurrensl

1997 4764 2278 4825 clariorem
2307 4776 2534 4831 auditori
2566 4782 2928 4838 narrationem
2959 4786 3146 4842 reddat
3176 4832 3190 4855 ,
3246 4808 3310 4847 ne
3339 4795 3454 4848 sine
3484 4784 3604 4850 nlla’

1996 4859 2136 4913 serie
2162 4865 2329 4930 posita
2361 4870 2533 4922 oratio
2572 4870 2851 4927 obscurior
2880 4877 3086 4932 evadat.
3136 4880 3205 4936 Ut
3248 4898 3373 4936 vero
3409 4885 3586 4939 discas

1994 4953 2287 5010 orationem
2322 4961 2583 5027 prommio
2626 4976 2896 5022 carentem
2938 4985 2968 5025 a
3004 4974 3217 5029 nemine
3257 4975 3583 5034 intellectum

1994 5040 2092 5108 iri,
2124 5059 2251 5100 ecce
2285 5048 2397 5115 jam
2442 5051 2556 5105 sine
2590 5057 2860 5120 prooemiis
2889 5062 3240 5130 expcrimenti
3270 5079 3430 5120 causa
3457 5083 3583 5122 ora-

1993 5134 2188 5189 tionem
2229 5139 2433 5195 ordior.
2476 5139 2768 5215 Respiciens
2807 5160 2974 5205 autem
3015 5152 3168 5209 Iesus
3213 5155 3340 5211 dixit
3369 5156 3492 5213 :Tu
3530 5178 3582 5216 cc

1990 5223 2172 5280 Simon
2200 5229 2340 5297 ﬁlius
2371 5231 2529 5302 Jona,
2559 5245 2611 5290 tu
2642 5242 2892 5296 vocaberis
2918 5241 3136 5315 Cephea,
3164 5247 3304 5317 quod
3324 5259 3397 5304 est
3426 5251 3579 5305 inter-

1988 5325 2238 5384 pretatum
2276 5318 2459 5378 Petrus
2499 5325 2676 5394 (Joan.
2727 5333 2778 5383 Ι.
2809 5331 2923 5406 42).
2972 5334 3162 5394 Videte
3202 5356 3330 5394 num
3375 5341 3576 5397 dictum

1985 5407 2117 5464 illud
2148 5412 2488 5484 iutelligatis?
2510 5435 2576 5474 an
2601 5424 2783 5479 sciatis
2807 5432 3266 5498 consequentiam,
3300 5441 3355 5488 et
3378 5451 3479 5504 qua
3508 5435 3575 5492 de

1983 5514 2141 5557 causa
2172 5502 2288 5560 haec
2313 5507 2452 5564 dicta
2483 5512 2624 5567 sint?
2653 5516 2771 5582 quia
2804 5534 2997 5589 nempe
3025 5522 3143 5578 sine
3170 5526 3432 5594 prommio
3459 5526 3573 5582 luet:

1982 5593 2197 5662 pratuli,
2228 5598 2445 5665 perinde
2466 5617 2528 5658 ac
2548 5604 2592 5658 si
2613 5607 2730 5675 quis
2754 5607 3024 5667 hominem
3048 5613 3282 5686 undique
3299 5618 3568 5674 obtectum

1979 5680 2032 5737 in
2057 5684 2320 5741 theatrum
2344 5688 2591 5746 adducat.
2620 5698 2732 5767 Age
2755 5715 2884 5771 ergo
2910 5702 3081 5772 ipsum
3106 5680 3439 5779 detegamlis,
3457 5709 3566 5779 jam

1977 5771 2103 5830 dato
2134 5781 2412 5845 prommio.
2463 5784 2538 5839 De
2583 5787 2746 5845 Paulo
2785 5771 2961 5849 autem
3006 5811 3186 5853 sermo
3214 5771 3370 5855 nobis
3398 5814 3568 5870 nuper
