4096 6222
336 308 449 365 133

343 422 526 494 νόμων
555 421 677 476 οὔτε
706 422 980 487 πολιτείας
1012 426 1119 479 τινὶ
1153 428 1484 498 κοινωνήσας
1520 428 1669 491 ποτέ,
1717 427 1832 481 ἀλλ’
1863 428 1920 480 ἐν

341 504 569 576 ἀσεϐείᾳ
600 503 729 573 ζῶν,
764 499 826 559 οῦ
857 507 910 559 τί
943 507 1141 569 γένοιτ’
1166 509 1231 563 ἂν
1268 508 1452 581 μεῖζον
1484 510 1669 572 ἀνοίας
1719 512 1927 582 τεκμήιε

344 604 490 662 ρων;
519 589 685 643 Οὐδὲν
714 589 821 661 γὰρ
870 590 1138 663 Ἐλλήνων
1187 594 1560 665 ἀνοητότερον.
1611 593 1748 646 Ἀλλ’
1778 594 1928 663 ὅμως

339 671 552 734 ἐκεῖνος
585 673 613 724 0
657 670 948 742 βάρϐαρος,
1002 676 1031 732 0
1081 676 1304 746 ἀσεϐὴς,
1341 676 1369 727 0
1408 677 1655 747 ἀνόητος,
1715 674 1835 729 ἰδὼν
1865 676 1925 728 οὐ

337 752 570 817 δεόντως
598 755 760 808 αὑτὸν
791 757 1069 823 ποιοῦντα,
1098 757 1379 831 διώρθωσε
1426 759 1518 813 τὸν
1546 759 1809 823 Μωῦσέα,
1836 758 1927 811 τὸν

342 838 508 907 σοφὸν
558 840 654 891 καὶ
688 839 908 893 συνετὸν
941 841 1034 895 καί
1064 840 1159 895 τοῦ
1215 842 1351 895 Θεοῦ
1408 842 1582 912 φίλον.
1617 843 1728 896 Καὶ
1758 839 1929 895 εἰπὼν

341 921 481 991 πρὸς
515 922 697 987 αὑτὸν,
742 923 801 976 Τί
821 919 985 978 οὗτοι
1011 925 1345 991 ἑστήκασιν
1381 926 1639 981 ἐνώπιόν
1660 940 1811 990 σου;
1834 926 1930 980 καὶ

344 1003 533 1074 μαθὼν
554 1006 653 1076 τὴν
676 1007 855 1060 αἰτίαν
872 1007 1017 1076 λέγει
1038 1025 1050 1038 ’
1089 1012 1209 1062 Οὐκ
1235 1009 1422 1078 ὀρθῶς
1437 1011 1518 1065 σὺ
1535 1011 1709 1065 τοῦτο
1730 1012 1931 1081 ἐποίη-

334 1100 481 1154 σας,
515 1089 668 1158 φησί.
736 1090 871 1143 Μετ’
895 1092 1267 1162 ἐπιτιμήσεως
1291 1095 1323 1164 ή
1350 1093 1657 1164 συμϐουλή·
1689 1095 1781 1158 καὶ
1804 1093 1929 1148 οὔτε

341 1171 517 1236 οὕτως
567 1173 829 1242 ἡγρίανεν
883 1176 1109 1239 ἐκεῖνος,
1151 1177 1265 1230 ἀλλ’
1297 1177 1543 1247 ἠνείχετο
1597 1179 1626 1230 ὁ
1686 1177 1864 1247 σοφὸς,
1900 1180 1929 1232 0
1996 1182 2015 1196 ⁶

344 1254 567 1319 συνετὸς
599 1258 694 1309 κα)⁸
744 1255 838 1308 τοῦ
868 1256 1000 1310 Θεοῦ
1059 1257 1231 1327 φίλος,
1273 1260 1566 1324 τοσαύταις
1610 1260 1929 1331 ἐφεστηκὼς

344 1338 629 1407 μυριάσιν.
665 1337 800 1393 υύδέ
833 1338 941 1409 γὰρ
968 1339 1128 1392 τοῦτο
1159 1342 1377 1413 μικρὸν,
1413 1342 1474 1395 τὸ
1496 1343 1644 1414 παρὰ
1674 1343 1766 1397 τοῦ
1800 1344 1929 1414 βαρ-

338 1417 514 1492 ϐάρου
538 1420 634 1473 καὶ
659 1420 866 1475 ἰδιώτου
889 1422 1262 1479 παιδεύεσθαι.
1292 1426 1399 1478 Καὶ
1416 1425 1540 1483 οὔτε
1564 1426 1630 1479 τὰ
1654 1425 1926 1496 θαύματα,

340 1503 489 1574 άπερ
523 1505 839 1575 εἰργάσατο,
870 1505 995 1560 οὕτε
1043 1507 1104 1560 τὸ
1136 1507 1365 1578 μέγεθος
1409 1510 1509 1581 τῆς
1552 1510 1727 1582 ἀρχῆς
1766 1508 1929 1565 αὐτὸν

340 1586 573 1658 ἐπῆρεν,
599 1588 724 1642 οὔτε
754 1589 813 1642 τδ
834 1590 1116 1662 παρόντων
1142 1592 1252 1645 τῶν
1284 1593 1542 1664 ὑπηκόων
1564 1593 1927 1667 διορθοῦσθαι,

340 1671 669 1743 ἐρυθριᾶσαι
695 1673 979 1744 ἐποίησεν·
1021 1673 1135 1727 ἀλλ’
1157 1676 1419 1747 ἐννοήσας
1448 1678 1529 1737 ὄτι
1559 1680 1607 1730 εἰ
1639 1678 1734 1732 καὶ
1761 1676 1932 1749 μεγά-

340 1750 408 1805 λα
443 1754 595 1825 αὐτῷ
620 1754 772 1829 [119]
802 1757 1086 1828 εἴργασται
1118 1760 1343 1830 σημεῖα,
1376 1758 1490 1812 ἀλλ’
1534 1760 1684 1831 ὅμως
1720 1759 1932 1828 ἀνθρωτ

341 1842 505 1914 πίνης
535 1844 751 1915 φύσεως
775 1846 1012 1917 μετέχει,
1039 1847 1105 1918 ἢν
1140 1846 1310 1909 πολλὰ
1356 1847 1610 1903 λανθάνει
1643 1849 1928 1913 πολλάκις,

343 1929 466 1996 μετ’
519 1930 820 1994 ἐπιεικείας
852 1929 1071 1996 ἐδέξατο
1101 1930 1199 2002 τὴν
1255 1932 1586 2005 συμϐουλήν.
1654 1930 1847 1985 Πολλοὶ
1873 1930 1931 1987 δέ

340 2013 605 2097 πολλάκις
651 2016 789 2087 ὑπὲρ
839 2016 929 2069 τοῦ
962 2016 1037 2088 μὴ
1086 2016 1319 2088 φανῆναι
1344 2017 1587 2093 δεόμενοι
1621 2016 1930 2097 συμϐουλῆς

337 2096 440 2168 τῆς
472 2100 600 2171 παρ’
625 2098 848 2171 ἐτέρων,
878 2101 1083 2154 εἴλοντο
1107 2101 1397 2172 προδοῦναι
1424 2104 1520 2174 τὴν
1542 2103 1811 2173 ὠφέλειαν
1833 2102 1929 2171 τὴν

335 2181 448 2236 ἀπῦ
478 2182 578 2252 τῆς
608 2182 854 2254 γνώμης,
877 2185 911 2255 ἢ
932 2183 1214 2254 δεξάμενοι
1235 2186 1334 2257 τὴν
1355 2186 1673 2257 παραίνεσιν
1701 2185 1930 2256 διορθῶ-

339 2282 433 2319 σαι
467 2266 529 2319 τὸ
550 2267 855 2339 ἁμάρτημα
882 2285 895 2298 ·
935 2269 1136 2338 μᾶλλον
1177 2269 1394 2336 ἀγνοεῖν
1426 2271 1459 2342 ἢ
1494 2270 1683 2340 μαθεῖν
1713 2269 1928 2323 κατεδέ-

337 2348 524 2415 ξαντο,
564 2352 665 2404 οὐκ
692 2351 894 2414 εἰδότες
943 2353 1025 2405 ὅτι
1060 2353 1120 2415 οὐ
1148 2353 1207 2405 τὸ
1239 2353 1434 2422 μαθεῖν
1473 2354 1723 2429 ἔγκλημα
1748 2393 1763 2418 ,
1794 2351 1930 2407 ἀλλά

332 2433 402 2486 τὸ
432 2435 649 2501 ἀγνοεῖν
678 2434 981 2507 κατηγορία
999 2453 1014 2468 ο
1050 2436 1111 2488 οὐ
1142 2435 1201 2489 τὸ
1227 2436 1598 2501 διδάσκεσθαι,
1628 2438 1765 2491 ἀλλά
1785 2438 1846 2491 τὸ
1872 2439 1929 2492 ἐν

335 2516 586 2588 ἁμαθείᾳ
635 2513 804 2578 εἶναι·
846 2519 904 2576 οὐ
934 2519 995 2572 τὸ
1027 2519 1364 2590 ἐλέγχεσθαι,
1395 2520 1535 2575 ἀλλά
1587 2524 1647 2575 τὸ
1677 2522 1929 2594 ἀμαρτάο

334 2614 457 2650 νειν
483 2598 805 2670 ἀδιόρθωτα.
843 2602 998 2656 Ἔστι
1029 2601 1162 2673 γὰρ,
1208 2602 1441 2656 ἐστικαὶ
1474 2604 1624 2676 παρὰ
1653 2604 1930 2676 ἀνθρώπῳ

336 2680 528 2753 μικρῷ
556 2682 648 2735 καὶ
676 2683 887 2746 εὐτελεῖ
906 2685 1196 2758 εὑρεθῆναί
1220 2705 1270 2741 τι
1296 2688 1403 2742 τῶν
1432 2689 1681 2755 δεόντων,
1715 2690 1743 2742 ὃ
1781 2691 1929 2759 παρά

336 2764 418 2846 τςὺ
454 2765 603 2835 σοφῷ
626 2767 719 2828 καὶ
752 2768 973 2840 μεγάλῳ
1001 2770 1261 2834 πολλάκις
1303 2773 1420 2842 οὐχ,
1454 2773 1703 2846 εὕρηται.
1750 2774 1929 2846 Ὅπερ

338 2844 432 2903 οὖν
452 2847 676 2901 συνιδὼν
704 2849 733 2900 0
766 2851 1011 2924 Μωῦσῆς
1036 2854 1201 2923 ἤκουε
1238 2855 1378 2925 μετά
1424 2844 1602 2927 πάσης
1631 2844 1929 2920 ἐπιεικείας

340 2930 553 2985 ἐκείνου
580 2932 1060 3003 συμϐουλεύοντος,
1093 2938 1190 2990 καὶ
1216 2937 1469 3007 λέγοντος
1495 2955 1509 2969 ·
1540 2939 1810 3007 Ποιησόν
1829 2957 1928 2993 σοι

339 3014 728 3086 χιλιάρχους,
770 3017 1284 3092 ἑκατοντάρχους,
1339 3022 1926 3093 πεντηκοντάρχους,

337 3104 702 3178 δεκάρχους*
732 3109 830 3163 καὶ
860 3110 925 3164 τὸ
939 3110 1106 3182 ῥῆμα
1143 3110 1209 3165 τὸ
1239 3113 1403 3183 ,βαρὺ
1438 3114 1799 3169 ἀνοίσουσιν
1830 3115 1930 3171 ἐπὶ

338 3190 432 3256 σὲ,
461 3191 530 3244 τὸ
563 3190 632 3244 δὲ
665 3191 899 3261 κοῦφον
922 3194 1093 3247 αὐτοὶ
1116 3195 1529 3252 διαλύσονται.
1562 3200 1671 3254 Καὶ
1688 3200 1929 3265 ἀκούσας

337 3274 436 3327 οὐκ
476 3272 739 3346 ᾐσχύνθη,
770 3276 868 3328 οὐκ
897 3276 1251 3353 ἠρυθρίασεν,
1290 3280 1389 3332 οὐκ
1424 3280 1624 3354 ᾐδέσθη
1683 3282 1808 3346 τοὺς
1835 3283 1932 3336 ὐπ-

336 3358 566 3443 ηκόους,
596 3359 697 3443 οὐκ
727 3353 849 3411 εἰπε
882 3359 1018 3431 πρὸς
1041 3361 1350 3443 ἐαυτὸν,ὄτι
1365 3363 1817 3442 Καταγνώσονταί
1826 3379 1928 3443 μου

337 3442 387 3493 οἰ
415 3433 738 3512 ἀρχόμενοι,
779 3445 827 3495 εἰ
855 3443 1038 3516 ἄρχων
1071 3442 1146 3498 ῶν
1195 3446 1321 3518 παρ’
1350 3433 1540 3520 ἐτέρου
1577 3433 1835 3520 μανθάνω
1862 3450 1931 3504 τὰ

338 3533 532 3589 δέοντα
558 3551 573 3566 ο
608 3534 747 3589 ἀλλά
802 3537 897 3589 καὶ
936 3536 1164 3609 ἐπείσθη
1198 3539 1293 3601 καῖ
1342 3540 1568 3613 ἐποίησε
1600 3541 1663 3595 τὸ
1694 3544 1931 3615 πρόστα-

338 3633 481 3689 γμα,
510 3619 617 3671 καῖε
637 3620 699 3672 οὐ
731 3619 891 3688 μόνον
940 3620 1183 3688 ἐκείνους
1208 3623 1308 3679 οὐκ
1334 3624 1578 3696 ᾐσχύνθη
1619 3627 1746 3690 τοὺς
1782 3627 1926 3693 τότε,

339 3700 459 3754 ἀλλ’
497 3701 618 3754 οὐδὲ
679 3703 827 3773 ἡμᾶς
856 3704 984 3768 τοὺς
1025 3704 1167 3775 μετά
1221 3706 1395 3760 ταῦτα
1442 3707 1737 3779 ἐσομένους
1762 3725 1775 3740 ⁸
1812 3711 1927 3765 ἀλλ’

339 3783 535 3858 ὥσπερ
568 3786 1114 3875 ἐγκαλλωπιζόμενος
1136 3793 1202 3863 τῇ
1229 3790 1513 3863 διορθώσει
1544 3795 1610 3875 τῇ
1652 3795 1805 3866 παρά
1834 3796 1927 3850 τοῦ

341 3869 607 3941 κηδεστοῦ
640 3872 911 3945 γενομένῃ
932 3914 944 3936 ,
982 3874 1043 3927 οὐ
1081 3876 1208 3937 τοὺς
1242 3876 1361 3929 τότε
1396 3875 1557 3945 μόνον
1584 3869 1926 3948 ἀνθρώπους,

342 3953 482 4008 ἀλλά
513 3954 608 4009 καὶ
626 3957 749 4020 τοὺς
778 3957 837 4023 ἐξ
861 3957 1071 4011 ἐκείνου
1106 3956 1268 4028 μέχρι
1297 3958 1540 4029 σήμερον
1573 3960 1925 4030 γενομένους,

343 4038 431 4091 καὶ
482 4038 609 4104 τοὺς
664 4036 820 4104 αὖθις
853 4041 1147 4112 ἐσομένους
1194 4041 1356 4113 μέχρι
1409 4043 1511 4113 τῆς
1544 4042 1639 4096 τοῦ
1682 4045 1925 4116 Χριστοῦ

344 4132 654 4204 παρουσίας
695 4134 837 4191 κατά
890 4135 990 4205 τὴν
1044 4134 1373 4205 οἰκουμένην
1418 4135 1635 4191 ἅπασαν
1689 4137 1779 4213 διὰ
1820 4139 1928 4194 τῶν

343 4217 692 4286 γραμμάτων
726 4217 958 4285 ἐδίδαξε,
1003 4221 1100 4273 καὶ
1130 4220 1214 4273 ὅτι
1245 4221 1408 4286 αὐτὸς
1452 4221 1515 4275 τδ
1543 4222 1664 4277 δέον
1697 4225 1928 4283 συνιδεῖν

344 4299 447 4354 οὐκ
494 4299 755 4373 ἠδυνήθη,
807 4302 903 4357 καὶ
940 4302 1023 4356 ὅτι
1074 4304 1173 4374 τὴν
1203 4304 1489 4376 διόρθωσιν
1527 4308 1745 4372 ἐδέξατο
1780 4310 1931 4380 παρά

344 4382 436 4437 τοῦ
466 4383 751 4455 κηδεστοῦ.
786 4386 976 4458 Ἡμεῖς
1008 4386 1086 4453 δὲ,
1119 4388 1214 4443 ἐὰν
1242 4388 1530 4461 ἄνθρωπον
1552 4393 1754 4465 ἴδωμεν
1784 4411 1928 4465 παρ-

345 4465 473 4521 όντα
507 4468 881 4540 ἐλεγχομένων
910 4470 1067 4542 ήμῶν
1107 4472 1203 4526 καὶ
1233 4472 1654 4546 διορθουμένων,
1687 4478 1931 4547 ἰλιγγιῶ-

350 4567 470 4620 μεν,
500 4551 855 4619 ἐξιστάμεθα.
887 4554 1182 4627 νομίζομεν
1200 4559 1299 4627 τῆς
1329 4555 1477 4628 ζωῆς
1512 4559 1930 4618 ἐκπεπτωκέναι

349 4635 549 4718 πάσης.
614 4635 753 4718 ’Δλλ’
804 4637 906 4691 οὐκ
938 4639 1179 4703 ἐκεῖνος’
1216 4638 1332 4693 ἀλλ’
1360 4642 1506 4713 ὁρῶν
1543 4644 1813 4709 τοσαύτας
1847 4664 1931 4718 χι-

347 4713 532 4782 λιάδας
556 4717 839 4792 παρούσας
868 4721 968 4775 οὐκ
988 4720 1316 4794 ἠρυθρίασε,
1344 4724 1545 4795 μᾶλλον
1569 4726 1626 4781 δὲ
1659 4713 1930 4793 τοσαύτας

353 4802 617 4874 μυριάδας
650 4805 795 4868 τότε,
848 4804 947 4869 τὰς
974 4806 1033 4873 ἐξ
1062 4806 1270 4861 ἐκείνου
1320 4808 1486 4881 μέχρι
1522 4810 1618 4864 νῦν
1655 4812 1798 4865 κατά
1828 4812 1930 4884 τὴν

350 4893 450 4964 γῆν
479 4893 723 4961 ἅπασαν,
761 4896 901 4951 ἀλλά
931 4897 1193 4970 κηρύττει
1216 4903 1351 4955 πᾶσι
1382 4901 1503 4956 καθ’
1527 4904 1767 4976 ἐκάστην
1793 4907 1929 4978 ἡμέ-

354 4993 448 5048 ραν
477 4978 565 5033 διά
595 4981 706 5034 τῶν
734 4982 1101 5053 γραμμάτων,
1128 4984 1211 5038 ὃτι
1231 4985 1368 5054 ὅπερ
1406 4988 1571 5053 αὐτὸς
1605 4989 1665 5042 οὐ
1699 4991 1928 5059 συνεῖδε,

350 5060 507 5115 τοῦτο
539 5065 567 5116 0
596 5064 866 5135 κηδεστὴς
913 5065 1142 5123 συνεῖδε.
1177 5068 1333 5133 Τίνος
1381 5066 1475 5125 οὖν
1536 5071 1722 5127 ἕνεκεν
1776 5074 1932 5129 τοῦτο

352 5144 589 5227 ἐποίησε,
615 5148 710 5201 καὶ
749 5150 937 5221 μνήμῃ
969 5149 1255 5221 παρέδωκε
1283 5152 1344 5206 τδ
1371 5156 1741 5227 γεγενημένον
1766 5175 1780 5223 ;
1813 5161 1930 5213 Ἵνα

352 5226 495 5297 ἡμᾶς
523 5230 686 5310 πείσῃ
725 5231 994 5302 μηδέποτε
1020 5235 1107 5300 ἐφ’
1137 5235 1354 5301 ἑαυτοῖς
1383 5239 1525 5307 μέγα
1560 5226 1800 5310 φρονεῖν,
1829 5243 1931 5297 κᾶν

355 5310 603 5398 ἀπάντων
636 5307 788 5385 ὦμεν
817 5316 1137 5389 σοφώτεροι,
1176 5318 1312 5389 μηδέ
1353 5307 1642 5391 ἀτιμάζειν
1670 5325 1768 5390 τὰς
1799 5328 1929 5398 παρ’

355 5393 552 5483 ἐτέρων
581 5398 933 5469 συμϐουλίας,
965 5399 1066 5456 κᾶν
1090 5402 1343 5457 ἁπάντων
1371 5397 1504 5458 ὦσιν
1537 5393 1928 5483 εὐτελέστεροι.

358 5478 448 5563 “Av
485 5481 607 5563 μένλ
629 5483 739 5555 γάρ
766 5502 819 5537 τι
874 5484 983 5538 τῶν
1009 5484 1238 5540 δεόντων
1272 5488 1651 5563 συμϐουλεύσῃ
1682 5511 1786 5557 τις.
1824 5478 1932 5549 κᾶν

356 5562 567 5637 οἰκέτης
588 5560 643 5639 ᾗ,
682 5566 833 5631 δέξαι
864 5567 964 5639 τὴν
1001 5569 1325 5640 παραίνεσιν
1346 5585 1360 5600 ·
1403 5571 1471 5626 ἂν
1500 5573 1556 5626 δέ
1596 5560 1783 5629 τιτῶν
1814 5577 1933 5632 ὀλε-

358 5642 540 5732 θρίων,
568 5649 671 5704 κᾶν
702 5652 759 5704 ἐν
779 5650 1048 5723 ἀξιώματι
1072 5654 1316 5725 τυγχάνῃ
1347 5656 1607 5728 μεγίστῳ,
1638 5660 1933 5732 παράπεμ-

359 5728 448 5799 ψαι
472 5734 567 5806 τὴν
588 5734 812 5814 γνώμην
836 5754 847 5767 ’
885 5738 947 5797 οὐ
981 5736 1091 5809 γὰρ
1121 5740 1188 5810 τῇ
1222 5740 1469 5813 ποιότητι
1492 5744 1600 5798 τῶν
1626 5728 1932 5818 προσώπων

984 322 1070 376 DE
1108 316 1453 374 FERENDIS
1494 312 1924 369 REPIKEIIENS.
1958 313 2048 367 ET
2089 313 2174 367 DE
2215 311 2475 368 MUTAT.
2519 311 2860 368 NOMINUM.
2905 310 2993 365 Ill.

3508 323 3607 378 I36

2026 430 2135 486 τῶν
2168 434 2668 504 συμϐουλευόντων,
2706 436 2822 491 ἀλλ’
2851 439 2987 510 αὐτῇ
3051 438 3152 510 τῆς
3207 436 3521 509 συμϐουλῆς
3546 442 3610 511 τῇ

2028 511 2187 581 φύσει
2216 518 2506 588 προσέχειν
2539 519 2620 571 δεῖ
2641 521 2941 592 πανταχοῦ.
2978 523 3157 593 Ὅπερ
3192 517 3284 574 οῦν
3319 521 3414 573 καὶ
3444 520 3609 573 Mani)-

2031 595 2129 666 σῆς
2155 599 2400 669 ἐποίησε,
2430 602 2703 657 παιδεύων
2731 605 2880 674 ἡμᾶς
2912 604 2986 676 μὴ
3031 605 3293 676 ἐρυθριᾷν
3322 603 3615 674 ἐλεγχομέ-

2028 698 2172 745 νους,
2230 684 2334 736 κᾶν
2386 685 2680 758 ὁλόκληρος
2708 690 2842 758 ἡμῖν
2874 689 3049 759 δῆμος
3093 692 3259 761 παρῇ.
3309 686 3616 758 Ἐγκώμιον

2027 764 2137 835 γὰρ
2168 765 2327 819 τοῦτο
2350 768 2608 838 μέγιστον
2632 812 2646 836 ,
2687 772 2782 824 καὶ
2813 771 3035 835 ἔπαινος
3074 773 3175 841 οὐχ
3223 774 3252 825 ὁ
3284 769 3483 841 τυχὼν,
3518 770 3616 824 καὶ

2030 848 2349 919 φιλοσοφίας
2375 852 2595 916 ἔπαινος
2623 857 2721 926 τῆς
2757 856 3039 917 ἀνωτάτω.
3083 858 3146 909 τὸ
3175 857 3364 927 φέρειν
3393 855 3616 925 ἔλεγχον

2028 935 2312 1002 γενναίως.
2356 937 2469 1007 υύχ
2501 936 2644 992 οὕτω
2678 939 2787 1009 γὰρ
2815 938 2909 992 τὸν
2951 938 3138 1011 Ἰοθὼρ
3166 938 3496 1008 ἐπαινοῦμεν
3521 937 3616 989 καὶ

2030 1017 2384 1090 θαυμάζομεν
2433 1021 2549 1084 νῦν,
2612 1022 2694 1075 ὅτι
2744 1023 2837 1083 τὸν
2892 1024 3134 1077 Μωῢσέα
3180 1022 3511 1093 διώρθωσεν,
3539 1020 3617 1082 ὼς

2029 1100 2448 1173 ἐκπληττόμεθα
2506 1104 2599 1157 τὸν
2644 1105 2800 1174 ἆγιον
2833 1107 3062 1169 ἐκεῖνον,
3088 1107 3171 1159 ὅτι
3209 1104 3332 1159 οὕτε
3366 1102 3612 1175 ᾐσχύνθη

2028 1182 2410 1256 διορθούμενος
2435 1187 2706 1242 τοσούτων
2735 1188 3038 1260 παρόντων,
3066 1189 3162 1242 καὶ
3211 1190 3399 1260 μνήμῃ
3431 1185 3493 1239 τὸ
3524 1201 3618 1253 γε·

2028 1282 2159 1339 γενη
2170 1268 2328 1337 μένον
2360 1270 2670 1340 παρέδωκε,
2710 1270 2799 1325 διά
2831 1272 3050 1331 πάντων
3079 1272 3179 1344 τὴν
3211 1270 3377 1325 αὑτοῦ
3405 1269 3619 1338 φιλοσο-

2032 1349 2159 1418 φίαν
2185 1350 2363 1417 δείξας
2381 1393 2395 1417 ,
2422 1353 2516 1415 καὶ
2540 1355 2620 1407 ὅτι
2653 1354 2791 1425 μετά
2815 1355 3020 1423 πολλῆς
3048 1354 3150 1425 τῆς
3183 1352 3492 1424 ῠπρὸολῆς
3518 1349 3618 1420 τὴν

2033 1434 2183 1504 παρὰ
2211 1434 2321 1489 τῶν
2357 1436 2566 1490 πολλῶν
2592 1437 2943 1510 κατεπάτησε
2972 1437 3151 1503 δόξαν.

2105 1559 2256 1634 [120]
2272 1563 2338 1632 γ’.
2369 1564 2530 1619 Ἀλλά
2547 1565 2658 1639 γὰρ
2682 1566 2823 1638 ὑπὲρ
2840 1567 3139 1640 προοιμίων
3163 1562 3614 1633 ἀπολογούμενοι,

2031 1643 2192 1696 πάλιν
2227 1645 2412 1714 μεῖζον
2443 1646 2505 1699 τὸ
2553 1650 2839 1720 προοίμιον
2895 1653 3279 1720 πεποιήκαμεν
3309 1664 3322 1679 ⁸
3368 1645 3484 1710 ἀλλ’
3520 1644 3618 1728 φῠχ
3656 1718 3667 1728 δ

2028 1727 2217 1791 ἀπλῶς
2233 1728 2351 1780 οὐδὲ
2377 1731 2519 1802 εἰκῆ,
2545 1731 2661 1789 ἀλλ’
2690 1734 2831 1805 ὑπὲρ
2857 1733 2964 1787 τῶν
2989 1734 3263 1805 μεγίστων
3281 1733 3410 1802 ὑμῖν
3443 1727 3618 1785 διαλε-

2030 1810 2252 1880 γόμενοι
2270 1813 2364 1868 καὶ
2386 1814 2858 1883 ἀναγκαιοτάτων,
2878 1817 2964 1870 ἵνα
2980 1816 3247 1885 γενναίως
3269 1813 3619 1884 ἐλεγχόμενοι

2032 1894 2308 1966 φέρωμεν,
2343 1898 2430 1950 ἵνα
2455 1899 2752 1971 προθύμως
2775 1898 3089 1972 ἐλέγχωμεν
3120 1900 3243 1962 τοὺς
3278 1897 3622 1968 ἁμαρτάνον-

2029 1995 2131 2042 τας
2154 1981 2248 2033 καὶ
2272 1981 2595 2054 διορθῶμεν.
2618 1985 2862 2055 ’Λνάγκη
2883 1986 2941 2040 δέ
2964 1985 3152 2039 λοιπὸν
3171 1979 3621 2052 ἀπολογήσασθαι

2033 2061 2173 2131 ὑπὲρ
2191 2064 2284 2117 τοῦ
2306 2066 2533 2137 μήκους,
2550 2069 2645 2121 καὶ
2666 2070 2840 2122 εἰπεῖν
2864 2070 3009 2131 τίνος
3024 2070 3210 2125 ἕνεκεν
3230 2066 3417 2139 μακρά
3440 2062 3622 2118 ποιοῦ-

2034 2163 2135 2215 μεν
2174 2149 2457 2219 προοίμια.
2498 2152 2654 2215 Τίνος
2683 2148 2774 2206 οὖν
2792 2152 3151 2207 ἐνεκεντοῦτο
3169 2150 3460 2220 ποιοῦμεν;
3480 2147 3621 2219 Πλή-

2031 2226 2114 2280 θει
2148 2230 2389 2303 τοσούτῳ
2420 2232 2804 2305 διαλεγόμεθα,
2833 2235 3142 2306 ἀνθρώποις
3170 2236 3437 2302 γυναῖκας
3466 2230 3620 2302 ἐχου-

2032 2330 2145 2377 σιν,
2173 2314 2353 2377 οἰκίας
2392 2318 2821 2390 προεστηκόσιν,
2875 2322 2932 2373 ἐν
2976 2319 3212 2391 ἐργασία
3269 2316 3617 2387 καθημερινῇ

2030 2395 2216 2462 ζῶσιν,
2256 2399 2313 2450 ἐν
2350 2397 2625 2469 βιωτικοῖς
2660 2402 2972 2473 πράγμασι.
3033 2400 3139 2456 Καὶ
3169 2402 3230 2454 οὐ
3264 2401 3425 2454 τοῦτο
3461 2399 3620 2471 μόνον

2029 2480 2147 2533 ἐστὶ
2168 2481 2229 2534 τὸ
2262 2481 2556 2553 δυσχερὲς,
2608 2484 2689 2537 ὅτι
2743 2484 3005 2555 διηνεκῶς
3042 2488 3179 2539 εἰσιν
3235 2482 3619 2555 ἠσχολημένοιν

2031 2564 2144 2617 ἀλλ’
2161 2565 2242 2618 ὅτι
2262 2569 2356 2619 καὶ
2373 2565 2521 2634 ἅπαξ
2540 2569 2639 2640 τῆς
2659 2569 2955 2642 ἑϐδομάδος
2976 2573 3173 2636 αὐτοὺς
3210 2571 3446 2626 ἐνταῦθα
3480 2570 3624 2640 λαμ-

2029 2647 2283 2720 ϐάνομεν.
2317 2650 2643 2722 Βουλόμενοι
2663 2654 2844 2708 τοίνυν
2860 2656 2919 2708 εὐ
2929 2655 3168 2709 σύνοπτα
3186 2653 3621 2718 κατασκευάζειν

2027 2732 2210 2795 αὐτοῖς
2243 2732 2313 2787 τὰ
2343 2732 2635 2805 λεγόμενα,
2669 2736 2759 2790 διὰ
2799 2738 2908 2792 τῶν
2944 2739 3246 2811 προοιμίων
3275 2736 3620 2807 σαφεστέραν

2028 2814 2254 2885 ποιῆσαι
2288 2816 2388 2889 τὴν
2445 2816 2791 2875 διδασκαλίαν
2822 2822 3220 2895 σπουδάζομεν.
3279 2822 3336 2875 Ὀ
3375 2820 3476 2893 μέν
3513 2820 3620 2893 γάρ

2033 2898 2198 2969 μηδὲν
2227 2898 2389 2970 ἔργον
2422 2900 2580 2971 ἔχων,
2615 2903 2732 2956 ἀλλ’
2769 2904 2856 2957 ἀεὶ
2890 2909 3010 2970 ταῖς
3052 2907 3298 2978 Γραφαῖς
3334 2904 3621 2978 προσηλω-

2031 2980 2220 3051 μένος,
2258 2983 2317 3037 οὐ
2361 2983 2538 3040 δέεται
2572 2988 2896 3058 προοιμίων,
2930 2990 2989 3043 ού
3034 2990 3205 3043 δεῖται
3251 2991 3620 3061 κατασκευῆς,

2027 3064 2143 3117 ἀλλ’
2185 3065 2426 3130 ἀκούσας
2459 3068 2664 3133 εὐθέως
2697 3070 2793 3123 τοῦ
2845 3071 3127 3140 λέγοντος,
3155 3074 3371 3143 δέχεται
3400 3074 3510 3126 τῶν
3538 3073 3624 3126 λε-

2028 3147 2276 3218 γομένων
2313 3149 2413 3221 τὴν
2445 3149 2684 3205 διάνοιαν
2710 3170 2722 3183 ο
2762 3152 3052 3225 ἄνθρωπος
3078 3155 3134 3208 δέ
3172 3156 3264 3208 τδν
3306 3158 3406 3227 μὲν
3450 3157 3622 3210 πλείω

2028 3230 2221 3303 χρόνον
2254 3233 2543 3304 πράγμασι
2568 3233 2844 3304 βιωτικοῖς
2869 3237 3316 3310 προσδεδεμένος,
3348 3240 3530 3309 ὀλίγον
3557 3241 3619 3294 δέ

2029 3317 2122 3369 καὶ
2163 3316 2336 3390 βραχὺ
2366 3318 2604 3372 ἐνταῦθα
2650 3320 3135 3392 παραγενόμενος,
3180 3323 3246 3376 ἀν
3304 3323 3378 3395 μὴ
3433 3341 3622 3394 προοι-

2033 3402 2172 3471 μίων
2198 3401 2407 3475 ἀκούσῃ
2433 3404 2524 3457 καὶ
2551 3405 2891 3476 κατασκευῆς
2926 3406 3191 3473 πλείονος,
3218 3408 3314 3462 καὶ
3351 3410 3623 3480 πανταχό·

2030 3484 2123 3538 θεν
2153 3485 2236 3558 ίδῃ
2271 3486 2764 3560 προοδοποιηθέντα
2787 3486 2938 3560 αὐτῷ
2958 3489 3050 3543 τὸν
3088 3488 3268 3560 λόγον,
3303 3491 3457 3547 οὐδὲν
3485 3510 3621 3561 κερι-

2028 3567 2190 3634 δᾲνας
2218 3570 2540 3642 ἀπέρχεται.
2566 3572 2641 3624 Οὐ
2662 3571 2823 3627 τοῦτο
2847 3573 2903 3628 δὲ
2933 3573 3092 3643 μόνον
3121 3576 3251 3646 ἡμῖν
3273 3577 3419 3630 ἐστιν
3446 3574 3619 3630 αἴτιον

2028 3652 2123 3708 τοῦ
2142 3655 2215 3725 μή
2225 3671 2348 3718 κους
2368 3655 2479 3708 τῶν
2500 3656 2824 3728 προοιμίων.
2850 3658 2987 3712 ἀλλά
3019 3660 3113 3712 καὶ
3130 3660 3316 3733 ἕτερον
3342 3663 3443 3716 οὐκ
3465 3663 3618 3717 ἐλατ-

2027 3753 2119 3797 τον
2147 3737 2357 3798 τούτου.
2401 3737 2524 3795 Τῶν
2562 3743 2670 3812 γὰρ
2700 3741 2911 3796 πολλῶν
2940 3742 3147 3797 τούτων
3183 3747 3230 3799 οἱ
3257 3748 3356 3818 μὲν
3382 3749 3620 3819 παραγί-

2029 3835 2246 3884 νονται,
2291 3823 2339 3874 οἱ
2384 3820 2441 3873 δὲ
2476 3823 2537 3875 ού
2584 3826 2983 3895 παραγίνονται
3030 3828 3312 3892 πολλάκις.
3379 3830 3617 3899 ’Δνάγκη

2029 3902 2209 3955 τοίνυν
2234 3903 2361 3966 τοὺς
2399 3905 2497 3973 μὲν
2526 3908 3003 3977 παραγενομένους
3053 3911 3338 3965 ἐπαινέσαι
3359 3952 3373 3973 .
3404 3916 3532 3980 τοὺς
3561 3917 3619 3969 δέ

2031 3984 2106 4054 μὴ
2136 3986 2616 4067 παραγενομένους
2650 3989 2992 4059 μέμψασθαι,
3027 3992 3113 4045 ἵνα
3146 3994 3341 4048 ἐκεῖνοι
3379 3999 3477 4067 μὲν
3509 4002 3619 4067 τοῖς

2029 4066 2272 4131 ἐπαίνοις
2309 4069 2715 4142 σπουδαιότεροι
2765 4071 3072 4139 γένωνται,
3112 4068 3260 4129 οὗτοι
3303 4077 3359 4131 δὲ
3383 4066 3478 4133 διὰ
3510 4066 3620 4136 τῶν

2028 4150 2394 4223 ἐγκλημάτων
2447 4153 2547 4226 τὴν
2600 4154 2876 4228 ῥαθυμίαν
2919 4158 3254 4214 ἀποθῶνται.
3316 4162 3474 4216 ’Ἐστι
3522 4168 3618 4235 καὶ

2029 4236 2191 4307 ἑτέρα
2222 4237 2379 4309 χρεία
2414 4239 2717 4314 προοιμίων
2755 4241 2905 4311 ύμῖν.
2958 4241 3302 4310 ’Υποθέσεως
3330 4247 3616 4320 ἁπτόμεθα

2032 4323 2378 4421 μακροτέρας
2410 4320 2828 4421 ,πολλάκιςκῇν
2851 4326 2913 4378 ού
2947 4326 3261 4421 δυνατδνέν
3298 4331 3482 4421 ἡμέρα
3520 4336 3620 4421 μιᾷ

2028 4406 2166 4477 πρὸς
2202 4407 2357 4471 τέλος
2399 4408 2651 4476 ἀγαγεῖν,
2705 4407 2841 4463 ἀλλά
2893 4411 2988 4463 καὶ
3038 4410 3301 4483 δευτέρας
3344 4416 3436 4482 καὶ
3492 4406 3617 4490 τρε-ἶ

2027 4491 2258 4575 της-καὶ
2283 4490 2554 4575 τετάρτης
2582 4491 2716 4561 ἡμῖν
2754 4491 2903 4545 ἐστιν
2944 4494 3035 4547 ὅτε
3064 4494 3378 4567 ἐξηγήσεως
3410 4501 3490 4564 εἰς
3519 4495 3616 4575 τὴν

2029 4572 2199 4644 αὐτὴν
2259 4572 2448 4642 ἐδέησε
2505 4575 2913 4645 πραγματείαν.
2986 4578 3227 4653 ’Λνάγκη
3284 4584 3469 4643 τοίνυν
3526 4572 3619 4654 καὶ

2028 4655 2201 4729 ταύτῃ
2225 4659 2290 4727 τῇ
2325 4656 2557 4729 δευτέρᾳ
2587 4657 2773 4731 ἡμέρᾳ
2788 4660 2858 4715 τὰ
2882 4661 3013 4735 τέλη
3035 4663 3137 4735 τῆς
3172 4667 3448 4739 προτέρας
3476 4670 3621 4729 διδαε

2031 4739 2261 4825 σκαλίας
2302 4740 2615 4825 ἀναλαϐεῖν,
2652 4742 2720 4795 ἵν’
2751 4747 2928 4808 οὕτως
2980 4746 3251 4819 ἀρμοσθέν
3279 4754 3345 4822 τῇ
3382 4754 3525 4825 ἀρχῇ
3557 4757 3621 4809 τὸ
3682 4792 3691 4801 ,η

2027 4823 2212 4909 τέλος,Δ
2235 4824 2597 4909 σαφεστέραν
2620 4829 2742 4898 ποιῇ
2776 4830 2890 4893 τοῖς
2924 4830 3161 4905 παροῦσι
3195 4833 3294 4905 τὴν
3334 4823 3617 4909 ἐξήγησιν,

2030 4907 2123 4961 καὶ⁹
2157 4906 2231 4979 μὴ
2256 4908 2356 4991 τῆς
2379 4908 2702 4974 ἀκολουθίας
2725 4912 3117 4987 ἀπηρτημένος
3155 4919 3183 4970 0
3221 4917 3379 4987 λόγος
3417 4906 3620 4991 ἀφανέ-

2032 5007 2220 5062 στερος
2336 4993 2450 5055 τοῖς
2483 4993 2802 5063 ἀκροαταῖς.
2846 4997 2956 5050 Καὶ
2985 4998 3071 5051 ῖνα
3124 5000 3305 5074 μάθῃς
3334 5003 3414 5055 ὅτι
3449 4988 3620 5076 χωρὶς

2030 5075 2333 5146 προοιμίων
2352 5077 2709 5148 εἰσαγόμενος
2737 5078 2895 5147 λόγος
2923 5081 3102 5135 οὐδενὶ
3134 5083 3408 5155 γνώριμος
3437 5075 3614 5149 ἔσται,

2034 5157 2145 5211 ἰδοὺ
2184 5159 2354 5230 χωρὶς
2381 5161 2685 5232 προοιμίων
2711 5162 2877 5216 αὐτὸν
2900 5165 3110 5233 εἰσάγω
3140 5166 3235 5219 νῦν
3269 5168 3468 5239 πείρας
3501 5170 3617 5223 ἐνε-

2030 5259 2146 5298 κεν.
2198 5241 2538 5312 Ἑμϐλέψας
2588 5244 2657 5298 δὲ
2696 5245 2857 5311 αὐτῷ
2900 5250 2933 5301 ό
2972 5249 3203 5317 Ἰησοῦς
3244 5245 3411 5313 εἷπε,
3448 5253 3532 5306 Σὺ
3564 5250 3623 5309 εί

2031 5326 2228 5395 Σίμων
2258 5327 2388 5393 υίὸς
2438 5327 2616 5392 Ἰωνᾶ.
2652 5330 2735 5383 σὺ
2781 5332 3063 5401 κληθήσῃ
3094 5333 3334 5403 Κηφᾶς,
3362 5335 3393 5388 ὃ
3438 5337 3619 5408 ἑρμη-

2030 5411 2263 5465 νεύεται
2294 5412 2537 5480 Πέτρος.
2581 5415 2798 5485 Ὁρᾶτε,
2833 5417 2908 5488 μὴ
2939 5417 3152 5471 συνίετε
3192 5419 3253 5472 τὸ
3282 5419 3511 5491 λεχθέν;
3542 5423 3619 5495 μὴ

2032 5495 2147 5548 ῖστε
2176 5495 2275 5565 τὴν
2314 5496 2656 5563 ἀκολουθίαν,
2700 5500 2847 5565 τίνος
2891 5501 3080 5555 ἕνεκεν
3129 5503 3383 5573 εῖρηται;
3429 5506 3620 5584 ἐπειδὴ

2032 5582 2202 5653 χωρὶς
2233 5583 2519 5653 προοιμίου
2553 5584 2685 5639 αὐτὸ
2732 5589 3050 5659 εἰσήγαγον,
3095 5590 3296 5644 ταύτὸν
3338 5582 3619 5663 ποιήσας,

2033 5664 2222 5736 ὥσπερ
2248 5667 2314 5720 ἂν
2351 5668 2403 5721 εἴ
2440 5685 2524 5731 τις
2558 5666 2847 5740 ἄνθρωπον
2885 5670 3153 5727 πάντοθεν
3196 5676 3511 5748 περιϐαλὼν
3542 5681 3625 5745 εἰς

2036 5749 2093 5805 τδ
2132 5750 2355 5825 θέατρον
2380 5752 2682 5822 εἰσαγάγοι.
2709 5755 2848 5829 Φέρε
2877 5752 2994 5819 οὖν,
3028 5757 3196 5821 αὑτὸν
3233 5759 3423 5819 λοιπὸν
3452 5762 3628 5821 tum,
