4096 6222
432 343 534 398 ῖῗΠ

426 456 702 525 λύζιωμεν,
735 453 796 506 :6
823 453 1102 524 προοίμιον
1127 453 1413 514 ἀποδόντες
1436 451 1602 522 αύτῷ.
1636 451 1769 522 Περί
1795 450 2004 503 Παύλου

423 529 480 586 δέ
525 538 554 589 6
582 537 737 604 λόγος
781 532 848 605 ἦν
896 535 1090 605 πρώην
1125 537 1254 604 ἡμῖν
1307 533 1572 598 ἐνταῦθα,
1617 535 1704 586 ὅτε
1739 533 2006 603 περὶτῶν

425 621 708 689 ὀνομάτων
743 618 1120 688 διελεγόμεθα,
1167 619 1259 670 καὶ
1303 617 1627 687 ἐζητοῦμεν,
1668 616 1756 670 διά
1791 617 1844 668 τί
1879 616 2006 668 ποτέ

429 705 526 771 μὲν
544 703 766 766 Σαῦλος,
795 703 931 772 μετά
955 701 1200 755 δὲταῦτα
1226 700 1436 764 Παῦλος
1457 701 1684 771 ἐκλήθη.
1729 698 2007 754 Ἐντεῦθεν

425 787 688 856 ἐξέϐημεν
737 788 817 848 εἰς
870 784 1110 837 παλαιάν
1161 785 1436 854 ἱστορίαν,
1478 786 1572 837 καὶ
1609 785 1737 846 τοὺς
1788 783 2008 852 ἔχοντας

423 871 742 939 ἐπωνυμίας
786 869 1129 939 ἐξητάσαμεν
1178 868 1446 931 ἅπαντας.
1489 863 1624 920 Εἶτα
1662 866 1873 920 ἐκεῖθεν
1913 866 2007 918 καὶ

424 954 663 1022 Σίμωνος
707 953 1085 1022 ἐμνήσθημεν,
1135 951 1229 1004 καὶ
1263 951 1362 1020 τῆς
1408 949 1501 1002 τοῦ
1543 949 1784 1020 Χριστοῦ
1825 949 2006 1019 φωνῆς

424 1039 687 1108 λεγούσης
708 1039 844 1110 πρὸς
864 1039 1050 1099 αὑτὸν,
1074 1037 1157 1092 Σὺ
1185 1034 1242 1090 εἷ
1266 1036 1416 1108 [1‘21]
1445 1039 1641 1105 Σίμων
1661 1037 1791 1102 υίὸς
1825 1033 2002 1098 Ἰωνᾶ,

425 1121 505 1174 σὺ
539 1121 824 1189 κληθήσῃ
860 1119 1086 1189 Κηφᾶς,
1125 1120 1155 1173 ὃ
1179 1120 1559 1191 ἑρμηνεύεται
1582 1118 1824 1187 Πέτρος.
1855 1115 2007 1180 Εἶδες

426 1209 542 1272 πώς
567 1209 627 1260 :6
656 1209 762 1278 πρὸ
798 1207 997 1279 μικροῦ
1025 1207 1182 1273 δόξαν
1210 1208 1444 1278 ἀπορίας
1467 1207 1680 1276 γέμειν,
1721 1206 2008 1277 γνωριμώ-

423 1309 579 1358 τερον
606 1291 821 1358 ἐγένετο
857 1290 986 1353 νῦν;
1022 1292 1234 1362 Ὥσπερ
1272 1290 1381 1360 γὰρ
1413 1290 1571 1360 σῶμα
1599 1289 1878 1359 κεφαλῆς,
1911 1289 2007 1340 καὶ

427 1375 582 1445 ῥίζης
641 1374 876 1444 δένδρον,
933 1373 1028 1425 καὶ
1092 1374 1337 1443 ποταμὸς
1387 1373 1557 1425 δεῖται
1610 1374 1813 1443 πηγῆς,
1865 1369 2006 1424 οὕτω

424 1458 519 1509 καί⁵
583 1455 883 1526 προοιμίων
933 1455 1112 1523 λόγος.
1173 1457 1328 1509 Ἐπεί
1376 1452 1470 1509 οὖν
1517 1458 1833 1527 ἐστήσαμεν
1862 1456 2006 1524 ὑμᾶς

425 1541 512 1592 ἐπ’
557 1539 724 1612 αὐτὴν
749 1540 847 1610 τὴν
885 1541 1062 1611 ἀρχὴν
1107 1541 1207 1610 τῆς
1245 1539 1396 1604 όδοῦ,
1423 1540 1518 1593 καὶ
1549 1542 1648 1611 τὴν
1685 1538 2006 1593 ἀκολουθίαν

421 1622 722 1692 ἐδείξαμεν,
762 1622 1029 1693 ἁψώμεθα
1078 1622 1264 1674 λοιπὸν
1301 1622 1463 1675 αὑτοῦ
1498 1623 1597 1693 τῆς
1637 1624 1880 1694 ἱστορίας
1909 1620 2004 1676 τοῦ

422 1706 732 1776 προοιμίου,
779 1705 1005 1772 Σαῦλος
1050 1705 1118 1758 δὲ
1153 1705 1241 1758 ἔτι
1283 1704 1556 1775 ἐμπνέων
1593 1704 1852 1774 ἀπειλῆς
1905 1703 2004 1758 καὶ

375 1811 380 1815 -
421 1791 611 1857 φόνου
635 1791 722 1854 είς
748 1789 1170 1857 τοὺς-μαθητὰς
1214 1787 1318 1841 τοῦ
1341 1787 1582 1854 Κυρίου-

495 1872 602 1925 Kal.
627 1875 731 1942 μὴν
757 1873 813 1924 ἐν
835 1872 1300 1935 ταῖςἘπιστολαῖς
1328 1868 1535 1932 Παῦλος
1559 1868 1801 1923 καλεῖται
1817 1885 1831 1898 '
1863 1868 2004 1932 τίνος

421 1953 515 2011 οῦν
550 1956 734 2008 ἕνεκεν
766 1952 930 2006 αὑτοῦ
961 1953 1057 2022 τὴν
1083 1952 1452 2023 προσηγορίαν
1477 1952 1739 2023 μετέϐαλε
1765 1951 1822 2004 :6
1844 1951 2009 2004 Πνεῦο

423 2057 499 2109 μα
532 2039 592 2090 τὸ
632 2038 818 2106 ἀγιον;
860 2035 1124 2106 Καθάπερ
1148 2035 1412 2105 δεσπότης
1433 2035 1648 2106 οἰκέτην
1685 2033 2003 2106 πριάμενος,

420 2123 537 2177 εἶτα
565 2124 880 2195 βουλόμενος
897 2121 1056 2175 αύθτὸν
1082 2120 1290 2186 διδάξαι
1309 2121 1405 2193 τήν
1425 2123 1762 2188 δεσποτείαν,
1789 2121 2007 2192 μετατί-

421 2211 577 2278 θησιν
607 2207 769 2260 αὑτοῦ
803 2206 863 2259 :6
902 2205 1093 2276 δνομα”
1124 2206 1265 2258 οῦτω
1290 2207 1383 2259 καὶ
1412 2206 1482 2273 τὸ,
1510 2205 1735 2276 Πνεῦμα
1766 2205 1825 2258 :6
1851 2207 2004 2274 άγιον

421 2293 642 2364 ἐποίησε
684 2291 826 2344 τότε.
862 2292 969 2344 Καὶ
997 2291 1103 2361 γάρ
1149 2289 1208 2354 ἐξ
1244 2289 1623 2360 αἰχμαλωσίας
1652 2291 1743 2342 τόν
1793 2289 2004 2342 Παῦλον

421 2373 600 2439 ἔλαϐε,
626 2375 720 2427 καὶ
753 2373 1078 2445 προσφάτως
1109 2369 1174 2444 ἦν
1198 2377 1261 2444 τῇ
1293 2373 1582 2444 δεσποτεία
1615 2371 1789 2444 ταύτῃ
1831 2389 2006 2443 προσ-

421 2456 611 2510 ελθών.
661 2457 759 2510 Διά
787 2457 943 2510 τοῦτο
978 2457 1142 2510 αὑτοῦ
1183 2457 1448 2527 μετέϐαλε
1482 2459 1580 2527 τὴν
1608 2457 2004 2529 προσηγορίαν,

424 2546 509 2597 ἵνα
579 2543 727 2616 μάθῃ
769 2544 1064 2597 κάντεῦθεν
1109 2545 1207 2613 τὴν
1246 2543 1560 2597 δεσποτείαν
1612 2547 1836 2607 ἐκεῖνος.
1883 2543 2006 2598 ’Ὀτι

420 2630 529 2698 γάρ
558 2627 837 2696 ὀνομάτων
868 2627 1016 2687 θέσις
1062 2624 1380 2687 δεσποτείας
1416 2626 1534 2678 ἐστί
1566 2625 1853 2696 σύμϐολον,
1897 2627 2006 2696 μά-

419 2711 576 2761 λιστα
613 2710 711 2778 μέν
743 2709 836 2761 καὶ
861 2709 921 2773 ἐξ
948 2701 1022 2760 ῶν
1064 2707 1325 2777 ποιοῦμεν
1352 2707 1510 2776 δῆλον
1534 2722 1546 2734 ·
1579 2707 2005 2778 γνωριμώτερον

419 2793 474 2845 δέ
508 2792 660 2844 ἔσται
698 2791 756 2856 ἐξ
783 2786 856 2845 ὧν
877 2792 971 2844 ἐπί
1009 2790 1102 2844 τοῦ
1147 2791 1317 2860 Ἀδάμ
1348 2790 1601 2860 ἐποίησεν
1633 2792 1660 2843 6
1691 2791 1841 2854 Θεός.
1872 2791 2005 2843 Βου-

422 2880 644 2950 λόμενος
679 2879 788 2951 γάρ
819 2879 981 2933 αύτδν
1010 2877 1239 2944 διδάξαι,
1272 2878 1354 2930 6::
1395 2877 1610 2930 πάντων
1638 2877 1786 2934 ἐστὶν
1820 2877 2003 2952 ἄρχων

422 2968 520 3020 καὶ
555 2967 846 3038 δεσπότης,
887 2967 1064 3037 ἤγαγε
1106 2965 1245 3038 πρὸς
1296 2965 1458 3020 αὑτὸν
1492 2965 1669 3020 πάντα
1715 2967 1783 3021 τά
1816 2966 2001 3038 θηρία,

433 3049 600 3104 Ἰδεῖν
633 3050 686 3104 τί
721 3049 968 3104 καλεσει
1006 3050 1179 3116 αὐτὰ,
1217 3049 1434 3113 δεικνὺς
1471 3049 1552 3103 ὅτι
1587 3049 1698 3102 τῶν
1724 3051 2004 3120 ὀνομάτων

420 3136 454 3205 ἡ
490 3134 637 3198 θέσις
679 3135 776 3204 τήν
821 3134 1140 3188 δεσποτείαν
1187 3139 1362 3205 κυροῖ.
1402 3133 1464 3185 Ei
1497 3133 1554 3186 δέ
1598 3131 1875 3202 βούλοισθε
1911 3131 2004 3186 καὶ

421 3218 508 3270 ἐπ’
541 3217 846 3289 ἀνθρώπων
873 3217 1002 3270 ἰδεῖν
1034 3216 1193 3270 τοῦτο
1215 3217 1520 3288 γινόμενον,
1556 3216 1650 3269 καὶ
1679 3215 1890 3286 μαθεῖν,
1921 3217 2003 3269 6::

421 3301 541 3364 ἔθος
598 3301 858 3364 πολλάκις
905 3303 1020 3364 τοῖς
1078 3300 1187 3353 ἀπὸ
1237 3299 1618 3370 αἰχμαλωσίας
1669 3299 2002 3370 λαμϐάνουσι

418 3385 637 3448 δούλους
671 3385 980 3456 μετατιθεῖν
1011 3384 1192 3438 αὐτῶν
1231 3385 1298 3438 τά
1334 3384 1594 3455 ὀνόματα,
1639 3383 1908 3438 ἀκούσατε
1951 3384 2002 3437 τί

420 3469 676 3540 ἐποίησεν
709 3471 737 3521 6
773 3468 883 3521 τῶν
917 3466 1278 3520 Βαϐυλωνίων
1329 3466 1602 3540 βασιλεύς.
1657 3467 1854 3521 Λαϐὼν
1891 3467 2003 3539 γάρ

419 3549 572 3615 03:0;
601 3553 664 3603 ἐκ
693 3551 791 3620 τῆς
818 3549 1196 3619 αἰχμαλωσίας
1219 3550 1310 3604 τὸν
1349 3535 1595 3604 Ἀνάνίαν
1617 3551 1711 3603 καὶ
1747 3550 2002 3623 ’Λζαρίαν

421 3637 516 3690 καὶ
551 3634 791 3703 Μισαήλ,
822 3633 923 3686 οὐκ
976 3633 1191 3703 ἀφῆκεν
1231 3634 1322 3686 ἐπὶ
1347 3633 1455 3688 τῶν
1489 3635 1774 3707 προτέρων
1801 3635 2001 3706 όνομά-
2028 3649 2030 3651 ’

417 3741 546 3782 των,
579 3721 714 3774 ἀλλά
746 3721 984 3792 Σεδράκ,
1023 3720 1243 3786 Μισάκ,
1293 3721 1595 3790 ’Δϐδεναγὼ
1623 3723 1824 3786 αὐτοὺς
1867 3723 2002 3778 ἐκά-

419 3805 592 3857 λεσεν.
644 3803 800 3856 Ἀλλά
826 3804 971 3868 τίνος
1004 3805 1190 3857 ἐνεκεν
1218 3803 1316 3858 ούκ
1339 3804 1543 3872 εὐθέως
1577 3805 1738 3862 αὑτὸν
1768 3806 2002 3876 μετωνό-

423 3906 615 3959 μασεν,
658 3887 772 3942 ἀλλ’
819 3887 1069 3960 ἀνέμεινε
1113 3888 1303 3962 χρόνον
1344 3889 1595 3958 γενέσθαι
1635 3888 1829 3955 πολύν;
1881 3891 2001 3948 "0::

417 3970 620 4034 εὐθέως
659 3973 707 4024 εἰ
755 3971 919 4026 αὑτὸν
977 3971 1333 4044 μετωνόμασε
1384 3974 1762 4042 μεταστάντα,
1801 3973 1903 4030 οὐκ
1936 3973 2000 4027 ἂν

417 4055 634 4127 ἐγένετο
661 4055 872 4129 φανερὰ
900 4058 932 4128 ή
972 4057 1244 4133 μεταϐολὴ
1271 4057 1366 4116 τοῦ
1403 4057 1616 4118 Παύλου
1634 4098 1647 4122 ,
1674 4057 1768 4111 καὶ
1801 4057 1833 4128 ή
1865 4057 2002 4128 πρὸς

415 4145 515 4217 τήν
547 4146 724 4202 πίστιν
761 4145 1112 4216 μετάστασις.
1162 4145 1301 4204 Ἀλλ’
1335 4147 1472 4220 ὅπερ
1505 4146 1598 4203 ἐπὶ
1637 4145 1746 4199 τῶν
1772 4145 1998 4198 οἰκετῶν

420 4232 731 4304 συμϐαίνει,
760 4233 888 4287 ὅταν
929 4232 1194 4301 φυγόντες
1228 4233 1431 4297 εὐθέως
1470 4231 1772 4302 ἀμείϐωσιν
1817 4231 1999 4285 αὐτῶν

417 4319 487 4377 τά
525 4320 806 4393 ὀνόματα,
839 4320 1068 4390 ἀφανεῖς
1121 4321 1382 4390 γίνονται,
1429 4319 1587 4376 τοῦτο
1632 4321 1724 4376 καὶ
1769 4321 1862 4372 ἐπὶ
1902 4320 1996 4374 τοῦ

419 4411 632 4464 Παύλου
667 4410 890 4482 γέγονεν
918 4410 1017 4464 ἄν*
1041 4412 1090 4467 εἰ
1127 4410 1332 4474 εὐθέως
1357 4410 1518 4480 ἀφεὶς
1549 4410 1676 4473 τοὺς
1713 4408 1999 4474 Ἰουδαίους

417 4495 510 4550 καὶ
540 4496 675 4567 πρὸς
706 4496 853 4568 ἡμᾶς
877 4493 1048 4549 ἐλθὼν
1094 4493 1512 4566 μετωνομάσθη.
1549 4493 1724 4557 οὐδεὶς
1754 4493 1820 4546 ἂν
1856 4492 1999 4560 ἔγνω

414 4580 496 4632 ὃτι
539 4582 567 4632 6
610 4578 844 4649 διώκτης
886 4579 1048 4645 αὐτός
1098 4580 1246 4633 ἐστιν
1293 4579 1322 4630 6
1356 4576 1765 4647 εύαγγελιστής.
1810 4576 1884 4630 Τὸ
1939 4577 1997 4634 δὲ

419 4662 851 4730 σπουδαζόμενον
873 4661 1031 4714 τοῦτο
1059 4657 1148 4731 ἦν,
1177 4661 1371 4732 μαθεῖν
1403 4661 1486 4716 6::
1518 4663 1546 4715 6
1572 4659 1808 4732 διώκτης
1836 4661 1998 4725 αὑτός

417 4746 554 4805 ἐστι,
602 4745 695 4799 καὶ
728 4744 1026 4806 ἀπόστολος
1069 4744 1280 4813 γέγονε.
1308 4746 1350 4796 Τ
1354 4744 1478 4802 οῦτο
1499 4744 1608 4816 γάρ
1635 4739 1704 4815 ἦν
1727 4743 1754 4797 ὃ
1785 4748 1998 4815 συνεῖχε

417 4828 543 4889 τοὺς
580 4826 884 4893 Ἰουδαίους,
920 4827 1002 4880 6::
1026 4829 1118 4880 τὸν
1164 4827 1486 4882 διδάσκαλον
1513 4829 1604 4881 τὸν
1641 4827 1782 4898 ὺπέρ
1821 4828 1999 4885 αὐτῶν

418 4915 727 4984 ἰστάμενον,
757 4913 1025 4984 ηὕρισκον
1056 4914 1177 4968 κατ’
1209 4914 1390 4968 αὐτῶν
1419 4914 1570 4969 ὄντα.
1601 4915 1717 4967 Ἵνα
1737 4908 1830 4967 οῦν
1860 4914 1934 4985 μή
1961 4916 1994 4984 ἠ

415 5002 510 5056 τοῦ
549 5001 812 5072 ὀνόματος
841 5000 1013 5071 ἀθρόα
1081 5001 1354 5072 μεταϐολή
1383 5000 1676 5073 ἀποκρύψῃ
1699 5001 1798 5073 τὴν
1833 5018 2000 5071 μετα-

416 5090 577 5160 ϐολὴν
606 5089 704 5159 τῆς
750 5087 1141 5164 προαιρέσεως,
1182 5087 1408 5158 ἀφίησιν
1447 5087 1610 5141 αὑτὸν
1655 5086 1816 5158 μέχρι
1865 5086 1997 5140 πολ-

414 5178 508 5230 λοῦ
546 5179 642 5248 τήν
675 5178 942 5247 προτέραν
972 5175 1117 5246 ἔχειν
1160 5174 1533 5246 προσηγορίαν
1560 5191 1573 5206 ο
1606 5175 1692 5238 ἵν’,
1726 5175 1856 5228 ὅταν
1890 5175 1995 5244 μά-

415 5265 550 5318 θωσι
577 5266 796 5330 πάντες,
829 5266 908 5318 ὅτι
935 5264 1096 5326 αὑτός
1116 5266 1263 5316 ἐστιν
1283 5264 1309 5315 ό
1327 5261 1522 5326 διώξας
1544 5261 1640 5331 τήν
1675 5261 1998 5332 Ἐκκλησίαν

415 5353 744 5424 ἔμπροσθεν,
774 5353 895 5407 τότε
943 5351 1129 5404 λοιπὸν
1169 5350 1449 5422 γνωρίμου
1483 5349 1778 5418 γενομένου
1824 5351 1994 5414 πᾶσι,

417 5439 624 5516 μεταθῇ
649 5437 741 5490 καὶ
771 5436 888 5506 τὴν»
910 5435 1306 5508 προσηγορίαν.
1345 5433 1457 5486 Καὶ
1487 5433 1569 5486 6::
1606 5431 1765 5484 τοῦτο
1795 5432 1992 5496 αἴτιον,

413 5512 642 5570 ἄκουσον
667 5516 830 5580 αὑτοῦ
861 5517 1128 5584 λέγοντος’
1147 5513 1370 5570 Ἦλθον
1383 5516 1470 5580 είς
1505 5512 1574 5566 τὰ
1598 5513 1855 5580 κλίματα
1889 5512 1998 5580 τῆς

415 5603 628 5666 Συρίας
659 5602 754 5654 καὶ
788 5601 898 5670 τῆς
930 5602 1203 5666 Κιλικίας
1226 5616 1240 5630 ·
1273 5597 1437 5667 ἤμην
1479 5595 1547 5650 δὲ
1587 5597 1996 5666 ἀγνοούμενος·

415 5681 494 5746 τῷ
516 5683 812 5750 προσώπῳ
839 5684 968 5750 ταῖς
997 5685 1376 5750 Ἐκκλησίαις
1400 5681 1510 5747 τῆς
1555 5678 1848 5743 Ἰουδαίας
1869 5678 1996 5743 ταῖς

413 5767 482 5818 ἐν·
531 5769 926 5832 Παλαιστίνῃ,
977 5768 1163 5837 φησίν.
1199 5767 1260 5818 Εἰ
1294 5765 1351 5818 δέ
1383 5767 1503 5826 ταῖς
1553 5764 1611 5817 ἐν
1661 5761 1994 5832 Παλαιστίνη

414 5850 660 5917 ἠγνοεῖτο
694 5847 819 5903 ἔνθα
852 5849 1108 5922 διέτριϐε,
1168 5847 1346 5918 πολλῷ
1377 5847 1573 5917 μᾶλλον
1615 5847 1726 5910 ταῖς
1758 5844 1991 5916 ἀλλαχοῦ

1131 353 1187 412 S.
1224 353 1506 415 JOANNIS
1543 357 2028 415 CHRYSOSTONII
2071 360 2392 419 ARCIIIEP.
2435 367 2989 423 C(hn'TANTlNOP.

3584 349 3684 406 158

2110 467 2409 536 κειμέναις.
2446 469 2632 540 ’Ήμην
2660 471 2714 522 δέ
2739 471 3098 540 ἀγνοούμενος
3126 469 3204 538 τῷ
3242 470 3536 541 προσώπῳ.
3575 490 3679 547 φη-

2109 549 2214 611 σὶν,
2252 550 2373 619 ούχὶ
2393 549 2468 620 τῷ
2494 554 2738 622 ὀνόματι.
2767 555 2863 606 Διά
2895 556 2945 608 τί
2985 555 3372 624 ’Λγνοούμενος
3403 555 3482 626 τῷ
3515 574 3684 628 προσ⁴

2106 630 2273 703 ώπῳ;
2310 634 2498 698 Ούδείς
2549 635 2655 706 γάρ
2683 637 2806 689 ούδέ
2843 637 2969 690 ἰδεῖν
3002 639 3162 690 αὑτὸν
3197 637 3400 708 ἐτόλμα
3433 641 3542 692 τῶν
3593 659 3682 695 7::-

2109 715 2271 780 στῶν,
2303 718 2465 787 ήνίκα
2497 720 2630 788 ἡμῖν
2657 719 2915 790 ἐπολέμει
2941 735 2956 751 ·
2991 720 3246 773 τοσούτου
3277 722 3462 790 φόνου,
3496 723 3687 776 τοσαύ-

2105 815 2204 868 της
2248 797 2414 870 ἔγεμε
2459 801 2677 871 μανίας.
2721 803 2812 854 Διὸ
2861 802 3063 868 πάντες
3101 804 3434 874 ἀπεπήδων,
3483 805 3685 870 πάντες

2105 883 2354 952 ἔφευγον,
2390 885 2444 937 εῖ
2472 901 2572 936 που
2601 886 3042 956 παραγενόμενον
3066 882 3224 950 εἶδον,
3253 885 3404 959 [19.2]
3445 889 3541 941 καὶ
3561 889 3683 942 ούδέ

2106 965 2424 1036 ἀντιϐλέψαι
2458 968 2721 1038 ἐτόλμων·
2749 968 2922 1032 οὕτως
2953 965 3019 1040 ἦν
3042 970 3515 1042 ἐκτεθηριωμένος
3545 972 3684 1024 κατά

2106 1049 2214 1102 τῶν
2239 1051 2448 1103 πιστῶν
2467 1065 2484 1080 ⁸
2517 1053 2677 1118 μόνον
2708 1051 2764 1105 δέ
2799 1051 3091 1115 ἀκούοντες
3121 1049 3282 1123 ἦσαν,
3314 1053 3397 1106 6::
3422 1055 3450 1108 6
3471 1054 3683 1107 διώκων

2107 1133 2262 1202 ἡμᾶς
2289 1150 2440 1198 ποτε,
2489 1133 2584 1187 νῦν
2631 1134 3043 1203 εὐαγγελίζεται
3085 1135 3184 1207 τὴν
3222 1136 3403 1189 πίστιν
3436 1137 3502 1207 ἧν
3552 1153 3682 1190 ποτε

2106 1215 2348 1285 ἐπόρθει.
2387 1217 2540 1270 Ἐπεὶ
2569 1212 2662 1270 οῦν
2685 1217 2763 1286 τῷ
2797 1219 2896 1288 μὲν
2927 1218 3205 1289 προσώπῳ
3237 1219 3399 1272 αὑτὸν
3430 1219 3680 1288 ἠγνόουν,

2109 1298 2269 1368 μόνον
2322 1299 2380 1352 δέ
2431 1300 2724 1363 ἀκούοντες
2766 1296 2929 1374 ἦσαν.
2966 1301 3099 1354 εἰτὸ
3143 1302 3312 1371 ὄνομα
3341 1303 3508 1356 αὑτοῦ
3554 1320 3684 1374 μετ-

2108 1381 2311 1452 ἐϐλήθη
2349 1382 2574 1446 εύθέως,
2605 1383 2707 1435 οὐκ
2745 1383 2810 1436 ἂν
2846 1383 2964 1437 οὑδέ
3004 1385 3054 1436 οἰ
3096 1383 3385 1448 ἀκούοντες
3416 1384 3680 1453 ἔγνωσαν,

2107 1465 2187 1518 6::
2247 1467 2276 1518 6
2335 1466 2548 1521 διώκων
2605 1467 2704 1538 τὴν
2776 1469 2976 1528 πίστιν,
3037 1463 3192 1532 οὗτος
3245 1469 3676 1538 εὐαγγελίζεται.

2123 1547 2348 1620 Ἐπειδὴ
2380 1550 2492 1622 γάρ
2523 1550 2586 1603 :6
2624 1551 2890 1622 πρότερον
2930 1549 3095 1603 αὐτοῦ
3129 1551 3299 1620 ὄνομα
3355 1552 3572 1624 ᾔδεσαν,
3601 1554 3682 1606 δτι

2108 1637 2312 1704 Σαῦλος
2373 1639 2624 1709 ἐλέγετο,
2677 1643 2724 1693 εἰ
2779 1639 3140 1710 μεταϐληθεὶς
3193 1639 3396 1704 εὐθέως
3468 1639 3680 1706 Παῦλος

2106 1727 2333 1799 ἐκλήθη,
2371 1725 2490 1783 εἶτα
2531 1728 2872 1798 ἀπήγγειλάν
2910 1745 3056 1793 τινες
3101 1729 3313 1793 αὐτοῖς,
3357 1729 3438 1782 6::
3475 1727 3682 1790 Παῦλος

2106 1810 2548 1879 εὐαγγελίζεται,
2597 1814 2625 1865 6
2678 1811 2888 1866 διώκων
2940 1811 3036 1884 τήν
3077 1811 3427 1881 Ἐκκλησίαν,
3475 1813 3574 1865 οὐκ
3616 1811 3681 1864 ἀν

2106 1893 2349 1961 ἔγνωσαν
2379 1895 2460 1946 6::
2497 1890 2650 1959 οὗτος
2675 1897 2880 1958 ἐκεῖνος
2906 1890 2996 1967 ἦν,
3033 1893 3122 1948 διά
3153 1895 3213 1948 :6
3243 1895 3317 1966 μὴ
3348 1894 3561 1947 Παῦλον
3586 1894 3682 1946 αύ-

2106 1977 2196 2030 τὸν
2235 1975 2538 2044 καλεῖσθαι,
2564 1977 2701 2031 άλλά
2729 1978 2950 2032 Σαῦλον.
2979 1979 3077 2032 Διά
3101 1979 3257 2032 τοῦτο
3281 1979 3492 2049 ἀφῆκεν
3521 1979 3682 2032 αὑτὸν

2109 2065 2270 2136 μέχρι
2307 2065 2502 2119 πολλοῦ
2541 2065 2639 2139 τὴν
2676 2068 2948 2139 προτέραν
2983 2068 3126 2138 ἔχειν
3167 2068 3559 2139 προσηγορίαν,
3593 2069 3679 2122 ἵνα

2109 2151 2241 2202 πᾶσι
2275 2149 2551 2221 γνώριμος
2590 2150 2816 2222 γένηται
2855 2153 2968 2214 τοῖς
3010 2155 3245 2217 πιστοῖς,
3276 2153 3372 2205 καὶ
3405 2155 3516 2216 τοῖς
3546 2151 3683 2225 πόρ-

2110 2233 2282 2304 ρωθεν
2305 2229 2424 2286 οῦσι
2453 2235 2546 2287 καὶ
2577 2235 2675 2305 ούχ
2709 2235 3011 2306 ἑωρακόσιν
3046 2235 3225 2290 αὐτόν.

2175 2336 2239 2390 δ’.
2276 2337 2432 2400 Τίνος
2463 2338 2562 2408 μέν
2587 2331 2680 2390 οῦν
2703 2337 2890 2392 ἐνεκεν
2919 2337 3018 2393 οὐκ
3049 2337 3252 2400 εύθέως
3275 2336 3580 2408 μετεϐλήθη
3597 2341 3696 2395 αύο

2107 2418 2200 2472 τοῦ
2233 2419 2470 2490 τοῦνομα
2491 2460 2506 2484 ,
2552 2421 2753 2483 ίκανῶς
2786 2421 3185 2476 ἀποδέδεικται.
3228 2421 3466 2491 ’Λνάγκη
3497 2421 3682 2477 λοιπὸν

2107 2501 2194 2554 ἐπ’
2225 2503 2394 2571 αὐτὴν
2424 2503 2600 2555 ἐλθεῖν
2618 2502 2712 2556 τοῦ
2731 2503 2890 2572 λόγου
2916 2503 3014 2576 τὴν
3034 2505 3228 2575 ἀρχήν.
3255 2503 3490 2570 Σαῦλος
3511 2503 3578 2557 δὲ
3595 2505 3684 2560 ἔτι

2105 2583 2380 2652 ἐμπνέων
2417 2587 2677 2654 ἀπειλῆς
2728 2588 2825 2641 καὶ
2865 2588 3058 2655 φόνου
3103 2590 3190 2652 εἰς
3224 2587 3368 2652 τοὺς
3412 2589 3685 2656 μαθητὰς

2105 2666 2212 2719 τοῦ
2244 2669 2490 2734 Κυρίου.
2528 2669 2592 2722 Τί
2645 2670 2811 2731 ἐστιν,
2864 2671 3020 2732 "En;
3048 2669 3111 2721 Τί
3155 2669 3263 2741 γάρ
3300 2671 3524 2741 ἐποίησε
3579 2672 3686 2742 πρὸ

2105 2749 2318 2814 τούτου,
2347 2752 2430 2803 6::
2468 2751 2637 2819 λέγει,
2675 2754 2836 2814 Ἐτι;
2868 2751 2940 2803 Τὸ
2973 2751 3101 2822 γάρ,
3147 2753 3288 2816 Ἔτι,
3319 2753 3446 2823 περὶ
3475 2751 3683 2824 ἀνθρὼ-

2107 2849 2210 2885 που
2238 2833 2405 2886 πολλὰ
2430 2834 2578 2886 κακά
2615 2833 2974 2902 πεποιηκότος
3015 2834 3323 2904 ἔμπροσθεν
3357 2834 3588 2904 λέγεται.
3619 2835 3685 2889 Τί

2104 2911 2196 2968 οὖν
2224 2916 2483 2988 ἐποίησε;
2511 2915 2575 2968 Τί
2607 2916 2716 2985 γάρ
2747 2915 3140 2986 ούκέποίηοεν,
3170 2917 3291 2970 εἰπέ
3326 2933 3417 2987 μοι
3441 2957 3454 2978 .
3475 2921 3678 2982 κακόνς

2106 3000 2368 3068 Αἰμάτων
2417 2999 2686 3070 ἐνέπλησε
2737 2997 2809 3051 τά
2878 2999 3227 3070 Ἱεροσόλυμα
3288 2999 3415 3062 τοὺς
3465 3001 3686 3062 πιστοὺς

2103 3083 2365 3154 ἀναιρῶν,
2395 3084 2492 3154 τὴν
2535 3081 2865 3154 Ἐκκλησίαν
2900 3082 3153 3153 ἐπόρθει,
3203 3081 3328 3147 τοὺς
3356 3080 3686 3148 ἀποστόλους

2103 3166 2294 3219 ἐδίωκε
2322 3205 2337 3231 ,
2381 3165 2473 3218 τὸν
2501 3167 2776 3235 Στέφανον
2809 3165 3064 3234 ἔσφαξεν,
3095 3166 3195 3220 οὐκ
3225 3164 3458 3239 ἀνδρῶν,
3491 3164 3550 3215 ού
3586 3179 3685 3231 γυ·-

2104 3248 2308 3302 ναικῶν
2348 3249 2611 3318 ἐφείδετο.
2647 3250 2913 3302 ’Λκουσον
2957 3248 3090 3318 γοῦν
3126 3248 3214 3302 τοῦ
3247 3247 3490 3320 μαθητοῦ
3516 3247 3682 3301 αὑτοῦ

2103 3331 2354 3402 λέγοντος
2379 3351 2392 3363 ·
2427 3333 2664 3399 Σαῦλος
2689 3332 2757 3386 δὲ
2777 3333 3131 3403 ἐλυμαίνετο
3152 3331 3265 3401 τὴν
3295 3331 3682 3399 Ἐκκλησίαν,

2105 3416 2253 3470 κατὰ
2285 3415 2426 3482 τοὺς
2463 3416 2668 3481 οῑκους
2687 3417 3206 3487 εἰσπορευόμενος,
3241 3411 3447 3485 σύρων
3477 3433 3540 3470 τε
3581 3414 3683 3470 ἇν-

2102 3507 2249 3577 δρας
2278 3507 2377 3561 καὶ
2407 3508 2718 3578 γυναῖκας.
2756 3508 2894 3565 Ούδέ
2925 3511 3034 3582 γὰρ
3062 3512 3220 3582 ἢρκει
3248 3511 3398 3584 αύτῴ
3425 3515 3457 3582 ὴ
3485 3510 3682 3586 ἀγορά,

2102 3590 2242 3645 ἀλλά
2271 3592 2363 3646 καὶ
2399 3595 2479 3656 είς
2512 3592 2612 3656 τὰς
2660 3594 2841 3657 οἰκίας
2882 3595 3162 3665 ἐπεπήδα·
3198 3597 3358 3647 Κατὰ
3399 3594 3540 3661 τοὺς
3604 3595 3686 3649 οἵ·

2104 3693 2253 3742 κους
2285 3675 2396 3746 γὰρ
2433 3678 2966 3745 εἰσπορευόμενος,
3020 3677 3172 3750 φησί.
3215 3677 3324 3729 Καὶ
3368 3677 3468 3730 οὐκ
3501 3672 3680 3742 εἷπεν,

2102 3760 2272 3830 ἄγων,
2303 3757 2454 3823 οὐδὲ,
2491 3758 2662 3811 ἐλκων
2695 3758 2894 3829 ἄνδρας
2927 3761 3020 3812 καὶ
3068 3762 3352 3827 γυναῖκας,
3387 3759 3542 3825 ἀλλά,
3570 3761 3682 3814 Σύ·

2093 3859 2220 3910 ρων
2266 3841 2491 3912 ἄνδρας
2534 3841 2630 3894 καὶ
2668 3842 2990 3912 γυναῖκας·
3043 3842 3295 3912 καθάπερ
3337 3844 3463 3917 περὶ
3493 3843 3680 3915 θηρίου

2101 3921 2509 3996 διαλεγόμενος,
2542 3921 2728 3999 Σύρων
2767 3921 2967 3995 ἄνδρας
3002 3924 3096 3975 καὶ
3130 3926 3425 3991 γυναῖκας·
3463 3927 3554 3976 καὶ
3583 3925 3682 3978 ούκ

2101 4001 2301 4073 ἀνδρας
2335 4002 2518 4073 μόνον,
2576 4001 2711 4060 ἀλλὰ
2749 4003 2843 4060 καὶ
2887 4006 3164 4072 γυναῖκας.
3217 4003 3350 4059 οὐδὲ
3384 4005 3483 4079 τήν
3521 4004 3681 4077 φύσιν

2101 4090 2300 4161 ᾐδεῖτο,
2330 4091 2531 4144 οὐδὲτὸ
2561 4093 2716 4160 γένος
2746 4091 2805 4159 ἡ)
2818 4092 2916 4155 έει,
2951 4092 3070 4145 ούδέ
3103 4091 3238 4168 πρὸς
3270 4093 3367 4169 τήν
3393 4096 3678 4148 ἀσθένειαν

2103 4169 2399 4233 ἀπεκλᾶτρ.
2445 4171 2601 4240 Ζήλῳ
2649 4172 2780 4240 γὰρ,
2811 4172 2930 4242 ούχὶ
2961 4171 3117 4242 θυμῷ
3150 4171 3325 4230 ταῦτα
3351 4175 3542 4228 ἐποίει.
3575 4175 3673 4228 Διά

2100 4253 2261 4306 τοῦτο
2282 4255 2331 4306 οἰ
2365 4253 2464 4323 μέν
2503 4254 2740 4307 Ἰουδαῖοι
2763 4254 2830 4306 τά
2849 4255 2985 4307 αύτά
3019 4255 3318 4321 ποιοῦντες,
3351 4256 3489 4325 ἄξιοι
3537 4276 3667 4311 κατ-

2098 4337 2332 4408 ηγορίας
2355 4352 2368 4364 '
2387 4330 2541 4397 οὗτος
2571 4336 2627 4390 δὲ
2648 4337 2714 4391 τά
2743 4337 2882 4390 αύτά
2912 4338 3100 4402 ποιῶν,
3129 4339 3278 4405 ἄξιος
3331 4340 3677 4412 συγγνώμης.

2099 4421 2212 4474 Καὶ
2241 4418 2350 4491 γὰρ
2372 4419 2470 4474 ἀπ’
2499 4419 2680 4473 αὐτῶν
2703 4414 2776 4474 ὧν
2806 4422 3023 4474 ἐποίουν
3054 4422 3202 4493 δῆλοι
3227 4418 3389 4494 ἦσαν,
3424 4425 3504 4477 δτι
3534 4426 3674 4476 ἐκεῖ-

2101 4526 2182 4562 νοι
2214 4509 2316 4580 μέν
2331 4508 2498 4580 τιμῆς
2527 4509 2714 4563 ἕνεκεν
2743 4511 2836 4564 καὶ
2865 4508 3022 4581 δόξης
3045 4511 3144 4581 τῆς
3171 4514 3322 4584 παρὰ
3343 4513 3451 4567 τῶν
3472 4513 3679 4565 πολλῶν

2100 4593 2272 4646 ταῦτα
2313 4592 2581 4664 ἔπραττον
2602 4610 2614 4622 ·
2643 4589 2798 4658 οὗτος
2830 4595 2886 4648 δέ
2914 4596 3011 4668 ούχ
3041 4594 3214 4659 οὕτως
3232 4638 3246 4659 ,
3278 4596 3416 4650 ἀλλά
3443 4597 3518 4666 τῷ
3553 4595 3672 4666 Θεῷ

2101 4675 2300 4748 ζηλῶν,
2332 4677 2380 4729 εἰ
2409 4677 2502 4729 καὶ
2535 4676 2609 4748 μὴ
2659 4679 2778 4731 κατ’
2816 4679 3109 4752 ἐπίγνωσιν
3131 4697 3143 4709 ⁸
3173 4679 3261 4732 διά
3300 4679 3456 4732 τοῦτο
3479 4681 3677 4732 ἐκεῖνοι

2097 4761 2198 4823 τὰς
2238 4761 2337 4831 μέν
2369 4764 2636 4829 γυναῖκας
2670 4761 2904 4830 ἠφίεσαν
2925 4801 2939 4823 ,
2967 4765 3079 4832 τοῖς
3109 4762 3164 4816 δέ
3194 4763 3450 4834 ἀνδράσιν
3485 4761 3675 4818 ἐπολέ-

2102 4861 2254 4913 μουν,
2288 4844 2475 4914 ἐπειδὴ
2507 4847 2586 4905 εἰς
2611 4844 2853 4907 ἐκείνους
2879 4845 3068 4915 ἐώρων
3095 4848 3194 4916 τὴν
3221 4845 3430 4901 ἑαυτῶν
3462 4844 3677 4919 περιελ-

2099 4925 2298 4978 θοῦσαν
2328 4929 2515 4996 τιμήν·
2549 4920 2703 4988 οὗτος
2727 4927 2783 4979 δὲ
2802 4966 2816 4990 ,
2845 4926 2940 4980 ἅτε
2973 4927 3310 4998 ζηλοτυπῶν,
3349 4926 3483 5001 πρὸς
3511 4926 3679 4980 ᾶπαν-

2096 5026 2197 5071 τας
2229 5009 2436 5062 ἵστατο.
2482 5009 2647 5062 Ταῦτ’
2685 5006 2778 5063 οὖν
2823 5013 3038 5065 ἅπαντα
3079 5011 3337 5081 ἐννοήσας
3365 5013 3394 5063 6
3431 5011 3676 5076 Λουκᾶς,

2098 5093 2190 5146 καὶ
2219 5091 2359 5160 ὁρῶν
2396 5092 2556 5144 αὑτὸν
2585 5093 2738 5146 οὔπω
2765 5095 3176 5166 κορεννύμενον,
3205 5095 3356 5162 ἔλεγε
3377 5111 3392 5126 ο
3441 5095 3678 5166 Σαῦλος

2097 5175 2164 5229 δὲ
2191 5175 2280 5228 ἕτι
2305 5173 2578 5243 ἐμπνέων
2596 5176 2854 5245 ἀπειλῆς
2885 5180 2978 5231 καί
3004 5179 3195 5247 φόνου
3223 5180 3311 5242 εἰς
3330 5179 3473 5244 τοὺς
3491 5181 3679 5245 μαθηο

2097 5263 2203 5328 τὰς
2222 5262 2326 5316 τοῦ
2350 5264 2590 5330 Κυρίου.
2621 5265 2735 5319 Οὐκ
2764 5265 3016 5335 ἐκόρεσεν
3043 5265 3206 5318 αὑτὸν
3234 5267 3262 5318 6
3286 5266 3444 5333 φόνος
3467 5266 3677 5332 Στεφά-

2098 5365 2221 5409 νου,
2267 5347 2367 5400 οὑκ
2407 5347 2706 5418 ἐνέπλησεν
2747 5349 2913 5404 αὐτοῦ
2953 5350 3051 5420 τήν
3096 5349 3400 5419 ἐπιθυμίαν
3436 5350 3466 5420 ή
3501 5347 3679 5414 δίωξις

2097 5430 2196 5500 τ’ής
2234 5430 2563 5500 Ἐκκλησίας
2583 5472 2596 5494 ,
2635 5432 2771 5485 ἀλλὰ
2813 5433 3124 5503 περαιτέρω
3154 5434 3370 5503 προῄει,
3401 5432 3494 5484 καὶ
3522 5431 3678 5484 ούδα-

2099 5511 2201 5583 μοῦ
2233 5513 2419 5566 ῖστατο
2461 5515 2561 5584 τῆς
2597 5516 2824 5585 μανίας·
2873 5515 3036 5586 ζῆλος
3086 5514 3195 5588 γάρ
3235 5512 3325 5588 ἦν.
3377 5513 3516 5568 Ἀλλ’
3564 5517 3667 5566 ἐπ-

2097 5595 2333 5650 ἀνελθὼν
2360 5597 2484 5668 ἄρτι
2511 5598 2618 5650 ἀπὸ
2643 5601 2742 5667 τῆς
2771 5603 2986 5670 σφαγῆς
3015 5599 3318 5667 Στεφάνων
3349 5599 3536 5652 ἐδίωκε
3555 5597 3679 5661 τοὺς

2095 5684 2426 5746 ἀποστόλους
2455 5701 2466 5713 ·
2502 5685 2595 5737 καί
2628 5685 2825 5737 ταύτὸν
2857 5687 3066 5750 ἐποίει,
3106 5685 3295 5757 ῶσπερ
3330 5686 3396 5740 ἂν
3433 5688 3481 5739 εἰ
3515 5684 3678 5746 λύκος

2096 5767 2287 5838 ἄγριος
2341 5769 2686 5838 ἐπιπηδήσας
2727 5769 2928 5840 ποίμνῃ
2985 5769 3295 5842 προϐάτων,
3351 5772 3442 5824 καὶ
3490 5767 3678 5839 ἀρνίον

2106 5850 2358 5922 ἀρπάσας
2393 5850 2621 5920 ἐκεῖθεν,
2654 5854 2746 5908 καὶ
2781 5853 2856 5927 τῷ
2877 5855 3063 5928 οἰκείῳ
3096 5854 3379 5931 σπαράξας
3410 5853 3674 5926 στόματι.
