4096 6222
305 344 405 401 157

299 467 444 518 erat.
478 457 690 527 quando
713 458 779 512 de
820 459 1124 516 nominibus
1149 458 1576 522 disserebamus.
1607 458 1885 529 quwrcba-

299 565 519 619 musque
553 566 649 603 cur
688 550 976 619 aliquando
1015 550 1250 616 Saulus,
1301 561 1482 618 postea
1525 565 1655 604 vero
1697 550 1889 604 Paulus

304 649 520 694 vocatus
548 640 727 694 fuerit.
761 641 888 694 Inde
927 655 1053 694 vero
1087 641 1313 710 digressi
1344 655 1527 694 smnus
1557 640 1624 694 ad
1655 651 1886 694 veterem

304 733 590 796 historiam,
612 748 902 801 omnesque
921 734 1006 801 qui
1029 733 1343 803 cognomina
1363 733 1657 788 habuerant
1675 735 1884 788 exami-

299 823 554 876 navitnns.
612 823 811 877 Deinde
850 823 1121 877 Simonem
1153 826 1691 879 commemoravimus
1711 866 1724 889 ,
1757 842 1884 879 nec-

299 928 398 966 non
426 913 696 968 Christum
730 914 826 983 ipsi
855 913 1144 980 dicentem,
1178 914 1252 967 Tu
1279 932 1330 968 es
1354 915 1532 971 Simon
1558 916 1696 983 ﬁlius
1725 916 1881 981 Jona,

295 1013 344 1055 tn
391 1005 645 1058 vocaberis
692 1003 912 1073 Ccplias,
953 1007 1090 1074 quod
1132 1013 1203 1058 est
1247 1006 1624 1075 interpretatum
1676 1006 1880 1062 Petrus.

303 1094 484 1149 \‘iden’
512 1111 618 1165 quo
647 1105 802 1164 pacto
829 1095 880 1149 id
909 1096 1050 1164 quod
1080 1096 1392 1150 dillieultate
1418 1096 1631 1165 plenum
1663 1098 1880 1152 videba-

294 1196 396 1253 tur,
418 1202 562 1241 nunc
580 1187 755 1241 notius
771 1187 1034 1241 evaserit?
1051 1186 1506 1254 Quemadmodum
1523 1187 1666 1241 enim
1688 1203 1882 1258 corpus

292 1281 460 1346 capite
479 1320 496 1345 ,
534 1279 691 1334 arbor
718 1279 927 1346 radice,
967 1290 1019 1334 et
1045 1279 1240 1334 ﬂumen
1284 1280 1430 1335 finite
1461 1280 1692 1348 indiget,
1721 1282 1798 1335 sic
1825 1290 1881 1336 et

291 1375 460 1424 oratio
490 1371 769 1440 prommio.
801 1371 979 1441 Itaque
1001 1387 1120 1426 cum
1153 1388 1246 1426 vos
1278 1373 1328 1426 in
1368 1374 1463 1426 vim
1508 1374 1715 1427 initium
1745 1388 1880 1426 con-

291 1463 655 1525 stituerimus,
701 1472 754 1517 et
797 1463 1234 1532 consequentiam
1293 1463 1721 1532 ostenderimus,
1767 1465 1877 1534 ja'n

292 1555 526 1609 historia:
556 1557 871 1625 prowtnium
901 1565 1199 1628 tangamus.

358 1647 462 1700 Cur
498 1645 662 1701 Paulo
693 1665 874 1702 nomen
905 1650 966 1701 sit
997 1659 1263 1702 mutatum.
1305 1649 1409 1704 Cur
1439 1667 1538 1704 non
1567 1651 1736 1704 statim
1767 1660 1879 1721 post

289 1741 658 1795 conversionem
686 1751 930 1796 mutatum
952 1743 998 1794 ei
1024 1759 1207 1795 nomen
1227 1745 1482 1812 fuerit.—
1501 1742 1694 1797 Saulus
1712 1754 1878 1797 autem

286 1835 452 1887 adhuc
483 1835 686 1904 spirans
712 1835 962 1888 minarum
989 1844 1034 1888 et
1061 1837 1211 1889 razdis
1247 1837 1297 1888 in
1341 1836 1617 1906 discipulos
1667 1832 1878 1886 Domini

288 1928 424 1997 (Art.
462 1927 516 1984 9.
558 1928 634 1999 1).
667 1927 720 1982 ln
739 1928 991 1998 Epistolis
1023 1928 1216 1982 Paulus
1247 1938 1500 1983 vocatur:
1523 1943 1620 1982 cur
1648 1942 1777 1998 ergo
1803 1927 1875 1982 illi

287 2037 481 2076 nomen
508 2023 732 2077 mutavit
756 2021 987 2092 Spiritus
1013 2021 1263 2076 sanctus?
1290 2018 1749 2089 Quemadmodum
1779 2019 1878 2075 be-

283 2129 395 2180 rus,
438 2123 619 2183 empto
640 2129 797 2168 servo
816 2154 832 2177 ,
861 2122 920 2167 ut
947 2113 1021 2167 illi
1053 2113 1275 2168 herilem
1305 2122 1618 2182 potestatem
1645 2113 1875 2181 indicet,

281 2206 398 2272 ejus
423 2221 618 2261 nomen
653 2215 821 2260 mutat
849 2224 861 2260 :
888 2206 956 2258 ita
982 2214 1036 2260 et
1065 2203 1295 2274 Spiritus
1327 2214 1544 2260 sanctus
1577 2217 1702 2260 tunc
1728 2205 1872 2260 fecit.

280 2297 356 2350 Ex
389 2298 697 2366 captivitate
733 2311 964 2364 namque
993 2295 1213 2350 Paulum
1253 2305 1566 2364 acceperat,
1609 2305 1664 2350 et
1707 2312 1878 2365 nuper

279 2391 367 2444 ille
405 2400 524 2443 erat
569 2387 658 2440 tali
707 2387 943 2439 dominio
991 2386 1279 2456 subjectus.
1337 2385 1461 2440 ideo
1509 2388 1625 2456 ejus
1679 2404 1872 2442 nomen

277 2480 511 2535 mutavit
535 2521 550 2542 ,
596 2489 652 2532 ut
685 2477 808 2532 inde
851 2478 937 2532 ille
961 2477 1251 2532 dominiqu
1280 2478 1560 2534 edisceret.
1589 2478 1873 2535 Nominnm

274 2572 479 2642 quippe
521 2569 792 2639 impositio
817 2568 1040 2623 dominii
1070 2579 1151 2624 est
1179 2580 1551 2640 argumentum
1576 2570 1748 2640 :quod
1784 2586 1876 2640 pa-

278 2663 382 2715 lam
412 2670 498 2715 est
544 2676 610 2715 ett
659 2661 722 2714 iis
751 2675 869 2730 qua:
912 2659 1150 2729 quotidie
1194 2667 1492 2730 geruntur,
1538 2661 1873 2716 manifestius

276 2763 456 2806 autent
488 2751 592 2805 erit
632 2766 696 2804 ex
739 2751 840 2813 iis,
881 2766 1000 2819 qua:
1031 2751 1082 2804 in
1123 2749 1328 2804 Adamo
1371 2751 1494 2805 fecit
1538 2751 1696 2806 Deus.
1737 2750 1870 2807 Cum

277 2844 437 2898 vellet
481 2842 624 2897 enim
666 2842 810 2895 illum
851 2840 1084 2903 docere,
1133 2842 1272 2912 quod
1304 2835 1417 2911 ipse
1458 2855 1600 2898 esset
1629 2845 1868 2898 omnium

279 2935 525 3004 princeps
553 2941 608 2986 et
645 2932 896 2986 dominus
915 2973 930 2997 ,
963 2931 1188 2987 adduxit
1221 2932 1286 2986 ad
1314 2949 1436 2988 eum
1463 2935 1640 2988 omnia
1665 2935 1870 2989 anima-

278 3026 373 3090 lia,
409 3023 480 3079 Ut
503 3024 690 3078 rideret
714 3024 834 3094 quid
863 3035 1058 3077 vocaret
1087 3040 1146 3078 ea
1169 3023 1318 3095 (Gen.
1345 3025 1402 3078 2.
1436 3024 1549 3092 19),
1579 3025 1868 3082 ostendens

281 3119 554 3172 nominum
587 3117 981 3187 impositionem
1013 3117 1307 3172 dominium
1345 3117 1684 3175 confirmare.
1714 3120 1864 3188 Quod

275 3211 314 3261 si
345 3209 524 3264 velitis
545 3210 612 3263 ita
643 3224 855 3279 quoque
881 3209 1020 3279 apud
1050 3205 1296 3264 homines
1321 3210 1516 3264 factum
1545 3211 1708 3266 fuisse
1732 3228 1865 3268 con-

275 3301 514 3368 spicere,
547 3300 880 3370 discereque,
911 3301 961 3353 in
991 3316 1140 3355 more
1169 3300 1295 3355 olim
1327 3301 1636 3374 plerumque
1665 3304 1826 3359 fuisse
1845 3342 1864 3372 ,

277 3401 331 3445 nt
361 3393 538 3447 servis
579 3391 632 3446 in
663 3391 1027 3461 captivitatem
1059 3391 1301 3448 abductis
1338 3394 1551 3448 nomina
1591 3404 1863 3450 mutaren-

276 3493 358 3537 tur
376 3526 390 3549 ,
418 3482 604 3537 audite
629 3483 753 3554 quid
780 3483 966 3538 fecerit
992 3499 1087 3538 rex
1121 3484 1552 3554 Babyloniorum.
1581 3486 1712 3541 Nam
1740 3502 1861 3542 cum

275 3575 571 3644 accepisset
613 3589 675 3629 ex
722 3575 1027 3644 captivitate
1059 3576 1355 3642 Ananiam,
1406 3579 1652 3632 Azariam
1679 3588 1734 3634 et
1764 3579 1860 3633 Mi-

272 3668 470 3722 ssclem
497 3709 513 3733 ,
557 3682 662 3721 non
690 3667 904 3736 reliquit
933 3669 1013 3722 eis
1042 3669 1216 3738 priora
1250 3669 1465 3723 nomina
1487 3711 1502 3735 ,
1530 3669 1626 3724 scd
1651 3670 1863 3724 vocavit

271 3775 380 3825 eos,
397 3759 621 3825 Sedrac,
635 3758 797 3813 Misac
811 3768 866 3813 et
881 3761 917 3812 Α
928 3757 1166 3829 bdenago
1179 3760 1196 3830 (
1210 3758 1407 3814 Daniel.
1430 3761 1479 3814 1.
1500 3760 1551 3815 6.
1571 3759 1645 3832 7).
1666 3761 1859 3816 Verum

271 3865 682 3921 quzenamcausa
698 3849 900 3904 fuitcur
916 3865 1018 3904 non
1037 3851 1214 3905 statim
1234 3850 1374 3904 Sauli
1395 3865 1587 3905 nomen
1607 3861 1858 3915 mutaret,

271 3943 358 3998 sed
387 3951 514 4015 post
542 3943 764 3997 multum
789 3943 1082 4011 temporis?
1104 3941 1237 4009 Quia
1271 3945 1316 3996 si
1351 3943 1528 3996 statim
1560 3952 1680 4012 post
1711 3943 1859 3996 Pauli

271 4034 678 4089 conversionem
706 4034 870 4104 ipsius
898 4049 1091 4088 nomen
1115 4040 1390 4095 mutasset,
1413 4034 1692 4088 conversio
1712 4034 1859 4088 Pauli

273 4125 333 4180 ad
365 4125 528 4180 fidem
576 4141 682 4178 non
717 4125 901 4180 luisset
941 4123 1243 4179 manifesta.
1295 4124 1492 4180 Verum
1525 4125 1666 4197 quod
1700 4126 1751 4180 in
1785 4129 1859 4181 ia-

274 4219 428 4274 mnlis
472 4233 569 4272 usu
619 4218 801 4272 venire
846 4217 1028 4284 solet,
1069 4217 1159 4289 qui
1201 4217 1245 4272 si
1293 4221 1470 4273 statim
1515 4227 1636 4290 post
1682 4218 1858 4291 fugam

273 4310 482 4362 nomina
527 4317 762 4376 mutent,
804 4307 1001 4363 occulti
1049 4317 1296 4375 manent,
1343 4307 1573 4379 idipsum
1605 4309 1658 4364 in
1695 4310 1858 4364 Paulo

273 4400 606 4468 contigisset;
636 4399 680 4455 si
711 4413 836 4454 mox
861 4441 877 4467 ,
908 4408 966 4453 ut
995 4398 1196 4454 relictis
1223 4399 1422 4454 Judaeis
1453 4400 1519 4454 ad
1553 4416 1652 4456 nos
1682 4403 1854 4467 venit,

273 4504 466 4545 nomen
497 4491 844 4557 mutavisset,
887 4505 1047 4546 nemo
1088 4492 1333 4545 scivisset
1374 4507 1496 4547 eum
1542 4493 1632 4561 qui
1678 4509 1860 4563 perse-

274 4592 464 4650 quutor
492 4592 628 4648 erat,
661 4597 782 4637 esse
807 4583 1187 4652 evangelistam
1208 4624 1224 4647 ,
1255 4591 1308 4637 et
1334 4583 1630 4651 apostolum
1660 4583 1855 4638 factum

273 4689 405 4729 esse.
439 4675 574 4729 Illud
599 4675 741 4730 enim
770 4674 986 4730 Judmos
1015 4673 1330 4739 eoltibebat,
1373 4673 1515 4743 quod
1553 4691 1710 4743 quem
1755 4675 1856 4729 do-

272 4778 469 4822 ctorcm
503 4782 666 4836 penes
694 4783 754 4821 se
781 4766 1116 4831 habuerant,
1147 4775 1271 4820 tunc
1300 4764 1662 4819 adversarium
1694 4782 1857 4835 espe-

274 4858 520 4913 rirentur.
565 4858 642 4915 Ne
679 4860 858 4928 itaque
886 4857 1059 4913 subita
1092 4857 1323 4912 nominis
1350 4857 1574 4912 mutatio
1600 4860 1855 4928 propositi

273 4952 617 5007 mutationem
665 4951 972 5020 obtegeret,
1026 4949 1193 5003 multo
1245 4948 1394 5005 illum
1447 4959 1688 5020 tempore
1735 4965 1855 5004 cum

277 5043 433 5110 priori
457 5042 670 5098 nomine
694 5042 910 5113 reliquit
926 5060 938 5097 :
955 5051 1011 5095 ut
1027 5052 1307 5112 postquam
1333 5057 1522 5098 omnes
1547 5042 1858 5098 didicissent

272 5149 387 5187 cum
413 5134 582 5204 ipsum
613 5149 752 5200 esse,
785 5135 872 5204 qui
907 5133 1197 5188 Ecclesium
1227 5143 1382 5188 antea
1415 5135 1854 5204 persequebatur,

275 5235 396 5282 tunc
443 5243 501 5284 re
541 5229 790 5283 omnibus
827 5234 1136 5296 comperta,
1183 5240 1378 5280 nomen
1427 5236 1740 5282 mutaretur.
1793 5227 1858 5282 Et

273 5321 408 5388 quod
439 5323 558 5391 ipsa
584 5336 706 5375 vera
735 5321 805 5374 sit
832 5334 991 5373 causa
1009 5360 1022 5381 .
1050 5317 1172 5372 audi
1201 5318 1372 5386 ipsum
1403 5317 1702 5371 dicentem:
1735 5316 1856 5370 Veni

274 5412 322 5464 in
362 5424 525 5482 partes
565 5412 734 5483 Syria:
759 5422 803 5466 et
831 5409 1021 5466 Cilicia:
1044 5424 1315 5476 :eramque
1345 5409 1547 5478 ignotus
1589 5408 1722 5477 {acie
1753 5407 1853 5461 Ee-

275 5503 433 5558 rlesiis
459 5504 692 5570 Juda'ar,
732 5520 844 5574 qua:
884 5503 936 5556 in
981 5501 1260 5556 l’ala’stina
1302 5510 1418 5554 stmt
1483 5500 1624 5572 (Gal.
1663 5501 1850 5572 1.21).

275 5598 419 5663 Quod
449 5599 491 5652 si
527 5596 780 5652 Ecclesiis
826 5594 1155 5659 Pal-.estitne,
1207 5592 1294 5647 ubi
1339 5592 1598 5663 degebat,
1646 5592 1854 5662 ignotus

274 5704 407 5757 erat,
435 5697 602 5748 m'Ilto
624 5694 790 5762 magis
813 5692 952 5746 aliis.
988 5689 1162 5755 Eram,
1197 5690 1397 5758 inquit,
1445 5689 1646 5758 ignotus
1687 5689 1852 5760 faeie,

277 5799 326 5840 at
354 5805 454 5842 non
484 5787 717 5844 nomine.
747 5786 922 5855 Quare
950 5784 1158 5856 ignotus
1183 5791 1295 5837 erat
1321 5781 1489 5837 facie?
1516 5779 1685 5838 Nemo
1708 5782 1849 5837 enim

934 343 1020 399 DE
1059 343 1400 400 FERENDIS
1438 341 1868 401 REPREIIENS.
1913 344 2000 400 ΕΤ
2042 345 2128 400 DF.
2171 347 2429 404 MUTAT.
2471 347 2804 411 NOMINUM.
2852 356 2938 413 Nl.

3484 365 3584 420 138

1998 475 2062 512 ex
2111 460 2353 517 fidelibus
2383 464 2463 518 vel
2508 468 2775 536 reSpit-ere
2814 470 2987 540 ipsum
3031 473 3294 539 audebat.
3338 491 3458 533 cum
3489 499 3587 537 nos

1995 565 2323 620 Oppugnaret
2350 572 2364 608 :
2391 565 2532 610 tanta
2575 559 2753 623 czede,
2803 572 2952 618 tanto
2990 564 3168 622 furore
3212 569 3403 637 plenus
3449 584 3583 628 erat.

1993 640 2352 708 Quamobrem
2407 662 2594 703 omnes
2643 651 2985 721 resiliebant,
3041 672 3230 713 omnes
3272 659 3584 732 fugiebant,

1993 735 2160 789 sicubi
2191 738 2567 796 adventantem
2603 743 2862 813 viderent,
2897 764 3068 820 neque
3099 752 3268 822 ipsmn
3301 756 3382 809 vel
3410 760 3583 826 respi-

1991 839 2116 878 cere
2161 827 2429 882 audebant
2463 849 2477 883 ;
2511 832 2581 884 ita
2631 849 2824 904 nempe
2868 837 3122 894 efferatus
3165 854 3348 898 contra
3399 846 3583 904 fideles

1993 924 2138 976 erat;
2175 917 2223 969 id
2255 933 2417 972 unum
2447 922 2762 987 audiebant,
2794 942 2916 982 eum
2943 931 3032 1000 qui
3059 932 3186 987 olim
3215 941 3359 1004 Ipsos
3397 953 3582 1006 perse-

1992 1007 2274 1074 quebatur,
2307 1025 2447 1065 nunc
2479 1015 2768 1080 praedicare
2795 1017 3156 1092 fidem,quam
3185 1027 3308 1082 olim
3338 1029 3582 1087 devasta-

1991 1094 2100 1150 bat.
2132 1097 2395 1163 Quoniam
2446 1102 2604 1172 igitur
2647 1105 2714 1160 de
2755 1107 2888 1164 facie
2927 1110 3096 1180 ipsmn
3139 1130 3242 1169 non
3291 1133 3579 1186 noverant,

1989 1187 2084 1239 sed
2110 1204 2174 1242 ex
2204 1189 2386 1244 attditu
2417 1201 2654 1261 tantum,
2685 1197 2727 1250 si
2760 1213 2953 1254 nomen
2984 1203 3162 1258 statim
3191 1217 3478 1277 mutasset,
3515 1228 3583 1268 ne

1989 1279 2022 1332 ii
2050 1282 2282 1350 quidem,
2309 1285 2398 1354 qui
2427 1287 2730 1350 audierant.
2755 1296 3126 1362 cognovissent
3148 1315 3294 1368 eum,
3313 1303 3401 1371 qni
3421 1303 3580 1360 fidem

1989 1374 2424 1441 persequebatur,
2457 1394 2595 1433 nunc
2618 1383 2946 1452 evangelium
2973 1387 3280 1454 pra-dicare.
3317 1392 3578 1460 Quoniam

1985 1463 2126 1516 enim
2161 1465 2306 1535 prius
2337 1480 2593 1525 noverant
2623 1471 2793 1541 ipsmn
2822 1477 2998 1530 vocari
3029 1477 3244 1534 Saulum
3271 1525 3286 1547 ,
3326 1485 3369 1538 si
3393 1488 3575 1542 statim

1987 1564 2192 1611 mutato
2235 1560 2454 1615 nomine
2502 1562 2697 1618 Paulus
2740 1565 2914 1622 dictus
2949 1569 3168 1638 fuisset,
3213 1575 3408 1632 deinde
3450 1595 3581 1636 vero

1984 1647 2198 1714 quidam
2227 1650 2355 1719 ipsis
2379 1656 2764 1724 renuntiasset,
2793 1659 3014 1715 Paulum
3041 1665 3129 1733 qui
3162 1670 3582 1740 persequebatur

1986 1738 2319 1808 Ecelesiam,
2366 1745 2477 1813 jam
2525 1750 2858 1817 evangelium
2891 1755 3211 1824 pra-dicare,
3243 1738 3576 1829 ignorassent

1983 1845 2050 1884 an
2082 1831 2220 1886 idem
2254 1833 2368 1903 ipse
2398 1847 2538 1891 esset
2561 1881 2574 1904 ,
2607 1840 2728 1909 quia
2761 1840 2850 1897 ille
2879 1859 2982 1898 non
3015 1845 3238 1912 Paulus,
3263 1851 3355 1905 scd
3385 1853 3577 1910 Saulus

1985 1922 2293 1976 vocabatur.
2329 1923 2452 1980 ideo
2480 1927 2625 1982 illum
2655 1931 2822 1985 multo
2853 1941 3092 2004 tempore
3121 1953 3240 1992 cum
3284 1942 3444 2010 priori
3479 1960 3578 1998 no.

1983 2013 2127 2068 mine
2157 2015 2384 2086 reliquit,
2413 2030 2467 2072 ut
2494 2021 2742 2076 omnibus
2766 2035 2910 2081 esset
2932 2027 3177 2086 fidelibus
3203 2041 3382 2102 notus,
3409 2037 3571 2092 etiam

1984 2103 2068 2170 iis,
2101 2107 2188 2174 qui
2219 2109 2402 2176 procul
2426 2120 2598 2178 erant,
2628 2122 2684 2168 et
2706 2130 2811 2169 non
2842 2116 3014 2185 ipsum
3040 2119 3304 2177 viderant.

2052 2199 2106 2251 4.
2125 2198 2232 2252 Cur
2247 2216 2372 2271 ergo
2397 2217 2500 2257 non
2528 2205 2706 2260 statim
2727 2207 2842 2276 ejus
2860 2225 3052 2266 nomen
3070 2223 3326 2270 mutatum
3350 2219 3437 2282 sit,
3459 2219 3568 2289 jam

1981 2287 2110 2341 satis
2139 2287 2558 2348 demonstratum
2587 2305 2688 2349 est.
2722 2298 2910 2366 Opera:
2937 2302 3162 2370 pretium
3182 2304 3292 2374 jam
3329 2287 3480 2364 fuerit
3515 2321 3572 2367 ιιι

1981 2378 2188 2473 initium
2218 2385 2481 2439 sermonis
2511 2398 2834 2456 repetamus.
2859 2390 3053 2449 Saulus
3078 2407 3244 2451 autem
3269 2401 3440 2454 adhuc
3459 2403 3568 2473 spi-

1979 2478 2099 2517 rans
2119 2465 2370 2520 minarum
2386 2478 2431 2522 et
2461 2471 2612 2524 credis
2637 2473 2689 2526 in
2715 2474 2990 2546 discipulos
3021 2477 3224 2535 Domini
3241 2484 3374 2552 (Act.
3407 2485 3461 2541 9.

1979 2555 2116 2620 Quid
2143 2557 2242 2611 sibi
2274 2560 2383 2613 vult
2408 2560 2570 2628 iuuit,
2613 2563 2824 2619 adhuc?
2851 2566 2985 2634 Quid
3019 2581 3172 2626 antea
3214 2571 3360 2642 fecit,
3405 2586 3461 2631 ut
3490 2555 3572 2631 iii-

1976 2655 2094 2709 cat,
2122 2648 2329 2704 adhuc?
2378 2650 2510 2705 Nam
2555 2653 2706 2720 illud,
2754 2657 2940 2720 adhuc,
2989 2660 3056 2715 de
3089 2661 3302 2720 homine
3351 2666 3561 2730 dicitur.

1975 2737 2065 2807 qui
2094 2749 2252 2794 antea
2305 2743 2470 2797 multa
2519 2747 2657 2800 mala
2696 2746 2904 2805 fecerit.
2932 2752 3066 2819 Quid
3097 2770 3226 2825 ergo
3265 2757 3420 2812 fecit?
3456 2761 3568 2816 lmo

1975 2831 2100 2898 quid
2121 2871 2138 2896 ,
2166 2849 2368 2902 qtneso,
2402 2851 2508 2891 non
2538 2839 2660 2894 mali
2689 2841 2852 2896 fecit?
2877 2842 3144 2915 Sanguine
3169 2849 3391 2919 replevit
3417 2851 3566 2908 Jero-

1973 2921 2200 2993 solyma,
2223 2924 2406 2980 fideles
2433 2928 2728 2997 interfecit,
2769 2931 3061 2990 Eeelesiam
3083 2937 3410 3008 devastabat,
3439 2958 3568 3014 apo-

1972 3016 2139 3070 stolos
2169 3019 2604 3088 persequebatur.
2637 3022 2966 3093 Stephanum
3005 3030 3228 3090 occidit:
3263 3048 3367 3088 non
3414 3037 3566 3105 viris,

1974 3122 2080 3162 non
2131 3109 2442 3165 mulieribus
2474 3115 2744 3182 parcebat.
2793 3119 2930 3173 Audi
2971 3119 3290 3192 discipulum
3323 3146 3336 3180 :
3369 3127 3564 3185 Saulus

1970 3211 2137 3254 autem
2164 3203 2450 3258 devastabat
2498 3204 2796 3270 Ecclesium,
2837 3210 2888 3262 in
2911 3211 3086 3266 domos
3113 3215 3420 3284 ingrediens,
3446 3230 3556 3274 tra-

1972 3294 2094 3347 hens
2122 3294 2254 3346 viros
2281 3303 2326 3348 et
2357 3294 2587 3349 mulieres
2614 3297 2748 3367 (Act.
2773 3299 2824 3352 ὃ.
2857 3299 2937 3370 5).
2965 3299 3079 3355 Νοη
3125 3303 3198 3357 illi
3231 3305 3402 3360 forum
3427 3310 3559 3364 satis

1969 3398 2116 3452 erat,
2147 3385 2241 3441 sed
2269 3387 2321 3441 in
2348 3387 2537 3441 domos
2568 3387 2830 3444 insiliebat
2863 3409 2877 3443 :
2913 3391 2978 3445 In
3017 3393 3193 3448 domos
3236 3395 3556 3467 ingrediens,

1969 3478 2065 3532 ait.
2097 3477 2277 3548 Neque
2303 3477 2466 3544 dixit,
2516 3477 2747 3545 ducens,
2795 3481 2878 3535 vel
2907 3482 3140 3540 evellens
3171 3485 3310 3540 vires
3337 3502 3399 3542 ac
3437 3504 3560 3543 ntu-

1971 3569 2162 3635 lieres;
2194 3570 2287 3624 sed
2311 3612 2326 3636 ,
2376 3569 2602 3624 Tro/iens
2640 3573 2772 3626 uiros
2804 3590 2865 3627 ae
2903 3575 3138 3630 mulieres
3157 3592 3176 3631 :
3198 3592 3260 3630 ac
3285 3579 3328 3632 si
3356 3579 3420 3635 de
3448 3579 3556 3636 fera

1969 3662 2280 3734 loqueretur
2305 3681 2318 3717 :
2370 3662 2596 3718 Tro/iens
2625 3665 2756 3719 uiros
2786 3683 2846 3719 ac
2873 3668 3142 3734 mulieres;
3167 3685 3270 3724 non
3303 3672 3447 3728 viros
3468 3688 3558 3728 so-

1970 3757 2114 3824 lum,
2143 3757 2236 3812 sed
2263 3757 2422 3811 etiam
2451 3759 2724 3814 mulieres.
2756 3757 2940 3829 Neque
2981 3770 3222 3816 naturam
3268 3765 3555 3820 revereba-

1971 3859 2073 3914 tur,
2108 3865 2278 3919 neque
2304 3865 2463 3904 sexus
2485 3851 2858 3914 miserebatur,
2893 3865 3067 3920 neque
3097 3851 3166 3905 ob
3192 3853 3553 3911 infirmitatem

1969 3938 2325 4008 frangebatur.
2359 3939 2488 3992 Zelo
2529 3955 2793 4009 namque,
2841 3955 2946 3993 non
2991 3941 3169 3995 furore
3197 3953 3409 4011 motus,
3453 3945 3554 4001 hoc

1966 4031 2174 4099 agebat.
2204 4027 2326 4082 Ideo
2347 4028 2514 4083 Judzni
2543 4029 2645 4084 hoc
2672 4030 2841 4099 ipsum
2867 4029 3155 4097 facientes,
3183 4033 3556 4091 criminatione

1965 4120 2139 4189 digni;
2174 4119 2260 4173 hic
2284 4128 2466 4173 contra
2501 4118 2552 4172 id
2577 4135 2739 4190 agens
2759 4161 2776 4186 ,
2807 4120 2959 4174 venia
2985 4119 3177 4191 dignus
3205 4132 3306 4176 est.
3343 4125 3550 4181 Etenim

1967 4213 2086 4267 illos
2115 4213 2287 4283 palam
2321 4221 2436 4267 erat
2458 4210 2677 4267 honoris
2704 4223 2758 4268 et
2789 4213 2960 4270 inanis
2985 4215 3124 4285 apud
3155 4216 3345 4287 vulgus
3369 4220 3555 4290 gloria:

1965 4320 2125 4360 causa
2167 4304 2291 4361 illud
2333 4319 2528 4375 agere;
2580 4304 2669 4360 hic
2711 4320 2839 4360 vero
2867 4320 3056 4370 secus,
3107 4307 3203 4362 sed
3262 4309 3379 4363 zelo
3429 4327 3554 4381 erga

1969 4399 2134 4454 Deum
2183 4408 2488 4470 permotus,
2544 4400 2643 4454 etsi
2712 4414 2822 4453 non
2892 4399 3185 4454 secundum
3249 4403 3550 4460 scientiam.

1966 4491 2324 4559 Quamobrem
2374 4491 2448 4545 illi
2468 4531 2484 4558 ,
2515 4491 2718 4546 relictis
2740 4491 3085 4560 mulieribus,
3110 4492 3254 4547 viros
3277 4494 3555 4567 impugna-

1967 4582 2112 4648 bant,
2152 4584 2275 4653 quia
2302 4584 2352 4637 in
2384 4583 2505 4636 illos
2533 4583 2758 4652 gloriam
2797 4597 2948 4639 suam
2975 4585 3229 4641 transisse
3258 4587 3502 4644 videbant
3536 4606 3550 4645 :

1966 4675 2052 4730 hic
2080 4685 2255 4729 autem
2280 4717 2296 4737 ,
2347 4683 2532 4744 utpote
2557 4675 2671 4729 zelo
2711 4675 3052 4743 stimulante,
3102 4679 3381 4735 universos
3417 4682 3550 4736 aito-

1968 4766 2223 4821 riebatnr.
2256 4765 2378 4820 ":BC
2403 4781 2584 4819 secum
2617 4766 2793 4819 omnia
2827 4777 3080 4837 reputans
3111 4768 3304 4838 Lucas,
3336 4772 3552 4829 videns-

1963 4875 2070 4930 que
2099 4859 2246 4914 illum
2300 4857 2533 4912 nondum
2567 4874 2688 4914 esse
2717 4860 2964 4914 satiatum
2991 4903 3006 4926 ,
3035 4860 3246 4916 dicebat
3289 4881 3302 4916 :
3361 4864 3556 4920 Saulus

1966 4960 2133 5004 autent
2181 4949 2349 5002 adhuc
2375 4949 2577 5018 spirans
2607 4950 2858 5003 minarum
2904 4963 2949 5003 et
2992 4952 3146 5005 tardis
3195 4953 3246 5006 in
3275 4953 3557 5025 discipulos

1967 5040 2194 5094 Domini.
2247 5040 2360 5094 Non
2390 5041 2600 5094 satiavit
2629 5056 2748 5094 eum
2778 5041 2952 5096 czmles
2981 5041 3233 5112 Stephani
3253 5084 3269 5110 ,
3301 5060 3406 5098 non
3437 5047 3550 5114 ejus

1965 5133 2200 5202 explevit
2224 5132 2459 5186 animum
2514 5133 2855 5202 persequutio
2887 5133 3171 5200 Ecclesiae;
3203 5135 3296 5189 sed
3325 5136 3552 5192 ulterius

1966 5226 2335 5296 procedebat:
2383 5242 2556 5296 neque
2605 5227 2813 5282 furendi
2869 5226 3027 5302 linem
3087 5229 3358 5284 iaciebat:
3405 5232 3551 5285 zelus

1963 5319 2158 5388 quippe
2185 5328 2318 5372 erat.
2364 5317 2470 5371 Sed
2523 5333 2692 5386 nuper
2741 5334 2986 5372 reversus
3011 5335 3040 5372 a
3082 5319 3230 5374 caede
3257 5319 3508 5390 Stephani
3535 5365 3550 5385 ,

1964 5412 2233 5483 apostolos
2279 5411 2730 5482 persequebatur;
2789 5412 3124 5482 idipsumque
3177 5412 3434 5480 faciebat,
3491 5431 3555 5470 ac

1965 5503 2007 5556 si
2062 5501 2182 5572 quis
2236 5501 2391 5572 lupus
2442 5501 2670 5556 szevicus
2722 5502 2774 5556 in
2836 5501 2978 5555 ovile
3041 5501 3345 5572 ingressus,
3403 5515 3556 5574 rapto

1965 5611 2102 5667 agno
2125 5637 2139 5660 ,
2168 5611 2370 5666 oreque
2400 5595 2667 5665 discerpta
2687 5636 2700 5657 ,
2730 5611 2796 5649 ex
2848 5596 2946 5648 hoc
2989 5604 3141 5664 raptu
3173 5594 3400 5652 ferocior
3424 5615 3552 5652 eva-

1966 5687 2136 5743 deret.
2202 5686 2273 5741 Ita
2327 5695 2381 5740 et
2409 5685 2602 5740 Paulus
2657 5685 3019 5755 apostolorum
3055 5686 3279 5741 ehormn
3327 5688 3552 5750 invacit.

1969 5780 2197 5851 indeque
2228 5781 2398 5851 rapuit
2425 5793 2615 5850 agnum
2643 5776 2837 5835 Christi
2867 5775 3216 5848 Stephanum.
3241 5792 3412 5851 eoque
3439 5780 3554 5835 disc
