4096 6222
458 343 479 395 Ι
491 342 559 393 Tr)

456 471 676 525 ceipto,
725 453 823 508 hac
853 451 999 508 carde
1041 449 1266 504 ferocior
1316 449 1500 502 evasit.
1535 447 1822 517 Propterea
1877 445 2037 511 dicit,

454 548 639 601 adhuc.
673 543 925 613 Quamvis
953 541 1103 610 cujus
1125 541 1360 594 animant
1392 553 1496 593 non
1518 537 1832 608 explevisset
1865 535 2042 591 eaédcs

455 638 800 710 hujusmodi?
829 652 984 707 quem
1035 650 1140 688 non
1194 632 1454 704 placasset
1490 628 1838 684 mansuetudo
1887 628 2039 697 ejus,

453 735 544 804 qui
575 731 952 794 occidebatur;
985 729 1252 798 verbaque
1280 726 1395 795 ejus
1415 767 1429 790 ,
1460 725 1548 795 qui
1581 723 1842 794 lapidibus
1879 723 2040 777 obru-

452 832 538 878 tus
562 838 658 895 pro
681 821 1038 890 lapidantibus
1065 818 1145 872 sic
1188 816 1542 887 precabatur:
1571 813 1814 876 Domine,
1850 812 2038 881 inquit,

449 935 516 975 ne
543 924 736 970 statuas
758 915 858 967 illis
889 913 982 966 hoc
1013 920 1274 982 peccatum
1300 908 1431 980 (Act.
1463 909 1514 960 7.
1550 906 1682 975 59)?
1710 906 1833 960 ldeo
1862 919 2044 974 perscs

453 1021 647 1078 quu'or
675 1007 844 1061 factus
870 1014 950 1059 est
967 1004 1310 1074 evangelista.
1337 1001 1466 1055 Nam
1494 1000 1672 1060 statim
1700 1008 1819 1068 post
1841 997 2041 1052 eaedem

458 1100 542 1154 hic
572 1113 862 1154 conversus
889 1105 997 1160 est,
1032 1095 1170 1149 illius
1199 1109 1382 1149 vocem
1411 1091 1612 1146 audivit
1639 1091 1796 1145 Deus.
1834 1089 2041 1142 Etenim

459 1190 646 1260 dignus
672 1198 787 1242 erat
828 1186 1129 1256 Stephanus
1158 1184 1247 1255 qui
1277 1184 1550 1237 audiretur
1575 1190 1684 1235 tum
1714 1189 1931 1250 propter
1961 1179 2043 1233 fu-

455 1297 624 1337 turam
655 1281 801 1335 Pauli
829 1281 1076 1334 virtutem
1099 1319 1113 1342 ,
1147 1287 1256 1331 tum
1287 1284 1503 1344 propter
1534 1274 1798 1342 prepriam
1827 1272 2042 1328 confes-

454 1379 658 1432 sionem
695 1393 708 1428 :
741 1373 988 1437 Domine,
1019 1387 1079 1424 ne
1105 1379 1302 1424 statuas
1343 1369 1446 1424 illis
1479 1368 1572 1421 hoc
1619 1376 1896 1436 peccatum.
1931 1368 2039 1419 Au-

453 1467 602 1522 diant
659 1465 748 1533 qui
801 1464 1044 1518 inimicos
1092 1461 1318 1523 habent,
1350 1460 1437 1530 qui
1472 1458 1662 1528 injuria
1713 1457 2040 1514 afliciuntnr.

458 1563 567 1616 Etsi
610 1560 752 1614 enim
807 1566 1057 1611 sexcenta
1102 1555 1282 1625 gravia
1328 1551 1578 1625 patiaris,
1627 1549 1863 1608 nondum
1912 1549 2042 1619 lapi-

453 1657 610 1711 datus
653 1670 749 1718 es,
791 1649 1236 1723 quemadmodum
1265 1647 1589 1716 Stephanus.
1648 1645 1712 1699 Et
1742 1643 1863 1698 vide
1908 1642 2034 1713 quid

455 1748 650 1803 factum
691 1748 778 1800 sit.
828 1743 1214 1798 Olistrnebatur
1275 1740 1391 1796 fons
1433 1742 1622 1793 unicus
1667 1737 1952 1806 Stephani,
1990 1744 2044 1790 et

453 1838 792 1908 aperiebatur
818 1836 974 1900 alius,
1007 1849 1072 1892 ex
1102 1847 1208 1902 quo
1238 1832 1514 1886 innumera
1545 1828 1830 1882 manabant
1861 1826 2038 1881 nurni-

455 1949 545 1987 na.
579 1933 860 2000 Postquam
903 1927 1044 1982 enim
1089 1926 1234 1980 siluit
1274 1940 1336 1978 os
1381 1922 1671 1992 Stephani.
1699 1936 1823 1982 mox
1863 1919 2042 1974 sonuit

454 2022 578 2077 tuba
608 2021 779 2075 Pauli.
813 2019 902 2074 Sic
930 2030 1217 2087 numquam
1262 2015 1404 2069 Deus
1442 2011 1766 2080 dcrelinquit
1789 2025 1954 2079 usque
1986 2009 2038 2065 in

456 2116 617 2170 linem
668 2112 733 2166 ad
763 2126 821 2166 se
865 2118 1177 2174 currentes,
1233 2106 1328 2162 sed
1381 2104 1520 2159 dona
1559 2102 1759 2172 praebet
1800 2101 2038 2169 majora,

453 2221 611 2275 quam
635 2203 701 2258 ab
730 2200 957 2262 inimicis
984 2197 1310 2252 auferantur.
1350 2193 1464 2248 Non
1493 2193 1633 2246 cnim
1673 2190 1749 2244 illi
1787 2189 1945 2244 talem
1975 2190 2043 2242 ab

421 2296 691 2352 .exereitu
737 2294 1011 2363 ejecerunt
1042 2289 1303 2352 militem,
1343 2286 1552 2356 qualem
1607 2283 1660 2340 in
1708 2281 1823 2351 ejus
1865 2281 2042 2343 locum

455 2387 662 2444 induxit
686 2385 953 2438 Christus.
986 2379 1178 2436 Saulus
1195 2388 1363 2431 autem
1390 2375 1580 2428 adhuc.
1610 2371 1767 2427 Aliud
1792 2369 2042 2440 quiddam

455 2480 716 2550 signiﬁcat
745 2476 873 2531 illud
894 2517 910 2542 ,
933 2474 1136 2528 adhuc:
1168 2471 1445 2531 videlicet,
1470 2467 1620 2521 illum
1647 2464 1821 2517 adhuc
1853 2462 2038 2517 furen-

457 2583 585 2636 tem,
609 2571 782 2624 adhuc
814 2567 1180 2631 ferocientem,
1201 2562 1375 2616 adhuc
1398 2560 1446 2614 vi
1478 2558 1673 2613 furoris
1695 2563 2039 2620 commotum,

456 2662 631 2716 adhuc
659 2660 804 2714 ezrde
855 2658 1147 2712 ferventem
1175 2654 1392 2707 attraxit
1437 2650 1700 2704 Christus.
1736 2647 1850 2701 Non
1901 2646 2044 2700 enim

456 2754 783 2824 exspectavit
811 2750 984 2806 donec
1012 2755 1250 2803 cessaret
1290 2742 1548 2814 aegritudo
1570 2783 1585 2808 ,
1617 2740 2048 2810 exstingueretnr

459 2847 695 2908 morbus,
726 2842 1156 2910 mansuetiorque
1184 2839 1338 2892 fieret
1369 2835 1454 2890 ille
1484 2835 1562 2890 sic
1587 2832 1860 2892 efferatus,
1888 2839 1942 2887 et
1970 2831 2048 2886 sic

459 2939 604 2994 illum
645 2934 936 2989 attraheret
970 2950 983 2988 :
1013 2945 1194 2986 verum
1218 2928 1267 2982 in
1294 2928 1409 2998 ipsa
1443 2925 1640 2980 luroris
1668 2925 1715 2977 vi
1746 2924 1917 2993 ipsum
1953 2936 2047 2977 ce-

460 3030 557 3099 pit,
591 3038 645 3082 ut
676 3024 982 3080 ostenderet
1020 3021 1311 3092 potentiam
1358 3031 1539 3082 suam,
1592 3014 1731 3086 quod
1772 3015 1824 3068 in
1872 3013 2050 3069 medio

462 3125 676 3186 furore,
711 3125 968 3174 aestuante
1023 3115 1236 3177 animo,
1290 3119 1728 3182 persequutorem
1759 3107 1945 3163 vicerit
1987 3115 2043 3161 et

461 3212 750 3283 subegerit.
787 3209 994 3265 Etenim
1022 3206 1286 3262 medicum
1307 3213 1432 3258 tunc
1460 3201 1809 3266 admiramur,
1838 3197 2050 3269 quando

462 3307 650 3362 febrim
677 3303 1088 3358 invalescentem
1133 3307 1188 3354 et
1213 3296 1506 3352 ferventem
1525 3295 1576 3349 in
1599 3309 1810 3349 summo
1844 3295 2052 3347 fervore

461 3399 800 3468 exstinguere
824 3406 874 3451 et
898 3394 1108 3465 penitus
1134 3391 1320 3446 sedare
1354 3398 1530 3459 potest
1557 3405 1570 3441 :
1602 3386 1744 3457 quod
1772 3395 1827 3440 et
1847 3390 1897 3440 in
1917 3386 2052 3440 Pau-

463 3490 518 3544 lo
558 3488 754 3542 factum
775 3495 876 3540 est.
907 3485 1088 3553 Inipsa
1118 3482 1314 3551 quippe
1342 3477 1570 3532 ﬂamma:
1593 3475 1924 3531 vehementia
1950 3491 2051 3528 vox

467 3580 698 3644 Domini,
725 3593 822 3632 ceu
851 3589 940 3629 ros
969 3587 1200 3642 superne
1236 3585 1486 3634 manans,
1540 3570 1710 3637 ipsum
1741 3568 1929 3621 morbo
1955 3582 2051 3636 pe.

465 3673 607 3727 nitus
629 3668 891 3723 liberavit.
921 3665 1113 3720 Saulus
1143 3673 1310 3716 autem
1362 3661 1531 3714 adhuc
1554 3660 1756 3728 spirans
1802 3658 2053 3711 minarum

465 3773 510 3817 et
569 3762 720 3816 credis
769 3761 821 3812 in
873 3756 1153 3827 discipulos
1218 3755 1458 3818 Domini,
1506 3752 1706 3807 dimisit
1758 3749 2052 3805 multitudi-

468 3868 612 3917 nem,
640 3859 696 3906 et
719 3849 911 3904 deinde
958 3847 1011 3901 in
1040 3846 1307 3916 principes
1339 3843 1592 3912 impetum
1616 3841 1760 3895 fecit.
1788 3839 2055 3908 Quemad-

465 3945 680 4000 modum
710 3943 852 3998 enim
881 3940 946 4004 is,
977 3939 1066 4010 qui
1097 3937 1344 3992 arborem
1369 3937 1481 3989 vult
1511 3936 1844 4002 exscindere,
1873 3935 2056 3988 dimiu.

462 4013 540 4103 sis
567 4036 731 4091 ramis
753 4077 767 4101 ,
803 4033 1034 4088 radicem
1065 4039 1212 4086 secat
1239 4049 1249 4082 :
1277 4030 1354 4084 sic
1384 4038 1437 4083 et
1465 4029 1552 4083 ille
1576 4027 1866 4097 discipulos
1891 4027 2056 4082 ador-

463 4141 554 4194 tus
579 4137 679 4191 est,
704 4127 843 4198 quod
873 4126 1105 4180 radicem
1131 4122 1528 4192 przedicatimiis
1549 4137 1791 4176 resecare
1813 4131 2050 4189 cuperet.

541 4221 793 4290 Martyres
823 4218 1053 4287 palmites
1076 4233 1139 4269 ea:
1163 4215 1362 4269 Christo
1394 4231 1483 4267 ceu
1506 4214 1679 4268 radice
1719 4214 2050 4284 pullulantes.

465 4310 816 4370 Lonvcrsionis
853 4306 1003 4361 Pauli
1031 4305 1230 4360 modus.
1257 4334 1329 4362 -.-
1355 4303 1550 4358 Verum
1575 4320 1680 4358 non
1718 4315 1870 4358 erant
1895 4304 2058 4358 disci-

468 4406 576 4477 puli
602 4403 753 4462 radix
780 4399 1202 4472 prmdicationis,
1225 4396 1319 4452 sed
1353 4395 1736 4468 di~eipulorum
1774 4395 2052 4451 Dominus.

467 4495 826 4564 Quamobrem
857 4491 1067 4560 dicebat
1103 4490 1192 4545 ille
1224 4507 1236 4542 :
1271 4486 1382 4559 Ego
1404 4504 1516 4542 sum
1544 4487 1688 4550 uitis,
1717 4503 1804 4540 vos
1825 4487 2054 4556 palmites

471 4586 648 4656 (Joan.
680 4585 766 4639 t5.
800 4582 878 4654 ει).
915 4582 1007 4636 llla
1037 4597 1164 4636 vero
1207 4580 1353 4635 radix
1393 4577 1814 4648 inexpugnabilis
1840 4586 1941 4632 est.
1973 4577 2055 4635 ld-

467 4679 610 4734 circo
633 4685 834 4745 quanto
857 4674 1036 4744 plures
1061 4673 1376 4728 resecaliant
1409 4671 1653 4740 palmites
1669 4711 1684 4736 ,
1710 4679 1854 4723 tanto
1876 4669 2055 4739 plures

468 4780 522 4825 ct
554 4770 783 4836 majores
827 4767 1016 4830 iterum
1066 4763 1414 4832 pullulabant.
1469 4764 1726 4824 Exsectus
1771 4762 1948 4832 itaque
1972 4770 2055 4819 est

469 4859 810 4929 Stephanus,
862 4867 915 4911 et
968 4855 1242 4924 pullulavit
1280 4853 1492 4918 Paulus,
1539 4870 1602 4908 ac
1652 4864 1914 4923 quotquot
1961 4867 2056 4921 per

468 4953 688 5010 Paulum
710 4950 1071 5005 crediderunt.
1105 4947 1324 5002 Factum
1351 4957 1652 5012 astantem,
1685 4948 1889 5017 inquit,
1941 4962 2056 4999 eum

466 5045 891 5116 apprOpiuquaret
917 5039 1190 5105 Damasco,
1214 5039 1376 5093 subito
1392 5039 1724 5107 circumfulsit
1746 5055 1857 5091 eum
1887 5037 1975 5090 lux
1994 5037 2056 5091 de

467 5137 626 5192 caelo:
651 5146 696 5189 et
719 5134 903 5188 cadens
929 5133 981 5186 in
1013 5142 1227 5196 terram,
1251 5132 1441 5184 audivit
1460 5147 1625 5184 vocem
1647 5131 1890 5184 dicentem
1916 5129 2008 5184 sibi
2035 5145 2054 5184 :

468 5231 648 5295 Saule,
670 5228 850 5292 Saute,
869 5225 990 5297 quid
1007 5241 1084 5279 me
1103 5224 1409 5294 persequeris
1441 5228 1457 5292 (
1469 5225 1574 5276 Act.
1607 5223 1660 5277 9.
1695 5226 1746 5279 5.
1775 5224 1856 5291 4)?
1880 5223 2056 5290 Quare

467 5337 574 5377 non
591 5336 689 5376 vox
712 5321 856 5389 prius
871 5319 1030 5374 allata
1045 5327 1144 5380 est,
1163 5315 1258 5371 sed
1274 5319 1358 5370 lux
1379 5318 1522 5385 prius
1539 5316 1885 5370 circumfulsit
1898 5315 2056 5380 cum?

468 5414 536 5469 Ut
557 5416 735 5484 quiete
764 5426 947 5466 vocem
968 5409 1194 5464 audiret.
1220 5408 1481 5476 Quoniam
1511 5409 1652 5461 enim
1683 5407 1725 5460 is
1753 5408 1839 5477 qui
1875 5408 2056 5460 animo

469 5504 749 5575 furoreque
799 5502 983 5573 plenus
1039 5501 1271 5571 aliquam
1330 5515 1440 5554 rem
1504 5499 1764 5568 perlicere
1811 5507 2053 5562 conatur,

467 5599 672 5650 etiamsi
722 5595 988 5651 innumeri
1026 5603 1252 5657 vocent,
1302 5608 1406 5647 non
1453 5607 1514 5647 se
1561 5592 1866 5656 convertit,
1915 5599 2056 5644 totus

468 5689 614 5756 t-pcri
644 5690 878 5742 intentus
913 5706 927 5742 :
961 5702 1032 5743 ne
1062 5686 1292 5756 idipsnm
1321 5687 1370 5739 in
1403 5685 1563 5738 Paulo
1593 5683 1890 5747 accideret,
1925 5697 2057 5737 neve

471 5780 562 5833 ille
589 5787 856 5848 gestarum
902 5793 1078 5831 rerum
1111 5777 1288 5833 furore
1316 5775 1495 5829 ebrius
1521 5790 1702 5829 vocem
1736 5791 1839 5829 non
1873 5774 2058 5830 adver-

1209 334 1266 388 S.
1307 331 1585 390 JOANNIS
1607 330 2086 388 CllRYSOSTOMi
2127 332 2444 392 ARClllEP.
2483 334 3018 392 LDNSTANTINOP.

3632 341 3733 398 Nil

2153 456 2324 514 teret,
2355 459 2448 503 aut
2474 465 2578 504 non
2604 453 2831 516 audiret,
2859 452 3040 507 animo
3061 452 3176 522 ejus
3209 460 3320 507 toto
3348 453 3417 508 ad
3454 453 3737 510 devastan-

2149 539 2274 594 dum
2302 541 2504 596 intento
2537 559 2550 596 :
2575 545 2855 598 exczecatis
2881 552 3004 598 ante
3033 559 3127 613 per
3148 543 3319 599 lucem
3345 545 3517 598 oculis
3535 586 3550 610 ,
3584 545 3737 600 seda-

2149 638 2310 700 toque
2336 631 2549 695 animo,
2601 634 2862 688 exstincta
2894 635 3039 688 omni
3080 634 3274 690 mentis
3301 633 3739 706 perturbatione,

2150 721 2393 792 factaque
2437 723 2636 794 ingenti
2667 725 2829 780 animi
2856 726 3273 795 tranquillitate,
3308 742 3496 782 vocem
3522 715 3734 797 emisit,

2149 821 2206 866 ut
2233 813 2438 882 dejecta
2469 815 2616 872 omni
2660 817 2996 886 arrogantia.
3034 817 3211 873 sobria
3257 827 3436 873 mente
3465 817 3625 873 dictis
3653 827 3738 876 at-

2151 905 2414 961 tenderet.
2474 906 2662 976 Saule,
2723 909 2918 978 Saule,
2959 909 3082 979 quid
3112 926 3190 963 me
3234 911 3546 980 persequeris
3597 911 3734 982 (Act.

2149 993 2202 1048 9.
2236 997 2333 1066 4)?
2357 997 2529 1053 Verba
2561 1014 2665 1058 non
2697 1009 2801 1054 tam
2835 1003 3105 1070 arguentis
3127 1041 3142 1066 ,
3173 1017 3332 1070 quam
3361 1017 3481 1057 sese
3505 1018 3738 1074 purgan-

2150 1090 2218 1142 tis
2246 1098 2385 1144 sunt.
2422 1091 2556 1156 Quid
2586 1109 2664 1146 me
2709 1094 3057 1162 persequeris?
3109 1092 3163 1147 lu
3199 1109 3306 1164 quo
3333 1105 3424 1148 aut
3453 1111 3621 1164 parvo
3647 1106 3738 1154 aut

2149 1194 2341 1250 magno
2366 1196 2618 1236 accusare
2648 1199 2733 1244 me
2761 1187 2947 1252 potes?
2973 1184 3024 1248 in
3054 1199 3158 1254 quo
3188 1199 3216 1238 a
3250 1200 3335 1240 me
3357 1186 3517 1242 laesus
3548 1186 3738 1241 fuisti?

2147 1289 2213 1326 an
2245 1275 2386 1343 quod
2429 1286 2667 1331 mortuos
2698 1288 2903 1332 vestros
2931 1278 3336 1332 suscitaverim'l
3365 1295 3430 1332 an
3478 1282 3617 1350 quod
3655 1281 3734 1335 le-

2147 1379 2339 1434 prosos
2370 1367 2776 1422 mundaverim?
2803 1369 2942 1437 quod
2969 1368 3242 1429 daemones
3273 1368 3603 1439 fugaverim?
3629 1370 3734 1435 Sed

2150 1455 2269 1510 ideo
2294 1455 2517 1512 adorare
2561 1472 2644 1511 me
2665 1497 2681 1524 ,
2724 1473 2828 1512 non
2860 1458 3103 1528 persequi
3129 1461 3383 1528 Oportnit.
3420 1460 3483 1516 Ut
3505 1477 3630 1516 vero
3654 1460 3735 1521 di.

2147 1560 2266 1602 scas
2287 1547 2436 1612 illud,
2469 1547 2604 1614 Quid
2634 1565 2711 1602 me
2740 1550 3087 1621 persequeris?
3109 1565 3228 1605 sese
3256 1553 3531 1622 purgantis
3559 1552 3733 1622 potius

2149 1653 2268 1696 esse
2297 1657 2309 1691 :
2340 1639 2463 1696 audi
2493 1625 2758 1710 quomodo
2781 1643 2937 1697 Pater
2961 1645 3077 1714 ejus
3103 1644 3288 1700 iisdem
3322 1646 3496 1700 verbis
3519 1645 3734 1706 Judmos

2148 1731 2466 1800 alloquatur.
2512 1733 2970 1802 Quemadmodum
3019 1735 3163 1802 enim
3210 1735 3299 1790 hic
3324 1736 3490 1801 dicit,
3535 1736 3729 1806 Saule,

2149 1821 2329 1886 Saule,
2357 1824 2479 1889 quid
2505 1842 2582 1879 me
2603 1827 2948 1895 persequeris?
2976 1827 3053 1882 sic
3077 1837 3130 1882 et
3155 1827 3245 1893 ille
3263 1827 3461 1890 Juda‘is
3482 1828 3691 1887 dicebat
3715 1847 3727 1882 :

2149 1912 2353 1983 Popule
2376 1932 2512 1970 meus
2532 1959 2546 1982 ,
2577 1917 2698 1986 quid
2727 1918 2824 1986 feci
2872 1919 2959 1972 tibi
2984 1934 3002 1982 ;
3027 1929 3112 1972 aut
3153 1919 3204 1973 in
3237 1937 3334 1990 quo
3371 1921 3659 1974 contristaoi
3686 1931 3736 1976 te

2149 2004 2334 2074 (Miclt.
2359 2005 2412 2060 6.
2445 2007 2537 2077 3)?
2557 2007 2734 2074 Saule,
2769 2007 2948 2074 Saule,
2975 2011 3097 2080 quid
3124 2027 3200 2064 me
3227 2013 3569 2082 persequeris?
3595 2012 3734 2070 Ecce

2148 2098 2555 2167 supinusjaees.
2597 2115 2722 2154 ecce
2764 2100 2878 2155 sine
2923 2112 3109 2168 catena
3145 2104 3389 2174 alligatus
3423 2120 3502 2160 es.
3531 2106 3731 2172 Quem-

2147 2186 2434 2242 admodum
2477 2189 2633 2259 igitur
2658 2190 2701 2243 si
2737 2190 2900 2246 herus
2941 2206 3153 2247 servum
3191 2208 3333 2264 saape
3377 2196 3730 2267 transfugam,

2149 2279 2420 2347 multaque
2445 2291 2721 2349 operatum
2746 2282 2880 2336 mala
2900 2323 2914 2346 ,
2940 2283 3385 2357 comprehensum
3417 2296 3472 2356 et
3495 2288 3730 2350 vinetum

2149 2371 2227 2426 sic
2251 2371 2568 2444 alloquatur,
2597 2373 2733 2442 Quid
2764 2375 2842 2432 vis
2867 2375 2958 2428 tibi
2989 2375 3178 2430 faciam
3199 2376 3222 2429 ‘i
3241 2392 3366 2442 ecce
3388 2380 3496 2446 jam
3525 2379 3591 2433 ad
3615 2395 3732 2437 ma.

2150 2477 2252 2515 nus
2272 2464 2458 2517 venisti
2491 2481 2503 2517 :
2544 2465 2613 2517 ita
2644 2474 2698 2518 ct
2734 2465 2976 2522 Christus
3020 2467 3238 2522 Paulum
3265 2480 3568 2540 correptum
3611 2486 3734 2541 pro-

2151 2566 2504 2628 stratumque,
2547 2569 2864 2622 trementem
2906 2563 3091 2619 videns
3119 2579 3181 2619 ac
3209 2566 3616 2638 formidantem,
3649 2569 3733 2624 nio

2152 2647 2331 2718 hilque
2371 2653 2545 2705 lacere
2572 2652 2858 2718 valentem,
2884 2654 2961 2708 sic
2985 2655 3274 2725 alloquitur
3301 2675 3315 2711 :
3350 2657 3527 2720 Saule,
3553 2659 3730 2723 Saule,

2151 2740 2274 2810 quid
2322 2757 2398 2794 me
2441 2744 2791 2812 persequeris?
2847 2744 3112 2814 Quorsum
3170 2747 3258 2802 ille
3304 2747 3452 2802 furor
3505 2750 3737 2804 evadet?

2152 2847 2406 2904 quorsum
2461 2833 2711 2888 insania?
2769 2850 3023 2904 quorsum
3077 2837 3224 2892 zelus
3287 2839 3737 2909 intempestivus?

2153 2938 2408 2993 quorsum
2447 2925 2653 2980 vincula
2696 2935 2748 2981 et
2789 2925 3168 2984 circuitiones?
3205 2945 3458 3000 quorsum
3487 2931 3739 2992 ell‘eratus

2154 3013 2242 3070 ille
2267 3015 2513 3070 animus?
2536 3015 2654 3072 Jam
2685 3017 2972 3075 immobilis
3002 3021 3130 3082 eris.
3165 3036 3394 3092 eumque
3432 3038 3588 3093 quem
3621 3039 3740 3098 per-

2155 3109 2427 3179 sequeris,
2462 3125 2529 3164 ne
2555 3110 2736 3165 videre
2779 3110 2992 3181 quidem
3037 3114 3238 3182 pateris
3268 3132 3280 3167 :
3309 3125 3360 3169 et
3383 3117 3468 3185 qni
3515 3116 3740 3172 festinus

2157 3200 2388 3270 undique
2416 3202 2874 3268 circumcursabas
2897 3245 2911 3268 ,
2949 3219 3090 3258 nunc
3138 3205 3364 3261 ducente
3392 3222 3523 3276 opus
3552 3206 3739 3263 babes.

2158 3290 2281 3345 Ideo
2327 3307 2554 3362 namque
2596 3308 2735 3348 nunc
2789 3293 2919 3348 dicit
2963 3294 3049 3360 ei,
3101 3295 3236 3361 Quid
3264 3313 3342 3350 me
3393 3299 3744 3368 persequeris?

2157 3394 2216 3436 ut
2235 3383 2465 3448 disceret
2485 3385 2641 3438 etiam
2670 3384 2989 3454 prtecedenti
3020 3389 3389 3457 temporeipso
3417 3376 3743 3444 concedente

2157 3476 2334 3530 omnia
2364 3476 2500 3531 facta
2519 3491 2672 3543 esse;
2703 3493 2876 3547 neque
2895 3479 2981 3533 illa
3006 3479 3326 3534 inﬁrmitatis
3351 3482 3544 3546 fuisse,
3572 3497 3744 3552 neque

2161 3567 2296 3634 tunc,
2319 3583 2437 3637 qum
2455 3569 2565 3644 jam
2595 3570 2801 3633 tierent,
2831 3570 3160 3624 crudelitatis
3205 3586 3363 3635 esse;
3393 3572 3487 3626 sed
3519 3574 3603 3628 illa
3635 3575 3745 3629 ele-

2159 3661 2391 3726 mentite,
2420 3660 2532 3715 hare
2555 3661 2923 3731 providentiae.
2945 3663 3078 3729 Quid
3108 3663 3262 3732 igitur
3279 3663 3490 3726 Paulus,
3521 3664 3647 3732 Quis
3669 3683 3741 3733 cs,

2162 3749 2374 3808 Domine
2410 3752 2544 3820 (Act.
2577 3753 2628 3823 9.
2655 3753 2748 3822 5)?
2781 3752 2936 3808 Novit
2961 3754 3252 3809 dominium
3299 3770 3363 3810 ex
3397 3757 3746 3811 concessione

2160 3842 2248 3897 illa
2269 3885 2282 3907 ,
2316 3845 2562 3898 virtutem
2593 3860 2659 3898 ex
2711 3844 2950 3899 excitate
2981 3847 3229 3916 prtesenti
3261 3864 3275 3900 :
3305 3847 3518 3901 demum
3559 3859 3746 3917 poteno

2161 3937 2284 3987 tiam
2332 3934 2630 3990 conlitetur.
2685 3935 2809 4001 Quis
2837 3953 2912 4004 es,
2952 3921 3204 3992 Domine?
3249 3937 3492 3992 Vidistin‘
3539 3947 3744 4010 gratum

2160 4029 2441 4082 animum?
2479 4028 2708 4082 vidistin‘
2739 4039 2974 4084 mentem
3014 4029 3258 4084 libertate
3309 4031 3561 4102 plenam?
3603 4032 3740 4086 vidi-

2161 4122 2282 4174 stin‘
2307 4122 2684 4176 crmscieutiam
2708 4123 3008 4178 sinceram?
3032 4123 3146 4178 Non
3178 4127 3464 4188 reluctatus
3489 4136 3570 4182 est
3592 4168 3606 4193 ,
3639 4143 3744 4181 non

2160 4212 2460 4269 contendit:
2489 4212 2581 4267 scd
2613 4215 2789 4268 statim
2823 4215 3102 4270 Dominum
3133 4217 3365 4286 agnovit.
3398 4217 3514 4280 Non
3554 4233 3744 4289 querno

2160 4303 2444 4358 admodum
2471 4304 2674 4370 Judsei,
2702 4323 2823 4361 eum
2871 4307 3114 4363 viderent
3164 4320 3404 4364 mortuos
3439 4312 3741 4377 suscitatus,

2159 4410 2330 4450 cmcos
2361 4397 2529 4450 visum
2546 4397 2862 4467 recipientes
2881 4439 2896 4465 ,
2933 4399 3175 4468 leprosos
3206 4401 3521 4471 mandatos,
3550 4401 3742 4462 nedum

2160 4488 2225 4540 ad
2253 4496 2516 4542 tantarum
2539 4505 2718 4544 rerum
2745 4490 2989 4559 opiﬁcem
3007 4503 3374 4558 accurrerent,
3399 4495 3740 4550 seductorem

2161 4582 2320 4644 etiam
2366 4581 2513 4636 illum
2561 4567 2858 4645 vocabant,
2910 4599 3174 4652 omneque
3226 4584 3534 4651 insidiarum
3582 4601 3747 4657 genus

2161 4674 2491 4743 apparabant
2521 4689 2539 4730 ι
2569 4691 2672 4730 non
2704 4676 2781 4732 sic
2804 4677 2983 4744 utique
3023 4675 3236 4742 Paulus,
3267 4677 3361 4731 sed
3389 4680 3564 4732 statim
3618 4694 3748 4743 con—

2160 4781 2347 4829 versus
2388 4776 2488 4820 est.
2540 4767 2675 4833 Quid
2727 4767 2886 4836 igitur
2929 4767 3208 4821 Christus?
3235 4766 3346 4838 Ego
3391 4785 3502 4828 sum
3555 4767 3745 4839 Jesus,

2160 4876 2304 4926 quem
2332 4870 2382 4912 tu
2416 4861 2722 4930 persequeris
2751 4858 2800 4930 (1
2809 4860 2960 4930 bid.).
2993 4860 3101 4914 Cur
3130 4876 3234 4916 non
3264 4861 3417 4928 dixit,
3472 4861 3585 4930 Ego
3627 4877 3747 4924 sum

2160 4948 2338 5018 Jesns,
2359 4951 2450 5020 qui
2480 4953 2767 5014 resurrexi,
2799 4966 2899 5022 ego
2942 4967 3056 5008 sum
3089 4950 3264 5017 Jesus,
3291 4951 3381 5020 qui
3444 4951 3498 5005 in
3525 4951 3748 5010 dextera

2163 5041 2254 5094 Dei
2287 5041 2448 5095 sedeo
2469 5081 2484 5106 ,
2517 5040 2632 5103 sed,
2663 5040 2774 5112 Ego
2801 5059 2914 5106 sum
2939 5043 3112 5110 Jesus,
3149 5058 3294 5111 quem
3321 5052 3373 5096 tu
3404 5047 3754 5114 persequeris?

2162 5131 2232 5187 Ut
2259 5131 2374 5201 ejus
2406 5141 2637 5186 mentem
2693 5133 3044 5203 pereelleret,
3097 5144 3153 5187 ut
3180 5133 3295 5204 ejus
3333 5134 3567 5189 animam
3606 5150 3752 5190 com-

2163 5233 2436 5294 pungerct.
2467 5226 2603 5280 Audi
2633 5227 2809 5296 itaque
2839 5227 3058 5281 Paulum
3083 5238 3202 5301 post
3230 5228 3452 5282 nmltnm
3473 5229 3750 5298 temporis,

2164 5327 2282 5386 post
2337 5319 2610 5372 innumera
2667 5319 2922 5388 przeclare
2969 5329 3138 5388 gesta,
3185 5321 3285 5374 hoc
3323 5321 3749 5376 lamentantem:

2164 5406 2275 5479 Ego
2293 5413 2448 5474 enim,
2477 5409 2664 5478 inquit,
2692 5425 2803 5462 sum
2847 5410 3084 5464 minimus
3114 5410 3496 5479 apostolorum,
3535 5412 3621 5480 qui
3653 5429 3750 5464 non

2161 5517 2274 5555 sunt
2301 5503 2481 5571 dignus
2510 5503 2675 5556 vocari
2695 5503 2984 5570 apostolus,
3012 5503 3129 5574 quia
3159 5513 3483 5573 persequutus
3505 5521 3616 5556 sum
3650 5503 3750 5558 Ec-

2163 5592 2363 5644 rlesiam
2389 5595 2464 5660 (l.
2487 5593 2605 5647 Cor.
2630 5595 2713 5650 t5.
2742 5593 2822 5663 9).
2847 5595 2902 5648 Si
2933 5610 3059 5648 vero
3080 5605 3198 5664 post
3226 5607 3476 5650 sexcenta
3503 5596 3753 5665 praeclare

2162 5691 2339 5751 gesta,
2385 5693 2505 5752 post
2537 5695 2738 5745 tantum
2787 5687 3026 5756 elapsum
3070 5698 3308 5756 tempus.
3367 5688 3466 5741 hoc
3511 5687 3752 5757 lugebat,

2167 5785 2358 5844 quanta
2388 5775 2671 5831 verisimile
2697 5785 2777 5833 est
2799 5777 2970 5846 ipsum
2993 5794 3112 5832 esse
3143 5793 3356 5849 passum
3379 5779 3468 5834 illo
3491 5788 3755 5854 tempore,

2817 5879 2842 5897 Ὁ
