4096 6222
345 273 446 333 I39

335 389 676 463 θρασύτερος
720 390 826 445 ὐπὸ
882 391 982 462 τῆς
1033 393 1295 465 ἁρπαγῆς
1342 395 1578 464 ἐγένετο.
1634 395 1792 450 Οὕτω
1838 398 1930 450 καὶ

331 479 540 546 Σαῦλος
578 482 894 554 ἐπεπήδησε
937 481 1014 554 τῷ
1053 483 1200 556 χορῷ
1231 484 1342 538 τῶν
1386 485 1726 553 ἀποστόλων,
1771 487 1924 560 [125]

329 563 586 636 ἥρπασεν
617 566 830 620 ἐκεῖθεν
863 566 926 620 τὸ
950 567 1138 638 ἀρνίον
1167 566 1262 621 τοῦ
1290 569 1552 640 Χριστοῦ,
1585 570 1676 624 τὸν
1715 571 1927 640 Στέφα-

333 663 425 700 νον
489 648 895 722 διεσπάραξεν,
938 651 1159 720 ἐγένετο
1207 651 1395 705 λοιπὸν
1434 654 1540 707 ὐπδ
1573 653 1671 725 τῆς
1713 655 1930 725 σφαγῆς

328 730 539 802 ταύτης
580 732 938 806 θρασύτερος.
988 733 1090 788 Διά
1129 733 1289 788 τοῦτό
1334 754 1520 808 φησιν,
1555 739 1696 800 Ἔτι.
1735 739 1927 793 Καίτοι

327 813 454 867 τίνα
491 816 594 868 οὐκ
617 815 684 870 ἂν
716 817 1017 888 ἐνέπλησεν
1050 819 1078 871 6
1107 819 1268 888 φόνος
1299 820 1508 883 ἐκεῖνος
1536 836 1550 886 ;
1583 820 1704 874 τίνα
1733 823 1835 874 οὐκ
1861 822 1927 876 ἂν

327 898 686 970 κατῄδεσενή
725 901 1001 954 ἐπιείκεια
1034 901 1126 954 τοῦ
1160 903 1570 972 σφαττομένου,
1601 904 1671 956 τὰ
1704 906 1927 976 ῥήματα

329 980 475 1052 ἅπερ
495 982 852 1056 λιθαζόμενος
879 986 1021 1058 ὑπὲρ
1049 986 1159 1039 τῶν
1191 983 1522 1049 λιθαζόντων
1549 985 1769 1057 ηὔχετο,
1809 990 1926 1044 Κύ-

325 1082 436 1138 ριε,
476 1066 675 1136 λέγων,
701 1067 790 1138 μὴ
817 1070 1061 1138 στήσῃς
1087 1069 1293 1136 αὐτοῖς
1317 1069 1434 1136 τὴν
1464 1070 1759 1138 ἁμαρτίαν
1787 1073 1925 1126 ταύ-

327 1165 476 1217 τηνς
515 1151 614 1204 Διά
660 1151 820 1204 τοῦτο
865 1155 893 1206 6
938 1151 1176 1223 διώκτης
1222 1151 1622 1223 εὐαγγελιστὴς
1674 1153 1919 1222 γέγονεν.

325 1231 550 1297 Εὐθέως
582 1233 691 1305 γὰρ
730 1234 869 1305 μετὰ
897 1235 989 1288 τὸν
1012 1235 1172 1305 φόνον
1199 1227 1354 1298 οὗτος
1381 1235 1759 1305 μετεϐάλλετο,
1787 1237 1925 1290 ἐκεί-

323 1333 416 1369 νου
459 1319 564 1388 τῆς
598 1319 784 1389 φωνῆς
815 1319 1052 1388 ήκουσεν
1091 1320 1122 1371 6
1166 1318 1320 1382 Θεός.
1359 1318 1468 1371 Καὶ
1509 1318 1620 1390 γὰρ
1657 1319 1807 1385 ἄξιος
1852 1316 1922 1391 ἦν

320 1398 622 1454 ἀκούεσθαι
653 1400 927 1470 Στέφανος
963 1402 1058 1455 καὶ
1083 1401 1172 1455 διά
1206 1401 1307 1472 τὴν
1335 1401 1537 1473 ἀρετὴν
1568 1401 1784 1456 Παύλου
1821 1404 1919 1476 τήν

323 1481 630 1554 ἐσομένην,
691 1484 786 1537 καὶ
827 1483 918 1537 διὰ
960 1484 1168 1538 οἰκείαν
1206 1483 1524 1554 ὁμολογίαν,
1572 1486 1788 1554 Κύριε,
1829 1487 1917 1556 μὴ

319 1565 569 1635 στήσῃς
585 1567 790 1634 αὐτοῖς
816 1566 929 1635 τὴν
954 1566 1250 1636 ἁμαρτίαν
1271 1567 1517 1632 ταύτην.
1545 1565 1918 1624 ’Δκουέτωσαν

235 1709 240 1716 _
321 1647 438 1701 δσοι
476 1648 711 1721 ἐχθροὺς
740 1649 974 1720 έχουσιν,
1002 1650 1118 1702 ὅσοι
1156 1646 1623 1704 πλεονεκτοῦνται.
1659 1651 1778 1705 Κάν
1810 1653 1919 1725 γάρ

321 1731 499 1805 μυρία
539 1732 721 1806 πάθῃς
756 1733 934 1799 δεινά,
980 1732 1192 1787 οὐδέπω
1230 1731 1522 1804 ἐλιθάσθης
1546 1776 1562 1801 ,
1605 1735 1858 1809 καθάπερ
1889 1739 1919 1791 6

319 1813 617 1884 Στέφανος.
656 1816 766 1870 Καὶ
815 1817 915 1889 ὅρα
967 1815 1019 1868 τί
1074 1815 1306 1884 γίνεται.
1367 1815 1758 1889 Ἐνεφράττετο
1819 1820 1919 1889 μία

319 1900 534 1970 πηγὴή
572 1898 665 1952 τοῦ
698 1899 1007 1970 Στεφάνου,
1051 1899 1146 1953 καὶ
1187 1899 1436 1969 ὴνοίγετο
1481 1901 1646 1974 ἑτέρα
1692 1903 1918 1973 μυρίους

316 1981 545 2050 ἀφιεῖσα
589 1981 887 2054 ποταμούς.
948 1982 1168 2055 Ἐπειδὴ
1212 1983 1321 2054 γὰρ
1368 1985 1592 2056 ἐσίγησε
1626 1986 1689 2039 τὸ
1743 1987 1919 2058 στόμα

317 2066 622 2136 Στεφάνου,
668 2067 875 2138 ἧχησεν
926 2065 1129 2131 εὐθέως
1167 2068 1201 2138 ή
1257 2063 1502 2138 σάλπιγξ
1537 2068 1632 2122 τοῦ
1678 2069 1912 2126 Παύλου.

316 2147 514 2213 Οῦτως
562 2150 824 2203 οὐδέποτε
873 2149 903 2202 6
941 2148 1072 2213 Θεὸς
1119 2150 1202 2213 είς
1237 2149 1392 2214 τέλος
1444 2151 1915 2224 ἐγκαταλιμπάνει

314 2234 450 2296 τοὺς
476 2233 629 2304 αὐτῴ
666 2233 1127 2306 προστρέχοντας,
1153 2232 1292 2286 ἀλλά
1329 2233 1556 2304 μείζονα
1581 2228 1661 2290 ὧν
1685 2237 1917 2290 ἀποστε-

317 2315 512 2384 ροῦσιν
567 2318 619 2370 οἱ
660 2316 850 2387 ἐχθροὶ
896 2316 1110 2369 δίδωσιν
1155 2316 1321 2380 αὐτὸς
1367 2315 1438 2370 τὰ
1486 2317 1657 2388 δῶρα.
1695 2320 1768 2371 Οὐ
1806 2321 1916 2393 γὰρ

311 2399 569 2453 τοιοῦτον
609 2399 872 2464 ἐξέϐαλον
921 2397 1031 2452 ἀπὸ
1092 2397 1194 2469 τῆς
1259 2398 1538 2468 φάλαγγος
1581 2400 1916 2473 στρατιώτην

309 2487 558 2546 ἐκεῖνοι,
609 2478 721 2536 οἷον
765 2484 1162 2554 ἀντεισήγαγεν
1211 2485 1240 2536 6
1279 2483 1535 2556 Χριστός.
1577 2482 1812 2550 Σαῦλος
1849 2485 1916 2539 δὲ

308 2569 434 2623 ἐτι.
483 2569 593 2622 Καὶ
631 2567 759 2622 ἄλλο
791 2585 844 2622 τι
888 2567 1042 2641 δηλοῖ
1090 2567 1172 2632 τὸ,
1218 2569 1376 2632 Ἔτι,
1413 2567 1607 2622 τοῦτο’
1637 2563 1772 2634 οἷον,
1830 2571 1914 2624 δτι
1952 2629 1954 2631 ς

312 2652 400 2706 ἔτι
455 2652 804 2724 μαινόμενον,
849 2650 930 2704 ἔτι
973 2651 1362 2723 ἀγριαίνοντα,
1399 2649 1480 2704 ἔτι
1532 2652 1590 2706 ἐν
1630 2652 1784 2724 ἀκμῇ
1817 2652 1912 2706 τοῦ

311 2735 492 2807 θυμοῦ
549 2733 714 2800 ὄντα,
771 2735 853 2790 ἔτι
904 2733 981 2806 τῷ
1035 2735 1182 2806 φόνῳ
1240 2734 1434 2799 ζέοντα
1491 2735 1844 2789 ἐπεσπάσατο
1884 2737 1914 2788 6

312 2819 573 2893 Χριστός.
617 2819 752 2874 Οὐδὲ
780 2819 890 2890 γάρ
924 2818 1179 2888 ἀνέμεινε
1222 2818 1383 2891 λῆξαι
1416 2818 1496 2872 τὸ
1531 2820 1778 2891 νόσημα,
1820 2823 1913 2875 καὶ

315 2902 613 2974 σϐεσθῆναι
664 2903 726 2956 τὸ
769 2902 976 2965 πάθος,
1025 2901 1122 2954 καὶ
1172 2903 1477 2973 πραότερον
1519 2902 1775 2971 γενέσθαι
1821 2903 1912 2958 τὸν

312 2987 540 3060 ἄγριον,
573 2986 666 3041 καὶ
695 2985 869 3049 οῦτως
902 2984 1152 3038 εἵλκυσεν
1172 2999 1186 3014 °
1236 2984 1354 3037 ἀλλ’
1387 2987 1444 3036 ἐν
1469 2986 1608 3056 αὐτῇ
1643 2989 1710 3056 τῇ
1757 2987 1908 3058 ἀκμῇ

313 3070 416 3140 τῆς
451 3071 652 3142 μανίας
688 3069 850 3124 αὑτὸν
874 3066 1230 3140 ἐχειρώσατο,
1270 3068 1360 3120 ἵνα
1390 3067 1539 3140 δείξῃ
1575 3069 1674 3141 τὴν
1714 3069 1908 3122 ἐαυτοῦ

312 3157 572 3230 δύναμιν,
600 3159 682 3212 ὅτι
709 3159 768 3210 ἐν
794 3157 937 3230 μέσῃ
965 3160 1032 3228 τῇ
1071 3156 1302 3227 βακχεία
1331 3155 1450 3208 τότε
1485 3155 1670 3228 ἐκείνῃ
1697 3156 1911 3222 ζέοντος

313 3241 394 3296 ἔτι
424 3243 522 3296 τοῦ
560 3240 732 3314 θυμοῦ
774 3244 969 3314 κρατεί
1008 3242 1104 3295 καὶ⁵
1133 3239 1476 3312 περιγίνεται
1505 3239 1602 3292 τοῦ
1646 3239 1905 3298 διώκτου.

313 3328 426 3380 Καὶ
461 3325 571 3399 γάρ
613 3326 797 3399 ἰατρὸν
829 3327 952 3379 τότε
1001 3323 1358 3396 θαυμάζομεν
1386 3323 1642 3394 μάλιστα,
1671 3326 1798 3379 ὅταν
1826 3326 1912 3379 δυ-

312 3409 452 3481 νηθῇ
483 3410 576 3463 τὸν
605 3408 842 3480 πυρετὸν
874 3408 1165 3479 αἰρόμενον
1207 3407 1302 3460 καὶ
1335 3407 1435 3477 τὴν
1477 3407 1650 3477 φλόγα
1687 3408 1783 3462 τοῦ
1819 3427 1909 3464 v0-

317 3498 562 3566 σήματος
610 3489 778 3548 οὖσαν
808 3494 868 3546 ἐν
897 3492 1046 3564 ἄκρᾳ
1081 3491 1406 3563 σφοδρότητι
1449 3493 1785 3547 κατασϐέσαι
1815 3495 1908 3548 καὶ

314 3576 603 3641 παντελῶς
635 3578 932 3647 ἀφανίσαι·
964 3577 993 3629 6
1024 3577 1119 3630 καὶ
1153 3576 1248 3629 ἐπὶ
1280 3575 1375 3630 τοῦ
1413 3575 1629 3630 Παύλου
1662 3575 1902 3645 γέγονεν.

326 3665 414 3717 Ἐν
454 3663 609 3734 ἀκμῇ
657 3661 768 3732 γάρ
813 3661 976 3715 αὐτὸν
1018 3659 1150 3714 ὄντα
1187 3660 1287 3730 τῆς
1333 3659 1551 3730 φλογὸς,
1587 3659 1777 3731 ὥσπερ
1824 3679 1910 3724 τις

313 3748 508 3820 δρόσος
536 3744 744 3800 ἄνωθεν
772 3742 1187 3814 κατενεχθεῖσα,
1219 3745 1253 3815 ἡ
1285 3743 1441 3814 φωνὴ
1463 3741 1556 3797 τοῦ
1583 3743 1788 3815 Κυρίου
1813 3742 1907 3797 τοῦ

314 3833 622 3900 νοσήματος
651 3826 927 3899 ἀπήλλαξε
962 3825 1263 3889 παντελῶς.
1319 3825 1555 3891 Σαῦλος
1595 3824 1664 3878 δὲ
1692 3827 1780 3879 ἕτι
1809 3826 1909 3894 ἐμ-

314 3913 516 3969 πνέων
540 3909 798 3978 ἀπειλῆς
838 3910 936 3965 καὶ
970 3911 1162 3979 φόνου
1205 3911 1292 3974 είς
1319 3907 1460 3973 τοὺς
1493 3907 1764 3976 μαθητὰς
1801 3906 1908 3960 τοῦ

317 3997 561 4067 Κυρίου,
605 3996 788 4067 ἀφῆκε
825 3994 887 4048 τὺ
918 3993 1128 4062 πλῆθος
1149 4033 1164 4055 ,
1198 3991 1294 4045 καὶ
1326 3993 1437 4053 τοῖς
1469 3989 1697 4060 ἄρχουσι
1721 3988 1907 4042 λοιπὸν

313 4081 585 4153 ἐπεπήδα.
618 4080 830 4150 Ὥσπερ
862 4077 970 4148 γὰρ
991 4079 1020 4132 6
1045 4075 1265 4146 δένδρον
1289 4073 1903 4146 βουλόμενοςέκτεμεῖν,

313 4166 440 4228 τοὺς
482 4163 708 4227 κλάδους
744 4162 923 4231 ἀφεὶς,
973 4159 1221 4214 κάτωθεν
1261 4157 1521 4212 ἐκκόπτει
1579 4156 1682 4227 τὴν
1727 4155 1903 4228 ῥίζαν,

313 4248 457 4302 οῦτω
488 4247 553 4319 δὴ
580 4246 676 4301 καὶ
705 4239 860 4308 οὗτος
893 4244 986 4298 ἐπὶ
1006 4243 1134 4307 τοὺς
1169 4239 1418 4314 μαθητὰς
1442 4237 1598 4312 ἦλθε,
1619 4240 1718 4312 τήν
1748 4240 1905 4312 ῥίζαν

313 4331 405 4386 τοῦ
449 4329 803 4402 κηρύγματος
835 4326 1159 4398 βουλόμενος
1196 4325 1427 4379 ἀνελεῖν.

385 4480 551 4536 Ἀλλά
580 4481 682 4534 οὐκ
707 4474 848 4551 ἦσαν
885 4476 1032 4551 ῥίζαι
1053 4473 1144 4529 τοῦ
1179 4472 1535 4545 κηρύγματος
1557 4472 1605 4525 οἱ
1643 4471 1901 4541 μαθηταὶ,

314 4568 430 4621 ἀλλ’
464 4570 494 4621 6
533 4566 644 4619 τῶν
691 4562 948 4636 μαθητῶν
982 4557 1274 4627 Δεσπότης.
1318 4554 1419 4608 Διά
1457 4554 1614 4607 τοῦτο
1659 4555 1755 4607 καὶ
1786 4554 1896 4607 ἐλε-

315 4669 437 4720 γεν·
497 4648 639 4721 Ἐγώ
678 4651 795 4717 ειμι
833 4648 872 4715 ἡ
922 4644 1225 4715 ἄμπελος,
1272 4639 1443 4709 ὑμεῖς
1488 4639 1562 4692 τὰ
1603 4639 1899 4721 κλήματα.

327 4734 540 4808 ,Εκείνη
569 4720 642 4787 δὲ
688 4729 1132 4798 ἀκαταγώνιστος
1176 4727 1210 4797 ή
1264 4723 1408 4808 ῥίζα.
1454 4721 1552 4808 Διά
1595 4720 1755 4808 τοῦτο
1793 4723 1904 4808 ὅσῳ

315 4804 538 4874 πλείονα
561 4817 847 4886 ἐξέτεμνον
873 4813 1150 4883 κλήματα,
1168 4807 1407 4878 τοσούτῳ
1432 4806 1527 4859 καὶ
1555 4804 1772 4858 πλείονα
1809 4806 1905 4858 καί⁹

317 4903 538 4974 μείζονα
567 4901 726 4955 πάλιν
753 4897 1098 4952 ἐϐλάστανεν.
1123 4890 1425 4963 Ἑξετμήθη
1454 4888 1587 4974 γοῦν
1611 4887 1900 4974 Στέφανος,

315 4971 406 5042 καὶ
463 4984 834 5056 ἀνεϐλάστησε
891 4978 1102 5043 Παῦλος
1160 4979 1254 5032 καὶ
1301 4977 1349 5029 οί
1399 4973 1490 5028 διὰ
1543 4971 1754 5056 Παύλου
1797 4988 1903 5056 ,πι-

315 5070 658 5133 στεύσαντες.
731 5053 998 5138 Ἐγένετο
1042 5063 1141 5125 δὲ,
1192 5059 1390 5132 φησὶν.
1440 5057 1511 5111 ἐν
1548 5054 1628 5122 τῷ
1655 5053 1902 5126 ἐγγίζειν

317 5154 502 5209 αὑτὸν
525 5151 603 5222 τῇ
631 5149 950 5221 Δαμασκῷ,
993 5146 1285 5231 ἐξαίφνης
1316 5140 1771 5231 περιήστρρψξν
1796 5138 1902 5231 αξι-

314 5239 418 5291 τύν
442 5220 676 5308 φῶςῃέκ
708 5220 815 5289 τοῦ
851 5228 1136 5300 οὐρανοῦ,
1163 5225 1264 5281 καί
1291 5220 1626 5308 πεσὼνψὼῑὶ
1646 5220 1756 5308 τῆς
1773 5220 1901 5308 ἑτῇς

315 5302 558 5392 ἤκουσε
580 5317 792 5390 φωνὴν
823 5316 1130 5385 λέγουσαν
1174 5307 1356 5375 αὐτῷ,
1412 5305 1630 5392 Σαῦλε.
1668 5302 1897 5392 -Σαῦλε,

314 5386 370 5457 τι
394 5422 470 5475 με
506 5386 777 5471 διώκεις-ς
834 5401 991 5463 Τίνος
1029 5399 1214 5451 ἐνεκεν
1251 5393 1375 5462 οὐχὶ
1406 5389 1622 5475 πρῶτον
1656 5390 1690 5460 ή
1748 5386 1899 5475 φωνὴ

313 5471 548 5568 vim.
595 5485 740 5542 am
779 5484 1045 5568 πρότερογ
1099 5479 1214 5568 φῶς
1261 5475 1424 5568 «Mr
1453 5471 1897 5568 περιήστξειψεγς

310 5551 442 5626 "Iv;
625 5551 855 5641 ήσυχίας
899 5551 1106 5636 ἀκούσῃ
1150 5561 1250 5632 τῆς
1279 5558 1481 5629 φωνῆς.
1497 5639 1518 5641 Α,
1537 5554 1756 5641 Ἐπειδὴ
1790 5551 1900 5641 γὰρ

303 5661 340 5712 ἰ
366 5637 504 5726 πρός
527 5672 582 5709 τι
887 5648 1185 5720 τεταμένος
1229 5646 1324 5699 καὶ
1349 5639 1522 5713 θυμοῦ
1555 5639 1768 5726 πλήρης
1799 5637 1898 5726 διν,

316 5721 423 5792 κᾶν
459 5721 962 5810 μυρίοινκαλῶσιν,
1012 5731 1112 5782 οὐκ
1151 5727 1576 5794 ἐπιστρέφεται,
1629 5722 1748 5785 ὅλος
1796 5721 1897 5789 τῆς

641 5841 908 5900 hrum.
956 5834 1070 5894 Οιι.
1119 5831 1216 5892 ιι.

989 284 1074 339 λιιι
1116 284 1456 340 FERENDIS
1509 283 1942 340 REPREHENS.
1981 286 2072 341 ET
2112 286 2199 340 DE
2229 285 2492 344 MUTAT.
2524 286 2869 347 NOMINUM.
2911 286 3000 345 ΙΠ.
3117 241 3124 247 1

3519 290 3623 350 NO

2039 401 2406 473 προκειμένης
2435 401 2745 464 ὑποθέσεως
2776 401 2851 454 ὧν
2871 417 2885 432 ·
2931 402 3016 454 ἵνα
3054 400 3126 473 μὴ
3165 401 3259 456 καὶ
3286 402 3378 457 ἐπὶ
3407 405 3618 461 Παύλου

2033 485 2191 539 τοῦτο
2217 486 2463 557 γένηται,
2498 488 2590 539 καὶ
2622 485 2834 556 μεθύων
2860 488 2925 556 τῇ
2955 486 3122 558 μανίᾳ
3151 487 3260 541 τῶν
3284 485 3435 559 [126]
3461 505 3622 556 γεγε-

2030 569 2280 638 νημένων
2322 569 2760 641 παραπέμψηται
2805 570 2905 640 τὴν
2941 570 3144 641 φωνὴν,
3178 569 3212 641 ἢ
3244 570 3376 641 μηδέ
3410 571 3619 642 ἀκούσῃ

2029 653 2129 724 τὴν
2155 653 2349 724 ἀρχὴν,
2381 653 2478 724 τὴν
2506 653 2745 706 διάνοιαν
2771 652 2990 706 ἃπασαν
3027 653 3162 725 πρὸς
3193 655 3292 726 τὴν
3325 654 3619 725 λεηλασίαν

2029 734 2245 805 ἐκείνην
2280 738 2448 805 ἔχων,
2487 737 2752 807 πρότερον
2777 735 2866 788 διά
2893 735 2988 788 τοῦ
3020 737 3195 804 φωτὸς
3227 737 3491 808 πηρώσας
3519 737 3620 792 αύ-

2027 816 2120 870 τοῦ
2149 821 2272 882 τοὺς
2310 819 2640 890 ὀφθαλμοὺς,
2669 820 2762 872 καὶ
2792 819 2884 871 τὸν
2919 819 3086 890 θυμὸν
3109 821 3489 884 καταστείλας,
3521 822 3618 874 καὶ

2030 900 2229 963 σϐέσας
2261 901 2474 955 ᾶπαντα
2521 903 2618 971 τῆς
2653 902 2830 973 ψυχῆς
2858 902 2949 955 τὸν
2987 902 3235 973 θόρυϐον,
3278 904 3374 957 καὶ
3411 903 3616 974 πολλὴν

2026 984 2086 1036 ἐν
2115 987 2179 1055 τῇ
2221 985 2428 1056 διανοίᾳ
2472 986 2711 1057 γαλήνην
2753 987 3020 1057 ποιήσας,
3081 986 3224 1039 οὕτω
3268 987 3368 1059 τὴν
3429 987 3615 1059 φωνὴν

2027 1067 2259 1136 ἀφῆκεν,
2310 1070 2397 1122 ἵνα
2445 1070 2860 1141 κατενεχθείσης
2897 1070 2998 1138 τῆς
3030 1070 3346 1135 ἀλαζονείας
3376 1071 3613 1144 σώφρονι

2023 1151 2101 1222 τῷ
2131 1153 2375 1224 λογισμῷ
2405 1153 2650 1226 προσέχῃ
2675 1156 2790 1216 τοῖς
2817 1153 3133 1222 λεγομένοις
3161 1153 3365 1207 λοιπόν.
3393 1155 3610 1219 Σαῦλε,

2023 1235 2251 1298 Σαῦλε,
2310 1237 2366 1288 τί
2401 1254 2480 1304 με
2525 1235 2792 1302 διώκεις-ς
2838 1237 2912 1289 Οὐ
2955 1235 3208 1290 τοσοῦτον
3258 1237 3615 1304 ἐγκαλοῦντός

2023 1319 2191 1384 ἐστιν,
2241 1320 2364 1372 ὅσον
2410 1321 2870 1390 ἀπολογουμένου.
2929 1321 2994 1372 Τί
3041 1338 3107 1390 με
3139 1320 3397 1385 διώκειςς
3430 1321 3494 1373 Τί
3528 1338 3617 1390 μι-

2022 1403 2155 1474 κρὸν
2185 1403 2218 1474 ἢ
2248 1404 2389 1474 μέγα
2422 1405 2674 1474 ἐγκαλεῖν
2711 1405 2850 1475 έχων
2879 1405 3033 1473 ἐμοί;
3073 1404 3126 1456 τί
3167 1407 3296 1474 παρ’
3329 1403 3462 1473 ἐμοῦ
3494 1403 3613 1473 ἠδι-

2021 1488 2292 1558 κημένος;
2346 1490 2429 1543 ὅτι
2455 1491 2580 1552 τοὺς
2604 1490 2829 1559 νεκροὺς
2853 1488 3006 1558 ὑμῶν
3031 1489 3304 1558 ἀνέστησα
3327 1504 3340 1551 ;
3375 1489 3458 1540 ὅτι
3485 1489 3614 1549 τοὺς

2018 1571 2254 1644 λεπροὺς
2275 1574 2552 1645 ἐκάθηρας
2577 1575 2659 1626 ὃτι
2684 1575 2810 1636 τοὺς
2840 1572 3101 1644 δαίμονας
3123 1572 3410 1642 ἀπήλασας
3448 1570 3611 1625 Ἀλλά

2018 1656 2108 1709 διὰ
2164 1656 2334 1709 ταῦτα
2371 1655 2794 1728 προσκυνεῖσθαί
2849 1674 2949 1726 με,
3009 1656 3129 1725 οὐχὶ
3151 1653 3444 1708 διώκεσθαι
3477 1654 3607 1708 ἔδει.

2019 1739 2130 1794 Καλ⁸
2167 1739 2253 1794 ἵνα
2282 1740 2480 1815 μάθῃς,
2513 1741 2595 1793 ὃτι
2628 1740 2707 1804 τὸ,
2744 1740 2811 1794 Τί
2842 1757 2918 1808 με
2943 1737 3210 1804 διώκεις;
3243 1738 3612 1809 ἀπολογουμέ-

2018 1839 2110 1876 νου
2135 1823 2332 1894 μᾶλλόν
2353 1827 2522 1890 ἐστιν,
2537 1823 2766 1878 ἄκουσον
2783 1823 2899 1886 πῶς
2921 1823 3014 1875 καὶ
3036 1823 3264 1893 ὸΠατὴρ
3283 1820 3448 1875 αὐτοῦ
3469 1821 3604 1892 πρὸς

2017 1906 2145 1969 τοὺς
2178 1906 2463 1970 Ἰουδαίους
2505 1907 2679 1976 τούτῳ
2707 1907 2971 1977 κέχρηται
3013 1904 3094 1975 τῷ
3139 1906 3361 1976 ῥήματι.
3395 1905 3604 1975 ’Ὥσπερ

2017 1988 2127 2061 γὰρ
2150 1983 2305 2054 οὗτος
2329 1990 2498 2059 λέγει,
2517 1991 2735 2056 Σιιῦλε,
2754 1990 2970 2054 Σαῦλε,
3000 1990 3058 2043 τί
3077 2005 3154 2058 με
3174 1988 3404 2055 διώκεις
3423 2005 3440 2051 ;
3462 1987 3607 2042 οὕτω

2018 2074 2268 2137 κάκεῖνος
2314 2074 2448 2146 πρὸς
2477 2075 2604 2138 τοὺς
2641 2074 2928 2138 Ἰουδαίους
2976 2072 3106 2142 φησί
3132 2089 3146 2103 ο
3201 2073 3358 2136 Λαός
3378 2088 3518 2140 μου,
3551 2072 3610 2124 τί

2016 2155 2279 2224 ἐποίησά
2312 2173 2432 2221 σοι,
2461 2159 2500 2225 ἢ
2527 2159 2583 2211 τί
2601 2158 2884 2225 ἐλύπησὰ
2913 2171 3018 2219 σε;
3054 2155 3272 2218 Laius,
3299 2154 3517 2220 Σαῦλε,
3548 2154 3608 2207 τί

2011 2257 2090 2309 με
2120 2240 2385 2306 διώκεις;
2433 2243 2563 2295 Ἰδοὺ
2586 2244 2764 2295 κεῖσαι
2799 2239 3031 2312 πρηνὴς,
3054 2237 3163 2290 ἰδοὺ
3191 2236 3400 2289 δέδεσαι
3436 2238 3604 2306 χωρὶς

2019 2323 2276 2388 ἁλύσεως.
2320 2325 2532 2394 Ὥσπερ
2567 2320 2660 2378 οῦν
2706 2324 2834 2376 ὅταν
2870 2321 3136 2390 δεσπότης
3173 2319 3394 2391 οἰκέτην
3433 2319 3604 2373 πολλά

2018 2407 2416 2479 περιφεύγοντα
2435 2408 2528 2461 καὶ
2552 2408 2722 2479 μυρία
2746 2405 3113 2476 ἐργαζόμενον
3129 2402 3278 2456 δεινὰ
3296 2401 3476 2456 λαϐὼν
3495 2402 3604 2456 ὑπὸ

2015 2493 2226 2562 χεῖρας,
2254 2492 2349 2544 καὶ
2369 2491 2539 2561 δήσας
2563 2491 2712 2559 λέγοι
2741 2489 2880 2560 πρὸς
2907 2488 3070 2542 αὐτὸν
3097 2486 3403 2557 δεδεμένον,
3420 2485 3487 2539 Τί
3516 2502 3601 2539 σοι

2017 2573 2195 2644 βούλει
2232 2576 2443 2645 ποιήσω
2485 2573 2614 2639 νῦν;
2667 2573 2774 2627 ίδού
2813 2573 3044 2641 γέγονας
3070 2571 3406 2641 ύποχείριος’
3459 2569 3602 2622 οὕτω

2014 2659 2110 2712 καὶ
2147 2660 2175 2710 6
2194 2657 2429 2730 Χριστὸς
2459 2657 2549 2711 τὸν
2578 2655 2792 2710 Παῦλον
2815 2655 2996 2710 λαϐὼν
3017 2693 3031 2718 ,
3069 2653 3230 2724 ῥίψας
3264 2651 3476 2723 πρηνῆ,
3506 2653 3602 2706 καὶ

2013 2740 2157 2814 ὀρῶν
2185 2743 2454 2815 τρέμοντα
2497 2741 2589 2795 καὶ
2631 2740 2906 2794 δεδοικότα
2949 2739 3043 2792 καὶ
3084 2737 3238 2791 οὐδὲν
3268 2733 3602 2807 ἐργάζεσθαι

2011 2825 2334 2896 δυνάμενον,
2381 2825 2550 2896 φησί·
2597 2825 2824 2889 Σαῦλε,
2865 2823 3098 2884 Σαῦλε,
3127 2821 3183 2874 τί
3216 2835 3295 2888 με
3335 2818 3602 2884 διώκειςε

2013 2909 2124 2962 Ποῦ
2151 2905 2242 2962 οὖν
2287 2913 2314 2963 ό
2358 2908 2526 2979 θυμὸς
2561 2910 2766 2971 ἐκεῖνος
2795 2906 3043 2977 οἴχεται;
3084 2902 3186 2957 ποῦ
3230 2902 3286 2956 δέ
3327 2904 3361 2974 ή
3400 2901 3598 2972 μανίας

2013 2992 2116 3044 ποῦ
2148 2993 2204 3045 δὲ
2227 2995 2255 3046 6
2294 2992 2452 3060 ζῆλος
2479 2991 2507 3042 6
2529 2991 2793 3061 άκαιρος;
2827 2989 2929 3043 ποῦ
2953 2988 3021 3041 τὰ
3041 2986 3216 3057 δεσμά
3245 2987 3339 3040 καὶ
3361 2987 3416 3038 αί
3444 3002 3599 3057 περι-

2009 3076 2239 3148 δρομαῖς
2284 3075 2388 3129 ποῦ
2419 3077 2475 3129 δέ
2510 3079 2542 3146 ή
2595 3076 2859 3146 ἀγριότης
2899 3074 3118 3143 ἐκείνης
3162 3071 3440 3140 Ἀκίνητος
3497 3069 3598 3139 μέν

2011 3161 2108 3232 εσῃ
2133 3161 2248 3224 νῦν,
2280 3159 2375 3212 καὶ
2406 3159 2525 3211 οὐδέ
2567 3158 2691 3210 ίδεῖν
2724 3157 2816 3209 τὸν
2847 3157 3174 3225 διωκόμενον
3205 3153 3430 3206 δύνασαι
3455 3171 3468 3184 ·
3501 3153 3600 3206 καὶ

2011 3247 2040 3298 6
2071 3243 2315 3298 σπεύδων
2361 3243 2455 3295 καὶ
2499 3239 2774 3310 πανταχοῦ
2823 3238 3198 3308 περιτρέχων,
3249 3235 3596 3307 χειραγωγοῦ

2009 3327 2198 3400 χρείαν
2224 3325 2368 3397 ἔχεις
2396 3323 2513 3378 νῦν.
2547 3323 2644 3377 Διά
2670 3321 2780 3392 γὰρ
2805 3319 2962 3374 τοῦτο
2990 3320 3082 3373 καὶ
3115 3320 3209 3372 νῦν
3228 3335 3390 3388 φησιν
3423 3318 3595 3389 αὐτῷ,

2010 3416 2076 3469 Τί
2123 3433 2189 3487 με
2227 3414 2473 3478 διώκεις;
2527 3413 2612 3465 ἵνα
2647 3411 2794 3484 μάθῃ
2823 3410 2904 3463 ὅτι
2933 3410 3028 3462 καὶ
3066 3411 3122 3461 ἐν
3155 3407 3232 3478 τῷ
3261 3407 3369 3478 πρὸ
3399 3407 3594 3459 τούτου

2009 3506 2186 3578 χρόνῳ
2222 3502 2362 3558 ἑκὼν
2393 3500 2543 3571 αὐτῷ
2578 3499 2899 3571 συνεχώρει·
2949 3498 3030 3551 ὅτι
3061 3495 3182 3550 οὐτε
3213 3497 3394 3549 ἐκεῖνα
3428 3494 3594 3548 ἀσθε-

2009 3596 2157 3659 νείας
2185 3591 2274 3666 ἦν,
2311 3592 2434 3647 οὐτε
2453 3591 2626 3646 ταῦτα
2649 3589 2951 3661 ὠμότητος,
2978 3586 3112 3641 ἀλλά
3132 3587 3226 3641 καὶ
3264 3587 3448 3640 ἐκεῖνα
3477 3585 3598 3656 φιλ-

2009 3683 2346 3758 ανθρωπίας,
2378 3682 2472 3736 καὶ
2497 3679 2669 3736 ταῦτα
2699 3678 3044 3750 κηδεμονίας.
3073 3676 3140 3731 Τί
3167 3673 3262 3730 οὖν
3294 3676 3323 3728 6
3352 3674 3596 3741 Παῦλος,

2015 3775 2110 3840 Τίς
2127 3770 2200 3840 εἴ,
2222 3773 2399 3841 Κύριε
2421 3788 2438 3835 ;
2478 3770 2724 3839 Ἐπέγνω
2747 3769 2846 3840 τὴν
2865 3766 3182 3822 δεσποτείαν
3213 3765 3321 3820 ἀπὸ
3345 3765 3444 3835 τῆς
3469 3781 3598 3833 συγ-

2008 3864 2325 3933 χωρήσεως,
2360 3858 2531 3930 ἔμαθε
2575 3857 2670 3929 τὴν
2704 3856 2934 3926 δύναμιν
2974 3854 3084 3909 ἀπὸ
3112 3853 3210 3922 τῆς
3246 3852 3369 3906 τότε
3414 3852 3599 3924 πηρώ-

2011 3967 2168 4012 σεως,
2195 3947 2448 4019 ὁμολογεῖ
2475 3947 2662 3999 λοιπὸν
2691 3943 2790 4014 τὴν
2835 3942 3105 4006 ἐξουσίαν.
3151 3941 3243 4007 Τίς
3272 3935 3346 4004 ετ,
3372 3942 3551 4008 Κύριε
3575 3959 3596 4006 ;

2007 4032 2161 4099 Εἶδες
2203 4034 2381 4105 ψυχὴν
2429 4031 2782 4102 εὐγνώμονας
2835 4027 2974 4092 εἶδες
3001 4028 3237 4081 διάνοιαν
3281 4026 3596 4100 ἐλευθερίας

2006 4125 2316 4195 γέμουσανς
2369 4116 2507 4181 εἶδες
2556 4117 2794 4182 συνειδὸς
2829 4116 3155 4181 ἀδέκαστονς
3204 4115 3319 4168 Οὐκ
3355 4115 3596 4169 ἀντέιιξιιι⁹

2007 4230 2130 4280 νεν,
2194 4211 2294 4266 οὐκ
2337 4209 2738 4279 ἐφιλονείκησεν
2762 4247 2776 4272 ,
2845 4205 2959 4260 ἀλλ’
3005 4204 3146 4274 ἔγνω
3185 4203 3276 4257 τὸν
3317 4201 3597 4274 Δεσπότην

2006 4301 2227 4365 εὐθέως.
2273 4299 2348 4354 οο
2395 4297 2647 4368 καθάπερ
2693 4297 2934 4350 Ἰουδαῖοι
2964 4294 3190 4365 νεκροὺς
3218 4291 3450 4363 ὁρῶντες
3495 4293 3600 4345 ἀν-

2009 4391 2330 4461 ισταμένους
2352 4429 2368 4454 ,
2425 4387 2635 4458 πηρούς
2698 4383 3137 4445 ἀναϐλέποντας,
3207 4380 3442 4450 λεπροὺς
3497 4395 3596 4433 και

2006 4479 2365 4552 θαιρομένους
2385 4519 2400 4542 ,
2431 4478 2492 4530 οὐ
2520 4477 2677 4546 μόνον
2701 4473 2762 4526 οὐ
2781 4472 3142 4542 προσέτρεχον
3165 4468 3244 4539 τῷ
3269 4466 3444 4523 ταῦτα
3469 4483 3595 4522 ποι-

2005 4568 2174 4632 οῦντι,
2218 4567 2353 4622 ἀλλά
2390 4566 2483 4618 καὶ
2536 4562 2734 4616 πλάνον
2772 4559 2933 4613 αὐτὸν
2975 4557 3204 4611 ἐκάλουν
3229 4596 3243 4620 ,
3289 4557 3383 4610 καὶ
3415 4555 3596 4610 πάντα

2003 4656 2204 4728 τρόπον
2234 4651 2525 4722 ἐπιϐουλῆς
2546 4649 2755 4703 ἐκίνουν
2773 4665 2787 4680 ·
2836 4647 2950 4700 ἀλλ’
2981 4647 3081 4716 οὐχ
3113 4647 3143 4698 ὀ
3161 4644 3373 4709 Παῦλος
3397 4642 3591 4710 οὕτως,

2004 4741 2121 4795 ἀλλ’
2162 4740 2365 4803 εὐθέως
2411 4735 2736 4810 μετετίθετο.
2805 4735 2870 4788 Τί
2913 4730 3004 4788 οὖν
3054 4735 3083 4787 6
3121 4731 3388 4804 Χριστός;
3455 4733 3596 4804 Ἐγώ

2003 4833 2121 4901 ειμι
2153 4828 2416 4898 Ἰησοῦς,
2466 4827 2538 4880 ὃν
2586 4825 2668 4880 σὺ
2707 4823 2957 4890 διώκεις.
3013 4823 3122 4878 Καὶ
3174 4822 3262 4878 διὰ
3301 4823 3353 4876 τί
3398 4824 3472 4896 μὴ
3517 4819 3596 4876 εἷς

2006 4936 2140 4984 πεν,
2175 4914 2318 4985 Ἐγώ
2333 4913 2445 4982 ειμι
2472 4913 2679 4985 Ἰησοῦς
2718 4915 2746 4966 ὁ
2778 4912 3050 4976 ἀναστὰς,
3097 4911 3209 4980 ἐγώ
3237 4913 3352 4982 είμι
3383 4911 3595 4981 Ἰησοῦς

2005 5009 2065 5062 ἐν
2097 5007 2252 5078 δεξιᾷ·
2291 5003 2384 5059 τοῦ
2424 5002 2559 5058 Θεοῦ
2608 5002 2917 5074 καθήμενος
2936 5041 2951 5066 ,
2974 5000 3090 5055 ἀλλ’
3110 5041 3124 5066 ,
3170 4998 3317 5070 Ἐγώ
3336 5002 3453 5069 ειμι
3476 5000 3596 5064 ’Ῑηο

2004 5097 2158 5163 σοῦς
2179 5133 2194 5162 ,
2228 5093 2300 5148 ὃν
2347 5093 2429 5146 σὺ
2470 5092 2740 5158 διώκειςς
2773 5091 2892 5145 Ἵνα
2921 5089 3100 5160 πλήξῃ
3134 5087 3296 5142 αὐτοῦ
3335 5085 3436 5160 τὴν
3475 5084 3598 5139 διά-

2004 5202 2177 5251 νοιαν,
2206 5183 2295 5236 ’ίνα
2321 5180 2597 5256 κατανύξῃ
2619 5177 2784 5234 αὐτοῦ
2817 5178 2916 5249 τὴν
2943 5177 3139 5248 ψυχήν.
3167 5176 3434 5228 Ἀκουσον
3459 5169 3592 5242 γοῦν

2004 5273 2219 5329 Παύλου
2257 5269 2395 5342 μετά
2437 5269 2663 5333 πολλοὺς
2702 5268 2826 5330 τοὺς
2871 5266 3096 5338 χρόνους
3132 5262 3223 5316 καί⁵
3256 5259 3422 5334 μυρία
3460 5276 3592 5317 κατ-

2003 5361 2298 5436 ορθώματα
2319 5359 2478 5415 τοῦτο
2500 5356 2823 5431 θρηνοῦντος
2843 5374 2856 5387 ·
2911 5352 3052 5423 Ἐγὼ
3078 5351 3187 5422 γάρ
3225 5352 3360 5420 ειμι,
3402 5347 3588 5436 φησιν,

2003 5431 2047 5506 δ’
2065 5431 2389 5516 ἐλάχιστος
2422 5444 2574 5519 [125]
2628 5443 2871 5498 πάντων
2915 5440 3034 5495 τῶν
3081 5438 3475 5497 ἀποστόλων,
3520 5431 3591 5498 ὃς

2002 5541 2112 5592 οὐκ
2137 5535 2253 5606 είμὶ
2273 5535 2478 5600 ἱκανὸς
2498 5531 2807 5586 καλεῖσθαι
2827 5530 3191 5592 ἀπόστολος,
3205 5523 3354 5578 διότι
3373 5520 3589 5585 ἐδίωξα

2002 5625 2120 5693 τὴν
2155 5623 2545 5691 Ἐκκλησίαν.
2604 5621 2667 5673 Εἰ
2695 5618 2750 5671 δέ
2795 5619 2932 5688 μετὰ
2969 5615 3138 5686 μυρία
3189 5610 3592 5681 κατορθώματα

2005 5715 2098 5768 καὶ
2147 5709 2434 5772 τοσούτους
2476 5708 2700 5778 χρόνους
2744 5705 2899 5759 τοῦτο
2929 5701 3178 5764 ἐπένθει,
3232 5702 3285 5756 τί
3333 5697 3476 5764 είκδς
3520 5701 3590 5779 ἦν

3183 5809 3222 5870 9
