4096 6222
1757 93 1912 114 ’κέ-ταν*
1935 97 1958 104 -

447 245 558 300 1n

444 362 614 414 αὑτὸν
637 359 826 414 παθεῖν
845 358 985 412 κατά
1005 358 1096 412 τὸν
1114 359 1302 430 καιρὸν
1330 361 1555 420 ἐκεῖνον,
1578 359 1905 431 κατόρθωμα
1933 360 2031 430 μὲν

412 416 666 517 ξούδέπω
691 442 841 496 οὐδὲν
867 441 1080 512 ἔχοντα,
1099 440 1198 512 τὴν
1211 416 1282 494 ’δὲ
1313 441 1495 505 δίωξιν
1525 416 1701 511 ἐαυτῷ
1715 416 2003 496 ⁸συνειδότα
2019 481 2032 506 ,

452 528 549 582 καὶ
576 527 674 598 τῆς
703 528 884 596 φωνῆς
913 524 1124 593 ἐκείνης
1157 522 1452 587 ἀκούοντα;

512 610 589 665 ε’.
619 608 757 662 Ἀλλ’
779 605 1099 676 ἐπιφύονται
1119 607 1251 677 ἡμῖν
1269 605 1520 659 ἐνταῦθα·
1547 607 1704 676 ὑμεῖς
1724 607 1780 660 δὲ
1800 607 2035 678 μὴιάπο-

449 695 692 762 κάμητε,
725 691 832 744 κᾶν
863 689 1071 761 ἑσπέρα
1103 687 1394 740 καταλάϐοι
1413 704 1426 717 ·
1476 688 1617 760 ὑπὲρ
1645 692 1754 759 γὰρ
1779 689 1872 742 τοῦ
1899 688 2038 742 Παύ-

454 775 677 837 λουπᾶς
707 776 838 845 ἡμῖν
868 775 896 825 6
926 771 1084 840 λόγος
1106 810 1120 835 ,
1167 769 1381 824 Παύλου
1424 770 1517 824 τοῦ
1574 772 1814 841 τριετίαν
1859 771 2037 826 νύκτα

457 857 800 928 καὶ-ἡμέραν
823 855 963 918 τοὺς
1005 852 1250 924 μαθητὰς
1272 853 1642 918 διδάσκοντος.
1687 854 2038 924 Ἐπιφύονται

440 941 634 993 ιτοίνυν
664 938 808 998 τινὲς
828 937 1082 1003 ἐνταῦθα,
1107 937 1210 991 -καὶ
1239 936 1454 1005 λέγουσι
1477 952 1493 968 ·
1533 939 1642 991 Kal
1666 936 1723 990 τί
1758 939 1922 1008 μέγα,
1957 941 2037 992 ὃτι

442 1021 667 1085 ιΠαῦλος
697 1020 1004 1092 προσῆλθες
1047 1021 1140 1074 καὶ
1166 1019 1275 1092 γὰρ
1307 1022 1590 1092 μονονουχὶ
1613 1021 1800 1094 ὥσπερ
1831 1026 2037 1094 σχοῖνον

457 1103 767 1177 περιϐαλὼν
813 1104 976 1157 αὑτοῦ
1027 1103 1106 1173 τῷ
1154 1103 1408 1175 τραχήλῳ
1450 1106 1478 1158 6
1527 1103 1658 1168 Θεὸς
1702 1104 1800 1176 τὴν
1853 1107 2037 1176 φωνὴν

458 1187 707 1257 ἐκείνην,
756 1186 927 1250 οὕτως
969 1185 1132 1238 αὑτὸν
1181 1186 1395 1239 εἵλκυσε
1437 1187 1572 1258 πρὸς
1605 1188 1815 1241 ἐαυτόν.
1863 1188 2037 1258 Προσο

456 1270 607 1340 ἔχετε
639 1270 775 1340 μετά
820 1268 1124 1340 ἀκριϐείας.
1186 1270 1296 1322 Kal
1339 1271 1447 1340 γὰρ
1478 1271 1574 1324 καὶ
1607 1269 1743 1341 πρὸς
1769 1269 2038 1342 Ἕλληνας

455 1353 635 1415 κοινὸς
684 1353 814 1422 ἡμῖν
840 1347 994 1415 οὗτος
1023 1354 1050 1403 ὁ
1081 1351 1268 1418 λόγος,
1317 1353 1411 1405 καὶ
1445 1353 1581 1424 πρὸς
1620 1353 1935 1416 Ἰουδαίους,
1986 1353 2034 1404 οῖ

433 1437 555 1506 τῆς
587 1435 791 1498 οἰκείας
837 1435 1095 1498 ἀπιστίας
1138 1437 1508 1507 προκάλυμμα
1547 1435 1856 1507 νομίζουσιν
1898 1434 2035 1489 εἶναι

434 1519 514 1571 ττὸ
559 1517 654 1574 τοῦ
691 1518 899 1571 δικαίου
939 1522 1295 1592 κατηγορεῖν,
1340 1521 1441 1574 οὑκ
1470 1521 1670 1584 εἰδότες
1711 1521 1792 1574 ὄτι
1842 1520 2035 1591 διπλῆν

443 1601 858 1672 ,ἁμαρτάνουσιν
888 1601 1190 1672 ἁμαρτίαν,
1235 1603 1335 1674 τήν
1379 1620 1439 1655 τε
1472 1603 1676 1656 οίκείαν
1708 1604 1808 1656 οὑκ
1846 1603 2034 1656 ἀποτι-

430 1685 670 1755 -θέμενοι
728 1684 954 1756 πλάνην,
995 1687 1087 1739 καὶ
1131 1686 1221 1740 τὸν
1260 1687 1415 1754 άγιον
1467 1686 1561 1739 τοῦ
1589 1686 1720 1742 Θεοῦ
1759 1686 2036 1751 τοιαύταις

443 1766 653 1830 αἰτίαις
685 1767 1006 1822 ὑποϐάλλειν
1034 1769 1458 1840 ἐπιχειροῦντες.
1513 1769 1651 1822 Ἀλλ’
1696 1772 1858 1841 ἡμεῖς
1895 1770 2034 1841 ὑπὲρ

436 1849 616 1905 ,αὑτοῦ
667 1851 766 1921 τὴν
804 1850 1101 1919 ἀπολογίαν
1147 1854 1214 1922 τῇ
1264 1853 1358 1904 τοῦ
1402 1851 1537 1905 Θεοῦ
1587 1854 1767 1924 χάριτι
1820 1853 2034 1923 ποιησό-

436 1933 613 2002 ιμεθα.
669 1933 766 1997 Τίς
805 1930 896 1988 οὖν
934 1935 1081 1990 ἐστιν
1111 1935 1143 1995 ἡ
1171 1936 1504 2007 κατηγορία;
1552 1936 1811 2008 Ἀνάγκη,
1847 1935 2029 2006 φησὶν,

443 2017 615 2070 αὑτὸν
642 2018 990 2091 ἐπεσπάσατο
1021 2021 1048 2070 6
1089 2017 1238 2081 Θεός.
1291 2019 1428 2088 Ποία⁹
1465 2018 1700 2090 ἀνάγκη,
1748 2019 2031 2090 ἄνθρωπε;

433 2109 436 2112 ‘
465 2098 751 2152 Ἐκάλεσεν
777 2099 938 2152 αὑτὸν
963 2099 1186 2154 ἄνωθεν.
1220 2100 1394 2164 ’Όλως
1417 2099 1709 2165 πιστεύεις,
1745 2101 1825 2155 ὅτι
1847 2100 2036 2154 ἐκάλε-

456 2199 546 2235 σεν
585 2183 748 2236 αὑτὸν
779 2183 984 2238 ἄνωθεν
1009 2200 1024 2252 ;
1064 2183 1273 2237 Οὐκοῦν
1303 2183 1398 2236 καὶ
1429 2184 1486 2236 σὲ
1525 2184 1680 2236 καλεῖ
1703 2185 1940 2255 τήμερον
1966 2183 2032 2236 δι’

449 2266 668 2339 ἐκείνης
706 2267 806 2338 τῆς
844 2269 1058 2339 φωνῆς,
1102 2267 1214 2320 ἀλλ’
1248 2267 1347 2338 οὑχ
1386 2267 1700 2332 ὑπακούεις.
1749 2269 1911 2340 Ὁρᾷς
1952 2269 2033 2322 ὅτι

431 2349 572 2421 τούχὶ
599 2349 843 2422 ἀνάγκης
862 2345 931 2420 ἦν
963 2349 1023 2403 τὸ
1053 2351 1316 2420 πρᾶγμα;
1343 2351 1405 2403 Et
1443 2351 1550 2422 γάρ
1576 2351 1788 2423 ἀνάγκη
1827 2347 1916 2422 ἦν,
1941 2353 2036 2406 καὶ

433 2431 516 2484 ,σὲ
553 2431 662 2486 ἔδει
695 2432 992 2487 ὑπακούειν
1016 2449 1030 2464 ’
1083 2434 1132 2486 εί
1162 2433 1218 2486 δὲ
1247 2433 1312 2485 σὺ
1339 2433 1436 2502 οὑχ
1463 2433 1777 2501 ὑπακούε-ις,
1815 2432 2034 2504 εύδηλον

430 2514 533 2567 ,ὃτι
555 2516 805 2578 κάκεῖνος
839 2517 904 2568 ἐκ
929 2514 1302 2585 προαιρέσεως
1331 2517 1630 2586 ὑπήκουσε.
1665 2517 1777 2570 Kal
1810 2517 1894 2570 ῖνα
1932 2517 2036 2587 μά-

431 2593 584 2667 θητε
603 2597 687 2650 6::
716 2596 850 2650 πολὺ
877 2596 975 2667 μὲν
1009 2597 1089 2658 είς
1105 2597 1203 2667 τὴν
1226 2597 1439 2651 Παύλου
1464 2598 1785 2669 σωτηρίανή
1817 2599 2030 2670 κλῆσις,

433 2680 703 2752 ,καθάπερ
731 2680 827 2735 καὶ
864 2682 943 2744 είς
974 2678 1070 2753 τὴν
1097 2679 1206 2734 τῶν
1234 2679 1407 2735 ἀλλων
1432 2682 1686 2735 ἁπάντων
1711 2681 2032 2753 ἀνθρώπων,

433 2764 513 2817 ,οὑ
567 2765 674 2835 μὴν
737 2764 938 2836 ἔρημον
977 2763 1155 2819 ..αὑτὸν
1219 2763 1432 2835 ἀφῆκεν
1479 2760 1619 2819 εἶναι
1667 2765 1773 2819 τῶν
1818 2766 2034 2820 οἰκείων

436 2846 892 2917 ,κατορθωμάτων
940 2846 1036 2900 καὶ
1070 2847 1176 2900 τῶν
1211 2846 1303 2920 ,διὰ
1341 2847 1440 2917 τὴν
1492 2845 1743 2918 βούλησιν
1777 2847 2032 2911 ἐπαίνων,

451 2928 570 2981 οὐδὲ
613 2928 920 3000 ἐλυμήνατο
960 2929 1123 2984 αὑτοῦ
1171 2929 1234 2983 :6
1289 2929 1668 2996 αὐτεξούσιον,
1732 2931 1845 2984 ἀλλ’
1894 2930 2035 2984 ἐκὼν

451 3011 754 3083 προσῆλθεν
782 3008 936 3077 οὑτος
979 3014 1073 3067 καὶ
1126 3012 1184 3080 ἐξ
1209 3013 1415 3075 οἰκείας
1498 3013 1947 3084 εὐγνωμοσύνης,
1975 3014 2033 3081 ἐξ

451 3093 637 3166 ἐτέρου
663 3095 1519 3168 παραδείγματος-τοῦτο.ποιήσω
1548 3097 1801 3168 φανερόν.
1829 3097 2033 3150 Ἤκου-

429 3193 551 3231 μσαν
587 3179 639 3234 οί
675 3179 912 3233 Ἰουδαῖοι
949 3181 1132 3250 φωνῆς
1175 3179 1381 3236 ἄνωθεν
1427 3179 1755 3250 φερομένης,
1790 3180 1908 3250 οὑχὶ
1937 3180 2029 3234 τοῦ

450 3259 612 3325 Υίοῦ,
640 3261 777 3316 ἀλλὰ
804 3262 898 3316 τοῦ
931 3264 1146 3333 Πατρός
1165 3302 1180 3326 ,
1222 3263 1350 3333 περὶ
1383 3261 1475 3315 τοῦ
1508 3262 1742 3332 Χριστοῦ
1769 3263 2034 3334 λεγούσης

424 3344 710 3414 ..περὶτῶν
746 3346 1045 3419 Ἰορδανίων
1078 3346 1310 3418 ῥείθρων
1335 3359 1383 3412 α,
1423 3341 1610 3411 Οὗτός
1640 3346 1812 3399 ἐστιν
1833 3349 1865 3400 ὀ
1901 3349 2033 3412 Υἱός

443 3445 562 3498 μου
596 3432 629 3482 ὀ
653 3430 976 3498 ἀγαπητὸς,
1009 3431 1105 3483 καὶ
1131 3428 1381 3498 λέγουσιν
1413 3431 1607 3482 ἐκεῖνοι
1656 3426 1844 3496 Οὗτός
1862 3430 2034 3484 ἐστιν

443 3514 482 3564 ὁ
513 3510 764 3576 πλάνος.
799 3507 953 3575 Εἶδες
983 3511 1214 3581 φανερὸν
1247 3511 1512 3581 πόλεμονς
1560 3507 1695 3574 εἶδες
1723 3513 1888 3583 δήλην
1930 3513 2032 3583 μά-

446 3610 590 3664 χην;
632 3587 770 3656 εἶδες
809 3594 891 3646 ὅτι
940 3593 1214 3664 πανταχοῦ
1264 3593 1682 3665 εὐγνωμοσύνης
1712 3596 1886 3666 χρεία,
1937 3599 2030 3650 καὶ

425 3675 626 3745 ζψυχῆς
653 3673 984 3748 ἀδεκάστου,
1025 3677 1118 3729 καὶ
1150 3676 1224 3747 μὴ
1249 3675 1801 3748 προκατειλημμένης
1829 3679 2025 3744 πάθεις

453 3755 594 3808 Ἶδοὺ
624 3755 719 3810 καὶ
748 3758 864 3811 ἐκεῖ
887 3757 1058 3829 φωνὴ,
1085 3758 1316 3812 ἐνταῦθα
1349 3758 1534 3830 φωνή·
1569 3758 1682 3812 ἀλλ’
1706 3761 1734 3813 6
1763 3760 1862 3831 μὲν
1881 3763 2030 3814 ἐπεί-

421 3840 604 3905 “06:0,
642 3840 691 3892 οἱ
735 3839 792 3894 δέ
824 3841 1128 3910 ἀντέλεγον.
1180 3842 1290 3896 Kal
1317 3841 1437 3912 οὑχὶ
1476 3843 1628 3914 φωνὴ
1662 3843 1850 3914 μόνον,
1893 3845 2029 3900 ἀλλὰ.

427 3929 541 3982 -καὶ
587 3926 649 3982 :6
696 3925 918 3996 Πνεῦμα
968 3926 1024 3980 ἐν
1078 3925 1208 3979 εῖδει
1251 3931 1598 4000 περιστερᾶς.
1655 3929 1872 4001 Ἐπειδὴ
1919 3931 2027 4003 γὰρ

444 4010 704 4077 ἐϐάπτιζε
755 4011 851 4082 μὲν
889 4009 1166 4081 Ἰωάννης,
1222 4009 1544 4076 ὲϐαπτίζετο
1586 4012 1644 4066 δὲ
1693 4013 1722 4065 6
1771 4014 2021 4084 Χριστὸς,

445 4095 531 4149 ῖνα
560 4095 634 4166 μὴ
663 4093 740 4165 τῷ
771 4093 1096 4164 ἀνθρωπίνῳ
1121 4094 1362 4164 σχήματι
1399 4096 1778 4169 προσέχοντες,
1807 4095 1898 4149 τὸν
1929 4095 2027 4166 βα-

443 4177 706 4243 πτίζοντα
737 4176 957 4247 μείζονα
988 4179 1082 4227 τοῦ
1109 4174 1504 4248 βαπτιζομένου
1540 4176 1678 4231 εῖναι
1709 4178 2020 4248 νομίσωσιν,

441 4257 657 4334 ἦλθενή
687 4258 840 4331 φωνὴ
864 4257 1052 4312 τοῦτον
1073 4258 1168 4312 ἀπ’
1190 4259 1398 4312 ἐκείνου
1419 4260 1717 4330 διαιροῦσα.
1747 4261 1856 4314 Kal
1879 4262 2024 4314 ἐπει-

443 4342 509 4416 δὴ
537 4341 731 4414 ἄδηλον
755 4336 824 4413 ἦν
854 4341 983 4413 περὶ
1010 4340 1154 4403 τίνος
1191 4340 1376 4411 ἔλεγεν
1402 4344 1432 4413 η
1468 4342 1618 4413 φωνὴ
1643 4342 1780 4412 ὅπερ
1813 4341 2018 4412 ἔλεγεν,

441 4421 572 4499 ἦλθε
602 4428 695 4481 καὶ
715 4427 776 4480 τὸ
797 4425 1022 4497 Πνεῦμα
1043 4425 1104 4479 :6
1132 4424 1286 4494 ἅγιον
1313 4427 1372 4478 ἐν
1400 4425 1530 4478 εῖδει
1554 4426 1896 4495 περιστερᾶς,
1922 4425 2021 4497 τὴν

436 4513 628 4583 φωνὴν
677 4511 771 4564 ἐπὶ
815 4511 913 4583 τὴν
961 4509 1202 4580 κεφαλὴν
1248 4509 1404 4562 ἓλκον
1438 4506 1531 4562 τοῦ
1577 4507 1832 4579 Χριστοῦ.
1879 4509 2019 4562 Ἀλλ’

437 4596 592 4664 ὅμως
631 4596 725 4648 καὶ
771 4593 861 4648 διὰ
905 4593 1088 4662 φωνῆς
1133 4591 1294 4645 αὑτὸν
1327 4589 1596 4661 ἐκήρυξε,
1656 4592 1749 4644 καὶ
1791 4591 1878 4644 6:3:
1923 4592 2016 4646 τοῦ

424 4678 762 4749 ιΠνεύματος
789 4676 977 4743 ἔδειξε,
1003 4676 1095 4729 καὶ
1126 4675 1264 4746 μετά
1289 4675 1445 4728 τοῦτο
1468 4675 1559 4727 καὶ
1583 4674 1834 4746 Ἰωάννης
1864 4676 2013 4738 ἐϐόα,

440 4765 524 4818 ὅτι
554 4764 675 4817 Οὐκ
702 4761 820 4830 ειμι
852 4759 1058 4825 ἱκανὸς
1102 4759 1287 4813 αὐτοῦ
1318 4759 1505 4813 λῦσαι
1534 4757 1639 4812 τὸν
1671 4757 1883 4828 ἱμάντα
1911 4761 2016 4814 τοῦ

426 4843 993 4915 ,ὑποδήματοςοηκαὶ
1047 4842 1215 4914 μυρία
1263 4841 1426 4914 ιτερα
1473 4843 1566 4895 καὶ
1602 4841 1690 4896 διά
1734 4843 2013 4914 ῥημάτων,

386 4930 395 4939 ’
433 4931 536 4985 ,καὶ
556 4928 644 4983 διὰ
668 4927 1005 5000 πραγμάτων
1031 4925 1304 4998 μαρτύρια
1320 4923 1554 4992 ἐγένετο,
1574 4923 1669 4976 καὶ
1690 4925 1826 4995 πρὸς
1846 4924 2018 4979 ᾶπαν-

434 5031 506 5068 τα
558 5009 1024 5082 ἀπετυφλώθησαν
1057 5029 1069 5041 ·
1131 5007 1330 5080 μᾶλλον
1372 5006 1428 5059 δὲ
1473 5006 1651 5060 πάντα
1705 5005 1857 5080 [126]
1917 5009 2017 5079 μὲν

433 5094 748 5169 συνεώρων,
781 5093 954 5148 οὑδενῖ⁸
991 5093 1046 5146 δὲ
1073 5091 1181 5144 τῶν
1200 5089 1526 5160 λεγομένων,
1563 5089 1683 5142 ούδέ
1713 5083 1820 5143 τῶν
1850 5107 2018 5162 πρατ.

436 5181 680 5252 τομένων
706 5177 1012 5242 ἐπείθοντο,
1057 5178 1124 5246 τῇ
1163 5175 1328 5245 μανίᾳ
1359 5173 1457 5243 τῆς
1491 5173 1640 5246 παρὰ
1665 5175 1772 5228 τῶν
1807 5174 2014 5248 πολλῶν

428 5263 595 5334 agn;
626 5258 1159 5333 προκατειλημμένοι
1181 5257 1280 5326 τὴν
1301 5256 1558 5310 διάνοιαν.
1603 5258 1780 5328 Ὅπερ
1803 5253 1898 5312 οὖν
1923 5259 2015 5312 καὶ

429 5350 468 5404 ὁ
498 5345 888 5417 εύαγγελιστής
917 5358 1100 5412 φησιν,
1125 5341 1205 5394 ὅτι
1239 5339 1423 5392 πολλοὶ
1447 5339 1555 5393 τῶν
1599 5339 1868 5394 Ἰουδαίων
1898 5343 2015 5395 ἐπί-

439 5446 667 5487 στευσαν
701 5431 779 5493 εἰς
803 5426 982 5490 αὑτὸν,
1012 5422 1100 5477 διὰ
1143 5423 1199 5476 δέ
1222 5422 1348 5487 τοὺς
1375 5422 1642 5495 ἄρχοντας
1668 5423 1766 5494 οὑχ
1808 5423 2014 5495 ὡμολό.

504 5628 528 5655 ⁸³
552 5633 719 5685 Placet
739 5640 1017 5696 conjectura
1043 5633 1210 5683 Savilii
1239 5653 1250 5680 ;
1276 5632 1380 5696 περὶ
1406 5630 1707 5695 τὰἸορδάνια
1734 5631 2007 5698 ρεῖθρα.Εο.

1169 258 1226 314 S.
1264 255 1548 313 JOANNIS
1586 250 2078 310 CHRYSOSTOMI
2121 248 2445 305 ARCIHEP.
2476 241 3044 301 'CONSTANTINOP.

2142 375 2290 426 γουν,
2324 356 2409 410 ἵνα
2442 354 2516 425 μὴ
2540 355 2953 424 ἀποσυνάγωγοι
2970 353 3256 422 γένωνται.
3285 354 3395 409 Kal
3427 355 3591 421 αὑτὸς
3619 358 3723 413 διὸ

2139 439 2372 511 Χριστὸς
2386 438 2558 506 ἔλεγε,
2581 436 2712 503 Πῶς
2727 439 2992 492 δύνασθε
3013 438 3342 504 πιστεύειν,
3365 438 3554 504 δόξαν
3566 445 3727 511 παρὰ

2137 521 2882 590 ἁλλήλωνλαμϐάνοντες,
2916 519 3012 573 καί
3046 519 3161 588 τὴν
3199 520 3390 586 δόξαν
3417 520 3535 590 τὴν
3565 522 3727 592 παρὰ

2138 605 2245 660 τοῦ
2273 606 2466 674 μόνου
2500 603 2648 657 Θεοῦ
2679 605 2750 657 οὐ
2779 603 3125 671 ζητοῦντες;
3177 604 3315 656 Ἀλλ’
3341 605 3440 675 οὑχ
3467 607 3496 659 6
3517 604 3729 670 Παῦλος

2137 687 2331 750 οὕτως,
2360 685 2496 740 ἀλλά
2523 687 2652 755 μιᾶς
2697 685 2868 754 μόνης
2911 684 3149 749 ἀκούσας
3197 689 3382 758 φωνῆς
3423 687 3588 740 αὑτοῦ
3629 687 3727 741 -τοῦ

2137 772 2491 842 διωκομένου,
2522 770 2724 832 εὐθέως
2761 769 3160 842 προσέδραμεν,
3190 772 3393 834 εὐθέως
3424 772 3722 842 ὑπήκουσε,

2139 855 2233 907 καὶ
2268 852 2465 922 πολλὴν
2495 851 2806 916 ἐπεδείξατο
2839 852 2942 922 τὴν
2970 852 3297 923 μεταϐολήν.
3333 852 3472 908 Είδέ
3497 855 3586 926 ,μὴ
3618 855 3724 909 ἀπ-

2139 939 2378 1008 εκάμετε
2407 936 2486 1007 τῷ
2522 938 2686 1006 μήκει
2722 935 2827 989 τῶν
2861 936 3186 1007 εἰρημένων,
3213 937 3293 990 ἔτι
3317 940 3396 1002 είς
3425 938 3724 1010 ἐγγύτερον

2139 1021 2492 1092 παράδειγμα
2526 1019 2644 1086 ἄγω
2693 1019 2783 1072 τὸν
2819 1018 2995 1087 λόγον.
3024 1019 3133 1072 Kal
3175 1019 3284 1090 γὰρ
3328 1021 3422 1074 καὶ
3458 1021 3552 1075 τοῦ
3589 1021 3722 1074 Υίοῦ

2138 1104 2401 1174 ἥκουσαν,
2437 1102 2532 1156 καὶ
2558 1100 2736 1164 οὑτως
2763 1103 3002 1172 ῆκουσαν
3030 1101 3104 1164 ὡς
3141 1100 3350 1166 Παῦλος
3377 1103 3600 1173 ῆκουσε,
3631 1103 3728 1159 ad!

2138 1189 2195 1239 ἐν
2226 1185 2402 1257 καιρῷ
2431 1187 2660 1256 τοιούτῳ
2701 1185 2961 1255 ἥκουσαν,
3017 1184 3113 1256 οἴῳ
3140 1181 3351 1249 Παῦλος
3382 1187 3602 1256 ἤκουσε,
3633 1187 3729 1242 καὶ

2136 1268 2257 1321 οὑδὲ
2286 1267 2459 1330 οὕτως
2505 1267 2850 1320 ἐπίστευσαν.
2902 1268 3169 1336 Καθάπερ
3222 1269 3330 1339 γὰρ
3378 1269 3587 1334 Παῦλος
3636 1272 3726 1323 ὅτε

2139 1352 2406 1422 ἐμαίνετο,
2426 1353 2514 1404 ὅτε
2545 1351 2879 1421 ἠγριαίνετο,
2901 1351 2989 1403 ὅτε
3014 1351 3268 1422 ἐπολέμει
3293 1354 3404 1415 τοῖς
3432 1353 3723 1426 μαθηταῖς,

2136 1438 2336 1506 ῆκουσε
2368 1437 2466 1506 τῆς
2515 1437 2731 1506 φωνῆς.
2775 1435 2920 1489 οῦτω
2971 1436 3064 1490 καὶ
3107 1437 3371 1490 Ἰουδαῖοι.
3437 1438 3582 1505 Ποῦ,
3630 1439 3726 1494 καὶ

2138 1521 2266 1574 πότε
2293 1537 2306 1585 ;
2352 1519 2604 1592 Ἐξῆλθον
2638 1522 2694 1574 ἐν
2724 1523 2789 1592 τῇ
2827 1520 2984 1574 νυκτὶ
3015 1519 3154 1589 μετά
3181 1520 3362 1588 φανῶν
3385 1522 3479 1575 καὶ
3507 1521 3725 1593 λαμπά-

2134 1604 2238 1658 δων
2267 1606 2345 1668 είς
2377 1603 2476 1674 τὴν
2506 1602 2766 1673 σύλληψιν
2800 1602 2964 1656 αὑτοῦ
2986 1617 3001 1632 ·
3044 1603 3292 1674 ἐνόμιζον
3323 1604 3432 1674 γὰρ
3453 1604 3725 1676 ἀνθρώπῳ

2133 1685 2273 1756 ψιλῷ
2305 1685 2659 1740 ἐπιτίθεσθαι.
2697 1685 3034 1757 Βουλόμενος
3072 1687 3252 1739 τοίνυν
3287 1688 3483 1750 αὑτοὺς
3515 1686 3724 1753 διδάξαι

2133 1768 2232 1839 τὴν
2251 1769 2477 1839 δύναμιν
2510 1769 2609 1840 τὴν
2640 1768 2862 1832 ἑαυτοῦ,
2906 1769 3001 1822 καὶ
3024 1769 3104 1821 ὅτι
3135 1767 3268 1832 Θεός
3297 1769 3434 1833 ἐστι,
3466 1769 3723 1842 καὶπρὸς

2133 1853 2334 1923 κέντρα
2357 1851 2692 1916 λακτίζουσι,
2720 1850 2867 1920 λέγει
2899 1851 3104 1914 αὑτοῖς,
3133 1851 3272 1904 Τίνα
3303 1849 3520 1919 ζητεῖτε
3541 1869 3561 1917 ;
3587 1854 3724 1923 "Ep.-

2135 1935 2369 2008 προσθεν
2412 1934 2575 1990 αὑτοῦ
2625 1935 2718 1987 καὶ
2770 1933 2998 2004 πλησίον
3044 1935 3421 2005 είστήκειταν,
3471 1935 3564 1989 καὶ
3613 1937 3714 2006 οὐχ

2135 2017 2320 2089 ἐώρων
2353 2017 2542 2088 αὑτόνί
2581 2017 2694 2070 ἀλλ’
2718 2016 2878 2080 αὑτὸς
2907 2018 2936 2070 ό
2961 2016 3289 2088 ζητούμενος
3321 2017 3517 2081 αὐτοὺς
3547 2019 3720 2089 ἐχειρ-

2134 2100 2339 2170 αγώγει
2369 2099 2507 2172 πρὸς
2541 2100 2640 2170 τὴν
2669 2099 2885 2171 εὕρεσιν
2918 2099 3016 2170 τὴν
3066 2099 3281 2164 ἐαυτοῦ,
3316 2101 3404 2154 ἵνα
3456 2101 3723 2172 μάθωσιν,

2135 2183 2216 2237 ὃτι
2244 2184 2345 2238 οὑκ
2371 2184 2519 2238 ἄκων
2550 2181 2643 2235 ἐπὶ⁵
2677 2182 2737 2235 :6
2772 2182 2943 2246 πάθος
2974 2181 3212 2253 ἔρχεται,
3249 2183 3352 2248 ὅτι,
3386 2184 3434 2236 εί
3461 2185 3535 2255 μὴ
3565 2183 3726 2237 ἐϐού-

2135 2266 2256 2319 λετο
2286 2266 2664 2337 συγχωρῆσαι,
2699 2265 2798 2318 οὑκ
2830 2263 2896 2319 ἂν
2928 2266 3324 2338 περιεγένοντο.
3356 2267 3482 2330 Πῶς
3509 2268 3639 2339 γάρ,
3673 2269 3724 2320 οῖ

2139 2348 2272 2420 μηδὲ
2302 2349 2480 2419 εὑρεῖν
2510 2347 2672 2400 αὑτὸν
2699 2347 3018 2419 δυνηθέντες
3047 2364 3061 2412 ;
3117 2349 3181 2400 Τί
3215 2348 3379 2417 λέγω,
3420 2349 3596 2419 εὑρεῖν
3625 2351 3724 2403 αῦ-

2134 2432 2226 2485 τδν
2255 2431 2328 2502 μὴ
2359 2429 2714 2500 δυνηθέντες;
2776 2430 2916 2483 Ἀλλ’
2961 2430 3083 2484 οὔτε
3121 2431 3248 2484 ίδεῖν
3291 2432 3452 2484 αὑτὸν
3483 2432 3725 2502 παρόντα

2139 2513 2365 2584 ἴσχυσαν
2384 2531 2398 2544 ·
2417 2514 2476 2566 ού
2511 2514 2670 2583 μόνον
2688 2514 2744 2567 δὲ
2777 2514 3019 2584 παρόντα
3046 2513 3144 2567 οὐκ
3168 2513 3393 2583 ἴσχυσαν
3424 2514 3569 2578 ίδεῖν,
3591 2514 3727 2569 ἀλλά

2136 2597 2227 2648 καὶ
2252 2595 2524 2665 ἐρωτῶντι
2556 2595 2996 2666 ἀποκρινόμενοι,
3029 2596 3148 2648 οὑδὲ
3168 2594 3340 2659 οὕτως
3360 2596 3556 2666 ⁴ᾔδεσαν
3577 2598 3726 2661 ὅστις

2135 2677 2264 2729 ποτὲ
2293 2673 2358 2746 ἦν
2387 2679 2415 2730 6
2449 2677 2637 2747 παρών
2658 2695 2670 2707 ·
2704 2677 2846 2730 οὕτω
2884 2677 3000 2747 μεθ’
3029 2678 3335 2748 ὑπερϐολῆς
3359 2678 3577 2749 ἀπάσης
3610 2680 3721 2732 ἀπ·

2133 2758 2441 2828 ετύφλωσεν
2463 2759 2641 2814 αὑτῶν
2670 2760 2794 2823 τοὺς
2824 2759 3156 2830 ὀφθαλμούς.
3187 2763 3296 2815 Kal
3341 2763 3400 2814 ού
3435 2761 3593 2816 τοῦτο
3629 2762 3726 2833 μό-

2133 2859 2239 2906 νον,
2271 2841 2406 2895 am
2436 2843 2530 2896 καὶ
2577 2842 2799 2906 ὑπτίους
2829 2843 3048 2913 ἔρριψεν
3095 2844 3291 2906 αὑτοὺς
3315 2847 3380 2914 τῇ
3418 2849 3569 2916 φωνῇ
3592 2862 3606 2877 ο
3647 2847 3727 2898 εί-

2135 2924 2323 2987 πόντος
2357 2923 2498 2995 γάρ,
2555 2925 2688 2977 Τίνα
2715 2925 2927 2996 ζητεῖτε
2952 2970 2968 2995 ,
3020 2925 3258 2997 ἀπῆλθον
3292 2927 3494 2990 πάντες
3547 2930 3626 2992 είς
3654 2928 3726 2981 τά

2132 3008 2307 3064 ὀπίσω
2338 3010 2444 3064 ἀπὸ
2469 3010 2568 3079 τῆς
2594 3011 2777 3081 φωνῆς
2798 3010 3028 3083 ταύτης.
3079 3011 3291 3082 ’Ὠσπερ
3322 3012 3430 3083 γὰρ
3457 3013 3545 3065 τὸν
3578 3013 3725 3066 Παῦ-

2132 3095 2221 3150 λον
2254 3099 2288 3167 ὴ
2323 3094 2474 3166 φωνὴ
2517 3094 2805 3161 κατέϐαλε,
2843 3097 2938 3150 καὶ
2977 3097 3160 3168 πρηνῆ
3200 3097 3411 3150 κεῖσθαι
3440 3099 3719 3168 ἐποίησεν,

2132 3178 2274 3232 οὑτω
2315 3178 2408 3231 καὶ
2438 3175 2660 3241 τούτους
2696 3179 2728 3249 ὴ
2762 3178 2912 3249 φωνὴ
2959 3180 3166 3243 πάντας
3200 3180 3419 3252 ἔρριψεν
3449 3181 3705 3244 ὑπτίουςο

2133 3264 2227 3317 καὶ
2275 3263 2463 3334 ὥσπερ
2497 3254 2653 3324 οὗτος
2713 3263 2812 3315 οὑκ
2859 3261 3054 3317 ἕϐλεπε
3107 3263 3196 3317 τὸν
3245 3264 3574 3335 διωκόμενον
3626 3264 3712 3317 ὑπ’

2133 3346 2320 3412 αὑτοῦ,
2346 3345 2517 3410 οὑτως
2545 3347 2740 3398 ἐκεῖνοι
2771 3346 2871 3398 οὑκ
2896 3345 3123 3400 ἔϐλεπον
3149 3347 3238 3400 τὸν
3265 3347 3592 3418 ζητούμενον
3627 3349 3718 3401 ὑπ’

2121 3429 2339 3484 ,αὑτῶψ
2366 3427 2554 3500 ὥσπερ
2582 3420 2736 3491 οὗτος
2765 3429 2822 3480 ἐν
2852 3427 2928 3498 τῷ
2959 3428 3136 3499 καιρῷ
3177 3429 3276 3498 τῆς
3302 3429 3499 3499 μανίας
3527 3431 3720 3484 ἀπετυ-

2132 3512 2316 3582 φλὼθη
2342 3552 2356 3575 ,
2408 3512 2647 3565 κάκεῖνοι
2673 3512 2730 3566 ἐν
2763 3511 2914 3580 αύτῷ
2943 3510 3020 3582 τῷ
3047 3510 3218 3580 καιρῷ
3245 3514 3345 3583 τῆς
3378 3513 3573 3582 μανίας
3609 3515 3717 3566 ἀπ-

2131 3594 2533 3665 ετυφλὼθησαν.
2567 3593 2677 3646 Kal
2700 3593 2808 3665 γὰρ
2847 3597 3070 3657 ἐκεῖνος,
3105 3593 3190 3645 ὅτε
3221 3593 3514 3666 ἐπορεύετο
3547 3595 3710 3666 δῆσαι

2128 3680 2255 3742 τοὺς
2287 3677 2557 3748 μαθητάς,
2585 3677 2679 3729 καὶ
2703 3669 2870 3743 οὑτοι,
2910 3677 2998 3729 ὅτε
3032 3674 3250 3747 ἐξῆλθον
3277 3677 3436 3747 δῆσαι
3463 3677 3555 3732 τὸν
3579 3680 3714 3749 Χρι-

2133 3763 2278 3825 στὸν,
2313 3762 2485 3815 ταὺτά
2511 3761 2731 3814 ἔπαθον.
2757 3762 2867 3814 Καὶ
2899 3763 3017 3815 ἐκεῖ
3034 3761 3226 3831 δεσμὰ,
3258 3763 3353 3815 xal
3377 3761 3608 3818 ἐνταῦθα
3631 3767 3718 3820 δε-

2131 3846 2269 3917 σμά’
2319 3847 2411 3898 καὶ
2450 3847 2566 3898 ἐκεῖ
2588 3845 2790 3908 δίωξις,
2820 3845 2914 3897 καὶ
2955 3843 3186 3896 ἐνταῦθα
3213 3844 3426 3909 δίωξις·
3474 3847 3568 3899 καὶ
3597 3847 3715 3899 ἐκεῖ

2130 3932 2396 4003 πήρωσις,
2432 3931 2525 3984 καὶ
2551 3929 2780 3984 ἐνταῦθα
2816 3930 3061 4001 πήρωσις
3080 3946 3092 3959 ·
3143 3929 3239 3984 καὶ
3270 3932 3385 3983 ἐκεῖ
3409 3932 3582 4001 φωνὴ,
3614 3931 3709 3983 καὶ

2130 4013 2362 4068 ἐνταῦθα
2391 4014 2541 4083 φωνή
2562 4027 2575 4041 ’
2607 4013 2701 4064 καὶ
2722 4013 2885 4082 ὁμοία
2911 4012 3012 4083 τῆς
3041 4011 3133 4066 τοῦ
3163 4013 3400 4083 Χριστοῦ
3430 4014 3710 4083 δυνάμεως

2129 4100 2162 4169 ἡ
2193 4097 2434 4163 ἔνδειξις,
2463 4098 2623 4166 ὃμοια
2643 4094 2711 4148 τὰ
2742 4095 3032 4166 φάρμακα,
3053 4095 3167 4148 ἀλλ’
3195 4097 3292 4165 οὑχ
3324 4097 3485 4166 ὁμοία
3510 4098 3541 4166 ἡ
3572 4096 3709 4167 διόρ-

2127 4182 2323 4245 θωσις·
2378 4183 2426 4232 οῖ
2471 4180 2578 4249 γάρ
2631 4179 2928 4249 κάμνοντες
2980 4179 3181 4251 πολλὴν
3227 4177 3370 4250 εἶχον
3426 4179 3707 4250 διαφοράν.

2125 4265 2190 4318 Τί
2222 4264 2331 4336 γὰρ
2362 4262 2841 4334 ἀναισθητότερον,
2889 4263 2940 4314 τί
2967 4262 3024 4315 δὲ
3057 4263 3532 4333 ἀγνωμονέστερον
3567 4262 3711 4315 ἐκεί-

2123 4367 2230 4404 νων
2253 4365 2267 4414 ;
2299 4350 2532 4401 Ἐπεσον
2553 4347 2748 4410 ὀπίσω,
2772 4347 2864 4400 καὶ
2892 4347 3053 4399 πάλιν
3076 4346 3400 4417 ἀνέστησαν,
3429 4346 3524 4397 καὶ
3551 4345 3711 4399 πάλιν

2122 4432 2396 4486 ἐπέθεντο.
2422 4427 2569 4502 Ἀρα
2609 4429 2716 4482 τῶν
2751 4429 2912 4483 λίθων
2945 4431 3045 4482 οὑκ
3069 4426 3206 4500 ἦσαν
3235 4429 3709 4499 ἀναισθητότεροι;

2123 4515 2232 4567 Kal
2253 4514 2338 4566 ἵνα
2357 4513 2622 4582 μάθωσιν,
2642 4514 2722 4566 ὅτι
2746 4507 2898 4575 οὗτός
2927 4513 3074 4564 ἐστιν
3101 4514 3129 4564 6
3154 4511 3322 4565 εἰπὼν
3340 4512 3542 4574 αὑτοῖς,
3575 4512 3711 4565 Τίνα

2121 4593 2478 4666 ζητεῖτε;καὶ
2497 4596 2669 4668 ῥίψας
2696 4595 2869 4647 ὀπίσω
2897 4594 3116 4657 αὑτοὺς,
3140 4594 3286 4663 λέγει
3321 4595 3503 4656 αὺτοῖς
3525 4592 3710 4659 πάλιν,

2123 4680 2271 4752 [ιε-ι]
2295 4681 2723 4749 ὄτεάνέστησαν,
2748 4679 2886 4731 Τίνα
2911 4675 3130 4746 ζητεῖτε
3148 4693 3165 4740 ;
3184 4679 3274 4730 καὶ
3296 4677 3544 4743 λέγουσιν
3560 4713 3576 4738 ,
3608 4676 3713 4744 ’1η-

2119 4764 2277 4818 σοῦν
2292 4781 2304 4793 '
2323 4764 2469 4832 λέγει
2491 4764 2694 4827 αὑτοῖς,
2716 4758 2910 4814 Εἶπον
2928 4759 3087 4829 ὑμῖν,
3107 4760 3196 4812 ὅτι
3212 4759 3324 4828 ἐγώ
3344 4761 3460 4826 εἶμι
3475 4776 3488 4788 ·
3516 4775 3704 4826 μονονο

2119 4849 2242 4918 ουχὶ
2263 4848 2457 4916 λέγων.
2476 4845 2690 4900 Μάθετε
2719 4845 2799 4898 ὅτι
2831 4846 2924 4898 καὶ
2949 4846 2978 4897 6
3005 4843 3110 4915 πρὸ
3130 4843 3317 4895 τούτου
3349 4841 3539 4904 εἰπὼν,
3569 4843 3711 4897 Τίνα

2121 4927 2376 4996 ζητεῖτε;
2407 4929 2500 4981 καὶ
2519 4927 2678 4998 ῥίψας
2713 4928 2877 4997 ὑμᾶς,
2908 4925 3018 4995 ἐγώ
3044 4926 3179 4995 ειμι.
3213 4924 3350 4977 Ἀλλ’
3368 4923 3518 4977 οὐδὲν
3547 4924 3710 4978 πλέον

2120 5015 2183 5064 ἐκ
2199 5011 2390 5064 τούτου
2420 5010 2657 5078 ἐγένετο,
2680 5010 2795 5062 ἀλλ’
2817 5010 3038 5080 ἔμειναν
3065 5009 3156 5060 ἐπὶ
3185 5006 3284 5075 τῆς
3308 5005 3488 5059 αὑτῶν
3510 5007 3708 5078 πωρώ-

2121 5091 2446 5158 σεως.Ταῦτ’
2459 5089 2552 5147 οὖν
2568 5093 2783 5147 ἅπαντα
2796 5095 2858 5145 ἐκ
2876 5091 3218 5163 παραλλήλου
3238 5088 3565 5162 συγκρίνων,
3583 5090 3707 5158 μάν·

2120 5176 2243 5229 θανε
2272 5174 2534 5246 ἀκριϐῶς,
2567 5177 2763 5228 ὅτιούκ
2802 5173 2859 5241 ἐξ
2887 5174 3132 5244 ἀνάγκης
3164 5172 3435 5244 προσῆλθε
3473 5171 3703 5235 Παῦλος,

2117 5259 2232 5314 ἀλλ’
2271 5260 2380 5314 ἀπὸ
2413 5259 2590 5331 ψυχῆς
2623 5258 2964 5330 εὐγνώμονος
2997 5258 3090 5311 καὶ
3119 5257 3419 5312 ἀδεκάστου
3460 5253 3701 5309 συνειδό-

2118 5359 2228 5396 τος.

2190 5454 2264 5518 ς’.
2301 5454 2362 5506 El
2389 5453 2445 5506 δὲ
2467 5455 2782 5525 καρτερεῖτε
2811 5453 2904 5506 καὶ
2933 5453 3258 5523 ὑπομένετε,
3284 5452 3473 5524 ἕτερον
3489 5453 3707 5522 ἐγγύτε-

2122 5559 2212 5612 ρον
2233 5541 2425 5595 τούτου
2453 5541 2596 5609 λέγω
2627 5541 2809 5605 πάλιν,
2855 5541 3251 5613 ἀναντίρρητον
3275 5529 3399 5612 ἔχον
3426 5537 3701 5605 ἀπόδειξιν

2117 5625 2211 5680 τοῦ
2243 5627 2320 5698 μὴ
2347 5627 2466 5680 κατ’
2494 5626 2737 5695 ἀνάγκην
2771 5625 2861 5679 τὸν
2891 5624 3102 5679 Παῦλον
3139 5623 3596 5696 προσεληλυθέναι
3621 5619 3700 5688 τῷ
