4096 6222
485 273 582 331 ut

481 400 604 443 eum
630 387 836 444 nullum
860 403 995 461 opus
1024 391 1224 450 bonum
1269 413 1432 468 penes
1460 415 1522 459 se
1546 402 1805 474 haberet,
1834 415 1889 463 et
1918 407 2076 464 illata:

479 482 915 553 persequutionis
942 484 1045 541 sibi
1067 489 1310 546 conscius
1345 499 1523 562 esset,
1553 494 1678 552 dum
1711 497 1856 554 illam
1893 516 2078 558 vocem

472 570 725 627 audiret?

540 662 602 718 5.
647 661 909 720 Probatur
946 665 1175 725 Paulum
1212 673 1366 730 libere
1391 680 1676 746 accessisse,
1709 699 1810 736 non
1856 691 2075 741 accessi-

467 761 694 808 tate.—
727 755 922 812 Verum
967 759 1248 832 insurgunt
1276 775 1463 822 contra
1509 785 1608 826 nos
1650 772 1865 842 quidam
1916 793 1930 831 :
1976 791 2072 834 vos

473 852 653 900 autem
682 861 750 902 ne
776 846 1161 920 defatigemini,
1189 865 1475 924 appetente
1502 861 1625 916 licet
1653 878 1874 934 vespera
1902 883 1917 921 :
1946 883 2070 923 nam

468 947 570 1001 pro
613 933 780 994 Paulo
822 937 1110 1010 loquimur,
1153 959 1251 1013 pro
1277 946 1476 1015 Paulo,
1505 952 1602 1022 qui
1642 933 2070 1023 peritriennium

475 1033 638 1080 nocte
661 1025 855 1098 dieque
882 1029 1172 1103 discipulos
1187 1035 1396 1095 docuit.
1427 1040 1710 1114 lnsurgunt
1755 1047 1934 1118 itaque
1956 1050 2068 1120 jam

470 1113 758 1172 adversum
786 1134 885 1174 nos
924 1121 1124 1193 aliqui,
1170 1135 1226 1182 et
1253 1129 1442 1186 dicunt
1488 1150 1503 1185 :
1542 1113 1745 1207 Ecquid
1787 1113 1978 1195 mirum
2020 1142 2067 1197 si

471 1203 668 1262 Paulus
696 1212 1018 1267 accesserit?
1040 1229 1161 1271 cum
1208 1218 1352 1276 Deus
1380 1238 1564 1280 vocem
1595 1203 1738 1282 illam
1786 1235 1938 1301 quasi
1980 1233 2062 1287 fu-

466 1311 596 1352 nem
621 1297 690 1354 ad
711 1301 905 1358 collum
933 1304 1051 1374 ejus
1069 1308 1342 1378 injeeerit,
1375 1325 1431 1368 et
1475 1317 1553 1371 sic
1576 1317 1727 1373 illum
1755 1297 1822 1376 ad
1848 1336 1908 1377 se
1952 1332 2062 1378 tra-

470 1387 630 1443 xerit.
661 1389 912 1448 Animum
941 1395 1225 1470 diligenter
1260 1402 1531 1461 adhibete.
1572 1408 1784 1466 Etenim
1815 1412 1930 1468 luce
1978 1430 2068 1471 ar-

461 1481 671 1549 gutatio
693 1484 1165 1546 nobis-communis
1187 1503 1270 1548 est
1288 1509 1413 1551 cum
1440 1499 1721 1568 gentilibus
1747 1513 1802 1559 et
1826 1520 1948 1561 cum
1969 1505 2063 1562 Ju-

459 1571 618 1641 daeis,
658 1575 748 1645 qui
779 1575 1166 1639 incredulitatis
1188 1599 1300 1641 sum
1329 1596 1692 1661 tegumentum
1717 1596 1772 1651 id
1807 1612 1927 1654 esse
1953 1616 2057 1671 pu-

468 1673 616 1734 tant,
649 1668 695 1722 si
723 1668 896 1726 virum
917 1672 1121 1744 justum
1153 1677 1429 1747 ineusent,
1466 1683 1633 1754 ignari
1674 1702 1732 1742 se
1775 1668 2060 1760 dupliciter

459 1773 707 1828 peccare,
730 1765 944 1835 etquod
961 1781 1202 1825 errorem
1220 1785 1372 1827 suum
1395 1789 1501 1830 non
1521 1775 1812 1848 deponant,
1835 1790 1888 1836 et
1915 1785 2058 1854 quod
2077 1818 2086 1826 -

455 1859 704 1908 sanetum
719 1855 810 1912 Dei
822 1857 1083 1927 ejusmodi
1097 1861 1556 1924 criminationibus
1573 1870 2056 1941 impetant.Verum

458 1957 560 1998 nos
577 1945 668 2000 Dei
683 1948 852 2017 gratia
872 1949 1008 2018 fulti,
1022 1953 1138 2024 ejus
1152 1955 1518 2015 defensionem
1535 1965 1907 2034 suscipiemus.
1928 1971 2058 2036 Qua:

455 2034 907 2105 igituraceusatio
931 2045 1056 2109 est?
1089 2046 1171 2114 γε,
1191 2048 1456 2120 inquiunt,
1481 2053 1625 2110 illum
1647 2059 1867 2114 attraxit
1888 2034 2050 2117 Deus.

455 2126 573 2192 Qua
603 2130 692 2198 vi,
713 2133 785 2186 mi
815 2133 1011 2190 homo?
1033 2137 1280 2208 Superne
1309 2145 1520 2198 vocavit
1548 2161 1693 2202 eum.
1720 2149 1910 2206 Credis
1933 2167 2053 2208 om-

455 2219 587 2274 nino
631 2221 776 2289 quod
803 2239 928 2279 eum
957 2241 1190 2296 superne
1217 2235 1529 2288 vocaverit?
1572 2238 1730 2309 Atqui
1756 2250 1814 2296 te
1840 2257 2054 2314 quoque

452 2309 623 2366 hodie
647 2323 805 2368 vocat
828 2330 926 2384 per
952 2317 1096 2372 illam
1137 2335 1323 2377 vocem
1343 2364 1359 2387 ,
1401 2335 1456 2380 et
1482 2335 1537 2380 tu
1580 2343 1689 2384 non
1717 2331 2051 2404 obsequeris.

463 2397 650 2455 Viden’
673 2417 778 2458 non
817 2403 984 2461 fuisse
1011 2407 1140 2464 illud
1166 2414 1545 2471 necessitatis?
1571 2417 1704 2474 Nam
1731 2421 1775 2476 si
1816 2397 2054 2480 necessi-

456 2489 585 2544 tatis
610 2489 798 2548 fuisset
816 2535 832 2562 ,
861 2510 997 2566 opus
1045 2509 1161 2556 erat
1190 2511 1252 2558 ut
1273 2513 1326 2559 et
1358 2515 1414 2560 tu
1440 2507 1709 2566 obedires.
1734 2513 1889 2583 Quod
1916 2517 1960 2572 si
1993 2527 2048 2574 tu

451 2592 564 2634 non
589 2582 810 2640 obedias
827 2627 842 2652 ,
869 2588 1044 2657 palam
1069 2602 1151 2647 est
1171 2608 1295 2649 eum
1320 2611 1386 2651 ex
1415 2599 1693 2658 voluntate
1722 2582 2044 2666 obedivisse.

451 2668 524 2724 Et
552 2680 610 2725 ut
637 2671 855 2732 discatis
881 2679 1218 2738 vocationem
1255 2686 1478 2743 multum
1520 2691 1590 2745 ad
1629 2692 1779 2749 Pauli
1817 2698 2045 2756 salutem

446 2762 777 2831 contulisse,
837 2770 1286 2837 quemadmodum
1321 2787 1379 2832 et
1406 2779 1474 2838 ad
1517 2781 1746 2840 aliorum
1799 2788 2039 2845 omnium

451 2850 727 2910 hominum
745 2898 761 2923 ,
787 2872 887 2914 nec
913 2871 1088 2918 tamen
1115 2864 1261 2921 illum
1291 2867 1447 2925 bonis
1471 2874 1723 2943 operibus
1742 2919 1756 2946 ,
1785 2887 1840 2934 et
1869 2879 2042 2937 laudi-

445 2942 569 3010 bus,
601 2962 720 3015 quac
752 2951 942 3007 merito
971 2955 1260 3013 voluntatis
1294 2942 1662 3035 acquiruntur,
1697 2984 1924 3027 vacuum
1951 2989 2039 3031 re-

447 3034 698 3105 liquisse,
725 3055 899 3112 neque
929 3045 1156 3104 liberum
1196 3050 1316 3121 ejus
1343 3054 1625 3113 arbitrium
1655 3061 2036 3134 labefactasse,

442 3126 542 3181 sed
567 3127 820 3188 libentem
849 3149 970 3190 eum
1002 3141 1217 3209 proprio
1241 3141 1398 3198 bona:
1440 3148 1728 3206 voluntatis
1768 3162 1915 3210 motu
1948 3126 2040 3212 ac;

443 3219 677 3278 cessisse
707 3241 721 3276 ε
750 3225 858 3280 alio
886 3231 1134 3300 exemplo
1160 3233 1213 3288 id
1240 3235 1458 3304 planum
1488 3239 1704 3296 iaciam.
1735 3247 2038 3306 Audierunt

443 3308 612 3366 Judtei
641 3329 825 3370 vocem
853 3332 1085 3389 superne
1112 3323 1420 3394 loquentem
1439 3365 1456 3396 ,
1489 3347 1594 3387 non
1622 3334 1744 3390 Filii
1768 3378 1783 3403 ,
1811 3339 1907 3394 sed
1937 3340 2036 3397 Pa-

445 3401 542 3456 tris
567 3402 635 3458 de
663 3405 878 3462 Christo
899 3410 1168 3482 loquentis
1188 3416 1254 3470 ad
1288 3417 1536 3476 Iordanis
1560 3401 1800 3494 ﬂuenta,
1832 3428 1933 3484 Hic
1961 3442 2034 3486 est

450 3489 1034 3570 Filiusmeusdilectus;
1069 3505 1224 3561 atilli
1275 3507 1490 3580 dicunt,
1542 3513 1643 3569 Hic
1684 3528 1760 3572 est
1786 3489 2034 3577 seductor

439 3582 530 3636 ille
553 3583 768 3655 (Matth.
790 3591 845 3646 3.
888 3593 977 3647 17.
1009 3604 1055 3649 et
1079 3595 1171 3650 27.
1199 3599 1313 3669 65).
1339 3601 1525 3660 Viden‘
1552 3609 1897 3667 manifestum
1924 3614 2032 3671 bel-

440 3673 592 3732 lum?
619 3680 793 3736 viden‘
827 3695 1067 3754 apertam
1118 3696 1390 3762 pugnam?
1426 3698 1601 3756 viden’
1629 3703 1826 3776 ubique
1872 3719 2030 3780 grato

435 3774 494 3820 et
543 3767 808 3829 benevolo
859 3779 1039 3834 animo
1077 3796 1202 3839 esse
1247 3801 1382 3855 opus
1401 3803 1421 3856 ',
1445 3792 1730 3865 animaque
1773 3800 1984 3858 sincera
2009 3847 2025 3870 ,

435 3871 611 3930 neque
632 3863 830 3922 ~all‘ectu
871 3877 1274 3944 praeoccupata?
1297 3878 1437 3936 Ecce
1462 3891 1517 3937 et
1541 3863 1660 3940 illic‘
1679 3904 1780 3944 vox
1801 3932 1816 3956 ,
1858 3903 1913 3948 et
1940 3863 2028 3953 hic

435 3964 536 4004 vox
572 3969 588 4006 :
630 3955 725 4010 sed
767 3957 855 4014 ille
884 3961 1306 4037 obtemperabat,
1341 3971 1393 4025 hi
1422 3955 1810 4047 repugnabant.
1841 3985 2024 4058 Neque

434 4052 640 4101 tantum
679 4064 782 4105 vox
808 4055 1039 4121 auditur,
1071 4059 1167 4114 sed
1198 4061 1429 4132 Spiritus
1476 4067 1528 4123 in
1554 4071 1818 4132 columbae
1843 4052 2024 4149 specie

432 4134 659 4192 videtur.
691 4141 823 4196 Cum
854 4144 995 4200 enim
1024 4148 1256 4208 Joannes
1276 4155 1601 4227 baptizaret,
1629 4134 2022 4227 Christus-vero

431 4225 810 4301 baptizaretur,
843 4253 912 4294 ne
938 4239 1224 4301 humanam
1246 4225 1467 4319 ﬁguram
1489 4264 1814 4326 spectantes,
1848 4262 2022 4333 bapti-

431 4329 640 4377 zantem
683 4325 950 4397 baptizato
979 4338 1402 4402 prmstantiorem
1439 4345 1843 4420 existimarent,
1874 4356 2020 4412 venit

428 4424 528 4464 vox
563 4428 683 4482 qua:
704 4415 847 4474 hunc
882 4420 950 4475 ab
978 4423 1068 4479 illo
1097 4425 1468 4501 distingueret.
1501 4435 1570 4490 Et
1596 4441 1722 4510 quia
1751 4415 2015 4503 incertum

425 4515 545 4558 esse
559 4503 836 4563 videbatur
850 4511 918 4566 de
932 4528 1160 4584 quonam
1175 4533 1275 4574 vox
1295 4521 1380 4576 illa
1398 4503 1726 4599 loquere-tur,
1735 4535 1878 4590 venit
1894 4536 2014 4607 Spi-

423 4593 559 4649 ritus
587 4608 806 4655 sanctus
831 4602 883 4657 in
905 4607 1084 4676 specie
1109 4609 1372 4667 columba:
1392 4655 1406 4681 ,
1431 4618 1518 4686 qui
1547 4634 1731 4676 vocem
1756 4625 1806 4678 in
1853 4639 2014 4698 caput

420 4681 618 4742 Christi
659 4688 902 4748 duceret.
945 4697 1195 4756 Attamen
1239 4712 1294 4757 et
1320 4720 1416 4774 per
1446 4681 1629 4766 vocem
1664 4681 2009 4787 prmdicavit,

420 4783 474 4829 ct
502 4791 599 4847 per
623 4779 878 4850 Spiritum
918 4791 1154 4846 ostendit
1173 4833 1187 4856 ,
1217 4793 1559 4871 Joannesque
1602 4779 1786 4874 postea
1812 4779 2009 4868 clama:

418 4865 535 4934 bat,
588 4868 710 4926 Non
753 4891 865 4928 sum
890 4877 1075 4948 dignus
1096 4923 1109 4945 ,
1138 4886 1224 4954 qui
1258 4865 1529 4962 corrigiam
1555 4865 1748 4951 solvam
1802 4865 2004 4960 enicet;-

419 4962 574 5059 τετιηιί
597 4964 708 5034 ejus
735 4967 888 5039 (Luc.
917 4973 970 5027 5.
1002 4974 1095 5047 16)
1121 4994 1134 5029 :
1163 4980 1326 5036 multa
1368 5001 1582 5059 quoque
1622 4993 1722 5048 alia
1753 5005 1858 5052 tam
1889 5015 2008 5056 ver-

412 5049 634 5124 borum,
666 5075 824 5130 quam
852 5077 1073 5134 operum
1107 5072 1408 5131 testimonia
1448 5094 1822 5156 accesserunt,
1855 5101 1909 5146 ct
1934 5094 2002 5149 ad

411 5148 590 5203 omnia
608 5151 660 5204 in
681 5155 920 5212 caecitate
936 5173 1281 5232 manserunt;
1305 5169 1411 5224 imo
1429 5173 1669 5231 viderunt
1690 5181 1887 5246 omnia,
1907 5187 2001 5241 sed

410 5252 586 5310 neque
602 5243 759 5301 dictis
779 5263 952 5319 neque
980 5251 1131 5309 factis
1157 5259 1452 5328 credidere,
1477 5267 1831 5336 przrjndicatre
1861 5276 1999 5347 vulgi

408 5331 676 5399 Opinionis
721 5338 921 5395 insania
955 5343 1188 5414 ipsorum
1221 5363 1456 5408 mentem
1482 5372 1796 5429 oceupante.
1846 5366 1997 5436 Quod

407 5421 565 5475 etiam
589 5429 914 5498 evangelista
944 5433 1071 5489 dicit
1101 5455 1114 5490 :
1156 5440 1354 5497 multos
1396 5460 1586 5516 nempe
1608 5421 1910 5512 δυόωσι-υἷι]
1945 5459 1995 5514 in

407 5512 554 5569 illum
583 5520 908 5591 credidESsc;
940 5528 1032 5583 sed
1057 5541 1200 5586 metu
1231 5512 1726 5613 principum—ipsum
1750 5551 1993 5608 conﬁteri

405 5621 510 5660 tum
531 5625 687 5666 ausos
700 5627 840 5682 esse,
859 5633 964 5673 nea
980 5635 1247 5696 synagoga
1264 5627 1583 5698 ejicerentur
1598 5636 1774 5706 (Joau.
1786 5640 1964 5716 £2.42)
1977 5685 1993 5703 .

406 5693 516 5716 LM
570 5715 579 5716 ί
743 5704 800 5716 η,
852 5707 865 5716 ,
1043 5711 1076 5716 ,,
1149 5714 1159 5716 μ

406 5693 522 5764 ipse
566 5715 694 5756 vero
739 5704 982 5766 Christus
1025 5693 1234 5772 diccbat
1267 5693 1834 5801 :quomodo‘potestis
1878 5693 1991 5792 cre-

1174 279 1263 337 DE
1303 279 1638 346 FEftEN'OlS
1679 282 2108 352 REPREHENS.
2154 291 2243 354 ET
2285 295 2370 359 DE
2401 300 2656 369 .llUTAT.
2696 311 3029 378 NOMINUM.
3069 322 3156 379 lll.

3670 333 3769 390 lii

2185 415 2332 482 dere,
2359 421 2444 489 qui
2469 423 2685 492 gloriam
2713 430 2774 483 ab
2800 431 3011 488 invicem
3037 438 3262 508 accipitis
3283 481 3298 506 ,
3330 451 3376 494 et
3401 442 3638 512 gloriam,
3662 465 3776 518 quia

2181 521 2213 558 a
2241 508 2349 563 solo
2377 511 2483 567 Deo
2506 525 2597 583 cst,
2627 535 2724 570 non
2745 524 2969 590 quieritis
2997 522 3174 597 (Joan.
3204 529 3256 585 5.
3284 508 3420 602 Μή
3447 532 3640 590 Verum
3661 508 3767 592 non

2181 598 2250 652 ita
2294 600 2523 670 Paulus;
2572 608 2663 662 sed
2689 626 2790 664 una
2824 611 2995 668 solum
3022 617 3198 673 audita
3252 635 3381 677 voce
3411 622 3558 694 ejus,
3607 643 3766 696 quem

2180 689 2268 746 ille
2299 699 2734 766 persequebatur,
2777 707 2953 761 statim
2998 713 3249 778 accurrit,
3294 716 3474 772 statim
3504 718 3764 786 obedivit,

2180 790 2234 834 et
2279 800 2520 854 magnam
2556 801 2661 856 pra:
2688 809 2746 848 se
2775 795 2893 850 tulit
2923 803 3348 859 conversionem.
3387 806 3538 873 Quod
3581 810 3626 865 si
3679 810 3765 865 di-

2177 881 2384 928 ctorum
2429 879 2728 945 prolixitale
2777 883 3301 962 nondelhtigemini,
3343 898 3410 951 ad
3458 898 3602 954 aliud
3639 915 3767 971 prn-

2179 965 2427 1036 pinquius
2465 975 2768 1044 exemplum
2800 994 3048 1050 propero.
3097 985 3306 1041 Etenim
3353 999 3406 1044 et
3450 965 3766 1047 Filium—an.

2175 1059 2386 1115 dieru‘nt
2408 1103 2423 1128 ,
2472 1073 2633 1134 atque
2664 1069 2732 1122 ita
2758 1072 3059 1143 audierunt,
3089 1086 3147 1131 ut
3173 1076 3370 1135 Paulus
3394 1083 3670 1152 audierat,
3707 1097 3765 1142 et

2173 1151 2331 1205 simili
2359 1152 2645 1211 audierunt
2674 1167 2931 1230 tempore,
2957 1174 3117 1236 atque
3151 1165 3368 1238 Paulus,
3393 1187 3564 1243 neque
3581 1182 3762 1231 tamen

2170 1243 2247 1297 sic
2270 1245 2631 1303 crediderunt.
2672 1251 2803 1306 Nam
2832 1255 2973 1310 sicut
3004 1251 3201 1314 Paulus
3223 1274 3345 1315 cum
3374 1261 3608 1333 fureret,
3636 1281 3760 1321 eum

2170 1333 2400 1391 ferocior
2427 1351 2596 1409 esset,
2639 1358 2759 1397 cum
2808 1345 3097 1418 discipulos
3149 1351 3518 1424 impugnaret,
3573 1371 3759 1413 vocem

2173 1427 2411 1496 audivit,
2453 1429 2527 1484 ita
2553 1439 2607 1486 et
2650 1431 2841 1490 Judxi.
2873 1435 3099 1494 Ubinam
3119 1483 3134 1506 ,
3167 1451 3221 1497 et
3250 1445 3501 1514 quando?
3547 1448 3761 1518 Egressi

2169 1527 2293 1572 sunt
2314 1529 2473 1575 noctu
2495 1538 2614 1578 cum
2644 1525 2843 1583 facibus
2869 1538 2923 1585 et
2947 1529 3284 1604 lampadibus
3309 1537 3374 1592 ad
3397 1540 3758 1610 comprehen-

2167 1608 2401 1666 dendum
2453 1614 2638 1682 illum;
2671 1619 2926 1688 putabant
2962 1625 3104 1678 enim
3135 1639 3195 1681 se
3241 1644 3446 1684 merum
3481 1630 3755 1688 hominem

2167 1701 2387 1758 adoriri.
2418 1705 2550 1760 Cum
2575 1708 2734 1778 igitur
2761 1726 2855 1766 eos
2881 1728 3032 1770 suam
3061 1713 3223 1773 vellet
3249 1717 3444 1775 docere
3477 1722 3755 1788 virtutem,

2165 1807 2328 1864 seque
2342 1793 2508 1852 Deum
2527 1813 2666 1868 esse,
2683 1801 2932 1874 ipsosque
2952 1816 3138 1861 contra
3162 1807 3434 1865 stimulum
3453 1813 3754 1880 ealcitrarc,

2165 1869 2294 1944 dicit
2311 1884 2414 1945 illis
2428 1888 2610 1958 ,Quem
2623 1869 3044 1968 quieritis'ann.
3065 1900 3146 1956 18.
3167 1883 3462 1972 ιγῖϐοηηη
3480 1922 3545 1961 eo
3562 1915 3616 1962 et
3631 1869 3756 1978 pro:

2162 1971 2304 2036 xime
2330 1982 2572 2052 stabant,
2602 2002 2774 2056 neque
2800 1985 2946 2044 illum
2979 1971 3266 2059 videbant;
3315 2011 3499 2050 verum
3531 1998 3576 2052 is
3595 1997 3710 2068 ipse
3734 2039 3751 2062 .

2159 2073 2248 2142 qui
2279 2077 2634 2144 quaerebatur,
2681 2079 2823 2149 ipsos
2857 2100 3016 2139 manu
3045 2085 3318 2154 ducebat,
3363 2099 3418 2142 ut
3445 2105 3505 2145 se
3544 2091 3752 2147 inveni-

2159 2172 2279 2218 rent
2303 2207 2318 2231 ,
2349 2174 2406 2220 ut
2429 2166 2733 2224 ediscerent
2761 2172 2936 2241 ipsum
2963 2190 3068 2229 non
3094 2176 3316 2232 invitum
3342 2179 3412 2233 ad
3441 2181 3746 2250 patiendum

2160 2255 2370 2321 venire,
2400 2268 2487 2324 et,
2529 2259 2573 2313 si
2603 2260 2715 2330 ipse
2745 2278 2852 2318 non
2889 2267 3281 2334 concessisset,
3310 2286 3595 2340 numquam
3625 2272 3747 2328 illos

2158 2361 2272 2402 rem
2296 2346 2630 2418 perfecturos
2655 2351 2841 2409 fuisse.
2873 2355 3153 2424 Quomodo
3177 2359 3319 2415 cnim
3341 2403 3355 2425 ,
3378 2376 3498 2416 eum
3529 2378 3628 2418 nec
3665 2364 3746 2418 in-

2158 2441 2341 2498 venire
2389 2443 2535 2498 illum
2593 2454 2808 2514 pOSSent
2833 2489 2847 2513 ,
2901 2448 3007 2504 imo
3043 2465 3111 2506 ne
3140 2451 3324 2508 videre
3349 2452 3566 2523 quidem
3604 2470 3746 2525 pra:-

2155 2543 2361 2589 sentem
2381 2537 2404 2589 ?
2422 2535 2538 2592 Non
2563 2539 2722 2594 modo
2749 2551 2926 2596 autem
2953 2552 3274 2610 prmsentein
3306 2545 3486 2600 videre
3514 2561 3621 2601 non
3641 2561 3742 2617 po-

2155 2634 2400 2694 tuerunt,
2453 2627 2548 2684 sed
2573 2644 2695 2685 cum
2745 2633 3037 2687 sciscitanti
3083 2634 3504 2706 reSponderent,
3542 2653 3610 2694 ne
3663 2638 3742 2693 sic

2150 2713 2361 2786 quidem
2381 2719 2650 2786 sciebant,
2683 2722 2926 2792 quisnam
2955 2735 3079 2779 tunc
3105 2741 3343 2796 praesens
3367 2737 3509 2783 esset
3535 2747 3548 2784 :
3574 2744 3742 2801 usque

2149 2803 2286 2863 adeo
2311 2811 2494 2865 oculos
2533 2828 2716 2867 eorum
2744 2826 3126 2872 exerceaverat.
3168 2816 3279 2872 lmo
3308 2835 3376 2874 ne
3421 2819 3472 2874 id
3523 2821 3740 2890 quidem

2149 2906 2353 2954 tantum
2372 2942 2386 2966 ,
2410 2902 2504 2957 sed
2529 2903 2690 2958 etiam
2719 2921 2845 2961 voce
2868 2907 2988 2962 illos
3007 2910 3226 2979 supinos
3256 2913 3543 2980 prostravit
3573 2930 3586 2967 :
3613 2928 3736 2968 nam

2147 3000 2206 3045 ut
2239 2991 2411 3060 dixit,
2447 2994 2604 3059 Quem
2634 2998 2856 3064 quwritis
2875 2998 2901 3051 ?
2929 2999 3176 3055 abierunt
3227 3016 3416 3058 omnes
3443 3012 3735 3060 retrorsum

2144 3083 2212 3138 ab
2241 3084 2341 3138 hac
2370 3101 2497 3140 voce
2529 3087 2687 3156 pulsi.
2715 3088 3177 3156 Quemadmodum
3204 3095 3347 3150 enim
3374 3111 3476 3150 vos
3513 3096 3733 3152 Paulum

2143 3175 2340 3245 dejeeit
2373 3185 2427 3232 et
2455 3179 2806 3248 resnpinavit,
2827 3182 2910 3235 sic
2938 3194 2989 3237 et
3016 3200 3116 3238 vox
3145 3185 3263 3240 illos
3287 3202 3473 3242 omnes
3495 3198 3738 3259 prostra-

2142 3269 2217 3323 vit
2245 3271 2501 3340 supinos;
2535 3279 2590 3327 et
2617 3274 3067 3343 quemadmodum
3097 3276 3186 3331 ille
3214 3294 3317 3333 non
3348 3280 3560 3336 videbat
3583 3296 3729 3345 eum,

2140 3375 2298 3428 quem
2342 3364 2786 3432 persequebatur,
2817 3366 2888 3421 ita
2926 3376 2981 3423 et
3027 3368 3101 3422 illi
3141 3383 3246 3424 non
3275 3369 3527 3426 videbant
3568 3389 3728 3437 cum.

2139 3467 2297 3522 quem
2348 3455 2660 3523 quaerebant
2705 3474 2719 3524 ;
2774 3456 2910 3512 sicut
2961 3459 3050 3515 ille
3113 3470 3354 3530 tempore
3407 3462 3604 3522 furoris
3646 3467 3730 3520 sui

2138 3555 2435 3599 excatcatus
2475 3555 2592 3612 est,
2637 3547 2705 3603 ita
2745 3557 2799 3604 ct
2837 3549 2910 3604 illi
2953 3559 3192 3632 tempore
3231 3551 3432 3608 furoris
3485 3555 3566 3609 sui
3605 3569 3733 3610 sunt

2138 3635 2412 3690 exemcati.
2446 3631 2656 3694 Etenim
2687 3640 2776 3696 ille
2803 3655 2925 3696 cum
2977 3642 3077 3698 iret
3122 3631 3355 3708 vinctum
3402 3645 3727 3717 discipulos.

2137 3735 2190 3780 et
2222 3725 2279 3780 hi
2300 3741 2421 3782 eum
2450 3729 2658 3784 exirent
2701 3732 2972 3802 alligatum
3023 3727 3294 3790 Christum
3317 3775 3334 3802 ,
3367 3736 3554 3792 eadem
3587 3739 3727 3808 passi

2134 3830 2279 3874 sunt.
2311 3813 2422 3877 Illic
2446 3823 2657 3878 vincula
2678 3867 2694 3892 ,
2739 3835 2791 3881 et
2817 3816 2905 3881 hic
2950 3843 3162 3898 quoque
3192 3830 3436 3895 vincula;
3473 3832 3578 3886 illic
3605 3848 3727 3902 per-

2133 3912 2377 3982 sequutio
2397 3956 2410 3980 ,
2440 3912 2527 3968 hic
2556 3915 2716 3969 etiam
2773 3921 3149 3988 persequutio,
3210 3921 3316 3976 illic
3344 3924 3556 3978 caecitas
3576 3966 3592 3992 ,
3636 3924 3723 3979 hic

2135 4003 2261 4058 item
2288 4004 2531 4069 caecitas;
2563 3996 2673 4060 illic
2703 4021 2826 4074 vox,
2851 4007 2937 4062 hic
2957 4026 3168 4079 quoque
3194 4028 3296 4066 vox
3332 4013 3560 4069 :siinilis
3583 4025 3729 4071 utro-

2129 4091 2288 4164 bique
2316 4093 2512 4149 Christi
2545 4097 2795 4165 potentia:
2838 4099 3258 4168 demonstratio,
3299 4105 3494 4160 similia
3537 4123 3718 4165 reme-

2129 4185 2261 4240 dia:
2320 4197 2376 4240 at
2415 4203 2521 4242 non
2571 4189 2763 4244 similis
2811 4193 3157 4260 emendatio;
3213 4196 3356 4276 inter
3395 4208 3719 4270 :egrotantes

2126 4277 2269 4333 enim
2298 4295 2546 4349 magnum
2577 4281 2886 4340 discrimen.
2918 4285 3055 4352 Quid
3081 4288 3222 4342 enim
3253 4291 3547 4360 stupidius,
3588 4294 3716 4362 quid

2127 4370 2384 4442 ingratius
2419 4373 2558 4429 illis?
2583 4375 2907 4433 Ceciderunt
2943 4388 3234 4436 retrorsum
3258 4423 3272 4448 ,
3304 4394 3359 4438 et
3388 4401 3571 4440 rursus
3594 4401 3717 4442 sur-

2125 4477 2411 4530 rexerunt,
2457 4482 2643 4522 rursus
2685 4469 3018 4526 invaserunt.
3048 4473 3238 4528 Annon
3283 4475 3413 4545 ipsis
3449 4477 3714 4548 lapidibus

2124 4554 2544 4612 insensibiliores
2574 4558 2768 4612 erant?
2795 4559 2864 4616 Ut
2887 4577 3016 4616 vero
3041 4562 3308 4621 discerent
3354 4566 3494 4623 hunc
3537 4569 3711 4640 ipsum

2120 4663 2270 4714 esse,
2314 4650 2402 4720 qui
2434 4650 2644 4706 dixerat
2670 4649 2806 4721 illis,
2850 4653 3011 4720 Quem
3038 4659 3300 4727 quwritis?
3343 4660 3568 4734 illosque
3619 4679 3710 4730 rc-

2121 4749 2352 4798 trursum
2382 4754 2738 4812 prostraverat
2765 4763 2916 4802 :cum
2939 4753 3332 4820 surrexissent,
3364 4753 3556 4812 iterum
3581 4755 3708 4811 dicit

2120 4832 2224 4888 illis
2246 4875 2260 4900 ,
2293 4833 2454 4901 Quem
2487 4838 2709 4906 queritis
2730 4838 2756 4891 Ρ
2809 4840 3153 4910 Respondent
3177 4844 3281 4908 illi,
3330 4844 3528 4904 Iesum.
3569 4847 3706 4902 Tum

2117 4924 2209 4979 ille
2237 4943 2251 4979 :
2279 4923 2403 4980 Dixi
2425 4928 2559 4982 vobis
2578 4970 2593 4994 ,
2621 4932 2738 4998 quia
2758 4947 2851 5002 ego
2881 4948 2990 4986 sum
3015 4932 3194 5005 (Joan.
3222 4935 3309 4992 18.
3341 4937 3394 5009 6)
3417 4956 3432 5004 ;
3456 4955 3518 4994 ac
3547 4938 3592 4993 si
3611 4937 3704 4993 .di-

2114 5023 2260 5074 ceret
2292 5035 2305 5072 :
2353 5017 2551 5073 Discite
2580 5035 2666 5076 me
2714 5037 2835 5077 eum
2871 5024 3045 5094 ipsum
3077 5042 3196 5084 esse
3217 5068 3231 5092 ,
3260 5028 3351 5099 qui
3393 5040 3550 5085 antea
3595 5029 3703 5086 disi

2114 5106 2295 5173 vobis,
2335 5105 2497 5172 Quem
2525 5112 2792 5179 qum-itis?
2833 5128 3037 5185 vosque
3063 5117 3346 5187 prostravi.
3390 5117 3587 5174 Verum
3617 5119 3704 5174 ni-

2113 5195 2188 5250 hil
2219 5195 2320 5252 hoc
2371 5199 2603 5268 profuit,
2653 5203 2747 5258 sed
2803 5204 2856 5258 in
2902 5208 3142 5262 ea‘eitate
3187 5217 3515 5264 manserunt.
3575 5208 3708 5264 limo

2110 5287 2288 5365 omnia
2338 5291 2495 5346 simul
2544 5303 2597 5348 et
2634 5307 2883 5352 accurate
2933 5298 3245 5365 conferens,
3287 5299 3432 5355 disce
3477 5299 3696 5355 Paulum

2110 5394 2216 5433 non
2255 5362 2319 5435 ex
2375 5385 2691 5440 necessitate
2730 5390 3057 5456 accessisse,
3101 5391 3197 5446 scd
3227 5407 3289 5446 ex
3335 5391 3476 5447 bono
3515 5393 3698 5451 animo

2108 5471 2425 5545 sinceraque
2450 5478 2802 5533 conscientia.

2178 5561 2231 5617 6.
2283 5564 2398 5619 Alio
2445 5573 2674 5638 exemplo
2722 5570 2962 5639 probatur
2992 5571 3213 5627 Paulum
3254 5575 3404 5630 libere
3431 5576 3499 5628 ad
3542 5576 3698 5645 ﬁdem

2104 5657 2391 5710 accessisse.
2424 5655 2559 5712 Deus
2589 5675 2687 5714 non
2717 5662 2811 5716 vim
2840 5663 2991 5734 infert
3030 5665 3328 5729 nolentibus,
3365 5665 3454 5721 sca'
3480 5667 3697 5724 volentes

2105 5745 2278 5802 trahit.
2308 5779 2374 5789 —-
2403 5748 2554 5818 Quod
2583 5751 2629 5807 si
2674 5752 2724 5808 id
2772 5752 2954 5811 feratis
3003 5758 3366 5834 patientcrquc
3415 5761 3653 5816 tuli-retis
3677 5804 3694 5831 ,
