2048 3111
144 138 209 165 ἠδ

156 193 227 220 aliud
251 193 328 228 longe
350 193 525 228 opportunius
548 194 646 226 dicam,
669 202 722 230 quo
747 194 952 223 ineluctabiliter

157 240 357 268 demonstratur
366 241 475 268 Paulum
490 248 542 268 non
553 249 586 268 ex
598 241 756 269 necessitate
766 241 799 269 ad
810 241 950 269 Dominum

155 285 313 312 accessisse.
337 284 416 312 Venit
438 285 648 320 posteail’aulus
669 286 831 313 Salaminem
851 286 931 322 Cypri
944 306 951 318 ,

156 329 249 364 ibique
271 329 372 357 invenit
396 337 501 365 magum
523 330 665 365 quemdam
694 330 749 358 sibi
777 331 952 359 obsistentem

159 376 230 411 apud
252 377 440 412 proconsulem
465 377 599 413 Sergium.
623 377 722 405 Paulus
750 385 815 405 vero
837 379 954 413 repletus

156 422 259 458 Spiritu
272 426 365 449 sancto
379 423 449 450 dixit
469 423 505 451 illi
524 423 567 451 :‘O
583 423 655 459 plene
669 424 737 451 omni
758 424 830 457 dolo,
842 428 866 451 et
887 424 957 451 omni

162 469 280 501 versutia,
293 469 332 503 ﬁli
342 468 447 502 diaboli,
459 477 510 496 non
528 469 626 497 desines
637 474 775 504 pervertere
786 470 840 497 viae
852 469 956 497 Domini

159 518 243 542 rectae
259 514 327 548 (Act.
343 515 387 542 15.
404 515 448 549 10)
460 514 548 542 illaec
567 516 767 550 persequutoris
781 515 861 543 verba
884 520 956 543 sunt.

156 560 280 588 'Cloriam
297 561 410 588 Domino
422 561 578 594 referamus,
590 561 634 597 qui
650 561 734 597 ipsutn
745 562 885 590 convertit.
900 563 957 589 An-

164 609 206 632 tea
230 605 388 639 audiebatis,
413 607 483 642 quod
505 607 656 635 devastaret
677 607 846 642 Ecclesiam,
862 607 888 634 in
910 607 959 635 do-

165 659 225 679 mos
240 652 401 687 ingrediens,
417 653 578 688 trahensque
586 653 661 681 viros
672 660 703 681 ac
717 654 841 682 mulieres
854 654 960 689 abripe-

164 702 206 725 ret
220 698 246 725 in
262 705 408 725 carcerem.
426 698 518 726 Videte
530 704 627 734 quanta
642 707 703 727 cum
719 698 813 726 ﬁducia
827 707 897 727 nunc
913 707 960 734 pro

166 742 357 777 praedicatione
379 743 502 778 loquatur
516 752 522 770 :
537 743 597 771 Non
621 744 728 777 desines,
745 745 843 779 inquit,
858 753 960 780 perver-

168 793 219 815 tere
233 789 285 815 viae
298 787 404 816 Domini
417 793 497 817 rectas
508 790 521 817 ?
544 789 577 817 Et
596 798 662 817 nunc
682 798 737 817 ecce
755 798 844 817 manus
858 790 961 817 Domini

159 841 243 866 ~super
255 838 278 860 te
291 842 301 861 :
315 838 337 860 et
350 834 399 861 erit
412 842 503 868 ειη-με,
516 839 540 862 et
554 844 604 862 non
614 835 794 870 videmusque
807 836 841 862 ad
853 841 960 870 tempus.

162 878 239 906 "ldem
253 879 399 907 remedium
414 888 492 915 mago
514 880 649 915 imposuit,
664 881 734 915 quod
747 881 797 908 sibi
813 881 861 916 ipsi
877 881 961 908 visunt

163 925 342 958 restituerat;
359 926 406 954 sed
429 926 474 953 ille
498 927 594 954 mansit
618 926 643 952 in
668 926 787 954 cmcitate
803 935 809 953 :
826 930 855 953 ut
877 926 963 954 discas

163 978 224 998 -non
237 971 404 998 vocationem
424 971 504 998 modo
518 971 629 999 Paulum
653 971 805 1004 adduxisse,
822 971 869 999 sed
883 972 962 999 etiam

171 1016 229 1050 ejus
254 1016 418 1051 propositum
444 1010 596 1044 'voluntatis.
619 1017 685 1044 Nam
709 1017 729 1044 si
744 1017 848 1045 ctecitas
867 1018 922 1045 sola
938 1018 963 1045 id

161 1060 314 1094 «etl'ecisset,
327 1062 352 1088 in
363 1069 440 1097 mago
450 1061 656 1097 etiam-idipsum
667 1062 775 1090 evenire
786 1063 962 1098 oportuisset:

171 1107 217 1134 sed
233 1114 284 1134 non
299 1108 334 1134 ita
347 1107 446 1135 factum
460 1113 512 1135 est.
529 1107 627 1135 Verum
639 1108 682 1136 ille
697 1108 803 1144 quidem
816 1113 965 1137 excaecatus

170 1157 222 1184 est,
239 1153 383 1188 proconsul
403 1157 492 1181 autem
515 1153 609 1181 videns
622 1153 659 1187 id,
682 1154 752 1188 quod
768 1153 866 1182 factum
888 1158 964 1188 erat,

159 1198 294 1226 teredidit.
310 1199 384 1226 Alius
399 1199 546 1226 remedium
566 1199 679 1234 accepit,
694 1203 721 1227 et
736 1199 805 1226 alius
814 1199 904 1227 visum
925 1207 967 1227 re-
986 1218 988 1220 τ

171 1244 318 1280 ειψοηιγίι.
334 1244 427 1272 Videte
449 1249 576 1279 quantum
598 1245 697 1272 bonum
717 1245 750 1271 sit
765 1244 871 1279 probus
885 1244 966 1272 animi

164 1289 299 1322 .aﬁ't'etus;
311 1294 438 1325 quantum
451 1297 514 1317 vero
523 1289 621 1317 malum
632 1290 832 1325 inobsequentia
843 1294 869 1317 et
879 1289 967 1317 cordis

173 1335 296 1362 durities.
319 1335 474 1362 Excaccatus
488 1339 531 1362 est
544 1342 636 1370 magus
652 1343 659 1361 :
673 1339 700 1362 et
713 1335 757 1362 ille
770 1335 835 1362 nihil
851 1336 968 1363 lucratus

164 1385 226 1415 est,
242 1380 312 1416 quod
328 1381 507 1417 inobsequens
530 1380 629 1414 fuerit;
652 1381 793 1416 proconsul
815 1388 879 1408 vero
893 1380 969 1408 Chri-

168 1430 246 1454 stum
268 1427 402 1462 cognovit.
418 1426 493 1460 Quod
516 1426 596 1462 igitur
610 1431 706 1461 sponte
729 1430 756 1454 et
778 1434 811 1454 ex
832 1426 969 1461 proposito

176 1472 321 1499 voluntatis
336 1472 480 1500 accesserit
494 1472 602 1506 Paulus,
619 1472 644 1499 id
658 1472 722 1499 satis
732 1472 786 1507 jam
801 1471 969 1499 demonsmt-

176 1521 232 1545 tum
248 1523 299 1546 est.
315 1515 417 1545 Id«vero
434 1518 489 1552 jam
502 1518 573 1550 volo,
587 1524 634 1545 vos
646 1517 672 1545 id
688 1517 769 1553 probe
781 1524 870 1549 nosse,
887 1517 969 1545 Deum

169 1572 275 1600 nempe
288 1573 340 1592 nou
356 1565 409 1592 vim
423 1564 521 1592 inferre
537 1564 697 1597 nolentibus,
719 1564 765 1591 sed
781 1564 901 1591 volentes
916 1567 971 1590 tra-

179 1609 253 1637 here.
270 1609 339 1638 -ldoo
366 1617 480 1645 namque
502 1609 587 1650 dicité
604 1610 687 1637 Nemo
712 1609 777 1636 venit
798 1609 832 1636 ad
853 1617 907 1642 me,
923 1609 972 1636 uisi

178 1657 258 1685 Pater
267 1658 448 1685 meuetraxerit
460 1666 518 1685 eum
530 1656 619 1693 (Joan.
632 1656 659 1684 6.
672 1655 727 1691 Η).
742 1655 793 1690 Qui
806 1662 870 1683 vero
881 1655 971 1687 trahit,

179 1704 314 1732 volentem
327 1705 418 1738 trahit,
434 1704 560 1740 humique
569 1703 712 1739 iacentem,
724 1710 755 1729 ac
767 1709 873 1729 manum
886 1701 974 1737 porri-

178 1754 296 1784 gentem.
314 1751 346 1778 Et
359 1755 387 1778 ut
405 1750 515 1777 discatis
535 1750 622 1784 ipsum
636 1748 735 1776 nemini
749 1748 802 1775 vim
818 1746 898 1779 ferre,
913 1750 937 1773 et
951 1746 973 1773 si

180 1797 240 1831 ipso
254 1797 362 1823 volente
382 1801 431 1823 nos
453 1795 580 1827 nolimus,
594 1802 654 1829 qua:
668 1793 702 1821 ad
723 1793 836 1820 salutem
856 1796 974 1819 nostram

181 1845 303 1876 spectant
316 1847 423 1875 pessum
436 1840 476 1868 ire
487 1846 565 1873 ;onon
579 1838 649 1874 quod
662 1840 720 1873 ejus
735 1838 857 1866 voluntas
870 1837 975 1865 infirma

183 1887 227 1920 sit,
242 1886 289 1914 sed
305 1885 377 1922 quod
390 1886 490 1914 nemini
502 1886 566 1913 velit
579 1886 763 1913 necessitatem
773 1883 877 1911 [inferre
889 1892 895 1910 ε
908 1882 977 1911 hanc

180 1940 240 1960 rem
251 1931 400 1967 disquirere
418 1939 530 1960 necesse
553 1935 603 1964 est,
620 1931 744 1967 quoniam
766 1929 842 1957 multi
864 1935 935 1963 smpe
950 1927 976 1955 in

183 1976 306 2013 θεειιίῑίθί
319 1983 374 2004 suae
387 1976 527 2004 obtentum
541 1976 590 2004 hac
604 1975 672 2003 futili
686 1978 797 2002 utuntur
806 1973 976 2001 defensione:

185 2030 310 2059 stepeque
325 2023 419 2051 moniti
437 2027 466 2050 ut
478 2022 699 2050 illuminationem
714 2028 762 2048 seu
777 2020 905 2055 baptisma
918 2026 978 2046 sus-

185 2070 295 2105 cipiant,
311 2070 372 2097 vitae
387 2070 536 2097 institutum
559 2063 585 2096 in
604 2068 699 2095 melius
718 2069 891 2098 commutent,
913 2064 980 2091 alia-

182 2123 239 2150 que
251 2115 348 2143 similia
363 2115 431 2142 bona
453 2122 534 2149 opera
556 2116 743 2147 exsequantur,
761 2117 825 2139 tunc
845 2111 881 2138 illi
897 2110 979 2145 pigri-

186 2156 909 2167 _—_____.______._————

802 2175 1211 2220 REPREHENS‘IO

496 138 540 166 .S.
554 137 698 166 ‘JOANNIS
708 137 952 166 'CHKYSOSTOMl
973 137 1419 166 A‘ltClllEP."CONSTKNTlNOP.

1738 135 1797 163 πε

1006 199 1092 223 tantes
1099 201 1125 223 et
1139 195 1299 231 refugientes
1311 196 1345 223 ita
1358 194 1522 230 respondent
1536 201 1542 221 τ
1554 193 1584 222 Si
1593 193 1665 221 Deus
1674 193 1783 221 vetuerit
1790 184 1810 223 .’

1006 243 1175 278 persuadebit
1196 243 1259 270 mihi
1281 246 1315 272 et
1331 246 1481 270 convertar.
1503 240 1574 269 Sane
1596 248 1650 268 non
1672 240 1799 267 criminor

1004 289 1077 321 illos,
1102 288 1149 316 sed
1168 287 1315 315 admodum
1340 286 1557 322 approbo,~~quod
1581 286 1614 313 ad
1629 285 1799 313 voluntatem

1008 335 1054 363 Dei
1068 334 1237 370 confugiant;
1253 334 1301 361 sed
1315 334 1375 360 volo
1387 338 1415 361 ut
1425 341 1467 366 ea,
1479 340 1539 368 quas
1550 340 1633 368 penes
1643 333 1718 367 ipsos
1728 337 1801 364 sunt.

1000 382 1130 414 aderant,
1145 386 1173 409 et
1193 381 1232 409 sic
1245 381 1344 413 dicunt,
1360 380 1389 408 Si
1412 381 1482 408 Deus
1504 379 1629 407 voluerit.
1644 378 1711 406 Nam
1731 378 1754 406 si
1776 382 1802 406 to

1007 436 1103 457 somno
1124 435 1156 456 ac
1170 427 1292 463 segnitiei
1316 427 1428 460 dedens,
1452 434 1505 454 non
1519 426 1625 453 coneris
1637 425 1706 453 bona
1722 424 1803 452 edere

1009 482 1101 510 opera,
1124 474 1172 502 sed
1195 474 1242 502 Dei
1265 478 1366 501 tantum
1390 472 1550 501 voluntatem
1573 471 1714 506 abieceris,
1737 470 1803 498 nihil

1010 529 1114 554 eorum,
1128 520 1225 556 quibus
1236 527 1304 555 opus
1314 519 1408 553 habes,
1417 518 1715 553 adipiscerisumquam.
1724 516 1803 549 Nam,

1011 571 1040 594 ut
1053 566 1186 599 dicebam,
1202 565 1362 593 necessitate
1374 564 1444 592 ac‘vi
1460 563 1594 591 neminem
1608 570 1732 597 umquam
1745 562 1805 591 idle

1010 613 1133 649 git’Deus
1147 621 1153 639 :
1165 612 1214 639 sed
1228 613 1284 639 vult
1296 611 1403 646 quidem
1417 616 1510 638 omnes
1523 609 1611 636 salvos
1626 608 1694 640 ﬁeri,
1706 607 1805 635 nemini

1012 666 1078 687 vero
1092 659 1279 686 necessitatem
1292 656 1402 690 inducit,
1417 654 1640 691 quemadmodum
1660 658 1687 681 et
1708 653 1806 681 Paulus

1012 703 1078 731 dicit
1094 712 1101 731 :
1118 703 1168 737 Qui
1179 703 1231 730 vult
1243 710 1328 730 omnes
1341 701 1457 729 homines
1468 700 1551 727 salvos
1566 700 1631 734 ﬁeri,
1645 703 1668 726 et
1681 698 1716 725 ad
1731 699 1807 734 agni.

1014 750 1108 777 tionem
1116 748 1331 776 r-ueritatia-oenire
1346 748 1384 782 (l.
1397 746 1467 774 'I‘im.
1480 746 1508 773 2.
1522 744 1715 781 1).'Quomode
1728 744 1807 780 igitur

1009 803 1068 822 non
1081 803 1174 823 omnes
1195 794 1260 822 salvi
1283 793 1365 824 ﬁunt,
1381 793 1404 820 si
1422 792 1477 819 vult
1499 798 1592 819 omnes
1615 790 1703 818 salvos
1725 789 1804 817 lteri?

1015 842 1084 876 Quia
1097 850 1150 869 non
1164 841 1282 869 omnium
1293 839 1416 868 voluntas
1430 838 1489 873 eius
1504 838 1665 866 voluntatem
1679 836 1806 871 sequitur;

980 911 985 915 .
1016 889 1061 916 ille
1074 896 1139 916 vero
1153 887 1253 915 nemini
1275 886 1328 913 vim
1350 885 1440 913 infert.
1464 884 1508 912 Sic
1519 888 1547 911 et
1559 883 1592 910 ad
1605 882 1751 910 Jerusalem
1765 881 1809 909 di-

1016 934 1052 961 cit
1073 942 1080 961 :
1102 932 1256 966 Jerusalem,
1276 930 1438 963 Jerusalem,
1453 929 1550 965 quoties
1572 928 1639 955 uolui
1657 934 1811 962 congregare

1018 980 1086 1014 ﬁlios
1104 984 1170 1012 tuos,
1192 983 1217 1006 et
1240 977 1357 1005 noluistis
1379 976 1454 1011 (Luc.
1471 976 1514 1003 15.
1531 972 1688 1009 ὓιηρυίᾶ
1710 972 1810 1008 igitur?

1015 1024 1086 1052 Ecce
1106 1024 1260 1058 relinquetur
1282 1023 1371 1049 domus
1393 1025 1474 1048 uestra
1497 1020 1594 1047 deserta
1615 1018 1676 1054 (Ib.
1698 1026 1722 1045 υ.
1744 1018 1808 1052 55).

1018 1070 1112 1098 Viden’
1125 1068 1197 1104 quod
1217 1068 1267 1096 etsi
1282 1068 1352 1095 Deus
1371 1067 1436 1094 velit
1455 1073 1503 1093 nos
1525 1064 1616 1092 salvos
1641 1063 1748 1096 facere,
1763 1069 1812 1089 nos

1018 1120 1106 1144 autem
1140 1114 1268 1143 accedere
1294 1114 1425 1146 nolimus,
1449 1112 1476 1139 in
1503 1111 1610 1139 interitu
1636 1109 1811 1137 maneamus?

1018 1161 1076 1189 Non
1087 1161 1158 1189 enim
1173 1161 1294 1193 invitum,
1305 1159 1514 1189 non-nolentem,
1522 1161 1556 1184 ut
1566 1163 1639 1191 saepe
1651 1159 1753 1190 repeto.
1765 1154 1812 1182 sed

1012 1207 1147 1235 libentem
1161 1210 1188 1234 et
1202 1206 1335 1233 volentem
1346 1204 1480 1231 hominem
1489 1207 1518 1229 ut
1531 1202 1633 1229 salvum
1646 1198 1724 1228 faciat
1743 1199 1812 1227 Deus

1021 1258 1130 1289 paratus
1143 1257 1193 1281 est.
1207 1252 1335 1279 Homines
1347 1250 1454 1286 quidem
1469 1248 1582 1276 ‘famulis
1599 1246 1750 1275 volentibus
1764 1252 1813 1273 no-

1021 1298 1136 1326 lentibus
1150 1296 1282 1325 dominari
1296 1300 1324 1323 et
1345 1296 1477 1330 imperare
1488 1293 1595 1326 volunt,
1610 1299 1663 1319 non
1677 1291 1710 1318 ad
1721 1297 1814 1318 servo-

1014 1353 1080 1373 rum
1097 1345 1247 1376 utilitatem,
1262 1341 1309 1370 sed
1324 1341 1358 1369 ad
1370 1348 1446 1368 suam
1457 1339 1636 1374 respicientes
1651 1338 1739 1365 :Deus
1752 1343 1814 1363 vero

1014 1391 1068 1427 (qui
1089 1391 1194 1418 nomine
1218 1389 1328 1424 indiget,
1343 1395 1403 1415 cum
1427 1386 1475 1414 tibi
1497 1386 1682 1414 demonstrare
1702 1383 1766 1410 velit
1785 1389 1815 1409 se

1024 1437 1094 1465 nulla
1116 1443 1204 1464 rerum
1229 1440 1379 1462 nostrarum
1403 1432 1580 1467 indigentem,
1596 1431 1750 1458 servitutem
1766 1436 1815 1455 no«

1024 1488 1106 1511 stram
1132 1486 1268 1516 expetere,
1296 1479 1344 1507 sed
1360 1478 1393 1506 ad
1418 1478 1558 1505 utilitatem
1584 1476 1670 1503 solum
1698 1478 1815 1502 nostram

1024 1529 1157 1563 respicere
1169 1536 1178 1560 ;
1193 1534 1225 1555 ac
1239 1534 1292 1553 non
1308 1525 1342 1552 ad
1356 1532 1431 1552 usum
1445 1530 1533 1555 suum,
1547 1521 1594 1549 sed
1607 1521 1641 1548 ad
1653 1520 1817 1548 emolumen-

1025 1580 1082 1602 tum
1097 1578 1215 1601 nostrum
1229 1580 1259 1600 se
1273 1571 1362 1599 omnia
1376 1570 1464 1597 facere
1478 1578 1484 1596 :
1500 1568 1551 1597 nisi
1570 1571 1666 1603 sponte
1679 1573 1710 1593 ac
1724 1565 1817 1592 volen-

1028 1625 1068 1647 tes
1081 1619 1244 1654 gratiamquc
1266 1616 1403 1645 servitutis
1416 1615 1464 1650 ipsi
1480 1614 1622 1642 reddentes
1640 1611 1816 1642 accedamus.

1024 1667 1126 1695 invitos
1138 1673 1169 1693 ac
1181 1665 1332 1693 resilientes
1352 1668 1497 1697 numquam
1516 1660 1587 1695 cogit
1600 1666 1651 1686 nec
1669 1658 1694 1685 vi
1717 1656 1817 1692 adigit;

1028 1716 1058 1740 ut
1072 1710 1206 1743 ostendat,
1220 1717 1273 1738 non
1289 1716 1318 1737 se
1330 1708 1408 1736 nobis
1420 1706 1531 1742 gratiam
1551 1704 1695 1737 servitutis,
1711 1703 1757 1731 sed
1771 1709 1820 1730 nos

1030 1758 1080 1793 ipsi
1092 1757 1203 1793 gratiam
1219 1755 1358 1783 habituros
1369 1761 1430 1781 esse
1444 1751 1564 1780 dominii.
1582 1751 1643 1778 llaec
1657 1750 1745 1784 itaque
1759 1755 1819 1775 cum

1029 1804 1156 1835 sciamus,
1178 1801 1282 1829 Domini
1297 1799 1465 1828 clementiam
1486 1796 1695 1826 considerantes,
1710 1793 1819 1828 dignum

1030 1849 1089 1885 eius
1102 1847 1277 1883 benignitate,
1292 1849 1419 1881 quantum
1434 1843 1544 1871 facultas
1565 1841 1626 1872 erit,
1641 1840 1701 1866 vine
1714 1838 1821 1865 institu-

1033 1900 1087 1922 tum
1102 1893 1285 1925 exhibeamus,
1300 1895 1329 1918 ut
1354 1895 1381 1918 et
1404 1895 1515 1924 regnum
1536 1887 1661 1914 cmlorum
1677 1891 1821 1918 consequa-

1032 1949 1112 1969 mur:
1127 1947 1180 1976 quo
1204 1946 1254 1967 nos
1273 1940 1412 1966 consortes
1436 1935 1491 1962 ﬁeri
1512 1934 1667 1968 teontuigat.
1690 1931 1774 1966 gratia
1796 1933 1823 1957 ct

1033 1975 1196 2013 humanitate
1215 1983 1324 2012 Domini
1340 1980 1423 2009 nostri
1435 1980 1497 2007 Jesu
1518 1978 1631 2011 Christi,
1645 1976 1687 2004 cui
1700 1975 1823 2011 gloria-et

1035 2032 1186 2067 imperium,
1202 2037 1254 2057 una
1267 2036 1327 2057 eum
1350 2028 1428 2056 Patre
1440 2030 1467 2053 et
1485 2028 1578 2052 sancto
1590 2023 1700 2058 Spiritu,
1715 2028 1785 2049 nunc
1798 2024 1825 2047 et

1035 2084 1150 2111 semper,
1167 2080 1195 2103 et
1209 2075 1234 2103 iu
1247 2073 1342 2101 stecula
1359 2072 1526 2099 smeulorum.
1542 2070 1636 2096 Amen.

1156 2139 1825 2156 ______________________.

188 2262 313 2290 EORUM,
329 2261 383 2288 QUI
405 2259 553 2282 ΔΒΕΒΔΝΤ
573 2258 613 2281 ΔΒ
636 2257 795 2283 ECCLESIA,
819 2255 859 2276 ΕΤ
881 2253 970 2275 (201101

1023 2252 1082 2274 ,τιο
1104 2252 1145 2273 ΑΙ)
1167 2248 1365 2275 PILESENTES,
1400 2246 1442 2267 UT
1463 2245 1572 2266 CUIlAM
1593 2243 1720 2266 GERANT
1744 2241 1829 2263 ΈἮΔτ-

231 2311 322 2333 τιιωι
345 2312 353 2331 ε

229 2361 443 2383 ιιυωιιιτΔτιῑ.

851 2398 971 2405 ———-

231 2431 257 2466 i.
280 2438 319 2465 De
342 2437 468 2473 paucitate
484 2436 629 2463 auditorum
648 2435 777 2470 loquitur;
791 2443 863 2462 utitor
885 2434 988 2469 propria

194 2486 256 2522 facit
277 2492 334 2520 quae
350 2483 504 2511 communia.
529 2482 551 2510 Τ
551 2481 705 2509 abemacula
729 2485 887 2517 peccatorum
901 2481 990 2507 domus

198 2532 310 2567 primae.
325 2546 360 2551 —
370 2529 439 2558 Cum
453 2529 485 2557 ad
501 2534 619 2557 vestram
635 2528 794 2564 paucitatem
810 2527 902 2555 oculos
917 2533 991 2554 meos

197 2583 336 2609 converto,
362 2580 390 2604 et
411 2575 530 2604 collectis
554 2575 582 2602 in
608 2574 719 2610 singulis
738 2580 845 2609 gregem
873 2577 991 2600 nostrum

175 2626 179 2630 ‘
200 2623 330 2651 minorem
340 2622 401 2650 ﬁeri
417 2629 509 2654 cerno,
534 2622 637 2648 mtereo
654 2619 772 2647 simulet
786 2618 888 2653 gaudeo
905 2627 911 2644 :
928 2626 992 2653 gau-

201 2671 251 2698 deo
267 2669 372 2705 quidem
394 2673 503 2704 propter
516 2675 581 2701 vos,
596 2667 641 2702 qui
665 2666 765 2694 adestis
782 2675 789 2692 ε
808 2672 908 2693 mmreo
931 2672 994 2692 vero

203 2722 310 2752 propter
324 2717 394 2749 illos,
410 2715 456 2751 qui
477 2715 583 2743 absunt.
606 2713 671 2741 Nam
687 2720 735 2740 vos
753 2712 860 2748 quidem
873 2711 996 2738 laudibus

203 2762 276 2797 digni
292 2762 367 2795 estis,
382 2761 453 2797 quod
468 2768 518 2789 nec
531 2760 587 2795 ipsa
600 2759 720 2795 paucitas
733 2757 938 2793 negligentiores
950 2763 997 2783 vos

204 2807 370 2834 reddiderit:
385 2807 422 2835 illi
445 2814 508 2835 vero
527 2804 682 2834 criminibus
703 2808 766 2831 sunt
784 2801 908 2835 obnoxii,
931 2809 999 2837 quos

206 2861 292 2889 neque
301 2853 417 2881 studium
430 2857 547 2881 vestrum
561 2852 593 2879 ad
605 2851 732 2886 maiorem
746 2849 826 2877 animi
840 2848 998 2884 promittitu-

976 2385 1051 2412 mc

377 2311 418 2332 ετ
440 2310 472 2331 IN
495 2307 680 2331 rnooemuu
704 2304 861 2327 EPISTOLIE
876 2305 917 2326 an
933 2301 1134 2330 CORINTHIOS,
1151 2300 1272 2323 PAULUS
1293 2296 1435 2320 vocares
1457 2287 1503 2327 (ι.
1522 2286 1597 2317 Cor.
1619 2295 1643 2315 1.
1659 2294 1669 2314 ι
1684 2284 1708 2324 ),
1727 2293 1767 2314 ετ
1789 2291 1831 2312 οε

1052 2391 1171 2398 ———

1044 2431 1132 2458 dinem
1157 2427 1289 2457 emiutrit.
1305 2426 1447 2460 Propterea
1469 2424 1562 2451 beatos
1583 2429 1631 2449 vos
1655 2419 1785 2456 praedico,
1807 2422 1835 2445 et

1044 2477 1212 2505 mmulatione
1233 2474 1327 2509 dignos
1348 2478 1456 2504 censeo,
1470 2469 1541 2505 quod
1556 2468 1619 2495 nihil
1641 2466 1715 2493 vobis
1728 2464 1836 2492 illorum

1045 2522 1167 2551 nocuerit
1190 2519 1349 2555 negligentia
1365 2526 1372 2545 :
1388 2517 1501 2544 miseros
1524 2518 1612 2542 autem
1627 2512 1687 2540 illos
1701 2509 1837 2547 przedico,

1045 2574 1072 2596 et
1086 2566 1211 2603 lacrymis
1219 2571 1376 2601 prosequor,
1387 2561 1455 2598 quod
1465 2560 1529 2589 nihil
1539 2567 1588 2588 eos
1596 2557 1712 2586 studium
1721 2560 1837 2584 vestrum

1047 2602 1163 2650 potuerit
1185 2611 1319 2646 adjuvare.
1341 2609 1401 2636 Non
1424 2607 1495 2635 enim
1521 2605 1676 2641 prophetam
1700 2602 1840 2630 audierunt

1048 2647 1179 2689 dicentem
1197 2668 1204 2686 :
1221 2657 1295 2693 Elegi
1317 2656 1428 2692 objector
1449 2661 1501 2681 esse
1524 2653 1551 2680 in
1574 2652 1649 2679 domo
1672 2649 1719 2677 Dei
1740 2647 1840 2693 magis,

1048 2716 1124 2742 quant
1146 2704 1259 2733 habitare
1272 2692 1299 2730 in
1325 2700 1492 2729 tabernaculis
1514 2702 1672 2734 peccatorum
1689 2693 1773 2742 (Paul.
1796 2692 1840 2721 85.

1050 2740 1105 2788 il).
1121 2751 1179 2779 Non
1190 2750 1268 2781 dixit,
1279 2748 1350 2784 Elogi
1362 2746 1484 2774 habitare
1494 2745 1520 2772 in
1530 2744 1611 2771 domo
1623 2742 1669 2770 Dei
1682 2740 1745 2773 mei,
1756 2744 1844 2788 neque

1052 2784 1162 2831 versari,
1176 2804 1262 2832 neque
1276 2794 1377 2831 ingredi
1393 2801 1400 2821 :
1414 2791 1472 2825 sed,
1487 2789 1561 2826 ΕΙῳὶ
1572 2789 1683 2825 abiectus
1697 2794 1759 2814 esse.
1771 2784 1844 2812 Licet

1055 2846 1124 2873 inter
1139 2843 1246 2870 ultimos
1261 2846 1395 2873 numerer,
1412 2837 1473 2866 boni
1488 2835 1611 2869 consulo,
1627 2834 1676 2862 hac
1690 2840 1719 2861 re
1734 2835 1845 2860 contm—
