4096 6222
343 409 450 466 145

340 528 521 599 θύρων
551 523 806 593 ἐπιϐῆναι
853 518 1194 584 καταξιωθῶ,
1238 518 1408 588 φησί·
1454 517 1724 587 μεγίστην
1753 511 1916 584 ἡγοῦ-

341 597 440 682 μαι
464 607 694 678 δωρεὰν,
737 604 837 658 κάν
867 620 933 673 με
969 603 1078 655 τῶν
1118 601 1446 654 τελευταίων
1482 597 1807 682 ἀριθμήσε-ιέ
1833 612 1917 682 τις

337 678 398 747 ἐν
425 691 504 762 τῷ
535 689 668 758 οἴκῳ
717 685 813 741 τοῦ
863 685 998 761 Θεοῦ
1043 701 1166 754 μου.
1199 684 1304 736 Τὸν
1355 682 1531 735 κοινὸν
1585 678 1918 762 Δεσπότηνό

338 760 506 838 πόθος
527 773 658 827 ἴδιον
686 760 963 823 ποιεῖται·
992 768 1233 821 τοιοῦτον
1255 766 1364 837 γὰρ
1392 768 1426 836 ἡ
1458 765 1668 834 ἀγάπη.
1714 765 1815 816 Ἐν
1841 760 1924 826 τῷ

338 858 485 924 οἴκῳ
519 855 624 909 τοῦ
658 852 806 908 Θεοῦ
848 868 990 920 μου.
1027 851 1084 903 ’0
1117 849 1286 918 φιλῶν
1317 849 1444 918 οὑχ).
1485 847 1575 900 τὸν
1602 846 1919 916 φιλούμενον

343 937 505 1011 μόνον
549 936 811 1007 ἐπιθυμεῖ
853 935 1003 996 ἰδεῖν,
1056 931 1191 984 ἀλλά
1239 931 1332 985 καὶ
1380 930 1471 983 τὸν
1525 925 1670 982 οἷκον
1709 927 1919 980 ἐκείνου

343 1023 523 1092 μόνον,
553 1021 688 1075 ἀλλά
737 1021 831 1072 καὶ
862 1019 954 1072 τὸν
983 1017 1228 1070 πυλῶνα·
1261 1015 1383 1084 οὑχὶ
1431 1013 1521 1067 τὸν
1561 1012 1780 1064 πυλῶνα
1820 1011 1918 1079 τῆς

339 1105 518 1167 οἰκίας
555 1105 736 1174 μόνον,
783 1101 920 1156 ἀλλά
963 1101 1056 1153 καὶ
1102 1099 1266 1152 αὑτὸν
1301 1097 1394 1150 τὸν
1432 1094 1704 1148 στενωπὸν
1739 1094 1831 1145 καὶ
1858 1092 1919 1144 τὸ

344 1187 585 1258 ἄμφοδον
607 1204 620 1216 ·
656 1187 751 1239 καὶ
784 1186 887 1239 κᾶν
923 1185 1156 1254 ἱμάτιον,
1189 1181 1290 1234 κάν
1315 1180 1565 1249 ὑπόδημα
1595 1179 1678 1248 ίδῃ
1715 1175 1806 1228 τοῦ
1834 1193 1919 1243 φι-

341 1271 626 1340 λουμένου,
679 1268 840 1323 αὑτὸν
890 1268 1104 1336 νομίζει
1143 1267 1396 1334 παρεῖναι
1437 1263 1526 1315 τὸν
1573 1260 1916 1330 φιλούμενον.

341 1352 587 1404 Τοιοῦτοι
637 1348 778 1420 ἦσαν
829 1349 879 1401 οἰ
925 1349 1236 1416 προφῆται·
1281 1344 1468 1414 ἐπειδὴ
1517 1345 1610 1396 τὸν
1660 1342 1792 1395 Θεὸν
1823 1342 1921 1409 οὑχ

339 1431 528 1505 ἐώρων
556 1431 647 1485 τὸν
674 1431 986 1500 ἀσώματον,
1017 1427 1204 1499 ἐώρων
1237 1429 1327 1480 τὸν
1377 1423 1544 1490 οἷκον,
1576 1424 1667 1477 καὶ
1708 1422 1796 1476 διὰ
1825 1420 1920 1474 τοῦ

339 1517 490 1569 οἴκου
533 1516 634 1585 τὴν
671 1514 884 1568 ἐκείνου
925 1509 1230 1582 παρουσίαν
1267 1510 1648 1577 ἐφαντάζοντο.
1691 1506 1922 1570 Ἐξελε-

340 1597 541 1669 είίμην
572 1593 1104 1665 παραρῤιπτεῖσθαι
1127 1592 1197 1645 ἐν
1232 1591 1313 1656 τῷ
1337 1592 1479 1654 οἴκῳ
1500 1590 1605 1643 τοῦ
1633 1588 1780 1642 Θεοῦ
1800 1605 1920 1657 μου

334 1680 596 1751 μᾶλλον,
641 1679 680 1746 ἢ
710 1678 896 1731 οἰκεῖν
921 1692 997 1744 με
1021 1676 1090 1728 ἐν
1116 1671 1509 1741 σκηνώμασιν
1537 1669 1917 1740 ἁμαρτωλῶν.

341 1765 614 1826 ’Ἕκαστος
637 1762 820 1824 τόπος,
847 1761 1076 1812 ἕκαστον
1102 1757 1323 1828 χωρίον,
1351 1755 1486 1824 πρὸς
1507 1753 1606 1824 τὴν
1635 1753 1919 1824 σύγκρισιν

339 1844 434 1898 τοῦ
463 1844 613 1897 οἴκου
647 1843 740 1896 τοῦ
778 1839 935 1903 Θεοῦ,
969 1841 1232 1911 σκήνωμα
1264 1836 1604 1908 ἁμαρτωλῶν
1647 1838 1783 1897 ἐστι,
1815 1835 1918 1888 κᾶν

339 1929 690 1999 δικαστήριον
733 1927 914 1995 εἴπῃς,
953 1923 1052 1976 κᾶν
1091 1922 1490 1992 βουλευτήριον,
1520 1919 1624 1972 κᾶν
1656 1919 1754 1988 τὴν
1787 1918 1918 1970 ἐκά-

343 2029 470 2065 στου
501 2012 698 2064 οἰκίαν.
735 2008 854 2063 Κᾶν
879 2007 990 2078 γάρ
1027 2006 1184 2076 εύχαὶ
1211 2005 1466 2072 γίνωνται
1507 2005 1641 2066 ἐκεῖ,
1678 2001 1782 2055 κᾶν
1812 2002 1921 2054 ἱκε-

341 2095 554 2167 τηρίαι,
609 2094 731 2146 ἀλλ’
773 2092 987 2161 ἀνάγκη
1039 2090 1133 2144 καὶ
1167 2088 1500 2157 φιλονεικίας
1548 2085 1792 2154 γίνεσθαι
1827 2086 1920 2138 καὶ

345 2182 527 2250 μάχας
569 2179 663 2231 καὶ
694 2177 985 2247 λοιδορίας,
1030 2173 1122 2250 καὶ
1164 2172 1451 2240 συλλόγους
1481 2171 1618 2241 ὑπὲρ
1653 2169 1920 2239 βιωτικῶν

344 2249 673 2332 φροντίδων·
707 2261 735 2312 ὁ
763 2259 820 2312 δέ
843 2253 990 2320 οἶκος
1019 2249 1175 2318 οὗτος
1205 2254 1410 2307 τούτων
1441 2251 1738 2323 καθαρεύει
1781 2251 1921 2303 πάν-

340 2362 449 2396 των
471 2359 485 2372 ·
517 2342 608 2397 διὰ
633 2342 810 2409 τοῦτο,
853 2341 1036 2393 ἐκεῖνα
1066 2339 1163 2410 μὲν
1198 2335 1532 2407 σκηνώματα
1559 2333 1919 2406 ἁμαρτωλῶν,

341 2423 494 2490 οὗτος
525 2427 582 2480 δέ
613 2423 760 2489 οἶκος
795 2424 891 2479 τοῦ
930 2421 1067 2477 Θεοῦ
1091 2439 1104 2452 ·
1138 2421 1232 2475 καὶ
1273 2419 1523 2490 καθάπερ
1553 2419 1716 2488 λιμὴν
1760 2435 1924 2470 πνευ-

349 2511 534 2580 μάτων
559 2511 652 2563 καὶ
675 2509 936 2579 κυμάτων
963 2504 1380 2577 ἀπηλλαγμένος
1404 2502 1606 2572 πολλὴν
1629 2504 1740 2564 τοῖς
1767 2505 1919 2572 ὁρμι-

343 2595 595 2662 ζομένοις
637 2593 842 2654 πλοίοις
884 2591 1118 2661 παρέχει
1162 2589 1258 2658 τὴν
1311 2587 1634 2656 ἀσφάλειαν,
1672 2585 1815 2638 οὕτω
1857 2587 1922 2657 δὴ

343 2676 437 2728 καὶ
483 2679 512 2728 ό
558 2677 652 2729 τοῦ
696 2674 831 2728 Θεοῦ
866 2671 1032 2736 οἶκος,
1080 2673 1268 2743 ὥσπερ
1309 2671 1416 2724 ἀπό
1465 2689 1607 2734 τινος
1655 2669 1922 2741 χειμῶνος

340 2757 450 2811 τῶν
491 2757 691 2824 ἔξωθεν
732 2756 1074 2828 πραγμάτων
1105 2757 1230 2817 τοὺς
1271 2753 1536 2816 εἰσιόντας
1573 2752 1918 2823 ἐξαρπάζων,

319 2841 485 2910 ’μετά
530 2842 733 2910 πολλῆς
782 2839 1009 2912 παρέχει
1043 2839 1141 2908 τῆς
1183 2839 1427 2909 γαλήνης
1479 2839 1571 2891 καὶ
1611 2838 1712 2909 τῆς
1741 2839 1920 2907 ἀσφα-

340 2925 492 2990 λείας
542 2927 787 2988 έστάναι,
841 2925 935 2977 καὶ
991 2923 1100 2976 τῶν
1145 2923 1302 2976 θείων
1351 2922 1653 2994 ἀκροᾶσθαι
1701 2923 1915 2992 λογίων.

342 3007 512 3061 Τοῦτο
532 3007 592 3060 τὸ
613 3007 813 3078 χωρίον
846 3005 1100 3069 ὑπόθεσίς
1126 3007 1273 3058 ἐστιν
1301 3005 1521 3076 ἀρετῆς,
1551 3005 1921 3059 διδασκαλεῖον

341 3089 691 3161 φιλοσοφίας·
719 3089 819 3143 οὑκ
845 3091 902 3142 ἐν
933 3089 1148 3156 συνάξει
1178 3090 1358 3160 μόνον,
1386 3090 1474 3144 ὅτε
1495 3091 1758 3160 ἀκρόασις
1788 3090 1922 3160 Γρά-

340 3172 460 3242 φῶν
495 3174 590 3228 καὶ
621 3172 934 3227 διδασκαλία
964 3173 1330 3242 πνευματική,
1365 3172 1456 3226 καὶ
1492 3172 1768 3244 συνέδριον
1809 3173 1921 3225 lla-

338 3257 514 3329 τὲρων
540 3257 832 3328 αίδεσίμων
848 3255 1014 3308 ·ἀλλά
1032 3255 1127 3309 καὶ
1145 3257 1200 3309 ἐν
1226 3257 1389 3309 παντὶ
1423 3255 1500 3326 τῷ
1527 3257 1702 3328 λοιπῷ
1723 3258 1916 3328 καιρῷ,

339 3341 562 3412 ἐπίϐηθι
607 3339 717 3395 τῶν
772 3339 1065 3412 προθύρων
1108 3341 1288 3411 μόνον,
1325 3342 1417 3394 καὶ
1461 3341 1662 3404 εὐθέως
1715 3341 1918 3394 ἀπέθου

338 3422 439 3486 τάς
467 3423 754 3493 φροντίδας
779 3422 880 3486 τάς
917 3422 1193 3492 βιωτικάς.
1231 3421 1451 3475 Εἴσελθε
1494 3421 1603 3474 τῶν
1633 3422 1930 3494 προθύρων-

338 3504 493 3564 εἴσω,
517 3505 613 3558 καῖ
637 3504 892 3574 καθάπερ
917 3503 1060 3577 αὔρα
1085 3521 1170 3567 τις
1199 3504 1540 3575 πνευματικὴ
1573 3504 1918 3576 περιίσταταί

339 3602 438 3640 σου
471 3587 570 3657 τὴν
594 3585 794 3657 ψυχήν.
825 3585 973 3656 Δὺτη
1003 3588 1037 3656 ή
1077 3586 1278 3656 ἡσυχία
1302 3587 1383 3648 εἰς
1415 3587 1618 3657 φρίκην
1646 3586 1793 3655 ἄγει,
1824 3589 1919 3640 καὶ

339 3668 581 3722 διδάσκει
617 3669 955 3737 φιλοσοφεῖν·
986 3667 1236 3738 ἀνίστησι
1268 3667 1330 3720 τὸ
1371 3668 1646 3739 φρόνημα,
1682 3671 1774 3722 καὶ
1817 3671 1917 3722 οὑκ

339 3753 535 3821 ἀφίησι
568 3751 878 3823 μεμνῆσθαι
907 3751 1018 3806 τῶν
1055 3751 1360 3823 παρόντων,
1388 3751 1673 3822 μεθίστησί
1705 3769 1762 3805 σε
1810 3753 1920 3806 ἀπὸ

338 3835 443 3904 γῆς
478 3837 558 3898 εἰς
587 3834 679 3887 τὸν
715 3834 963 3906 οὑρανόν.
991 3835 1054 3887 Εἰ
1079 3833 1138 3887 δέ
1164 3835 1334 3905 χωρὶς
1368 3832 1640 3898 συνάξεως
1665 3835 1917 3888 τοσοῦτον

339 3917 400 3969 τὸ
445 3916 636 3989 κέρδος
676 3917 774 3988 τῆς
815 3915 1050 3970 ἐνταῦθα
1103 3916 1426 3987 παρουσίας,
1475 3918 1602 3970 ὅταν
1640 3919 1917 3989 προφῆται

338 3999 606 4053 πάντοθεν
663 3998 880 4070 βοῶσιν,
931 4001 1060 4054 ὅταν
1105 3999 1391 4053 ἀπόστολοι
1434 4000 1916 4068 εὑαγγελίζονηαι,

337 4083 468 4137 ὅταν
493 4081 522 4135 ὁ
551 4083 786 4154 Χριστὸς
828 4084 886 4135 ἐν
917 4083 1066 4154 μέσῳ
1103 4084 1351 4154 εἰστήκῃ,
1385 4084 1513 4137 ὅταν
1556 4085 1744 4156 Πατὴρ
1783 4085 1917 4138 ἀπο-

335 4163 558 4238 δέχηται
593 4164 664 4219 τά
684 4165 962 4236 γινόμενα,
996 4167 1123 4218 ὅταν
1157 4164 1308 4237 [150]
1345 4167 1570 4238 Πνεῦμα
1600 4169 1752 4236 ἀγιον
1779 4185 1917 4238 παρ-

336 4247 435 4320 έχῃ
477 4247 576 4321 τὴν
627 4247 839 4301 οἰκείαν
887 4245 1233 4315 ἀγαλλίασιν,
1283 4247 1456 4316 πόσης
1509 4250 1605 4317 μὲν
1652 4250 1917 4318 ὠφελείας

337 4329 740 4404 ἐμπλησθέντες
780 4332 827 4383 οἱ
883 4331 1148 4402 παρόντες
1196 4330 1555 4401 ἀπέρχονταιί
1591 4333 1640 4384 οί
1687 4333 1916 4396 ἀπόντες

337 4413 396 4466 δὲ
426 4412 596 4484 πόσην
622 4412 825 4484 ζημίαν
859 4413 1252 4484 ὑπομένουσινί

423 4557 754 4628 Ἐϐουλόμην
783 4559 984 4612 εἰδέναι
1026 4556 1129 4610 ποῦ
1167 4557 1536 4628 διατρίϐουσιν
1571 4558 1618 4609 οί
1645 4557 1745 4628 τῆς
1801 4574 1916 4610 συνο

341 4646 517 4712 diem;
545 4648 1080 4718 καταφρονήσαντες,
1096 4645 1150 4699 τί
1167 4645 1428 4716 κατέσχεν
1454 4646 1671 4709 αὐτοὺς,
1699 4648 1793 4700 καὶ
1819 4649 1915 4718 τῆς

343 4731 492 4802 ἱεράς
520 4731 722 4801 ταύτης
749 4732 1028 4802 τραπέζης
1061 4733 1317 4803 ἀπήγαγε
1337 4773 1351 4795 ,
1386 4733 1513 4802 περὶ
1557 4732 1716 4786 τίνων
1749 4735 1782 4804 ἡ
1807 4734 1915 4790 διά·

339 4817 502 4882 λεξις.
557 4818 774 4871 Μᾶλλον
819 4818 875 4872 δὲ
905 4814 1024 4872 οἶδα
1059 4821 1272 4888 σαφῶς·
1307 4819 1338 4889 ἢ
1388 4821 1496 4891 γὰρ
1539 4821 1666 4891 περὶ
1697 4821 1914 4874 ἀτόπων

340 4907 436 4958 καὶ
463 4906 879 4973 καταγελάστων
913 4907 1253 4976 πραγμάτων
1288 4906 1646 4975 διαλέγονται,
1675 4908 1708 4978 ἢ
1742 4907 1916 4976 βιωτι-

339 4995 464 5058 καῖς
493 4993 600 5047 είσι
643 4994 1053 5066 προσηλωμένοι
1100 4993 1378 5064 φροντίσιν
1403 5010 1416 5024 ·
1454 4993 1778 5064 ἀμφοτέρων
1802 4994 1857 5048 δέ
1881 4996 1913 5066 ἡ

337 5081 588 5154 διατριϐή
628 5081 958 5154 συγγνώμης
989 5082 1377 5154 ἀπεστέρηται,
1417 5083 1512 5137 καὶ
1540 5081 1761 5135 κόλασιν
1803 5081 1914 5153 ἔχει

337 5171 439 5244 τὴν
473 5171 726 5242 ἐσχάτην.
753 5171 862 5224 Kal
887 5171 1014 5242 περὶ
1045 5170 1143 5240 μέν
1177 5169 1280 5240 τῆς
1303 5169 1574 5240 προτέρας
1602 5169 1723 5226 οὐδὲ
1754 5169 1913 5238 λόγου

337 5261 438 5323 δεῖ,
483 5259 608 5313 οὔτε
645 5260 1006 5324 ἀποδείξεως·
1037 5261 1118 5314 ὅτι
1158 5260 1214 5314 δέ
1266 5261 1361 5313 καὶ
1405 5263 1454 5314 οί
1507 5260 1575 5313 τά
1607 5261 1707 5331 τῆς
1739 5261 1916 5325 οἰκίας

338 5352 470 5420 ἡμῖν
521 5349 916 5421 προϐαλόμενοι
965 5351 1264 5422 πράγματα
1287 5392 1301 5416 ,
1350 5349 1445 5405 καλ⁵
1490 5349 1587 5420 τὴν
1641 5350 1914 5422 ἀφόρητον

339 5439 550 5492 ἐκεῖθεν
581 5439 828 5510 ἀνάγκην
865 5439 1132 5508 λέγοντες.
1167 5439 1285 5492 οὑδὲ
1318 5432 1463 5492 οὗτοι
1499 5437 1752 5492 δύνανται
1793 5455 1915 5507 συγο

338 5524 563 5596 γνώμης
593 5530 796 5598 τυχεῖν,
832 5527 978 5594 ἅπαξ
1007 5528 1105 5597 τῆς
1137 5526 1426 5597 ἑϐδομάδος
1456 5526 1687 5579 ἐνταῦθα
1726 5527 1916 5580 καλούο

341 5628 514 5681 μενοι,
539 5615 635 5666 καὶ
658 5615 779 5668 οὑδὲ
814 5616 935 5669 τότε
979 5615 1295 5685 ἀνεχόμενοι
1323 5615 1391 5668 τά
1430 5615 1775 5685 πνευματικά
1805 5615 1913 5668 τῶν

337 5697 542 5765 γηίνων
566 5702 902 5772 προτιμῆσαι
921 5703 1282 5772 πραγμάτων,
1305 5701 1413 5754 άπὸ
1437 5699 1548 5754 τῶν
1567 5701 1914 5769 Εὑαγγελίων

339 5785 512 5859 δῆλον.
537 5789 647 5842 Καὶ
667 5789 774 5864 γὰρ
807 5792 852 5844 οξ
890 5791 1177 5864 κληθέντες
1204 5793 1292 5849 ἐπὶ
1325 5791 1412 5844 τὸν
1441 5792 1616 5860 γάμον
1648 5791 1737 5844 τόν
1760 5808 1912 5844 πνευ-

1035 414 1090 468 S.
1131 411 1417 468 JOANNIS
1452 408 1910 466 CIIRYSOSTOM

2019 409 2306 466 ωσπερ.
2347 403 2895 462 ΕΟΧΞΤΛΝΉΝΟΡ.

3489 405 3512 459 1
3523 404 3595 458 16-

2021 518 2269 586 ματικὸν,
2291 518 2494 582 ταύτας
2526 521 2917 592 προεϐάλλοντο
2956 521 3057 584 τὰς
3091 521 3458 593 προφάσεις,ό
3491 523 3591 592 μὲν

2017 606 2099 660 ὅτι
2135 606 2325 676 ζεῦγος
2361 609 2628 679 ὠνήσατο,
2661 613 2690 664 ό
2719 611 2775 664 δέ
2805 613 2888 664 ὅτι
2927 612 3096 682 ἀγρὸν
3123 612 3447 683 ἐπριάσατο,
3485 614 3514 665 ό
3535 612 3599 664 δὲ

2017 699 2099 752 ὅτι
2133 699 2350 771 νύμφην
2375 702 2632 770 ἠγάγετο,
2663 703 2778 755 ἀλλ’
2799 703 3170 773 ἐκολάσθησαν
3203 703 3372 774 ὅμως.
3407 702 3598 770 Ἀναγε-

2019 791 2170 842 καῖαι
2219 791 2317 860 μὲν
2363 792 2420 843 αἰ
2460 791 2664 844 αἰτίαι·
2707 791 2821 844 ἀλλ’
2847 793 2975 845 ὅταν
3018 794 3046 844 ό
3083 792 3216 856 Θεὸς
3256 793 3418 863 καλῇ,
3461 794 3598 846 ἀπο-

2018 879 2204 948 λογίαν
2249 882 2348 934 οῦκ
2383 883 2597 952 ἔχουσι·
2639 881 2778 954 μετά
2805 883 2914 956 γὰρ
2946 884 3037 936 τὸν
3083 883 3214 937 Θεὸν
3249 885 3379 954 ἡμῖν
3417 883 3595 937 πάντα

2018 973 2312 1039 ἀναγκαῖα.
2362 973 2518 1027 Μετά
2573 973 2672 1045 τὴν
2711 976 2918 1028 ἐκείνου
2971 976 3158 1046 τιμὴν,
3195 975 3316 1027 τότε
3351 974 3421 1028 τά
3459 974 3594 1030 ἄλλα

2021 1062 2338 1116 ἀπολαυέτω
2373 1064 2624 1134 σπουδῆς.
2653 1063 2748 1126 Τίς
2780 1062 2886 1134 γάρ
2911 1062 3147 1132 οἰκέτης,
3181 1063 3300 1114 εἰπέ
3326 1080 3437 1132 μοι,
3464 1064 3593 1134 πρὶν

2020 1155 2052 1224 ἦ
2088 1154 2181 1225 τὴν
2213 1154 2536 1224 δεσποτικὴν
2569 1154 2831 1225 πληρώσῃ
2856 1154 3152 1217 διακονίαν,
3187 1153 3293 1206 τῶν
3323 1153 3465 1208 κατὰ
3494 1155 3593 1224 τὴν

2025 1243 2155 1299 ἰδίαν
2194 1246 2372 1298 οἰκίαν
2420 1245 2810 1315 ἐπιμελήσεταί
2844 1262 3004 1309 ποτε;
3038 1245 3161 1308 Πῶς
3196 1240 3288 1297 οῦν
3332 1246 3432 1298 οὑκ
3477 1245 3598 1298 ἀτοο

2021 1353 2122 1388 πον
2167 1337 2253 1389 ἐπ’
2300 1337 2570 1409 ἀνθρώπῳ
2603 1337 2720 1406 μὲν,
2747 1337 2877 1390 ἔνθα
2921 1337 3075 1406 ψιλὸν
3121 1338 3292 1408 δνομα
3335 1339 3369 1407 ή
3408 1339 3598 1391 δεσπο-

2019 1429 2160 1492 τεία,
2192 1430 2462 1501 τοσαύτην
2501 1433 2612 1494 τοῖς
2659 1431 2869 1502 κυρίοις
2908 1431 3167 1502 παρέχειν
3202 1431 3298 1502 τὴν
3334 1431 3467 1485 αἰδῶ
3499 1435 3596 1486 καὶ.

2020 1521 2122 1591 τὴν
2151 1521 2414 1592 ὑπακοὴν,
2469 1521 2560 1574 τὸν
2611 1521 2669 1574 δέ
2704 1522 2921 1592 ἀληθῶς
2967 1522 3262 1592 Δεσπότην,
3297 1523 3395 1593 οὑχ
3437 1523 3597 1593 ήμῶν

2024 1613 2205 1682 μόνον,
2240 1611 2376 1666 άλλά
2405 1613 2498 1666 καὶ
2528 1613 2638 1666 τῶν
2664 1611 2776 1666 ἀνω
2803 1613 3104 1684 δυνάμεων,
3143 1614 3278 1685 μηδέ
3306 1618 3404 1685 τῆς
3427 1614 3597 1684 αὑτῆς

2020 1706 2132 1766 τοῖς
2163 1703 2456 1775 ἡμετέροις
2485 1704 2789 1769 συνδούλοις
2811 1705 2994 1772 ἀξιοῦν
3027 1704 3358 1776 θεραπείας;
3388 1704 3512 1758 Εἴθε
3527 1701 3603 1776 ἦν

2020 1795 2243 1848 δυνατὸν
2279 1796 2408 1866 ὑμῖν
2440 1797 2520 1860 εἰς
2564 1795 2623 1849 τὸ
2667 1795 2907 1860 συνειδὸς
2943 1795 3122 1850 αὑτῶν
3167 1795 3597 1866 εἰσεληλυθέναι,

2022 1887 2116 1940 καὶ
2142 1886 2262 1939 τότε
2292 1886 2462 1938 εἴδετε
2494 1885 2559 1939 ἂν
2590 1886 2790 1950 καλῶς,
2817 1887 3001 1940 πόσων
3027 1887 3354 1958 τραυμάτων
3377 1886 3594 1956 ἐγεμον,

2020 1979 2152 2041 ὅσας
2193 1976 2433 2041 ἀκάνθας
2468 1974 2631 2046 εἶχον.
2685 1976 2954 2048 Καθάπερ
2983 1977 3094 2049 γὰρ
3133 1978 3226 2048 γῆ,
3276 1977 3598 2048 γεωργικῶν

2021 2069 2122 2122 οὑκ
2175 2067 2526 2121 ἀπολαύουσα
2578 2067 2800 2140 χειρῶν,
2836 2068 3128 2140 χερσοῦται
3165 2068 3262 2122 καὶ
3307 2067 3594 2138 ὑλομανεῖ·

2021 2160 2163 2213 οὑτω
2198 2161 2293 2214 καὶ
2323 2160 2491 2230 ψυχὴ,
2528 2161 2906 2231 πνευματικῆς
2939 2162 3038 2214 οὑκ
3073 2160 3420 2215 ἀπολαύουσα
3452 2160 3598 2214 διδα-

2023 2252 2270 2319 σκαλίας,
2310 2252 2554 2315 ἀκάνθας
2600 2253 2694 2306 καὶ
2737 2251 3018 2322 τριϐόλους
3055 2252 3353 2322 ἐκπέμπει.
3383 2251 3446 2304 Εἰ
3486 2251 3604 2322 γὰρ

2022 2345 2182 2414 ἡμεῖς
2223 2345 2278 2396 οίν
2316 2344 2435 2397 καθ’
2465 2345 2702 2414 ἑκάστην
2749 2343 2960 2416 ἡμέραν
3004 2344 3102 2414 τῆς
3148 2343 3257 2396 τῶν
3304 2342 3597 2414 προφητῶν

2022 2439 2115 2490 καὶ
2171 2435 2489 2491 ἀποστόλων
2518 2436 2836 2507 μετέχοντες
2885 2436 3225 2507 ἀκροάσεως,
3281 2433 3434 2506 μόλις
3465 2451 3600 2487 κατ-

2023 2527 2218 2598 έχομεν
2263 2528 2452 2598 θυμὸν,
2505 2526 2660 2598 μόλις
2701 2526 3027 2598 χαλινοῦμεν
3075 2527 3266 2598 ὀργὴν,
3319 2527 3471 2597 μόλις
3497 2543 3598 2580 κα-
3656 2596 3661 2601 ι

2022 2619 2383 2690 ταστέλλομεν
2421 2619 2738 2690 ἐπιθυμίαν,
2767 2620 2920 2690 μόλις
2954 2619 3288 2690 ἐκϐάλλομεν
3335 2618 3597 2689 τηκεδόνα

2023 2711 2240 2781 φθόνου,
2274 2714 2514 2782 συνεχεῖς
2547 2712 2761 2784 ἐπῳδάς
2788 2712 2886 2776 τάς
2911 2712 3018 2765 ἀπὸ
3037 2711 3145 2765 τῶν
3181 2712 3337 2765 θείων
3366 2711 3597 2784 Γραφῶν

2022 2804 2310 2876 ἐπᾴδοντες
2354 2805 2466 2872 τοῖς
2514 2801 2801 2874 ἡμετέροις
2849 2801 3068 2865 πάθεσι,
3102 2801 3252 2872 μόλις
3305 2802 3598 2856 κιιταστέλ⁴

2020 2895 2186 2965 λομεν
2235 2894 2304 2949 τὰ
2349 2895 2681 2964 ἀναίσχυντα
2735 2893 2932 2964 θηρία·
2979 2896 3177 2947 ἐκεῖνοι
3223 2895 3271 2947 οἰ
3327 2894 3594 2964 μηδέποτε

2019 2984 2224 3054 ταύτης
2269 2982 2628 3046 ἀπολαύοντες
2671 2983 2772 3052 τῆς
2809 2982 3070 3056 ἰατρείας,
3119 2984 3250 3054 μηδέ
3295 2984 3394 3054 τῆς
3445 2983 3596 3047 θείας

2021 3073 2386 3138 ὑπακούοντες
2446 3074 2798 3143 φιλοσοφίας,
2857 3074 3016 3127 ποίαν
3076 3076 3348 3146 σωτηρίας
3405 3075 3597 3129 ἐλπίδα

2021 3163 2252 3230 ἕξουσιν,
2295 3163 2418 3216 εἰπέ
2461 3177 2596 3234 pot;
2629 3162 2958 3232 Ἐϐουλόμην
2986 3164 3246 3218 δύνασθαι
3278 3164 3444 3230 δεῖξαι
3479 3166 3600 3226 τοῖς

2022 3256 2311 3327 ὑμετέροις
2353 3256 2651 3326 όφθαλμοῖς
2687 3259 2794 3328 τὴν.
2819 3259 3040 3312 ἐκείνων
3071 3257 3268 3328 ψυχὴν,
3297 3259 3388 3311 καὶ
3424 3256 3591 3311 εἴδετε

2021 3349 2088 3402 ἂν
2120 3349 2398 3420 ῥυπῶσαν,
2440 3351 2756 3420 αὐχμῶσαν,
2803 3353 3270 3422 κατακεχυμένην,
3299 3353 3393 3404 καὶ
3434 3369 3594 3404 τετα-

2021 3438 2383 3508 πεινωμένην,
2438 3439 2538 3491 καὶ
2593 3441 3060 3512 ἀπαρῥησίαστον.
3098 3441 3307 3509 ’Ὠσπερ
3366 3439 3477 3511 γὰρ
3525 3439 3595 3491 τά

2021 3526 2316 3596 βαλανείων
2345 3529 2446 3581 οὑκ
2483 3530 2826 3582 ἀπολαύοντα
2857 3530 3080 3601 σώματα
3111 3528 3322 3599 αὐχμοῦ
3369 3530 3464 3582 καὶ
3496 3529 3595 3601 ῥύ-

2019 3635 2121 3670 που
2144 3618 2304 3688 γέμει
2332 3619 2525 3673 πολλοῦ
2542 3636 2556 3650 ·
2593 3620 2736 3675 οὓτω
2762 3622 2856 3675 καὶ
2877 3624 2912 3691 ἡ
2935 3619 3099 3691 ψυχὴ,
3119 3619 3466 3682 διδασκαλίας
3487 3620 3600 3672 οὑκ·

2019 3709 2365 3764 ἀπολαύουσα
2415 3715 2811 3783 πνευματικῆς,
2867 3712 3068 3782 πολλὴν
3108 3711 3214 3765 τῶν
3257 3712 3592 3784 ἁμαρτημάς

2019 3819 2125 3854 των
2173 3800 2286 3872 ἔχει
2336 3803 2724 3875 περικειμένην
2767 3805 2906 3875 αὐτῇ
2953 3806 3058 3877 τὴν.
3097 3804 3306 3876 κηλῖδα.
3344 3806 3454 3859 Καὶ
3481 3804 3592 3877 γάρ

2022 3893 2297 3964 βαλανεῖόν
2341 3897 2458 3948 ἐστι
2503 3896 2572 3949 τά
2610 3896 2856 3952 ἐνταῦθα,
2887 3898 3277 3968 πνευματικὸν,
3316 3901 3382 3969 τῇ
3414 3898 3590 3970 θέρμῃ

2017 3985 2111 4038 τοῦ
2147 3985 2462 4058 Πνεύματος
2488 3987 2666 4040 πάντα
2709 3988 3032 4058 ἀποσμῆχον
3067 3988 3236 4060 ῥύπον
3258 4005 3272 4021 ·
3311 3987 3508 4058 μᾶλλον
3535 3987 3597 4043 δὲ.
3668 4050 3682 4061 _

2017 4078 2138 4147 οὑχὶ
2173 4077 2343 4147 ῥύπον
2368 4078 2687 4148 ἀποσμῆχον
2721 4077 2880 4148 μόνον
2910 4078 2970 4130 τὸ
2991 4077 3083 4131 τοῦ
3114 4077 3425 4148 Πνεύματος
3457 4077 3585 4148 πῦρ.

2020 4162 2156 4217 ἀλλά
2185 4165 2279 4216 καὶ
2321 4163 2514 4234 βαφήν.
2559 4164 2694 4218 Ἐὰν
2723 4165 2833 4232 γὰρ
2856 4159 3000 4227 ὦσι,
3020 4165 3203 4235 φησὶν,
3230 4167 3290 4217 αἰ
3317 4165 3590 4234 ἁμαρτίαι

2021 4253 2170 4326 [151]
2197 4254 2362 4324 ὑμῶν
2381 4256 2460 4320 ὡς
2484 4256 2823 4323 φοινικοῦν,
2852 4256 2932 4321 ὡς
2951 4257 3126 4324 χιόνα
3147 4254 3424 4309 λευκανῶ
3443 4272 3455 4283 ·
3489 4255 3589 4309 κᾶν

2023 4347 2160 4416 μετά
2204 4349 2304 4417 τῆς
2338 4347 2526 4418 αὑτῆς,
2563 4349 2747 4419 φησὶν,
2798 4348 3082 4419 ἀκριϐείας
3123 4349 3230 4402 τῶν
3267 4349 3592 4420 ἁμαρτημάέ

2017 4455 2124 4492 των
2156 4441 2184 4490 ὁ
2217 4437 2386 4508 ῥύπος
2416 4438 2551 4510 δάκῃ
2578 4439 2678 4508 τῆς
2706 4441 2882 4510 ψυχῆς
2909 4440 3009 4510 τὴν
3031 4439 3239 4503 οὐσίαν,
3267 4440 3342 4502 ὼς
3367 4441 3446 4502 είς
3479 4439 3590 4506 ἕξιν

2021 4526 2198 4600 βαφῆς
2225 4529 2479 4600 ἀκίνητον
2511 4531 2868 4602 καταστῆναι,
2901 4532 2997 4585 καὶ
3019 4530 3193 4595 οῦτως
3223 4531 3332 4600 ἐγὼ
3359 4531 3591 4603 δύναμαι

2018 4625 2098 4688 εἰς
2124 4622 2222 4694 τὴν
2255 4623 2503 4676 ἐναντίαν
2533 4625 2700 4696 αὑτὴν
2729 4625 3070 4694 καταστῆσαι
3112 4625 3402 4694 ποιότητα·
3432 4625 3594 4696 ἀρκεῖ

2017 4714 2126 4785 γὰρ
2153 4713 2361 4779 νεῦσαι,
2399 4720 2493 4769 καὶ
2523 4717 2698 4768 πάντα
2737 4716 3053 4786 ἀφανίζεται
3087 4719 3154 4772 τὰ
3197 4718 3586 4788 ἁμαρτήματα.

2087 4816 2153 4886 β’.
2181 4817 2367 4874 Ταῦτα
2389 4818 2550 4886 λέγω,
2581 4821 2678 4890 οὑχ
2704 4821 2788 4873 ἵνα
2837 4823 2993 4893 ὑμεῖς
3013 4823 3278 4894 ἀκούσητε
3299 4840 3312 4854 ·
3329 4823 3448 4875 οὑδὲ
3479 4821 3588 4890 γὰρ

2020 4905 2176 4976 ὑμεῖς
2204 4905 2378 4960 δεῖσθε
2404 4906 2512 4959 τῶν
2535 4909 2863 4978 φαρμάκων,
2890 4910 2978 4963 διά
2997 4910 3096 4982 τὴν
3121 4911 3213 4963 τοῦ
3237 4909 3369 4963 Θεοῦ
3403 4909 3583 4979 χάριν·

2017 4993 2132 5046 ἀλλ’
2167 4994 2255 5047 ἵνα
2297 4996 2494 5046 ἐκεῖνοι
2520 4994 2586 5046 δι’
2623 4995 2775 5065 ὑμῶν
2808 4997 3070 5067 μάθωσιν.
3104 4999 3166 5050 Εἰ
3210 4997 3264 5050 δὲ
3315 4996 3588 5066 ἐδυνάμην

2017 5080 2214 5134 εἰδέναι
2241 5080 2366 5142 τοὺς
2395 5081 2590 5146 τόπους
2614 5083 2672 5138 ἐν
2702 5078 2784 5147 οἷς
2819 5084 3182 5153 συλλέγονται,
3217 5085 3315 5140 οὑκ
3343 5083 3408 5138 ἂν
3446 5084 3589 5152 ἠνώ-

2016 5167 2189 5240 χλησα
2217 5165 2314 5239 τὴν
2361 5168 2630 5241 ὑμετέραν
2677 5170 2928 5241 ἀγάπην·
2965 5171 3078 5225 ἀλλ’
3109 5172 3296 5243 ἐπειδη
3333 5170 3588 5225 ἀδύνατόν

2017 5275 2109 5331 μοι
2148 5259 2228 5311 ἐνὶ
2257 5258 2368 5310 ὄντι
2400 5257 2652 5311 τοσοῦτον
2683 5259 2878 5312 εἰδέναι
2912 5259 3104 5330 δῆμον,
3135 5260 3263 5330 ὑμῖν
3298 5259 3588 5329 ἐγχειρίζω

2014 5348 2122 5402 τῶν
2151 5346 2394 5415 ἀδελφῶν
2422 5346 2529 5400 τῶν
2559 5347 2841 5419 ὑμετέρων
2879 5347 2977 5418 τὴν
3024 5347 3352 5420 θεραπείαν·
3396 5349 3588 5415 ἐπιμε-

2013 5433 2250 5505 λήσασθε
2291 5434 2400 5487 τῶν
2454 5433 2696 5503 ἀδελφῶν
2745 5435 2855 5488 τῶν
2894 5436 3125 5498 οἰκείων,
3187 5433 3583 5494 ἐπισπάσασθε,

2014 5523 2302 5577 καλέσατε.
2346 5520 2475 5578 Οἶδα
2501 5526 2583 5576 ὃτι
2625 5524 2883 5587 πολλάκις
2911 5525 3067 5577 τοῦτο
3107 5525 3401 5594 ἐποιήσατε
3425 5539 3438 5552 ·
3471 5521 3585 5576 ἀλλ’

2013 5612 2162 5666 οὐδὲν
2215 5612 2275 5664 τὸ
2330 5612 2586 5676 πολλάκις
2641 5611 2798 5665 τοῦτο
2854 5613 3098 5681 ποιῆσαι,
3156 5612 3271 5664 ἀλλ’
3304 5612 3409 5674 ἕως
3461 5609 3584 5663 τότε

2013 5701 2258 5769 ποιῆσαι,
2306 5699 2410 5760 ἕως
2460 5698 2525 5752 ἂν
2582 5699 2805 5771 πείσητε
2853 5701 2948 5753 καὶ
3003 5699 3288 5767 ἐλκύσητε.
3323 5694 3453 5752 Οἶδα
3503 5697 3584 5751 ὅτι

2013 5789 2381 5864 ἠνωχλήσατε,
2421 5790 2502 5842 ότι
2537 5791 2781 5859 φορτικοὶ
2824 5789 3080 5854 πολλάκις
3131 5786 3474 5860 ἐνομίσθητε,
3501 5785 3586 5840 ὅτι
