4096 6222
369 377 478 436 Ηῗῖ

364 501 455 571 tes
485 513 628 567 sum,
656 497 702 554 si
747 495 1414 558 vel'intrare'vestibulum
1443 500 1922 563 m‘ihi‘eoncedatnr
1942 548 1958 576 ,

368 591 544 658 inquit
569 601 590 654 ,‘
615 590 791 658 magni
822 590 1064 646 beneficii
1094 591 1212 647 loco
1238 592 1395 660 duco,
1423 596 1466 648 si
1497 595 1577 650 vel
1603 597 1655 650 in
1680 605 1981 653 numerum

365 680 578 734 refcrar
622 687 1016 751 postremorum
1057 682 1112 736 in
1137 682 1299 738 domo
1331 684 1422 738 Dei
1455 685 1580 740 mei.
1612 684 1961 740 Communem

367 773 657 827 Dominum
706 788 861 828 amor
885 783 944 828 ut
971 775 1247 844 pr0prium
1272 777 1373 831 sibi
1401 777 1632 832 vindicat
1659 797 1672 832 :
1701 794 1764 833 ea
1793 780 1960 850 siqui-

368 863 495 920 dem
527 865 608 920 vis
650 874 736 920 est
761 866 1020 921 caritatis.
1061 865 1128 921 In
1169 868 1318 922 domo
1357 868 1454 924 Dei
1496 871 1612 925 mei.
1645 871 1745 938 Qui
1781 879 1958 936 amat,

364 971 475 1011 non
507 971 630 1012 eum
682 963 886 1014 tantum
937 957 1120 1012 videre
1161 958 1430 1014 desiderat
1458 977 1616 1030 quem
1647 972 1810 1029 amat,
1862 963 1957 1018 sed

366 1049 455 1106 vel
502 1050 670 1105 solam
716 1049 834 1120 ejus
876 1049 1118 1116 domum,
1167 1051 1262 1106 sed
1306 1061 1361 1107 et
1390 1053 1746 1120 vestibulum;
1791 1069 1962 1124 neque

366 1139 689 1196 vestibulum
732 1148 934 1196 tantum
977 1141 1197 1207 aedium,
1246 1142 1340 1198 sed
1390 1145 1472 1198 vel
1499 1145 1833 1214 angiportum
1879 1145 1961 1200 vel

368 1233 568 1298 vicum,
613 1241 667 1286 et
711 1233 770 1286 si‘
803 1232 1140 1297 vcl‘vestem,
1188 1234 1282 1288 vel
1312 1234 1729 1289 calccamcnlum
1771 1235 1972 1290 vitlerit'

367 1322 485 1393 ejus
535 1335 694 1392 quem
739 1331 902 1388 amat,
933 1323 1106 1392 ipsum
1135 1337 1193 1378 se
1241 1323 1423 1378 videre
1463 1325 1751 1378 arbitratur
1802 1340 1961 1394 quem

369 1423 534 1469 amat.
563 1414 656 1470 Sic
682 1413 858 1469 affecti
901 1413 1116 1470 fuerunt
1157 1415 1427 1485 propheta:
1458 1434 1471 1470 :
1502 1416 1751 1486 quoniam
1795 1415 1963 1471 Deum

371 1509 743 1578 incorporeum
785 1523 889 1562 non
920 1508 1190 1574 videbant,
1221 1507 1436 1562 domum
1482 1507 1753 1573 videbant,
1787 1516 1839 1562 et
1867 1522 1964 1578 per

371 1598 590 1655 domum
639 1606 962 1668 pra-sentem
1015 1597 1162 1652 illum
1214 1613 1435 1653 cernere
1477 1599 1577 1652 sibi
1628 1597 1960 1653 videbantur.

375 1689 518 1762 Εἰρρὶ
548 1690 770 1760 abjertus
796 1706 904 1743 esse
929 1691 978 1742 in
1010 1689 1159 1742 domo
1187 1686 1286 1742 Dei
1311 1691 1409 1743 mei
1443 1689 1619 1759 magis,
1647 1705 1796 1758 quam
1821 1688 1965 1740 habi-

372 1792 481 1836 rare
499 1781 552 1834 in
591 1779 936 1834 tabernaculis
957 1790 1292 1850 peccatorum.
1325 1780 1506 1848 Quivis
1547 1781 1713 1846 locus,
1740 1778 1962 1850 quodvis

374 1874 602 1944 spatiqu
629 1888 752 1929 cum
779 1872 940 1928 domo
960 1873 1051 1929 Dei
1076 1881 1439 1942 comparatum
1463 1873 1860 1929 tabernaculum
1882 1883 1965 1929 est

373 1977 734 2039 peccatorum,
776 1970 889 2025 sive
928 1968 1099 2024 forum
1147 1969 1370 2038 dixeris,
1419 1969 1532 2025 sive
1581 1971 1807 2036 curiam,
1852 1968 1965 2024 sive

371 2062 967 2133 domum-singulorum.
993 2062 1138 2117 Licet
1159 2064 1306 2117 enim
1329 2079 1515 2132 preces
1540 2063 1647 2118 illic
1672 2061 1821 2126 ﬁant,
1842 2061 1963 2116 licet

369 2155 811 2224 supplicationes,
844 2166 1024 2211 tamen
1056 2156 1166 2210 illic
1191 2157 1563 2212 contentiones
1591 2166 1645 2212 et
1681 2171 1884 2228 pugnas
1909 2165 1964 2212 ct

371 2248 652 2314 convicia,
700 2256 1105 2317 conventusque
1151 2247 1264 2302 ﬁeri
1321 2247 1390 2320 de
1436 2249 1778 2304 saecularibus
1822 2250 1965 2305 curis

374 2353 598 2393 necesse
623 2344 706 2391 est
731 2355 743 2390 :
767 2346 820 2390 at
847 2337 932 2390 hic
953 2337 1102 2391 locus
1117 2336 1184 2390 ab
1210 2338 1292 2392 his
1314 2338 1562 2393 omnibus
1582 2348 1662 2393 est
1683 2339 1961 2398 immunis:

372 2439 660 2500 propterea
691 2437 1032 2498 peccatorum
1063 2427 1274 2499 quidem
1305 2429 1393 2484 illa
1420 2439 1544 2484 sunt
1583 2430 1914 2487 tabernacula
1939 2475 1954 2500 ,

368 2516 494 2574 haec
521 2534 649 2573 vero
677 2520 868 2573 domus
895 2526 976 2572 est
1007 2517 1098 2573 Dei
1131 2535 1151 2572 τ
1172 2528 1224 2573 et
1252 2518 1696 2590 quemadmodum
1729 2530 1910 2591 portus
1929 2537 1958 2576 a

368 2613 549 2669 ventis
577 2621 630 2667 et
657 2611 903 2668 fluctibus
941 2610 1076 2665 liber
1113 2611 1332 2667 multam
1363 2612 1660 2669 navibusin
1691 2629 1758 2670 eo
1781 2615 1966 2669 statio—

372 2719 497 2759 nem
524 2702 845 2772 eligentibus
889 2701 1092 2772 praebet
1118 2703 1479 2767 securitatem,
1506 2709 1584 2760 sic
1630 2705 1878 2759 nimirum
1909 2715 1966 2761 et

377 2793 472 2849 Dei
499 2791 690 2847 domus
717 2802 983 2862 tamquam
1010 2792 1077 2847 ab
1103 2802 1448 2848 externorum
1476 2795 1807 2865 negotiorum
1833 2805 1966 2849 tem-

375 2891 582 2955 pestate
619 2883 868 2951 abreptos
895 2898 1011 2950 eos,
1038 2883 1130 2954 qui
1174 2883 1509 2951 intraverint,
1540 2886 1590 2940 in
1621 2886 1786 2940 multa
1817 2893 1964 2941 tran-

373 2976 633 3047 quillitate
659 2976 887 3031 collocat
914 2985 968 3031 et
992 2977 1299 3044 securitate,
1320 2991 1700 3047 sacrorumque
1720 2979 1962 3050 eloquio-

375 3085 492 3123 rum
538 3068 825 3125 auditionis
867 3069 1151 3140 participes
1194 3069 1376 3125 efﬁcit.
1427 3069 1526 3126 llic
1567 3071 1715 3126 locus
1753 3072 1966 3127 virtutis

372 3170 457 3216 est
490 3160 722 3227 occasio,
767 3160 1119 3231 philosophiae
1146 3161 1330 3216 schola
1360 3179 1372 3216 :
1407 3177 1515 3217 non
1541 3163 1592 3218 in
1619 3163 1842 3219 collecta
1873 3179 1963 3219 so-

377 3253 512 3318 lum,
540 3253 666 3307 dum
711 3251 1001 3322 Scriptura:
1043 3267 1213 3308 sacra:
1265 3253 1575 3319 recitantur,
1627 3262 1681 3309 et
1724 3253 1964 3310 doctrina

376 3345 668 3414 spiritualis
691 3344 995 3415 porrigitur,
1024 3359 1088 3399 ac
1115 3345 1542 3401 venerandorum
1572 3354 1778 3418 patrum
1804 3362 1965 3403 sena-

380 3448 466 3490 tus
490 3435 665 3490 adstat
695 3454 709 3489 :
741 3437 840 3491 sed
864 3439 1053 3507 quovis
1075 3436 1236 3492 etiam
1276 3438 1481 3509 reliquo
1509 3447 1770 3511 tempore,
1798 3441 1964 3497 vesti-

373 3526 501 3583 bula
531 3537 735 3582 tantnm
766 3528 1065 3598 ingredere,
1099 3537 1209 3584 tum
1240 3537 1294 3583 tu
1321 3531 1497 3587 subito
1537 3533 1818 3588 sseculares
1843 3547 1964 3589 om-

375 3634 474 3675 nes
509 3634 666 3676 curas
695 3618 953 3690 depones.
995 3620 1135 3676 Intra
1163 3622 1214 3676 in
1245 3623 1582 3689 vestibulum,
1613 3633 1667 3678 et
1697 3633 1964 3696 tamquam

374 3726 505 3766 aura
534 3711 777 3781 quaedam
817 3713 1108 3783 spiritualis
1135 3714 1368 3770 animam
1403 3725 1547 3771 tuam
1576 3716 1794 3772 amabit.
1842 3718 1966 3774 Ηωο

378 3804 736 3873 tranquillitas
764 3807 1041 3861 horrorem
1073 3806 1278 3873 incutit,
1302 3816 1354 3864 et
1377 3807 1740 3879 philosophari
1771 3809 1961 3866 docet:

377 3908 612 3952 mentem
649 3897 824 3968 erigit,
858 3913 1031 3968 neque
1074 3899 1200 3952 sinit
1245 3900 1584 3968 prmsentium
1614 3899 1904 3965 recordari,
1932 3917 1964 3957 a

375 3999 519 4044 terra
548 3989 601 4043 in
641 3989 830 4043 cadum
860 3999 912 4044 te
955 3988 1222 4044 transfert.
1253 3987 1403 4057 Quod
1431 3989 1475 4043 si
1514 3989 1714 4060 absque
1741 3991 1964 4047 collecta

377 4090 580 4136 tantum
619 4091 880 4152 qua-stum
927 4080 1074 4148 facis,
1124 4079 1268 4151 quod
1312 4080 1399 4136 hic
1441 4081 1704 4147 verseris,
1753 4083 1966 4153 quando

375 4173 608 4244 undique
637 4173 912 4244 prophetae
953 4174 1206 4240 clamant,
1239 4171 1450 4242 quando
1474 4175 1700 4244 apostoli
1740 4190 1967 4246 cvange-

375 4267 501 4320 linm
523 4265 832 4336 prmdicant,
851 4266 1063 4337 quando
1080 4275 1183 4321 stat
1203 4267 1446 4322 Christus
1463 4268 1513 4322 in
1532 4267 1731 4335 medio,
1753 4269 1964 4340 quando

372 4373 494 4428 qua:
524 4358 656 4412 ﬁunt
683 4357 906 4428 suscipit
937 4357 1113 4425 Pater,
1145 4357 1358 4427 quando
1401 4358 1635 4413 ltetitiam
1671 4374 1820 4414 suam
1846 4360 1966 4430 Spi-

376 4452 508 4503 ritus
533 4458 750 4504 sanctus
777 4447 1030 4520 impertit,
1063 4458 1260 4519 quanta
1284 4449 1374 4519 qui
1399 4448 1592 4504 adsunt
1615 4451 1840 4506 utilitate
1868 4465 1964 4505 eu-

376 4541 555 4597 mnlati
573 4542 1052 4612 recedunt,quanto
1072 4541 1266 4596 damno
1285 4541 1588 4596 alliciuntur
1611 4543 1700 4612 qui
1726 4544 1963 4599 absunt?

444 4633 543 4689 Dei
583 4635 749 4690 cultus
793 4635 1021 4690 omnibus
1068 4633 1214 4689 rebus
1257 4634 1619 4704 prazfereudus.
1663 4665 1734 4676 ——
1760 4636 1962 4692 Vellem

373 4727 512 4783 scire
535 4729 750 4807 ubinam
781 4737 1080 4796 versentur,
1109 4729 1202 4799 qui
1229 4728 1466 4784 collecta:
1498 4728 1757 4784 interesse
1782 4730 1965 4799 negle-

376 4829 594 4887 xerunt,
638 4820 766 4892 quid
792 4835 888 4876 eos
930 4819 1236 4887 detinuerit,
1283 4829 1336 4875 et
1366 4819 1434 4874 ab
1473 4819 1574 4875 hac
1597 4834 1748 4875 sacra
1779 4835 1962 4876 mensa

376 4912 662 4978 revocarit,
690 4913 757 4968 de
787 4913 982 4984 quibus
1011 4912 1150 4968 inter
1178 4928 1234 4968 se
1259 4911 1650 4984 colloquantur.
1696 4912 1806 4967 lmo
1834 4929 1963 4969 vero

367 5002 478 5071 jam
512 5003 678 5074 probe
721 5003 886 5071 novi;
917 5013 1008 5059 aut
1050 5003 1192 5058 enim
1220 5003 1287 5059 de
1335 5003 1579 5059 absurdis
1623 5019 1685 5059 ac
1727 5003 1963 5060 ridiculis

374 5095 534 5150 rebus
559 5096 958 5168 colloquuntur,
985 5105 1076 5152 aut
1105 5097 1451 5153 smcularibus
1475 5099 1618 5153 curis
1645 5098 1785 5152 affixi
1808 5107 1960 5154 sunt:

371 5195 598 5258 utraque
627 5203 788 5258 porro
829 5187 980 5243 venia
1011 5188 1169 5259 digna
1201 5204 1304 5244 non
1331 5198 1414 5244 est
1442 5190 1718 5260 occupatio
1739 5231 1752 5255 ,
1775 5199 1828 5246 et
1863 5205 1963 5247 ex-

373 5289 546 5333 tremo
589 5280 850 5351 supplicio
890 5291 972 5336 est
1017 5281 1268 5336 obnoxia.
1320 5282 1398 5335 Ac
1442 5281 1510 5336 de
1539 5281 1702 5353 priori
1748 5283 1960 5353 quidem

373 5383 549 5438 neque
595 5372 757 5426 verba
790 5371 965 5428 facere
1006 5387 1140 5443 opus
1186 5381 1288 5437 est,
1335 5371 1417 5427 vel
1454 5372 1959 5430 demonstrationem

373 5461 571 5519 afferre
603 5479 620 5523 :
649 5479 744 5520 eos
770 5481 898 5521 vero
927 5466 1016 5537 qui
1046 5480 1132 5521 res
1160 5464 1483 5521 domesticas
1503 5465 1655 5520 nobis
1681 5465 1957 5536 objiciunt,

369 5563 426 5607 et
454 5553 578 5609 inde
597 5569 658 5610 se
685 5556 1003 5613 intolerabili
1024 5558 1195 5629 urgeri
1223 5558 1539 5613 necessitate
1566 5567 1868 5623 caus-antur,
1895 5574 1962 5614 ne

372 5644 505 5699 istos
534 5647 748 5718 quidem
796 5652 1004 5705 veniam
1049 5650 1290 5707 obtinere
1338 5664 1515 5720 posse,
1549 5665 1670 5705 cum
1712 5650 1874 5705 semel
1907 5650 1959 5705 in

371 5735 707 5798 hebdomade
735 5741 839 5800 huc
867 5753 1144 5812 vocentur,
1172 5759 1236 5801 ac
1262 5759 1329 5800 ne
1355 5754 1466 5800 tum
1495 5742 1708 5816 quidem
1734 5756 1822 5798 res
1848 5743 1960 5814 spi-

371 5829 592 5890 rituales
633 5837 860 5893 terrenis
904 5837 1167 5894 anteferre
1215 5837 1519 5906 dignentur,
1566 5853 1629 5891 ex
1671 5835 1956 5904 evangeliis

973 382 1041 440 IN
1081 385 1306 456 ILLUD,
1350 388 1623 448 PAULUS
1662 391 1997 453 VOCAT'US.
2040 395 2131 453 ΕΤ
2170 393 2260 455 DE
2297 397 2553 455 MUTAT.
2597 399 2922 460 NOMINUM.
2968 405 3052 460 IV.

3549 412 3649 468 HG

2069 519 2299 567 constat.
2327 508 2459 568 Nam
2483 523 2537 568 et
2567 514 2639 568 illi
2670 517 2756 585 qui
2788 517 2854 570 ad
2867 519 3178 588 'Spirituales
3210 522 3416 592 nuptias
3445 523 3653 580 fuerant

2071 600 2297 670 invitati,
2321 603 2582 674 ejusmodi
2604 609 2971 664 excusationes
2998 611 3375 675 obtendebant.
3400 615 3539 684 quod
3566 615 3652 670 hic

2069 694 2282 766 quidem
2305 695 2489 767 jugum
2519 700 2756 767 emisset,
2804 702 2893 757 ille
2922 719 3049 758 vero
3081 704 3335 774 pra‘dium
3373 707 3472 762 sibi
3503 723 3656 763 com-

2069 797 2329 856 parasset,
2362 789 2449 844 ille
2473 806 2722 859 sponsam
2747 792 2985 849 duxisset
3010 795 3161 865 (Luc.
3191 798 3277 853 14.
3308 798 3529 868 18-20);
3554 801 3650 855 sed

2071 879 2239 948 puniti
2284 889 2410 935 sunt
2462 891 2658 938 tamen.
2716 883 3041 942 Necessaria:
3103 888 3319 955 quidem
3371 900 3496 946 sunt
3547 891 3651 946 illa:

2069 985 2282 1037 causae;
2315 972 2409 1026 sed
2437 987 2558 1027 cum
2589 974 2727 1030 Deus
2757 975 2963 1042 invitat,
2998 979 3143 1033 nulla
3171 982 3512 1036 excusatione
3526 992 3653 1038 sunt

2068 1060 2243 1132 digna:
2274 1079 2289 1119 :
2323 1062 2434 1118 Deo
2478 1080 2708 1134 namque
2755 1068 2908 1122 nobis
2951 1077 3076 1123 sunt
3121 1072 3296 1125 omnia
3347 1073 3648 1127 necessaria

2068 1152 2455 1222 posthabenda.
2487 1154 2586 1210 Ubi
2617 1157 2733 1225 ejus
2759 1157 2949 1214 honori
2976 1158 3131 1215 fuerit
3161 1162 3506 1229 satisfactum,
3539 1172 3648 1218 tum

2068 1243 2122 1298 in
2151 1245 2252 1299 alia
2282 1245 2515 1301 studium
2561 1247 2918 1317 impendatur.
2958 1251 3089 1319 Quis
3131 1252 3272 1308 enim
3292 1294 3307 1318 ,
3337 1268 3541 1323 quaeso,
3572 1252 3653 1309 fit-

2068 1336 2264 1403 mulus,
2281 1339 2803 1406 antequam-domino
2824 1341 3058 1398 debitum
3080 1343 3374 1414 expleverit
3404 1345 3666 1400 minister

2067 1429 2227 1495 rium,
2255 1429 2434 1483 domui
2458 1444 2568 1485 sua:
2604 1448 2853 1502 umquam
2892 1434 3188 1503 providebit
3208 1435 3232 1488 ?
3255 1440 3336 1489 An
3361 1450 3465 1490 non
3491 1435 3652 1504 igitur

2068 1517 2356 1573 absurdum
2388 1529 2470 1576 est
2513 1521 2652 1577 inter
2679 1522 2940 1590 homines,
2976 1524 3061 1580 ubi
3101 1525 3299 1581 nudum
3346 1539 3538 1580 nomen
3567 1537 3662 1580 est-A

2067 1608 2390 1677 dominatus,
2422 1619 2620 1666 tantam
2659 1613 2803 1669 beris
2830 1617 3180 1670 reverentiam
3209 1615 3461 1672 exhibere
3487 1628 3656 1687 atque

2068 1699 2424 1756 obedientiam
2457 1720 2473 1761 :
2504 1720 2688 1759 verum
2719 1717 2896 1761 autem
2925 1708 3230 1774 Dominum,
3271 1722 3378 1764 non
3408 1717 3659 1764 nostrum;

2067 1793 2278 1860 solum,
2325 1793 2418 1848 sed
2474 1809 2827 1865 supernarum
2875 1799 3033 1852 etiam
3095 1798 3382 1863 virtutum,
3431 1814 3501 1854 ne
3551 1814 3659 1853 eo--

2068 1883 2189 1937 dem
2237 1885 2474 1954 quidem,
2519 1903 2625 1956 quo
2672 1903 2960 1944 conservos
3007 1899 3245 1955 nostros,
3283 1889 3429 1944 cultu
3461 1898 3516 1944 et
3554 1889 3652 1943 ho-

2069 1989 2202 2030 nore
2227 1975 2475 2046 dignari?
2504 1981 2678 2048 Atque
2695 1981 2895 2034 utinam
2915 1980 3028 2036 ﬁeri
3055 1989 3254 2050 posset,
3283 1991 3338 2035 ut
3363 1981 3414 2035 in
3439 1979 3650 2035 illorum

2068 2068 2452 2123 Conscientiam
2483 2073 2848 2139 penetraretis,
2881 2080 2992 2126 tum
3025 2087 3152 2128 vero
3193 2072 3357 2142 probe
3383 2071 3648 2142 intellige-

2069 2159 2219 2226 retis,
2269 2169 2399 2229 quot
2439 2162 2744 2217 vulneribus
2773 2172 3057 2230 scaterent,
3090 2175 3219 2232 quot
3259 2163 3440 2232 spinas
3485 2161 3651 2218 habe-

2070 2261 2210 2309 rent“.
2245 2252 2315 2310 Ut
2351 2254 2493 2310 enim
2539 2265 2699 2323 terra,
2733 2272 2851 2327 qua:
2899 2255 3142 2311 manibus
3184 2256 3531 2326 agricolarum
3556 2271 3649 2310 ex-

2067 2348 2204 2405 culta
2251 2363 2356 2404 non
2396 2357 2500 2415 est,
2547 2349 2756 2404 deserta
2802 2351 2860 2403 ﬁt
2903 2359 2957 2404 et
2994 2349 3246 2421 sylvescit
3279 2365 3292 2405 :
3325 2346 3464 2402 haud
3491 2361 3649 2403 secus

2067 2443 2265 2509 anima,
2292 2457 2410 2512 qua:
2450 2441 2712 2511 spirituali
2742 2441 2981 2496 doctrina
3029 2455 3132 2496 non
3165 2440 3438 2505 imbuitur,
3467 2439 3651 2509 spinas

2068 2540 2122 2587 et
2147 2530 2372 2586 tribulos
2394 2531 2655 2601 producit.
2684 2530 2740 2587 Si
2756 2531 2898 2586 enim
2927 2545 3024 2585 nos
3046 2531 3132 2600 qui
3155 2529 3390 2600 quotidie
3417 2529 3650 2585 lectione

2069 2623 2448 2694 prophetarum
2483 2622 2706 2689 fruimur
2749 2631 2803 2678 et
2831 2622 3214 2694 apostolorum,
3261 2621 3348 2675 vix
3393 2620 3650 2690 impetum

2067 2716 2230 2770 animi
2253 2715 2588 2781 cohibcmus,
2616 2716 2704 2770 vix
2720 2705 2852 2768 iram
2883 2713 3176 2776 frenamus,
3199 2712 3285 2766 vix
3309 2711 3651 2780 cupiditatem

2068 2807 2427 2876 reprimimns,
2459 2807 2546 2860 vix
2582 2805 2795 2860 invidia:
2840 2806 3012 2860 tabem
3052 2803 3383 2875 repellimus,
3413 2800 3540 2857 licet
3566 2816 3654 2857 as-

2067 2898 2216 2952 sidua
2245 2898 2480 2953 carmina
2507 2911 2570 2952 ex
2599 2896 2890 2966 Scripturis
2919 2896 3084 2952 sacris
3117 2895 3434 2965 deprompta
3455 2893 3654 2948 nostris

2072 2989 2558 3060 perturbationibus
2607 2989 2947 3054 oecinamus,
3002 2988 3088 3042 vix
3140 2984 3474 3056 impudentes
3524 2985 3654 3038 istas

2069 3081 2274 3137 belluas
2303 3081 2617 3136 cohibemns
2647 3097 2661 3136 :
2692 3080 2796 3134 illis
2839 3081 3032 3150 quibus
3058 3093 3348 3154 numquam
3389 3074 3651 3147 ejusmodi

2069 3181 2152 3228 est
2176 3171 2414 3227 adhibita
2441 3171 2729 3237 medicina,
2779 3186 2951 3239 neque
2995 3169 3228 3222 divinam
3259 3165 3654 3238 philosophiam

2067 3264 2407 3330 audiverunt,
2457 3277 2574 3334 qua:
2617 3260 2823 3324 salutis,
2872 3275 3075 3330 qumso,
3119 3273 3242 3330 spes
3279 3266 3362 3312 est
3402 3255 3652 3326 reliqua?

2070 3356 2274 3412 Vellem
2323 3355 2451 3410 mihi
2496 3356 2678 3410 liceret
2717 3354 2951 3407 animam
2994 3351 3200 3406 illorum
3245 3347 3416 3404 oculis
3461 3347 3652 3402 vestris

2069 3448 2354 3518 subjicere,
2384 3455 2493 3502 tum
2520 3445 2662 3502 illam
2687 3455 2738 3501 et
2768 3441 3036 3500 sordidam
3063 3451 3117 3498 et
3143 3439 3499 3512 squalentem,
3524 3453 3654 3494 con-

2071 3541 2240 3596 fusam
2288 3548 2340 3595 et
2379 3539 2638 3608 abjcctam
2685 3551 2748 3592 ac
2787 3533 2992 3607 pudore
3036 3531 3288 3589 sulfusam
3335 3529 3651 3586 cerneretis.

2069 3630 2202 3686 Nam
2227 3629 2676 3702 quemadmodum
2693 3644 2812 3700 qua:
2837 3625 3041 3682 balneis
3063 3639 3168 3680 non
3191 3630 3411 3679 utuntur
3428 3636 3652 3692 corpora

2071 3723 2317 3792 squalore
2359 3738 2422 3778 ac
2446 3721 2694 3777 sordibus
2736 3718 2915 3774 multis
2965 3724 3172 3775 scatent
3202 3733 3217 3771 :
3250 3716 3319 3769 ita
3348 3727 3468 3784 qua:
3493 3711 3650 3782 spiri-

2075 3813 2203 3868 tuali
2229 3813 2470 3868 doctrina
2493 3812 2702 3868 exculta
2733 3825 2839 3865 non
2863 3818 2947 3865 est
2972 3809 3168 3872 anima,
3198 3805 3379 3860 multis
3407 3801 3655 3859 sordibus

2070 3913 2407 3975 peccatorum
2441 3913 2524 3959 est
2551 3903 2744 3958 obsita.
2776 3901 2914 3956 Sunt
2940 3900 3081 3955 enim
3112 3897 3358 3952 balneum
3387 3893 3653 3965 quoddam

2070 3993 2344 4065 spirituale
2372 4007 2491 4071 qua:
2518 3991 2604 4048 hic
2632 3991 2786 4056 ﬁunt,
2815 3988 2956 4059 quod
2995 3987 3174 4042 calore
3213 3985 3442 4055 Spiritus
3465 3983 3654 4039 sordes

2071 4100 2257 4140 omnes
2279 4084 2536 4154 abstergit
2556 4100 2571 4148 ;
2595 4081 2704 4136 imo
2727 4094 2856 4136 vero
2875 4093 2982 4134 non
2997 4077 3185 4133 sordes
3207 4085 3408 4131 tantum
3426 4073 3655 4146 Spiritus

2071 4178 2206 4246 ignis
2235 4175 2510 4248 abstergit,
2540 4171 2634 4229 sed
2659 4172 2820 4228 etiam
2873 4169 3130 4226 colorem.
3161 4167 3222 4224 Si
3247 4168 3378 4222 enim
3421 4167 3647 4238 fuerint,

2071 4269 2260 4340 inquit,
2293 4274 2498 4340 peccata
2521 4275 2682 4321 uestra
2705 4266 2836 4320 sicut
2864 4264 3196 4336 phwniceum,
3219 4261 3346 4316 sict»
3377 4259 3539 4312 nivem
3567 4256 3656 4310 dc-

2069 4362 2248 4418 albabo
2269 4359 2422 4433 (Isai.
2443 4361 2492 4416 Ι.
2514 4360 2640 4429 l8);
2664 4359 2904 4429 quamvis
2927 4372 3033 4411 non
3051 4355 3223 4410 minus
3243 4352 3499 4408 tenaciter
3527 4365 3655 4419 pec-

2069 4468 2308 4511 catorum
2321 4453 2508 4510 sordes
2518 4451 2708 4506 anima:
2722 4457 2923 4505 natum
2933 4445 3347 4508 adhaeserintmc
3358 4443 3403 4497 si
3417 4441 3652 4498 colorem

2069 4562 2135 4602 ex
2176 4548 2402 4601 tinctura
2433 4541 2760 4600 immobilem
2785 4538 3176 4595 contraxisset:
3207 4535 3277 4590 ita
3306 4548 3522 4603 possum
3555 4547 3656 4600 ego

2068 4639 2390 4694 contrariam
2421 4637 2479 4690 in
2499 4649 2616 4690 eam
2639 4631 2944 4703 qualitatem
2968 4627 3220 4684 inducere
3249 4645 3260 4674 τ
3291 4623 3487 4680 sufﬁcit
3507 4623 3654 4681 enim

2068 4730 2218 4784 solus
2242 4737 2401 4782 nutus
2419 4741 2590 4790 meus,
2613 4733 2672 4778 ut
2699 4722 2876 4778 omnia
2895 4729 3109 4792 peccata
3139 4718 3438 4775 deleantur.

2137 4821 2191 4874 2,
2227 4819 2304 4874 De
2330 4819 2573 4891 fratribus
2595 4815 2799 4872 solliciti
2826 4813 3142 4870 esse-debent
3171 4813 3341 4883 ipsius
3374 4811 3648 4867 auditores.

2071 4913 2195 4970 Non
2219 4928 2386 4967 rerum
2414 4913 2620 4977 exitum,
2642 4909 2731 4966 sed
2749 4908 2905 4962 animi
2926 4905 3237 4978 propositum
3265 4903 3402 4959 Deus
3430 4912 3656 4976 spectat;

2070 5007 2374 5079 Exemplum
2396 5006 2560 5060 vidua
2573 5002 2785 5060 orantis.
2807 5032 2881 5044 —-—
2901 5002 3024 5056 llaec
3043 5014 3072 5054 a
3101 5013 3189 5055 me
3216 5013 3322 5053 non
3351 5012 3419 5053 eo
3441 4997 3546 5050 fine
3570 4995 3655 5049 di-

2068 5109 2279 5166 cuntur,
2313 5106 2385 5154 ur
2397 5112 2492 5152 vos
2511 5093 2736 5152 audiatis
2760 5109 2773 5147 :
2806 5108 2980 5163 neque
3008 5091 3150 5147 enim
3177 5089 3260 5145 vel
3289 5087 3651 5142 medicamen-

2070 5195 2137 5250 tis
2168 5193 2413 5265 indigetis
2433 5233 2449 5258 ,
2477 5191 2548 5244 ob
2577 5189 2670 5244 Dei
2704 5187 3085 5257 benignitatem
3108 5192 3164 5237 et
3193 5182 3450 5252 gratiam;
3481 5177 3575 5232 sed
3599 5185 3656 5230 ut

2069 5289 2144 5345 illi
2167 5303 2263 5358 per
2287 5300 2382 5341 vos
2410 5283 2724 5354 intelligant.
2753 5278 2904 5348 Quod
2931 5278 2977 5334 si
3016 5279 3133 5333 loca
3156 5274 3294 5331 scire
3320 5270 3609 5342 potuissem
3634 5309 3652 5333 ,

2067 5381 2120 5436 in
2161 5379 2353 5450 quibus
2381 5383 2790 5447 congregantur,
2818 5382 3150 5440 nequaquam
3176 5364 3472 5422 molestiam
3510 5361 3652 5417 cari-

2069 5471 2165 5526 tati
2197 5480 2388 5526 vestra:
2416 5467 2776 5523 exbibuissem
2807 5477 2824 5516 :
2870 5459 2967 5517 sed
2988 5458 3238 5530 quoniam
3279 5453 3392 5508 ﬁeri
3431 5452 3651 5523 nequit,

2068 5577 2126 5620 ut
2144 5579 2243 5635 ego
2267 5561 2354 5633 qui
2378 5574 2514 5615 unus
2539 5573 2679 5622 sum,
2703 5564 2809 5610 tam
2832 5562 3173 5608 numerosum
3193 5544 3452 5618 populum
3482 5557 3653 5598 nove-

2067 5655 2191 5722 rim,
2220 5663 2411 5710 vestra:
2438 5650 2555 5706 ﬁdei
2578 5647 2801 5706 fratrum
2825 5652 3124 5701 vestrorum
3151 5637 3484 5695 curationem
3505 5649 3655 5690 com-

2070 5747 2224 5801 mitto
2252 5751 2463 5800 :cstole
2485 5740 2552 5797 de
2581 5739 2833 5796 fratribus
2862 5733 3055 5792 vestris
3085 5726 3306 5788 solliciti
3324 5768 3342 5799 ,
3377 5727 3656 5786 conciliate

2071 5835 2221 5893 vobis
2250 5835 2389 5905 illos,
2428 5833 2666 5890 invitatc.
2691 5831 2813 5888 Scio
2855 5843 2948 5885 vos
2982 5821 3126 5883 istud
3171 5838 3407 5900 persaepe
3432 5818 3656 5883 fecisse,
