4096 6222
440 336 463 390 ί
479 335 544 390 i7

437 448 535 505 sed
567 446 696 502 nihil
718 456 799 502 est
829 447 930 500 hoc
959 459 1198 516 persaepe
1227 443 1437 510 fecisse,
1458 443 1557 498 nisi
1579 457 1644 498 eo
1670 455 1837 513 usque
1861 438 2026 494 facia—

439 542 512 597 tis
533 581 551 610 ,
581 538 756 611 quoad
787 537 1156 609 persuaseritis
1199 545 1253 590 et
1289 534 1601 589 allexeritis.
1637 533 1762 589 Scio
1803 547 1901 588 vos
1927 532 2029 586 im-

442 642 704 704 portunos
723 629 907 695 fuisse,
926 630 1038 685 scio
1055 629 1312 684 molestos
1335 642 1704 696 smpeuumero
1723 627 1868 683 visos
1889 641 2029 692 esse,

439 727 585 798 quod
615 742 721 782 non
753 723 1124 796 persuaseritis
1152 740 1166 776 :
1208 722 1435 792 ideoque
1464 720 1878 792 negligentiores
1907 718 2034 773 red-

439 821 534 874 diti
559 819 688 874 estis
712 834 728 884 ;
769 816 864 872 sed
888 816 1196 871 consoletur
1220 829 1318 868 vos
1347 812 1563 877 Paulus,
1594 811 1685 882 qui
1715 811 1858 875 dicit,
1889 810 2035 865 Cari-

440 920 519 967 tas
540 910 711 966 omnia
738 916 927 978 sperat,
957 907 1127 963 omnia
1143 906 1325 973 credit,
1347 906 1531 959 caritas
1551 920 1824 972 numquam
1849 903 2034 959 excidit

443 1003 520 1075 (l.
551 1001 671 1058 Cor.
707 1002 793 1056 l3.
817 1001 894 1071 7).
934 999 1016 1055 Tu
1040 998 1179 1070 quod
1208 999 1283 1053 tui
1310 997 1550 1053 muneris
1575 1005 1658 1052 est
1694 1010 1987 1066 exsequere
2015 1012 2030 1048 :

442 1096 688 1167 quamvis
713 1095 1043 1151 curationem
1070 1093 1157 1148 ille
1187 1107 1295 1147 non
1323 1091 1590 1158 admittat,
1619 1099 1675 1145 tu
1703 1089 1842 1160 apud
1865 1090 2032 1146 Deum

443 1187 744 1244 mercedem
769 1187 952 1242 habes.
977 1186 1109 1242 Nam
1134 1186 1187 1240 in
1210 1195 1405 1240 terram
1430 1184 1645 1255 quidem
1677 1186 1721 1239 si
1751 1200 1936 1241 semen
1955 1185 2036 1257 je-

442 1278 602 1346 ceris,
626 1293 800 1347 neque
820 1278 994 1347 spicas
1017 1275 1350 1346 produxerit,
1373 1276 1554 1330 vacuis
1581 1291 1800 1332 necesse
1820 1285 1903 1332 est
1929 1292 2034 1332 ma-

444 1371 601 1426 nibus
629 1369 752 1426 inde
776 1368 1021 1424 discedas
1055 1385 1069 1422 :
1112 1377 1167 1422 at
1193 1369 1246 1423 in
1271 1369 1448 1424 anima
1477 1383 1582 1424 non
1620 1370 1690 1424 ita
1721 1370 1778 1424 lit
1810 1386 1823 1422 :
1853 1370 1949 1425 sed
1977 1379 2034 1425 tu

441 1463 656 1536 quidem
692 1478 884 1532 sparge
911 1461 1211 1518 doctrinam
1231 1504 1247 1529 ,
1279 1469 1333 1518 et
1359 1463 1484 1518 licet
1513 1463 1602 1517 illa
1633 1461 1789 1518 dictis
1814 1465 1918 1518 tuis
1941 1477 2034 1519 re-

441 1556 670 1622 stiterit,
701 1556 960 1626 integram
1001 1553 1347 1610 nihilominus
1382 1553 1684 1610 mercedem
1714 1553 1902 1621 habes,
1932 1569 2036 1610 nec

441 1648 706 1704 minorem
729 1661 886 1716 quam
911 1645 956 1702 si
985 1645 1173 1701 fuisset
1199 1658 1488 1715 persuasa:
1518 1659 1626 1700 non
1655 1646 1799 1700 enim
1829 1644 2034 1715 simpli-

443 1740 578 1794 citer
603 1751 782 1793 rerum
805 1737 1023 1801 exitum,
1057 1735 1152 1790 sed
1179 1735 1342 1789 animi
1371 1735 1700 1804 propositum
1739 1749 1924 1790 eorum
1943 1735 2034 1806 qui

442 1829 706 1892 laborant,
733 1825 959 1882 attendit
982 1827 1142 1889 Deus,
1169 1826 1296 1882 dum
1321 1825 1540 1897 praemia
1556 1827 1696 1882 solet
1721 1826 2030 1883 decernere.

444 1920 554 1976 Vos
580 1919 738 1990 igitur
767 1918 974 1986 hortor,
1007 1927 1064 1974 ut
1096 1917 1238 1989 quod
1267 1918 1501 1986 faciunt,
1531 1921 1620 1988 qui
1646 1918 1838 1974 studiis
1877 1918 2030 1974 thcao

439 2021 647 2066 trorunt
676 2011 980 2078 insaniunt,
1009 2019 1065 2066 et
1103 2011 1155 2065 in
1183 2024 1442 2080 equorum
1471 2010 1886 2075 certaminibus,
1932 2009 2034 2066 hoc

441 2121 540 2161 vos
566 2119 777 2176 quoque
807 2099 1198 2171 faciatis.’Quid
1237 2103 1312 2158 illi
1351 2117 1512 2174 porro
1553 2101 1788 2158 faciunt?
1822 2102 1939 2159 Jam
1965 2102 2034 2158 ab

442 2197 556 2267 ipsa
599 2211 821 2266 vespera
849 2203 1078 2260 coeunt,
1117 2203 1175 2250 et
1216 2193 1538 2250 conveniunt
1572 2194 1712 2249 inter
1753 2208 1846 2260 se,
1888 2201 1942 2248 et
1966 2192 2033 2248 ad

441 2291 670 2344 aliorum
696 2288 886 2344 domos
912 2289 1130 2344 veniunt
1154 2287 1254 2343 sub
1273 2303 1542 2354 auroram,
1566 2287 1775 2360 aliaque
1795 2289 1908 2342 loca
1931 2285 2030 2343 sibi

441 2380 750 2450 designant,
791 2389 850 2435 ut
875 2380 1030 2435 simul
1067 2379 1373 2450 congregati
1403 2379 1590 2449 majori
1617 2394 1738 2435 cum
1763 2379 2034 2448 voluptate

441 2470 509 2526 ad
536 2471 834 2526 satanicum
856 2472 1220 2541 spectaculum
1241 2470 1370 2525 illud
1396 2469 1744 2525 adscendant.
1769 2469 2032 2540 Quemad-

441 2563 660 2618 modum
703 2563 776 2617 illi
824 2563 898 2618 rei
938 2561 1095 2617 saluti
1132 2563 1324 2617 anima:
1372 2577 1483 2616 sua:
1513 2560 1687 2617 noxia:
1725 2561 2030 2633 diligentem

441 2668 660 2725 operam
683 2663 892 2720 navant,
918 2668 1083 2724 seque
1113 2661 1296 2708 mutuo
1323 2651 1595 2708 deducunt
1632 2669 1648 2708 :
1687 2653 1758 2708 ita
1787 2669 1884 2708 vos
1912 2653 2030 2708 aui-

425 2761 545 2822 ;rna:
581 2754 775 2801 vestra:
817 2761 999 2801 curam
1044 2744 1214 2816 gerite
1235 2785 1249 2810 ,
1282 2759 1482 2816 vosque
1524 2745 1749 2800 invicem
1780 2753 2029 2802 senate:

439 2851 669 2908 cumque
696 2838 865 2893 futura
887 2838 990 2892 erit
1012 2837 1257 2900 collecta,
1275 2837 1342 2892 ad
1364 2837 1509 2892 :edes
1537 2853 1697 2908 perge
1726 2838 1800 2893 tui
1828 2838 2028 2906 fratris,

440 2943 672 2998 eumque
701 2927 828 2984 foris
856 2943 952 2999 pro
980 2928 1246 2985 vestibulo
1266 2937 1540 2998 exspecta,
1567 2939 1728 2999 atque
1752 2929 2032 3000 egredien-

440 3026 548 3073 tem
569 3017 744 3075 retine
774 3035 790 3074 :
819 3019 942 3076 licet
978 3020 1046 3076 ab
1080 3020 1373 3075 innumeris
1401 3020 1809 3076 necessitatibus
1837 3035 2029 3091 urgea-

437 3120 546 3174 tur,
576 3125 644 3166 ne
667 3113 966 3181 permittas,
995 3128 1129 3169 neve
1154 3113 1299 3168 sinas
1323 3112 1583 3168 s:ecu|are
1607 3111 1824 3184 aliquod
1860 3128 2028 3183 uego-

442 3201 574 3264 tium
604 3203 837 3272 aggredi,
874 3204 1183 3275 priusquam
1213 3203 1280 3259 ad
1305 3204 1586 3260 ecclesiam
1615 3204 1765 3260 illum
1789 3203 2027 3261 adduxe-

439 3295 534 3360 ris,
562 3306 615 3351 et
641 3296 862 3368 integra:
887 3299 1127 3354 eollect:e
1153 3299 1482 3369 persuaseris
1511 3299 1804 3355 interesse:
1837 3313 2027 3370 quam-

438 3388 520 3444 vis
539 3389 844 3456 contendat,
873 3392 1118 3460 quamvis
1142 3391 1493 3456 contradicat,
1518 3390 1760 3458 quamvis
1783 3390 2028 3446 innume-

438 3493 528 3534 ras
551 3479 923 3534 excusationes
947 3480 1222 3546 obtendat,
1255 3496 1323 3535 ne
1343 3481 1418 3535 illi
1439 3480 1648 3544 credas,
1681 3496 1782 3536 nec
1807 3481 2024 3551 acquie-

437 3584 577 3636 scas,
608 3569 704 3624 sed
741 3571 926 3626 dicens
971 3587 1035 3626 ac
1075 3571 1275 3628 docens
1304 3572 1416 3628 fore
1441 3613 1456 3637 ,
1491 3581 1547 3627 ut
1575 3581 1684 3628 tum
1716 3573 1793 3628 illi
1829 3583 2024 3630 caetera

438 3660 607 3729 magis
656 3659 828 3714 facilia
884 3670 939 3716 et
987 3662 1232 3731 expedita
1263 3662 1572 3730 reddantur,
1607 3678 1730 3719 cum
1780 3665 2023 3720 absoluta

435 3748 689 3816 collecta,
719 3759 996 3820 postquam
1027 3752 1292 3822 particeps
1321 3768 1536 3822 precum
1573 3754 1761 3821 fuerit,
1787 3765 2026 3824 patrum-

433 3854 540 3910 que
559 3839 958 3898 benedictioncs
978 3845 1264 3913 acceperit,
1285 3843 1539 3914 deinceps
1559 3849 1623 3899 ad
1651 3845 1739 3900 illa
1769 3860 2022 3916 propera-

437 3932 539 3999 rit;
572 3941 730 4003 atque
757 3932 840 3988 Itis
866 3948 930 3989 ac
957 3935 1194 4005 pluribus
1219 3937 1336 3992 aliis
1363 3937 1538 3992 verbis
1565 3953 1686 3992 cum
1729 3938 1900 4007 ipsum
1928 3938 2023 3994 tle-

432 4025 698 4093 vinxeris,
731 4026 797 4080 ad
826 4041 1034 4083 sacram
1063 4029 1216 4084 istam
1258 4045 1496 4086 mensam
1522 4029 1802 4097 deducito,
1835 4039 1895 4086 ut
1923 4030 2022 4086 du-

432 4117 622 4188 plicem
653 4121 956 4176 mercedem
995 4121 1240 4177 obtinens
1261 4163 1276 4187 ,
1307 4137 1427 4178 cum
1478 4122 1549 4177 ob
1590 4132 1758 4189 tuum,
1811 4133 1921 4178 tum
1951 4124 2022 4180 ob

430 4207 574 4265 illius
606 4209 914 4264 adventum.
946 4209 1176 4266 Omnino
1203 4212 1249 4266 si
1289 4219 1493 4266 tantum
1522 4214 1681 4268 studii
1709 4222 2020 4286 tantumque

427 4300 715 4370 diligentia:
743 4300 810 4355 ad
838 4300 955 4356 illos
981 4301 1252 4357 venandos
1279 4312 1335 4358 et
1374 4303 1706 4371 alliciendos,
1733 4305 1826 4375 qui
1853 4306 2022 4375 negli-

427 4393 698 4461 gentiores
733 4403 878 4462 sunt,
910 4394 1341 4463 adhibuerimus,
1381 4396 1606 4452 salutem
1647 4411 2015 4468 assequemur.

426 4483 774 4552 Quantumvis
813 4490 958 4543 enim
995 4489 1324 4559 negligentes
1361 4488 1502 4555 sint,
1552 4496 1608 4545 et
1645 4489 2012 4560 impudentes,

423 4585 483 4629 et
510 4577 826 4642 truculenti,
879 4578 1244 4634 assiduitatem
1291 4581 1546 4651 propositi
1575 4581 1739 4637 vestri
1763 4583 2010 4650 reveriti,

426 4664 642 4720 tandem
669 4683 698 4720 a
722 4668 1038 4738 negligentia
1066 4668 1344 4726 desisteut.
1373 4671 1556 4742 Neque
1579 4673 1722 4728 enim
1749 4672 1842 4727 illo
1870 4673 2017 4744 judi-

421 4769 488 4811 ce
513 4756 603 4826 qui
644 4755 809 4810 Deum
840 4774 945 4813 non
972 4769 1212 4826 noverat,
1242 4777 1418 4832 neque
1447 4763 1691 4818 homines
1729 4765 2011 4820 revereba-

422 4856 530 4912 tur,
557 4846 858 4916 asperiores
875 4859 1019 4916 sunt,
1047 4853 1386 4922 quantumvis
1411 4854 1518 4910 sint
1536 4854 1654 4910 duri
1681 4870 1745 4912 ac
1773 4857 2006 4928 stupidi:

419 4949 654 4994 attamen
687 4939 833 4995 illum
863 4943 1152 5010 crudelem,
1201 4961 1422 5014 saevum,
1461 4949 1720 5017 ferreum,
1749 4949 2009 5006 adaman-

418 5042 527 5088 tem
577 5032 724 5087 illum
769 5034 927 5090 unius
962 5037 1204 5092 mulieris
1233 5037 1407 5094 vidua:
1443 5052 1695 5096 constans
1723 5041 2008 5097 assiduitas

412 5123 658 5181 exoravit
682 5123 844 5195 (Luc.
881 5126 965 5181 18.
1009 5127 1184 5199 2-5).
1217 5128 1457 5196 Quanam
1489 5130 1649 5201 igitur
1675 5133 1832 5189 venia
1861 5132 2005 5204 digni

407 5218 638 5285 erimus,
668 5219 735 5288 si,
757 5234 878 5276 eum
909 5221 1096 5277 mulier
1124 5223 1282 5277 vidua
1309 5223 1584 5280 crudelem
1617 5225 1854 5296 judicem
1872 5269 1886 5292 ,
1913 5227 2004 5297 qui

407 5326 582 5382 neque
604 5311 769 5366 Deum
797 5311 1038 5379 timebat,
1060 5328 1161 5370 nec
1180 5314 1426 5372 homines
1451 5317 1823 5386 reverebatur,
1853 5319 2002 5376 intle-

403 5413 551 5461 ctere
580 5405 831 5476 potuerit,
863 5415 916 5462 et
943 5405 1010 5462 ad
1042 5406 1356 5463 beneficium
1393 5409 1777 5466 conferendum
1809 5413 2000 5482 impel-

406 5492 538 5558 lene,
572 5511 671 5551 nos
698 5495 894 5553 fratres
913 5506 1126 5554 nostros
1146 5499 1312 5555 multo
1336 5500 1430 5556 illo
1453 5500 1838 5558 tolerabiliores
1862 5504 2000 5558 mul—

402 5593 563 5656 toque
593 5589 944 5648 modestiores
981 5592 1198 5649 allicere
1231 5608 1336 5649 non
1370 5595 1736 5665 potuerimus,
1767 5596 1893 5652 dum
1929 5597 1997 5653 ad

400 5679 616 5750 propria
655 5678 772 5734 illos
797 5684 1078 5739 commoda
1103 5685 1427 5756 capessenda
1458 5687 1840 5744 cohortamur?
1868 5688 1995 5745 Haec

395 5781 536 5838 satu:
571 5767 702 5832 dixi,
739 5786 910 5833 neque
935 5773 1116 5832 dicere
1141 5778 1384 5847 cessabo,
1407 5778 1580 5836 donec
1603 5793 1696 5836 eos
1724 5794 1884 5836 sanos
1907 5781 1985 5836 vi-

1166 331 1221 385 S.
1262 327 1540 386 JOANNIS
1577 323 2049 384 CHRYSOSTOHI
2088 322 2407 384 ABCHiEP.
2445 329 2980 390 CONSTANTINOP.

3621 340 3721 397 “3

2141 437 2292 506 dero,
2329 443 2417 512 qui
2441 453 2720 514 aegrotant.
2750 446 2982 518 Singulis
3007 445 3194 503 diebus
3228 446 3351 504 illos
3387 463 3600 519 quaero,
3626 453 3725 508 do-

2137 544 2236 585 nec
2262 545 2422 600 opera
2451 543 2628 590 vestra
2659 536 2776 592 illos
2805 538 3090 592 inveniam.
3118 541 3160 593 A
3191 537 3344 595 vobis
3380 539 3541 596 etiam
3581 557 3723 598 sum-

2137 637 2356 691 mopere
2391 627 2683 694 contendo,
2732 637 2789 683 ut
2815 629 3001 685 eodem
3023 645 3143 684 cum
3170 630 3332 684 animi
3362 630 3571 700 dolore,
3603 650 3726 692 cum

2138 728 2245 782 quo
2276 713 2390 770 lucc
2415 731 2445 770 a
2471 732 2558 772 me
2589 734 2729 774 nunc
2758 719 3028 786 dicuntur,
3056 735 3176 774 cum
3201 720 3391 776 eodem
3423 720 3605 778 labore
3634 740 3726 779 ne-

2137 803 2480 875 gligentiores
2519 807 2846 879 disquiratis.
2875 810 2990 865 Non
3021 811 3164 866 enim
3195 812 3323 866 mihi
3356 820 3558 867 tantum
3582 854 3598 879 ,
3632 815 3726 869 sed

2138 905 2192 948 et
2220 896 2368 952 vobis
2394 897 2592 954 Paulus
2629 901 2910 973 prtecepit,
2939 911 2996 956 ut
3024 902 3386 958 membrorum
3427 913 3726 961 vestrorum

2137 999 2319 1041 curam
2349 990 2572 1059 geratis.
2603 989 2945 1047 Consolamini
2983 995 3122 1049 enim
3145 1036 3166 1060 ,
3205 995 3408 1065 inquit,
3437 997 3645 1051 invicem
3673 1000 3731 1052 in

2138 1078 2299 1133 verbis
2318 1079 2446 1146 istis,
2475 1081 2604 1136 sicut
2627 1093 2673 1136 et
2701 1083 2870 1152 facitis
2891 1100 2912 1137 :
2939 1093 2994 1141 et
3023 1100 3236 1154 rursus,
3269 1084 3550 1156 Ediﬁcate
3567 1089 3726 1142 alter-

2139 1179 2308 1226 utrum
2329 1173 2376 1244 (l
2409 1173 2558 1230 Thes.
2588 1177 2642 1232 5.
2674 1177 2789 1250 ll).
2816 1177 3000 1250 Magna
3029 1178 3227 1248 quippe
3256 1194 3462 1235 merces
3488 1195 3582 1236 eos
3612 1196 3728 1236 ma-

2139 1270 2250 1328 net,
2275 1264 2364 1334 qui
2391 1264 2460 1320 de
2483 1265 2736 1322 fratribus
2763 1279 2886 1322 stmt
2916 1268 3152 1337 solliciti,
3182 1269 3578 1344 maximumque
3597 1287 3732 1343 sup-

2139 1353 2357 1424 plicium
2378 1356 2482 1410 illis
2503 1357 2766 1427 imminet,
2791 1359 2882 1431 qui
2911 1359 3136 1416 salutem
3166 1360 3376 1416 illorum
3393 1362 3611 1420 minime
3633 1379 3730 1420 cu-

2141 1456 2263 1503 rant
2291 1457 2346 1505 et
2369 1449 2660 1521 negligunt.

2208 1539 2260 1595 3.
2304 1540 2509 1596 Auditio
2547 1553 2636 1596 aut
2677 1541 2821 1598 lectio
2851 1543 3171 1615 Scriptura,
3202 1545 3310 1600 sine
3333 1546 3605 1613 intellectu,
3652 1548 3733 1604 πει

2139 1642 2392 1701 prosunt;
2431 1635 2844 1705 commonefactio
2871 1635 3120 1690 dictorum
3152 1638 3401 1709 superius.
3432 1670 3503 1680 -—
3529 1639 3735 1708 Quam-

2139 1722 2329 1778 obrem.
2369 1723 2527 1781 valde
2555 1726 2766 1782 conﬁdo
2804 1727 3074 1800 credoque
3102 1744 3198 1785 vos
3232 1745 3296 1786 ea
3340 1748 3459 1802 quae
3495 1732 3726 1789 diximus

2139 1830 2331 1887 magna
2379 1831 2500 1872 cum
2549 1819 2710 1873 animi
2737 1820 3011 1876 alacritate
3055 1822 3385 1890 prmstituros
3415 1842 3435 1878 ε.
3457 1839 3614 1894 quam
3655 1824 3728 1880 ob

2138 1922 2353 1964 causam
2383 1909 2467 1966 hic
2497 1911 2816 1967 adhortandi
2843 1912 3004 1968 ﬁnem
3041 1913 3243 1969 faciens
3264 1955 3278 1980 ,
3313 1915 3378 1969 ad
3409 1915 3553 1970 Pauli
3576 1933 3729 1972 men-

2139 2014 2252 2055 sam
2281 2000 2546 2059 deducere
2588 2019 2684 2059 vos
2721 2005 2978 2060 conabor.
3020 2005 3220 2062 Paulus
3243 2016 3445 2062 vocatus
3469 2011 3727 2078 apostolus

2143 2095 2220 2167 (l.
2258 2095 2376 2150 Cor.
2402 2097 2453 2152 l.
2483 2097 2558 2167 l).
2585 2097 2710 2152 llaec
2733 2112 3104 2168 smpenumero
3129 2109 3184 2154 et
3211 2115 3241 2154 a
3267 2101 3420 2156 vobis
3445 2101 3644 2168 audita,
3669 2110 3728 2157 et

2138 2202 2169 2241 a
2184 2187 2340 2244 nobis
2354 2198 2478 2244 sunt
2497 2189 2632 2246 lecta
2653 2207 2668 2252 ;
2688 2189 2782 2245 sed
2801 2206 2904 2246 non
2923 2191 3096 2260 legere
3116 2198 3341 2259 tantum,
3359 2207 3541 2246 verum
3563 2193 3722 2248 etiam

2137 2278 2436 2350 intelligere
2454 2296 2574 2350 qua:
2603 2281 2852 2336 dicuntur
2875 2290 3086 2352 oportet
3115 2299 3128 2336 :
3157 2282 3352 2352 alioqui
3386 2282 3587 2337 nullum
3629 2299 3732 2338 no-

2137 2373 2222 2428 bis
2244 2374 2453 2430 lucrutn
2475 2390 2540 2431 ex
2570 2377 2800 2434 lectione
2819 2376 3103 2432 constabit.
3126 2376 3398 2448 Siquidem
3423 2376 3728 2443 thesaurus,

2137 2466 2182 2522 si
2208 2481 2438 2537 superne
2476 2468 2735 2536 calcetur,
2762 2468 2973 2524 divitias
3003 2483 3110 2524 non
3150 2469 3419 2535 ostendit;
3464 2467 3557 2524 sed
3595 2467 3728 2524 effo-

2137 2555 2362 2613 diendus
2401 2567 2483 2614 est
2513 2560 2692 2628 prius,
2735 2567 2790 2615 et
2830 2570 3108 2631 postquam
3160 2560 3296 2616 infra
3335 2560 3724 2628 descenderis,

2137 2662 2350 2704 omnem
2380 2649 2574 2706 deinde
2599 2660 2857 2722 quaestum
2899 2652 3142 2708 invenies
3174 2670 3188 2707 :
3221 2653 3291 2708 ita
3332 2664 3544 2724 qquue
3584 2653 3641 2707 ﬁt
3670 2653 3730 2709 in

2136 2741 2461 2814 Scripturis;
2490 2761 2596 2800 non
2623 2747 2735 2801 sola
2760 2745 2960 2802 sufﬁcit
2996 2747 3153 2803 lectio
3177 2747 3244 2802 ad
3284 2748 3585 2804 reconditos
3624 2747 3724 2802 bo-

2136 2850 2326 2891 norum
2359 2835 2638 2893 thesauros
2666 2839 2976 2896 iudicandos
2996 2883 3015 2909 ,
3036 2840 3138 2896 nisi
3163 2841 3480 2912 profundum
3516 2851 3725 2898 scrute-

2136 2925 2231 2982 ris.
2250 2926 2305 2983 Si
2325 2927 2480 2984 lectio
2495 2929 2783 2996 sufﬁceret,
2801 2947 2905 2986 non
2921 2931 3140 2986 dixisset
3156 2932 3399 2988 eunucho
3417 2934 3689 3004 Philippus
3707 2953 3726 2989 :

2137 3016 2367 3074 Putasne
2393 3020 2631 3092 intelligis
2653 3039 2769 3091 qua:
2789 3023 2910 3094 legis
2935 3023 3070 3094 (Act.
3101 3024 3153 3080 8.
3177 3025 3310 3094 δοη
3333 3024 3388 3080 Si
3419 3025 3576 3080 l‘cctio
3605 3023 3723 3080 suf-

2134 3108 2348 3177 liceret,
2391 3112 2590 3169 Judaris
2631 3114 2874 3171 Christus
2920 3132 3030 3172 non
3073 3117 3294 3173 dixisset
3341 3136 3353 3171 :
3410 3118 3728 3175 Scrutamini‘

2134 3200 2429 3274 Scripturas
2455 3203 2635 3276 (Joan.
2661 3206 2716 3262 5.
2747 3207 2841 3278 59)
2870 3223 2887 3262 :
2914 3217 2969 3262 at
2994 3208 3038 3263 is
3063 3209 3151 3279 qui
3178 3218 3465 3275 scrutatur,
3498 3225 3604 3263 non
3632 3227 3723 3265 su-

2134 3294 2350 3362 perﬁcie
2371 3303 2526 3350 tenus
2540 3297 2799 3366 subsistit,
2815 3299 2907 3355 sed
2928 3297 2995 3354 ad
3018 3299 3335 3368 profundum
3361 3301 3530 3372 ipsum
3551 3315 3727 3372 usque

2132 3382 2425 3440 descendit.
2453 3385 2667 3443 Etenim
2695 3389 2745 3443 in
2787 3389 2902 3459 ipso
2937 3390 3158 3446 exordio
3199 3393 3426 3447 multum
3466 3382 3722 3449 sensuum

2131 3476 2351 3548 pelagus
2376 3493 2559 3533 cerno.
2593 3483 2765 3551 Atque
2793 3481 2844 3536 in
2874 3481 3218 3538 saecularibus
3237 3483 3450 3553 quidem
3479 3485 3723 3554 epistolis

2129 3567 2477 3623 salutationes
2506 3583 2721 3640 quoquo
2745 3570 2908 3626 modo
2931 3571 3080 3637 fiunt,
3108 3571 3282 3627 solum
3310 3572 3570 3629 honorem
3598 3575 3716 3630 cul-

2131 3667 2350 3729 tumque
2377 3659 2716 3717 deferen-tes:
2745 3661 2830 3718 hic
2857 3678 2984 3720 vero
3009 3678 3117 3718 non
3133 3663 3222 3729 ita,
3250 3664 3343 3719 sed
3366 3664 3529 3720 multa
3554 3681 3716 3720 exor-

2128 3748 2274 3804 dium
2305 3751 2563 3820 sapientia
2594 3752 2877 3809 redundat.
2927 3754 3043 3810 Non
3081 3755 3224 3810 enim
3270 3755 3462 3810 Paulus
3499 3763 3581 3812 est
3625 3756 3718 3826 qui

2126 3840 2386 3911 loquitur,
2417 3842 2510 3898 sed
2535 3843 2623 3914 qui
2651 3844 2882 3900 animam
2909 3845 3025 3916 ejus
3066 3855 3244 3903 movet
3271 3846 3534 3903 Christus.
3565 3845 3712 3901 Pau-

2125 3933 2206 3987 lus
2232 3943 2454 3990 vocatus.
2487 3934 2601 3990 Hoc
2649 3951 2868 4004 nomen,
2906 3939 3118 4004 Paulus,
3161 3955 3325 3995 unum
3372 3940 3582 4010 quidem
3631 3949 3715 3995 est

2126 4025 2430 4098 nudumque
2460 4043 2654 4084 nomen
2686 4047 2704 4083 :
2734 4029 2831 4086 sed
2880 4038 3082 4085 tantum
3125 4046 3374 4087 sensuum
3407 4032 3714 4086 thesaurum

2127 4115 2286 4172 habet
2311 4118 2668 4186 reconditum,
2707 4130 2964 4191 quantum
2995 4121 3320 4191 experientia
3350 4122 3708 4192 comperistis.

2123 4208 2256 4262 Nam
2287 4209 2332 4263 si
2361 4209 2738 4277 recordamini,
2772 4221 2882 4266 tres
2912 4213 3145 4283 integros
3187 4212 3302 4268 dies
3337 4212 3406 4268 de
3451 4214 3565 4267 solo
3606 4212 3713 4269 hoc

2123 4300 2337 4355 nomine
2365 4299 2684 4358 disseruisse
2709 4317 2796 4358 me
2824 4305 2970 4358 scitis
2989 4345 3006 4371 ,
3038 4304 3164 4359 dum
3187 4317 3376 4358 causas
3419 4303 3667 4358 all‘errem
3690 4345 3708 4369 ,

2120 4393 2190 4448 ob
2218 4408 2348 4463 quas
2373 4408 2494 4449 cum
2535 4394 2733 4450 Saulus
2765 4405 2919 4452 antea
2949 4405 3252 4463 vocaretur,
3280 4395 3474 4450 Paulus
3515 4395 3711 4451 deinde

2120 4492 2338 4538 vocatus
2363 4494 2464 4552 est,
2489 4494 2543 4540 et
2563 4501 2666 4556 qua
2693 4484 2762 4541 de
2781 4501 2940 4540 causa
2969 4499 3074 4540 non
3098 4485 3274 4540 statim
3303 4485 3369 4540 ad
3393 4485 3549 4540 ﬁdem
3577 4502 3706 4541 con-

2120 4589 2306 4630 versus
2333 4575 2470 4632 hanc
2509 4577 2918 4648 appellationem
2966 4577 3212 4646 accepit,
3253 4576 3348 4631 sed
3387 4577 3451 4630 ad
3484 4577 3709 4632 multum

2119 4677 2327 4738 tempus
2353 4683 2547 4724 nomen
2577 4669 2816 4736 retinuit,
2846 4668 2986 4740 quod
3017 4669 3091 4722 illi
3119 4683 3148 4722 a
3177 4669 3436 4740 principio
3458 4679 3708 4739 parentes

2117 4757 2524 4828 imposuerant:
2568 4759 2894 4828 multamque
2937 4758 3032 4814 Dei
3075 4759 3387 4828 sapientiam
3433 4768 3486 4812 et
3516 4759 3706 4828 provi-

2115 4849 2348 4904 dentiam
2389 4864 2455 4905 ex
2494 4865 2560 4906 eo
2601 4850 3082 4905 demonstravimus
3125 4865 3245 4906 cum
3287 4865 3410 4921 erga
3441 4865 3560 4915 nos,
3591 4859 3705 4905 tum

2114 4955 2238 5011 erga
2266 4949 2479 4996 sanctos
2519 4941 2638 4995 illos
2668 4941 2979 4996 exhibitam.
3023 4941 3154 4996 Nam
3186 4941 3230 4997 si
3259 4941 3439 4996 liberis
3463 4942 3576 4997 suis
3602 4941 3702 4994 ho-

2114 5033 2285 5088 mines
2306 5046 2410 5087 non
2442 5040 2643 5088 temere
2673 5047 2868 5088 nomen
2897 5035 3208 5104 imponunt,
3236 5033 3329 5089 sed
3358 5033 3438 5089 vel
3465 5049 3496 5089 a
3527 5044 3699 5104 patre,

2113 5125 2199 5182 vel
2220 5125 2288 5182 ab
2311 5139 2412 5180 avo
2431 5167 2447 5194 ,
2475 5125 2555 5180 vel
2582 5140 2612 5180 a
2639 5125 2928 5196 majoribus
2954 5127 3164 5182 caneris
3204 5127 3418 5182 nomina
3451 5136 3703 5181 mutuan-

2111 5228 2198 5275 tur
2228 5236 2241 5272 :
2273 5219 2441 5274 multo
2479 5220 2650 5291 magis
2685 5219 2827 5276 Deus
2865 5220 3034 5277 servis
3069 5221 3182 5275 suis
3207 5236 3313 5275 non
3362 5221 3478 5276 sine
3504 5235 3700 5288 causa,

2108 5328 2208 5368 nec
2234 5313 2349 5369 sine
2382 5315 2589 5369 ratione
2634 5313 2806 5385 aliqua
2852 5313 3238 5386 appellationes
3283 5314 3554 5384 imposuit,
3602 5313 3698 5369 sed

2108 5405 2296 5476 majori
2321 5421 2442 5461 cum
2459 5406 2663 5476 judicio
2683 5423 2745 5462 ac
2766 5407 3048 5478 sapientia.
3072 5405 3346 5474 Siquidem
3371 5405 3616 5460 homines
3644 5406 3695 5460 in

2109 5497 2364 5553 honorem
2392 5497 2761 5555 defunctorum
2790 5541 2805 5566 ,
2855 5498 2938 5552 vel
2986 5496 3052 5552 ad
3084 5512 3236 5552 suam
3278 5497 3699 5552 consolationem

2105 5605 2476 5662 saepenumero
2503 5592 2810 5646 nominibus
2834 5600 3166 5646 mortuorum
3198 5589 3335 5644 ﬁlios
3362 5603 3489 5644 suos
3514 5587 3700 5658 appel-

2104 5684 2236 5748 lant,
2278 5698 2449 5754 eoque
2484 5692 2638 5754 pacto
2666 5698 2761 5754 per
2798 5682 3207 5753 appellationem
3237 5681 3525 5737 liberorum
3554 5677 3701 5734 sola-

2107 5778 2237 5836 tium
2265 5775 2363 5831 sibi
2389 5775 2586 5834 doloris
2619 5774 2936 5846 excogitant,
2969 5789 3128 5845 quem
3156 5789 3221 5830 cx
3245 5773 3391 5829 obitu
3416 5771 3698 5827 defuncto-
