4096 6222
417 250 516 312 ιιο

409 373 550 437 λίαν,
584 369 772 441 ὥσπερ
815 370 874 423 ἐν
918 368 1082 439 στήλῃ
1124 368 1320 439 χαλκῇ,
1372 371 1440 440 τῇ
1486 366 1823 440 προσηγορίᾳ
1876 363 1984 418 τῶν

411 456 583 526 ἁγίων
620 451 1018 506 ἐναποτίθεται.

481 549 584 602 Τὸν
614 548 745 616 γοῦν
789 545 994 616 Πέτρον
1025 545 1132 599 ἀπὺ
1178 545 1277 615 τῆς
1305 546 1506 616 ἀρετῆς
1551 545 1721 610 οῦτως
1740 544 1986 612 ἐκάλεσε,

408 635 508 709 τὴν
536 632 805 698 ἀπόδειξιν
830 633 931 703 τῆς
963 632 1198 704 περὶτὴν
1220 633 1400 687 πίστιν
1432 633 1785 705 στερρότητος
1796 635 1989 685 ἐναπο-

410 722 687 791 τιθέμενος
712 719 875 774 αὑτοῦ
913 718 989 790 τῷ
1021 719 1263 790 ὀνόματι,
1297 719 1382 772 ἵνα
1409 718 1509 792 ἔχῃ
1538 718 1855 773 διδάσκαλον
1905 718 1988 771 δι-

410 807 603 878 ηνεκῆ,
631 806 728 879 τὴν
758 804 1146 878 προσηγορίαν,
1188 806 1287 875 τῆς
1314 807 1567 875 τοιαύτης
1615 804 1985 877 στερρότητος.

410 892 582 947 Τοῦτο
620 892 831 946 καὶτὸν
874 893 1126 964 Ἰωάννην
1158 894 1254 947 καὶ
1288 892 1378 945 τὸν
1423 891 1677 946 Ἰάκωϐον
1714 891 1987 956 ἐκάλεσεν,

409 979 519 1033 ᾰπδ
548 980 649 1049 τῆς
686 978 828 1033 κατά
856 978 916 1031 τὸ
973 981 1233 1049 κήρυγμα
1271 977 1702 1049 μεγαλοφωνίας.
1741 976 1878 1029 Ἀλλ’
1906 976 1993 1029 ἴνα

414 1065 489 1137 μὴ
532 1068 695 1121 πάλιν
739 1066 809 1120 τά
844 1065 984 1119 αῦτά
1033 1064 1532 1137 λέγωνλδιενοχλῶ,
1575 1064 1748 1118 ταῦτα
1810 1063 1990 1133 ἀφεὶς,

411 1154 589 1206 ἐκεῖνο
646 1152 777 1225 ἐρῶ,
823 1153 905 1205 ὅτι
962 1152 1057 1205 καὶ
1084 1151 1224 1205 αύτά
1269 1151 1391 1205 καθ’
1423 1150 1589 1205 ἐαυτά
1623 1150 1891 1221 λεγόμενα
1922 1148 1992 1201 τά

410 1240 651 1311 ὀνόματα
672 1239 780 1293 τῶν
799 1239 989 1307 ἁγίων,
1016 1240 1110 1293 καὶ
1141 1240 1253 1301 τοῖς
1274 1236 1537 1308 φιλοθέοις
1563 1238 1698 1292 εἰσὶν
1716 1237 1988 1309 αίδέσιμα,

412 1325 509 1378 καὶ
552 1326 666 1387 τοῖς
698 1324 1073 1395 ἁμαρτάνουσι
1103 1323 1327 1395 φοϐερά.
1384 1324 1486 1378 Τόν
1535 1326 1665 1393 γοῦν
1707 1326 1991 1394 Ὀνήσιμον

409 1410 682 1482 δραπέτην
699 1411 793 1464 καὶ
822 1410 1060 1480 κλέπτην
1076 1410 1385 1481 γενόμενον,
1419 1410 1513 1464 καλ⁸
1536 1411 1643 1463 τῶν
1659 1409 1991 1464 δεσποτικῶν

412 1496 744 1567 ύφελόμενόν
767 1513 821 1550 τι
845 1513 951 1567 χρη
962 1497 1166 1567 μάτων,
1200 1496 1595 1569 ὑποδεξάμενος
1620 1497 1870 1561 όΠαῦλος
1899 1499 1993 1551 καὶ

414 1583 753 1655 μεταϐαλὼν,
784 1586 879 1637 καὶ
906 1582 1047 1637 οὕτω
1075 1583 1211 1655 πρὸς
1244 1585 1345 1657 τὴν
1376 1584 1525 1656 ἱεράν
1577 1585 1993 1656 χειραγωγὴσας

415 1671 831 1742 μυσταγωγίαν·
885 1667 1001 1725 εἷτα
1045 1670 1254 1741 μέλλων
1295 1670 1601 1725 ἀποδιδόναι
1641 1671 1719 1742 τῷ
1758 1671 1993 1743 δεσπότῃ

412 1759 597 1825 πάλιν,
621 1757 781 1814 τοῦτο
823 1758 958 1830 πρὸς
1002 1758 1162 1812 αὐτὸν
1204 1757 1442 1831 ἔγραφε·
1491 1758 1588 1813 Διό
1626 1760 1869 1828 πολλὴν
1923 1760 1994 1813 ἐν

410 1844 642 1915 Χριστῷ
671 1846 1017 1915 παρῤησίιιν
1055 1843 1213 1914 ἔχων
1250 1843 1607 1899 ἐπιτάσσειν
1633 1860 1733 1900 σοι
1763 1845 1830 1900 τὸ
1876 1845 1992 1900 «ἀνα

411 1933 563 1997 ἧκον
579 1933 677 1988 διὰ
700 1934 815 2001 τὴν
827 1932 1086 2004 ἀγάπην,
1107 1931 1349 2002 μᾶλλον
1363 1932 1705 2003 παρακαιῶ,
1724 1932 1993 2000 τοιοῦτος

408 2018 496 2074 ὢν
526 2021 607 2086 ὡς
637 2019 876 2087 Παῦλος
915 2020 1274 2088 πρεσϐύτης,
1321 2019 1460 2073 νυνί
1489 2018 1557 2073 δὲ
1608 2022 1706 2074 καὶ
1750 2018 1995 2088 δέσμιος

408 2108 483 2162 ἐν
518 2105 749 2176 Χριστῷ
774 2106 990 2174 Ἰησοῦ.
1024 2107 1183 2178 Ὁρᾷς
1204 2106 1287 2159 ὅτι
1314 2104 1439 2177 τρία
1451 2105 1709 2177 ἐπέθηκε,
1732 2106 1803 2159 τά
1819 2104 1997 2176 δεσμά

409 2194 480 2250 τά
513 2194 599 2251 διά
624 2194 715 2249 τὸν
739 2192 995 2264 Χριστὸν,
1040 2194 1138 2264 τὴν
1193 2193 1466 2247 πολιτείαν
1494 2192 1589 2264 τὴν
1625 2192 1733 2245 ἀπὸ
1762 2191 1860 2259 τῆς
1878 2191 1996 2264 ἡλι-

411 2282 560 2346 κίας,
590 2281 691 2352 τὴν
721 2280 854 2335 αἰδῶ
880 2280 978 2352 τὴν
1030 2281 1141 2333 ἀπὸ
1184 2280 1284 2351 τῆς
1330 2279 1735 2352 προσηγορίας;
1778 2277 2002 2352 Ἐπειδὴ,

408 2369 521 2442 γὰρ
543 2362 626 2434 εἷς
649 2364 716 2441 ῆν
749 2369 777 2422 ό
797 2366 1149 2439 παρακαλῶν,
1174 2368 1433 2439 τριπλοῦν
1453 2367 1823 2438 ἐφιλονείκησε
1842 2367 1997 2437 ποιῆ-

412 2473 503 2512 σαι
551 2455 640 2509 τὸν
679 2453 820 2526 ὑπὲρ
854 2454 1143 2526 Ὀνησίμου
1172 2455 1447 2525 δεόμενον,
1486 2454 1577 2508 τὸν
1612 2454 1921 2525 πρεσϐύτην
1943 2466 1999 2510 ⁸.

422 2542 583 2614 Ὁρᾷς
611 2542 692 2595 ὅτι
721 2541 816 2594 καὶ
842 2541 981 2595 αὐτὰ
1012 2540 1080 2594 τά
1107 2540 1347 2609 ὀνόματα
1371 2540 1626 2611 αίδέσιμα
1647 2543 1758 2603 τοῖς
1786 2543 1995 2604 πιστοῖς

410 2630 527 2684 ἐστι
554 2629 648 2684 καὶ
673 2627 931 2699 φιλόθεας
973 2629 1036 2681 El
1073 2629 1182 2700 γάρ
1232 2627 1443 2681 παιδίου
1475 2628 1795 2698 φιλουμένου
1825 2644 1995 2699 προσ-

411 2716 610 2789 ηκγορία
638 2716 1000 2788 ὀνομασθεῖσα
1033 2716 1292 2780 πολλάκις
1335 2716 1429 2770 καὶ
1460 2715 1535 2789 μὴ
1565 2715 1884 2786 βουλόμενον
1903 2715 1995 2771 τὸν

414 2805 625 2878 πατέρα
644 2805 827 2859 ἔπεισε
850 2804 1031 2859 δοῦναι
1061 2804 1157 2876 τήν
1188 2806 1346 2875 χάριν
1372 2803 1461 2857 διά
1487 2806 1548 2857 τὸ
1576 2803 1711 2875 πρὸς
1735 2804 1796 2857 τὸ
1824 2804 1999 2875 ὄνομα

414 2892 660 2963 φίλτρον,
712 2892 892 2965 πολλῷ
954 2891 1154 2965 μᾶλλον
1188 2893 1280 2945 ἐπὶ
1325 2891 1434 2945 τῶν
1464 2891 1634 2959 ἁγίων
1678 2890 1994 2965 συμϐαίνειν

412 2960 571 3032 τοῦτο
598 2979 743 3044 είκδς
768 2960 1010 3053 ῆνίὌτι
1034 2979 1090 3032 δὲ
1124 2979 1217 3033 καὶ¹
1243 2981 1355 3044 τοῖς
1391 2960 1761 3050 ἁμαρτάνουσι
1791 2960 1995 3048 ᾧοϐενρά

412 3063 502 3135 ἦν,
531 3067 780 3138 καθάπερ
830 3067 1066 3131 παιδίοις
1099 3066 1399 3140 ῥᾳθυμοῦσι
1427 3066 1495 3120 τά
1531 3066 1637 3119 τῶν
1664 3065 2001 3119 διδασκάλων

415 3153 569 3228 [154]
613 3155 876 3227 ὀνόματα,
926 3154 1158 3208 ἄκουσον
1204 3153 1321 3217 πῶς
1363 3152 1630 3217 Γαλάταις
1671 3153 1997 3208 ἐπιστέλλων

414 3242 548 3295 αὐτὸ
572 3242 731 3295 τοῦτο
746 3242 986 3314 ᾐνίξατο.
1004 3241 1227 3313 Ἐπειδὴ
1253 3238 1362 3312 γάρ
1378 3241 1458 3304 είς
1474 3238 1756 3294 ἀσθένειαν
1771 3240 1997 3293 ἀπέκλι-

414 3345 513 3384 ναν
550 3329 866 3401 Ἰουδαῖκὴν,
906 3333 1000 3383 καὶ
1044 3332 1172 3401 περὶ
1228 3328 1327 3400 τὴν
1362 3327 1543 3382 πίστιν
1586 3327 1755 3398 αὐτὴν
1793 3327 2002 3381 ἐκινδύ-

416 3434 589 3486 νευον,
626 3419 945 3490 βουλόμενος
977 3418 1172 3480 αὐτοὺς
1203 3417 1504 3487 ἀναστῆσαι
1537 3418 1632 3469 καὶ
1668 3418 1853 3468 πεῖσαι
1893 3434 2004 3486 μη-

416 3503 503 3558 δέν
542 3505 826 3558 ἰουδαῖκδν
849 3502 1162 3571 ἐπεισάγειν
1190 3505 1254 3573 τῇ
1276 3502 1370 3556 τοῦ
1399 3502 1733 3571 Εῦαγγελίου
1753 3503 2004 3557 διδασκα-

416 3590 526 3661 λία,
563 3590 735 3654 οῦτως
781 3589 1018 3661 ἔγραφεν
1041 3606 1054 3620 ·
1096 3588 1202 3643 Ἰδὲ
1228 3587 1343 3659 ἐγὼ
1379 3589 1621 3654 Παῦλος
1657 3588 1813 3658 λέγω
1837 3589 2003 3670 ὑμῖν.

352 3716 361 3719 -
418 3677 509 3731 ὅτι
534 3676 644 3730 ἐὰν
690 3675 1141 3746 περιτέμνησθε,
1188 3673 1443 3743 Χριστὸς
1476 3673 1631 3745 ὑμᾶς
1659 3674 1843 3730 οὐδὲν
1863 3677 2006 3746 (3)596-

418 3766 618 3834 λήσει.
685 3760 874 3830 Εἷπες,
919 3764 1099 3835 Ἔγώο
1156 3764 1301 3828 τίνος
1350 3764 1536 3819 ἐνεκεν
1584 3765 1894 3836 προστιθεὶς
1942 3765 2006 3819 τὸ

418 3852 622 3922 δνομα;
681 3851 743 3906 τὸ
783 3852 914 3923 γάρ,
951 3849 1112 3922 Ἐγὼ,
1166 3852 1265 3906 οὐκ
1306 3846 1375 3923 ἦν
1424 3850 1605 3905 ίκανὸν
1638 3852 1873 3924 δηλῶσαι
1913 3853 2006 3907 τὸν

420 3940 731 4010 γράφοντας
783 3938 924 4003 Ἀλλ’
973 3939 1060 3992 ίνα
1089 3937 1267 4011 μάθῃς
1315 3939 1397 3993 ὅτι
1425 3939 1520 3993 καί
1549 3938 1687 4011 αύτὴ
1713 3940 1746 4009 ἡ
1769 3938 1864 3993 τοῦ
1889 3939 2006 3993 ὀνό-

424 4042 591 4097 ματος
623 4025 942 4097 παρενθήκη
969 4025 1128 4095 ίκανὴ
1151 4025 1259 4078 τῶν
1298 4025 1604 4079 ἀκουόντων
1636 4023 2006 4096 καθάψασθαι,

421 4113 510 4167 διὰ
537 4112 696 4166 τοῦτο
726 4111 1051 4183 προστίθησι
1072 4111 1171 4183 τὴν
1215 4112 1606 4183 προσηγορίαν.
1642 4113 1721 4174 εἰς
1758 4112 2005 4183 ὑπόμνη-

424 4216 506 4254 σιν
557 4199 753 4262 αὐτοὺς
803 4198 951 4266 ἄγων
997 4196 1092 4251 τοῦ
1123 4198 1463 4253 διδασκάλου.
1513 4198 1622 4251 Kal
1661 4200 1823 4270 ἡμεῖς
1850 4198 1907 4252 δὲ
1942 4199 2005 4252 τὸ

420 4286 555 4342 αὐτὸ
586 4284 745 4340 τοῦτο
771 4285 1052 4357 πάσχομεν
1076 4302 1090 4316 ·
1121 4285 1247 4339 ὅταν
1286 4283 1395 4357 γὰρ
1427 4285 1862 4355 ἀναμνησθῶμεν
1893 4283 2002 4338 τῶν

423 4375 614 4443 ἁγίων,
665 4372 768 4428 κᾶν
810 4375 869 4428 ἐν
900 4373 1144 4445 ῥαθυμίᾳ
1184 4368 1357 4445 ῶμεν,
1382 4372 1793 4443 διανιστάμεθα.
1818 4372 1918 4427 κᾶν
1944 4374 2003 4427 ἐν

423 4462 852 4534 καταφρονήσει,
888 4460 1220 4532 φοϐούμεθα.
1253 4459 1461 4516 Παῦλον
1487 4459 1617 4529 γοῦν
1648 4458 1740 4513 τὸν
1771 4458 2003 4513 ἀπόστο-

422 4547 514 4601 λον
559 4550 688 4603 ὃταν
740 4548 958 4603 ἀκούσω
996 4547 1130 4618 ἐγὼ,
1161 4547 1327 4602 ἐννοῶ
1346 4547 1436 4601 τὸν
1467 4549 1527 4601 ἐν
1568 4546 1906 4617 θλίψεσι,τδν
1945 4548 2002 4601 ἐν

426 4638 827 4709 στενοχωρίαις,
874 4637 967 4690 τὸν
1012 4640 1070 4690 ἐν
1099 4636 1355 4708 πληγαῖς,
1384 4636 1475 4690 τὸν
1505 4638 1564 4690 ἐν
1603 4634 1890 4706 φυλακαῖς,
1909 4634 2003 4689 τὸν

424 4725 483 4777 ἐν
518 4723 594 4794 τῷ
647 4722 793 4795 βυθῷ
840 4723 1178 4796 νυχθήμερον
1224 4723 1536 4793 γενόμενον,
1570 4721 1659 4776 τὸν
1693 4723 1774 4787 είς
1822 4723 2003 4794 τρίτον

424 4811 741 4884 ἁρπαγέντα
765 4812 1015 4885 οὐρανὸν,
1046 4813 1136 4866 τὸν
1168 4813 1225 4866 ἐν
1248 4812 1325 4884 τῷ
1351 4811 1664 4883 παραδείσῳ
1691 4810 1759 4865 τά
1790 4812 2002 4884 ἄρρητα

424 4900 647 4973 ῥήματα
676 4898 1001 4965 ἀκούσαντα,
1025 4898 1086 4952 τὸ
1111 4899 1303 4962 σκεῦος
1336 4899 1435 4970 τῆς
1474 4897 1722 4968 ἐκλογῆς,
1761 4897 1852 4951 τὸν
1874 4913 2011 4973 νυμοι

421 4987 679 5057 φαγωγὸν
698 4985 792 5040 τοῦ
821 4986 1080 5059 Χριστοῦ,
1127 4987 1219 5040 τὸν
1252 4983 1547 5055 εὐξάμενον
1591 4984 1839 5055 ἀνάθεμα
1864 4980 2001 5038 εἶναι

422 5074 646 5131 ἀπὸτοῦ
670 5073 905 5146 Χριστοῦ
952 5074 1094 5145 ύπέρ
1137 5072 1246 5127 τῶν
1277 5071 1542 5142 ἀδελφῶν.
1590 5073 1702 5126 Kal
1752 5071 2001 5141 καθάπερ

425 5163 583 5235 σειρά
630 5181 716 5229 τις
776 5164 984 5236 χρυσῆ,
1035 5162 1144 5216 τῶν
1191 5160 1625 5232 κατορθωμάτων
1680 5163 1709 5213 ὁ
1766 5159 2001 5232 όρμαθδς

425 5253 565 5326 μετά
591 5254 689 5324 τῆς
714 5253 808 5307 τοῦ
849 5254 1114 5322 ὀνόματος
1148 5252 1366 5321 μνήμης
1398 5252 1508 5315 τοῖς
1557 5247 1695 5321 μετά
1717 5249 2002 5319 ἀκριϐείας

424 5341 780 5413 προσέχουσιν
819 5340 1195 5410 ἐπεισέρχεται
1219 5355 1231 5369 ’
1270 5337 1365 5392 καὶ
1409 5338 1470 5392 ού
1515 5337 1708 5408 μικρὸν
1743 5340 1872 5409 ἡμῖν
1894 5338 2001 5392 ἀπὸ

420 5427 608 5482 τούτου
630 5428 833 5497 γίνεται
858 5425 1066 5499 κέρδος.

485 5585 650 5655 ’.Πῦρ⁸
667 5586 933 5648 legendum
963 5586 1158 5655 viden":
1187 5586 1270 5634 τὸν
1292 5586 1560 5648 δεσμώτην,
1586 5584 1669 5634 τὸν
1706 5584 1995 5648 πρεσϐύτην,

431 5644 505 5695 ιδν
526 5644 746 5707 Παῦλον,
760 5655 814 5696 ul.
836 5662 1010 5696 scmus
1031 5647 1259 5709 quadret.

1128 264 1186 320 S.
1226 263 1514 321 JOANNIS
1550 259 1997 323 CHRYSOSTO]

2096 263 2409 321 ARCHIEP‘.
2449 232 2996 323 οοΝετλδτιΝογ.

3559 246 3663 305 ιδ)

2159 361 2223 418 δ’.
2240 361 2394 432 Ἐνῆν
2420 363 2512 416 καὶ
2533 362 2748 416 πλείονα
2766 361 2966 417 τούτων
2980 362 3058 425 είς
3076 356 3174 431 τὴν
3203 360 3567 432 προσηγορίαν
3585 367 3667 415 εἱ-

2088 454 2240 503 πεῖν·
2272 448 2385 503 ἀλλ’
2438 450 2524 504 ῖνα
2554 454 2650 505 καὶ
2699 451 2797 521 τῆς
2836 450 3091 521 δευτέρας
3136 447 3404 519 ἁψώμεθα
3441 449 3664 516 λέξεως,

2087 536 2320 591 ἐνταῦθα
2345 537 2445 609 τήν
2478 538 2606 609 περὶ
2636 536 2730 590 τοῦ
2751 536 3012 606 ὀνόματος
3054 536 3258 607 στήσας
3290 534 3544 606 θεωρίαν,
3578 539 3664 592 ἐπ’

2088 626 2301 695 ἐκείνην
2354 624 2636 695 βαδιοῦμεν
2680 625 2884 680 λοιπόν.
2918 625 3128 696 Ὠσπερ
3160 624 3270 698 γὰρ
3318 624 3381 678 τὸ
3421 625 3666 692 Παῦλος

2088 714 2257 784 δνομα
2287 712 2486 783 πολλὴν
2532 713 2805 783 παρέσχεν
2843 713 2973 782 ἡμῖν
3010 711 3295 783 εὐπορίαν,
3317 711 3461 766 οῦτω
3492 714 3588 766 καὶ
3603 716 3665 767 τὸ

2090 801 2340 868 κλητὸς,
2367 802 2415 852 εί
2448 800 2839 870 βουληθείημεν
2868 799 2999 852 αύτδ
3029 799 3366 869 καταμαθεῖν
3389 802 3526 870 μετά
3569 805 3664 872 τῆς

2091 888 2475 960 προσηκούσης
2526 887 2782 957 σπουδῆς,
2805 886 2908 956 τῆς
2953 886 3074 958 ῐσης
3111 886 3144 958 ἢ
3175 890 3270 941 καὶ
3298 888 3538 951 πλείονος
3567 892 3665 959 ἐμ-

2091 975 2313 1046 πλήσειε
2347 976 2578 1048 θεωρίας
2608 977 2773 1047 ἡμᾶς.
2805 976 2915 1030 Kal
2944 974 3195 1048 καθάπερ
3220 976 3329 1030 ἀπὸ
3370 977 3595 1047 κόσμου,
3627 978 3660 1047 ἢ

2090 1061 2415 1132 διαδήματος
2470 1056 2748 1132 βασιλικοῦ
2801 1060 2947 1115 λίθον
2978 1061 3074 1115 ἕνα
3112 1078 3199 1125 τις
3233 1061 3447 1131 ἐξελὼν,
3477 1065 3571 1117 καὶ
3594 1066 3668 1117 0!-

2091 1148 2215 1211 κίας
2259 1147 2519 1219 λαμπράς
2562 1149 2655 1201 καὶ
2691 1147 3000 1211 πολυτελεῖς
3042 1149 3264 1221 ἀγροὺς,
3308 1150 3401 1203 xal
3439 1152 3665 1204 οίκετῶν

2092 1234 2311 1302 ἀγέλας,
2353 1235 2447 1288 καὶ
2479 1235 2640 1306 ἐτερα
2680 1234 2859 1305 πολλῷ
2905 1234 3123 1288 πλείονα
3152 1237 3358 1290 τούτων
3405 1238 3666 1309 πρίασθαι

2090 1320 2291 1374 δύναιτ’
2340 1320 2425 1386 ἂν,
2482 1322 2574 1374 τὸν
2650 1322 2994 1393 μαργαρίτην
3036 1322 3367 1393 ἀποδόμενος
3421 1325 3626 1378 ἐκεῖνον
3649 1342 3662 1354 ο

2091 1407 2230 1461 οὕτω
2257 1407 2321 1477 δή
2348 1407 2442 1460 καὶ
2477 1408 2570 1461 ἐπὶ
2599 1407 2885 1461 τῶννθείων
2909 1409 3189 1480 ῥημάτων,
3221 1410 3287 1462 ἂν
3306 1410 3436 1480 μιᾶς
3459 1413 3668 1483 ρήσεως

2092 1494 2299 1549 ἔννοιαν
2316 1494 2618 1560 ἀναπτύξαι
2644 1493 2895 1568 θελήσῃς,
2926 1493 3125 1568 πολλήν
3147 1513 3230 1550 σοι
3259 1496 3485 1570 παρέξει
3508 1516 3666 1552 πνευ·

2095 1584 2330 1655 ματικῆς
2356 1584 2620 1651 εὐπορίας
2642 1583 2918 1649 ὑπόθεσιν,
2955 1586 3056 1639 οὐκ
3092 1586 3291 1650 οἰκίας,
3319 1587 3439 1641 ούδέ
3466 1588 3664 1661 ἀνδράο

2092 1673 2249 1737 ποδα,
2275 1672 2397 1727 ούδέ
2442 1673 2650 1745 πλέθρα
2679 1674 2783 1743 γῆς
2821 1672 3142 1745 κομίζουσα,
3175 1675 3311 1730 ἀλλά
3359 1676 3665 1744 θεοσεϐείας

2092 1759 2185 1811 καὶ
2216 1758 2535 1829 φιλοσοφίας
2572 1759 2827 1831 ἀφορμὰς
2855 1761 3061 1814 ἐνιεῖσα
3086 1763 3206 1826 ταῖς
3231 1763 3340 1816 τῶν
3369 1767 3666 1835 προσεχόνο

2090 1860 2198 1899 των
2221 1845 2438 1915 ψυχαῖς.
2473 1845 2669 1899 Σκόπει
2713 1842 2805 1902 οὖν
2850 1847 2981 1901 αὐτὸ
3001 1846 3159 1902 τοῦτο
3191 1848 3254 1903 τὸ
3289 1850 3551 1918 Κλητὸς,
3586 1856 3678 1917 είς.

2093 1932 2224 2003 ὅσην
2248 1934 2394 2004 ἡμᾶς
2419 1937 2750 2007 χειραγωγεῖ
2780 1934 3123 2007 πραγμάτων
3162 1937 3402 2009 ἱστορίαν
3424 1957 3667 2011 πνευμαο

2091 2019 2280 2073 τικῶν.
2312 2021 2404 2073 Δεῖ
2421 2019 2477 2073 δὲ
2502 2020 2766 2092 πρότερον
2799 2021 3012 2092 μαθεῖν,
3043 2023 3097 2077 τί
3118 2025 3249 2076 ποτέ
3271 2027 3415 2079 ἐστιν
3450 2028 3581 2081 αὐτὸ
3608 2030 3675 2081 τὸ

2092 2108 2355 2176 Κλητόςο
2384 2108 2477 2161 καὶ
2506 2106 2757 2179 δεύτερον
2792 2108 3062 2174 ἐξετάσαι,
3091 2112 3235 2174 τίνος
3270 2110 3453 2165 ἐνεκεν
3474 2114 3670 2184 Κοριν·

2095 2194 2229 2260 θίοις
2257 2195 2584 2250 ἐπιστέλλων
2640 2195 2799 2267 μόνον
2846 2196 2939 2250 καὶ
2983 2198 3270 2268 Ῥωμαίοις
3302 2197 3472 2264 οὕτως
3509 2202 3672 2273 ἕγρεμ

2092 2281 2213 2354 qm,
2242 2283 2385 2356 ἄλλῳ
2407 2282 2464 2336 δὲ
2488 2283 2682 2339 οὐδενί.
2735 2285 2807 2338 Ού
2838 2284 2948 2358 γάρ
2971 2284 3175 2352 ἁπλῶς,
3210 2286 3329 2340 οὐδὲ
3358 2290 3481 2360 εἰκῆ
3513 2288 3683 2343 τοῦτο

2097 2374 2258 2426 ποιεῖ.
2297 2374 2359 2426 Εἰ
2389 2373 2495 2444 γάρ
2546 2375 2704 2444 ἡμεῖς
2736 2371 2844 2427 τῶν
2877 2374 3171 2429 ἐπιστολῶν
3203 2374 3302 2438 τάς
3332 2378 3671 2449 προρρήσεις

2094 2461 2206 2530 οὐχ
2223 2458 2409 2523 ἁπλῶς
2466 2458 2791 2529 ποιούμεθα,
2844 2459 2959 2513 ἀλλ’
2993 2460 3396 2533 ὑποδεεστέροις
3430 2463 3528 2533 μὲν
3559 2465 3675 2517 ἐπι-

2096 2546 2425 2610 στέλλοντες,
2456 2544 2516 2598 ’0
2538 2544 2688 2600 δεῖνα
2708 2544 2786 2616 τῷ
2812 2545 2963 2609 δεῖνι,
2989 2548 3289 2618 γράφομεν,
3321 2549 3447 2603 ὅταν
3470 2550 3525 2603 δέ
3545 2553 3673 2621 ὁμο-

2092 2635 2292 2706 τίμοις,
2326 2636 2421 2689 καὶ
2447 2634 2713 2707 δεσπότην
2744 2635 2801 2687 ἐν
2829 2638 2895 2707 τῇ
2942 2637 3243 2708 προρρήσει
3284 2638 3549 2710 καλοῦμεν
3581 2640 3672 2693 τδν

2092 2725 2382 2795 δεχόμενον
2441 2723 2539 2795 τὴν
2594 2725 2919 2796 ἐπιστολήν·
2954 2724 3085 2778 ὅταν
3118 2725 3175 2779 δὲ
3215 2726 3349 2781 πολὺ
3396 2728 3495 2801 τὴν
3518 2728 3676 2793 ἀξίαν

2094 2812 2402 2883 ύπερέχωσι
2435 2811 2533 2883 τὴν
2557 2810 2854 2883 ἡμετέραν,
2879 2812 2974 2864 καὶ
3012 2810 3177 2882 ’ἐτερα
3205 2813 3423 2868 πλείονα
3451 2816 3674 2887 προστίὲ

2096 2899 2260 2970 θεμεν
2291 2897 2441 2971 [155]
2477 2897 2740 2968 ὀνόματα,
2780 2898 2997 2970 μείζονα
3027 2897 3215 2969 ἔχοντα
3235 2900 3331 2970 τὴν
3358 2901 3677 2972 θεραπείαν·

2094 2991 2153 3042 εί·
2204 2983 2298 3041 οὖν
2346 2988 2508 3058 ἡμεῖς
2539 2983 2772 3057 τοσαύτη
2825 2985 3049 3057 προνοίᾳ
3079 2987 3412 3058 κεχρήμεθα,
3457 2990 3551 3043 καὶ
3572 2993 3676 3065 οὐχ

2095 3075 2176 3129 ἐνὶ
2203 3074 2389 3146 τρόπῳ
2407 3073 2541 3127 πᾶσι
2571 3072 2872 3144 γράφομεν,
2898 3072 3034 3126 ἀλλά
3056 3075 3119 3145 τῇ
3154 3074 3379 3148 διαφορᾷ
3398 3075 3506 3130 τῶν
3523 3076 3679 3148 δεχο-

2100 3167 2276 3238 μένων
2306 3164 2614 3237 προσώπων
2666 3162 3034 3235 καταλλὴλους
3063 3164 3364 3236 ποιούμεθα
3383 3166 3482 3232 τὰς
3504 3184 3675 3239 προσ.

2097 3257 2325 3329 ηγορίας
2344 3272 2361 3288 ’
2414 3254 2590 3326 πολλῷ
2622 3254 2821 3326 μᾶλλον
2859 3256 2888 3308 ό
2932 3254 3161 3322 Παῦλος,
3187 3257 3285 3327 οὐχ
3316 3257 3523 3325 ἀπλῶς,
3553 3259 3685 3313 ούδέ

2099 3350 2225 3420 εικῆ
2260 3350 2471 3413 τούτοις
2500 3350 2599 3421 μὲν
2625 3348 2817 3413 οὕτως,
2857 3349 3083 3414 ἐκείνοις
3106 3351 3163 3405 δέ
3194 3352 3395 3423 ἑτέρως
3420 3354 3675 3408 ἐπέστελ-

2099 3440 2211 3505 λεν,
2240 3440 2375 3493 ἀλλά
2406 3440 2543 3510 μετά
2593 3456 2737 3503 τινος
2778 3441 2971 3513 σοφίας
3001 3443 3393 3513 πνευματικῆς.
3425 3446 3547 3500 Ὀτι
3578 3448 3686 3518 μὲν

2100 3532 2275 3585 οὐδενὶ
2293 3530 2402 3585 τῶν
2424 3530 2599 3585 ἄλλων
2638 3531 2984 3595 ἐπιστέλλων,
3042 3532 3266 3601 eam-6r
3293 3535 3485 3590 ἐαυτὸν
3512 3537 3570 3590 ἐν
3597 3537 3676 3609 τῷ

2103 3621 2374 3695 προοιμίῳ
2387 3622 2484 3692 τῆς
2500 3620 2817 3691 Ἐπιστολῆς
2839 3621 3112 3685 ἐκάλεσεν,
3134 3622 3339 3689 ἔξεστιν
3355 3626 3484 3695 ἡμῖν
3506 3627 3677 3692 αύτὰς

2102 3714 2210 3767 τῶν
2249 3712 2575 3767 Ἐπιστολῶν
2611 3713 2712 3778 τὰς
2753 3714 2928 3784 άρχάς
2956 3714 3237 3767 ἐπελθοῦσι
3265 3715 3423 3769 τοῦτο
3462 3717 3669 3787 μαθεῖν.

2104 3804 2260 3867 Τίνος
2285 3802 2341 3857 δέ
2378 3802 2569 3857 ἕνεκεν
2590 3802 2963 3866 τοῦτο-ἐποίει,
2995 3803 3262 3877 ἡμέτερον
3288 3804 3354 3860 ἂν
3371 3805 3466 3876 ἐἴη
3492 3806 3572 3859 λοι
3583 3808 3687 3860 πδν

2104 3899 2297 3963 εἰπεῖν,
2320 3894 2536 3949 ἐπειδάν
2558 3893 2815 3965 δείξωμεν
2834 3894 3105 3966 πρότερον
3116 3895 3169 3947 τί
3200 3897 3346 3948 ἐστιν
3374 3899 3407 3950 ὀ
3432 3898 3673 3965 κλητὸς,

2104 3988 2199 4042 καὶ
2224 3987 2279 4040 τί
2310 3987 2399 4043 διὰ
2429 3985 2529 4056 τῆς
2578 3986 2789 4056 ρήσεως
2819 3987 2965 4055 ἡμᾶς
3012 3984 3219 4050 διδάξαι
3246 3987 3275 4038 δ
3311 3986 3521 4051 Παῦλος
3551 3988 3677 4058 ἡθέδ

2102 4079 2235 4150 λησε
2282 4077 2502 4147 ταύτης.
2534 4074 2600 4129 Τί
2628 4077 2747 4129 ποτ’
2771 4072 2863 4130 οῦν
2901 4078 3047 4148 ἡμᾶς
3077 4076 3320 4147 βούλεται
3357 4078 3561 4143 διδάξαι
3591 4079 3676 4134 διά

2103 4167 2198 4222 τοῦ
2226 4165 2453 4235 φιλητὸν
2488 4166 2677 4219 ἑαυτὸν
2707 4165 2966 4233 καλέσαι;
3004 4167 3124 4219 Ὅτι
3148 4167 3248 4220 οὐκ
3274 4168 3435 4233 αὐτὸς
3473 4168 3550 4240 τῷ
3582 4172 3688 4221 Ae..-

2105 4260 2277 4330 σπότῃ
2334 4256 2603 4331 προσῆλθε
2637 4257 2869 4329 πρῶτος,
2911 4257 3047 4313 ἀλλά
3076 4258 3291 4331 κληθεὶς
3324 4261 3634 4332 ὑπήκουσεν
3658 4277 3674 4294 ο

2102 4352 2202 4405 οὐκ
2221 4351 2382 4415 αὐτὸς
2412 4349 2641 4420 ἐζήτησε
2690 4351 2783 4403 xal
2815 4343 2992 4421 εὗρεν,
3029 4350 3143 4404 ἀλλ’
3166 4350 3364 4424 εὑρέθη
3398 4351 3680 4424 πλανώμεο

2102 4459 2218 4506 νος·
2253 4442 2353 4495 ούκ
2380 4441 2539 4505 αὐτὸς
2565 4440 2700 4513 πρὸς
2733 4440 2793 4493 τὸ
2824 4440 2940 4510 φῶς
2976 4440 3233 4512 ἀνέϐλεψε
3267 4442 3504 4513 πρῶτος,
3544 4443 3678 4497 ἀλλά

2100 4534 2162 4588 τὸ
2185 4532 2301 4604 φῶς
2319 4531 2418 4597 τάς
2446 4531 2648 4595 οἰκείας
2664 4531 2887 4595 ἀκτῖνας
2912 4530 3049 4602 πρδς
3080 4530 3179 4594 τάς
3205 4530 3357 4601 ἁίιεις
3376 4532 3553 4603 ἀφῆκε
3581 4532 3680 4596 τάς

2101 4622 2334 4686 ἐκείνου,
2396 4621 2490 4675 καὶ
2538 4622 2663 4685 τους
2720 4619 2826 4685 ἔξω
2868 4620 3129 4690 πηρώσας
3167 4619 3496 4691 ὀφθαλμοὺς,
3533 4620 3678 4675 οῦτω

2100 4714 2225 4780 τοὺς
2255 4713 2462 4769 ἔνδοθεν
2493 4714 2693 4785 ἧνοιξε.
2727 4712 3055 4783 Βουλόμενος
3089 4706 3181 4767 οὖν
3204 4714 3352 4784 ἡμᾶς
3390 4711 3681 4766 παιδεῦσαι

2100 4806 2184 4859 ὃτι
2221 4804 2330 4858 τῶν
2386 4802 2826 4875 κατορθωμάτων
2862 4802 3028 4857 αὑτοῦ
3078 4802 3292 4856 πάντων
3310 4802 3463 4856 οὐδὲν
3496 4802 3677 4874 ἐαυτῷ

2100 4896 2391 4965 λογίζεται,
2425 4894 2562 4948 ἀλλά
2597 4893 2676 4966 τῷ
2727 4894 3016 4964 κεκληκότι
3045 4894 3184 4965 Θεῷ,
3218 4894 3445 4956 κλυτὸν
3482 4896 3693 4955 ἐαυτδνκ

2100 4989 2276 5043 καλεῖ.
2318 4988 2375 5041 Ὀ
2403 4985 2512 5058 γάρ
2536 4985 2634 5049 τὰς
2658 4985 2831 5049 πύλας
2857 5002 2949 5057 μοι
2966 4986 3057 5039 τοῦ
3083 4985 3403 5057 σκάμματος
3436 4985 3673 5054 ἀνοίξας,

2101 5081 2255 5152 φησὶ,
2290 5082 2383 5134 καὶ
2408 5081 2469 5134 τὸ
2499 5081 2730 5145 στάδιον,
2760 5074 2916 5145 οὗτος
2943 5081 3037 5134 καὶ
3060 5081 3167 5134 τῶν
3194 5079 3470 5149 στεφάνων
3504 5077 3675 5143 αἴτιος

2100 5172 2306 5241 γίνεται
2325 5187 2339 5201 ⁸
2373 5174 2402 5226 ό
2425 5171 2521 5244 τὴν
2553 5172 2728 5245 ἀρχὴν
2753 5172 3051 5244 παρασχὼν
3077 5173 3169 5228 καὶ
3195 5173 3294 5243 τὴν
3319 5170 3472 5244 ῥίζαν
3507 5187 3681 5224 κατα⁴

2101 5263 2444 5335 ϐαλλόμενος,
2507 5258 2663 5327 οὗτος
2699 5264 2794 5318 καὶ
2825 5264 2930 5318 τῶν
2959 5263 3374 5335 βλαστησάντων
3416 5279 3506 5334 μοι
3535 5261 3675 5332 μετά

2099 5355 2270 5410 ταῦτα
2300 5356 2527 5429 καρπῶν
2567 5356 2804 5430 παρέσχε
2836 5373 2924 5428 μοι
2955 5355 3053 5419 τάς
3084 5353 3356 5427 ἀφορμάς.
3391 5353 3490 5408 Διά
3519 5352 3677 5407 τοῦτο

2100 5445 2196 5498 καὶ
2237 5444 2472 5516 ἀλλαχοῦ
2527 5445 2686 5500 πάλιν
2720 5445 2910 5511 εἰπὼν,
2970 5445 3227 5500 [Maiora
3255 5441 3499 5499 πάντων
3539 5442 3673 5496 ἐκο-

2100 5537 2310 5604 πίασα,
2344 5539 2640 5610 ἐπήγαγεν,
2671 5541 2793 5594 Οὐκ
2815 5537 2929 5608 ἐγὼ
2951 5538 3036 5604 δὲ,
3064 5538 3203 5594 ἀλλ’
3225 5538 3263 5606 ἡ
3301 5535 3474 5607 χάρις
3494 5537 3531 5603 ἠ
3555 5532 3683 5588 σὺν

2102 5634 2249 5705 ἐμοί.
2299 5632 2372 5686 Τὸ
2396 5629 2488 5688 οῦν
2538 5632 2771 5703 κλητὸς
2826 5632 2995 5703 ὄνομα
3022 5629 3235 5696 ούδενὸς
3262 5631 3409 5685 ἐστιν
3456 5624 3673 5689 ἔνδειξις
