4096 6222
215 309 307 366 ll!)

214 444 323 486 mm
349 431 760 495 conceperant
786 441 801 477 :
833 422 975 478 Deus
999 429 1177 476 autem
1208 415 1521 473 memoriam
1549 410 1756 466 virtutis
1787 421 1850 461 ac

212 520 521 578 doctrinam
561 528 852 588 tamquam
879 514 934 570 in
961 527 1101 569 terea
1128 509 1375 566 columna
1412 507 1463 562 in
1495 501 1850 575 appellatione

209 621 534 669 sanctorum
567 609 850 666 recondit.

276 703 427 760 Petri
457 719 674 758 nomen
695 699 821 772 quid
844 699 1091 769 designet.
1137 693 1516 763 Prwceptorum
1536 685 1740 741 nomina
1761 698 1849 736 ve-

203 795 468 850 iterando.
498 825 588 835 -—
621 793 846 852 Petrum
876 789 1090 861 quidem
1119 794 1264 842 certe
1289 799 1316 838 a
1349 784 1543 836 virtute
1583 778 1659 832 sic
1690 791 1852 829 voca-

205 891 292 953 vit,
326 896 386 944 et
418 888 480 942 in
515 886 657 956 ejus
680 884 900 940 nomine
939 879 1206 936 ﬁrmitatis
1241 875 1364 930 ﬁdei
1398 879 1765 944 argumentum
1795 876 1848 921 et

207 981 479 1035 indicium
536 975 876 1040 collocavit,
919 981 978 1028 ut
1016 968 1369 1042 appellatione
1411 981 1543 1027 sua,
1591 971 1846 1032 perpetua

206 1082 492 1144 tamquam
527 1071 802 1141 magistra
831 1065 1060 1138 quadam
1088 1060 1350 1133 ejusmodi
1382 1055 1645 1112 ﬁrmitatis
1669 1096 1683 1119 ,
1728 1059 1842 1105 uta-

207 1172 285 1220 tur
313 1163 559 1235 (Matth.
599 1162 695 1217 ιϐ.
718 1160 830 1232 18).
863 1157 1122 1213 Joannem
1163 1166 1376 1224 quoque
1412 1165 1476 1204 ac
1513 1147 1769 1203 Jacobum
1810 1159 1842 1198 a

207 1255 614 1325 magnitudine
644 1252 796 1308 vocis
820 1251 872 1304 in
900 1247 1178 1318 evangelio
1216 1239 1555 1314 praedicando
1582 1245 1707 1290 nota
1744 1249 1840 1288 vo-

207 1347 367 1402 cavit.
414 1346 542 1402 Sed
593 1361 668 1401 ne
703 1343 890 1400 eadem
921 1354 1105 1396 rursus
1146 1333 1494 1392 memorando
1541 1327 1840 1385 molestiam

205 1439 379 1508 pariat
399 1437 608 1492 oratio
637 1445 840 1501 nostra,
865 1433 946 1488 liis
969 1430 1182 1486 omissis
1208 1427 1337 1482 illud
1359 1426 1556 1491 dicam,
1581 1424 1696 1493 ipsa
1719 1435 1843 1474 san-

204 1541 420 1586 ctorum
458 1531 702 1586 nomina
729 1527 958 1583 seorsim
983 1538 1195 1594 semper
1217 1520 1479 1592 religiosis
1509 1527 1562 1573 et
1589 1517 1689 1586 piis
1709 1514 1840 1569 viris

201 1623 588 1678 veneratione
629 1621 786 1691 digna
818 1633 960 1685 esse,
991 1632 1055 1673 ac
1085 1613 1452 1687 peccatoribus
1480 1607 1836 1666 formidanda.

203 1713 539 1770 Onesimum
575 1712 795 1784 quidem
836 1720 1005 1779 certe,
1037 1709 1125 1780 qui
1155 1707 1405 1778 fugitivus
1431 1712 1486 1760 et
1511 1703 1594 1757 fur
1618 1701 1840 1758 exstite-

202 1815 306 1873 rat,
328 1813 388 1860 et
421 1805 499 1860 de
533 1804 771 1875 pecunia
801 1802 958 1859 herili
987 1799 1257 1873 quidpiam
1288 1799 1682 1860 interverterat,
1713 1807 1836 1847 cum

202 1896 555 1967 suscepisset
583 1896 798 1960 Paulus,
827 1908 1056 1965 eumque
1082 1893 1436 1954 immutasset,
1461 1897 1620 1957 atque
1647 1885 1717 1939 ita
1747 1898 1838 1938 sa-

203 1990 308 2046 cris
349 1990 654 2062 mysteriis
693 1989 983 2054 initiasset;
1025 2001 1145 2041 cum
1182 1983 1434 2052 deinceps
1462 1995 1584 2035 cum
1616 1976 1836 2032 domino

206 2093 302 2136 suo
326 2081 667 2137 redditurus
701 2090 864 2146 esset,
896 2079 1012 2133 lucc
1038 2075 1104 2131 ad
1136 2075 1282 2130 illum
1326 2071 1532 2142 scripsit
1569 2087 1582 2122 :
1614 2067 1838 2137 Propter

204 2172 343 2239 quod
367 2171 614 2226 mnuum
641 2171 885 2241 ﬁduciam
909 2168 1098 2223 habens
1123 2168 1175 2220 in
1203 2163 1403 2220 Christo
1432 2160 1718 2231 imperandi
1744 2156 1834 2210 tibi

207 2265 338 2335 quod
364 2265 445 2319 ad
475 2283 600 2320 rem
633 2265 845 2335 pertinet
882 2269 1087 2331 propter
1115 2258 1398 2324 caritatem,
1421 2254 1582 2324 magis
1607 2251 1831 2317 obsecro,

207 2371 315 2410 cum
333 2357 449 2411 sim
474 2356 629 2419 talis,
654 2365 709 2408 ut
736 2353 934 2409 Paulus
956 2366 1128 2417 senex,
1157 2365 1290 2403 nunc
1315 2355 1482 2400 autem
1504 2355 1551 2398 et
1567 2344 1760 2396 vinctus
1780 2341 1833 2395 in

207 2445 412 2503 Christo
441 2445 488 2501 Ι
491 2463 591 2502 esu
615 2444 788 2517 (Phil.
807 2461 856 2501 ν.
881 2443 937 2500 8.
962 2440 1040 2515 9).
1068 2440 1228 2495 Vides
1249 2439 1395 2494 illum
1417 2435 1684 2491 addidisse
1712 2432 1830 2499 tria,

208 2536 427 2592 vincula
460 2544 696 2606 propter
709 2533 1003 2600 Christum,
1023 2531 1482 2587 conversationem
1505 2525 1574 2580 ob
1595 2532 1848 2598 aetatctn,._,

209 2635 262 2682 ct
283 2627 548 2682 nominis
571 2623 965 2681 reverentiam?
989 2621 1120 2677 Nam
1142 2636 1262 2676 cum
1291 2632 1429 2674 unus
1448 2625 1591 2672 esset
1619 2614 1709 2685 qui
1734 2613 1831 2666 ob-

213 2717 471 2772 secrabat
496 2758 514 2783 ,
552 2717 814 2786 triplicem
843 2729 964 2769 eum
994 2711 1287 2769 conabatur
1329 2709 1578 2773 efficere,
1610 2705 1700 2776 qui
1733 2718 1828 2773 pro

213 2808 480 2866 Onesimo
530 2805 887 2878 supplicabat,
921 2805 1186 2867 vinctum,
1219 2817 1426 2866 senem,
1457 2798 1705 2854 Paulum.
1741 2797 1829 2851 \‘i-

217 2899 311 2955 des
337 2902 458 2970 ipsa
507 2899 736 2956 seorsim
767 2897 984 2953 nomina
1014 2893 1315 2950 veneranda
1341 2907 1462 2948 esse
1489 2890 1732 2945 ﬁdelibus
1765 2903 1828 2942 ac

216 2993 473 3063 religiosa
491 2991 518 3046 ἲ
541 2993 601 3047 Si
628 2992 771 3048 enim
793 2989 972 3046 dilecti
1001 2987 1149 3044 ﬁlioli
1174 3001 1369 3042 nomen
1395 2991 1700 3052 usurpatum
1727 2996 1830 3036 sa:-

222 3099 287 3153 pc
312 3085 400 3140 vel
431 3085 664 3140 invitum
695 3090 968 3153 parentem
999 3081 1067 3136 ad
1095 3077 1479 3135 conferendum
1509 3073 1826 3131 beneﬁcium

226 3175 430 3234 inﬂexit
464 3178 542 3234 ob
569 3176 802 3233 nominis
828 3189 1067 3230 amorem
1086 3215 1103 3240 ,
1147 3172 1318 3227 multo
1348 3168 1516 3240 magis
1545 3169 1596 3223 iu
1629 3165 1828 3222 sanctis

227 3270 276 3326 id
302 3271 511 3330 habere
539 3274 720 3328 locum
759 3271 1004 3328 decebat.
1036 3270 1203 3325 Porro
1238 3266 1589 3324 formidabilia
1616 3278 1828 3336 quoque

229 3365 603 3430 peccatoribus
629 3380 770 3431 esse,
802 3361 1252 3435 quemadmodum
1281 3360 1442 3431 pigris
1465 3357 1702 3430 puerulis
1731 3371 1827 3410 no-

231 3453 364 3509 tnina
381 3457 792 3528 magistrorum,
822 3455 945 3510 audi
971 3469 1077 3525 quo
1097 3462 1250 3525 pacto
1272 3453 1466 3508 Paulus
1493 3449 1732 3507 scribens
1757 3448 1824 3502 ad

233 3544 441 3605 Galatas
467 3548 844 3605 subindicarit.
865 3547 999 3604 Nam
1019 3547 1269 3618 quoniam
1292 3546 1357 3601 ad
1378 3545 1652 3601 Iudaicam
1677 3542 1827 3598 inﬁr-

235 3639 464 3696 mitatem
497 3641 865 3708 declinarunt,
893 3640 1041 3696 etde
1067 3641 1178 3710 ipsa
1221 3639 1325 3695 ﬁde
1365 3637 1824 3710 periclitabantur,

235 3743 344 3785 cum
371 3731 492 3790 illos
515 3735 678 3790 vellet
702 3735 908 3805 erigere
931 3749 994 3791 ac
1016 3733 1121 3790 illis
1141 3731 1481 3804 persuadere,
1505 3731 1634 3785 utin
1663 3744 1828 3786 evan-

238 3821 447 3889 gelicam
475 3826 781 3882 doctrinam
809 3826 940 3881 nihil
979 3825 1258 3882 Judaieum
1284 3823 1720 3886 introducerent,
1753 3821 1824 3876 ita

241 3913 437 3983 scripsit
469 3934 485 3970 :
522 3895 661 3972 Ecce
689 3933 781 3988 ego
823 3917 1022 3972 Paulus
1055 3916 1169 3970 dico
1211 3914 1368 3981 vobis,
1395 3915 1634 3982 quoniam
1658 3914 1702 3967 si
1726 3912 1827 3967 cir-

242 4007 615 4076 cumcidamini,
645 4007 874 4064 Christus
910 4009 1048 4064 vobis
1076 4008 1203 4062 nihil
1233 4006 1458 4077 proderit
1482 4003 1622 4077 (Gal.
1653 4005 1707 4061 5.
1740 4003 1824 4074 2).

247 4091 438 4167 Dixisti,
471 4099 590 4172 Ego
621 4115 642 4155 :
670 4115 767 4157 cur
789 4099 1039 4156 addidisti
1069 4099 1305 4156 nomen?
1333 4098 1468 4154 Num
1498 4097 1643 4154 enim
1672 4095 1823 4164 illud,

245 4181 364 4257 Ego,
384 4191 691 4247 sufﬁciebat
711 4190 779 4247 ad
802 4207 924 4247 eum
953 4190 1292 4247 indicandum
1314 4190 1404 4260 qui
1428 4190 1734 4246 scribebat?
1755 4188 1826 4245 Ut

248 4279 486 4340 nimirum
537 4283 712 4341 discas
767 4285 938 4355 ipsum
1004 4284 1236 4339 nominis
1283 4283 1704 4339 additamentum
1757 4281 1824 4337 ad

247 4375 654 4433 commovendos
680 4376 984 4431 auditorum
1027 4375 1236 4430 animos
1260 4373 1556 4438 suﬁ‘ecisse.
1585 4384 1826 4445 prepter-

251 4472 304 4514 ea
326 4479 518 4524 nomen
540 4466 708 4534 addit,
738 4475 798 4523 ut
837 4468 918 4524 eis
945 4466 1258 4523 memoriam
1285 4465 1500 4522 refricet
1527 4475 1825 4537 praecepto-

248 4550 332 4606 ris.
367 4555 512 4614 Idem
553 4574 769 4630 quoque
795 4559 950 4614 nobis
978 4558 1168 4614 accidit
1198 4575 1214 4612 :
1245 4573 1368 4612 cum
1397 4557 1540 4613 enim
1571 4557 1723 4613 nobis
1767 4557 1822 4613 in

251 4650 547 4706 memoriam
574 4650 744 4707 sancti
782 4660 1119 4716 revocantur,
1151 4649 1364 4706 tametsi
1399 4649 1600 4706 desidia
1641 4657 1823 4719 torpe-

249 4737 469 4811 scimus,
523 4743 854 4810 excitamur;
907 4743 1033 4798 licet
1075 4748 1502 4804 contemnamus,
1535 4749 1821 4798 terremur.

253 4825 453 4891 Paulum
493 4836 707 4906 quidem
743 4844 890 4892 certe
921 4836 1220 4906 apostolum
1268 4850 1390 4891 cum
1420 4835 1599 4900 audio,
1643 4835 1824 4891 animo

253 4915 445 4982 intueor
479 4927 664 4995 illum,
707 4930 798 4999 qui
834 4929 888 4983 in
936 4927 1362 4984 tribulationibus
1403 4928 1736 4994 versabatur,
1767 4927 1821 4983 in

253 5020 512 5085 aIlgttstiis,
541 5020 595 5075 in
625 5021 816 5093 plagis,
846 5022 898 5076 in
926 5019 1247 5086 carceribus,
1277 5021 1367 5091 qui
1410 5023 1566 5077 unius
1589 5022 1697 5078 diei
1726 5038 1825 5077 no-

253 5103 439 5176 ctisque
463 5112 638 5181 spatio
663 5111 718 5166 in
752 5111 1016 5182 profundo
1043 5113 1206 5168 maris
1231 5111 1347 5178 fuit,
1369 5112 1459 5183 qui
1485 5113 1700 5170 tertium
1729 5129 1820 5170 ra-

255 5202 360 5259 μω
381 5201 432 5256 in
471 5203 665 5258 cazlum
691 5203 809 5271 fuit,
841 5204 930 5274 qui
961 5205 1012 5259 in
1044 5203 1292 5273 paradiso
1319 5204 1480 5260 verba
1509 5205 1714 5262 audivit
1735 5222 1824 5262 ar-

256 5297 402 5361 cana,
437 5308 532 5348 vas
567 5295 882 5362 electionis,
906 5295 1104 5351 Christi
1151 5295 1569 5367 paranymphum
1591 5339 1609 5366 ,
1653 5298 1745 5368 qui
1789 5313 1821 5354 a

209 5393 235 5472 χ
255 5372 449 5440 Christo
485 5387 768 5444 anathema
793 5403 914 5444 esse
953 5403 1050 5458 pro
1077 5387 1330 5443 fratribus
1371 5389 1594 5459 optavit.
1641 5388 1823 5460 Itaque

258 5475 504 5546 tamquam
531 5495 692 5536 aurea
720 5480 961 5551 qumdam
990 5489 1175 5537 catena
1206 5489 1349 5538 recte
1378 5480 1638 5538 factorum
1666 5483 1818 5540 turba

256 5573 360 5621 cum
379 5573 609 5628 nominis
646 5574 902 5629 memoria
941 5589 1060 5630 sese
1098 5575 1291 5646 ingerit
1317 5575 1402 5640 iis,
1417 5575 1508 5646 qui
1537 5575 1822 5648 diligenter

260 5663 556 5722 attenderint
583 5683 598 5720 :
628 5682 802 5738 neque
830 5667 1096 5726 mediocre
1124 5669 1248 5725 inde
1273 5670 1476 5726 lucrum
1490 5671 1818 5743 decerpitur.

237 5747 243 5786 ί
319 5750 367 5809 Ι.
405 5754 478 5814 De
510 5757 747 5827 dictione,
786 5758 1030 5827 Vocatus,
1063 5764 1204 5833 agit;
1243 5765 1570 5828 salutationes
1595 5766 1818 5838 premit-

833 307 901 365 IN
939 303 1164 373 lLLUD,
1208 287 1482 360 PAULUS
1523 291 1831 354 vocares

1936 287 1994 345 ιτ
2038 272 2124 344 DE
2164 288 2424 375 nuru.
2466 292 2798 351 NOMINUM.
2844 294 2932 351 tv.

3446 291 3544 359 150

1960 413 2134 457 tantur
2157 406 2401 476 epistolis.
2429 439 2501 448 —
2527 410 2895 468 Potuisscmus
2939 414 3023 470 liis
3070 416 3229 472 etiam
3275 419 3426 490 plura
3477 425 3546 477 de

1957 497 2174 551 nomine
2196 497 2418 554 dicere:
2446 500 2538 556 sed
2573 511 2628 556 ut
2665 505 2954 559 secundam
3002 524 3216 578 quoque
3254 510 3543 569 dictionem

1953 587 2276 657 attingamus
2303 631 2319 658 ,
2370 590 2458 647 hic
2492 591 2638 648 ﬁnita
2681 594 2749 650 de
2795 597 3010 653 nomine
3056 605 3542 673 contemplatione,

1953 683 2206 756 deinceps
2231 685 2456 757 gradum
2483 691 2547 745 ad
2573 693 2711 746 illam
2747 695 3019 752 faciemus.
3047 699 3113 756 Ut
3142 703 3284 757 enim
3323 721 3542 772 nomen,

1953 774 2179 845 Paulus,
2209 781 2436 837 multum
2463 783 2618 838 nobis
2658 786 2791 840 lucri
2819 793 3168 860 comparavit,
3216 788 3287 850 ita
3319 807 3372 852 et
3413 800 3546 854 illud

1961 867 2198 934 Vocatus,
2224 871 2268 925 si
2298 874 2636 929 convenicnti
2655 879 2830 934 studio
2859 882 3085 940 velimus
3109 885 3235 942 illud
3256 889 3506 958 indagare
3529 934 3542 956 ,

1951 974 2058 1013 non
2105 961 2298 1016 minori
2353 964 2436 1018 vel
2485 966 2645 1020 etiam
2692 971 2878 1040 majori
2935 990 3033 1029 nos
3087 981 3546 1050 contemplatione

1949 1051 2258 1120 complebit.
2292 1055 2356 1108 Et
2375 1057 2825 1126 quemadmodum
2845 1063 2888 1117 si
2912 1066 3031 1134 quis
3060 1083 3126 1122 ex
3149 1071 3348 1125 mundo
3376 1088 3545 1128 aureo

1949 1145 2034 1199 vel
2061 1147 2208 1216 regio
2229 1148 2532 1207 diademate
2560 1153 2800 1222 lapillum
2836 1173 2998 1214 unum
3031 1161 3251 1229 eximat,
3279 1164 3543 1220 etdomos

1947 1236 2277 1305 Splendidas,
2311 1251 2363 1294 et
2393 1257 2552 1312 agros
2574 1247 2748 1313 magni
2774 1250 2951 1316 pretii,
2983 1265 3045 1306 ac
3073 1253 3388 1311 famulorum
3419 1273 3544 1326 gre~

1945 1344 2039 1399 ges
2083 1330 2296 1401 aliaque
2336 1334 2502 1389 multo
2533 1336 2614 1390 his
2662 1339 2862 1409 majora
2904 1356 3152 1398 coemere
3179 1347 3404 1414 poterit,
3449 1349 3540 1404 illa

1946 1423 2233 1491 margarita
2260 1423 2533 1481 divendita
2564 1447 2577 1482 :
2607 1429 2676 1483 ita
2708 1447 2918 1503 quoque
2942 1433 3031 1490 ﬁet
3057 1435 3109 1489 in
3136 1437 3313 1492 verbis
3338 1439 3535 1497 sacris:

1944 1514 1990 1568 si
2017 1514 2174 1568 ttnius
2199 1515 2447 1574 dictionis
2469 1535 2685 1576 sensum
2713 1524 2846 1578 velis
2875 1525 3144 1595 evolvere,
3176 1530 3395 1583 multam
3427 1533 3537 1601 spi-

1944 1605 2148 1661 ritualis
2177 1607 2268 1661 tibi
2317 1620 2552 1679 qurestus
2589 1615 2867 1670 materiam
2921 1617 3212 1687 prarbehit;
3257 1637 3363 1675 non
3391 1622 3532 1691 quod

1943 1695 2132 1750 domos
2157 1706 2248 1752 aut
2274 1701 2538 1771 mancipia
2575 1704 2657 1758 vel
2691 1713 2842 1759 terra:
2864 1707 3050 1777 jugera
3099 1709 3190 1763 tibi
3237 1722 3532 1781 comparet,

1941 1788 2036 1844 sed
2058 1789 2201 1858 quod
2242 1791 2455 1860 pictatis
2502 1809 2565 1848 ac
2611 1794 2965 1867 philosoiihitc
3000 1801 3310 1856 occasiones
3351 1805 3539 1858 aﬁ'erat

1941 1893 2128 1936 eorum
2159 1883 2458 1952 animabus,
2482 1887 2571 1958 qui
2598 1891 2784 1944 attenti
2812 1906 2874 1946 ac
2899 1892 3068 1947 seduli
3105 1893 3322 1950 fuerint.
3359 1897 3533 1965 ipsum

1941 1973 2103 2042 igitur
2132 1973 2281 2040 illud,
2325 1975 2565 2045 Vocatus,
2589 1981 2868 2036 considera
2900 1983 2969 2036 ad
2999 1994 3251 2053 quantam
3279 1987 3534 2056 spiritua-

1941 2062 2068 2116 lium
2103 2077 2280 2118 rcrum
2308 2064 2583 2122 historiam
2609 2084 2707 2123 nos
2732 2070 2982 2126 deducat.
3012 2073 3168 2129 Prius
3195 2085 3371 2130 autem
3403 2078 3532 2132 illud

1938 2153 2250 2210 discendum
2300 2165 2401 2224 est,
2447 2161 2574 2230 quid
2620 2162 2688 2216 sit
2740 2163 2867 2217 illud
2913 2165 3111 2234 ipsum,
3173 2165 3406 2237 Vocatus,
3467 2187 3532 2226 ac

1938 2245 2132 2302 deinde
2152 2250 2518 2322 scrutandum,
2544 2269 2703 2324 quam
2734 2256 2946 2313 tandem
2975 2259 3042 2313 ob
3093 2275 3307 2315 causam
3336 2263 3401 2316 ad
3432 2262 3534 2317 Co-

1945 2341 2183 2399 rinthios
2215 2344 2395 2401 solum
2427 2355 2482 2403 et
2510 2348 2575 2403 ad
2610 2347 2890 2408 Romanos
2919 2351 3096 2424 (Rom.
3134 2357 3184 2411 1.
3215 2357 3286 2428 l),
3317 2375 3426 2414 non
3462 2360 3534 2414 ad

1947 2433 2122 2489 ullum
2140 2435 2509 2495 aliumliteras
2526 2440 2746 2498 mittens
2766 2442 2839 2496 ita
2859 2445 3530 2520 scripserit.Nequecnim

1936 2525 2056 2581 sine
2085 2540 2246 2582 causa
2276 2529 2359 2584 vel
2391 2539 2592 2586 temere
2634 2531 2687 2585 id
2738 2532 2884 2607 facit.
2914 2533 3044 2587 Nam
3077 2535 3120 2590 si
3166 2551 3266 2590 nos
3292 2537 3535 2607 epistolis

1936 2630 2041 2670 non
2073 2625 2276 2674 temere
2306 2619 2684 2690 inscriptiones
2707 2606 3052 2693 prmligimus,
3075 2625 3170 2681 sed
3215 2627 3261 2681 si
3296 2606 3363 2681 ad
3395 2627 3532 2684 infc-
3598 2637 3600 2639 ’

1936 2706 2108 2763 riores
2153 2711 2337 2766 literas
2367 2713 2664 2781 mittamus,
2698 2715 2842 2770 Talis
2884 2717 2974 2772 tali
2997 2759 3010 2782 ,
3052 2719 3376 2784 scribimus;
3409 2736 3530 2775 cum

1933 2805 2112 2851 autem
2165 2800 2230 2856 ad
2262 2803 2516 2872 mqnales,
2561 2805 2722 2859 etiam
2759 2805 3033 2861 dominum
3081 2808 3134 2862 in
3184 2809 3532 2879 inscriptione

1933 2902 2187 2945 vocamus
2218 2907 2364 2961 eum,
2389 2897 2476 2964 qui
2517 2897 2801 2966 epistolam
2842 2900 3062 2970 recipit;
3105 2917 3226 2957 cum
3267 2919 3396 2960 vero
3432 2919 3531 2959 no-

1935 2989 2101 3035 stram
2121 2980 2436 3052 dignitatem
2477 2986 2635 3058 longe
2661 2989 2929 3044 excedunt
2948 3034 2963 3059 ,
3007 2993 3109 3046 alia
3131 3009 3347 3064 quoque
3378 2995 3529 3066 plura

1932 3073 2214 3142 adjicimus
2244 3077 2480 3146 nomina,
2513 3096 2633 3150 quae
2666 3082 2924 3151 majorem
2947 3085 3149 3140 cultum
3188 3097 3240 3142 ct
3267 3087 3528 3146 honorem

1934 3183 2043 3237 prte
2070 3182 2129 3223 se
2161 3168 2353 3224 ferant.
2384 3169 2534 3238 Quod
2558 3172 2604 3226 si
2630 3188 2729 3228 nos
2756 3182 2954 3230 tantam
2981 3192 3163 3232 curam
3185 3179 3526 3248 adhibemus,

1933 3276 2105 3332 neque
2161 3262 2350 3318 eodem
2384 3264 2545 3319 modo
2594 3266 2662 3321 ad
2704 3281 2893 3324 omnes
2940 3269 3245 3338 scribimus,
3293 3272 3388 3327 sed
3429 3290 3528 3345 pro

1932 3353 2191 3409 varietate
2235 3370 2584 3424 personarum
2615 3373 2734 3429 qua:
2762 3359 2945 3415 literas
2993 3362 3290 3433 recipiunt,
3322 3380 3526 3422 conve-

1930 3448 2143 3503 nientes
2164 3449 2551 3520 appellationes
2572 3451 2979 3523 praemittimus:
3013 3456 3179 3510 multo
3196 3457 3365 3527 magis
3385 3458 3527 3514 Pau-

1932 3541 2015 3598 lus
2042 3557 2151 3598 non
2197 3552 2420 3610 temere,
2451 3555 2543 3601 aut
2571 3547 2685 3603 sine
2705 3562 2864 3603 causa
2900 3547 3000 3605 hoc
3041 3549 3202 3605 modo
3222 3550 3289 3606 ad
3316 3551 3435 3620 hos,
3459 3552 3526 3608 ad

1930 3634 2050 3690 illos
2078 3637 2184 3692 alio
2220 3638 2380 3694 modo
2409 3639 2700 3706 scribebat,
2741 3639 2835 3695 sed
2884 3655 3005 3695 cum
3053 3641 3231 3713 aliqua
3261 3643 3526 3714 spirituali

1930 3727 2212 3797 sapientia.
2241 3730 2320 3785 Ac
2350 3730 2484 3785 nulli
2515 3732 2731 3802 quidem
2783 3732 2936 3787 alteri
2990 3733 3294 3790 mittentem
3342 3736 3527 3792 literas

1928 3827 2163 3872 vocatum
2192 3836 2314 3874 eum
2347 3821 2399 3875 in
2432 3823 2655 3876 exordio
2675 3824 2915 3892 epistolae
2937 3824 3175 3893 seipsum
3197 3826 3519 3894 appellasse,

1928 3907 2172 3964 decursis
2199 3910 2327 3980 ipsis
2356 3913 2704 3982 epistolarum
2757 3915 2922 3968 initiis
2964 3914 3175 3970 discere
3217 3930 3522 3985 possumus.

1928 3999 2037 4054 Cur
2089 4001 2353 4056 autemid
2403 4012 2606 4072 ageret,
2657 4003 2771 4074 jam
2827 4012 3070 4059 nostrum
3117 4013 3199 4061 est
3229 4005 3431 4074 dicere,
3476 4008 3524 4062 si

1927 4093 2075 4164 prius
2105 4093 2230 4164 quid
2257 4094 2347 4160 sit,
2389 4104 2595 4149 vocatus
2618 4136 2632 4163 ,
2661 4095 3212 4152 demonstraverimus
3234 4137 3250 4162 ,
3279 4097 3524 4169 quidque
3592 4149 3594 4152 ,

1929 4199 2028 4240 nos
2057 4199 2152 4255 per
2177 4184 2314 4241 hanc
2341 4185 2629 4241 dictionem
2658 4186 2853 4244 docere
2883 4187 3078 4244 Paulus
3099 4188 3346 4244 voluerit.
3379 4187 3517 4256 Quid

1927 4292 2056 4348 ergo
2085 4277 2282 4333 docere
2327 4294 2427 4333 nos
2451 4278 2563 4333 vult
2603 4279 2820 4344 Paulus,
2867 4295 2988 4335 cum
3027 4280 3260 4349 seipsum
3288 4290 3521 4334 vocatum

1926 4369 2201 4439 appellat?
2227 4369 2299 4426 Se
2325 4371 2578 4426 nimirum
2609 4371 2842 4441 priorem
2863 4370 2930 4425 ad
2957 4371 3240 4425 Dominum
3293 4387 3400 4425 non
3434 4386 3530 4430 ao—r

1926 4465 2195 4531 cessisse,
2257 4481 2442 4522 verum
2496 4476 2744 4520 vocatum
2791 4463 3144 4520 obedivisse:
3189 4479 3294 4518 non
3346 4464 3522 4534 ipsum

1927 4555 2244 4626 qutcsivisse
2270 4566 2432 4628 atque
2461 4557 2755 4620 invenisse,
2783 4555 2881 4612 sed
2925 4571 3046 4612 cum
3085 4555 3410 4624 aberrasset,
3440 4557 3524 4611 in-

1927 4659 2142 4705 ventum
2160 4664 2282 4706 esse
2307 4668 2320 4705 :
2341 4665 2447 4706 non
2464 4651 2638 4720 ipsum
2662 4650 2730 4705 ad
2750 4650 2926 4707 lucem
2943 4650 3251 4722 respexisse
3268 4651 3521 4721 primum,

1927 4743 2023 4800 sed
2053 4744 2228 4799 lucem
2253 4743 2434 4799 radios
2454 4759 2583 4800 suos
2631 4744 2684 4799 in
2723 4745 2841 4815 ejus
2866 4744 3148 4815 palpebras
3175 4744 3440 4812 vibrasse,
3468 4754 3525 4802 et

1927 4836 2288 4892 exterioribus
2327 4837 2497 4893 oculis
2551 4837 2770 4905 orbato,
2821 4837 3104 4894 interiores
3163 4838 3358 4894 deinde
3402 4853 3524 4896 esse

1929 4938 2221 4984 reseratos.
2252 4929 2387 4984 Cum
2421 4930 2580 5000 igitur
2618 4929 2816 4986 docere
2855 4944 2956 4985 nos
2997 4931 3192 4998 vellet,
3224 4946 3284 4986 se
3317 4931 3522 4986 nullum

1929 5038 1995 5077 ex
2025 5023 2138 5078 suis
2166 5032 2312 5078 recte
2362 5022 2518 5078 factis
2557 5022 2806 5079 omnibus
2861 5022 3072 5094 sibiipsi
3122 5025 3377 5088 tribuere,
3426 5023 3520 5078 sed

1929 5116 2040 5171 Deo
2065 5117 2154 5186 qui
2177 5115 2406 5183 vocavit,
2438 5117 2674 5188 seipsum
2723 5125 2952 5171 vocatum
2988 5117 3238 5187 appellat.
3271 5115 3403 5170 Nam
3432 5113 3523 5184 qui

1926 5207 2088 5264 atadii
2114 5206 2244 5261 mihi
2267 5206 2412 5263 fores
2455 5209 2688 5278 aperuit,
2736 5208 2930 5279 inquit,
2959 5217 3015 5263 et
3061 5206 3389 5272 scammatis,
3434 5205 3523 5260 ille

1926 5313 2248 5355 coronarum
2272 5299 2434 5354 etiam
2473 5308 2556 5355 est
2581 5308 2768 5355 auctor
2792 5316 2805 5352 :
2833 5299 2923 5370 qui
2955 5297 3185 5369 praebuit
3228 5297 3438 5352 initium
3468 5304 3524 5350 et

1925 5395 2163 5451 radicem
2217 5392 2494 5464 plantavit,
2549 5391 2635 5447 hic
2681 5391 2810 5447 mihi
2853 5391 3141 5460 fructuum,
3191 5389 3282 5461 qui
3326 5385 3523 5444 deinde
3604 5455 3615 5465 _

1925 5485 2295 5556 germinarunt
2324 5524 2342 5551 ,
2382 5483 2697 5538 occasiones
2735 5481 3114 5553 suppeditavit.
3179 5480 3520 5550 Quapropter

1925 5576 2050 5632 alibi
2077 5590 2292 5647 quoque
2321 5589 2509 5631 rursus
2535 5589 2656 5630 cum
2683 5573 2929 5641 dixisset,
2963 5571 3090 5627 Plus
3107 5573 3336 5627 omnibus
3368 5572 3511 5628 tabo.

1925 5672 2055 5738 rari,
2085 5670 2381 5743 subjunxit,
2400 5668 2518 5725 Non
2542 5686 2632 5742 ego
2656 5678 2846 5737 autent,
2871 5667 2961 5724 sed
2984 5667 3172 5740 gratia,
3191 5683 3302 5737 qua:
3320 5682 3513 5721 mecum

1924 5776 1994 5824 est
2023 5765 2245 5840 (l._Cor.
2289 5765 2375 5822 15.
2413 5765 2521 5840 l0).
2576 5764 2758 5836 Itaque
2813 5779 3007 5821 nomen
3057 5762 3204 5832 illud,
3260 5761 3512 5829 Vocatus,
