4096 6222
547 317 646 374 ibi

549 431 694 486 aliud
726 431 857 488 nihil
889 433 1110 502 indicat,
1141 435 1245 491 nisi
1285 435 1512 493 Paulum
1558 438 1691 494 nihil
1721 452 1790 495 ex
1833 439 1946 496 suis
1989 449 2138 496 recte

545 518 698 578 lactis
722 521 824 578 sibi
845 524 1117 595 proprium
1147 527 1418 595 arbitrari,
1447 529 1544 585 sed
1566 529 1746 585 omnia
1767 530 1994 587 Domino
2024 531 2137 587 Deo

548 612 806 668 tribucre.
835 613 986 680 Quod
1017 615 1474 687 utique'Christ-us
1502 619 1796 692 discipulos
1820 637 1948 678 suos
1975 622 2136 679 doces

546 700 640 756 bat"
659 701 864 768 dicens,
886 704 1005 760 Non
1023 721 1108 761 vos
1129 708 1455 780 meelegistis,
1482 712 1676 784 sed‘ego
1701 713 1826 784 elegi
1834 731 1936 769 vos
1953 712 2134 785 (Joan.

545 791 633 847 15.
670 793 793 865 1ϐ);
822 805 983 866 atque
999 799 1274 868 apostolus
1305 801 1442 856 istud
1470 802 1642 873 ipsum
1663 820 1848 860 rursus
1874 805 1927 860 in
1948 804 2135 862 eadem

545 882 726 939 innuit-
766 886 1009 957 epistola,
1061 905 1181 944 eum
1212 891 1326 946 ait:
1360 890 1506 948 Tunc
1559 911 1879 966 cognoscam,
1935 897 2064 952 sicut
2089 903 2150 950 et?

547 977 775 1047 cognitus
804 996 916 1033 sum
942 980 1018 1052 (1.
1039 980 1154 1037 Cor.
1183 984 1270 1039 l3.
1306 985 1395 1057 12)
1421 1004 1434 1041 :
1467 1003 1610 1043 nunc
1634 989 1796 1057 enim,
1817 989 2006 1060 inquit,
2027 1006 2134 1046 non

547 1082 646 1139 rgo
675 1070 822 1139 prior
839 1073 1086 1142 cognovi;
1117 1075 1211 1130 sed
1230 1077 1380 1146 prior
1405 1095 1522 1133 sum
1547 1081 1810 1149 cognitus.
1840 1081 1974 1136 Dum
1990 1081 2133 1137 enim

546 1171 958 1232 persequeretur
1001 1174 1062 1220 et.
1098 1169 1444 1237 popularetur
1501 1172 1796 1229 Ecclesium
1829 1216 1842 1240 ,
1891 1175 2136 1230 Chrisms

546 1265 669 1306 eum
697 1254 905 1308 vocavit
935 1255 1142 1324 dicens,
1167 1257 1345 1326 Sanle,
1383 1261 1564 1330 Saule,
1585 1265 1707 1335 quid
1727 1282 1804 1319 me
1824 1267 2135 1335 persequeris

545 1341 681 1409 (Act.
724 1342 778 1397 9.
831 1344 928 1415 ψ
982 1358 1268 1418 propterea
1321 1363 1553 1407 vocatum
1599 1356 1832 1426 seipsum
1878 1358 2132 1428 appellat.

542 1430 714 1500 Quam
739 1433 808 1488 ob
833 1449 1049 1490 causam
1080 1438 1148 1493 ad
1175 1437 1483 1498 Corinthios
1513 1443 1586 1500 ita
1615 1447 1923 1502 scribebat?
1943 1447 2134 1503 Corin-

542 1521 669 1577 thus
687 1522 800 1578 inec
830 1528 1146 1597 metropolis
1169 1541 1252 1586 est
1281 1533 1519 1602 Achaiae,
1551 1551 1614 1591 ac
1641 1538 2004 1607 spiritualibus
2038 1539 2149 1595 dov-

541 1611 624 1667 nis
649 1613 970 1683 abundabat,
1002 1628 1056 1675 et
1081 1621 1276 1678 merito
1309 1638 1440 1680 sane
1467 1642 1481 1679 :
1505 1627 1768 1698 siquidem
1785 1631 1956 1701 prima
1986 1631 2148 1688 Pauli:

542 1703 710 1774 potita
756 1713 840 1760 est
877 1706 1098 1778 lingua;
1129 1719 1189 1766 etv
1227 1715 1679 1783 quemadmodum
1727 1719 1850 1774 vitis
1901 1737 2020 1792 qua:
2066 1722 2134 1778 ab

540 1793 746 1863 optimo
771 1811 834 1850 ac
859 1796 1099 1869 diligenti
1128 1803 1360 1872 agricola
1381 1808 1676 1877 excolitur,
1695 1811 1876 1866 multis
1900 1813 2144 1869 luxuriata

539 1881 702 1952 foliis,
737 1888 921 1944 multis
942 1891 1209 1949 fructibus
1227 1911 1442 1968 semper
1464 1909 1720 1957 oneratur
1749 1921 1764 1958 :
1791 1902 1862 1958 ita
1881 1900 2142 1960 nimirum

542 1984 598 2031 et
625 1977 753 2032 urbs
778 1979 864 2034 illa
896 1997 1017 2037 cum
1043 1993 1313 2056 tamquam
1342 1990 1603 2060 optimum
1646 1993 1937 2064 agricolam
1984 1996 2131 2053 Pauli

540 2065 840 2123 doctrinam
897 2072 1067 2142 prima
1126 2086 1272 2132 esset
1315 2091 1555 2150 experta,
1611 2083 1834 2157 ejusque
1872 2087 2149 2157 sapientia.

539 2155 701 2228 longo
730 2169 835 2216 tem
846 2177 974 2231 pore
999 2180 1059 2220 se
1087 2166 1440 2239 oblectasset,
1455 2172 1609 2230 bonis
1620 2155 1868 2234 omnibus
1886 2155 2130 2247 ﬂorebat;

538 2263 715 2321 neque
737 2267 863 2308 vero
888 2256 1254 2326 spiritualibus
1278 2270 1479 2318 tantum
1506 2263 1663 2324 donis
1691 2268 2011 2338 abundabat,
2035 2271 2130 2328 sed

537 2347 594 2394 et
620 2344 903 2400 commoda
931 2349 1208 2405 saecularia
1229 2351 1305 2408 illi
1336 2353 1538 2412 all‘atim
1577 2359 1952 2430 suppetebant.
1995 2361 2128 2419 Nam

537 2438 593 2485 et
622 2431 858 2501 profante
884 2437 1202 2497 eruditionis
1225 2444 1506 2513 sapientia,
1534 2455 1589 2502 et
1607 2447 1831 2519 divitiis,
1854 2461 1908 2507 et
1931 2462 2142 2525 potent

540 2521 610 2575 tia
638 2525 851 2580 caeteris
875 2527 1095 2585 urbibus
1121 2535 1497 2591 antecellebat.
1532 2539 1708 2609 Atque
1752 2541 1835 2597 his
1865 2521 1953 2598 illa
1979 2545 2131 2600 iulia-

540 2612 718 2682 batur,
749 2625 802 2671 et
830 2618 885 2671 in
913 2622 1217 2690 superbiam
1245 2625 1588 2697 efferebatur,
1619 2639 1680 2686 et
1700 2648 1795 2702 per
1824 2635 2138 2706 superbiam-

538 2704 596 2761 in
621 2709 795 2763 varias
821 2721 998 2779 partes
1025 2713 1193 2771 divisa
1223 2728 1325 2772 est.

610 2799 915 2872 Arrogantia
942 2805 1077 2860 mala
1092 2823 1113 2874 ;
1145 2807 1396 2864 Corinthii
1423 2814 1578 2884 primi
1603 2814 1762 2871 Panh'
1788 2818 2018 2874 doctrina
2041 2838 2129 2877 cx-

541 2893 683 2946 cu-lti.
716 2893 946 2964 Profana
969 2901 1216 2970 sapientia
1239 2920 1339 2958 non
1366 2907 1560 2977 confert
1578 2909 1648 2963 ad
1670 2911 1930 2980 pietatem.
1953 2947 2024 2958 —
2051 2917 2128 2973 Ea

539 2981 740 3053 quippe
788 2995 976 3042 natura
1035 2999 1121 3046 est
1177 2998 1500 3066 arrogantia:
1558 3017 1573 3054 :
1627 3004 1867 3060 caritatis
1915 3010 2129 3065 vincula

537 3071 823 3145 disrumpit
857 3087 913 3134 et
951 3084 1251 3150 proximum
1299 3089 1511 3158 avellit,
1533 3101 1589 3146 et
1613 3092 1777 3150 el'llcit
1806 3106 1865 3152 ut
1901 3102 2129 3157 seorsim

535 3166 675 3236 apud
693 3183 751 3224 se
775 3168 933 3242 degat
963 3173 1028 3240 is,
1060 3177 1150 3246 qui
1174 3177 1242 3233 ab
1268 3179 1354 3236 illa
1369 3195 1648 3256 correptus
1686 3188 1874 3247 fuerit.
1898 3194 1960 3248 Et
1991 3196 2130 3254 sicut

537 3259 734 3329 paries,
763 3264 854 3336 qui
887 3266 1216 3338 intumuerit,
1249 3274 1532 3332 tediiicium
1551 3279 1776 3338 destruit
1807 3287 1922 3342 :sic
1950 3289 2130 3346 anima

537 3350 720 3408 innata
743 3355 881 3413 ferre
902 3373 1008 3414 non
1031 3371 1207 3430 potest
1232 3379 1294 3420 se
1317 3381 1444 3422 cum
1469 3371 1638 3426 altero
1663 3374 1904 3444 copulari
1938 3395 1951 3432 :
1986 3380 2128 3450 quod

534 3451 592 3498 et
611 3443 867 3501 Corintho
893 3457 1002 3505 tum
1037 3454 1218 3509 evenit
1253 3473 1267 3510 :
1311 3457 1455 3514 inter
1483 3475 1542 3517 se
1592 3443 1938 3536 dissidebant,
1987 3443 2041 3526 et
2074 3471 2128 3529 in

537 3537 734 3597 multas
761 3549 941 3608 partes
962 3542 1255 3602 Ecclesiam
1280 3550 1594 3609 dividebant
1631 3573 1645 3609 :
1675 3566 1837 3630 atque
1880 3561 2128 3619 innume-

535 3641 627 3683 ros
653 3629 753 3684 sibi
779 3633 915 3687 alios
940 3633 1191 3692 doctores
1215 3655 1336 3695 cum
1368 3629 1758 3716 prtefecissent,
1790 3651 1841 3706 in
1874 3654 2050 3710 curias
2071 3666 2127 3712 et

537 3719 739 3775 classes
761 3720 1027 3779 distributi
1055 3726 1367 3798 dignitatem
1397 3733 1653 3792 Ecclesiae
1681 3742 2121 3810 pessumdabant.

539 3807 778 3880 Dignitas
801 3813 943 3868 enim
973 3825 1055 3872 est
1101 3817 1391 3890 Ecclesiae,
1420 3840 1539 3880 eum
1572 3827 1647 3883 illi
1683 3807 1778 3900 qui
1819 3839 2124 3907 congregati

533 3909 674 3969 sunt,
711 3905 912 3974 optime
940 3906 1079 3964 inter
1098 3924 1157 3966 se
1196 3915 1541 3971 concordiam
1569 3930 1862 3993 pacemque
1905 3905 2126 3984 conser-

534 4006 678 4052 vam.

605 4089 660 4144 5.
701 4088 828 4147 litae
847 4101 1027 4148 autem
1055 4097 1234 4152 omnia
1267 4099 1414 4156 vobis
1429 4102 1849 4164 demonstranda
1886 4118 2031 4181 sunt,
2069 4123 2124 4170 et

533 4178 843 4236 Corinthios
860 4183 1006 4239 Pauli
1035 4185 1275 4243 doctrina
1297 4197 1408 4246 tum
1439 4197 1680 4252 excultos
1709 4199 1871 4256 fuisse
1897 4178 2116 4274 primos,

533 4285 629 4324 eos
652 4270 808 4328 donis
857 4274 1222 4345 Spiritualibus
1267 4279 1461 4338 divites
1511 4284 1696 4355 luisse,
1730 4298 1783 4344 et
1825 4270 2122 4351 commodis

531 4362 878 4420 atecularibus
897 4369 1290 4441 antecelluisse,
1315 4383 1475 4445 atque
1503 4376 1702 4434 idcirco
1732 4379 1786 4434 in
1812 4384 2116 4453 superbiam

529 4453 700 4510 elatos
727 4471 757 4510 a
775 4472 835 4512 se
864 4458 1091 4516 invicem
1121 4477 1242 4519 esse
1262 4463 1518 4534 divulsos,
1547 4478 1601 4523 et
1629 4467 1727 4524 hos
1757 4471 1970 4542 quidem
2014 4474 2116 4546 his,

530 4545 653 4601 illos
673 4555 852 4604 autem
895 4550 1000 4606 illis
1041 4566 1164 4609 sese
1217 4555 1506 4613 addixisse.
1539 4558 1606 4615 Ut
1652 4561 1810 4631 igitur
1852 4563 2118 4637 intelligas

534 4638 735 4706 primos
762 4655 856 4695 eos
883 4641 1124 4700 doctrina
1154 4645 1302 4702 Pauli
1343 4649 1587 4707 excultos
1629 4651 1794 4710 fuisse
1813 4698 1827 4724 ,
1857 4656 1979 4711 audi
2011 4673 2118 4729 quo

536 4736 689 4797 pacto
714 4729 942 4800 idipsum
965 4733 1166 4792 indicet
1195 4737 1388 4793 Paulus
1413 4759 1426 4795 :
1453 4740 1592 4796 Nam
1621 4745 1662 4798 si
1689 4746 1891 4814 multos,
1923 4747 2112 4820 inquit,

534 4819 837 4891 ptedagogos
866 4823 1090 4881 habeatis
1111 4827 1164 4882 in
1184 4827 1404 4899 Christo,
1434 4836 1526 4887 sed
1568 4851 1668 4890 non
1714 4838 1898 4895 multos
1925 4851 2112 4911 patres.

535 4908 674 4965 Nam
702 4913 756 4966 in
776 4911 974 4971 Christo
997 4915 1124 4974 Iesu
1145 4938 1235 4992 per
1267 4925 1577 4997 euangelium
1598 4945 1688 4998 ego
1713 4945 1799 4985 vos
1827 4908 1981 5002 geniti
2009 4933 2029 5004 (
2060 4935 2111 4990 1.

527 5000 646 5058 Cor.
669 5005 725 5061 4.
756 5006 843 5078 l5)
872 5025 886 5063 :
917 5011 1062 5080 atqui
1084 5011 1130 5068 is
1153 5014 1240 5084 qui
1269 5016 1452 5086 gignit,
1481 5020 1685 5088 primus
1706 5021 1758 5076 in
1785 5000 1957 5079 lucem
1987 5000 2117 5096 pro-

529 5099 677 5154 ducit
717 5101 861 5172 quod
913 5105 1152 5176 genitum
1195 5116 1299 5164 est.
1330 5109 1396 5164 Et
1442 5125 1668 5181 rursus,
1707 5111 1820 5186 Ego
1864 5116 2109 5186 plantaei,

528 5191 715 5264 Apollo
741 5195 921 5267 rigavit
949 5197 1023 5271 (l.
1051 5197 1168 5255 Cor.
1195 5200 1250 5256 5.
1277 5199 1333 5274 6)
1366 5218 1382 5256 :
1411 5205 1698 5262 ostendens
1723 5221 1753 5262 a
1787 5223 1846 5264 se
1882 5210 2112 5281 primum

520 5297 762 5354 sparsam
785 5302 905 5344 esse
930 5287 1248 5347 doctrinam.
1267 5292 1434 5350 Porro
1456 5293 1610 5351 donis
1633 5313 1728 5354 eos
1751 5299 2116 5370 spiritualibus

527 5378 858 5436 redundasse
883 5382 1008 5438 inde
1035 5395 1243 5441 constat
1274 5404 1287 5440 ε
1323 5385 1526 5442 Gratias
1551 5405 1648 5462 ago
1680 5390 1786 5447 Deo
1810 5394 1873 5448 ob
1896 5395 2112 5466 gratiam

522 5467 638 5537 Dei,
668 5487 782 5541 quae
809 5473 930 5528 data
954 5483 1026 5529 est
1053 5477 1191 5531 vobis
1217 5477 1269 5531 in
1291 5476 1491 5534 Christo
1518 5479 1663 5545 Iesu,
1683 5483 1820 5553 quod
1852 5485 1906 5538 in
1933 5487 2104 5540 omni-

525 5563 618 5615 bus
644 5563 820 5619 divites
848 5565 972 5636 facti
1001 5568 1119 5626 estis
1164 5569 1216 5624 in
1238 5571 1348 5637 illo,
1392 5572 1466 5626 ita
1494 5581 1548 5627 ut
1576 5575 1705 5629 nihil
1741 5574 1876 5632 vobis
1901 5577 2029 5632 desit
2057 5580 2109 5634 in

527 5651 633 5705 ulla
656 5657 820 5726 gratia
852 5657 928 5729 (l.
961 5659 1078 5715 Cor.
1109 5662 1162 5718 1.
1194 5663 1246 5718 4.
1279 5663 1354 5735 5).
1382 5663 1597 5724 Etvero
1614 5666 1850 5738 profante
1877 5670 1996 5726 illos
2020 5687 2108 5727 sa-

530 5741 742 5808 pientis:
769 5746 932 5807 fuisse
952 5747 1254 5825 participes,
1283 5754 1410 5812 satis
1435 5757 1586 5814 nobis
1607 5758 1899 5816 declaravit
1927 5762 2108 5819 multis

1269 323 1327 380 ὅ.
1367 323 1646 383 JOANNIS
1683 323 2512 386 CHRYSOSTOill-ARCIIIEPL
2551 331 3089 393 CONSTANTINOP.‘

3729 347 3868 405 152⁷

2248 439 2351 495 illis
2380 440 2655 513 longisque
2684 447 3042 513 sermonibus,
3065 449 3257 520 quibus
3279 449 3339 522 in
3353 451 3670 522 sapientiam
3689 457 3858 514 illam!

2245 529 2538 587 invehitur.
2566 532 2700 589 Cum
2727 537 3000 593 enim-alia
3057 539 3110 594 in
3161 541 3386 610 epistola
3429 557 3538 599 non
3575 543 3740 604 facile
3775 550 3860 605 id

2245 622 2557 690 pnestitisse
2597 627 2915 696 reperiatur,
2945 629 3034 685 hic
3083 631 3288 700 prolixa
3329 633 3451 690 illos
3490 640 3837 697 accusatione

2241 711 2535 768 insectatur
2564 731 2580 770 :
2611 731 2673 772 ac
2696 720 2889 773 merito
2910 735 3058 776 sane.
3077 720 3208 777 Nam
3243 725 3495 795 quoniam
3513 725 3840 788 ltinctumor

2241 807 2483 860 etlastus
2509 818 2726 865 exortus
2751 820 2851 875 est,
2898 813 3005 867 illic
3048 815 3206 869 etiam
3259 819 3550 875 sectionem
3596 821 3834 880 admovit

2241 892 2319 947 sic
2347 893 2528 950 dicens
2556 914 2571 951 :
2602 896 2724 953 Non
2751 901 2886 955 enim
2915 902 3050 955 misit
3079 920 3158 958 me
3188 903 3420 960 Christus
3445 908 3717 979 baptizare,
3743 914 3870 968 τεά(

2241 985 2587 1056 evangelium
2616 1004 2635 1041 :
2665 1005 2765 1043 non
2794 991 2847 1043 in
2869 993 3118 1062 sapientia
3144 996 3316 1063 verbi,
3344 1005 3397 1050 ut
3419 1014 3526 1053 non
3563 1013 3835 1057 emetur

2239 1089 2368 1128 crux
2391 1075 2576 1132 Christi
2608 1081 2626 1150 (
2651 1081 2700 1134 1.
2726 1079 2843 1135 Cor.
2875 1083 2926 1137 1.
2956 1082 3084 1154 17).
3117 1083 3251 1142 Vide
3280 1103 3436 1158 quam
3474 1093 3674 1147 acriter
3701 1109 3829 1164 pro-

2241 1162 2417 1220 fanam
2447 1169 2766 1240 sapientiam
2807 1184 3041 1241 accuset,
3093 1177 3234 1247 quod
3262 1194 3366 1234 non
3393 1181 3555 1237 modo
3590 1162 3724 1243 nihil
3763 1186 3860 1240 ad!

2241 1255 2494 1323 pietatem
2517 1259 2764 1318 conferre
2787 1263 3045 1332 videatur,
3078 1267 3170 1322 sed
3196 1269 3356 1324 etiam
3386 1271 3856 1342 impedimentum-

2239 1349 2649 1407 et-uhstaculum
2675 1353 2785 1409 ﬁat.
2811 1355 2881 1413 Ut
2909 1359 3051 1413 enim
3075 1361 3326 1430 praeclara
3355 1377 3601 1435 carpam,
3630 1379 3684 1423 et
3711 1368 3852 1424 [οι-ον

2241 1440 2375 1494 mosi
2410 1442 2720 1515 pulchrique
2747 1448 2947 1516 vultus,
2977 1449 3020 1504 si
3049 1451 3188 1520 quod
3216 1466 3433 1509 ornatus
3475 1458 3709 1513 exterius
3735 1461 3832 1515 ad-

2241 1531 2589 1589 ditamentum
2637 1536 2939 1608 admittant,
2990 1557 3103 1596 suae
3149 1543 3560 1614 pulchritudinis
3603 1548 3853 1618 gloriam-

2241 1622 2505 1690 tniuuunt,
2539 1627 2681 1698 quod
2711 1627 2817 1684 fuci
2839 1632 3212 1704 etpigmenta,
3250 1645 3305 1690 et
3332 1635 3535 1707 reliqua
3561 1638 3854 1708 ejusmodi?

2241 1711 2504 1771 lenocinia
2549 1726 2613 1773 et-
2647 1719 2868 1776 artiﬁcia
2909 1721 3095 1779 forma:
3141 1723 3352 1781 laudem
3389 1725 3615 1783 divisam
3656 1729 3724 1784 ad
3765 1746 3853 1788 se‘

2242 1805 2493 1863 trahant:
2522 1809 2664 1880 quod
2690 1810 2734 1866 si
2763 1811 2896 1866 nihil
2923 1813 3003 1869 eis
3043 1813 3349 1883 addideris,
3375 1817 3850 1888 pulchritudinem-

2239 1912 2423 1954 eorum
2449 1902 2617 1971 magis
2641 1901 2862 1974 detegis,
2887 1905 3014 1960 dum
3044 1907 3160 1962 sola
3182 1907 3354 1963 forma
3379 1908 3637 1977 decertat,
3667 1919 3722 1966 et
3742 1913 3848 1968 in-r

2240 1997 2386 2058 tegra
2435 1991 2590 2049 laude
2618 2002 2673 2050 et
2701 1998 3169 2054 commendatione
3200 2000 3487 2070 perfruitur
3517 2020 3532 2057 :
3559 2003 3629 2058 ita
3671 2004 3729 2058 lit
3768 2005 3850 2059 in:

2200 2151 2207 2168 ἢ
2239 2081 2519 2152 religione,
2553 2097 2607 2142 et
2632 2087 2893 2158 spinituali
2923 2104 3120 2161 sponsa
3153 2108 3168 2146 :
3196 2091 3245 2146 si
3269 2092 3392 2162 quid
3430 2103 3708 2149 externum
3745 2095 3825 2150 illi

2237 2173 2512 2246 adjungas,
2548 2179 2660 2234 sive
2691 2179 2920 2247 divitias,
2944 2183 3061 2237 sive
3081 2184 3537 2253 potentiam,.sive
3569 2186 3830 2241 eruditio-

2237 2267 2320 2320 nis
2345 2268 2485 2335 vim,
2505 2269 2730 2341 gloriam
2756 2272 2872 2344 ejus
2891 2274 3089 2344 perdis,
3115 2291 3212 2331 nec
3233 2277 3364 2332 sinis
3393 2288 3449 2332 ut
3474 2279 3677 2350 integra
3705 2280 3826 2336 laus

2237 2355 2355 2425 ejus
2379 2369 2658 2430 appareat,
2687 2363 2781 2418 sed
2813 2365 2865 2419 in
2891 2366 3084 2420 multas
3110 2377 3287 2436 partes
3331 2368 3448 2437 ejus
3489 2369 3712 2439 gloriam
3739 2371 3826 2426 di-

2232 2448 2372 2505 Vidis
2397 2468 2409 2505 :
2437 2451 2518 2506 sin
2543 2467 2660 2508 eam
2688 2454 2856 2510 solam
2885 2455 3028 2512 sinas
3051 2457 3348 2528 simplicem
3374 2459 3674 2532 nudamque
3690 2477 3848 2517 cer-

2237 2547 2372 2604 tare,
2401 2543 2593 2597 amotis
2620 2545 2867 2600 omnibus
2915 2547 3074 2603 rebus
3125 2549 3402 2614 humanis,
3433 2561 3562 2607 tunc
3590 2554 3824 2610 nissime

2237 2631 2575 2700 pulchritudo
2596 2635 2712 2704 ejus
2737 2637 2911 2693 omnis
2951 2641 3247 2709 apparebit,
3275 2650 3398 2696 tunc
3427 2642 3625 2699 invicta
3656 2645 3826 2701 virtus

2234 2719 2351 2790 ejus
2375 2723 2623 2790 elucebit,
2657 2741 2779 2781 cum
2808 2743 2982 2799 neque
3009 2730 3208 2787 divitiis
3229 2732 3697 2806 indigens,-neque
3733 2751 3846 2793 sa-r

2238 2809 2456 2879 pientia,
2482 2829 2653 2886 neque
2681 2819 2941 2886 potentia,
2965 2835 3137 2892 neque
3175 2821 3677 2896 nobilitate..neque
3702 2828 3845 2884 aliis.

2238 2904 2359 2958 ullis
2388 2905 2551 2961 rebus
2581 2910 2843 2976 humanis,
2869 2913 3047 2966 omnia
3072 2929 3322 2984 superare
3345 2916 3576 2984 potuerit
3598 2926 3654 2972 et
3685 2921 3820 2972 sub-

2237 2997 2400 3067 igere,
2425 2999 2553 3054 dum
2582 3016 2676 3070 per
2705 3002 2948 3060 homines
2975 3005 3129 3073 viles,
3163 3007 3420 3077 ahjectos,
3442 3019 3826 3080 egenos,’pauo

2237 3105 2413 3160 peros,
2449 3090 2658 3159 idiotas,
2690 3095 2866 3163 impiis
2889 3097 3212 3164 amtoribus,
3249 3098 3596 3168 philosophis,
3631 3111 3842 3174 tyran-r

2237 3183 2339 3248 nis,
2363 3194 2418 3239 et
2443 3187 2693 3241 universo
2723 3196 2983 3243 terrarum
3010 3190 3143 3245 orbe
3171 3193 3421 3260 superior
3438 3191 3634 3247 evadit.

2310 3274 2550 3330 Humana
2577 3278 2826 3348 sapientia
2852 3281 3198 3352 confunditur.
3223 3309 3295 3321 σ-
3315 3281 3600 3354 Propterea
3623 3285 3840 3343 Paulus»

2234 3380 2445 3436 quoque
2472 3367 2682 3423 dicebat
2713 3385 2727 3423 :
2761 3367 2881 3424 Non
2911 3370 3021 3424 veni
3060 3387 3149 3441 per
3173 3371 3532 3428 sublimitatem
3573 3377 3828 3432 sermonis

2233 3459 2540 3512 annuntians
2569 3460 2706 3514 vobis
2722 3461 3070 3515 testimonium
3099 3460 3233 3534 Dei(
3263 3462 3458 3517 l..Cor.
3488 3466 3543 3520 2.
3574 3467 3598 3521 1
3633 3467 3654 3537 )
3681 3483 3695 3519 :
3720 3478 3811 3535 et,

2236 3545 2363 3612 Qua:
2384 3548 2540 3602 stulta
2567 3559 2683 3603 sunt
2711 3551 2892 3604 mundi
2928 3552 3076 3623 elegit
3115 3548 3294 3618 Deus,
3325 3563 3381 3606 ut
3423 3556 3707 3627 confundat
3729 3576 3828 3612 saos

2233 3641 2424 3711 pientes
2467 3645 2486 3713 (
2515 3643 2563 3698 1.
2589 3642 2721 3699 σοι-ν
2740 3645 2790 3699 1.
2821 3645 2892 3698 ετ
2920 3643 2979 3716 ).ρ
2998 3645 3124 3701 Non
3153 3645 3466 3717 simpliciter
3507 3648 3662 3716 dixit,
3683 3650 3822 3718 Qua:

2231 3735 2389 3788 stulta
2414 3744 2556 3802 sunt,
2576 3734 2693 3802 sed,
2721 3735 2848 3801 Qua:
2861 3737 3014 3791 stulta
3029 3747 3148 3791 sunt
3169 3738 3379 3803 mundi;
3403 3753 3578 3811 neque
3591 3743 3833 3797 omnino

2231 3824 2395 3894 quod,
2429 3825 2555 3893 ρυω
2583 3827 2738 3881 stulta
2761 3836 2880 3882 sunt
2906 3829 3084 3882 mundi
3104 3868 3133 3896 ,.
3153 3829 3446 3884 sintctiam
3485 3831 3646 3887 stulta
3672 3834 3834 3904 apud»

2233 3915 2400 3973 Deum
2436 3939 2446 3972 :
2472 3918 2566 3974 sed
2597 3920 2748 3976 multi
2790 3935 2857 3976 ex
2902 3921 3010 3976 illis
3034 3921 3128 3992 qui
3160 3922 3409 3980 videntur
3428 3924 3514 3980 hic
3538 3939 3658 3980 esse
3684 3927 3816 3982 insi-

2231 4009 2458 4078 pientes,
2491 4011 2629 4079 apud
2662 4013 2838 4066 Deum
2858 4021 2982 4066 sunt
3010 4014 3258 4068 omnibus
3277 4013 3395 4069 aliis
3423 4015 3770 4084 sapientiores
3795 4035 3826 4072 :-

2229 4102 2676 4170 quemadmodum
2700 4101 2948 4158 nimirum
2980 4105 3130 4158 multi
3168 4105 3269 4175 qui»
3302 4117 3538 4178 egestate
3573 4108 3659 4163 hic
3689 4124 3822 4179 pre-r

2229 4201 2482 4258 tnuntur,
2534 4194 2784 4249 omnibus
2822 4195 2963 4266 apud
3016 4195 3181 4252 Deum
3244 4208 3371 4254 sunt
3419 4199 3810 4270 opulentiores.

2226 4283 2666 4356 Quandoquidem
2689 4286 2922 4344 Lazarus
2964 4290 3128 4345 etiam
3149 4290 3235 4345 ille
3259 4303 3380 4345 eum
3421 4293 3658 4347 omnium
3682 4308 3812 4363 pau~

2229 4377 2490 4446 perrimus
2515 4387 2660 4434 esset
2685 4378 2736 4433 in
2762 4380 2984 4447 mundo,
3012 4380 3307 4436 ditissimus
3336 4382 3575 4437 omnium
3613 4391 3728 4438 erat
3755 4383 3809 4438 in

2224 4469 2370 4525 cazlis
2396 4468 2546 4542 (Luc.
2571 4471 2660 4527 16.
2690 4471 2781 4528 20.
2810 4472 2968 4543 sqq.).
3002 4472 3291 4528 Stultitiam
3317 4473 3477 4544 igitur
3503 4473 3684 4528 mundi
3710 4489 3816 4544 apr

2224 4559 2386 4632 pellat
2407 4575 2526 4628 eos,
2552 4562 2746 4632 quibus
2775 4564 2956 4634 lingua
2971 4577 3075 4618 non
3104 4573 3186 4618 est
3210 4563 3431 4631 diserta,
3458 4565 3547 4636 qui
3588 4563 3809 4635 profana

2223 4651 2481 4722 sapientia
2509 4667 2614 4708 non
2639 4661 2765 4709 sunt
2788 4653 2998 4719 imbuti,
3023 4653 3112 4724 qui
3127 4653 3433 4725 eloquentia
3454 4655 3672 4711 minime
3693 4656 3822 4727 pol-

2222 4744 2350 4800 lent.
2372 4747 2437 4800 Et
2455 4745 2553 4801 hos
2573 4744 2759 4817 Elegit,
2782 4746 2970 4817 inquit,
2986 4745 3143 4810 Deus,
3159 4755 3218 4799 stt
3237 4746 3484 4816 sapientes
3501 4749 3807 4818 confundat.

2220 4837 2337 4906 Quo
2363 4853 2492 4895 vero
2517 4847 2673 4910 pacto
2690 4878 2714 4906 ,ε
2739 4854 2922 4909 quaeso
2945 4881 2962 4908 ,
2995 4854 3090 4910 per
3114 4837 3214 4895 hos
3252 4839 3328 4895 illi
3370 4838 3810 4898 confunduntur?

2219 4931 2508 5000 Peripsam
2537 4945 2716 4986 rerum
2747 4931 3150 5001 experientiam.
3189 4931 3322 4987 Cum
3359 4931 3508 4986 enim
3543 4931 3675 4987 luris
3713 4948 3808 4989 se.

2221 5022 2434 5078 dentem
2478 5037 2544 5078 ac
2582 5023 2976 5080 mendicantem
3036 5024 3281 5090 viduam,
3325 5038 3389 5078 ac
3431 5037 3810 5093 stepenumero

2218 5113 2460 5184 corporis
2485 5113 2742 5170 membris
2766 5115 3066 5170 mutilatam
3085 5114 3154 5170 de
3189 5115 3590 5172 immortalitate
3613 5116 3810 5172 animae

2219 5204 2650 5278 interrogaveris,
2689 5203 2762 5260 de
2812 5207 3207 5262 resurrectione
3243 5220 3560 5276 corporum,
3583 5205 3651 5261 de
3675 5219 3806 5276 pro-

2217 5297 2451 5354 videntia
2481 5298 2602 5365 Dei,
2629 5297 2699 5354 de
2725 5298 3076 5355 retributione
3103 5312 3202 5369 pro
3239 5297 3464 5365 meritis,
3497 5297 3566 5353 de
3594 5295 3812 5352 ratione

2215 5389 2329 5445 illic
2356 5389 2647 5456 reddenda,
2673 5390 2741 5446 de
2766 5389 3046 5446 tremendo
3065 5387 3287 5460 judicio,
3315 5389 3385 5444 de
3413 5389 3660 5460 repositis
3687 5388 3767 5444 eis
3785 5425 3807 5452 ,

2217 5483 2305 5554 qui
2332 5491 2479 5555 recte
2506 5496 2564 5540 se
2591 5481 2876 5553 gesserint,
2908 5482 3084 5549 bonis,
3109 5481 3178 5538 de
3201 5481 3478 5552 suppliciis
3507 5496 3628 5551 qua:
3675 5493 3802 5551 paco

2215 5573 2487 5629 caloribus
2525 5574 2662 5630 Deus
2710 5573 3068 5630 comminatus
3101 5580 3205 5640 est,
3245 5572 3315 5628 de
3350 5571 3472 5640 aliis
3511 5571 3759 5627 omnibus
3781 5586 3810 5625 ε

2215 5680 2447 5737 cumque
2466 5665 2556 5722 illa
2587 5663 2740 5721 valde
2766 5673 3017 5722 accurate
3041 5677 3230 5736 magna
3260 5678 3382 5719 cum
3405 5663 3593 5719 fiducia
3629 5672 3686 5716 et
3709 5677 3804 5719 se-

2219 5758 2447 5816 curitate
2469 5756 2839 5830 responderit;
2865 5754 3218 5829 philosophus
3255 5765 3434 5812 autent
3476 5763 3532 5811 et
3554 5751 3648 5824 qui
3680 5752 3802 5826 plu-
