4096 6222
561 158 667 219 ίὸδ

559 275 793 349 φρονῶν,
827 277 966 349 μετά
997 276 1122 344 τοὺς
1161 278 1387 340 πολλοὺς
1422 278 1515 332 καὶ
1547 275 1792 349 μακροὺς
1827 274 1935 327 τῶν
1966 274 2140 342 λόγων

556 363 825 428 διαύλους,
863 364 1003 435 μετά
1030 367 1126 430 τὰς
1155 364 1355 429 πολλὰς
1389 363 1484 418 καὶ
1518 363 1780 433 ἀκαίρους
1805 361 2138 431 ἀδολεσχίας,

561 452 697 523 μηδέ
724 453 882 521 χᾶναι
910 451 1155 518 δύναται,
1196 451 1330 523 μηδὲ
1355 451 1536 522 διᾶραι
1569 451 1743 519 στόμα
1781 448 1909 519 περὶ
1938 447 2141 500 τούτων

559 539 671 608 ἔχει
693 555 706 569 ·
737 539 859 592 τότε
892 537 1078 611 γνώσῃ
1106 538 1306 603 καλῶς,
1339 538 1456 601 πῶς
1498 536 1846 601 Ἐξελέξατο
1877 535 1951 589 τὰ
1976 532 2142 604 μωρά

558 625 666 680 τοῦ
689 626 921 695 κόσμου
945 630 980 680 ό
1006 626 1168 691 Θεὸς,
1193 626 1293 679 ἵνα
1317 625 1692 692 καταισχύνῃ
1718 622 1863 690 τοὺς
1887 623 2137 692 σοφούς.

559 710 740 783 Ἀπερ
768 710 877 781 γάρ
906 713 1103 765 ἐκεῖνοι
1132 714 1198 764 δι’
1225 712 1484 765 ἀπόνοιαν
1514 710 1607 764 καί
1640 708 2017 781 ὑπερηφανίαν
2043 709 2143 762 οὑκ

559 798 908 869 ἠδυνήθησαν
939 800 1140 871 εὑρεῖν,
1176 800 1275 871 τῆς
1319 799 1419 869 μὲν
1443 799 1538 851 τοῦ
1567 799 1878 868 Πνεύματος
1918 797 2143 860 ἑαυτοὺς

558 885 966 958 ἀποστήσαντες
994 886 1364 951 διδασκαλίας,
1393 889 1503 948 τοῖς
1532 885 1590 939 δέ
1618 885 1838 948 οίκείοις
1863 884 2144 954 λογισμοῖς

558 973 622 1026 τὸ
654 974 762 1027 πᾶν
790 974 1200 1047 ἐπιρῤίψαντες,
1233 973 1407 1027 ταῦτα
1437 975 1486 1026 οἱ
1517 973 1722 1044 πτωχοὶ
1752 972 1847 1026 καί
1870 973 2145 1044 ἀπερριμ-

562 1062 735 1133 μένοι,
783 1064 1019 1134 καὶτῆς
1061 1063 1259 1131 ἔξωθεν
1314 1050 1747 1134 ἀπεστερημένοι
1790 1060 2141 1123 παιδεύσεως,

564 1150 703 1222 μετά
729 1151 1012 1222 ἀκριϐείας
1051 1151 1254 1222 ἔμαθον
1283 1151 1516 1214 ἀπάντα,
1544 1150 1644 1220 τῆς
1679 1151 1742 1203 ἐκ
1771 1148 1879 1202 τῶν
1901 1147 2145 1219 οὐρανῶν

561 1238 957 1309 ἐξαρτήσαντες
991 1239 1216 1302 ἐαυτοὺς
1249 1236 1615 1299 διδασκαλίας.
1661 1236 1776 1290 Οὐκ
1813 1234 2046 1289 ἐνταῦθα
2088 1234 2145 1287 δέ

565 1325 723 1395 μόνον
765 1326 976 1379 ἵσταται
1006 1324 1326 1397 κατηγορῶν
1358 1328 1457 1395 τῆς
1508 1322 1712 1389 ἔξωθεν
1751 1322 1961 1393 σοφίας,
2011 1321 2148 1376 ἀλλά

561 1413 657 1467 καὶ
714 1413 875 1486 ἕτερα
923 1413 1129 1468 τούτων
1184 1412 1405 1466 πλείονα
1461 1410 1783 1483 προστίθησι
1821 1410 1994 1479 λέγων
2022 1426 2036 1441 ο
2079 1409 2149 1464 Ἠ

560 1502 748 1569 σοφία
776 1500 883 1554 τοῦ
920 1501 1152 1570 κόσμου
1190 1501 1405 1553 τούτου
1429 1499 1621 1569 μωρία
1653 1499 1816 1568 παρὰ
1863 1494 1942 1563 τῷ
1981 1494 2102 1561 Θεῷ
2129 1509 2144 1525 ⁸

563 1588 658 1641 καὶ
727 1587 1004 1660 παραινῶν
1064 1590 1173 1650 τοῖς
1228 1586 1479 1641 ἀκούουσι
1542 1585 1703 1639 πάλιν
1768 1583 1907 1657 μετά
1967 1584 2147 1654 πάσης

563 1676 744 1738 αὑτοῖς
797 1675 1018 1748 ἀτιμίας
1070 1674 1162 1727 καὶ
1221 1673 1578 1745 σφοδρότητος
1630 1673 1854 1741 ἔλεγενο
1906 1673 1976 1726 El
2034 1670 2147 1739 γάρ

561 1780 653 1829 τις
697 1760 880 1826 δοκεῖ,
931 1762 1113 1833 φησὶν,
1171 1762 1241 1814 ἐν
1298 1760 1439 1830 ὑμῖν
1489 1761 1682 1829 σοφὸς
1731 1756 1884 1813 εἶναι
1943 1758 2014 1811 ἐν
2067 1756 2147 1823 τῷ

559 1848 729 1903 αἰῶνι
753 1850 958 1914 τούτῳ,
986 1848 1181 1917 μωρὸς
1207 1846 1484 1916 γενέσθω,
1513 1846 1614 1899 ἵνα
1640 1845 1882 1914 γένηται
1915 1844 2109 1912 σοφός
2127 1858 2141 1871 °

563 1938 658 1991 καὶ
697 1937 857 1990 πάλιν
887 1937 1290 2006 ’,Γέγραπταῃ
1333 1933 1554 1988 Ἀπολῶ
1601 1933 1717 2001 τὴν
1760 1934 1988 2001 σοφίαν
2030 1928 2149 1983 τῶν

562 2024 791 2095 σοφῶν,
822 2025 920 2078 καὶ
951 2024 1064 2092 τὴν
1091 2024 1347 2077 σύνεσιν
1374 2020 1491 2075 τῶν
1526 2019 1799 2075 συνετῶν
1826 2018 2098 2085 ἀθετήσω
2129 2034 2142 2048 ·

558 2115 657 2166 καὶ
681 2112 860 2177 πάλιν,
883 2113 1094 2179 Κύριος
1116 2108 1391 2179 γινώσκει
1420 2108 1561 2174 τοὺς
1581 2106 2008 2177 διαλογισμοὺς
2029 2104 2148 2159 τῶν

560 2199 906 2269 ἀνθρώπων,
934 2199 1027 2253 ὅτι
1043 2198 1168 2252 εἱσι
1199 2197 1458 2267 μάταιοι.

624 2329 700 2387 ς’.
744 2330 887 2383 Ἀλλ’
919 2331 998 2385 ὅτι
1035 2328 1133 2400 μέν
1155 2329 1346 2399 σοφίας
1364 2330 1607 2400 μετεῖχον
1620 2329 1669 2380 οἱ
1682 2325 2148 2397 Κορίνθιοι,δῆλον

562 2423 628 2475 ἐκ
648 2420 850 2475 τούτων
870 2437 883 2451 ·
910 2420 992 2474 ὅτι
1013 2419 1068 2473 δὲ
1094 2419 1235 2489 μέγα
1262 2416 1520 2488 ἐφρόνουν
1543 2418 1636 2469 καὶ
1662 2416 1958 2484 ἐφυσῶντο,
1987 2415 2147 2469 πάλιν

550 2507 624 2571 λὰξ
651 2508 819 2578 αὐτῆς
834 2506 935 2577 τῆς
978 2503 1297 2573 Ἐπιστολῆς
1331 2505 1445 2555 ἐστι
1467 2502 1718 2574 φανερόν.
1751 2502 2148 2574 Κατηγορήσας

563 2595 672 2664 γάρ
709 2610 811 2647 που
846 2592 940 2645 τοῦ
988 2591 1438 2661 πεπορνευκότος,
1468 2590 1713 2661 ἐπήγαγε
1746 2588 1919 2658 λέγων
1949 2607 1963 2621 ο
1994 2587 2145 2661 [158]

563 2681 675 2736 Καὶ
706 2679 878 2750 ὑμεῖς
914 2679 982 2732 δὲ
1013 2675 1456 2754 πεφυσιωμένοι
1507 2675 1666 2730 ἐστέ.
1710 2675 1831 2729 Ὅτι
1870 2676 1925 2727 δέ
1958 2676 2020 2728 ἐκ
2048 2678 2148 2746 τῆς

564 2768 822 2832 ἀπονοίας
853 2766 987 2837 πρὸς
1025 2764 1287 2835 ἀλλήλους
1316 2760 1521 2834 ήριζον,
1551 2765 1645 2816 καὶ
1674 2762 1805 2816 αὑτὸ
1839 2760 1997 2815 τοῦτο
2030 2762 2150 2834 ἐδή-

559 2856 706 2911 λωσε
744 2856 904 2910 πάλιν
953 2852 1159 2908 εἰπών·
1190 2854 1383 2908 Ὅπου
1426 2853 1535 2921 γὰρ
1575 2851 1646 2903 ἐν
1691 2851 1831 2919 ὑμῖν
1873 2850 1999 2918 ἔρις
2049 2850 2149 2905 καί

563 2942 748 3012 ζῆλος
790 2943 885 2997 καί
923 2939 1325 3010 διχοστασίαι,
1359 2939 1495 3008 οὐχί
1529 2939 1807 3006 σαρκικοί
1843 2937 2006 3000 ἐστε,
2048 2938 2145 2992 καί

562 3031 719 3084 κατὰ
741 3028 1055 3097 ἄνθρωπον
1078 3025 1447 3097 περιπατεῖτε
1475 3042 1495 3092 ;
1535 3026 1646 3080 Καὶ
1670 3027 1754 3089 τίς
1779 3027 1809 3079 6
1832 3025 1936 3096 τῆς
1974 3024 2150 3096 ἐριδος

565 3119 794 3189 τρόπος;
819 3119 913 3183 Εἰς
936 3117 1161 3181 πολλοὺς
1181 3118 1445 3186 ἄρχοντας
1466 3115 1764 3186 κατέτεμον
1785 3114 2032 3181 ἑαυτοὺς,
2054 3113 2149 3167 καὶ

560 3206 656 3261 διά
684 3203 841 3259 τοῦτό
868 3221 1000 3275 φησι
1025 3219 1039 3234 ·
1063 3201 1226 3272 Λέγω
1262 3202 1332 3255 δὲ
1353 3203 1547 3267 τοῦτο,
1583 3201 1672 3256 ὅτι
1699 3201 1957 3267 ἕκαστος
1983 3199 2150 3270 ὑμῶν

567 3307 786 3365 φησιν’
824 3291 965 3361 Ἐγὼ
998 3290 1115 3361 μέν
1138 3295 1255 3359 ειμι
1282 3292 1548 3350 Παύλου,
1591 3288 1706 3358 ἐγὼ
1743 3288 1812 3341 δὲ
1860 3288 2146 3353 Ἀπολλώ,

564 3380 681 3451 ἐγὼ
720 3378 795 3433 δὲ
845 3377 1036 3447 Κηφᾶ.
1091 3378 1275 3430 Ταῦτα
1327 3377 1531 3443 ἔλεγεν,
1576 3376 1677 3428 οὑκ
1717 3375 1902 3447 ἐπειδὴ
1951 3375 2149 3447 Παύλῳ

567 3466 664 3521 καί⁵
716 3466 881 3534 Κηφᾷ
923 3463 1019 3516 καί
1057 3462 1297 3533 Ἀπολλῷ
1349 3462 1682 3533 προσένεμον
1720 3463 1966 3526 ἑαυτοὺς,
2012 3462 2151 3516 ἀλλά

564 3554 680 3615 τοῖς
722 3551 948 3620 ὀνόμασι
994 3548 1201 3612 τούτοις
1255 3548 1566 3619 ἀποκρύψαι
1613 3548 1857 3617 βούλεται
1887 3550 2015 3613 τοὺς
2048 3550 2151 3621 τῆς

569 3637 812 3700 στάσεως
855 3636 1059 3698 αἰτίους
1099 3636 1517 3705 γεγενημένους,
1563 3634 1704 3689 ὥστε
1759 3635 1834 3707 μή
1884 3636 2152 3708 φανεροὺς

567 3725 936 3795 καταστήσας,
959 3722 1417 3795 φιλονεικοτέρους
1444 3722 1685 3794 ποιῆσαι,
1709 3723 1801 3777 καὶ
1827 3725 1905 3787 εἰς
1929 3724 2151 3794 μείζονα

569 3811 947 3884 ἀναισχυντίαν
971 3812 1216 3879 ἀγαγεῖν.
1243 3811 1363 3863 ’Ότι
1391 3811 1499 3881 γάρ
1529 3811 1589 3863 οὑ
1620 3810 1814 3880 Παύλῳ
1838 3811 1932 3864 καὶ
1959 3811 2151 3884 Πέτρῳ

569 3904 663 3957 καὶ
703 3901 945 3971 Ἀπολλῷ
982 3902 1313 3974 προσένεμον
1348 3902 1593 3967 ἑαυτοὺς,
1639 3900 1753 3954 ἀλλ’
1785 3900 1991 3973 ἑτέροις
2021 3902 2148 3970 τισί,

571 3994 666 4049 καὶ
692 3992 850 4046 τοῦτο
878 3994 943 4047 ἐκ
972 3992 1077 4047 τῶν
1105 3991 1231 4063 ἐξῆς
1260 3991 1436 4063 δῆλον.
1480 3992 1809 4061 Ἑγκαλέσας
1833 3991 1942 4063 γὰρ
1970 3992 2154 4056 αὐτοῖς

571 4083 667 4137 ἐπὶ
716 4085 783 4153 τῇ
838 4081 1113 4134 διαστάσει
1171 4080 1364 4153 ταύτῃ,
1415 4081 1579 4135 πάλιν
1634 4082 1883 4153 ἐπήγαγε
1937 4081 2147 4150 λέγων’

577 4170 771 4226 Ταῦτα
797 4168 885 4234 δὲ,
932 4167 1203 4237 ἀδελφοί,
1231 4168 1724 4237 μετεσχημάτισα
1763 4172 1852 4235 εἰς
1891 4166 2154 4237 ἐμαυτὸν

571 4257 670 4312 καὶ
703 4253 965 4310 Ἀπολλὼ
992 4254 1066 4308 δι’
1104 4250 1270 4324 ὑμᾶς.
1309 4255 1408 4307 ἵνα
1442 4256 1513 4307 ἐν
1548 4255 1690 4324 ὑμῖν
1711 4255 1939 4325 μάθητε
1974 4255 2039 4309 τὸ
2063 4254 2150 4325 μὴ

571 4343 723 4412 ὑπὲρ
762 4341 793 4397 6
826 4340 1145 4413 γέγραπται
1178 4341 1445 4411 φρονεῖν,
1478 4342 1580 4395 ἵνα
1618 4341 1704 4410 μὴ
1742 4337 1829 4409 εἷς
1864 4343 2015 4411 ὑπὲρ
2044 4342 2152 4397 τοῦ

570 4433 711 4500 ἐνὸς
746 4435 832 4504 μὴ
864 4431 1203 4504 φυσιοῦσθε
1233 4432 1382 4487 κατὰ
1416 4431 1520 4486 τοῦ
1551 4430 1773 4499 ἐτέρου.
1814 4430 2005 4485 Πολλοὶ
2044 4433 2151 4503 γάρ

570 4522 680 4575 τῶν
713 4523 935 4577 ἰδιωτῶν
963 4523 1061 4575 οὐκ
1094 4521 1304 4592 ἔχοντες
1330 4520 1538 4574 οἴκοθεν
1561 4518 1856 4591 ἐπαίρεσιν,
1883 4519 2004 4573 ούδέ
2028 4520 2154 4580 τοὺς

575 4609 799 4680 πλησίον
823 4609 1057 4675 δάκνειν,
1086 4607 1519 4679 προστησάμενοί
1549 4623 1697 4671 τινας
1725 4606 1931 4662 ἑαυτῶν
1963 4608 2155 4677 ἄρχον-

573 4712 693 4759 τας,
743 4698 854 4759 τοῖς
910 4695 1133 4749 ἐκείνων
1193 4694 1655 4767 πλεονεκτήμασιν
1711 4698 1790 4759 εἰς
1856 4695 1957 4767 τήν
2029 4693 2152 4747 καθ’

575 4787 776 4859 ἐτέρων
806 4786 1180 4859 ὑπερηφανίαν
1207 4786 1520 4858 ἐκέχρηντο·
1551 4787 1646 4841 καὶ
1673 4788 1706 4857 ή
1736 4786 1847 4841 τῶν
1873 4785 2153 4839 διδασκόν-

574 4892 683 4930 των
711 4874 907 4937 αὐτοὺς
944 4874 1105 4943 σοφία
1141 4874 1239 4945 τῆς
1276 4873 1477 4943 ἐτέρων
1519 4874 1701 4937 αὑτοῖς
1741 4872 1997 4937 ἀπονοίας
2036 4871 2155 4942 ἐγέ-

575 4979 698 5017 νετο
723 4961 989 5034 πρόφασις
1016 4978 1030 4992 ·
1060 4962 1197 5033 ὅπερ
1224 4962 1459 5032 ἐσχάτης
1484 4959 1805 5031 δοξομανίας
1830 4955 1918 5030 ἦν,
1944 4957 2154 5013 οἴκοθεν

574 5050 676 5105 οὑκ
711 5049 933 5122 ἔχοντας
975 5046 1381 5120 ἐναϐρύνεσθαι,
1425 5049 1547 5109 ταῖς
1602 5047 1804 5117 ἐτέρων
1860 5047 2154 5119 ὑπεροχαῖς

575 5137 918 5211 ἀποχρῆσθαι
960 5139 1041 5200 είς
1080 5136 1178 5209 τὴν
1221 5136 1363 5190 κατά
1400 5135 1509 5189 τῶν
1552 5135 1795 5205 ἀδελφῶν
1833 5135 2151 5207 ὑπεροψίαν.

588 5226 742 5282 Ἐπεὶ
760 5222 852 5281 οὖν
873 5227 966 5280 καὶ
992 5228 1070 5290 εἰς
1096 5225 1353 5280 ἀπόνοιαν
1378 5224 1622 5297 ήρθησαν
1648 5226 1742 5280 καὶ
1761 5223 2151 5289 διεστασίαζον,

576 5317 671 5369 καὶ
702 5317 782 5379 εἰς
824 5313 995 5367 πολλά
1039 5314 1367 5384 κατέτεμνον
1403 5312 1546 5386 μέρη
1580 5312 1826 5377 ἑαυτοὺς,
1872 5312 1968 5366 καὶ
2008 5310 2155 5381 μέγα

577 5402 837 5475 ἐφρόνουν
893 5402 985 5455 ἐπὶ
1040 5403 1106 5474 τῇ
1159 5401 1497 5472 διδασκαλία,
1552 5399 1628 5464 ὡς
1684 5400 1893 5455 οἴκοθέν
1950 5416 2007 5453 τε
2061 5398 2154 5452 καὶ

520 5556 523 5559 _
577 5492 707 5564 παρ’
735 5490 941 5544 ἑαυτῶν
970 5491 1239 5560 εὑρόντες,
1275 5489 1388 5543 ἀλλ’
1416 5490 1513 5560 οὐχ
1543 5489 1618 5553 ὡς
1644 5487 1849 5545 ἀνωθεν
1875 5486 2155 5557 δεξάμενοι

583 5577 676 5631 καὶ
726 5579 792 5633 ἐκ
843 5578 940 5648 τῆς
996 5579 1088 5631 τοῦ
1144 5576 1278 5631 Θεοῦ
1340 5577 1557 5647 χάριτος
1620 5576 1685 5630 τά
1747 5576 1845 5648 τῆς
1901 5574 2157 5646 ἀληθείας

1279 167 1340 225 S.
1365 166 1662 227 JOANNIS
1692 162 2186 235 CHRYSOSTOMI
2224 164 2544 226 ARCUIEP.
2589 167 3139 229 CONSrTANTINOP.

3728 158 3835 217 ιει

2249 273 2516 346 δόγματα,
2548 278 2870 349 βουλόμενος
2910 277 3090 331 αὑτῶν
3116 271 3463 330 καταστεῖλαι
3490 271 3557 328 1:6
3580 272 3843 348 φύσημα..

2249 362 2451 428 εὐθέως
2483 367 2592 420 ἀπὸ
2634 366 2743 420 τῶν
2782 363 3083 436 προοιμίων
3127 361 3357 431 φιλητὸν
3388 360 3551 416 αὑτὸν
3576 358 3837 430 ἐκάλεσε,

2251 452 2533 523 μονονουχὶ
2562 452 2734 521 λέγων
2757 468 2772 483 ⁸
2805 453 2868 504 Εἰ
2903 449 3013 520 ἐγὼ
3047 452 3077 503 6
3109 447 3422 513 διδάσκαλος
3443 448 3593 503 οὐδὲν
3623 449 3839 504 οἴκοθεν

2247 532 2438 610 εὗρον,
2487 538 2614 592 οὔτε
2670 540 2936 610 πρότερον
2987 536 3167 601 αὑτὸς
3193 534 3272 605 τῷ
3322 534 3442 606 Θεῷ
3492 535 3837 607 προσῆλθον,

2248 625 2384 679 ἀλλά
2414 627 2631 697 κληθεὶς
2658 628 2777 680 τότε
2808 627 3114 696 ὑπήκουσα,
3152 623 3269 687 πῶς
3304 624 3461 694 ὑμεῖς
3487 625 3539 678 οἰ
3568 623 3838 693 μαθηταὶ,

2250 712 2343 766 καὶ
2370 712 2499 783 παρ’
2524 713 2663 782 ἐμοῦ
2703 713 2772 765 τά
2813 712 3057 783 δόγματα
3082 710 3388 779 δεξάμενοι,
3421 708 3652 763 δύνασθε
3686 711 3841 780 μέγα

2251 803 2487 869 φρονεῖν,
2535 800 2611 864 ὡς
2659 800 2814 855 αὑτοί⁴
2855 799 3061 852 τούτων
3111 798 3330 869 εὑρέται
3377 798 3691 868 γενόμενοις
3736 798 3841 852 Διά

2248 886 2407 941 τοῦτο
2434 888 2530 942 καὶ
2557 887 2760 961 προῖὼν
2790 887 2973 952 ἔλεγεν
3004 886 3186 950 αὑτοῖς
3207 904 3220 917 ο
3255 886 3350 951 Τίς
3377 884 3489 955 γάρ
3513 900 3587 939 σε
3616 885 3842 955 διακρί-

2249 991 2371 1039 νει,
2410 976 2469 1029 τί
2503 975 2571 1029 δὲ
2600 977 2759 1046 ἔχεις
2786 974 2818 1028 6
2851 975 2964 1028 οὐκ
3003 970 3252 1043 ἕλαόεςς
3283 974 3334 1026 εί
3366 970 3435 1026 δὲ
3465 972 3565 1028 καὶ
3597 968 3837 1041 ἔλαϐες,

2251 1066 2309 1119 τί
2340 1066 2643 1135 καυχᾶσαι
2680 1065 2762 1131 ὡς
2784 1062 2872 1134 μὴ
2902 1062 3140 1129 λαϐώνς

2322 1195 2489 1250 Οὐδὲν
2532 1192 2627 1250 οὖν
2676 1194 2804 1249 ἀλλο
2853 1195 2972 1248 ἐστὶ
3014 1194 3076 1247 τὸ
3118 1194 3353 1262 Κλειτὸς
3399 1186 3589 1259 τοῦτο,
3635 1192 3752 1249 ἀλλ’
3800 1192 3838 1268 ἢ

2251 1287 2751 1359 ταπεινοφροσύνης
2786 1286 3123 1349 διδασκαλία,
3164 1286 3259 1340 καί
3297 1284 3466 1355 τύφου
3496 1286 3837 1357 καθαίρεσις,

2254 1378 2348 1431 καὶ
2384 1378 2563 1447 πάσης
2603 1377 2919 1443 ἀλαζονείας
2952 1376 3254 1444 καταστολή
3278 1393 3294 1407 ο
3322 1376 3473 1430 οὐδὲν
3514 1377 3622 1449 γάρ
3665 1378 3837 1441 ἐστιν,

2252 1469 2407 1523 οὐδὲν
2434 1469 2606 1532 οὕτως
2639 1468 2668 1525 ὅ
2697 1470 3024 1542 συγκρατεῖν
3057 1469 3151 1521 καὶ
3178 1467 3422 1537 συνέχειν
3455 1469 3604 1539 ἡμᾶς
3635 1466 3842 1522 δύναιτ’

2254 1560 2343 1622 ἂν,
2372 1559 2448 1624 ὡς
2470 1561 2961 1630 ταπεινοφροσύνη,
2992 1560 3086 1612 καί
3118 1558 3449 1631 μετριάζειν,
3480 1559 3573 1611 καὶ
3596 1558 3656 1612 τὸ
3705 1573 3844 1613 κατ-

2254 1649 2510 1705 εστάλθαι
2538 1650 2633 1705 καὶ
2660 1650 2824 1722 μηδὲν
2850 1649 3116 1723 μηδέποτε
3135 1649 3262 1722 περὶ
3294 1646 3499 1703 ἐαυτῶν
3535 1651 3676 1721 μέγα
3704 1667 3843 1719 φαν-

2252 1740 2553 1804 τάζεσθαι.’
2578 1742 2755 1812 Ὅπερ
2800 1738 2894 1794 καὶ
2933 1741 2963 1793 6
3013 1739 3247 1811 Χριστὸς
3292 1738 3566 1803 συνειδὼς,
3606 1740 3700 1793 καὶ
3736 1739 3843 1810 τῆς

2254 1832 2631 1903 πνευματικῆς
2682 1830 2898 1901 ἐκείνης
2951 1829 3294 1894 διδασκαλίας
3352 1827 3673 1901 ἀρχόμενος,
3729 1824 3846 1885 ἀπὺ

2251 1920 2749 1995 ταπεινοφροσύνης
2789 1918 3004 1991 πρῶτον
3043 1914 3142 1991 τῆς
3187 1918 3566 1990 παραινέσεως
3613 1920 3843 1992 ἧρξατο.

2253 2013 2348 2067 καὶ
2387 2012 2448 2066 τὸ
2481 2014 2656 2084 στόμα
2684 2010 2924 2077 ἀνοίξας,
2957 2010 3145 2064 τοῦτον
3178 2011 3393 2084 πρῶτον
3434 2012 3720 2083 εἰσήνεγκε
3746 2012 3848 2066 τὸν

2254 2105 2438 2175 νόμον,
2465 2103 2664 2167 οὕτως
2728 2102 2898 2156 εἰπών
2933 2119 2948 2133 ο
3010 2101 3301 2171 Μακάριοι
3355 2105 3410 2157 ul
3470 2103 3694 2172 πτωχοὶ
3757 2094 3844 2168 τῷ

2254 2196 2568 2265 πνεύματι.
2626 2195 2892 2268 Καθάπερ
2951 2196 3060 2266 γάρ
3104 2212 3188 2259 τις
3244 2195 3420 2249 οὶκίαν
3469 2194 3711 2266 μεγάλην
3747 2188 3847 2247 καὶ

2255 2291 2513 2362 λαμπράν
2546 2289 2946 2362 οἰκοδομεῖσθαι
2977 2288 3127 2363 [159]
3165 2289 3396 2362 μέλλων,
3441 2289 3702 2359 ἀνάλογον
3733 2305 3844 2343 κα·

2254 2381 2580 2435 ταϐάλλεται
2622 2380 2715 2433 τδν
2759 2379 3029 2451 θεμέλιον,
3074 2379 3213 2435 ὥστε
3259 2379 3550 2451 δυνηθῆναι
3595 2380 3656 2433 τὸ
3698 2376 3845 2451 μετά

2254 2468 2429 2523 ταῦτα
2470 2468 2842 2538 ἐπιτιθέμενον
2884 2471 3128 2535 ἐνεγκεῖν
3168 2468 3369 2541 βάρος·
3400 2467 3543 2522 οὑτω
3577 2467 3641 2540 δή
3682 2464 3778 2523 καὶ
3812 2470 3845 2523 ό

2254 2562 2511 2631 Χριστὸς,
2539 2562 2640 2634 τὴν
2668 2561 2913 2633 μεγάλην
2940 2561 3156 2633 ἐκείνην
3186 2561 3473 2633 οἰκοδομὴν
3495 2561 3593 2632 τῆς
3622 2560 3841 2630 φιλοσοο

2257 2651 2384 2722 φίας
2411 2654 2470 2705 ἐν
2497 2655 2618 2715 ταῖς
2644 2652 2840 2723 ψυχαῖς
2875 2652 3057 2706 αὑτῶν
3085 2652 3336 2723 ἐγείρων,
3375 2651 3563 2723 ὥσπερ
3593 2650 3716 2705 τινά
3747 2650 3843 2704 θε-

2257 2743 2441 2813 μέλιον
2480 2744 2574 2797 καὶ
2601 2742 2795 2817 τρόπιν
2837 2742 3056 2813 ἀσφαλῆ
3092 2744 3186 2796 καὶ
3218 2742 3457 2815 κρηπῖδα
3488 2742 3712 2812 βεδαίαν
3742 2740 3841 2795 καὶ

2254 2838 2532 2909 ἀκίνητον,
2559 2837 2657 2908 τήν
2680 2836 2782 2907 τῆς
2808 2837 3304 2909 ταπεινοφροσύνης
3330 2835 3844 2908 προκαταόάλλεται

2256 2925 2595 2997 παραίνεσιν,
2635 2924 2793 2989 είδὼς
2833 2926 2915 2979 ὅτι
2949 2927 3156 2997 ταύτης
3198 2925 3576 2999 ἐρῤιζωμένης
3616 2926 3677 2978 ἐν
3718 2927 3843 2989 ταῖς

2254 3016 2512 3080 διανοίαις
2557 3016 2667 3069 τῶν
2707 3017 3036 3083 ἀκουόντων,
3083 3018 3299 3071 ἅπαντα
3331 3016 3466 3072 ἀλλα
3501 3017 3602 3088 τῆς
3632 3019 3841 3090 ἀρετῆς

2260 3105 2398 3178 μέρη
2425 3106 2563 3176 μετά
2590 3106 2893 3177 ἀσφαλείας
2923 3107 3322 3177 οἰκοδομεῖσθαι
3351 3106 3592 3161 δύναται.
3627 3107 3843 3177 Ὥσπερ

2255 3194 2348 3251 οὖν
2390 3195 2592 3269 ταύτης
2634 3197 2899 3270 ἀπούσης,
2950 3198 3054 3252 κᾶν
3103 3198 3323 3253 ἀπασάν
3374 3215 3458 3262 τις
3502 3197 3602 3269 τήν
3646 3196 3843 3269 λοιπὴν

2256 3288 2459 3361 ἀρετήν
2505 3288 2845 3362 κατορθώσῃ,
2880 3290 3004 3361 εἰκῆ
3052 3289 3147 3343 καὶ
3194 3290 3372 3360 μάτην
3424 3290 3519 3343 καί⁸
3561 3292 3641 3354 εἰς
3688 3288 3843 3343 οὑδέν

2255 3380 2374 3433 δέον
2402 3380 2521 3434 ἐστί
2555 3380 2899 3452 πεπονηκὼς,
2930 3383 3051 3435 κατ’
3077 3383 3283 3435 ἐκεῖνον
3308 3381 3400 3435 τὸν
3429 3382 3521 3435 ἐπὶ
3552 3384 3652 3452 τῆς
3683 3381 3841 3451 ψάμ-

2261 3487 2363 3540 μου
2405 3471 2504 3541 τὴν
2551 3470 2729 3525 οἰκίαν
2773 3471 3224 3542 οἰκοδομήσαντα,
3272 3470 3333 3535 ὃς
3382 3470 3474 3524 τὸν
3530 3471 3628 3541 μὲν
3679 3471 3844 3524 πόνον

2258 3560 2540 3631 ὑπέμεινε,
2595 3561 2688 3615 τοῦ
2747 3562 2804 3615 δέ
2860 3562 3085 3633 κέρδους
3148 3564 3247 3616 οὑκ
3314 3564 3586 3626 ἀπώνατο,
3652 3560 3843 3633 ἐπειδὴ

2258 3651 2505 3723 θεμέλιον
2540 3653 2601 3706 οὑ
2641 3652 2939 3707 κατέϐαλεν
2980 3654 3234 3725 ἀσφαλῆ·
3270 3653 3443 3718 οὑτως
3485 3657 3514 3707 6
3543 3653 3713 3725 χωρὶς
3751 3669 3849 3706 τα-

2262 3743 2686 3816 πεινοφροσύνης
2745 3744 2924 3799 ὁτιοῦν
2990 3744 3191 3816 μετιὼν
3257 3745 3460 3815 ἀγαθὸν
3484 3786 3499 3810 ,
3559 3743 3845 3798 ἀπώλεσεν

2259 3835 2470 3890 ἅπαντα
2519 3837 2614 3891 καὶ
2648 3836 2940 3908 διέφθειρε.
2981 3837 3494 3910 Ταπεινοφροσύνην
3521 3837 3609 3902 δὲ,
3640 3836 3701 3889 οὑ
3740 3837 3843 3906 τὴν

2260 3929 2318 3981 ἐν
2351 3929 2561 4000 ῥήμασι
2601 3928 2763 3997 λέγω,
2814 3929 2934 3982 οὐδὲ
2974 3928 3072 3999 τὴν
3121 3930 3213 3982 ἐπὶ
3254 3929 3356 4000 τῆς
3405 3927 3671 3998 γλώττης,
3705 3926 3844 3982 ἀλλά

2259 4018 2357 4092 τὴν
2391 4021 2448 4073 ἐν
2476 4023 2540 4091 τῇ
2570 4019 2798 4091 διανοίᾳ,
2828 4019 2926 4091 τὴν
2960 4020 3069 4074 ἀπὸ
3099 4019 3197 4092 τῆς
3229 4019 3429 4090 ψυχῆς,
3454 4019 3555 4092 τὴν
3578 4021 3637 4073 ἐν
3667 4035 3847 4072 συνει-

2258 4110 2390 4173 δότι,
2428 4110 2495 4179 ἢν
2538 4113 2567 4163 6
2614 4108 2744 4172 Θεὸς
2790 4108 3010 4163 δύναται
3061 4108 3220 4180 μόνος
3256 4111 3410 4182 όρᾷν.
3449 4111 3634 4181 ’Δρκεῖ
3683 4108 3846 4163 τοῦτο

2258 4201 2318 4253 τὸ
2351 4199 2748 4272 πλεονέκτημα,
2777 4203 2870 4254 καὶ
2915 4200 3037 4255 καθ’
3081 4203 3241 4256 ἐαυτδ
3286 4200 3546 4265 πολλάκις
3583 4200 3846 4272 φαινόμε-

2259 4307 2369 4354 νον,
2421 4291 2548 4345 ἵλεω
2582 4292 2803 4362 ποιῆσαι
2852 4292 2944 4347 τὸν
2986 4293 3138 4347 Θεόν.
3180 4292 3288 4347 Καὶ
3326 4291 3483 4346 τοῦτο
3522 4293 3552 4345 6
3604 4291 3845 4363 τελώνης

2259 4382 2525 4453 ἐδήλωσεν
2546 4400 2559 4415 ο
2593 4383 2745 4436 οὑδέν
2783 4383 2893 4456 γάρ
2921 4383 3059 4454 ἔχων
3087 4383 3314 4453 ἀγαθὸν,
3343 4384 3465 4437 οὑδὲ
3491 4382 3600 4438 ἀπὸ
3640 4399 3843 4452 κατορο

2260 4474 2529 4547 θωμάτων
2583 4478 2817 4549 φανῆναι
2870 4477 3187 4547 δυνάμενος,
3244 4475 3412 4530 εἰπὼν
3459 4476 3648 4547 μόνον,
3697 4473 3846 4529 Ἶλό-

2258 4567 2438 4633 σθητί
2461 4584 2564 4635 μοι
2591 4565 2672 4632 τῷ
2702 4565 3049 4636 ἁμαρτωλῷ,
3082 4565 3352 4636 κατῆλθεν
3384 4567 3528 4639 ὑπὲρ
3558 4566 3650 4620 τὸν
3676 4567 3846 4636 Φαρι-

2262 4658 2412 4709 σαῖον
2454 4654 2764 4719 δικαιωθείς
2787 4670 2801 4686 ⁸
2842 4656 3020 4709 καίτοι
3070 4673 3134 4724 γε
3179 4656 3299 4710 οὑδέ
3343 4654 3847 4727 ταπεινοφροσύνης

2258 4743 2400 4818 ἦσαν
2443 4748 2627 4801 ἐκεῖνα
2654 4746 2722 4800 τά
2762 4749 3004 4819 ῥήματα,
3050 4747 3163 4801 ἀλλ’
3197 4747 3618 4820 εὐγνωμοσύνης
3660 4748 3844 4818 μόνον.

2261 4838 2769 4909 Ταπεινοφροσύνης
2826 4838 2925 4909 μὲν
2976 4838 3085 4909 γάρ
3135 4839 3281 4893 ἐστιν
3336 4839 3463 4894 ὃταν
3514 4837 3725 4909 μεγάλα
3758 4854 3848 4902 τις

2260 4927 2439 4999 ἐαυτῷ
2492 4927 2764 4994 συνειδὼς,
2817 4929 2983 5002 μηδὲν
3039 4930 3181 5001 μέγα
3236 4931 3363 5001 περὶ
3415 4930 3581 4985 αὑτοῦ
3640 4931 3846 5002 φαντά-

2261 5020 2421 5093 ζηται
2443 5039 2457 5053 ⁸
2488 5022 2875 5094 εὐγνωμοσύνη
2914 5023 2990 5089 δέ,
3025 5024 3173 5088 ὅταν,
3219 5023 3542 5096 ἁμαρτωλὸς
3582 5023 3679 5090 ῶν,
3711 5023 3846 5077 αὐτὸ

2258 5111 2418 5167 τοῦτο
2478 5112 2734 5185 ὁμολογῇ.
2797 5113 2861 5166 Εἰ
2920 5113 2976 5167 δέ
3031 5115 3061 5167 6
3126 5113 3291 5185 μηδὲν
3348 5113 3526 5186 ἐαυτῷ
3586 5112 3847 5177 συνειδὼς

2260 5204 2487 5275 ἀγαθὸν,
2523 5205 2710 5276 ἐπειδὴ
2750 5203 2926 5272 τοῦτο,
2968 5206 3107 5279 ὅπερ
3156 5202 3245 5278 ἦν,
3288 5204 3660 5278 ὡμολόγησεν,
3698 5206 3846 5261 οὕτω

2260 5298 2351 5353 τὸν
2402 5297 2534 5352 Θεὸν
2579 5300 2658 5363 είς
2705 5298 2917 5354 εὔνοιαν
2976 5298 3343 5367 ἐπεσπάσατο,
3392 5300 3566 5370 πόσης
3603 5298 3846 5354 ἀπολαύ-

2262 5405 2443 5442 σονται
2475 5388 2785 5461 παρρησίας
2811 5390 2864 5442 οί
2901 5387 3073 5443 πολλὰ
3105 5389 3202 5459 μὲν
3222 5387 3434 5459 ἔχοντες
3470 5387 3680 5442 ἑαυτῶν
3709 5404 3845 5442 κατε

2261 5479 2555 5552 ορθώματα
2601 5482 2793 5545 εἰπεῖν,
2846 5482 3061 5535 πάντων
3101 5480 3160 5534 δέ
3225 5479 3449 5535 ἐκείνων
3490 5479 3846 5536 ἐπιλανθανό-

2265 5590 2436 5642 μενοι,
2473 5573 2564 5626 xz".
2602 5574 2678 5636 εἰς
2724 5571 2847 5636 τοὺς
2887 5570 3145 5641 ἐσχάτους
3183 5572 3407 5636 ἐαυτοὺς
3447 5566 3839 5640 ἀριθμοῦντες;
