4096 6222
335 195 447 250 Ξῦὅ

333 312 539 366 timum
562 325 716 367 coma
736 318 792 367 et
812 311 1005 369 baculo
1035 314 1314 384 gloriatur,
1337 326 1457 387 post
1487 319 1654 375 multa
1675 320 1935 394 longaque

334 404 513 475 spatia
535 418 868 472 sermonum,
897 417 1018 478 post
1041 408 1400 482 importunam
1431 414 1764 488 multamque
1803 433 1930 489 gar-

287 509 293 517 '
332 498 612 553 rulitatem
639 513 707 554 ne
731 498 941 556 hiscere
973 501 1190 572 quidem
1223 504 1479 573 potuerit,
1510 522 1686 580 neque
1719 509 1788 565 de
1819 509 1934 566 istis

333 589 510 645 verba
535 589 771 646 facturus
800 592 1025 648 valuerit
1050 609 1112 649 os
1137 594 1392 651 diducere
1415 611 1430 651 :
1451 607 1562 654 tum
1587 600 1749 669 probe
1774 600 1933 656 intel-

326 681 495 749 ‘liges,
521 694 626 749 quo
649 689 805 750 pacto
833 681 972 737 Deus
1000 683 1202 754 elegerit
1237 686 1395 740 stulta
1425 689 1618 755 mundi,
1648 698 1701 742 ut
1726 691 1930 759 sapieno

331 780 412 823 tes
429 771 781 842 confunderet.
813 771 946 827 Nam
972 789 1089 844 qua:
1103 791 1213 844 pra:
1231 776 1392 834 nimia
1415 781 1659 850 superbia
1688 780 1932 854 {istoque

335 861 580 929 reperire
610 862 684 916 illi
712 863 931 918 minime
975 876 1282 935 potuerunt,
1327 879 1436 925 tum
1484 873 1624 941 quod
1666 874 1870 941 seipsos
1900 889 1930 929 a

335 951 620 1023 disciplina
642 953 870 1024 Spiritus
891 955 1272 1029 sejunxissent,
1303 972 1410 1018 tum
1436 964 1575 1034 quod
1600 965 1776 1019 omnia
1801 981 1931 1034 pro-

333 1044 471 1112 priis
521 1045 932 1115 cogitationibus
979 1053 1400 1118 commisissent,
1434 1055 1550 1110 haec
1600 1056 1829 1110 mendici
1876 1065 1930 1111 et

336 1133 532 1205 abiecti
560 1150 624 1191 ac
645 1135 884 1206 profana:
911 1141 1229 1197 eruditionis
1257 1153 1505 1214 expertes
1535 1147 1711 1200 omnia
1740 1155 1926 1201 exacte

335 1226 660 1294 didicerunt,
683 1244 804 1284 cum
829 1243 859 1285 a
886 1232 1087 1288 czelesti
1113 1234 1387 1305 disciplina
1405 1236 1718 1306 penderent.
1744 1235 1929 1306 Neque

333 1332 468 1374 vero
496 1327 780 1376 contentus
801 1331 884 1378 est
912 1321 1102 1378 horum
1127 1333 1282 1380 tenus
1307 1327 1582 1396 profanam
1610 1329 1925 1397 sapientiam

336 1409 606 1478 incusare,
636 1413 730 1468 sed
773 1423 828 1468 et
863 1414 968 1468 alia
1005 1414 1163 1486 plura
1209 1417 1480 1489 subjungit
1502 1461 1517 1486 ,
1565 1418 1749 1474 dicens
1783 1438 1796 1474 :
1827 1418 1928 1474 Sa-

245 1499 253 1507 ’
331 1503 527 1574 pientia
553 1506 706 1578 hujus
724 1507 898 1561 mundi
924 1508 1138 1562 stultitia
1163 1520 1237 1564 est
1262 1511 1404 1581 apud
1425 1511 1591 1567 Deum
1616 1514 1695 1584 (I.
1720 1513 1839 1569 Cor.
1868 1515 1922 1569 5.

337 1595 454 1666 19);
479 1606 530 1651 et
550 1597 824 1653 auditores
853 1614 1041 1655 rursus
1061 1600 1352 1657 adhortans
1376 1618 1498 1658 cum
1526 1614 1836 1676 contemptu
1863 1620 1926 1661 ac

330 1686 672 1742 vehementia
700 1688 909 1744 dicebat
933 1709 946 1746 :
973 1691 1034 1747 Si
1055 1692 1165 1762 quis
1190 1693 1323 1747 enint
1347 1693 1560 1763 videtur,
1589 1697 1776 1766 inquit,
1797 1697 1927 1750 inter

333 1793 424 1832 vos
449 1778 647 1850 sapiens
676 1782 851 1835 essein
877 1782 972 1836 hoc
1010 1784 1219 1851 saculo,
1255 1784 1440 1840 stultus
1476 1787 1598 1855 ﬁat,
1638 1796 1692 1840 ut
1737 1789 1799 1841 sit
1842 1804 1928 1841 sa-

335 1869 484 1938 piens
507 1868 616 1940 (Ib.
641 1888 685 1926 υ.
721 1872 840 1944 18);
863 1881 916 1928 et
947 1890 1152 1942 rursus,
1184 1875 1446 1946 Scriptum
1476 1887 1568 1943 est,
1596 1877 1817 1932 Perdam
1842 1895 1925 1932 sa-

333 1961 580 2030 pientiam
608 1964 914 2034 sapientum,
945 1977 992 2020 et
1039 1968 1362 2038 prudentiam
1409 1971 1711 2040 prudentum
1744 1987 1924 2041 repro-

325 2050 466 2106 bubo
499 2053 576 2124 (Ι.
601 2054 720 2111 Cor.
746 2057 797 2110 1.
822 2056 1023 2127 l9);~et
1053 2074 1259 2126 rursus,
1291 2060 1542 2115 Dominus
1571 2063 1706 2115 novit
1735 2063 1926 2133 cogita-

323 2143 498 2198 tiones
522 2145 800 2212 hominum,
823 2149 1061 2219 quoniam
1088 2166 1231 2204 vana:
1249 2161 1364 2204 sunt
1394 2150 1467 2222 (1.
1498 2151 1616 2206 Cor.
1645 2153 1698 2207 5.
1729 2151 1847 2224 20).

407 2235 462 2289 6.
504 2238 580 2292 Ac
608 2238 864 2307 sapientia
893 2239 1105 2308 quidem
1133 2241 1385 2310 prmditos
1420 2241 1583 2296 fuisse
1612 2243 1919 2298 Corinthios

327 2340 399 2380 ex
445 2325 528 2380 his
564 2327 761 2395 liquet;
809 2343 902 2382 eos
931 2337 1108 2384 autem
1139 2331 1397 2399 Superbos
1438 2333 1595 2386 fuisse
1622 2342 1780 2402 atque
1810 2334 1926 2387 ani.

329 2419 440 2472 mis
467 2417 680 2471 inflatos
708 2432 775 2472 ex
815 2417 1004 2473 eadem
1041 2420 1264 2489 epistola
1294 2422 1632 2477 manifestum
1661 2432 1762 2477 est.
1791 2423 1924 2478 Cum

325 2507 480 2562 enim
505 2506 706 2576 uspiam
729 2522 849 2562 eum
871 2509 960 2578 qui
990 2509 1282 2565 fornicatus
1306 2522 1439 2578 erat,
1471 2513 1922 2583 reprehendisset,

329 2596 532 2666 adjecit
585 2596 768 2652 dicens
799 2614 814 2652 :
843 2598 911 2651 Et
959 2616 1046 2652 vos
1102 2600 1269 2670 inﬂati
1318 2603 1434 2656 estis
1486 2605 1560 2674 (1.
1603 2603 1725 2659 Cor.
1755 2605 1807 2659 5.
1839 2605 1919 2676 9).

333 2687 502 2742 Porro
531 2703 638 2756 pra:
667 2688 825 2743 nimia
855 2691 1156 2760 arrogantia
1189 2692 1326 2746 inter
1348 2707 1405 2747 se
1433 2694 1551 2748 illos
1581 2695 1923 2750 contendisse

332 2792 396 2832 ac
421 2777 659 2847 jurgatos
705 2793 825 2834 esse
872 2796 1058 2836 rursus
1106 2782 1376 2849 indicavit,
1419 2800 1540 2838 cum
1585 2785 1720 2839 dixit
1749 2803 1765 2840 :
1794 2785 1922 2841 Cum

330 2869 464 2922 enim
490 2873 552 2922 sit
581 2870 710 2923 inter
725 2885 812 2924 vos
837 2873 1108 2937 contentio,
1135 2883 1181 2926 et
1205 2875 1364 2940 zelus,
1397 2886 1442 2929 et
1481 2877 1721 2943 dissidia,
1759 2895 1924 2933 nonne

329 2961 559 3015 carnales
577 2962 716 3028 estis,
732 2972 778 3016 et
796 2964 1073 3017 secundum
1091 2964 1344 3020 hominem
1356 2968 1623 3022 ambulatis
1639 2970 1689 3039 (1
1703 3007 1717 3021 .
1731 2968 1849 3024 Cor.
1865 2970 1918 3024 5.

329 3051 431 3119 3)?
455 3051 708 3116 Quisnam
737 3062 914 3108 autem
942 3053 1043 3108 fuit
1082 3057 1440 3111 contentionis
1467 3058 1555 3113 ille
1599 3058 1832 3114 modus?
1862 3059 1919 3114 ln

330 3142 510 3196 varios
538 3157 596 3197 se
634 3152 872 3198 rectores
913 3159 977 3198 ac
1009 3145 1275 3216 principes
1300 3146 1626 3213 dividebant,
1656 3159 1816 3219 atque
1842 3149 1922 3204 id-

330 3233 476 3287 circo
514 3232 642 3287 dicit
670 3251 685 3288 :
717 3232 830 3288 Hoc
876 3245 1044 3288 autem
1085 3236 1218 3302 dico,
1269 3239 1403 3307 quod
1450 3241 1788 3311 unusquisque
1833 3257 1920 3294 ue-

326 3333 492 3379 strum
521 3323 662 3393 dicit,
709 3325 820 3397 Ego
872 3344 984 3382 sum
1032 3326 1211 3396 Pauli,
1263 3347 1353 3401 ego
1392 3341 1557 3385 autem
1585 3333 1790 3402 Apollo,
1827 3350 1920 3404 ego

326 3430 445 3470 ocra
471 3415 658 3486 (ἱερῆας
687 3417 762 3489 (1.
796 3417 917 3470 Cor.
949 3421 1000 3473 1.
1047 3419 1159 3490 12).
1195 3420 1322 3476 llaec
1358 3431 1534 3476 autem
1576 3422 1784 3479 dicebat
1812 3425 1920 3478 non

326 3507 472 3576 quod
511 3507 675 3563 Paulo
712 3519 766 3564 et
795 3508 989 3580 Cepha:
1017 3519 1071 3566 et
1116 3513 1303 3581 Apollo
1343 3529 1400 3568 se
1427 3515 1799 3583 attribuerent,
1824 3516 1918 3571 sed

327 3596 415 3650 his
444 3597 748 3653 nominibus
777 3599 1026 3670 obtegere
1054 3600 1224 3655 voluit
1258 3617 1372 3670 eos,
1397 3605 1485 3672 qui
1511 3605 1791 3660 seditionis
1819 3620 1914 3661 au-

324 3698 504 3744 ctores
525 3686 757 3755 fuerant,
789 3706 856 3744 ne
879 3691 923 3744 si
953 3706 1047 3746 eos
1066 3693 1448 3760 manifestaret,
1473 3697 1918 3754 contentiosiores

325 3788 488 3850 atque
527 3781 662 3836 adeo
689 3783 1108 3852 impudentiorcs
1132 3786 1400 3842 redderet.
1430 3788 1547 3844 Non
1574 3790 1716 3844 enim
1751 3791 1917 3847 Paulo

325 3882 383 3927 et
414 3872 570 3928 Petro
612 3882 668 3929 et
695 3875 886 3944 Apollo
911 3877 1114 3946 seipsos
1153 3878 1270 3931 illos
1301 3878 1629 3944 attribuisse,
1675 3881 1768 3935 sed
1796 3881 1916 3936 aliis

325 3963 668 4034 quibusdam,
713 3982 778 4021 ex
808 3967 892 4022 his
917 3984 1036 4038 qua:
1065 3979 1361 4039 sequuntur
1389 3970 1574 4039 liquet.
1613 3971 1744 4026 Cum
1773 3973 1913 4027 enim

325 4055 473 4126 ipsos
517 4066 735 4125 prepter
775 4057 874 4112 hoc
907 4059 1186 4114 dissidium
1224 4061 1555 4130 castigasset,
1599 4078 1784 4118 rursus
1818 4065 1916 4119 ad-

317 4147 497 4216 junxit
522 4147 706 4203 dicens
729 4167 744 4204 :
764 4147 892 4202 Hazc
919 4159 1103 4218 autem,
1136 4155 1339 4218 fratres,
1373 4155 1736 4225 transﬁgurari
1761 4157 1812 4210 in
1839 4175 1918 4213 me

324 4248 376 4292 et
404 4238 587 4310 Apollo
630 4251 839 4311 prapter
877 4258 983 4309 vos,
1036 4252 1090 4297 ut
1130 4245 1185 4298 in
1224 4247 1362 4300 vobis
1389 4246 1616 4315 discatis,
1662 4266 1725 4305 ue
1759 4268 1917 4323 supra

324 4348 478 4400 quam
510 4334 755 4404 scriptum
781 4343 853 4389 est
891 4337 1122 4406 sapiatis,
1156 4354 1220 4392 ne
1258 4355 1390 4393 unus
1428 4340 1671 4396 adversus
1699 4344 1915 4398 alterum

322 4426 531 4495 inﬂetur
559 4443 652 4496 pro
681 4427 784 4482 alio
814 4429 890 4500 (1.
922 4429 1040 4485 Cor.
1071 4431 1127 4486 4.
1157 4433 1233 4502 6).
1277 4432 1425 4487 Multi
1455 4435 1598 4490 enim
1643 4451 1708 4491 ex
1743 4438 1913 4507 impe-

322 4518 439 4572 ritis
469 4533 592 4574 cum
623 4535 730 4574 non
761 4531 979 4590 possent
1007 4539 1073 4579 ex
1117 4524 1428 4580 domesticis
1465 4528 1671 4582 meritis
1711 4529 1910 4596 efferri,

318 4623 498 4679 neque
523 4611 797 4679 proximos
816 4611 1063 4668 insectari
1089 4628 1153 4668 ac
1173 4613 1440 4680 mordere,
1470 4630 1591 4671 cum
1621 4617 1722 4673 sibi
1747 4633 1915 4689 quos-

318 4699 443 4756 dam
483 4702 753 4772 principes
781 4718 845 4758 ac
872 4713 1110 4760 rectores
1140 4705 1525 4776 praefecissem,
1559 4708 1770 4764 illorum
1801 4727 1915 4768 me-

321 4791 441 4844 ritis
479 4805 546 4846 ac
567 4793 852 4849 virtutibus
876 4793 944 4848 ad
975 4793 1168 4850 fastum
1195 4805 1250 4852 et
1287 4797 1625 4854 insolentiam
1654 4799 1914 4858 adversus

317 4881 453 4936 alios
490 4883 795 4950 utebantur,
819 4894 873 4941 et
893 4901 957 4942 ex
978 4901 1188 4954 eorum,
1211 4904 1241 4943 a
1262 4890 1454 4960 quibus
1477 4890 1651 4947 edocti
1679 4891 1909 4961 fuerant,

319 4971 588 5042 sapientia
636 4977 975 5032 occasionem
1025 4982 1343 5051 arrogantia:
1380 4983 1638 5037 adversus
1686 4993 1912 5040 caeteros

319 5065 653 5136 arripiebant
676 5085 689 5122 :
713 5069 853 5139 quod
875 5070 1068 5123 summi
1089 5079 1144 5125 et
1171 5072 1340 5126 insani
1359 5073 1541 5143 gloria:
1563 5076 1762 5130 amoris
1790 5077 1907 5142 luit,

322 5171 444 5212 cum
477 5159 512 5212 ii
540 5161 630 5230 qui
657 5162 886 5232 propriis
909 5163 1115 5217 meritis
1139 5163 1352 5234 gloriari
1383 5181 1486 5219 non
1510 5177 1744 5234 possent,
1780 5168 1915 5226 alio—

322 5265 444 5306 rum
483 5254 802 5322 excellentia
841 5255 906 5310 ad
936 5255 1268 5311 insolentiam
1293 5267 1766 5330 cantemptumqne
1805 5262 1909 5316 fra-

323 5351 465 5398 trum
505 5344 873 5402 abutercntur.
917 5347 1176 5416 Quoniam
1218 5349 1376 5420 igitur
1416 5358 1467 5404 et
1514 5351 1564 5403 in
1606 5351 1909 5420 superbiam

323 5437 448 5491 elati
473 5450 646 5504 erant,
669 5451 719 5494 et
742 5449 879 5495 inter
900 5457 956 5496 sc
978 5440 1324 5506 dissidebant,
1349 5443 1578 5514 atquein
1601 5445 1769 5498 varias
1789 5460 1912 5514 par-

325 5542 408 5584 tes
437 5535 640 5602 seipsos
683 5533 996 5598 diviserant,
1035 5543 1088 5588 et
1135 5545 1351 5604 propter
1377 5535 1672 5590 doctrinam
1711 5537 1908 5606 gloria-

327 5621 545 5693 bantur,
576 5634 839 5696 taiuquam
872 5625 1082 5696 prOpria
1104 5625 1242 5680 illam
1274 5626 1527 5683 industria
1561 5628 1660 5682 sibi
1687 5643 1902 5700 compa.

951 199 1020 257 ΙΝ
1056 200 1280 272 ILLUD,
1321 203 1591 263 PAULUS
1627 205 1964 266 VOCATUS.
2005 209 2096 267 ET
2129 210 2222 267 DE
2260 211 2519 269 MUTAT.
2559 213 2890 273 NOMINUM.
2933 216 3020 272 IV.

3526 221 3632 282 136

2046 331 2276 390 rassent,
2306 339 2482 395 neque
2519 325 2732 380 coelitus
2775 341 2839 382 ac
2873 326 3050 382 divina
3100 341 3165 383 ex
3195 327 3364 397 gratia
3396 330 3631 386 veritatis

2044 412 2290 484 dogmata
2330 416 2675 486 recepissent,
2714 418 2896 473 volens
2934 433 3118 473 eorum
3151 427 3415 473 tumorem
3454 435 3517 474 ac
3550 420 3632 474 fa-

2045 513 2186 558 stum
2226 505 2543 575 reprimere,
2579 508 2756 562 statim
2784 524 2812 561 a
2843 509 3106 579 principio
3135 509 3368 580 seipsum
3401 520 3630 564 vocatum

2041 595 2348 665 appellavit,
2381 596 2483 652 hoc
2505 599 2890 668 propemodum
2914 599 3099 655 dicens
3125 620 3138 656 :
3161 599 3216 656 Si
3246 614 3347 672 ego
3377 602 3632 671 magister

2041 686 2172 740 nihil
2224 704 2340 742 mea
2399 689 2657 744 industria
2703 690 2970 756 adinveui,
3007 707 3181 763 neque
3223 693 3370 764 prior
3410 693 3523 761 ipse
3566 692 3633 745 ad

2043 776 2208 831 Deum
2236 780 2461 846 accessi,
2499 781 2592 835 sed
2621 797 2740 836 cum
2773 791 2992 838 vocatus
3031 799 3226 848 essem,
3261 791 3371 838 tum
3411 782 3628 838 demum

2041 867 2183 923 dicto
2223 870 2444 926 audiens
2486 871 2578 936 fui,
2611 872 2877 942 quomodo
2904 889 2998 927 vos
3041 872 3306 944 discipuli,
3351 874 3548 944 quique
3597 890 3627 926 a

2039 975 2126 1015 me
2160 961 2407 1032 dogmata
2451 962 2753 1032 accepistis,
2797 965 3076 1034 superbire
3121 967 3362 1034 potestis,
3405 965 3628 1036 perinde

2039 1053 2187 1121 quasi
2213 1052 2495 1108 adiuventa
2525 1054 2640 1109 haec
2664 1070 2692 1107 a
2719 1055 2867 1109 vobis
2898 1056 3160 1111 fuissent?
3187 1057 3448 1124 Quocirca
3478 1058 3622 1126 prius

2037 1145 2196 1198 etiam
2225 1144 2431 1199 dicebat
2456 1145 2557 1201 illis
2585 1164 2598 1198 :
2629 1146 2753 1212 Quis
2783 1147 2912 1200 enim
2938 1157 2982 1200 te
3011 1148 3291 1202 discernit?
3313 1148 3435 1218 quid
3459 1160 3628 1202 autem

2038 1236 2207 1298 habes,
2253 1236 2390 1304 quod
2436 1253 2536 1290 non
2583 1238 2858 1306 accepisti?
2907 1237 2966 1292 Si
3004 1248 3172 1291 autem
3212 1239 3467 1310 accepisti,
3503 1237 3624 1308 quid

2036 1325 2293 1395 gloriaris,
2316 1327 2461 1395 quasi
2492 1343 2590 1380 non
2618 1329 2872 1396 acceperis
2905 1329 2980 1397 (I.
3006 1326 3123 1382 Cor.
3155 1329 3208 1382 4.
3242 1327 3337 1399 7)?

2108 1414 2286 1469 Prima
2317 1418 2397 1470 lea:
2426 1417 2742 1472 humilitatis.
2762 1449 2833 1458 ——
2852 1419 2994 1472 Nihil
3019 1420 3176 1489 igitur
3201 1419 3342 1474 aliud
3373 1430 3454 1476 est
3485 1420 3622 1477 istud

2035 1507 2348 1562 vocabulum
2386 1506 2622 1574 Vocatus,
2658 1509 2756 1564 nisi
2788 1510 3068 1580 disciplina
3109 1510 3424 1566 humilitatis
3454 1521 3508 1566 et
3537 1510 3619 1565 fa-

2034 1607 2148 1650 stus
2187 1597 2461 1668 depressio
2496 1610 2550 1654 et
2574 1601 2751 1654 omnis
2780 1603 3099 1672 arrogantia:
3143 1603 3414 1673 repressio
3445 1621 3458 1657 :
3485 1603 3618 1658 nihil

2033 1686 2176 1740 enim
2217 1695 2298 1741 est
2336 1688 2474 1757 quod
2504 1704 2603 1744 nos
2633 1685 2704 1743 ila
2733 1691 3010 1746 continere
3053 1707 3117 1746 ac
3146 1693 3400 1748 cohibere
3429 1693 3616 1762 possit,

2035 1786 2091 1830 ut
2121 1777 2410 1843 humilitas,
2440 1789 2491 1834 et
2524 1779 2800 1835 moderate
2840 1795 3019 1851 agere,
3050 1797 3112 1836 ac
3143 1781 3444 1836 modestum
3474 1797 3619 1844 esse.

2033 1866 2267 1937 nihilque
2296 1868 2364 1924 de
2391 1883 2450 1923 se
2475 1885 2721 1940 magnum
2744 1871 2924 1925 animo
2954 1871 3174 1942 ﬁngere.
3201 1871 3353 1939 Quod
3383 1881 3437 1927 et
3463 1873 3621 1927 Chri-

2033 1966 2146 2011 stus
2163 1959 2462 2029 intelligens
2487 1975 2549 2014 ac
2575 1961 2900 2030 Spiritualem
2927 1962 3069 2016 illam
3087 1961 3382 2016 doctrinam
3407 1963 3620 2018 tradere

2033 2047 2314 2119 incipiens,
2353 2065 2383 2103 a
2423 2049 2790 2106 cohortatione
2838 2051 2902 2105 ad
2951 2051 3303 2106 humilitatem
3341 2052 3486 2106 illam
3532 2053 3616 2106 in-

2030 2137 2270 2204 choavit,
2299 2147 2458 2209 atque
2485 2154 2546 2194 os
2585 2142 2831 2210 aperiens
2862 2143 3091 2211 primum
3132 2143 3251 2196 tulit
3277 2143 3413 2196 hanc
3440 2143 3614 2212 legem

2032 2230 2102 2284 ita
2138 2231 2322 2286 dicens
2352 2251 2364 2283 :
2393 2232 2535 2286 Beati
2560 2250 2804 2303 pauperes
2831 2234 3010 2304 spiritu
3036 2233 3249 2305 (Matth.
3282 2234 3334 2288 5.
3369 2235 3448 2304 ὅ).
3482 2234 3614 2290 Nam

2030 2322 2474 2392 quemadmodum
2522 2323 2566 2378 is
2610 2324 2700 2393 qui
2755 2340 2972 2394 magnas
3015 2334 3068 2379 et
3112 2325 3419 2394 magnilicas
3468 2324 3613 2379 mdes

2031 2412 2190 2468 fuerit
2215 2413 2590 2480 aedificaturus,
2613 2415 2935 2470 conveniens
2951 2415 3082 2485 jacit
3107 2414 3532 2480 fundamentum,
3557 2425 3615 2470 ut

2029 2520 2168 2570 e.uu,
2201 2521 2318 2576 qua:
2352 2517 2535 2576 postea
2566 2507 2889 2577 imponetur,
2915 2507 3110 2561 molem
3142 2509 3280 2561 ferre
3310 2508 3478 2578 pOSsil
3502 2524 3515 2560 :
3541 2507 3611 2561 ita

2032 2599 2280 2652 nimirum
2311 2600 2468 2654 etiam
2504 2599 2768 2666 Christus,
2802 2615 2922 2654 cum
2956 2599 3142 2670 ingens
3171 2599 3304 2653 illud
3327 2598 3610 2654 mdificium

2031 2687 2383 2758 philosophia:
2413 2689 2464 2743 in
2511 2689 2721 2744 illorum
2752 2689 3030 2744 animabus
3059 2690 3309 2760 erigeret,
3341 2697 3612 2760 tamquam

2029 2777 2455 2845 fundamentum,
2481 2788 2536 2834 et
2563 2782 2798 2836 carinam
2827 2790 2884 2835 et
2909 2781 3077 2835 basim
3109 2781 3315 2835 firmam
3343 2789 3396 2836 et
3422 2780 3616 2835 immo-

2025 2868 2211 2935 bilem,
2246 2871 2673 2926 cohortationcm
2726 2872 3038 2926 humilitatis
3077 2872 3227 2942 ponit
3265 2871 3446 2942 prius;
3489 2887 3610 2927 cum

2027 2961 2194 3031 probe
2216 2964 2442 3028 noverit,
2473 2971 2750 3032 postquam
2776 2963 2893 3018 hinc
2917 2963 2969 3017 in
3005 2963 3307 3017 auditorum
3343 2964 3615 3018 mentibus

2026 3051 2232 3108 radices
2270 3054 2461 3123 egerit,
2495 3053 2698 3122 reliqua
2735 3054 2914 3108 omnia
2941 3053 3195 3107 virtutum
3218 3068 3414 3123 genera
3442 3054 3612 3108 rediti-

2026 3147 2133 3200 cari
2167 3155 2280 3200 tuto
2318 3160 2496 3216 posse.
2529 3145 2596 3200 Ut
2640 3146 2798 3211 igitur
2827 3147 2871 3200 si
2913 3146 3028 3200 lucc
3056 3145 3305 3212 defuerit,
3338 3147 3462 3201 licet
3491 3147 3616 3201 reli-

2026 3251 2159 3306 quas
2187 3251 2374 3292 omnes
2400 3237 2623 3291 virtutes
2649 3237 2767 3306 quis
2788 3251 2950 3307 opere
2979 3235 3095 3306 ipso
3119 3235 3390 3301 exhibeat,
3416 3235 3612 3290 frustra

2025 3337 2080 3384 et
2106 3329 2372 3383 incassum
2398 3343 2462 3384 ac
2508 3328 2625 3383 sine
2655 3328 2763 3383 ullo
2793 3326 2965 3382 fructu
3005 3327 3215 3382 labores
3243 3327 3500 3396 suscepit,
3535 3327 3610 3381 illi

2027 3419 2340 3489 persimilis,
2393 3418 2484 3489 qui
2530 3418 2748 3473 domum
2797 3432 2947 3472 suam
2998 3433 3161 3487 super
3206 3431 3424 3472 arenam
3476 3429 3610 3472 con-

2024 3513 2239 3580 struxit,
2271 3513 2360 3584 qui
2394 3512 2632 3567 laborem
2662 3511 2874 3583 quidem
2900 3510 3207 3577 exantlavit,
3238 3518 3496 3581 quaestum
3516 3524 3612 3564 au-

2027 3615 2136 3662 tem
2161 3606 2362 3662 nullum
2388 3605 2534 3672 fecit,
2563 3614 2843 3675 propterea
2877 3602 3018 3674 quod
3049 3602 3258 3658 firmum
3286 3603 3608 3658 fundamen-

2027 3706 2137 3753 tum
2186 3697 2405 3752 minime
2437 3697 2568 3768 jecit
2609 3694 2823 3768 (Matth.
2874 3696 2927 3749 7.
2977 3695 3065 3749 Q6.
3097 3695 3232 3767 27):
3266 3696 3337 3750 ita
3375 3695 3614 3766 quiSquis

2023 3790 2226 3860 absque
2257 3790 2556 3844 humilitate
2588 3788 2798 3859 quidvis
2827 3787 2950 3842 boni
2979 3789 3200 3858 peragit,
3233 3791 3411 3843 omnia
3440 3789 3614 3859 perdit

2022 3896 2086 3936 ac
2108 3882 2350 3936 destruit.
2383 3880 2746 3936 Humilitatem
2776 3888 2953 3934 autem
2974 3879 3113 3944 dico,
3144 3895 3248 3934 non
3275 3895 3392 3934 eam
3413 3896 3532 3950 quzc
3554 3882 3608 3936 in

2021 3969 2218 4035 verbis,
2249 3985 2422 4039 neque
2446 3983 2564 4039 qua:
2607 3969 2658 4022 in
2705 3967 2902 4037 lingua,
2928 3965 3024 4022 sed
3057 3982 3177 4036 qua:
3219 3968 3271 4021 iu
3318 3977 3519 4034 mente,
3552 3969 3606 4024 in

2023 4061 2221 4126 anima,
2266 4060 2319 4113 in
2361 4057 2685 4114 conscientia
2717 4058 2816 4112 sita
2852 4066 2954 4123 est,
3003 4072 3160 4127 quam
3207 4056 3351 4111 solus
3383 4073 3608 4114 cernere

2024 4155 2164 4210 Deus
2195 4161 2387 4224 potest.
2419 4150 2624 4207 Sufficit
2650 4164 2811 4204 unum
2838 4148 2976 4204 istud
3008 4149 3227 4221 bonum,
3258 4149 3302 4204 si
3324 4149 3405 4204 vel
3434 4150 3605 4204 solum

2023 4261 2394 4318 smpenumero
2441 4253 2716 4314 appareat,
2759 4252 2815 4298 ut
2855 4245 3140 4314 propitium
3186 4244 3351 4298 Deum
3397 4241 3605 4298 reddat.

2023 4341 2198 4412 Atque
2238 4339 2341 4393 hoc
2370 4337 2680 4408 publicanus
2698 4336 2973 4391 ostendit:
3002 4335 3090 4405 qui
3132 4350 3253 4390 cum
3286 4334 3408 4390 boni
3439 4335 3602 4391 habe-

2023 4442 2105 4487 ret
2144 4431 2294 4494 nihil,
2335 4444 2507 4500 neque
2555 4439 2701 4482 recte
2741 4426 2893 4480 factis
2938 4425 3156 4495 insignis
3196 4435 3378 4494 posset
3411 4425 3601 4493 videri,

2021 4538 2141 4578 cum
2171 4521 2511 4576 solummodo
2552 4519 2800 4584 dixisset,
2835 4515 3100 4586 Pmpitius
3127 4527 3230 4571 esto
3272 4518 3395 4570 mihi
3424 4534 3600 4588 pecca-

2022 4613 2119 4668 tori
2149 4611 2299 4686 (Luc.
2329 4612 2416 4667 18.
2445 4612 2558 4682 15),
2591 4610 2768 4679 potius
2787 4624 2946 4680 quam
2970 4608 3604 4679 Pharisazusjustilicatus

2021 4704 2317 4769 descendit,
2352 4702 2563 4756 tametsi
2603 4716 2711 4756 non
2751 4701 3065 4756 humilitatis
3105 4710 3260 4756 erant
3304 4701 3389 4756 illa
3418 4703 3602 4770 verba,

2020 4795 2114 4852 sed
2142 4795 2416 4851 modestia:
2450 4801 2504 4848 et
2533 4793 2798 4863 :equitatis
2829 4801 3053 4847 tantum.
3083 4792 3354 4862 Siquidem
3385 4792 3604 4848 humili-

2022 4888 2146 4942 tatis
2176 4895 2279 4950 est,
2310 4900 2430 4939 cum
2462 4883 2580 4954 quis
2626 4896 2934 4953 magnarum
2965 4897 2996 4936 a
3041 4898 3100 4937 se
3127 4893 3394 4952 gestarum
3423 4899 3601 4938 rerum

2019 4982 2268 5038 conscius
2311 4979 2442 5034 nihil
2469 4978 2538 5033 de
2583 4993 2642 5032 se
2673 4974 3011 5047 magnificum
3056 4977 3238 5030 animo
3265 4977 3413 5046 fingit
3442 4993 3455 5029 :
3481 4989 3599 5029 mo-

2018 5075 2188 5130 destia
2217 5087 2345 5126 vero
2373 5079 2426 5125 et
2445 5069 2688 5140 mquitas,
2716 5067 2924 5131 cumis,
2949 5066 3037 5136 qui
3065 5075 3310 5136 peccator
3331 5075 3431 5128 est,
3461 5065 3600 5118 istud

2021 5169 2192 5238 ipsum
2215 5163 2430 5218 fatetur.
2454 5162 2604 5230 Quod
2636 5162 2678 5215 si
2712 5161 2777 5226 is,
2809 5160 2896 5230 qui
2930 5159 3058 5212 nihil
3088 5174 3116 5211 a
3147 5174 3205 5212 se
3236 5157 3357 5212 boui
3385 5166 3592 5227 gestum

2020 5267 2260 5320 noverat,
2288 5243 2538 5328 quoniam
2573 5254 2624 5309 id
2652 5253 2793 5324 quod
2823 5261 2938 5307 erat
2976 5248 3251 5306 confessus
3275 5258 3373 5312 est,
3401 5250 3470 5302 ita
3497 5249 3595 5302 sibi

2020 5351 2112 5406 Dei
2155 5347 2575 5403 benevolentiam
2617 5343 2954 5400 conciliavit:
2986 5351 3237 5413 quautam
3291 5339 3429 5410 apud
3470 5355 3592 5393 eum

2017 5441 2260 5496 fiduciam
2311 5436 2630 5493 obtinebunt
2669 5436 2726 5502 ii,
2758 5435 2848 5505 qui
2874 5449 2993 5489 eum
3035 5431 3198 5486 multa
3237 5444 3333 5484 sua
3379 5440 3599 5499 possent

2015 5544 2438 5590 commemorare
2486 5525 2741 5599 prmelara
2790 5525 3043 5588 facinora,
3088 5521 3303 5575 illorum
3355 5519 3595 5576 onmium

2021 5623 2170 5681 obliti
2224 5637 2343 5680 sese
2400 5621 2452 5676 in
2509 5631 2788 5676 numerum
2828 5613 3106 5684 rejecerint
3162 5613 3598 5684 postremoruntl
