4096 6222
454 209 561 266 155

446 347 609 420 Quod
638 347 819 419 utique
847 344 1049 402 i’auius
1093 357 1306 414 quoque
1345 340 1469 397 fecit
1500 357 1514 396 :
1542 353 1665 396 cum
1694 338 1840 394 enim
1865 338 2042 408 justo-

455 456 574 496 rum
602 439 840 494 omnium
869 437 1071 507 primus
1099 443 1264 496 esset,
1302 432 1531 503 primum
1574 445 1636 488 se
1673 444 1794 485 esse
1832 429 2046 486 dicebat

449 538 797 603 peccatorum
841 527 918 600 (i.
954 526 1088 580 Tim.
1116 524 1327 596 1.15);
1373 538 1548 594 neque
1593 520 1804 577 dicebat
1847 520 2044 585 solum,

457 622 551 677 sed
596 628 652 677 et
675 619 948 685 credebat,
980 633 1101 674 cum
1128 632 1156 670 a
1206 624 1542 686 praeceptore
1560 613 1868 680 didicisset,
1899 622 2048 684 post-

457 728 616 783 quam
639 711 818 766 omnia
842 708 1142 773 fecerimus,
1169 707 1366 782 debere
1381 721 1486 762 nos
1505 720 1692 762 servos
1713 705 1924 760 inutiles
1950 719 2048 760 nos

459 820 653 858 vocare
672 801 830 875 .(Luc.
863 803 949 856 i7.
989 801 1098 871 10).
1128 800 1272 856 istud
1303 809 1387 854 est
1413 798 1705 865 humilitas,
1733 797 1892 853 istum
1923 797 2042 851 imi-

453 894 647 950 temini
693 895 784 965 qui
832 905 977 950 recte
1027 893 1181 948 factis
1228 891 1465 962 insignes
1509 891 1661 956 estis,
1696 889 2045 961 publicanum

455 1002 585 1044 vero
611 987 707 1043 vos
735 989 825 1059 qui
872 995 1208 1058 peccatorum
1247 984 1389 1055 pleni
1419 983 1583 1038 estis:
1606 990 1661 1036 et
1693 980 2049 1036 confiteantur

455 1081 600 1152 quod
645 1095 857 1144 sumus,
897 1078 1259 1149 percutiamus
1288 1084 1494 1146 pectus,
1529 1082 1585 1129 et
1631 1073 1796 1128 menti
1849 1081 2049 1127 nostra:

453 1173 896 1242 persuadeamus,
927 1179 994 1226 ut
1027 1169 1159 1224 nihil
1203 1182 1452 1239 magnum
1489 1165 1556 1221 de
1595 1163 1965 1233 seeoncipiat.
1991 1161 2048 1218 Si

448 1267 598 1318 enim
640 1264 712 1318 ita
738 1263 997 1317 fuerimus
1022 1260 1221 1327 allecti,
1251 1258 1449 1314 sufficit
1479 1258 1580 1312 hoc
1610 1256 1765 1312 nobis
1803 1254 1868 1310 ad
1897 1255 2048 1309 obla-

448 1357 653 1412 tionem
673 1366 727 1411 et
749 1355 1072 1410 sacrificium
1097 1370 1113 1408 :
1145 1355 1281 1409 sicut
1309 1361 1366 1408 et
1390 1351 1554 1407 David
1585 1349 1795 1406 dicebat
1817 1367 1837 1404 .:
1870 1349 2048 1404 Sacri-

441 1445 627 1509 ﬁcium
656 1447 761 1501 Deo
787 1447 994 1518 spiritus
1023 1446 1434 1508 contribulatus;
1459 1459 1546 1496 cor
1572 1441 1844 1495 contritum
1871 1449 1919 1494 et
1954 1441 2050 1494 Itu-

453 1542 705 1596 rniliatum
733 1539 872 1595 Deus
901 1557 1002 1594 non
1029 1539 1269 1610 despiciet
1305 1535 1478 1610 (Psal.
1508 1535 1598 1592 50.
1630 1533 1740 1604 19).
1775 1532 1890 1588 Non
1913 1532 2048 1588 sim-

455 1635 666 1706 pliciter
703 1635 844 1689 dixit
885 1635 1207 1688 Ituntiliatum
1235 1674 1251 1698 ,
1297 1631 1392 1686 sed
1445 1640 1500 1686 et
1553 1631 1862 1693 contritum;
1900 1626 2045 1698 quod

458 1726 604 1781 enim
653 1737 736 1780 est
783 1727 1093 1789 centritutn,
1143 1723 1479 1779 confractum
1525 1729 1649 1777 est:
1686 1734 1859 1790 neque
1905 1718 2050 1774 enim

455 1825 656 1887 potest,
701 1816 1048 1886 quantumvis
1087 1816 1284 1884 cupiat,
1333 1813 1533 1870 ell‘erri.
1570 1812 1648 1868 ita
1694 1827 1791 1868 nos
1837 1825 2052 1882 quoque

458 1923 569 1964 non
591 1908 932 1965 bomiliemus
959 1919 1163 1966 tantum
1194 1909 1427 1963 animant
1452 1915 1717 1972 nostram,
1742 1904 1838 1962 sed
1866 1916 2050 1961 conte-

1180 207 1241 264 S.
1280 201 1559 263 JOANNIS
1595 199 2074 260 CliR’lSOSTOMi
2113 201 2437 261 ARClilE‘P.
2475 205 3018 263 CONSTANTINOP.

1948 2107 2276 2116 *θ’

3651 213 3748 268 136

2145 353 2334 392 ramus
2377 336 2537 392 etiam
2581 346 2636 393 et
2685 353 3107 409 compungamus
3140 340 3483 402 :conteritur
3530 352 3748 409 autem,

2153 432 2278 485 dum
2309 445 2525 486 suorum
2557 441 2814 502 perpetuo
2845 441 3190 503 peccatorum
3223 432 3558 489 recordatur.
3586 433 3645 488 Si
3679 436 3750 493 ita

2143 523 2296 578 illam
2332 522 2808 588 ltumiiiaverimus,
2846 538 2913 578 ne
2954 523 3000 578 si
3029 523 3157 578 velit
3201 523 3417 594 quidem
3468 525 3521 579 in
3553 540 3742 596 super~

2151 616 2293 670 binm
2320 617 2449 688 erigi
2483 617 2697 687 poterit,
2726 617 2852 672 dum
2879 632 2908 671 a
2938 617 3263 673 conscientia
3298 626 3566 689 tamquam
3593 619 3751 676 freno

2145 707 2384 778 quodam
2429 720 2698 777 correpta,
2745 723 2813 762 ne
2851 724 2910 762 se
2952 709 3147 778 erigat,
3193 709 3535 780 reprimetur,
3576 720 3630 768 et
3679 713 3748 767 ad

2153 801 2472 857 modestiam
2516 802 2832 880 servandam
2877 802 2928 856 iu
2971 802 3220 857 omnibus
3249 803 3624 872 compelletur.
3669 805 3745 860 ita

2147 895 2448 966 poterimus
2485 902 2539 948 et
2582 895 2721 965 apud
2765 885 2938 948 Deum
2967 893 3197 964 gratiam
3230 894 3470 950 invenire
3499 913 3512 949 :
3544 895 3751 963 Quanto

2153 988 2294 1043 enim
2333 989 2500 1060 major
2534 1003 2607 1052 es,
2643 987 2830 1057 inquit,
2877 996 3018 1040 tanto
3060 988 3220 1058 magis
3248 988 3462 1059 teipsum
3509 988 3746 1056 humilia,

2153 1088 2200 1133 et
2226 1080 2446 1133 invenies
2480 1078 2699 1150 gratiam
2739 1077 2881 1148 apud
2917 1077 3086 1132 Deum
3113 1078 3298 1151 (Ecdi.
3337 1081 3392 1135 5.
3423 1077 3540 1153 20).
3573 1081 3744 1138 Porro

2155 1173 2242 1243 qui
2270 1173 2490 1242 gratiam
2518 1171 2659 1242 apud
2689 1172 2853 1226 Deum
2884 1171 3173 1246 invenerit,
3223 1172 3356 1227 nihil
3395 1175 3591 1230 sentiet
3627 1190 3746 1231 mo-

2155 1264 2348 1330 lestiae,
2379 1263 2474 1320 sed
2503 1273 2558 1319 et
2587 1264 2640 1318 in
2671 1263 2772 1318 hac
2795 1264 2902 1316 vita
2925 1263 3128 1333 poterit
3155 1278 3276 1318 eum
3306 1264 3399 1318 Dei
3419 1266 3589 1336 gratia
3613 1281 3748 1322 cun-

2155 1364 2242 1410 cta
2276 1355 2362 1408 illa
2412 1354 2637 1409 adversa
2686 1353 2843 1410 facile
2881 1354 3229 1424 pertransirc,
3275 1369 3338 1409 ac
3383 1356 3650 1424 repositas
3692 1357 3746 1412 in

2155 1445 2320 1500 altera
2351 1445 2456 1498 vita
2489 1445 2859 1515 peccatoribus
2900 1460 3088 1515 poenas
3129 1445 3386 1515 effugere,
3417 1447 3750 1516 praecedente
3826 1468 3834 1475 ·

2158 1538 2352 1606 ubique
2393 1537 2561 1608 gratia
2591 1538 2705 1603 Dei,
2749 1546 2803 1592 et
2849 1537 3028 1592 omnia
3073 1537 3146 1591 illi
3175 1537 3403 1607 propitia
3446 1548 3500 1594 et
3538 1539 3744 1610 placida

2157 1631 2417 1688 reddente
2450 1647 2463 1684 :
2491 1645 2648 1699 quam
2674 1631 2880 1685 utinam
2909 1644 3100 1684 omnes
3124 1629 3371 1685 obtinere
3399 1631 3665 1699 possimus
3695 1632 3750 1686 in

2148 1721 2370 1776 Christo
2395 1720 2525 1776 .iesu
2556 1721 2782 1776 Domino
2831 1729 3041 1784 nostro,
3086 1735 3183 1790 per
3209 1734 3366 1791 quem
3392 1729 3450 1775 et
3486 1735 3608 1776 cum
3637 1736 3746 1792 quo

2161 1813 2304 1867 Patri
2332 1813 2526 1882 gloria,
2557 1828 2659 1867 una
2704 1827 2824 1867 cum
2854 1822 3039 1866 ωηιξῑο
3074 1810 3296 1882 Spiritu,
3331 1827 3470 1868 nunc
3496 1821 3554 1870 et.
3594 1827 3744 1868 sem—

2156 1918 2277 1975 per,
2297 1905 2435 1960 etin
2465 1904 2661 1959 szccula
2689 1902 3030 1958 stimulorum.
3063 1903 3257 1958 Amen.

3246 2100 3283 2104 ..
3306 2089 3675 2104 —--——..——o..-—-

2315 2107 2424 2112 ...α
2440 2108 2454 2111 ..
2487 2103 2652 2111 ,γρ-...-

1919 2324 2281 2389 MONITUM

571 2511 786 2572 Nullam
819 2516 935 2571 haec
973 2515 1164 2572 concio
1194 2529 1306 2587 prae
1338 2530 1396 2570 se
1431 2514 1534 2569 fert
1567 2514 1825 2584 temporis
1863 2521 2067 2576 notam,
2097 2525 2205 2580 qua
2241 2507 2325 2563 vel
2352 2521 2528 2562 annus
2545 2503 2880 2575 deprehendi
2907 2501 2990 2557 vel
3016 2497 3313 2555 internosci
3338 2495 3517 2552 valeat
3542 2491 3726 2548 Antio.

502 2633 711 2688 ebitene
772 2647 840 2688 an
873 2631 1346 2704 Constantinopoli
1373 2631 1558 2686 habita
1583 2629 1772 2687 fuerit.
1803 2629 2067 2684 Caeterum
2096 2641 2286 2683 omnes
2315 2625 2442 2697 styli
2470 2633 2611 2679 notae
2647 2622 2736 2678 hic
2773 2620 3229 2691 Cbrysostomum
3267 2623 3543 2670 auctorem
3589 2608 3737 2666 desi-

505 2749 707 2814 gnant;
742 2749 803 2798 ut
840 2742 1038 2798 mirum
1070 2743 1142 2798 sit
1172 2742 1354 2798 virum
1382 2740 1604 2796 doctum
1629 2749 1684 2796 et
1714 2750 2032 2796 accuratum
2069 2737 2444 2794 Hermantium
2485 2751 2605 2792 eam
2650 2734 2705 2788 in
2745 2731 2957 2796 νοθείας
2992 2729 3362 2803 suspicionem
3400 2738 3598 2782 vocare
3627 2737 3741 2778 non

509 2851 870 2922 dubitavisse,
903 2868 1063 2924 quem
1098 2852 1220 2908 ideo
1241 2847 1366 2923 jure
1394 2849 1590 2908 refellit
1612 2849 2014 2915 Tiilemontius,
2044 2857 2100 2904 et
2126 2848 2250 2917 styli
2269 2847 2597 2918 proprietate
2624 2850 2907 2912 permotus
2931 2850 2986 2896 et
3009 2838 3254 2909 Cataiogi
3281 2835 3582 2909 Augustam
3614 2847 3742 2905 per-

471 3073 689 3087 ’ἓξ

464 3163 532 3208 I.‘
576 3167 816 3211 DICTUM
847 3170 1034 3211 ILLUD
1061 3168 1384 3224 APOSTOLI,
1430 3165 1555 3208 NON
1585 3164 1787 3208 SOLUM
1818 3162 2057 3213 ΔῸἹῈΜ,

2162 3160 2224 3201 ω
2267 3160 2348 3202 Εἰ·
2389 3158 2761 3203 αιοιιιΔΜυιι
2804 3157 2870 3200 IN
2898 3157 3493 3214 TIHBULATIONIBUS,
3540 3158 3768 3202 SCIEN-

799 3270 911 3312 res
933 3270 1108 3323 quon
1150 3266 1536 3312 TRIBULATIO
1577 3263 1967 3309 PATIENTIAM
2011 3260 2349 3304 essanun
2385 3240 2403 3321 (
2435 3241 2614 3302 Rom.
2660 3240 2720 3300 5.
2753 3240 2869 3320 3),
2917 3259 2998 3302 ET
3041 3259 3316 3312 nauem
3347 3240 3458 3321 (a).

1907 3387 2322 3442 οθῶεαᾱὶέο

547 3521 601 3576 Ι.
641 3519 862 3573 Labores
892 3535 985 3589 pro
1013 3518 1196 3572 virtute
1215 3515 1481 3572 subeundi.
1513 3544 1584 3556 --
1607 3513 1958 3570 Laboriosum
1980 3519 2065 3566 est

476 3609 691 3682 quidem
732 3610 982 3679 agricola:
1020 3609 1184 3664 boves
1219 3611 1466 3679 jungere,
1505 3619 1780 3661 vomerem
1824 3603 2059 3668 trahere,

474 3700 684 3755 sulcum
709 3700 925 3764 ducere,
957 3700 1158 3755 semina
1198 3715 1472 3772 spargere,
1506 3698 1753 3770 ltyemem
1767 3695 1927 3762 ferre,
1972 3695 2064 3751 fri-

475 3809 573 3864 gus
599 3793 848 3860 tolerare,
882 3791 1077 3848 fossam
1098 3792 1522 3857 circumducere,
1547 3791 1881 3862 ingruentem
1901 3803 2065 3860 aqua-

479 3901 596 3940 rum
631 3885 840 3956 cepiam
870 3900 900 3940 a
949 3887 1080 3941 satis
1107 3901 1314 3952 arcere,
1350 3884 1628 3940 ﬂuminum
1661 3886 1802 3955 ripas
1845 3883 2064 3939 altiores

476 3975 721 4046 reddere,
771 3992 834 4033 ac
865 3993 958 4046 per
983 3978 1215 4033 medium
1246 3990 1432 4049 agrum
1473 3977 1848 4050 profundiores
1890 3976 2066 4030 sulcos

477 4069 716 4126 ducere:
751 4069 844 4125 sed
885 4073 999 4125 haec
1040 4085 1286 4140 operosa,
1315 4086 1539 4142 quaeque
1579 4070 1746 4125 multo
1777 4070 1958 4125 labore
1997 4069 2066 4123 il-

477 4162 590 4218 lum
613 4161 852 4233 fatigant,
883 4161 1016 4216 levia
1043 4162 1175 4217 fiunt
1215 4177 1279 4217 ac
1316 4161 1511 4230 facilia,
1542 4162 1669 4216 dum
1711 4177 1806 4232 spe
1834 4159 2067 4230 concipit

479 4242 714 4326 segetem
761 4263 1076 4311 vernantem
1121 4254 1376 4326 agricola,
1423 4254 1612 4310 falcem
1658 4265 1958 4321 cxacutam,
2002 4269 2066 4309 ac

477 4349 736 4419 repletam
788 4348 1074 4418 manipulis
1114 4363 1292 4404 aream
1329 4355 1382 4402 et
1425 4346 1600 4417 fruges
1643 4353 1900 4410 maturas,
1948 4359 2066 4416 quae

483 4439 647 4494 multa
679 4453 800 4498 cum
848 4439 1028 4494 iwliti‘a
1054 4438 1270 4494 domum
1297 4436 1628 4495 deferuntur.
1658 4436 1748 4492 Sic
1791 4445 1844 4492 et
1867 4437 2065 4507 guber-

483 4539 636 4585 nator
662 4532 819 4586 saevis
847 4529 1099 4586 audacter
1144 4545 1203 4586 se
1246 4528 1493 4585 fluctibus
1519 4528 1821 4594 committit,
1866 4538 2069 4598 tempe-

479 4633 669 4678 statem
715 4631 770 4678 et
798 4622 982 4678 furens
1013 4623 1225 4694 pelagus
1250 4637 1394 4692 smpe
1421 4621 1736 4688 contemnit,
1774 4631 1962 4676 ventos
1989 4620 2070 4676 itt-

480 4715 721 4781 stabilcs,
751 4717 984 4770 marinas
1012 4717 1294 4787 procellas,
1327 4725 1381 4771 et
1401 4717 1583 4786 longas
1613 4715 2068 4788 peregrinationes

481 4808 620 4862 ferre
646 4807 812 4871 novit,
844 4822 964 4863 cum
989 4808 1228 4864 sarcinas
1265 4809 1521 4866 mercium
1549 4823 1731 4864 secum
1778 4816 1986 4880 reputat
2013 4817 2067 4862 ct

469 4899 857 4972 negotiationis
884 4909 1090 4972 portus,
1120 4909 1176 4956 et
1204 4900 1494 4957 immensas
1533 4914 1663 4972 opes
1692 4900 1814 4956 inde
1848 4915 2066 4970 compa-

462 5009 485 5045 r
509 4992 676 5048 audas
699 4992 955 5048 intuetur.
983 4992 1092 5049 Nec
1111 4993 1266 5048 aliter
1294 4993 1446 5048 miles
1475 4992 1577 5047 fert
1604 4993 1842 5059 vulnera,
1866 4993 2070 5062 jacniu-

481 5100 600 5138 rum
625 5084 1051 5156 nubemexcipit,
1081 5087 1274 5139 famem
1306 5085 1516 5150 tolerat,
1547 5085 1728 5157 frigus,
1760 5087 1944 5156 longas
1975 5101 2070 5157 pc-

483 5178 890 5250 regrinationes,
943 5186 999 5234 et
1047 5177 1100 5233 iu
1147 5179 1263 5234 acie
1313 5177 1588 5234 subeunda
1644 5178 1897 5250 pericula,
1941 5177 2067 5232 dum

442 5259 446 5264 ’
485 5281 707 5342 tropma,
749 5269 1022 5334 victorias,
1076 5280 1132 5326 et
1177 5284 1404 5326 coronas
1442 5284 1624 5325 secum
1674 5278 1906 5340 reputat,
1947 5284 2068 5340 quae

481 5365 605 5421 inde
636 5367 930 5436 pariuntur.
967 5365 1044 5420 Ad
1090 5365 1217 5436 quid
1265 5375 1442 5421 autem
1478 5363 1594 5421 hate
1622 5363 2066 5420 commemoravi-

483 5475 622 5526 mus,
655 5470 747 5517 aut
779 5461 905 5533 quid
935 5461 1048 5517 lucc
1083 5461 1324 5531 exempla
1353 5460 1453 5515 sibi
1485 5459 1706 5514 volunt?
1750 5458 1886 5514 liinc
1915 5456 2070 5512 nimi-

484 5565 604 5604 rum
630 5553 966 5609 occasionem
1009 5554 1248 5623 arripere
1282 5551 1480 5622 placuit
1517 5564 1613 5605 vos
1639 5549 1707 5603 ad
1746 5547 2066 5604 audiendum

543 5641 616 5698 (at
641 5641 812 5693 'Jollata
827 5657 936 5692 cunt
956 5650 1059 5695 Mss.
1086 5645 1231 5704 Regio
1253 5644 1395 5702 2315,
1422 5640 1762 5692 etCoibertino
1781 5641 1857 5691 ιθ.

2169 3503 2510 3568 cohortandi,
2540 3513 2700 3574 atque
2741 3505 2809 3558 ad
2854 3504 3067 3561 labores
3107 3519 3202 3576 pro
3227 3504 3421 3561 virtute
3458 3504 3765 3562 subeundos

2177 3597 2453 3653 incitandi.
2487 3597 2618 3652 Nam
2660 3599 2703 3652 si
2738 3609 2956 3668 propter
2992 3612 3141 3668 Spem
3169 3596 3490 3664 futurorum,
3515 3598 3674 3670 idque
3704 3610 3765 3655 ut

2170 3705 2358 3744 eorum
2383 3689 2579 3761 aliquis
2606 3705 2670 3746 ea
2700 3689 2839 3745 bona
2871 3689 3124 3760 consequi
3148 3689 3334 3760 possit,
3368 3705 3489 3761 qua:
3509 3707 3629 3746 cum
3662 3690 3764 3746 hac

2171 3781 2278 3836 vita
2319 3782 2594 3848 liniuntur,
2643 3780 2759 3837 hcce
2803 3781 2877 3836 illi
2923 3782 3206 3847 sustinent,
3253 3782 3423 3837 multo
3461 3782 3629 3852 magis
3668 3795 3766 3837 vos

2171 3882 2382 3944 Oportet
2433 3875 2485 3928 in
2539 3873 2804 3929 audiendo
2841 3888 3208 3943 perseverare,
3268 3883 3326 3929 ut
3373 3874 3634 3946 spirituali
3667 3873 3768 3930 do-

2172 3964 2342 4020 ctrina
2387 3964 2720 4032 imbuamini,
2761 3978 2824 4019 ac
2851 3973 2946 4035 pro
2971 3965 3076 4019 vita
3101 3975 3300 4020 :eterua
3343 3979 3571 4034 pugnam
3602 3980 3768 4035 gene-

2170 4070 2296 4111 rose
2340 4055 2669 4125 sudoresque
2718 4055 2968 4110 tolerare.
3008 4053 3141 4110 Nam
3175 4055 3389 4110 illorum
3429 4055 3642 4125 quidem
3675 4056 3764 4109 in-

2172 4156 2319 4202 certa
2349 4161 2471 4216 spes
2515 4155 2598 4202 est
2624 4138 2688 4201 ac
2717 4147 3058 4216 temporaria,
3091 4156 3144 4203 et
3185 4148 3481 4218 saepedum
3524 4149 3636 4204 sola
3665 4163 3764 4202 ex-

2173 4238 2505 4309 spectatione
2535 4237 2818 4304 iactantur,
2861 4238 3032 4292 vitam
3070 4238 3279 4305 finiunt,
3325 4253 3421 4309 3pc
3449 4239 3662 4310 quidem
3706 4253 3766 4294 se

2171 4329 2524 4394 obiectantes,
2549 4328 2642 4383 sed
2668 4329 2826 4383 rebus
2849 4329 3225 4399 ipsisnecdtnn
3249 4330 3762 4400 appropinquantes,

2175 4422 2385 4478 tametsi
2417 4437 2610 4493 graves
2635 4423 2755 4477 illas
2780 4422 3122 4478 difﬁcultates
3141 4421 3486 4477 exautiarint.
3517 4417 3764 4491 Exempli

2172 4529 2351 4580 causa,
2383 4525 2504 4585 post
2541 4516 2737 4569 multos
2763 4514 2886 4569 illos
2917 4514 3128 4569 labores
3173 4527 3236 4568 ac
3276 4513 3501 4568 sudores
3530 4513 3763 4583 agricola

2173 4621 2595 4677 nonnumquam,
2628 4605 2754 4660 dum
2777 4605 3223 4671 falcem-exacuit,
3254 4617 3310 4661 et
3335 4606 3402 4660 ad
3444 4619 3674 4660 messem
3705 4618 3764 4660 se

2173 4706 2471 4769 comparat,
2501 4698 2582 4752 vel
2607 4697 2845 4752 immissa
2876 4697 3130 4766 aerugine,
3161 4697 3240 4751 vel
3272 4698 3596 4752 locustarum
3627 4695 3766 4750 mul-

2176 4793 2422 4859 titudine',
2450 4792 2534 4846 vel
2563 4789 2844 4846 immodica
2874 4791 3050 4861 pluvia
3079 4791 3367 4857 incidente,
3399 4793 3484 4847 vel
3499 4792 3601 4846 alia
3622 4803 3757 4862 qua-

2174 4886 2316 4956 piam
2341 4885 2622 4955 importata
2643 4884 2946 4940 calamitate
2971 4899 3036 4940 ex
3058 4886 3197 4940 aeris
3225 4884 3561 4954 intemperie,
3587 4884 3768 4939 vacuis

2176 4979 2423 5034 manibus
2435 4978 2648 5032 domum
2677 4976 2982 5041 revertitur,
3012 4986 3290 5047 postquam
3315 4975 3526 5031 labores
3553 4975 3765 5046 quidem

2175 5072 2450 5138 sustinuit,
2481 5071 2575 5126 sed
2603 5071 2841 5142 speratis
2881 5069 3120 5142 frugibus
3150 5067 3365 5124 excidit.
3398 5069 3519 5123 Pari
3561 5069 3766 5124 ratione

2175 5166 2501 5237 gubernator
2552 5162 2679 5217 dum
2721 5162 2977 5216 mercium
3023 5161 3178 5231 cepia
3227 5160 3458 5225 laetatur,
3516 5159 3766 5231 expansis

2177 5271 2366 5329 magna
2407 5271 2528 5314 cum
2555 5257 2826 5327 voluptate
2862 5255 2993 5310 velis
3020 5268 3141 5309 cum
3188 5253 3352 5308 multa
3398 5252 3566 5311 maria
3610 5251 3768 5308 fuerit

2176 5365 2447 5415 emensus,
2479 5349 2530 5403 in
2563 5348 2678 5417 ipso
2708 5359 2946 5417 persmpe
2973 5354 3156 5417 pertus
3189 5345 3434 5417 ingressu
3462 5344 3545 5400 vel
3574 5353 3760 5398 occurs

2174 5452 2326 5500 rente
2342 5457 2476 5513 rupe
2503 5442 2586 5497 vel
2607 5442 2672 5497 ad
2691 5455 2878 5496 saxum
2908 5441 2960 5496 in
2989 5440 3124 5496 mari
3157 5440 3330 5496 latens
3355 5447 3450 5494 aut
3474 5436 3541 5492 ad
3571 5451 3769 5508 scopua

2177 5537 2285 5591 lum
2313 5536 2543 5608 aliquem
2572 5535 2723 5589 allisa
2760 5533 2903 5600 navi,
2933 5547 2996 5588 ac
3034 5533 3310 5604 inopinato
3338 5529 3604 5601 ejusmodi
3633 5543 3768 5585 casu

2078 5641 2085 5649 '
2179 5630 2475 5702 perculsus,
2504 5628 2708 5685 cunctis
2735 5627 3000 5684 mercibus
3020 5625 3255 5696 amissis,
3295 5633 3416 5697 post
3443 5624 3649 5680 infinita
3679 5622 3772 5677 illa
