4096 6222
343 275 442 330 157

345 385 576 454 pericula
607 383 692 439 vis
722 383 870 437 salvo
898 397 1124 452 corpore
1153 382 1324 438 nudus
1351 384 1546 440 evadit.
1572 383 1659 439 Sic
1686 394 1741 438 et
1774 383 1927 438 miles

340 485 617 546 postquam
647 473 942 528 innumeris
969 475 1112 543 sepe
1132 474 1386 544 pugnavit
1414 476 1466 528 in
1491 475 1708 544 prteliis,
1741 471 1925 528 adver-

337 568 508 620 sarios
538 565 748 636 repulit,
777 563 1062 634 hostesque
1101 565 1314 627 devicit,
1341 565 1467 620 dum
1499 566 1552 620 in
1599 567 1713 635 ipsa
1753 567 1927 620 victo-

337 659 428 712 ria:
457 656 854 725 exspectatione
883 663 1144 721 versatur,
1189 655 1350 709 nullis
1387 657 1598 726 penitus
1625 655 1926 710 commodis

333 765 398 803 ex
433 748 705 802 laboribus
733 746 1095 817 periculisque
1139 747 1424 816 reportatis
1463 762 1493 800 e
1542 746 1647 800 vita
1677 745 1923 800 discedit.

337 841 404 896 At
430 839 693 908 ejusmodi
723 854 826 892 non
868 847 992 892 sunt
1017 853 1102 893 res
1143 849 1341 892 nostrae
1375 854 1536 909 :spes
1589 839 1731 893 enim
1773 849 1931 891 retere

338 947 454 996 nas,
483 932 752 992 immotas,
780 939 835 984 et
861 929 1038 984 firmas
1069 929 1284 994 habent,
1308 945 1532 1000 quaeque
1553 945 1672 984 cum
1703 929 1802 984 hac
1824 929 1926 981 vita

339 1023 562 1077 minime
594 1023 967 1084 terminantur,
1013 1019 1105 1074 sed
1135 1020 1201 1075 ad
1233 1021 1586 1076 immortalem
1616 1021 1929 1089 beatamque

338 1119 498 1171 vitam
530 1118 670 1171 illam
718 1132 781 1170 ac
809 1125 1066 1186 perpetuo
1094 1116 1403 1170 duraturam
1444 1122 1707 1185 spectant,
1739 1122 1793 1168 et
1821 1128 1926 1168 non

337 1207 498 1262 modo
533 1208 688 1260 nullis
715 1222 779 1261 ex
811 1208 952 1261 aeris
979 1207 1295 1276 intemperie
1321 1207 1404 1261 vel
1436 1206 1709 1274 inpinato
1747 1221 1926 1260 rerum

336 1307 531 1353 eventu
559 1308 740 1367 patent
766 1298 1088 1362 incursibus,
1115 1297 1209 1353 sed
1237 1313 1335 1353 nec
1360 1298 1427 1352 ab
1455 1298 1566 1366 ipsa
1604 1307 1774 1351 morte
1803 1311 1928 1367 pos-

337 1402 465 1446 sunt
489 1392 676 1447 deleri.
709 1391 845 1458 Quin
873 1392 1032 1445 etiam
1073 1390 1199 1446 dum
1237 1392 1354 1446 sola
1395 1406 1490 1460 spe
1517 1390 1777 1454 fovemur,
1812 1390 1928 1458 ejus

338 1484 390 1536 in
419 1483 612 1554 quovis
636 1483 794 1535 etiam
830 1498 861 1536 e
887 1483 1046 1552 vulgo
1076 1481 1279 1536 fructus
1316 1482 1508 1544 elucet,
1542 1490 1596 1535 et
1619 1491 1812 1549 quanla
1847 1479 1922 1533 illi

338 1588 546 1629 merces
567 1573 844 1628 debeatur.
877 1573 1163 1642 Pr0plerea
1195 1574 1378 1627 beatus
1405 1573 1564 1626 etiam
1601 1572 1793 1626 Paulus
1817 1572 1927 1625 cla-

338 1664 519 1718 mabat
544 1664 725 1718 dicens
755 1681 770 1718 :
802 1663 919 1716 Non
961 1665 1125 1717 solum
1153 1673 1341 1728 autem,
1377 1663 1466 1716 scd
1497 1672 1542 1716 et
1571 1663 1850 1733 gloriamur
1877 1663 1929 1714 in

337 1753 744 1808 tribulationibus
767 1753 940 1822 (Rom.
962 1754 1112 1824 5.3).
1142 1753 1238 1820 Ne,
1262 1767 1464 1823 quaeso,
1490 1753 1678 1808 leviter
1707 1765 1924 1822 praetcr-

338 1859 550 1911 eamus,
581 1859 700 1914 qua:
728 1843 867 1898 dicta
893 1853 1017 1899 sunt
1040 1862 1053 1897 :
1077 1844 1169 1898 sed
1191 1845 1424 1914 quando,
1452 1844 1633 1898 nescio
1658 1859 1763 1912 quo
1779 1858 1927 1908 casn,

338 1950 520 1990 sermo
574 1951 673 1990 nos
725 1952 910 1991 rursus
959 1937 1023 1990 ad
1078 1937 1320 2006 praeclari
1365 1936 1739 2007 gubernatoris
1781 1935 1928 1989 Pauli

336 2037 552 2094 portum
579 2027 804 2096 appulit,
838 2027 889 2080 in
919 2027 1075 2097 hujus
1088 2027 1215 2081 dicti
1241 2026 1672 2082 consideratione
1699 2026 1930 2080 llbenter

339 2117 709 2183 intmoremur,
749 2117 925 2172 brevis
961 2117 1174 2188 quidem
1214 2118 1374 2182 illius,
1422 2118 1517 2172 sed
1558 2133 1587 2171 a
1617 2132 1724 2186 quo
1766 2116 1929 2170 multa

336 2210 674 2279 philosophia
724 2211 1021 2264 erudimur.
1070 2209 1206 2275 Quid
1252 2209 1465 2262 tandem
1511 2217 1590 2262 est
1633 2222 1762 2277 ergo
1789 2207 1930 2277 quod

333 2302 488 2367 dicit,
519 2312 574 2356 et
592 2301 718 2370 quid
742 2301 827 2354 his
851 2300 1006 2355 nobis
1033 2299 1230 2354 indicat
1263 2300 1461 2360 verbis,
1497 2298 1618 2353 Non
1646 2301 1811 2352 solum
1836 2315 1931 2352 au-

334 2399 458 2456 tem,
493 2391 581 2443 sed
602 2399 653 2446 ot
677 2389 958 2459 gloriamur
996 2387 1052 2442 in
1096 2386 1536 2441 tribulationibus?
1562 2387 1725 2442 Paulo
1753 2387 1927 2455 altius,

333 2483 382 2536 si
415 2481 615 2550 placet,
646 2479 905 2536 doctrina:
934 2493 1240 2534 sermonem
1279 2475 1572 2544 ordiamur,
1620 2487 1676 2532 et
1705 2478 1927 2532 multam

335 2573 466 2627 inde
494 2572 648 2627 nobis
680 2571 1109 2641 perspicuitatem
1141 2568 1439 2623 videbimus
1480 2583 1544 2623 ac
1579 2568 1685 2622 vim
1717 2577 1933 2623 senten.

340 2665 538 2719 tiarum
563 2678 862 2734 emergere.
904 2660 1012 2716 Sed
1041 2661 1310 2716 neminem
1341 2673 1536 2732 corpus
1564 2660 1616 2714 in
1646 2660 1929 2715 mollitiem

338 2772 400 2810 ac
451 2755 718 2826 pigritiam
767 2753 1003 2809 resolvat
1045 2769 1059 2806 :
1099 2752 1225 2822 quin
1278 2752 1453 2828 potius
1499 2762 1767 2820 tamquam
1809 2765 1932 2805 rore

341 2847 570 2916 quodam
618 2844 909 2916 Spiritualis
973 2843 1230 2898 doctrinae
1291 2842 1581 2912 cupiditate
1635 2850 1928 2896 recreetur.

342 2939 552 2992 Etenim
583 2937 650 2992 de
679 2936 1022 2990 tribulatione
1050 2934 1212 2989 verba
1261 2933 1505 2996 facimus,
1537 2933 1604 2988 de
1633 2931 1930 3001 cupiditate

343 3028 605 3084 honorum
643 3037 987 3093 aeternorum,
1030 3027 1098 3082 de
1127 3026 1400 3096 patientia,
1445 3025 1618 3094 deque
1660 3023 1926 3087 mercede,

343 3135 498 3189 quam
536 3119 611 3174 illi
635 3119 895 3182 obtinent,
928 3118 1018 3188 qui
1063 3117 1283 3171 minime
1323 3115 1500 3187 supini
1541 3125 1665 3169 sunt
1693 3129 1756 3169 ac
1782 3114 1927 3168 desi-

341 3211 453 3266 des.
483 3209 622 3277 Quid
648 3210 804 3279 igitur
825 3208 927 3262 sibi
952 3208 1067 3262 volt
1094 3207 1246 3273 illud,
1284 3205 1404 3260 Non
1428 3205 1635 3260 solum?
1661 3204 1759 3272 Qui
1787 3205 1929 3259 enim

342 3303 423 3356 bis
451 3302 634 3358 verbis
673 3301 861 3366 utitur,
891 3299 960 3354 de
991 3299 1174 3354 multis
1201 3299 1320 3352 aliis
1363 3297 1518 3352 bonis
1548 3311 1608 3351 se
1647 3296 1926 3366 loquutum

341 3408 456 3448 esse
501 3392 722 3457 indicat,
767 3406 887 3461 qua:
929 3387 1325 3460 przecesserint,
1377 3395 1431 3441 et
1470 3401 1591 3441 cum
1644 3385 1749 3439 illis
1789 3384 1929 3439 istud

342 3485 595 3554 adjicere,
649 3481 790 3552 quod
837 3495 902 3535 ex
958 3477 1300 3534 tribulatione
1349 3476 1628 3531 nascitur:
1661 3489 1822 3544 quam
1861 3473 1932 3526 ob

342 3589 556 3629 causam
589 3582 643 3626 et
664 3573 780 3642 ipse
801 3570 1032 3635 dicebat,
1068 3567 1193 3622 Non
1219 3567 1385 3621 solum
1426 3574 1613 3629 autem,
1643 3564 1732 3617 sed
1759 3573 1806 3617 et
1829 3564 1932 3633 glo-

341 3665 533 3718 riamur
575 3664 630 3716 in
662 3660 1092 3714 tribulationibus.
1136 3657 1205 3713 Ut
1243 3668 1420 3714 autem
1451 3654 1766 3711 dilucidiora
1794 3654 1928 3708 fiant

346 3757 452 3813 haec
492 3756 678 3819 verba,
722 3768 820 3808 nos
861 3751 928 3806 ad
979 3750 1192 3805 brevem
1241 3750 1426 3802 horam
1473 3746 1752 3809 sustinete,
1802 3745 1927 3800 dum

346 3847 616 3919 prolixiori
657 3857 906 3900 sermone
931 3841 1229 3895 doctrinam
1272 3838 1609 3907 exponimus.

411 3935 700 3993 Adversarii
745 3935 862 4004 dei
927 3930 1228 3987 Christianae
1292 3943 1444 3996 quam
1506 3924 1653 3978 multi
1665 3941 1684 3988 ;
1753 3940 1926 3994 perse-

345 4033 605 4099 quutiones
633 4027 784 4080 varia:
823 4024 965 4077 initio
1005 4019 1396 4091 pra'dicationis.
1437 4015 1705 4069 Inducitur
1734 4013 1930 4068 Paulus

347 4123 404 4173 de
431 4118 619 4192 futuris
654 4117 922 4169 disserens.
967 4113 1069 4167 Cur
1102 4109 1396 4181 ingemiscat
1420 4117 1674 4163 creatura.
1699 4133 1769 4144 -
1797 4104 1928 4160 Cum

348 4216 480 4269 enim
519 4210 852 4283 promulgata
897 4208 1081 4261 fuisset
1118 4204 1186 4258 ab
1213 4203 1473 4273 apostolis
1499 4203 1808 4273 praedicatio
1845 4201 1926 4256 di.

350 4311 483 4371 vina,
517 4320 573 4362 et
598 4319 785 4360 omnes
825 4301 972 4355 orbis
1009 4308 1272 4353 terrarum
1315 4298 1496 4367 plagas
1525 4297 1798 4366 religionis
1825 4310 1931 4351 sero

352 4413 559 4454 nionem
603 4397 678 4450 illi
721 4403 962 4450 serentes
999 4390 1229 4454 obirent,
1269 4403 1507 4444 errorem
1549 4388 1806 4443 radicitus
1833 4403 1927 4442 ex-

354 4493 655 4562 stirparent,
696 4486 896 4558 patrias
936 4483 1216 4552 impiorum
1246 4481 1388 4550 leges
1416 4479 1799 4544 rescinderent,
1833 4477 1932 4532 ini.

354 4585 604 4651 quitatem
627 4593 840 4634 omnem
866 4573 1306 4637 exterminarunt,
1335 4580 1530 4624 terram
1547 4578 1927 4640 expurgarent,

355 4685 503 4745 atque
531 4673 599 4727 ab
641 4669 799 4724 idolis
825 4665 1064 4735 quidem,
1106 4679 1135 4716 a
1167 4662 1324 4726 fanis,
1368 4659 1648 4726 altaribus,
1694 4659 1842 4714 feriis
1869 4675 1932 4714 ac

355 4762 668 4821 ceremonlis
697 4759 821 4814 inde
858 4755 1202 4812 nascentibus
1233 4752 1436 4806 resilire
1454 4749 1733 4818 juberent;
1768 4765 1928 4804 unum

355 4867 548 4923 autem,
576 4863 631 4910 et
658 4853 829 4909 solum
855 4849 1227 4904 universorum
1261 4845 1426 4899 Deum
1460 4856 1770 4913 agnoscere,
1807 4855 1931 4909 spes

359 4947 554 5001 futuras
611 4952 954 5014 exspectare;
990 4937 1164 5006 deque
1193 4935 1371 4998 Patre,
1420 4932 1576 4995 Filio,
1620 4947 1684 4986 ac
1727 4930 1930 5001 Spiritu

358 5053 535 5095 sancto
559 5038 921 5095 dissererent,
954 5030 1019 5084 de
1064 5026 1458 5083 resurrectione
1484 5025 1927 5096 philosOpharen-

359 5139 457 5196 tur,
484 5146 548 5186 ac
576 5129 646 5184 de
697 5140 866 5197 regno
918 5121 1171 5177 caelorum
1213 5119 1373 5173 verba
1419 5116 1660 5172 facerent
1691 5134 1704 5170 :
1734 5116 1932 5170 idcirco

361 5223 546 5278 bellum
565 5221 766 5278 exarsit
795 5231 977 5289 grave,
1000 5213 1345 5280 omniumque
1361 5209 1737 5270 88Vi85ill10llt,
1755 5208 1930 5261 omnia

361 5316 605 5380 tumultu,
656 5309 1077 5383 perturbatione,
1126 5317 1189 5356 ac
1240 5300 1502 5386 seditione
1541 5299 1929 5364 redundabant,

361 5409 512 5463 urbes
539 5419 748 5465 omnes,
782 5400 963 5472 pepuli
1011 5412 1074 5451 ac
1101 5394 1292 5448 donius
1323 5405 1533 5454 omnes,
1565 5389 1744 5444 omnis
1786 5390 1933 5460 regio

362 5501 467 5556 sive
492 5499 690 5555 inculta
719 5503 881 5559 esset,
909 5492 1022 5545 sive
1057 5488 1270 5542 deserta
1299 5503 1310 5538 :
1340 5483 1481 5553 quod
1511 5483 1759 5537 nimirum
1791 5481 1932 5534 anti-

362 5607 474 5661 qua:
511 5587 921 5647 consuetudines
966 5582 1435 5640 label'actarentur,
1483 5581 1538 5631 et
1571 5589 1693 5644 quae
1732 5571 1930 5629 tamdiu

365 5682 679 5747 obtinuerat,
703 5678 986 5746 anticipata
1009 5672 1188 5742 opinio
1211 5668 1622 5734 convelleretttr,
1645 5677 1764 5722 cum
1794 5676 1926 5720 nova

1402 271 1488 328 DE
1515 269 1765 327 GLOBIA
1809 269 1874 324 IN
1913 269 2552 330 TRIBULATIONIBUS.

3512 289 3614 343 58

2047 384 2297 454 dogmata
2331 387 2726 459 inveherentur,
2773 406 2894 464 qua:
2929 403 3089 450 nemo
3115 406 3364 469 umquam
3405 402 3615 457 audite.

2035 483 2120 528 rat
2159 492 2172 528 :
2215 476 2471 533 adversus
2509 481 2607 535 ista
2652 484 2943 540 saavichant
2985 501 3160 557 reges,
3211 489 3618 560 indignabantur

2037 566 2401 635 magistratus,
2433 571 2624 641 privati
2669 576 3149 646 tumultuabantor,
3180 579 3294 635 lora
3343 585 3616 651 perturba.

2038 654 2247 725 bantur,
2287 661 2568 715 tribunalia
2613 665 3038 734 concitabantur,
3080 670 3481 740 stringebantur
3519 690 3614 729 en~

2037 760 2143 811 ses,
2177 763 2323 802 arma
2370 753 2717 818 parabantur,
2763 764 2816 809 ct
2858 757 3004 826 leges
3045 759 3617 822 succenschant..lnde

2035 837 2322 906 supplicia,
2358 855 2548 910 pmnar,
2583 845 2868 915 otiumque,
2893 863 2955 901 ac
2984 861 3173 904 cuncta
3198 855 3617 910 commoveban-

2038 935 2142 992 tur,
2173 944 2292 998 quae
2327 933 2463 986 inter
2501 933 2747 989 homines
2771 939 2955 1005 gravia
3000 950 3306 996 censentur.
3352 942 3616 1012 Quemad-

2037 1018 2251 1072 modum
2281 1034 2402 1074 cutn
2436 1023 2626 1076 iratum
2655 1036 2737 1078 est
2777 1042 2943 1090 mare,
2986 1039 3146 1098 atque
3177 1031 3366 1087 infesta
3404 1037 3617 1090 naufra-

2033 1111 2116 1179 gia
2145 1114 2390 1181 parturit,
2425 1116 2592 1169 nihilo
2630 1116 2835 1171 meliori
2864 1129 2979 1173 erat
3019 1121 3069 1174 iu
3096 1129 3238 1177 statu
3267 1125 3412 1180 orbis
3443 1135 3617 1191 terra-

2031 1217 2176 1268 rum,
2199 1219 2320 1259 cum
2352 1207 2622 1277 religionis
2647 1224 2804 1263 causa
2832 1219 2941 1265 tum
2970 1211 3134 1268 filium
3161 1225 3310 1284 pater
3327 1212 3616 1289 abdicaret,

2036 1308 2064 1345 a
2105 1304 2262 1348 socru
2311 1311 2475 1350 nurus
2529 1299 2830 1365 dissideret,
2872 1299 3065 1356 fratres
3099 1303 3486 1374 dividerentur,
3528 1308 3619 1364 do-

2037 1385 2164 1439 ntini
2198 1386 2248 1440 in
2276 1386 2502 1442 famulos
2534 1389 2956 1459 indignarentur,
3001 1403 3185 1447 natura
3228 1397 3621 1465 quodammodo

2038 1475 2088 1529 in
2115 1478 2347 1548 seipsam
2389 1481 2650 1536 seditione
2678 1493 2944 1536 Commota
2977 1485 3295 1555 insurgeret,
3339 1503 3438 1544 nec
3458 1491 3621 1548 civile

2038 1577 2263 1636 tantum,
2309 1571 2401 1624 sed
2440 1573 2637 1639 gentile
2667 1574 2931 1643 quoddam
2982 1576 3178 1630 bellum
3207 1577 3396 1635 domos
3435 1595 3622 1642 omnes

2038 1658 2372 1726 pervaderet.
2427 1661 2655 1716 Verbum
2699 1664 2841 1717 enim
2895 1666 3054 1734 gladii
3098 1668 3148 1720 in
3199 1683 3403 1724 rnorem
3455 1686 3619 1741 pene-

2039 1757 2204 1813 trans,
2239 1752 2458 1820 etquod
2490 1753 2790 1812 morbidum
2819 1764 2937 1810 erat
2971 1771 3000 1809 a
3045 1772 3178 1812 sano
3204 1774 3472 1826 resecans,
3505 1779 3620 1817 tua-

2036 1855 2194 1908 gnam
2220 1842 2414 1910 ubique
2452 1843 2768 1899 seditionem
2813 1855 2866 1900 et
2894 1848 3290 1914 contentionem
3332 1853 3619 1921 excitabat,

2037 1929 2404 1996 etefliciebat,
2456 1943 2511 1986 ut
2542 1934 2835 1990 illllUlllelJB
2879 1937 3113 2008 undique
3156 1940 3410 1998 adversus
3441 1943 3621 2002 deles

2039 2019 2328 2076 inimicitia:
2355 2039 2647 2095 pugnzeque
2690 2027 3048 2096 insurgerent.
3083 2031 3216 2087 llinc
3248 2033 3429 2100 fiebat,
3463 2046 3521 2090 ttt
3564 2038 3618 2093 in

2037 2123 2308 2168 carcerem
2335 2113 2424 2167 alii
2448 2114 2882 2185 detruderentur,
2914 2119 3004 2173 alii
3033 2121 3099 2174 ad
3125 2121 3325 2190 judicia
3358 2140 3615 2194 raperen-

2040 2209 2144 2265 tur,
2171 2211 2224 2256 et
2245 2203 2312 2257 ad
2339 2205 2476 2259 viam
2497 2222 2616 2276 qua:
2645 2207 2813 2262 tendit
2837 2209 2903 2264 ad
2936 2221 3163 2265 mortem
3243 2223 3401 2284 atque
3432 2217 3616 2271 borum

2037 2293 2250 2363 quidem
2297 2296 2434 2351 bona
2482 2299 2909 2368 publicabantur,
2954 2302 3029 2356 illi
3061 2318 3186 2358 vero
3238 2315 3290 2360 et
3339 2306 3526 2376 patria,
3567 2314 3622 2365 et

2041 2386 2148 2441 vita
2176 2387 2288 2457 ipsa
2317 2403 2552 2460 persaepe
2584 2391 2945 2460 privabantur,
2978 2403 3030 2447 et
3058 2397 3203 2450 omni
3231 2410 3295 2452 es
3327 2408 3476 2469 parte
3504 2417 3623 2457 cre-

2037 2477 2186 2532 brius
2213 2494 2372 2548 quam
2416 2480 2503 2533 nix
2535 2480 2764 2548 decidat,
2819 2482 2974 2538 malis
3013 2485 3396 2542 obsidebantur
3435 2508 3446 2543 :
3481 2491 3622 2546 intus

2040 2581 2250 2636 pugna},
2281 2568 2412 2621 foris
2441 2570 2678 2634 timores,
2710 2571 2779 2625 ab
2809 2574 3015 2638 amicis,
3050 2574 3116 2628 ab
3142 2576 3351 2642 alienis,
3383 2579 3452 2646 ab
3492 2581 3621 2650 ipsis

2037 2660 2126 2729 qui
2169 2668 2375 2714 natura;
2405 2660 2800 2718 necessitudine
2829 2665 3097 2732 conjuncti
3129 2674 3301 2721 erant.

2107 2750 2161 2804 2.
2347 2752 2504 2821 igitur
2525 2767 2644 2807 cum
2671 2764 2914 2809 cerneret
2942 2755 3129 2810 beatus
3155 2755 3368 2818 Paulus,
3399 2755 3487 2818 ille
3515 2770 3622 2816 ter-

2038 2854 2214 2894 rarum
2243 2841 2387 2896 orbis
2414 2853 2739 2912 prseceptor,
2776 2853 2830 2898 et
2869 2847 3160 2903 ca-lestium
3190 2849 3492 2918 dogmatum
3522 2852 3621 2905 dos

2037 2937 2173 2993 ctor,
2202 2945 2323 2984 cum
2355 2946 2441 2985 res
2467 2932 2676 3001 quidem
2707 2933 2946 2989 adversm
2977 2936 3027 2990 in
3057 2939 3301 2992 manibus
3323 2951 3504 2998 essent
3526 2983 3541 3007 ,
3569 2947 3624 2997 et

2037 3027 2160 3072 anle
2188 3020 2371 3074 oculos
2398 3030 2756 3088 versarentur,
2785 3039 2871 3076 res
2909 3034 3084 3079 autem
3128 3039 3396 3096 prosperaa
3436 3031 3488 3084 in
3528 3046 3622 3101 spe

2039 3118 2241 3162 tantum
2263 3119 2316 3164 et
2344 3111 2712 3179 promissione,
2742 3129 2985 3182 regnum,
3014 3117 3250 3187 inquam,
3276 3121 3544 3188 c:elorutn,
3571 3128 3624 3177 et

2039 3201 2374 3268 resurrectio,
2402 3217 2465 3256 ac
2491 3202 2750 3258 honorum
2780 3206 2988 3260 illorum
3017 3209 3248 3278 adoptio,
3282 3229 3399 3281 qua:
3427 3218 3624 3286 cOgita-

2039 3292 2234 3347 tionem
2263 3308 2475 3347 onment
2501 3309 2562 3349 ac
2586 3311 2889 3352 sermonem
2916 3300 3178 3354 excedunt
3208 3317 3220 3355 :
3253 3302 3493 3360 fornaces
3523 3321 3620 3361 au-

2037 3392 2180 3448 tem,
2213 3385 2508 3454 sartagines
2531 3424 2546 3452 ,
2583 3384 2783 3456 gladii,
2815 3389 3109 3459 supplicia,
3153 3399 3538 3452 tormentorum
3571 3405 3623 3454 et

2037 3477 2284 3531 mortium
2303 3491 2500 3547 genera
2529 3478 2706 3538 omnia
2736 3495 2839 3534 non
2869 3496 2996 3550 spe,
3026 3483 3118 3538 sed
3146 3486 3468 3555 experientia
3499 3503 3623 3560 per-

2036 3568 2341 3638 ciperentur
2370 3586 2383 3622 :
2412 3570 2501 3638 qui
2541 3586 2668 3625 vero
2708 3572 2964 3628 adversus
3006 3575 3119 3630 haec
3155 3579 3333 3634 munia
3373 3580 3622 3639 certaturi

2035 3669 2209 3724 erant,
2233 3675 2336 3720 non
2362 3659 2430 3714 ita
2452 3661 2654 3730 pridem
2676 3663 2744 3716 ab
2761 3665 3034 3729 altaribus,
3057 3667 3124 3721 ab
3147 3668 3318 3735 idolis,
3343 3687 3372 3726 a
3394 3671 3622 3742 deliciis,

2035 3764 2066 3804 a
2095 3750 2297 3807 luxuria
2327 3762 2381 3806 et
2407 3752 2664 3809 ebrietate
2691 3755 2756 3809 ad
2790 3757 2946 3812 fidem
2979 3759 3202 3816 traducti
3234 3761 3496 3829 fuissent,
3529 3780 3624 3822 ne.

2035 3857 2141 3910 que
2157 3842 2284 3897 dum
2309 3843 2374 3897 ad
2401 3845 2626 3906 sublime
2647 3847 2928 3918 quidquam
2955 3849 3022 3903 de
3047 3851 3150 3904 vita
3181 3863 3377 3910 :clermt
3403 3869 3623 3912 versans

2037 3933 2163 3985 dum
2193 3932 2372 3985 animo
2398 3934 2678 3988 assuefacti
2706 3973 2720 4000 ,
2758 3938 2851 3991 sed
2882 3939 3041 3994 rebus
3069 3939 3418 4009 praesentibus
3445 3948 3622 4016 potius

2037 4022 2357 4077 inhaererent
2385 4039 2396 4074 :
2427 4033 2481 4076 et
2507 4026 2792 4081 verisimile
2819 4039 2961 4083 esset
2991 4028 3104 4084 fore
3124 4065 3139 4095 ,
3172 4040 3230 4084 ut
3261 4034 3409 4087 tuulti
3437 4049 3622 4092 eorum

2036 4114 2377 4181 fatiscerent,
2406 4117 2747 4173 conciderent
2788 4118 2981 4172 animis
3005 4159 3020 4185 ,
3048 4135 3110 4176 ac
3137 4121 3426 4179 deficerent
3453 4167 3470 4192 ,
3499 4140 3620 4182 cunt

2036 4200 2255 4270 singulis
2275 4201 2461 4256 diebus
2484 4202 2890 4270 obsiderentur:
2915 4204 3034 4259 vide
3058 4205 3181 4274 quid
3215 4207 3510 4270 illefaciat.
3533 4207 3622 4280 qui

2023 4307 2349 4350 arcanorum
2379 4295 2646 4364 particeps
2672 4295 2962 4352 caelestium
2990 4294 3198 4365 fuerat,
3227 4307 3282 4353 et
3305 4299 3621 4372 sapientiam

2039 4383 2184 4439 Pauli
2209 4385 2511 4444 considera.
2537 4384 2611 4441 De
2643 4385 2832 4441 futuris
2853 4387 3066 4442 assidue
3083 4387 3298 4444 disserit
3317 4393 3457 4462 apud
3483 4390 3624 4462 illos,

2038 4477 2188 4546 ponit
2207 4476 2276 4533 ob
2299 4478 2484 4542 oculos
2507 4479 2747 4547 praemia,
2767 4493 3000 4534 coronas
3021 4481 3271 4544 ostendit,
3301 4484 3484 4548 incitat
3506 4496 3625 4555 eos,

2036 4575 2091 4621 et
2119 4581 2214 4637 Spe
2255 4568 2514 4624 bonorum
2555 4578 2873 4626 :cternorum
2908 4570 3232 4628 consolatur.
3273 4572 3408 4642 Quid
3446 4581 3625 4634 autem

2036 4659 2206 4714 dicit?
2236 4659 2596 4714 Existimamus
2625 4661 2755 4716 enim
2779 4664 2916 4732 quod
2945 4676 3044 4718 non
3074 4676 3188 4720 sunt
3218 4671 3484 4742 condigna!
3507 4683 3627 4743 pas-

2036 4752 2202 4808 siones
2233 4752 2390 4821 ltujus
2418 4753 2653 4820 temporis
2675 4754 2742 4806 ad
2765 4754 2990 4822 futuram
3019 4756 3273 4828 gloriam,
3297 4777 3412 4830 qua;
3433 4765 3620 4820 .

2037 4841 2171 4894 bitur
2199 4842 2253 4894 in
2278 4840 2418 4896 nobis
2447 4838 2636 4912 (Rom.
2659 4843 2713 4898 8.
2740 4844 2804 4898 i8
2826 4843 2869 4915 ).
2895 4844 3028 4912 Quid
3056 4847 3198 4908 enim
3229 4833 3360 4906 mihi
3381 4854 3624 4920 vulnera,

2039 4930 2209 5002 inquit
2227 4973 2242 4997 ,
2271 4931 2459 5000 objicis
2478 4973 2492 4997 ,
2515 4933 2697 4988 altaria
2721 4975 2736 4999 ,
2769 4936 3067 5004 carnifices,
3095 4936 3375 5008 supplicia,
3406 4941 3623 5009 famem,

2039 5024 2486 5096 prosciptioues,
2529 5036 2890 5098 paupertatem
2915 5069 2932 5096 ,
2965 5030 3171 5085 vincula
3210 5039 3264 5086 et
3302 5030 3628 5103 compedes?

2038 5131 2385 5186 qtuecutnque
2407 5116 2639 5172 volueris
2662 5133 2917 5188 propone,
2942 5135 3060 5194 qua:
3089 5121 3156 5175 ab
3185 5121 3488 5178 hominibus
3507 5135 3629 5195 gra-

2040 5209 2120 5263 via
2150 5219 2472 5274 censentur;
2505 5210 2633 5264 nihil
2662 5219 2837 5265 tamen
2865 5212 3100 5281 przetniis
3124 5213 3260 5277 illis,
3290 5216 3500 5268 coronis
3521 5251 3535 5280 ,
3567 5225 3628 5272 ac

2041 5299 2475 5356 retrilmtionihus
2499 5299 2718 5376 dignum
2749 5316 3154 5356 commemoras.
3191 5302 3318 5362 Nam
3364 5305 3462 5359 ista
3506 5308 3623 5376 qui-

2039 5389 2160 5445 dem
2192 5404 2297 5444 una
2324 5405 2443 5446 cum
2475 5388 2574 5443 hac
2601 5392 2707 5444 vita
2751 5389 3022 5456 finiuntur,
3057 5392 3143 5446 illa
3175 5408 3303 5447 vero
3329 5392 3380 5448 in
3423 5394 3632 5450 infinito

2040 5482 2129 5536 illo
2155 5495 2269 5536 aevo
2294 5480 2453 5536 nem
2485 5495 2590 5536 non
2623 5482 2854 5538 habent:
2883 5485 2996 5538 haec
3019 5489 3336 5553 temporaria
3358 5501 3477 5541 cum
3502 5489 3628 5556 sint,

2042 5581 2363 5644 prtelereunt
2397 5588 2410 5626 :
2443 5572 2527 5626 illa
2558 5588 2677 5626 cum
2711 5571 2818 5626 sint
2848 5567 3186 5640 immortalia,
3223 5586 3478 5647 perpetuo
3507 5588 3627 5649 per.

2041 5670 2276 5718 manent.
2301 5662 2452 5729 Quod
2478 5663 2649 5734 ipsum
2671 5672 2725 5718 et
2757 5662 2863 5718 alio
2891 5663 3008 5717 loco
3027 5661 3367 5722 subindicans
3387 5668 3595 5724 dicebat
