4096 6222
493 323 592 378 159

491 434 557 489 Id
577 435 709 506 quod
732 435 780 487 in
813 449 1002 502 pra'srn
1031 433 1044 483 i
1070 440 1138 484 est
1161 440 1564 483 momentaneum
1593 438 1639 481 et
1659 428 1760 480 leve
1783 423 2069 479 tribulatio-

488 528 564 581 nis
594 525 686 598 (2.
714 525 830 579 Cor.
865 526 917 578 4.
947 523 1046 592 l7)
1084 540 1096 575 :
1125 522 1203 576 sic
1232 522 1526 591 quantitate
1551 520 1861 590 qualitatem
1892 517 2069 572 immi-

487 622 619 681 nuit,
651 624 704 670 et
733 615 1072 669 acerbitatem
1107 613 1308 682 tnitigat
1335 614 1592 681 temporis
1617 610 1897 667 brevitate.
1931 607 2071 675 Quo-

486 709 625 762 niam
656 708 797 761 enim
827 705 1007 776 gravia
1051 713 1236 758 natura
1267 719 1360 757 sua
1389 716 1539 756 erant
1567 713 1622 757 et
1653 701 1876 756 molesta
1902 739 1917 762 ,
1950 713 2071 768 qua:

486 809 592 852 tum
622 798 724 852 illis
753 797 1063 852 accidebant
1083 838 1094 857 ,
1127 795 1386 849 brevitate
1433 793 1726 848 molestiam
1773 791 1957 846 tuinttit
1988 790 2069 843 di-

482 904 608 943 ct-us
640 906 654 942 :
687 887 752 940 Id
785 889 915 942 enim
951 887 1084 958 quod
1121 889 1172 940 in
1213 885 1446 956 prtesenti
1475 896 1543 937 est
1586 894 1984 936 momentaneum
2023 889 2069 934 et

483 984 584 1036 leve
621 981 954 1034 tribulationis
995 991 1179 1033 nostra:
1203 1019 1216 1043 ,
1259 995 1416 1047 supra
1455 977 1656 1030 modum
1687 977 1737 1028 in
1765 974 2068 1028 sublimitate

485 1083 726 1124 retentum
774 1071 950 1140 gloria:
986 1069 1180 1140 pondus
1223 1078 1460 1139 aperatur
1496 1067 1546 1120 in
1586 1064 1759 1127 nobis,
1804 1081 1902 1118 non
1941 1079 2065 1116 con-

481 1162 836 1233 templantibus
859 1161 1000 1214 nobis
1031 1175 1141 1229 qua:
1165 1159 1414 1224 videntur,
1437 1157 1524 1210 sed
1549 1172 1661 1225 qua:
1688 1172 1786 1208 non
1815 1155 2062 1207 videntur.

485 1255 610 1318 Qua:
643 1255 771 1307 enim
803 1254 1050 1315 videntur,
1088 1249 1385 1319 temporalia
1427 1258 1541 1304 sunt
1561 1265 1585 1302 ,:
1609 1251 1723 1318 qua?
1757 1257 1922 1299 autent
1965 1263 2067 1299 non

483 1347 731 1411 videntur,
773 1355 960 1398 (eterna
998 1354 1114 1396 sunt
1147 1343 1162 1410 (
1191 1341 1244 1395 2.
1272 1343 1388 1396 Cor.
1422 1341 1475 1394 ιι.
1515 1341 1598 1393 l7.
1633 1339 1755 1409 18).
1789 1338 1855 1392 Et
1885 1353 2068 1390 rursus

481 1450 538 1494 ttt
565 1439 632 1494 ad
667 1435 1089 1508 cognoscendam
1126 1435 1387 1489 bonorum
1429 1433 1568 1486 illius
1594 1433 1714 1484 vitzt-
1744 1429 2064 1499 magnitudi-

481 1548 600 1586 nem
647 1530 764 1585 illos
812 1527 1102 1598 provehat,
1134 1534 1432 1580 creaturam
1475 1525 1640 1592 ipsam
1675 1521 1744 1574 ob
1785 1520 2064 1590 praesentia

482 1623 618 1676 mala
648 1621 916 1675 dolentem
946 1627 1000 1672 et
1024 1624 1426 1686 congemcntcm
1456 1613 1738 1667 introducit
1763 1654 1778 1678 ,
1805 1626 1868 1666 ac
1893 1611 2065 1665 futura

480 1726 748 1782 tamquam
765 1709 1153 1780 valdejncunda
1177 1707 1521 1762 vehementer
1535 1712 1827 1774 optantem,
1846 1702 1970 1756 dum
1987 1701 2066 1757 sie

481 1809 551 1860 ait
575 1825 587 1860 :
611 1805 810 1858 Etenim
827 1813 1055 1856 creatura
1072 1799 1410 1869 congemiscit,
1438 1806 1484 1850 et
1500 1796 1651 1849 simul
1672 1795 1888 1864 parturit
1913 1811 2064 1864 usque

479 1901 647 1954 adhuc
665 1900 842 1968 (Itoni.
866 1898 916 1952 8.
940 1896 1011 1950 2'2
1028 1895 1069 1965 ).
1090 1895 1202 1961 Qua
1225 1895 1290 1948 de
1302 1908 1462 1946 causa
1482 1891 1644 1961 gemit
1661 1891 1683 1943 ?
1699 1905 1801 1960 qua
1819 1888 1885 1943 de
1905 1901 2064 1941 eausa

481 1992 734 2062 parturit?
755 1992 885 2043 Dum
909 1988 992 2041 illa
1024 1986 1269 2040 nimirum
1294 1983 1462 2037 futura
1482 1983 1614 2035 bona
1635 1979 1988 2050 pratstolatur,
2010 1985 2064 2032 et

483 2087 532 2138 in
563 2083 748 2138 melius
777 2081 1119 2136 mutationem
1147 2077 1432 2131 desiderat.
1470 2073 1605 2127 Nam
1633 2084 1678 2125 et
1700 2074 1809 2141 ipsa
1828 2113 1843 2137 ,
1873 2071 2059 2139 inquit,

477 2188 706 2230 creatura
727 2173 1017 2229 liberabitur
1035 2190 1066 2223 a
1090 2171 1323 2224 servitute
1347 2166 1698 2237 corruptionis,
1714 2167 1765 2217 in
1787 2165 2061 2217 libertatem

479 2268 655 2335 gloria:
682 2267 901 2336 ﬁliorum
935 2264 1026 2316 υιιί
1060 2267 1075 2332 (
1101 2261 1179 2315 ib.
1212 2277 1259 2314 υ.
1286 2260 1348 2314 21
1377 2257 1395 2330 )
1448 2259 1579 2313 Cum
1609 2271 1735 2312 vero
1763 2255 1914 2308 amlis
1943 2270 2060 2308 eam

478 2373 691 2427 gemere
715 2373 776 2411 ac
800 2357 1059 2426 parturire
1080 2397 1094 2420 ,
1129 2353 1238 2407 noli
1265 2353 1465 2406 ratione
1496 2351 1767 2419 prretlitam
1800 2349 1941 2402 illam
1970 2363 2060 2400 ar—

480 2448 682 2513 bitrari,
708 2447 798 2500 sed
829 2447 1021 2499 itlioma
1043 2443 1328 2511 Scriptura!
1352 2441 1600 2509 intellige.
1627 2438 1758 2494 Cum
1786 2439 1925 2492 enim
1950 2439 2059 2491 vult

480 2539 616 2592 licus
657 2536 958 2589 hominibus
1004 2548 1249 2603 magnum
1291 2530 1487 2600 aliquid
1532 2545 1594 2583 ac
1630 2529 1920 2598 jucundum
1965 2544 2059 2596 per

479 2627 762 2697 prophetas
787 2624 1122 2688 annuntiare,
1155 2623 1294 2691 ipsas
1319 2622 1476 2675 etiam
1505 2636 1592 2674 res
1619 2620 1932 2674 iuanimatas
1961 2621 2058 2672 litt-

472 2722 548 2790 git
577 2719 973 2784 miraculorum,
1000 2732 1117 2786 qua:
1147 2714 1298 2785 lium,
1319 2731 1347 2765 n
1371 2711 1728 2784 agnitudinem
1761 2712 2053 2781 percipere,

475 2827 579 2866 non
616 2811 754 2880 quod
786 2823 954 2864 sensu
985 2806 1255 2878 praeditam
1288 2819 1405 2858 esse
1446 2814 1742 2858 creaturam
1772 2803 2015 2857 dicamus
2037 2843 2054 2869 ,

473 2903 566 2958 sed
611 2911 667 2956 ut
707 2916 799 2971 per
831 2915 892 2956 ea
923 2915 1040 2970 quzc
1086 2897 1388 2951 hominibus
1415 2895 1676 2966 quadraut
1699 2937 1714 2960 ,
1749 2894 2054 2964 magnitudo

476 2993 848 3048 miraculm'um
876 2989 1099 3061 exprimi
1133 2988 1318 3058 possit.
1350 2987 1459 3040 lloc
1490 2987 1735 3040 nimirum
1763 2996 1813 3040 et
1844 3001 1938 3040 nos
1966 2987 2052 3040 di-

471 3102 594 3141 rere
620 3086 854 3139 solemus
875 3124 891 3148 ,
919 3098 1038 3136 cum
1072 3079 1398 3148 inopinatum
1424 3077 1546 3148 quid
1571 3075 1866 3148 accideritf
1886 3081 2050 3147 ipsam

473 3177 655 3230 urbem
681 3187 800 3228 esse
824 3173 1189 3227 eontristatam
1217 3213 1231 3234 ,
1263 3169 1434 3223 solum
1466 3169 1634 3238 ipsum
1663 3169 1906 3222 mtestius
1930 3185 2050 3223 esse

472 3264 758 3339 redditum]
786 3266 886 3334 (τι),
915 3272 1110 3318 etcum
1141 3260 1208 3315 de
1237 3261 1394 3315 szevis
1431 3275 1492 3313 ac
1525 3259 1845 3313 terribilibus
1873 3273 2050 3312 sermo

473 3362 529 3413 lit
557 3357 857 3412 hominibus
886 3370 948 3408 ac
977 3354 1142 3408 ferina
1174 3359 1350 3406 mente
1381 3350 1615 3420 prmditis
1640 3392 1654 3415 ,
1686 3351 1753 3403 ita
1783 3350 1902 3419 quis
1933 3351 2047 3418 ple-

471 3464 693 3519 rumque
741 3447 974 3515 loquitur
1007 3463 1018 3497 :
1057 3445 1174 3512 Ipsa
1222 3442 1562 3497 fundamenta
1601 3443 1907 3507 concussit,
1950 3442 2047 3510 ipsi

471 3541 672 3610 lapides
699 3554 820 3593 eum
855 3538 1142 3590 titnuertmt
1173 3553 1187 3588 :
1223 3551 1325 3588 non
1373 3535 1515 3604 quod
1561 3535 1701 3589 hunc
1745 3534 1947 3602 lapides
1989 3549 2048 3589 re

470 3649 590 3686 vera
625 3628 915 3691 timuerit,
945 3627 1037 3681 sed
1067 3636 1124 3680 ut
1151 3640 1410 3678 summam
1437 3623 1615 3680 cordis
1645 3625 1760 3695 ejus
1785 3624 2047 3678 feritatem

453 3717 521 3777 .et
551 3722 782 3775 furorem
826 3719 1028 3789 possint
1055 3716 1374 3785 exprimere.
1429 3713 1537 3768 llar
1583 3715 1742 3769 etiam
1786 3715 1853 3768 de
1893 3729 2049 3768 causa

453 3811 722 3866 .mirabilis
751 3807 1006 3880 propheta
1039 3806 1200 3861 David
1229 3821 1322 3872 ea,
1355 3819 1477 3877 quae
1499 3804 1698 3860 Judreis
1723 3813 2048 3870 evenerant,

451 3904 604 3957 'hona
625 3915 1078 3960 commemorans,
1107 3912 1331 3967 eamque
1357 3897 1700 3966 voluptatem,
1724 3910 1824 3965 qua
1855 3893 2050 3964 pmfusr

466 4005 612 4047 erant
642 4034 657 4058 ,
690 4006 808 4045 cum
839 3989 1073 4061 Egypto
1103 3987 1311 4042 liberati
1353 3996 1475 4042 sunt
1501 4024 1516 4048 ,
1547 3987 1790 4042 dicebat:
1820 3985 1886 4039 In
1915 3987 2051 4040 exitu

473 4084 492 4135 Ι
501 4083 631 4136 srael
655 4083 717 4134 de
743 4079 993 4150 zEgypto,
1022 4079 1200 4132 domus
1227 4076 1385 4130 Iacob
1410 4076 1678 4145 de'popttlo
1703 4076 1934 4142 barbaro,
1964 4076 2050 4146 fa-

465 4186 546 4228 rta
585 4183 656 4226 est
692 4172 879 4224 Judtea
917 4169 1248 4235 sanctiﬁcatio
1279 4170 1428 4238 ejus,
1464 4166 1632 4220 Israel
1669 4176 1886 4236 potestas
1915 4167 2044 4233 eius.

468 4265 612 4318 Mare
648 4264 770 4317 vidit
810 4271 855 4316 et
885 4261 1047 4332 fugit,
1078 4258 1324 4312 Iordanis
1361 4275 1625 4312 conversus
1649 4269 1719 4312 est
1747 4268 2042 4313 retrorsum.

467 4355 665 4411 Montes
703 4356 1074 4409 exsultaveruut
1118 4361 1170 4404 ut
1213 4351 1390 4404 arietes
1415 4391 1430 4413 ,
1476 4361 1521 4403 et
1565 4349 1717 4403 colles
1757 4351 1884 4403 sicut
1926 4351 2045 4421 agni

456 4449 645 4515 ovium,
671 4463 703 4500 a
728 4446 857 4516 {acie
876 4443 1080 4499 Domini
1110 4441 1288 4515 (Psal.
1319 4442 1440 4496 H5.
1475 4440 1608 4512 l-t).
1637 4440 1748 4495 Hoc
1776 4456 1902 4495 vero
1931 4442 2048 4496 ttul-

458 4540 544 4593 lus
573 4540 814 4593 evenisse
841 4552 1096 4606 umquam
1134 4533 1352 4589 audivit.
1386 4533 1520 4588 Nam
1561 4547 1712 4587 mare
1749 4531 1962 4602 quidem
1993 4542 2048 4589 et

461 4630 706 4684 Jordanis
736 4639 1027 4683 retrorsum
1059 4627 1148 4682 Dei
1173 4627 1324 4696 jussu
1351 4640 1604 4680 conversa
1634 4633 1759 4678 sunt
1790 4641 1803 4676 :
1836 4633 2044 4679 montes

461 4732 636 4776 autem
664 4730 716 4773 ct
745 4719 910 4774 colles
937 4735 1041 4773 non
1067 4719 1497 4784 cxsultaverunt,
1529 4717 1620 4771 sed
1639 4760 1653 4782 ,
1683 4727 1742 4771 ut
1763 4727 1885 4772 ante
1909 4717 2039 4785 dixi,

459 4828 580 4865 cum
606 4825 867 4864 summam
889 4809 1210 4880 voluptatem
1234 4808 1392 4864 vellet
1412 4809 1730 4880 exprimere,
1749 4824 1811 4862 ac
1834 4811 2041 4864 relaxa-

459 4905 656 4959 tioucm
687 4919 752 4958 ex
781 4900 1089 4974 [Egyptiaca
1120 4901 1399 4956 vexatione
1429 4917 1546 4970 qua:
1576 4901 1677 4956 illis
1704 4903 2038 4970 contigerat,

436 5015 544 5053 tres
573 4999 732 5052 etiam
765 4997 1080 5050 inanimatas
1103 4995 1371 5050 exsultare
1401 4994 1629 5059 dicebat,
1662 5009 1724 5048 ac
1750 4993 2041 5063 alltdittt'e

458 5100 676 5161 propter
702 5104 761 5142 ea
803 5087 939 5141 bona
961 5129 974 5149 .
1007 5101 1125 5157 quae
1155 5085 1257 5140 illis
1287 5085 1612 5139 obvenerant
1644 5102 1657 5139 :
1692 5084 2039 5153 quemadmo-

453 5183 580 5234 dum
611 5197 731 5235 cmn
760 5180 910 5234 triste
937 5177 1203 5248 quidpiam
1238 5177 1480 5230 numiare
1505 5176 1748 5242 voluerit,
1777 5176 1915 5245 quod
1945 5192 2041 5229 no-

454 5275 562 5327 stra
598 5272 750 5326 nobis
776 5281 988 5340 peccata
1016 5268 1340 5339 pepererint,
1377 5267 1467 5332 ait,
1502 5266 1708 5337 Lugebit
1737 5268 1928 5333 vinum,
1959 5269 2040 5321 lu-

453 5364 582 5432 gebit
608 5373 652 5416 et
677 5362 789 5415 vitis
819 5360 836 5432 (
861 5357 1035 5414 Hemi.
1068 5359 1154 5413 24.
1183 5357 1257 5430 7)
1285 5375 1300 5413 :
1331 5367 1387 5414 et
1411 5359 1556 5425 alibi,
1595 5357 1699 5413 Via:
1725 5359 1852 5413 'Sion
1871 5361 2040 5430 lugent

458 5453 681 5523 (Thren.
720 5451 990 5524 1,4):sed
1011 5456 1063 5505 et
1111 5449 1395 5520 lacrymari
1435 5465 1522 5504 res
1560 5463 1719 5504 sensu
1762 5449 2040 5505 destitutis

388 5532 396 5538 ’
454 5547 548 5612 ait,
575 5547 710 5600 Muri
734 5548 856 5615 ﬁlia:
872 5546 996 5600 Sion
1020 5545 1249 5598 deducite
1282 5543 1568 5614 lacryntasl
1594 5541 1778 5598 Thren.
1803 5543 1856 5598 Ξ.
1883 5543 1988 5613 l8)
2023 5562 2037 5598 :

519 5681 592 5741 (τι)
627 5690 738 5736 qua
763 5681 951 5728 uncinis
982 5679 1270 5729 clauduntur
1311 5680 1517 5729 deerant
1549 5679 1598 5727 in
1631 5677 1795 5740 Editis,
1830 5679 1918 5730 sed
1952 5680 2039 5731 ba—

457 5743 631 5790 beuttt'
657 5743 704 5791 in
732 5751 833 5791 uss.
859 5749 904 5788 et
928 5755 953 5790 a
981 5749 1218 5791 I-rontoue
1240 5749 1410 5792 nauseo
1433 5742 1560 5791 lecta
1577 5749 1708 5790 stult.

1235 315 1290 372 S.
1335 313 1610 372 JOANNIS
1648 305 2118 370 CllltYSOSTUMl
2161 308 2472 364 AltClllEl’.
2515 308 3046 367 CONSTANTIXOP.

3661 309 3760 367 illo

2185 419 2289 475 imo
2328 431 2381 476 et
2424 430 2618 478 terram
2665 426 2829 495 ipsam
2871 435 2926 480 et
2959 425 3196 486 Judcatn
3236 425 3416 496 lugere
3446 422 3571 481 dicit
3605 439 3764 498 atque

2179 515 2381 569 ebriam
2408 532 2526 570 esse
2568 518 2796 583 tristitia,
2827 534 2928 572 non
2952 519 3090 588 quod
3117 518 3230 574 haec
3254 518 3518 574 elementa
3551 519 3604 575 id
3635 537 3759 578 sen-

2181 605 2343 671 tiant,
2391 606 2514 669 sed,
2546 618 2598 660 ιιι
2639 619 2761 662 ante
2785 608 2927 676 dixi,
2957 608 3330 677 prophetarum
3361 611 3721 681 unusquisque
3742 656 3757 679 ,

2176 695 2305 752 dum
2337 698 2570 754 iudicare
2598 701 2709 754 vult
2735 701 3000 770 ingentem
3034 701 3291 756 bonorqu
3319 705 3759 772 magnitudinem,

2173 803 2292 857 quae
2342 789 2478 843 Deus
2525 790 2772 860 largitur,
2821 802 2874 846 et
2909 793 3332 862 suppliciorum,
3378 809 3498 864 quze
3542 807 3761 868 propter

2173 880 2374 935 scelera
2409 892 2588 936 nostra
2625 885 2779 939 nobis
2817 883 3140 954 infliguntur,
3174 886 3243 938 ita
3289 886 3522 956 loquitttr
3551 904 3563 940 :
3599 905 3759 958 quam

2173 970 2241 1024 ob
2287 987 2501 1026 causam
2543 975 2724 1028 beatus
2766 975 2925 1028 etiam
2970 974 3162 1029 Paulus
3203 987 3501 1043 creaturam
3531 977 3759 1047 iugi-mi-

2171 1072 2407 1118 scentem
2435 1079 2499 1120 ac
2536 1063 2800 1120 dolentem
2830 1065 3142 1133 introducit,
3173 1075 3230 1122 ut
3256 1068 3346 1122 Dei
3374 1068 3634 1124 donorum
3667 1088 3758 1125 ex-

2175 1155 2401 1221 primere
2427 1156 2594 1225 possit
2632 1157 3045 1227 magnitudinem
3065 1201 3079 1224 ,
3103 1173 3220 1230 quzc
3250 1174 3348 1214 nos
3379 1169 3498 1229 post
3521 1160 3657 1216 hanc
3685 1162 3760 1214 vi-

2173 1253 2278 1299 lztttt
2307 1246 2588 1315 excipient.
2949 1250 2969 1265 ”

2241 1337 2293 1390 5.
2330 1336 2628 1408 Magnitudo
2657 1357 2823 1394 rerum
2867 1359 2991 1412 quas
3032 1342 3204 1411 adepti
3240 1360 3434 1398 sumus.
3464 1375 3533 1385 —
3560 1345 3753 1402 Verum

2172 1429 2285 1483 haec
2309 1432 2485 1485 omnia
2515 1443 2638 1486 sunt
2665 1432 2716 1487 in
2747 1448 2876 1502 spe,
2901 1434 3042 1490 dicet
3070 1436 3330 1506 quispiam
3358 1453 3373 1490 ε
3405 1438 3756 1506 pusillanimis

2169 1533 2344 1577 autem
2361 1540 2422 1578 ac
2441 1525 2602 1580 miser
2623 1525 2803 1593 homo,
2829 1542 2932 1581 non
2953 1529 3020 1582 ita
3041 1528 3244 1599 pridem
3274 1529 3342 1583 ab
3364 1529 3659 1586 idololatria
3686 1533 3754 1587 lio

2171 1614 2385 1670 beratus
2409 1656 2425 1680 ,
2459 1632 2633 1687 neque
2662 1617 2786 1672 dum
2819 1620 2992 1674 sciens
3021 1619 3089 1674 de
3116 1619 3274 1674 rebus
3304 1620 3492 1677 futuris
3520 1623 3753 1693 philoso-

2173 1704 2320 1773 phart
2347 1746 2358 1768 ,
2392 1721 2495 1760 non
2535 1706 2820 1762 admodum
2851 1707 2932 1763 his
2961 1709 3298 1764 sermonibus
3327 1711 3631 1782 corrigitur,
3659 1713 3753 1768 sed

2171 1797 2224 1850 itt
2254 1799 2498 1864 praesenti
2530 1807 2768 1869 tempore
2795 1799 3212 1855 considatinnem
3244 1801 3473 1871 aliqttam
3500 1811 3647 1873 optat
3671 1805 3754 1860 iu-

2171 1891 2372 1944 venire.
2403 1889 2606 1946 Idcirco
2633 1891 2880 1945 nimirum
2907 1901 2960 1946 et
2985 1893 3202 1960 sapiens
3230 1893 3314 1946 hic
3343 1893 3614 1964 magister,
3641 1896 3754 1949 cui-

2168 1995 2270 2050 que.
2296 1994 2418 2035 nata
2449 1991 2572 2036 sunt
2596 1984 2794 2048 omnia,
2830 1999 2932 2036 non
2964 1984 3120 2036 modo
3141 2000 3203 2037 ex
3233 1983 3385 2038 bonis
3413 1985 3600 2038 futuris
3619 2001 3750 2040 con-

2168 2075 2390 2138 solatur,
2422 2073 2516 2129 sed
2541 2091 2605 2131 ex
2631 2076 2980 2144 praesentibus
3005 2078 3163 2130 etiam
3191 2078 3486 2132 commodis
3505 2078 3751 2133 cohorta-

2167 2173 2273 2221 tur.
2309 2171 2380 2221 Ac
2412 2169 2636 2237 primmu
2679 2169 2890 2238 quidem
2918 2185 2978 2222 ea
3000 2211 3014 2232 ,
3047 2185 3165 2238 qua:
3190 2170 3298 2236 jatu
3331 2170 3444 2222 orbi
3487 2179 3748 2225 terrarum

2166 2257 2491 2311 obvenerant
2515 2299 2528 2320 .
2571 2259 2711 2313 bona
2739 2269 3120 2314 commemorat
3143 2301 3157 2319 ,
3189 2277 3305 2328 qute
3343 2276 3450 2314 non
3493 2261 3543 2314 itt
3575 2277 3668 2330 spe
3696 2272 3750 2317 et

2165 2365 2328 2419 exs-pe
2350 2349 2559 2404 latione
2601 2351 2699 2405 sita
2741 2360 2891 2405 erant
2914 2391 2929 2416 ,
2961 2351 3054 2406 sed
3082 2352 3270 2420 quibus
3300 2353 3471 2421 rcipsa
3499 2352 3747 2407 frueban-

2168 2450 2251 2493 tur
2281 2459 2292 2492 :
2325 2457 2444 2510 qua:
2474 2441 2766 2496 futurorum
2791 2483 2804 2503 ,
2837 2454 2888 2496 et
2917 2458 3102 2496 eorum
3147 2459 3265 2512 quze
3307 2454 3588 2510 Spe-rantur
3634 2461 3745 2497 ma-

2165 2531 2304 2584 xima
2326 2542 2404 2584 ρει
2427 2541 2480 2584 et
2504 2531 2898 2586 evidentissima
2923 2532 3308 2586 demonstratio
3331 2551 3343 2586 :
3367 2548 3592 2600 cumque
3615 2534 3748 2588 bene

2162 2620 2378 2689 longum
2404 2619 2471 2674 de
2501 2620 2602 2674 lide
2628 2635 2931 2674 sermonem
2957 2621 3230 2684 texuissm,
3254 2631 3412 2690 atque
3437 2622 3746 2690 patriar-elue

2164 2710 2430 2763 Abraham
2453 2711 2774 2765 mentionem
2806 2709 3036 2776 fecisset,
3063 2712 3148 2780 qui
3182 2712 3305 2765 licet
3335 2713 3628 2768 reluctante
3657 2729 3747 2768 na-

2158 2811 2278 2857 tura
2319 2804 2549 2872 speravit
2583 2813 2758 2857 tamen
2795 2820 2853 2858 se
2884 2812 3085 2871 patrem
3117 2803 3392 2869 futurum,
3421 2808 3748 2874 exspectavit

2161 2903 2214 2946 et
2259 2891 2518 2955 credidit,
2550 2903 2876 2963 quapropter
2915 2905 2966 2948 et
3013 2895 3226 2948 tandem
3271 2893 3363 2948 fuit
3395 2915 3408 2950 :
3441 2895 3564 2950 inde
3593 2897 3744 2951 ducta

2161 2986 2439 3040 occasione
2463 2987 2787 3052 cohortatur,
2817 2997 2873 3039 ut
2899 3002 3180 3056 numquam
3200 2986 3266 3040 ad
3289 2988 3744 3043 ratiocitmtionum

2164 3078 2522 3133 infirmitatem
2548 3079 2874 3144 delabamur,
2898 3079 2988 3133 sed
3019 3081 3226 3134 animos
3251 3091 3459 3134 nostros
3489 3082 3747 3148 magnitu-

2159 3171 2282 3226 dine
2299 3171 2415 3226 Iidei
2434 3172 2715 3240 erigamus,
2733 3172 3050 3231 attollamus.
3067 3181 3118 3225 et
3131 3171 3233 3225 alta
3251 3173 3514 3241 sapiamus
3533 3190 3537 3220 :
3555 3171 3747 3226 deinde

2155 3281 2336 3318 rerum
2357 3307 2370 3327 ,
2395 3281 2530 3335 quas
2559 3264 2734 3334 adepti
2759 3265 2867 3333 jam
2899 3279 3082 3318 sumus
3105 3307 3118 3328 ,
3157 3265 3384 3332 explicat
3415 3263 3742 3332 dignitatem.

2159 3355 2410 3422 Quantam
2444 3355 2526 3408 illa
2555 3370 2710 3423 porro
2729 3366 2812 3409 est
2836 3355 2859 3408 ‘i
2885 3354 3032 3420 Quod
3067 3353 3312 3408 nimirum
3341 3353 3529 3408 Filium
3555 3369 3705 3407 suum
3724 3395 3739 3417 ,

2160 3449 2356 3517 inquit,
2391 3449 2750 3516 unigenitum,
2779 3446 3066 3516 genuinum
3086 3487 3104 3511 ,
3136 3445 3540 3499 dilectissimum
3561 3485 3576 3508 ,
3607 3444 3744 3498 hunc

2161 3541 2298 3594 Deus
2329 3555 2424 3606 pro
2455 3538 2604 3592 nobis
2633 3537 2908 3592 sceleratis
2941 3536 3109 3590 servis
3143 3534 3326 3597 dedit,
3359 3545 3411 3588 et
3453 3534 3742 3588 inmnneris

2160 3633 2390 3700 peccatis
2418 3639 2665 3699 gravatos
2687 3669 2702 3691 ,
2736 3627 3000 3696 tantisque
3029 3627 3337 3680 delictorum
3364 3625 3616 3678 oneribus
3643 3640 3740 3692 op-

2160 3736 2371 3791 pressos
2402 3737 2506 3774 non
2534 3735 2562 3773 a
2595 3719 2824 3790 peccatis
2851 3720 3022 3771 solum
3052 3718 3330 3782 liberavit,
3365 3717 3458 3770 sed
3491 3726 3543 3771 ct
3567 3717 3740 3786 jnstos

2159 3811 2331 3866 elTecit
2355 3854 2368 3871 .
2398 3811 2526 3865 nihil
2555 3825 2720 3880 grave
2746 3809 3019 3876 imperans
3048 3817 3137 3861 aut
3164 3806 3481 3860 laboriosum
3513 3815 3602 3860 attt
3626 3821 3713 3860 mo

2157 3904 2383 3967 lestum,
2430 3900 2524 3956 sed
2565 3899 2719 3955 tidem
2769 3915 2796 3952 a
2843 3898 2997 3952 nobis
3039 3907 3238 3950 tantum
3270 3898 3546 3964 requirens
3567 3896 3738 3964 justas

2155 3994 2405 4059 reddidit,
2435 4004 2646 4047 sanctos
2674 3991 2867 4055 elfccit,
2899 3991 2948 4043 in
2982 3989 3075 4044 Dei
3105 3989 3240 4042 filius
3267 3988 3555 4056 adtqitavit,
3582 3988 3736 4044 here-

2157 4085 2250 4138 des
2283 4082 2427 4151 regni
2460 4082 2686 4137 instituit
2712 4123 2726 4145 ,
2759 4081 3026 4149 Unigcniti
3055 4079 3347 4133 colteretbs
3376 4080 3696 4133 renuntiavit
3718 4119 3733 4144 ,

2157 4173 2600 4228 resin-rectionem
2631 4169 2872 4240 premisit
2895 4212 2908 4232 ,
2939 4185 3221 4238 corporum
3251 4169 3733 4239 ineorruplionem,

2153 4264 2510 4318 conditionem
2540 4271 2594 4317 et
2619 4270 2816 4317 sortem
2848 4261 3089 4317 eamdem
3117 4277 3236 4315 cum
3263 4262 3484 4332 angelis,
3511 4277 3628 4332 quae
3653 4277 3738 4315 ra-

2153 4359 2349 4411 tionem
2378 4370 2590 4409 onmem
2621 4369 2684 4409 ac
2717 4363 2952 4408 mentem
2987 4361 3309 4422 exsuperat,
3355 4351 3734 4408 habitationem

2153 4451 2204 4503 in
2233 4449 2377 4503 ca‘lis
2397 4489 2412 4514 ,
2441 4450 2898 4502 conversationem
2927 4461 3048 4500 cum
3081 4446 3195 4515 ipso
3217 4486 3232 4510 ,
3263 4459 3326 4498 ac
3355 4444 3583 4514 Spiritus
3609 4460 3735 4500 san-

2151 4543 2219 4596 cti
2250 4544 2472 4610 gratiam
2499 4541 2606 4610 jam
2631 4540 2758 4594 inde
2787 4539 2939 4592 nobis
2967 4537 3172 4600 effudit,
3203 4553 3234 4592 a
3259 4537 3458 4592 diaboli
3490 4553 3587 4592 nos
3615 4553 3739 4606 pos-

2151 4636 2388 4687 sessione
2420 4633 2680 4692 liberm-it.
2709 4647 2810 4685 nos
2834 4647 2862 4685 a
2893 4631 3191 4684 dwmonnm
3221 4630 3474 4684 servitute
3501 4630 3737 4684 vindica-

2151 4726 2243 4788 vit,
2276 4734 2548 4794 peccatum
2576 4723 2857 4787 destruxit,
2884 4722 3312 4792 maledictionem
3339 4721 3569 4783 sustulit,
3603 4721 3736 4776 infe-

2149 4833 2327 4872 rorum
2361 4827 2539 4885 portas
2567 4813 2828 4882 confregit
2850 4855 2864 4878 ,
2895 4812 3196 4882 paradisqu
3228 4813 3428 4881 aperuit
3456 4854 3471 4878 ,
3505 4827 3608 4866 nou
3640 4827 3742 4866 an-

2147 4911 2343 4978 gelum,
2377 4923 2481 4961 non
2509 4905 2908 4975 archangelum,
2941 4905 3031 4960 sed
3065 4906 3237 4974 ipsum
3266 4903 3604 4976 Unigenitum
3641 4921 3739 4974 pro

2148 5003 2316 5054 salute
2347 5008 2525 5053 nostra
2555 4998 2718 5063 misit,
2747 4998 2884 5051 sicut
2909 5013 3005 5068 per
3033 4997 3346 5066 prophetam
3379 4998 3580 5068 inquit,
3615 4997 3739 5052 Non

2147 5093 2356 5162 legatus,
2389 5107 2546 5160 neque
2570 5090 2800 5160 angelus,
2828 5090 2916 5143 sed
2944 5091 3052 5158 ipse
3077 5087 3326 5144 Dominus
3350 5090 3516 5143 salvos
3545 5107 3636 5142 nos
3666 5092 3742 5158 [e-

2146 5185 2210 5237 cit
2241 5181 2443 5253 (llesai.
2471 5183 2556 5236 63.
2585 5181 2660 5251 9).
2709 5181 2832 5234 llzec
2871 5196 3047 5234 nonne
3085 5181 3349 5234 sexcentis
3374 5181 3740 5247 Splendidiora

2147 5285 2269 5329 sunt
2286 5273 2530 5328 coronis?
2553 5271 2691 5342 quod
2707 5271 3016 5326 sanctiﬁcati
3039 5271 3257 5325 sumus?
3273 5271 3410 5340 quod
3425 5271 3650 5339 jusrillca
3668 5271 3743 5324 ti?

2145 5364 2286 5435 quod
2329 5379 2420 5434 per
2450 5365 2603 5417 (idem
2625 5363 2648 5417 ?
2674 5363 2817 5432 quod
2860 5362 3135 5431 unigenito
3165 5361 3258 5416 Dei
3289 5360 3424 5416 Filio
3455 5377 3550 5429 pro
3581 5361 3740 5414 nobis

2149 5457 2545 5511 descendente?
2575 5455 2712 5525 qttod
2755 5455 2910 5509 Patre
2940 5453 3128 5507 Filiam
3150 5468 3301 5507 suum
3329 5453 3738 5507 dilectissimum

2150 5560 2366 5623 propter
2391 5565 2490 5604 nos
2516 5548 2806 5603 tradente?
2830 5547 2970 5616 quod
3009 5547 3263 5616 Spiritum
3303 5557 3544 5600 ιςιηοιιιιη
3577 5560 3738 5600 acce-

2150 5643 2365 5714 pimus!
2391 5640 2530 5711 quod
2557 5655 2676 5694 cum
2705 5639 2850 5692 omni
2879 5639 3173 5693 facilitate?
3199 5637 3337 5707 quod
3366 5636 3580 5706 capiosa
3608 5653 3732 5706 gra-

2153 5735 2222 5790 tia
2261 5733 2505 5804 donoque
2546 5731 2694 5802 potiti
2739 5730 2961 5785 sumus?
2990 5728 3084 5785 llis
3131 5730 3304 5798 itaque
3345 5728 3498 5782 dictis
3527 5737 3732 5782 etcum
