4096 6222
355 276 448 336 ιω

354 399 421 454 Τὸ
446 398 551 467 γὰρ
583 398 919 466 παραυτίκα
950 397 1216 466 ἐλαφρὸν
1242 394 1355 468 τῆς
1383 403 1643 471 θλίψεως
1662 417 1676 431 ·
1704 407 1769 474 τῇ
1816 420 1901 455 πο-

351 483 525 550 σότητι
555 481 653 551 τὴν
699 481 958 552 ποιότητα
996 478 1448 553 ὑποτεμνόμενος,
1479 486 1573 539 καὶ
1602 486 1678 557 τῷ
1728 485 1902 556 χρόνῳ

343 565 402 618 τὸ
424 566 673 635 φορτικὸν
716 563 1227 636 παραμυθούμενος.
1267 564 1483 640 Ἐπειδὴ
1516 571 1624 641 γάρ
1656 573 1721 640 τῇ
1745 569 1901 638 φύσει

348 646 508 718 βαρέα
530 648 621 701 καὶ
652 649 882 716 φορτικὰ
904 642 972 716 ἦν
1015 646 1081 700 τά
1100 643 1216 702 τότε
1238 650 1610 720 συμϐαίνοντα,
1632 653 1708 724 τῷ
1730 664 1896 722 προσ-

351 732 513 804 καίρῳ
574 732 634 784 τὸ
703 728 960 802 φορτικὸν
1014 730 1193 783 αὑτῶν
1241 731 1633 801 ὑποτέμνεται,
1694 732 1899 800 λέγων·

347 812 417 865 Τὸ
454 813 560 881 γὰρ
602 814 939 881 παραυτίκα
982 812 1247 881 ἐλαφρὸν
1288 812 1398 881 τῆς
1449 816 1705 883 θλίψεως
1738 814 1903 883 ἡμῶν

341 897 461 948 καθ’
476 893 818 963 ὑπερϐολὴν
844 898 930 960 είς
962 895 1303 962 ὑπερϐολὴν
1328 896 1565 951 αἰώνιον
1583 897 1772 966 βάρος
1801 898 1899 951 δό-

342 978 448 1044 ξης
471 977 874 1046 κατεργάζεται
910 977 1071 1046 ἡμῖν,
1093 978 1177 1047 μὴ
1219 980 1605 1035 σκοπούντων
1635 982 1803 1050 ἡμῶν
1832 981 1902 1034 τὰ

335 1061 697 1129 βλεπόμενα,
723 1061 885 1114 ἀλλὰ
911 1059 982 1114 τὰ
1006 1060 1092 1129 μὴ
1114 1061 1485 1128 βλεπόμενα.
1521 1062 1598 1116 Τὰ
1624 1064 1731 1134 ¹γὰρ
1754 1065 1901 1127 βλε-

338 1143 578 1209 πόμενα,
602 1144 939 1211 πρόσκαιρα
957 1159 971 1173 ·
995 1144 1067 1196 τὰ
1087 1142 1153 1195 δὲ
1168 1142 1254 1211 μὴ
1273 1143 1642 1213 βλεπόμενα,
1674 1145 1894 1200 αιώνια.

339 1225 444 1279 Καὶ
467 1225 628 1280 πάλιν
651 1224 867 1294 ἀνάγων
907 1224 1101 1288 αὑτοὺς
1126 1227 1205 1288 εἰς
1242 1225 1341 1297 τὴν
1384 1226 1591 1281 ἔννοιαν
1615 1228 1709 1281 τοῦ
1741 1230 1902 1300 μεγέ-

337 1308 456 1372 θους
504 1309 612 1364 τῶν
651 1308 771 1362 τότε
819 1307 1060 1376 ἀγαθῶν,
1100 1308 1269 1380 αὐτὴν
1311 1311 1519 1378 εἰσάγει
1572 1311 1670 1382 τὴν
1727 1311 1900 1365 κτίσιν

335 1392 673 1463 ὸδυνωμένην
732 1391 826 1445 καὶ
875 1391 1302 1456 συστενάζουσαν
1358 1393 1452 1445 ἐπὶ
1501 1395 1613 1456 τοῖς
1668 1395 1899 1465 παροῦσι

338 1473 646 1546 μοχθηροῖς,
668 1475 761 1528 καὶ
787 1473 990 1544 σφόδρα
1017 1473 1388 1544 ἐπιθυμοῦσαν
1410 1475 1479 1528 τά
1508 1476 1793 1546 μέλλοντα,
1824 1477 1899 1540 ὡς

334 1557 470 1609 πάνυ
511 1556 640 1610 ὄντα
662 1555 877 1629 χρηστά
897 1596 912 1619 ,
939 1555 1113 1623 λέγων
1141 1556 1281 1610 οῦῖω
1299 1574 1313 1588 ·
1348 1559 1455 1612 Καὶ
1493 1557 1605 1627 γὰρ
1635 1560 1672 1627 ἡ
1703 1560 1899 1622 κτίσις

333 1637 678 1700 συστενάζει
719 1638 816 1693 καὶ
862 1637 1183 1691 συνωδίνει
1224 1639 1362 1708 ἄχρι
1413 1639 1520 1693 τοῦ
1566 1640 1700 1694 νῦν.
1743 1639 1897 1703 Τίνος

334 1720 516 1775 ινεκεν
566 1722 844 1788 στενάζει;
888 1722 1030 1785 τίνος
1061 1722 1245 1776 ἕνεκεν
1278 1722 1489 1789 ὠδίνεις
1523 1723 1604 1776 Τά
1638 1723 1900 1794 μέλλοντα

331 1805 511 1858 ἐκεῖνα
556 1804 907 1877 προσδοκῶσα
952 1804 1131 1874 ἀγαθά
1168 1805 1261 1859 καὶ
1294 1805 1635 1876 ἐπιθυμοῦσα
1677 1806 1775 1876 τὴν
1807 1805 1898 1857 ἐπὶ

329 1887 387 1938 τὸ
419 1885 623 1956 βέλτιον
666 1886 985 1960 μεταϐολήν.
1018 1888 1126 1943 Kal
1150 1888 1261 1956 γὰρ
1293 1887 1392 1943 καὶ
1433 1886 1608 1956 αὐτὴ,
1634 1888 1819 1959 φησὶν,
1857 1888 1895 1954 ἡ

331 1969 521 2035 κτίσις
548 1970 1086 2040 ἐλευθερωθήσεται
1146 1969 1264 2024 ἀπὸ
1304 1969 1415 2039 τῆς
1457 1970 1736 2036 δουλείας
1790 1967 1900 2035 τῆς

326 2049 547 2119 φθορᾶς
612 2055 700 2118 εἰς
752 2052 868 2121 τὴν
937 2052 1284 2119 ἐλευθερίαν
1354 2051 1465 2120 τῆς
1528 2052 1713 2120 δόξης
1780 2050 1901 2104 τῶν

326 2132 552 2187 τέκνων
570 2135 677 2189 τοῦ
724 2135 890 2190 Θεοῦ.
929 2136 1097 2188 Ὅταν
1139 2134 1196 2187 δὲ
1224 2134 1492 2207 ἀκούσῃς,
1531 2137 1613 2189 ὄτι
1650 2132 1899 2197 στενάζει

324 2216 416 2269 καὶ
450 2216 651 2282 ώδίνει,
678 2218 752 2289 μὴ
791 2218 1015 2288 λογικὴν
1053 2213 1187 2269 εἶναι
1238 2215 1620 2287 νόμιζε.’ἀλλά
1662 2217 1899 2288 μάνθανε

324 2305 420 2373 τῆς
469 2302 691 2374 Γραφῆς
729 2303 791 2357 τδ
825 2298 979 2365 εἶδος.
1018 2303 1186 2356 Ὅταν
1231 2303 1340 2373 γάρ
1388 2302 1640 2374 βούληται
1689 2303 1719 2354 6
1770 2302 1919 2365 Θεὸς

324 2381 477 2460 [144]
500 2389 643 2459 μέγα
659 2388 754 2443 καὶ
775 2388 1006 2461 χρηστὸν
1029 2389 1342 2458 ἀναγγεῖλαι
1361 2390 1473 2452 τοῖς
1492 2387 1797 2458 ἀνθρώποις
1815 2387 1903 2441 διὰ

320 2478 430 2532 τῶν
452 2476 766 2550 προφητῶν,
793 2477 895 2545 και
913 2476 1051 2531 αὐτὰ
1081 2476 1148 2530 τά
1178 2476 1360 2547 ἀψυχα
1391 2475 1735 2530 αἰσθάνεσθαι
1762 2477 1905 2529 ποιεῖ

322 2564 430 2618 τῶν
456 2563 753 2634 γινομένων
786 2562 1078 2633 θαυμάτων
1103 2562 1162 2616 τὸ
1189 2563 1445 2633 μέγεθος·
1479 2563 1581 2616 οὑκ
1611 2562 1796 2633 ἐπειδὴ
1825 2564 1902 2616 αἰο

325 2649 617 2704 σθάνεσθαι
643 2649 742 2720 τὴν
776 2648 950 2703 κτίσιν
976 2649 1171 2720 φαμὲν,
1201 2649 1316 2702 ἀλλ’
1349 2649 1433 2702 ῖνα
1469 2649 1578 2705 τῶν
1607 2648 1900 2720 θαυμάτων

323 2737 382 2790 τὺ
409 2737 638 2808 μέγεθος
667 2737 1014 2809 παραστῆσαι
1046 2737 1244 2806 δυνηθῇ
1268 2738 1331 2790 ὲκ
1361 2738 1467 2791 τῶν
1499 2737 1901 2808 συμϐαινόντων

323 2824 434 2885 τοῖς
459 2820 785 2894 ἀνθρώποις.
822 2821 992 2875 Τοῦτο
1019 2821 1083 2894 δὴ
1121 2823 1214 2876 καὶ
1237 2823 1370 2893 ἡμῖν
1404 2823 1522 2886 ἔθος
1549 2824 1748 2893 λέγειν,
1773 2825 1901 2877 ὅταν

324 2924 374 2960 τι
397 2907 506 2962 τῶν
531 2907 809 2979 ἀδοκήτων
827 2909 1029 2979 συμϐῇ,
1048 2906 1151 2980 [ὅτι
1171 2908 1306 2980 αὑτὴ
1324 2911 1358 2979 ἡ
1373 2909 1526 2974 πόλις
1552 2911 1898 2978 ὲστύγνασεν,

325 2994 454 3048 αὑτδ
490 2994 552 3048 τὸ
602 2995 794 3065 ἔδαφος
843 2994 1161 3066 σκυθρωπὸν
1202 2997 1416 3064 ἐγένετο
1434 2996 1474 3068 ·]
1515 2998 1608 3050 καὶ
1654 2998 1746 3051 ὲπὶ
1794 2998 1900 3050 τῶν

325 3080 567 3152 φοϐερῶν
616 3081 673 3135 δὲ
716 3080 1017 3152 ἀνθρώπων
1063 3082 1157 3135 καὶ
1190 3081 1429 3153 θηριώδη
1467 3082 1634 3153 θυμὸν
1672 3083 1900 3153 ἐχόντων

326 3166 478 3221 τοῦτο
498 3166 632 3221 αὑτὸ
656 3169 798 3222 εἰποι
835 3186 920 3232 τις
945 3169 1038 3222 άν·
1066 3169 1147 3222 ὅτι
1183 3168 1322 3222 αὑτά
1354 3169 1418 3223 τὰ
1454 3168 1676 3239 θεμέλια
1707 3171 1901 3223 διέσει-

326 3270 434 3318 σεν,
468 3254 627 3308 αὐτοὶ
654 3256 702 3307 οἰ
728 3254 863 3308 λίθοι
890 3254 1051 3307 αὑτὸν
1083 3254 1387 3326 ὲτρόμαξαν
1406 3270 1421 3284 ·
1453 3256 1553 3308 οὑκ
1588 3255 1773 3326 ἐπειδὴ
1811 3256 1901 3309 δνοο

324 3355 428 3403 τως
459 3341 511 3393 οἱ
558 3339 695 3394 λίθοι
742 3340 931 3394 τοῦτον
978 3340 1302 3411 ὲτρόμαξαν,
1336 3341 1450 3394 ἀλλ’
1484 3342 1572 3395 ἵνα
1604 3341 1702 3413 τὴν
1730 3344 1901 3413 ὑπερ-

326 3425 481 3498 ϐολὴν
514 3427 616 3495 τῆς
648 3426 945 3498 θηριώδους
993 3426 1219 3497 καρδίας
1257 3427 1419 3482 αὑτοῦ
1465 3428 1559 3481 καὶ
1596 3429 1688 3482 τὸν
1730 3429 1911 3501 θυμὸν

328 3514 675 3585 παραστῆσαι
711 3513 999 3586 δυνηθῶσι.
1045 3514 1145 3567 Διά
1183 3515 1247 3587 δὴ
1292 3516 1449 3570 τοῦτο
1485 3518 1580 3571 καὶ
1619 3519 1647 3570 6
1688 3518 1900 3589 θαυμά-

329 3617 437 3665 σιος
472 3602 762 3673 προφήτης
791 3600 955 3654 Δαυῖδ
990 3601 1343 3670 ἀπαγγέλλων
1370 3604 1438 3656 τὰ
1482 3604 1662 3673 ἀγαθά
1695 3605 1764 3658 τά
1792 3608 1904 3669 τοῖς

338 3690 612 3755 Ἰουδαίοις
666 3691 968 3761 συμϐάντα,
1017 3692 1109 3746 καὶ
1166 3692 1263 3763 τὴν
1308 3693 1500 3765 ἡδονὴν
1545 3694 1645 3765 τὴν
1695 3696 1759 3747 ὲκ
1805 3693 1905 3762 τῆς

329 3776 639 3848 ἐλευθερίας
697 3777 970 3846 Αἰγύπτου
1029 3778 1382 3850 ἐγγινομένην
1432 3781 1631 3844 αὑτοῖς,
1682 3769 1898 3847 ἔλεγεν·

344 3864 437 3919 Ἐν
460 3863 656 3930 ἐξόδῳ
699 3865 935 3933 Ἰσραὴλ
958 3865 1027 3930 ἐξ
1052 3867 1373 3935 Αἰγύπτου,
1404 3867 1573 3920 οἴκου
1614 3867 1815 3921 Ἰακὼϐ
1836 3867 1906 3919 ἐκ

329 3954 473 4008 λαοῦ
490 3951 826 4021 βαρϐάρου,
847 3952 1102 4022 ἐγενήθη
1130 3952 1380 4007 Ἰουδαία
1408 3952 1670 4021 άγίασμα
1695 3953 1901 4017 αὑτοῦ,

340 4042 578 4111 Ἰσραὴλ
628 4041 879 4106 ἐξουσία
927 4041 1141 4097 αὐτοῦ·
1192 4041 1231 4108 ἠ
1288 4041 1567 4095 θάλασσα
1612 4036 1753 4103 εἶδε,
1808 4041 1905 4093 καὶ

330 4127 572 4201 lpum,
606 4132 640 4184 ό
671 4126 965 4195 Ἰορδάνης
1008 4126 1276 4197 ἐστράφη
1321 4129 1409 4195 εις
1458 4130 1531 4182 τὰ
1571 4127 1792 4181 ὀπίσω·
1836 4130 1906 4183 τὰ

332 4216 432 4285 ὄρη
459 4216 837 4284 ἐσκίρτησαν
863 4215 1005 4269 ὼσεί
1038 4213 1209 4283 κριοὶ,
1242 4214 1339 4268 καὶ
1374 4217 1425 4268 οί
1447 4213 1662 4279 βουνοί
1698 4216 1775 4282 ὠς
1798 4216 1903 4284 ἀρ·

332 4307 426 4360 νία
452 4306 786 4377 προϐάτων,
820 4306 937 4362 ἀπὸ
966 4304 1289 4373 προσώπου
1321 4306 1562 4372 Κυρίου.
1597 4306 1705 4359 Καὶ
1748 4306 1906 4359 τοῦτο

334 4392 569 4464 οὑδαμοῦ
595 4394 884 4464 γενόμενον
914 4391 1114 4463 ῆκουσέ
1146 4409 1248 4455 τις.
1278 4391 1341 4444 Ἦ
1374 4392 1471 4461 μὲν
1498 4391 1607 4463 γὰρ
1640 4392 1902 4455 θάλασσα,

336 4482 468 4536 καὶὸ
502 4480 774 4551 Ἰορδάνης
795 4479 1105 4550 άνεστράφη
1133 4480 1212 4542 εἰς
1236 4478 1305 4532 τὰ
1330 4478 1505 4531 ὀπίσω
1527 4479 1906 4549 προστάγματι

335 4568 425 4624 τοῦ
454 4569 629 4624 Θεοῦ·
657 4569 725 4623 τά
752 4569 808 4623 δὲ
844 4568 945 4640 ὅρη
987 4568 1081 4621 καὶ
1118 4570 1165 4621 οἰ
1210 4567 1385 4636 βουνοὶ
1415 4566 1515 4620 οὑκ
1549 4566 1904 4640 ὲσκίρτησαν·

337 4655 463 4720 ἀλλ’,
493 4656 635 4727 ὅπερ
674 4654 845 4726 ἔφθην
877 4653 1066 4714 εἰπὼν,
1094 4655 1192 4726 τὴν
1231 4653 1533 4723 ὑπερϐολὴν
1576 4658 1673 4725 τῆς
1714 4655 1907 4724 ἡδονῆς

338 4742 685 4815 παραστῆσαι
713 4740 1049 4813 βουλόμενος,
1092 4740 1184 4794 καὶ
1221 4739 1319 4811 τὴν
1360 4740 1540 4795 ἄνεσιν
1577 4739 1674 4811 τὴν
1712 4741 1774 4794 ἐκ
1810 4742 1907 4810 τῆς

339 4828 441 4881 τῶν
480 4829 795 4898 Αἰγυπτίων
822 4826 1119 4891 κακώσεως
1141 4826 1495 4898 ὑπηργμένην
1545 4826 1724 4889 αὑτοῖς
1743 4867 1756 4886 ,
1814 4827 1907 4879 καὶ

341 4915 471 4970 αὑτά
524 4916 593 4970 τά
640 4914 823 4986 ἀψυχα
867 4914 1086 4984 σκιρτᾷν
1130 4913 1280 4981 ἔλεγε
1325 4915 1419 4967 καὶ
1449 4912 1624 4985 πηδᾷν
1666 4912 1758 4966 ἐπὶ
1797 4915 1908 4975 τοῖς

343 5001 738 5073 συμϐεϐηκόσιν
767 5002 948 5063 αὑτοῖς
985 5002 1270 5072 χρηστοῖς·
1305 5000 1381 5064 ὼς
1422 5001 1549 5054 ὅταν
1588 5019 1639 5054 τι
1678 5000 1771 5056 καὶ
1815 4999 1907 5053 λυ-

344 5089 511 5163 πηρὸν
538 5089 880 5159 ’ἀπαγγεῖλαι
926 5088 1178 5159 βούληται
1221 5087 1281 5152 ἐξ
1336 5089 1607 5160 ἡμετέρας
1638 5088 1909 5160 ἁμαρτίας

341 5178 671 5249 τικτόμενον,
704 5176 865 5249 φησίν
885 5194 897 5207 ·
931 5175 1222 5242 Πενθήσει
1267 5171 1449 5240 οἶνος,
1484 5175 1771 5242 πενθήσει
1811 5176 1905 5230 καὶ

343 5261 631 5330 ἄμπελος·
688 5265 781 5317 καὶ
831 5261 1100 5333 ἀλλαχοῦ·
1153 5261 1307 5314 ’0δοί
1363 5261 1513 5314 Σιὼν
1552 5261 1906 5317 πενθοῦσιν·

343 5348 592 5404 ἀλλὰκαὶ
623 5349 875 5422 δακρύειν
913 5348 979 5402 τά
1020 5347 1316 5418 ἀναίσθητα
1358 5347 1532 5417 λέγει·
1573 5348 1772 5418 Τεῖχος
1811 5351 1916 5422 γὰρ

345 5436 629 5505 θυγατρὸς
650 5436 818 5501 Σιὼν,
843 5434 1134 5505 κατάγαγε
1164 5434 1415 5503 δάκρυα,
1460 5435 1627 5505 φησί·
1672 5438 1764 5490 καὶ
1811 5438 1908 5490 αῦ-

345 5523 443 5594 τῆν
464 5524 521 5578 δὲ
546 5524 643 5595 τὴν
669 5524 793 5594 γῆν,
820 5523 915 5578 καὶ
946 5522 1201 5577 Ἰουδαίαν
1238 5520 1452 5574 πενθεῖν
1498 5521 1643 5591 λέγει
1686 5523 1778 5576 καὶ
1818 5540 1912 5593 με-

347 5610 493 5667 θύειν
527 5616 589 5683 τῇ
618 5613 762 5684 λύπῃ
810 5612 905 5680 οὐχ
945 5611 1021 5674 ὡς
1064 5610 1170 5663 τῶν
1206 5610 1479 5680 στοιχείων
1512 5609 1911 5681 αἰσθανομένων

347 5699 563 5765 τούτοιν,
592 5698 704 5751 ἀλλ’
731 5702 863 5768 ὅπερ
890 5697 1054 5768 ἔφθην
1087 5696 1270 5761 εἰπὼν,
1301 5698 1526 5763 ἕκαστος
1560 5698 1665 5753 τῶν
1699 5717 1908 5771 προφη-

1353 290 1438 347 DE
1478 294 1736 350 omnm
1778 295 1840 350 IN
1885 279 2549 348 TRIBUL.\TIONIBUS.

3483 288 3585 345 160

2008 403 2117 456 τῶν
2173 403 2273 474 τὴν
2325 401 2628 474 ὑπερϐολὴν
2676 401 2783 454 τῶν
2829 402 2893 455 ὲκ
2942 401 3077 456 Θεοῦ
3118 403 3532 476 χορηγουμένων
3555 408 3577 435 ⁸

2009 490 2139 559 ἡμῖν
2164 488 2402 557 ἀγαθῶν,
2427 488 2523 542 καὶ
2543 487 2650 540 τῶν
2671 488 2948 558 τιμωριῶν
2972 490 3078 542 τῶν
3102 493 3167 543 ἐκ
3184 493 3284 562 τῆς
3307 490 3581 561 ἡμετέρας

2007 575 2203 637 κακίας
2234 574 2586 644 ἐπαγομένων
2614 576 2743 644 ἡμῖν
2781 574 3129 644 παραστῆσαι
3167 574 3361 629 θέλων·
3396 575 3476 629 διδ
3515 576 3578 647 δὴ

2006 663 2097 713 καὶ
2143 662 2171 713 ὁ
2212 662 2479 732 μακάριος
2519 660 2729 729 Παῦλος
2767 663 2859 714 καὶ
2900 661 3060 724 αὐτὸς
3104 661 3201 732 τὴν
3245 662 3419 715 κτίσιν
3469 665 3578 717 εἰσ-

2005 748 2128 815 άγει
2179 746 2536 810 στενάζουσαν
2581 746 2675 799 καὶ
2721 747 3084 817 όδυνωμένην,
3129 748 3215 801 ἵνα
3241 748 3300 801 τὺ
3356 748 3581 817 μέγεθος

2003 833 2111 886 τῶν
2136 833 2354 903 δωρεῶν
2388 833 2481 884 τοῦ
2514 831 2649 884 Θεοῦ
2686 831 2792 884 τῶν
2824 832 2960 902 μετά
2986 832 3156 886 ταῦτα
3198 832 3583 903 διαδεξομένων

2004 921 2150 990 ἡμᾶς
2185 918 2530 989 παραστῆσαι
2553 918 2773 988 δυνηθῇ.

2071 1012 2140 1073 γ’.
2180 1004 2342 1058 Ἀλλὰ
2370 1003 2543 1057 ταῦτα
2577 1004 2776 1070 πάντα,
2795 1004 2980 1074 φησὶν,
3006 1006 3064 1057 ὲν
3086 1005 3291 1060 ἐλπίσιν
3309 1023 3323 1037 ·
3346 1008 3374 1061 6
3402 1008 3459 1060 δὲ
3492 1025 3583 1078 μι-

2004 1093 2273 1163 κρόψυχος
2322 1091 2415 1145 καὶ
2458 1091 2802 1163 ταλαίπωρος
2852 1092 3156 1163 ἄνθρωπος,
3197 1095 3290 1148 καὶ
3339 1094 3433 1148 νῦν
3482 1096 3584 1163 τῆς

2001 1177 2442 1247 εἰδωλολατρείας
2467 1177 2820 1245 ἀπαλλαγεὶς,
2853 1178 2945 1230 καὶ
2989 1179 3090 1232 οὑκ
3130 1179 3284 1243 εἰδὼς
3316 1181 3444 1250 περὶ
3474 1180 3583 1233 τῶν

2004 1264 2302 1335 μελλόντων
2328 1263 2657 1332 φιλοσοφεῖν,
2694 1264 2753 1316 οὑ
2790 1265 2993 1335 σφόδρα
3038 1264 3248 1329 τούτοις
3279 1264 3583 1336 διορθοῦται

1999 1352 2112 1414 τοῖς
2150 1351 2346 1418 λόγοις,
2390 1351 2525 1404 ἀλλά
2573 1351 2724 1421 ζητεῖ
2771 1351 2865 1403 καὶ
2914 1353 2973 1403 ὲν
3018 1350 3095 1421 τῷ
3138 1352 3364 1423 παρόντι
3409 1350 3585 1421 καιρῷ

2001 1437 2255 1508 εὑρέσθαι
2284 1437 2405 1491 τινά
2435 1437 2806 1509 παραμυθίαν.
2841 1438 2940 1491 Διά
2974 1438 3038 1509 δὴ
3063 1437 3219 1491 τοῦτο
3242 1439 3336 1492 καὶ
3364 1440 3393 1492 6
3423 1439 3584 1507 σοφὸς

2000 1521 2151 1587 οὗτος
2196 1523 2533 1590 διδάσκαλος,
2576 1526 2669 1578 καὶ
2731 1523 2909 1578 πάντα
2960 1523 3134 1588 εἰδὼς,
3180 1526 3279 1577 οὑκ
3320 1523 3427 1578 ἀπὸ
3476 1524 3584 1577 τῶν

2006 1610 2301 1682 μελλόντων
2349 1610 2507 1681 μόνον
2555 1611 2954 1681 παραμυθεῖται
2979 1610 3005 1650 δ
3046 1609 3287 1678 ἀγαθῶν,
3327 1610 3462 1663 ἀλλά
3490 1610 3585 1664 καὶ

2002 1699 2108 1752 ἀπὸ
2134 1697 2243 1750 τῶν
2266 1699 2545 1769 παρόντων
2571 1698 2779 1766 ἀλείφει
2802 1698 3072 1769 χρηστῶν.
3103 1699 3210 1751 Καὶ
3236 1698 3452 1768 πρῶτον
3484 1697 3584 1767 μὲν

2001 1784 2069 1837 τά
2089 1785 2412 1855 ὑπηργμένα
2449 1783 2703 1855 προλέγει
2741 1788 2807 1855 τῇ
2835 1785 3124 1855 οἰκουμένῃ
3154 1784 3355 1853 ἀγαθά,
3386 1783 3453 1836 τά
3485 1785 3586 1837 οὑκ

2004 1869 2154 1941 [145]
2176 1872 2231 1921 ὲν
2253 1870 2432 1922 ἐλπίσι
2456 1871 2548 1922 καὶ
2577 1870 2893 1941 προσδοκίᾳ,
2927 1870 3039 1923 ἀλλ’
3069 1872 3126 1923 ὲν
3152 1872 3314 1942 πείρᾳ
3338 1871 3432 1924 καὶ
3459 1872 3587 1924 ἀπο-

2001 1955 2188 2008 λαύσει
2210 1954 2474 2026 γενόμενα
2498 1955 2664 2028 (άπερ
2688 1957 2783 2008 καὶ
2807 1956 2914 2009 τῶν
2933 1955 3233 2025 μελλόντων
3266 1959 3359 2010 καὶ
3381 1956 3588 2019 ἐλπιζο-

2005 2041 2179 2112 μένων
2210 2042 2439 2114 μεγίστη
2487 2043 2580 2095 καὶ
2625 2042 2935 2113 σαφεστάτη
2976 2042 3244 2107 ἀπόδειξίς
3281 2043 3439 2114 ἐστι),
3490 2043 3582 2095 καὶ

2004 2127 2170 2181 πολὺν
2197 2129 2322 2198 περὶ
2356 2128 2590 2192 πίστεως
2626 2129 2948 2192 κατατείνας
2983 2129 3078 2182 τὸν
3126 2129 3302 2197 λόγον,
3344 2132 3438 2183 καὶ
3487 2127 3582 2181 τοῦ

2005 2214 2339 2284 πατριάρχου
2379 2214 2634 2287 Ἀϐραὰμ
2665 2214 3039 2285 μνημονεύσας
3082 2215 3197 2287 (καί⁵
3234 2218 3331 2285 τῆς
3369 2214 3583 2284 φύσεως

2003 2300 2448 2370 ἀπαγορευούσης
2473 2301 2565 2353 τοῦ
2589 2302 2798 2372 πατέρα
2825 2300 2984 2354 αὑτὸν
3010 2301 3244 2366 ἔσεσθαι,
3268 2302 3460 2371 ῆλπισε
3489 2302 3582 2353 καὶ

2003 2389 2387 2460 προσεδόκησε,
2423 2390 2516 2442 καὶ
2553 2389 2777 2460 ἐπείσθη
2812 2389 3048 2450 ἔσεσθαι.
3078 2389 3156 2443 διὸ
3194 2391 3287 2442 καὶ
3325 2389 3577 2458 ἐγένετο),

2003 2475 2253 2529 κάκεῖθεν
2278 2475 2494 2544 ἀνάγων
2513 2478 2591 2540 εἰς
2622 2475 2684 2529 τὸ
2719 2476 2793 2547 μὴ
2816 2476 2926 2530 δεῖν
2970 2493 3098 2530 ποτε
3125 2478 3202 2540 εἰς
3242 2476 3336 2548 τὴν
3361 2476 3581 2531 τῶνηλο-

2002 2563 2215 2632 γισμῶν
2249 2563 2608 2618 καταπίπτειν
2631 2562 2931 2628 ἀσθένειαν,
2964 2562 3097 2617 ἀλλὰ
3136 2563 3214 2634 τῷ
3242 2562 3461 2634 μεγέθει
3483 2563 3583 2633 τῆς

2002 2648 2239 2713 πίστεως
2261 2648 2548 2720 ὀρθοῦσθαι
2586 2651 2681 2703 καὶ
2713 2649 3084 2704 διανίστασθαι
3111 2652 3204 2704 καὶ
3241 2649 3419 2720 ὑψηλά
3448 2666 3580 2719 φρο-

2000 2737 2144 2788 νεῖν·
2185 2736 2322 2806 μετὰ
2356 2736 2525 2790 ταῦτα
2562 2735 2708 2805 λέγει
2741 2736 2832 2790 καὶ
2868 2736 2974 2789 τῶν
3000 2735 3373 2808 ὑπηργμένων,
3393 2734 3454 2788 τὸ
3483 2734 3583 2805 μέ-

2000 2822 2177 2890 γεθος.
2220 2822 2284 2876 Τί
2320 2822 2374 2875 δὲ
2408 2822 2566 2877 τοῦτό
2603 2824 2788 2888 ὲστιν;
2833 2825 2955 2876 Ὀτι
2995 2824 3085 2876 τὸν
3130 2822 3275 2885 Υἰδν,
3307 2822 3458 2892 φησὶ,
3490 2822 3581 2873 τδν

2004 2912 2285 2982 μονογενῆ,
2314 2911 2406 2965 τὸν
2443 2912 2686 2984 γνήσιον,
2715 2913 2806 2965 τον
2827 2910 3135 2984 ἀγαπητὸν,
3157 2910 3343 2965 τοῦτον
3382 2912 3410 2965 6
3451 2909 3582 2972 Θεὸς

2001 2997 2141 3068 ὑπὲρ
2169 2996 2324 3068 ἡμῶν
2351 2996 2457 3050 τῶν
2480 2999 2810 3069 ἀγνωμόνων
2833 2999 3030 3052 ἔδωκεν
3055 2997 3300 3064 οἰκετῶν,
3332 2998 3425 3051 καὶ
3457 2997 3583 3059 τοὺς

2005 3082 2217 3154 μυρίοις
2267 3081 2674 3155 βεϐαρημένους
2723 3085 3120 3155 ἁμαρτήμασι,
3172 3084 3265 3137 καὶ
3311 3082 3582 3145 τοσούτοις

2002 3169 2240 3240 φορτίοις
2300 3169 2654 3241 πιεζομένους
2717 3170 3239 3241 πλημμελημάτων,
3298 3170 3418 3239 οὐχὶ
3472 3168 3581 3221 τῶν

2001 3257 2414 3328 ἁμαρτημάτων
2459 3257 2732 3328 ἀπήλλαξε
2775 3259 2952 3327 μόνον,
3003 3256 3139 3310 ἀλλά
3193 3256 3286 3309 ναὶ
3345 3255 3582 3318 δικαίους

2002 3345 2313 3416 εἰργάσατο,
2351 3345 2503 3400 οὐδὲν
2539 3346 2815 3417 φορτικὸν,
2849 3345 2968 3399 οὐδὲ
3008 3343 3261 3398 ἐπίπονον
3297 3343 3579 3407 ἐπιτάξας,

2001 3433 2122 3487 οὑδὲ
2151 3434 2405 3504 ἐπαχθὲς,
2436 3433 2571 3488 ἀλλά
2596 3434 2777 3487 πίστιν
2810 3432 3048 3506 ζητήσας
3069 3435 3198 3505 παρ’
3220 3431 3375 3504 ἡμῶν
3400 3430 3578 3502 μόνον,

2003 3523 2099 3576 καὶ
2141 3523 2382 3588 δικαίους
2433 3524 2657 3596 ἐποίησε
2698 3523 2792 3577 καὶ
2837 3523 3023 3592 ἁγίους
3066 3521 3456 3583 κατεσκεύασε,
3490 3521 3584 3573 καὶ

2004 3611 2154 3675 υἱοὺς
2185 3610 2318 3665 Θεοῦ
2352 3611 2617 3682 ἀπέφηνε,
2647 3611 2737 3665 κα)⁸
2768 3611 3041 3682 βασιλείας
3080 3610 3445 3681 κληρονόμους
3475 3608 3582 3660 ἀπ-

2004 3696 2190 3763 έδειξε,
2216 3699 2306 3751 καὶ
2332 3698 2425 3753 τοῦ
2458 3698 2794 3768 Μονογενοῦς
2824 3698 3292 3769 συγκληρονόμους
3312 3696 3583 3768 ἀπειργά-

2007 3803 2154 3850 σατο,
2186 3786 2281 3840 καὶ
2310 3788 2602 3841 ἀνάστασιν
2627 3787 3009 3859 ἐπηγγείλατο,
3027 3786 3120 3839 καὶ
3147 3783 3453 3857 ἀφθαρσίαν
3482 3798 3585 3835 σω-

2008 3872 2211 3941 μάτων,
2256 3874 2350 3925 καὶ
2398 3872 2551 3943 λῆξιν
2597 3874 2732 3944 μετὰ
2772 3874 3037 3941 ἀγγέλων.
3069 3872 3243 3925 πάντα
3296 3871 3452 3936 λόγον
3490 3868 3584 3921 καὶ

2003 3957 2127 4009 νοῦν
2155 3956 2604 4027 ὑπερϐαίνουσαν,
2640 3960 2733 4011 καὶ
2762 3959 2859 4027 τὴν
2902 3961 2958 4010 ἐν
2999 3958 3246 4027 οὐρανοῖς
3281 3954 3581 4025 διατριϐὴν,

2004 4043 2098 4096 καὶ
2139 4042 2237 4114 τὴν
2283 4043 2398 4112 μετ’
2446 4043 2610 4095 αὑτοῦ
2661 4042 2873 4113 ὁμιλίαν
2939 4043 3032 4095 καὶ
3075 4042 3228 4109 ἀγίου
3271 4041 3583 4111 ῐῙνεύματος

2004 4130 2250 4184 ἐντεῦθεν
2272 4131 2371 4202 ἤδη
2403 4131 2559 4201 χάριν
2586 4129 2788 4201 ἐξέχεε,
2815 4130 2907 4184 καὶ
2936 4131 3033 4201 τῆς
3065 4129 3159 4183 τοῦ
3181 4129 3423 4184 διαϐόλου
3454 4145 3583 4181 κατ-

2004 4218 2136 4289 οχῆς
2170 4219 2309 4288 ἡμᾶς
2344 4216 2638 4288 ἀπήλλαξε,
2683 4218 2905 4272 καὶτῶν
2930 4216 3196 4288 δαιμόνων
3241 4218 3386 4287 ἡμᾶς
3422 4213 3584 4287 ἐρρύ-

2009 4323 2157 4371 σατο,
2189 4306 2280 4360 καὶ
2310 4305 2407 4377 τὴν
2438 4306 2710 4376 ἁμαρτίαν
2752 4306 3035 4368 κατέλυσε,
3070 4306 3161 4359 καὶ
3200 4304 3298 4374 τὴν
3341 4304 3584 4371 κατάραν

2003 4394 2252 4465 ἠφάνισε,
2279 4394 2375 4447 καὶ
2402 4393 2527 4464 ᾅδου
2553 4392 2725 4457 πύλας
2753 4392 3067 4456 συνέκλασε,
3094 4393 3187 4445 καὶ
3214 4390 3306 4444 τὸν
3332 4382 3585 4461 παράδει-

2008 4499 2099 4535 σον
2116 4481 2369 4553 ὴνέῳξεν,
2391 4482 2490 4534 οὑκ
2510 4481 2757 4549 ἄγγελον,
2779 4481 2878 4532 οὑκ
2900 4477 3256 4549 ἀρχάγγελον,
3285 4476 3398 4530 ἀλλ’
3420 4476 3582 4529 αὑτὸν

2006 4567 2290 4621 ἀπέστειλε
2318 4568 2408 4621 τὸν
2431 4566 2709 4636 Μονογενῆ
2733 4566 2872 4637 ὑπὲρ
2898 4565 2996 4636 τῆς
3027 4564 3299 4636 σωτηρίας
3325 4564 3425 4635 τῆς
3450 4565 3583 4633 ἠμει-

2005 4652 2190 4723 τέρας,
2217 4652 2292 4717 ῶς
2311 4670 2442 4723 φησι
2469 4652 2555 4705 διά
2579 4652 2671 4705 τοῦ
2696 4652 2974 4722 προφήτου
2992 4667 3007 4683 ·
3036 4652 3118 4703 Οὐ
3138 4648 3420 4719 πρέσϐυς,
3441 4648 3585 4702 οὐδὲ

2008 4739 2278 4809 ἄγγελος,
2309 4740 2443 4794 ἀλλ’
2461 4738 2644 4805 αὐτὸς
2660 4742 2692 4793 ό
2721 4740 2934 4806 Κύριος
2948 4738 3184 4792 ἔσωσεν
3200 4735 3376 4806 ἡμᾶς.
3399 4735 3586 4792 Ταῦτα

2007 4827 2068 4879 οὑ
2107 4827 2315 4897 μυρίων
2353 4826 2630 4895 στεφάνων
2676 4826 3059 4898 λαμπρότερα;
3096 4827 3178 4881 ὅτι
3218 4825 3583 4897 ὴγιάσθημενς

2008 4914 2091 4968 ὅτι
2131 4912 2554 4984 ὲδικαιώθημενς
2595 4915 2676 4967 ὃτι
2708 4914 2796 4967 διὰ
2828 4913 3096 4979 πίστεωςς
3134 4915 3216 4967 ὅτι
3248 4914 3340 4967 τοῦ
3364 4929 3585 4984 μονογε-

2009 4999 2134 5064 νοῦς
2183 5000 2312 5054 Υίοῦ
2349 4999 2442 5053 τοῦ
2485 4999 2619 5054 Θεοῦ
2663 4999 2723 5066 ἐξ
2761 5000 3005 5072 οὐρανῶν
3054 5000 3399 5063 κατελθόντος
3444 5000 3586 5069 ὑπὲρ

2011 5088 2201 5159 ἡμῶνς
2235 5089 2316 5142 ὅτι
2340 5088 2433 5142 τοῦ
2472 5088 2682 5160 Πατρὺς
2716 5088 2806 5143 τὸν
2849 5088 3329 5160 ἀγαπητὸν.αὑτοῦ
3360 5087 3586 5140 δεδωκό-

2009 5194 2099 5240 τος
2123 5175 2188 5230 δι’
2219 5179 2399 5248 ἡμᾶς
2437 5178 2521 5231 ὅτι
2556 5177 2779 5249 Πνεῦμα
2817 5178 2970 5247 ἆγιον
2997 5178 3322 5249 ὲδεξάμεθα;
3350 5176 3431 5229 ὅτι
3468 5175 3581 5245 μετ’

2012 5263 2259 5328 εὐκολίας
2296 5264 2544 5334 ἀπάσης;
2588 5266 2669 5318 ὅτι
2718 5266 2937 5336 χάριτος
2983 5266 3188 5331 ἀφάτου
3238 5265 3331 5316 καὶ
3377 5261 3585 5334 δωρεᾶς

2011 5350 2424 5421 ἀπελαύσαμε,ν;
2456 5350 2638 5405 Ταῦτα
2678 5350 2855 5405 τοίνυν
2892 5352 3080 5415 εἰπὼν,
3114 5352 3206 5405 καὶ
3247 5348 3334 5404 διὰ
3375 5348 3584 5421 μικρῶν

2075 5461 2098 5490 ⁸
2113 5458 2424 5511 Celberlinus
2446 5460 2531 5523 τὴν
2545 5461 2813 5523 ὑπερϐολὴν
2835 5467 2919 5519 τῆς
2940 5464 3111 5519 ἡδονῆς
3131 5466 3437 5523 παραστῆσαι
3471 5462 3585 5523 βου-

2010 5521 2222 5583 λόμενος.
2249 5522 2329 5569 καὶ
2350 5523 2435 5579 τήν
2455 5521 2613 5569 ἄνεσιν
2644 5521 2738 5578 τήν
2781 5522 2835 5570 ἐκ
2874 5528 2958 5580 τῆς
2993 5524 3106 5570 τῶν⁹
3129 5521 3479 5583 Αἰγυπτίωνν..
3501 5524 3586 5581 τήν

2011 5584 2273 5654 ὑπερξολῇν
2295 5584 2390 5654 τῶν
2412 5580 2589 5654 ﬁxam?-
2602 5580 2726 5629 θεοῦ
2748 5597 2852 5654 χορ.
2870 5641 2881 5652 ,
3174 5650 3181 5654 _
3438 5644 3450 5654 _
3496 5644 3526 5654 _

2077 5641 2209 5693 b'Sic
2227 5643 2421 5700 Μαι-ειη
2460 5643 2609 5707 Savil.
2638 5656 2699 5707 ex
2721 5641 2843 5707 etin}.
2869 5641 2916 5691 in
2942 5656 3117 5707 marg,
3138 5650 3188 5693 el
3215 5656 3342 5695 Imus
3361 5644 3468 5694 end.
3495 5644 3581 5694 SI-

2023 5704 2102 5756 viJ.
2128 5707 2174 5753 in
2203 5712 2340 5753 lcxlu
2367 5712 2413 5753 el
2451 5704 2574 5753 alius
2594 5705 2910 5767 προθυμεῖται.
