4096 6222
325 344 417 400 l6l

323 457 500 530 paucis
525 457 702 512 verbis
731 456 906 510 omnia
932 453 1278 518 declarasset,
1313 467 1496 506 rursus
1523 463 1910 506 commemora-

325 551 465 605 tione
491 549 604 614 spei
635 563 939 602 sermonem
971 545 1162 600 ﬁnivit.
1193 544 1324 598 Cum
1354 541 1496 597 enim
1524 527 1746 597 dixisset
1767 582 1779 601 ,
1806 538 1907 591 Ju-

321 638 522 708 stiﬁcati
547 640 699 708 igitur
725 652 789 690 ex
815 637 915 704 ﬁde
943 651 1116 706 pacem
1142 632 1379 686 habemus
1405 631 1472 684 ad
1503 630 1662 684 Deum
1692 647 1778 700 per
1803 629 1909 682 Do-

321 731 508 782 minum
539 726 952 782 nostrumlesum
982 725 1257 790 Christum,
1282 740 1371 794 per
1395 739 1542 794 quem
1569 730 1614 775 et
1645 721 1911 774 habuimus

318 833 578 872 accessum
608 835 697 886 per
725 818 876 886 ﬁdem
903 817 957 869 in
981 816 1218 885 gratiam,
1249 815 1301 866 in
1330 829 1428 883 qua
1453 821 1664 874 stamus,
1694 810 1906 880 adjecit,

320 911 386 964 Et
406 910 688 982 gloriamur
702 911 751 963 in
768 926 856 977 spe
871 909 1048 979 gloria:
1062 907 1158 960 Dei
1175 905 1351 974 (Rom.
1373 906 1425 960 5.
1451 905 1501 958 l.
1523 904 1600 974 2).
1628 903 1914 973 Postquam

321 1002 480 1070 igitur
493 1001 624 1054 dixit
645 1002 830 1070 partim
849 1016 965 1067 qua:
978 999 1085 1067 jam
1101 1005 1407 1059 evenerant,
1423 996 1610 1065 partim
1629 1011 1746 1063 qua:
1762 1010 1915 1048 even-

319 1101 435 1145 tura
458 1102 610 1146 erant
635 1109 649 1145 :
677 1107 796 1144 naut
823 1088 965 1160 quod
985 1089 1252 1157 justilicati
1271 1086 1481 1157 quidem
1503 1101 1685 1140 sumus
1703 1125 1718 1150 ,
1740 1085 1910 1155 quod-

317 1199 422 1251 que
453 1198 547 1251 pro
575 1183 725 1236 nobis
751 1193 798 1234 et
821 1182 1124 1234 immolatus
1145 1191 1221 1233 est
1241 1179 1427 1244 Filius,
1451 1187 1504 1233 et
1522 1177 1662 1247 quod
1685 1192 1776 1247 per
1791 1193 1910 1231 eum

317 1287 592 1327 accessum
622 1273 688 1324 ad
719 1272 929 1325 Patrem
955 1271 1299 1329 obtinuimus.
1323 1269 1465 1339 quod
1492 1269 1714 1338 gratiam
1745 1275 1799 1322 et
1819 1267 1914 1321 dc:-

318 1379 446 1418 nmn
464 1363 642 1432 adepti
664 1376 866 1422 sumus,
882 1361 1021 1430 quod
1040 1377 1068 1414 a
1085 1361 1313 1430 peccatis
1332 1360 1538 1414 liberati
1552 1373 1756 1419 sumus.
1772 1358 1912 1428 quod

316 1455 383 1508 ad
416 1456 578 1509 Deum
607 1469 790 1523 pacem
817 1452 1092 1518 habemus,
1122 1463 1172 1506 et
1193 1451 1420 1520 Spiritus
1444 1451 1612 1506 sancti
1631 1451 1914 1520 participes

319 1546 534 1612 fuitttus,
561 1547 670 1600 hinc
695 1560 760 1600 ex
783 1544 846 1598 iis
863 1552 986 1598 sunt
1009 1543 1249 1613 qttzejam
1277 1551 1569 1598 evenerunt
1598 1559 1610 1596 :
1641 1557 1761 1612 qua}
1787 1557 1915 1596 vero

317 1648 443 1694 sunt
464 1647 739 1704 eventura,
760 1638 926 1707 gloria
950 1637 1198 1690 nimirum
1221 1645 1304 1691 est
1327 1636 1416 1690 illa
1441 1635 1741 1699 incffabilis,
1773 1635 1912 1706 quod

318 1733 491 1799 ipsum
518 1733 676 1783 etiam
703 1728 895 1798 adjecit
922 1727 1104 1781 dicens
1135 1745 1148 1780 :
1176 1726 1242 1781 In
1270 1743 1370 1789 qua
1399 1737 1609 1791 stamus,
1637 1736 1685 1781 et
1715 1726 1908 1797 gloria-

317 1839 434 1875 mur
474 1822 524 1875 in
563 1837 653 1886 spe
691 1819 871 1891 gloria:
910 1819 1006 1872 Dei
1040 1817 1227 1890 (Rom.
1262 1819 1314 1873 5.
1339 1817 1448 1888 2):
1481 1831 1642 1888 porro
1668 1831 1824 1886 spes,
1859 1825 1916 1870 ut

317 1921 447 1966 ante
477 1911 617 1975 dixi,
650 1910 716 1964 ad
749 1910 1138 1980 pusillanimem
1182 1908 1480 1962 auditorem
1522 1907 1831 1975 erigendum
1862 1916 1915 1960 et

318 2001 655 2056 excitandum
685 2014 790 2054 non
821 1998 1105 2052 admodum
1127 2005 1208 2052 est
1239 1997 1426 2051 idonea
1454 1996 1612 2050 :vide
1635 1994 1761 2065 quid
1791 2009 1912 2048 rur-

319 2107 414 2146 sus
459 2091 649 2156 faciat,
693 2099 746 2144 et
787 2087 1138 2143 constantiam
1168 2086 1317 2141 Pauli
1345 2085 1622 2141 considera
1653 2100 1714 2138 ac
1744 2083 1917 2154 philo-

319 2183 596 2252 sopbicatn
625 2190 880 2236 mentem.
913 2181 986 2234 Ex
1017 2179 1120 2233 illis
1147 2179 1287 2234 enim
1318 2178 1469 2246 ipsis,
1498 2193 1614 2248 qua:
1647 2176 1912 2231 tristitiam

319 2283 412 2327 aut
441 2254 890 2342 perturbationem
933 2271 1127 2325 afferre
1153 2270 1468 2324 videbantur
1489 2310 1502 2334 ,
1532 2278 1586 2323 et
1614 2269 1910 2323 auditorem

321 2365 544 2419 turbare
566 2405 579 2426 ,
621 2380 685 2417 ex
729 2365 810 2417 Itis
842 2361 1224 2417 consolationis
1248 2369 1302 2414 et
1330 2359 1660 2430 gloriationis
1685 2372 1912 2412 coronas

320 2457 584 2513 contexit.
620 2455 710 2508 llis
738 2456 877 2509 enim
911 2454 1158 2507 omnibus
1184 2451 1512 2506 enumeratis
1539 2449 1791 2517 deinceps
1819 2448 1914 2501 ad-

316 2548 434 2618 jicit
459 2546 692 2601 dicens:
737 2545 849 2599 Non
891 2544 1061 2598 solum
1105 2544 1220 2596 haec
1257 2542 1379 2606 aio,
1421 2556 1540 2610 qua:
1581 2554 1720 2593 nunc
1763 2537 1911 2604 dixi,

319 2639 460 2709 quod
503 2638 748 2690 nimirum
790 2635 1106 2690 sanctificati
1143 2647 1366 2697 sumus,
1410 2629 1553 2701 quod
1595 2628 1867 2699 justiflcati
1897 2670 1912 2694 ,

319 2727 462 2796 quod
495 2743 589 2797 per
612 2726 983 2797 Unigenitum,
1007 2724 1148 2795 quod
1175 2724 1342 2793 gratia
1366 2723 1513 2792 potiti
1543 2734 1745 2784 sumus,
1775 2719 1916 2789 quod

324 2833 474 2888 pace,
503 2818 643 2887 quod
672 2817 838 2883 dono,
870 2815 1010 2886 quod
1042 2814 1356 2869 remis~ione
1383 2819 1745 2881 peccatorum,
1769 2808 1909 2879 quod

321 2908 808 2963 communicatione
845 2907 1074 2975 Spiritus
1113 2907 1278 2958 sancti
1301 2943 1316 2967 ,
1346 2901 1485 2971 quod
1516 2901 1660 2953 omni
1689 2915 1808 2953 cum
1841 2898 1917 2952 fa-

322 2999 556 3061 cilitate,
594 2997 733 3068 quod
775 2997 975 3065 absque
1017 2994 1198 3048 labore
1223 3035 1236 3058 ,
1277 2993 1476 3061 absque
1515 2990 1744 3054 sudore,
1773 2989 1917 3058 quod

322 3091 436 3145 sola
469 3088 570 3143 fide
590 3129 605 3154 ,
634 3087 776 3157 quod
809 3086 997 3140 Filium
1025 3084 1170 3139 misit
1194 3083 1518 3154 unigenitum
1544 3121 1559 3146 ,
1588 3079 1726 3149 quod
1756 3094 1920 3134 unum

323 3181 540 3251 quidem
573 3181 793 3250 largitus
819 3189 896 3233 est
922 3219 937 3245 ,
963 3178 1189 3233 alterum
1216 3191 1343 3229 vero
1372 3173 1647 3242 promisit,
1677 3171 1918 3225 ineffabi-

325 3273 430 3327 lem
456 3271 702 3342 gloriam,
730 3269 1207 3332 immortaliuttem,
1243 3264 1693 3320 resurrectionem
1721 3277 1915 3330 corpo-

323 3381 445 3420 rum
471 3406 487 3431 ,
517 3363 878 3418 conditionem
905 3371 960 3416 et
987 3369 1184 3414 sortem
1217 3358 1511 3427 angelicam
1535 3397 1549 3420 ,
1577 3354 1919 3410 consuetudi-

327 3474 452 3512 nem
483 3472 604 3511 cum
632 3455 845 3509 Christo
868 3494 884 3520 ,
915 3453 1295 3507 habitationem
1327 3449 1379 3502 in
1409 3448 1554 3502 caelis
1584 3463 1596 3499 :
1633 3445 1747 3500 [nec
1775 3445 1920 3500 enim

325 3551 511 3604 omnia
539 3549 713 3602 verbis
739 3546 840 3600 illis
861 3544 1170 3613 complexus
1191 3550 1293 3608 est,
1316 3539 1605 3595 Glorientur
1625 3539 1676 3593 in
1701 3555 1789 3610 spe
1809 3539 1919 3610 glo-

325 3642 424 3694 ria
456 3639 549 3694 Dei
581 3638 599 3708 (
624 3639 770 3692 Rom.
799 3638 850 3692 5.
884 3636 920 3688 2

405 3729 546 3800 lpsw
563 3729 847 3800 afﬂictioncs
869 3737 984 3779 sunt
1014 3725 1202 3778 laetitia
1232 3723 1533 3776 occasiones.
1567 3751 1639 3761 —
1661 3719 1775 3774 Non
1799 3719 1914 3773 haec

330 3823 494 3895 igitur
521 3823 690 3876 solum
717 3821 860 3884 dicit,
892 3834 1011 3888 qua:
1048 3817 1406 3886 contigerunt,
1430 3823 1484 3868 et
1512 3829 1631 3883 qua:
1675 3821 1798 3867 sunt
1834 3811 1918 3864 fu-

331 3927 454 3970 tura
484 3931 497 3968 :
525 3913 617 3967 sed
647 3927 708 3967 ea
737 3925 946 3980 quoque
973 3910 1104 3978 ipsa,
1129 3923 1247 3977 quae
1269 3907 1406 3960 inter
1422 3905 1665 3957 homines
1691 3902 1910 3955 molesta

329 4013 637 4072 censentur,
686 4001 966 4058 tribunalia
1013 3999 1296 4061 nimirum,
1347 4010 1628 4060 carceres,
1677 4002 1910 4059 mortes,

332 4096 527 4160 minas,
551 4093 766 4155 famem,
791 4099 1073 4156 tormenta,
1091 4087 1404 4156 sartagines,
1431 4088 1691 4146 loruaccs,
1714 4082 1919 4150 deprae-

329 4189 626 4249 datieuetu,
678 4185 837 4250 bella,
881 4180 1322 4252 oppugnationes,
1353 4190 1574 4247 pugnas,
1601 4174 1922 4239 seditiones,

332 4279 728 4342 contentiones,
759 4277 873 4329 haec
913 4286 1123 4342 quoque
1162 4269 1327 4324 refert
1356 4270 1406 4322 itt
1439 4282 1716 4320 ntttnerunt
1758 4263 1925 4319 dono-

337 4385 460 4424 rum
489 4383 550 4421 ae
579 4376 721 4422 recte
747 4366 1025 4419 factorum.
1058 4359 1174 4415 Non
1209 4359 1350 4414 enim
1379 4357 1447 4411 ob
1470 4356 1558 4410 illa
1584 4355 1776 4420 soluat,
1809 4368 1926 4422 qua:

337 4460 480 4514 dicta
523 4464 669 4524 sunt,
714 4453 998 4510 laetandum
1043 4460 1125 4506 est
1159 4460 1316 4520 atque
1359 4445 1716 4517 gaudendum,
1747 4443 1840 4498 sed
1873 4443 1925 4496 in

341 4553 426 4606 bis
471 4553 630 4604 etiam
668 4546 1028 4618 gloriandum,
1075 4554 1132 4598 ut
1171 4557 1291 4598 cum
1333 4542 1427 4601 ait,
1462 4537 1616 4592 Nunc
1657 4536 1850 4608 gaudeo
1875 4537 1927 4590 in

341 4643 657 4714 passionibus
705 4642 827 4695 meis
860 4656 951 4709 pro
994 4637 1151 4704 vobis,
1173 4645 1218 4690 et
1245 4634 1498 4703 adimplco
1518 4649 1578 4684 ea
1601 4646 1714 4695 qua:
1751 4631 1929 4683 desunt

343 4737 634 4807 passionum
661 4731 844 4788 Christi
867 4733 918 4784 in
943 4747 1094 4784 carne
1114 4744 1224 4782 mea
1251 4725 1386 4797 (Col.
1413 4727 1462 4780 l.
1485 4723 1598 4793 24).
1627 4721 1783 4776 Vides
1812 4721 1928 4776 aui-

345 4843 485 4879 mant
512 4826 726 4888 fortem,
757 4832 988 4878 mentem
1017 4820 1324 4882 sublimem,
1355 4817 1600 4885 spiritum
1649 4813 1926 4878 invictum,

344 4917 432 4986 qui
477 4933 581 4972 non
612 4915 682 4969 ob
710 4927 940 4969 coronas
981 4920 1183 4966 tantum
1231 4910 1508 4980 gloriatur,
1543 4905 1639 4962 sed
1673 4917 1727 4960 et
1756 4913 1928 4959 certa-

346 5009 576 5063 minibus
606 5009 733 5078 ipsis
761 5005 1093 5064 oblectatur?
1119 5019 1223 5058 non
1251 5003 1421 5057 solum
1451 5001 1520 5054 ob
1551 4998 1766 5069 prtetnia
1803 5012 1933 5068 gauo

345 5099 455 5159 det.
488 5098 659 5166 scdiu
688 5098 841 5152 luetis
871 5098 1028 5152 etiam
1058 5093 1328 5150 exsultat?
1359 5107 1462 5145 non
1510 5089 1670 5144 modo
1713 5096 1930 5158 propter

349 5192 724 5246 retributiones
746 5192 972 5254 Ixetatur,
990 5187 1082 5241 sed
1110 5195 1165 5240 et
1191 5186 1304 5254 ipso
1336 5181 1608 5252 pancratio
1634 5175 1933 5249 gloriatur?

348 5282 422 5338 Ne
447 5281 573 5335 mihi
611 5281 751 5336 enim
800 5293 1020 5349 regnum
1062 5276 1314 5329 ca-lorttm
1353 5283 1733 5333 commemora,
1765 5281 1936 5335 neque

348 5390 570 5429 coronas
586 5374 701 5428 illas
717 5367 1313 5430 immarcescibiles,ttec
1334 5357 1668 5432 przentia,sed
1689 5372 1774 5411 res
1797 5357 1936 5427 ipsas

350 5475 658 5533 pncsentcs,
679 5463 729 5516 in
747 5461 938 5532 quibus
955 5458 1118 5512 multa
1136 5457 1270 5510 inest
1289 5451 1524 5514 afflictio,
1541 5449 1688 5502 labor
1711 5488 1724 5510 ,
1745 5456 1799 5502 et
1830 5462 1938 5500 uto-

350 5556 500 5610 lcstia
517 5554 771 5624 plurima:
792 5551 906 5606 haec
926 5547 1162 5619 profcrin
1179 5542 1437 5606 tttedium,
1470 5547 1524 5593 et
1551 5536 1832 5591 ostendere
1851 5549 1935 5604 po-

351 5659 463 5702 tero
485 5655 703 5715 propter
721 5646 818 5698 ista
848 5641 1016 5697 multo
1047 5637 1274 5707 amplius
1299 5647 1418 5690 esse
1439 5628 1788 5702 gloriandum.
1805 5625 1934 5682 Nam

349 5745 396 5796 in
418 5739 647 5809 profanis
665 5735 874 5804 quidettt
893 5731 1146 5802 agonibus
1161 5728 1392 5782 laborent
1412 5721 1602 5779 habent
1622 5717 1933 5783 certamina,

1387 339 1474 394 DE
1513 335 1764 393 GLORIA
1809 335 1871 390 IN
1909 335 2546 394 TRlllULA’l'l’ONlllUS.

3501 341 3523 392 ς
3534 342 3602 395 '33

2017 459 2444 516 commeantem,
2475 451 2794 518 voluptatem
2822 448 2942 505 :ltic
2967 465 3090 506 vero
3119 452 3346 520 nauita;
3371 453 3465 507 sed
3481 467 3603 509 ante

2015 555 2240 596 coronas
2269 543 2380 611 ipsa
2415 543 2703 596 certamina
2742 543 2960 597 multant
3003 547 3340 598 occasionem
3375 545 3606 600 afferunt

2015 631 2292 702 gloriandi.
2319 633 2490 702 Atque
2509 643 2562 686 ttt
2585 635 2695 686 lane
2718 633 2787 687 ita
2805 649 2863 688 se
2876 632 3071 689 habere
3090 636 3604 705 iutelligatis,unttnt-

2016 739 2279 794 quemque
2305 736 2606 780 sanctorum
2639 741 2731 794 per
2760 726 2996 796 singulas
3029 729 3406 797 generationes
3429 731 3604 782 consi-

2016 814 2216 880 derate,
2239 827 2294 868 ut
2315 816 2483 884 inquit
2506 818 2612 882 ille,
2649 817 2946 888 Exemplum
2970 821 3201 889 accipite,
3231 821 3434 889 fratres,
3464 823 3603 875 labo-

2016 904 2086 957 ris
2107 914 2150 958 et
2173 905 2445 974 patienttw,
2478 908 2766 974 prop/tetas,
2796 909 2881 976 qui
2919 909 3114 977 loquuti
3156 920 3272 964 sunt
3317 910 3518 964 ret-bum
3547 912 3599 964 in

2017 997 2219 1047 nomine
2259 995 2464 1048 Domini
2496 995 2631 1066 (Jac.
2665 999 2716 1052 5.
2746 999 2854 1067 l0).
2902 1000 3200 1066 Quinetiam
3243 1001 3328 1056 hic
3365 1003 3476 1072 ipse
3515 1004 3604 1072 qui

2019 1087 2294 1141 nobishoc
2319 1098 2589 1142 certamen
2614 1090 2906 1158 proposuit,
2938 1101 2990 1144 et
3022 1091 3123 1146 ltoc
3151 1095 3425 1161 Spirituale
3455 1095 3602 1148 thea-

2020 1187 2157 1230 trum
2181 1181 2510 1244 convocavit,
2543 1180 2758 1248 Paulus,
2786 1181 3021 1250 inquam,
3054 1195 3330 1254 postquam
3360 1188 3605 1241 innume-

2018 1281 2104 1320 ras
2133 1269 2460 1338 singulorum
2485 1280 2788 1324 sanctorum
2819 1271 3133 1326 afflittiones
3164 1277 3445 1337 recensuit,
3476 1293 3608 1345 quas

2020 1376 2190 1429 neque
2217 1377 2358 1414 nunc
2395 1363 2637 1432 persequi
2671 1363 3002 1418 numerando
3031 1364 3184 1419 facile
3215 1367 3392 1432 fuerit,
3419 1368 3571 1437 adjutt

2017 1452 2091 1518 git
2116 1450 2301 1504 dicens
2325 1468 2338 1503 :
2364 1451 2680 1506 Circnierunt
2705 1454 2755 1506 in
2783 1453 2995 1516 melotis,
3025 1455 3076 1508 in
3105 1457 3319 1524 pellibus
3356 1461 3582 1527 caprinis

2018 1550 2246 1610 egentes,
2292 1543 2564 1611 angustiati
2587 1585 2600 1607 ,
2641 1544 2809 1613 aﬁlicti
2848 1559 2865 1596 :
2901 1545 3078 1613 quibus
3115 1547 3299 1617 dignus
3349 1566 3449 1602 non
3492 1560 3600 1603 erat

2020 1630 2273 1682 mundus‘
2305 1629 2491 1697 (Hebr.
2526 1633 2609 1685 ll.
2641 1634 2729 1686 57.
2756 1633 2866 1703 58).
2904 1645 2959 1688 et
3000 1643 3175 1688 tamen
3229 1646 3446 1706 propter
3493 1639 3607 1694 lure

2018 1721 2198 1773 omnia
2234 1721 2566 1775 laetabantur.
2598 1723 2709 1776 lloc
2754 1739 2882 1778 vero
2922 1739 3143 1780 cernere
3189 1728 3362 1796 quivis
3409 1739 3603 1798 potest,

2018 1812 2229 1882 quando
2266 1823 2382 1882 past
2408 1829 2700 1880 carcerem,
2730 1824 2783 1869 et
2814 1815 3003 1884 probra
3027 1818 3150 1870 caesi
3178 1817 3490 1872 vetberibtts
3511 1821 3607 1888 eji-

2019 1906 2293 1960 ciebantur
2326 1923 2339 1960 :
2370 1906 2494 1976 quid
2533 1907 2635 1960 ait?
2688 1906 2750 1959 Et
2791 1908 2868 1960 illi
2910 1909 3114 1977 quidem
3153 1908 3291 1962 ibant
3333 1912 3607 1980 gaudentes

2017 2014 2048 2049 α
2069 2008 2337 2067 conspectu
2379 1998 2594 2061 consilii,
2625 1999 2862 2068 quoniam
2904 2000 3045 2069 digni
3068 2000 3226 2052 Itabiti
3245 2012 3359 2054 sunt
3387 2018 3478 2072 pro
3509 2017 3609 2056 no-'

2019 2089 2152 2142 mine
2171 2087 2296 2142 Iesu
2326 2090 2680 2142 contumeliam
2707 2091 2813 2159 pati
2857 2090 2992 2154 (Act.
3025 2092 3078 2144 5.
3105 2092 3216 2160 4i).

2088 2181 2142 2233 4.
2171 2178 2460 2249 Martyrum
2501 2179 2699 2250 egregia
2739 2180 3031 2232 certamina.
3065 2179 3263 2234 Paulus
3296 2183 3611 2237 daemonibus

2017 2270 2252 2323 terribilis
2277 2270 2329 2322 in
2355 2269 2782 2339 aﬂlictionibus.—
2803 2269 3000 2323 Verum
3027 2273 3171 2324 enim
3213 2286 3339 2325 vero
3381 2273 3492 2326 lucc
3513 2290 3610 2326 nu-

2017 2371 2125 2416 stra
2156 2362 2314 2415 etiam
2338 2370 2494 2414 aetate
2522 2361 2885 2429 contigerunt;
2913 2375 2974 2414 ac
2998 2361 3040 2414 si
3063 2361 3207 2425 velit,
3229 2361 3608 2430 cogitetquivis

2017 2467 2077 2506 ea
2099 2465 2218 2520 quae
2255 2449 2396 2516 dico,
2426 2449 2599 2518 qualia
2622 2459 2860 2519 tempore
2894 2452 3364 2518 persequutionum
3401 2453 3608 2506 accide-

2019 2543 2143 2596 rint.
2180 2541 2575 2611 lngrediebatur
2600 2541 2747 2610 virgo
2775 2549 2952 2595 tenera
2986 2552 3038 2594 et
3069 2542 3306 2611 innupta,
3329 2558 3448 2596 cera
3474 2561 3608 2610 qua-

2020 2635 2098 2688 vis
2125 2634 2338 2687 mollius
2384 2632 2583 2686 habens
2625 2647 2838 2700 corpus,
2872 2641 2980 2684 tum
3011 2631 3167 2685 afﬁxa
3199 2633 3426 2700 equulco
3455 2633 3608 2686 dera-

2019 2726 2092 2778 sis
2122 2725 2375 2779 lateribus
2423 2722 2836 2792 pet-fodiebatur,
2865 2731 2919 2775 et
2945 2723 3202 2791 sanguine
3235 2732 3340 2775 tota
3393 2723 3602 2791 perfusa

2019 2825 2165 2880 erat;
2194 2825 2249 2869 at
2275 2815 2496 2885 perinde
2535 2815 2684 2882 quasi
2709 2829 2906 2883 sponsa
2937 2823 3079 2868 esset
3111 2815 3303 2881 potius,
3333 2825 3385 2866 ct
3413 2815 3464 2867 in
3490 2815 3606 2867 tha-

2021 2906 2162 2959 lamo
2192 2905 2425 2970 sederet,
2456 2905 2526 2958 ita
2557 2905 2784 2959 libenter
2810 2919 2870 2958 ea
2904 2919 3022 2974 qutn
3069 2903 3266 2958 fiebant
3295 2904 3362 2958 ob
3388 2919 3609 2974 regnum

2019 2998 2270 3052 czelorum
2320 2995 2638 3066 perferebat,
2664 2995 2715 3049 in
2763 2995 2891 3064 ipsis
2936 2995 3315 3049 certaminibus
3355 3011 3610 3048 coronant

2022 3092 2340 3162 percipiens.
2368 3090 2552 3159 Cogita
2583 3089 2738 3158 quale
2766 3091 3125 3157 Spectaculutn
3158 3099 3300 3143 esset
3328 3099 3608 3158 tyranuum

2019 3196 2244 3238 eernere
2279 3196 2400 3234 cum
2425 3180 2536 3233 suis
2574 3177 2916 3241 exercitibus,
2944 3193 3062 3232 cum
3105 3179 3418 3232 acuntiuatis
3462 3193 3528 3231 eu
3566 3179 3610 3231 i-

2024 3274 2142 3336 bus,
2175 3287 2296 3327 cum
2326 3281 2402 3326 tot
2430 3271 2614 3336 armis,
2646 3285 2765 3338 que
2792 3269 2860 3322 ab
2886 3283 2989 3322 una
3020 3269 3191 3337 puella
3235 3269 3606 3322 vincebantur.

2025 3364 2182 3420 Vides
2225 3367 2392 3433 ipsam
2430 3361 2591 3416 etiam
2638 3359 3120 3414 afflictiouemcum
3150 3359 3377 3412 maxima
3411 3359 3612 3428 gloria-

2025 3459 2166 3512 tione
2193 3471 2314 3512 esse
2343 3453 2720 3524 conjunctam?
2749 3451 2852 3507 Vos
2877 3467 3007 3506 vero
3036 3451 3191 3505 ttobis
3219 3461 3382 3505 testes
3420 3467 3608 3506 eorum

2021 3552 2154 3608 estis
2177 3565 2298 3621 quae
2321 3548 2575 3604 diximus.
2607 3547 2737 3602 Cum
2761 3547 2901 3600 enim
2942 3544 3174 3599 nondum
3212 3544 3484 3599 mercedes
3512 3560 3608 3598 ne-

2023 3659 2126 3713 que
2155 3643 2367 3713 praemia
2392 3641 2689 3710 receperint
2719 3649 2999 3709 martyres,
3030 3654 3130 3694 nec
3155 3654 3400 3702 coronas,
3432 3641 3527 3693 sed
3558 3639 3608 3692 itt

2025 3735 2298 3804 pulverem
2329 3747 2391 3786 ae
2413 3733 2650 3787 cinerem
2697 3731 2940 3793 abierint,
2975 3745 3187 3785 summo
3225 3731 3401 3784 studio
3429 3731 3493 3783 ad
3515 3745 3612 3783 eo-

2026 3840 2140 3878 rum
2197 3823 2427 3877 ltouores
2474 3822 2880 3885 concurrimus,
2921 3835 2982 3874 ac
3025 3821 3290 3874 theatrum
3334 3821 3614 3889 spirituale

2024 3927 2399 3978 convocatnus,
2429 3913 2659 3966 victores
2687 3926 2780 3964 eos
2811 3911 3196 3973 renuntiamus,
3220 3919 3273 3964 et
3295 3926 3615 3966 coronamus

2027 4013 2242 4075 propter
2269 4004 2506 4067 vulnera,
2557 4002 2887 4070 sanguinem,
2923 4009 3206 4066 tormenta,
3249 4002 3450 4070 plagas,
3481 4003 3615 4055 aliti-

2025 4096 2363 4154 ctioucsillas
2379 4105 2431 4149 et
2451 4095 2720 4164 angustias
2752 4111 2765 4148 :
2797 4093 2872 4147 sic
2908 4093 2965 4146 lit
2994 4101 3129 4147 utet
3156 4093 3283 4162 ipsa:
3302 4093 3616 4147 alllictiones

2026 4190 2397 4260 gloriationem
2423 4202 2573 4242 suam
2621 4187 2851 4241 habeant
2892 4185 2974 4240 vel
3015 4195 3139 4241 ante
3183 4184 3608 4240 retributionem.

2027 4281 2208 4351 Cogita
2236 4287 2466 4351 quantus
2495 4278 2572 4330 vir
2614 4286 2754 4331 esset
2801 4286 2910 4330 tum
2953 4276 3208 4346 temporis
3250 4274 3464 4342 Paulus,
3489 4291 3610 4329 cunt

2028 4386 2275 4428 carceres
2299 4370 2583 4435 habitaret,
2613 4378 2665 4423 et
2687 4367 2751 4421 ad
2779 4368 3058 4421 tribunalia
3101 4366 3420 4431 traheretur,
3460 4379 3616 4434 quam

2029 4465 2386 4533 conspicuus,
2427 4475 2583 4531 quam
2639 4459 2866 4512 celebris
2908 4466 2959 4511 et
2998 4455 3217 4510 illustris
3254 4455 3390 4522 apud
3428 4470 3616 4507 omnes

2030 4565 2329 4626 appareret,
2359 4553 2623 4624 praecipue
2666 4566 2793 4604 vero
2828 4547 2968 4617 apud
3017 4562 3130 4612 eos,
3163 4561 3192 4600 a
3219 4547 3409 4615 quibus
3442 4560 3612 4613 Oppu-

2029 4648 2288 4717 gttabatur
2317 4653 2370 4698 et
2400 4643 2604 4697 insidiis
2649 4639 3016 4709 appetebatur.
3042 4637 3145 4692 Sed
3176 4637 3299 4706 quid
3346 4651 3445 4705 ego
3488 4651 3614 4688 cou-

2033 4737 2272 4806 spicuum
2305 4735 2607 4788 hominibus
2633 4748 2752 4786 etnu
2790 4732 2948 4786 fuisse
2974 4731 3114 4792 dico,
3146 4729 3359 4799 quando
3382 4729 3463 4782 vel
3495 4729 3616 4797 ipsis

2033 4828 2362 4884 dwmonibus
2391 4837 2501 4879 tum
2535 4825 2699 4894 magis
2747 4823 2846 4877 fttit
2886 4822 3259 4887 formidabilis,
3291 4837 3411 4874 cum
3461 4821 3621 4889 virgis

2035 4919 2364 4975 czederetur't
2389 4918 2518 4971 Cum
2548 4930 2674 4969 vero
2699 4915 2916 4969 essetin
2938 4915 3188 4976 vinculis,
3231 4927 3351 4966 cum
3403 4917 3620 4965 nanlra-

2036 5011 2117 5081 gia
2164 5016 2468 5079 pateretur,
2512 5017 2620 5060 ttttn
2671 5006 2900 5059 maxima
2941 5004 3132 5060 edebat
3175 5003 3460 5065 miracula,
3513 5011 3625 5054 tum

2038 5103 2205 5172 magis
2250 5100 2584 5155 adversarius
2631 5107 2919 5168 potestates
2949 5096 3252 5165 superabat.
3279 5094 3410 5148 Cum
3459 5094 3618 5161 igitur

2040 5197 2203 5262 probe
2243 5203 2442 5257 neSset,
2492 5200 2747 5260 quanttttu
2775 5204 2839 5241 ex
2892 5188 2972 5240 bis
3015 5185 3390 5239 afflictionibus
3432 5185 3622 5236 anima:

2041 5285 2244 5338 lucrum
2292 5282 2587 5342 oltvcttiret,
2630 5279 2838 5332 dicebat
2871 5293 2885 5334 :
2914 5276 3037 5330 Cum
3079 5276 3334 5342 infirmor,
3374 5282 3489 5324 tunc
3536 5290 3627 5340 po-

2041 5385 2146 5428 tens
2176 5391 2286 5427 sunt
2316 5389 2332 5426 :
2361 5371 2553 5426 deinde
2584 5370 2730 5422 addit
2760 5385 2772 5421 :
2815 5366 3028 5437 Propter
3048 5365 3180 5435 quod
3221 5364 3392 5432 placeo
3420 5362 3542 5414 milii
3573 5362 3624 5411 itt

2040 5464 2434 5534 inﬁrmitatibus,
2481 5462 2533 5514 in
2576 5458 2908 5520 contumeliis,
2943 5459 2991 5509 in
3019 5453 3412 5518 m'cessitatibns,
3442 5453 3490 5505 in
3511 5467 3621 5521 pcr-

2108 5597 2122 5628 ί
2150 5601 2252 5643 Mss.
2280 5600 2402 5656 post,
2429 5589 2658 5656 caprinis,
2683 5588 2890 5656 addunt,
2908 5585 2955 5635 in
2980 5583 3310 5656 solitudinibus
3326 5589 3558 5656 errantes,
3584 5594 3624 5634 rt

2045 5644 2293 5712 montibus:
2313 5664 2356 5704 ct
2381 5644 2614 5709 cavernis,
2637 5644 2680 5700 et
2701 5647 2852 5698 antris
2876 5655 3041 5706 ιυιϊιιτ,
3063 5647 3203 5704 uulsi,
3225 5652 3430 5710 egentes,
3451 5644 3618 5708 qu'ltas

2055 5719 2225 5783 dignus
2249 5730 2339 5768 nott
2363 5723 2463 5765 erat
2490 5714 2712 5762 mundus.
