4096 6222
464 293 566 353 103

453 407 850 480 sequutionibus,
891 408 942 462 in
981 407 1231 478 angustiis
1257 448 1271 472 ,
1313 417 1367 461 δὲ
1406 408 1648 462 inhabitet
1690 409 1847 462 inme
1888 409 2044 463 virtus

454 499 642 554 Christi
669 500 745 569 (2.
761 499 881 554 Cor.
903 498 991 554 13.
1016 499 1103 553 10.
1137 497 1214 569 9).
1240 498 1442 554 Idcirco
1461 511 1622 554 etiam
1651 515 1772 554 cum
1791 500 1856 553 ad
1879 516 2040 570 quos-

450 591 572 644 dam
617 589 878 646 scriberet
913 587 1152 644 Corinthi
1195 589 1470 660 degentes,
1520 589 1656 645 etin
1687 606 1779 646 eos
1819 590 2038 646 invehe-

452 692 617 748 retur,
641 686 730 752 qut
752 681 820 736 de
848 697 907 736 se
923 681 1202 752 magnifice
1227 680 1547 747 sentiebant,
1573 681 1707 736 alios
1737 696 1864 736 vero
1887 681 2038 736 datu-

452 773 668 835 nabant,
698 771 942 842 epistola:
987 771 1213 826 formam
1259 772 1568 841 exprimens
1611 771 1788 840 nobis,
1815 781 2035 828 coactus

451 871 534 917 est
550 876 768 917 suorum
789 871 932 917 recte
955 861 1215 917 factorum
1238 861 1522 932 imaginem
1543 862 1854 934 depingere,
1877 863 2040 935 idque

453 969 558 1007 nou
585 968 648 1007 ex
677 953 860 1024 signis,
891 967 998 1007 non
1041 967 1108 1008 ex
1145 952 1435 1018 miraculis,
1455 967 1559 1007 non
1585 968 1650 1008 ex
1681 953 1906 1021 honore,
1932 969 2038 1009 non

451 1060 514 1099 ex
549 1045 778 1112 deliciis,
824 1043 919 1099 sed
960 1061 1024 1100 ex
1070 1044 1395 1108 carceribus,
1426 1059 1490 1099 ex
1513 1044 1750 1114 judiciis,
1773 1060 1840 1100 ex
1870 1044 2032 1113 fame,

449 1150 512 1189 ex
543 1135 734 1205 frigore
754 1175 768 1200 ,
791 1151 855 1190 ex
899 1134 1072 1199 bellis,
1101 1149 1168 1189 ex
1193 1134 1421 1202 insidiis,
1451 1135 1710 1204 ejusmodi
1738 1135 1918 1192 verbis
1945 1152 2039 1193 eos

449 1226 728 1296 alloquens
772 1245 787 1281 :
830 1227 1054 1280 Ministri
1109 1224 1296 1280 Christi
1339 1237 1489 1293 sunt,
1533 1237 1586 1281 ut
1622 1229 1789 1282 minus
1837 1231 2038 1300 sapiens

455 1319 586 1384 dico,
618 1319 732 1388 plus
749 1335 861 1391 ego,
893 1329 947 1374 et
977 1319 1216 1375 indicans
1251 1320 1377 1375 illud
1424 1320 1572 1387 Plus,
1605 1331 1660 1376 ct
1700 1323 1751 1377 in
1781 1338 1888 1393 quo
1908 1325 2040 1378 emi-

453 1419 625 1475 neret,
647 1409 840 1479 inquit,
873 1408 937 1463 lu
966 1410 1218 1464 laboribus
1234 1413 1473 1481 amplius,
1493 1413 1545 1466 in
1583 1413 1864 1467 carceribus
1878 1415 2039 1468 abun-

453 1501 676 1564 dantius,
708 1501 761 1555 in
789 1503 954 1573 plagis
981 1520 1139 1572 supra
1162 1504 1386 1568 modum,
1413 1506 1468 1558 in
1501 1507 1740 1560 mortibus
1755 1510 2040 1578 frequenter

453 1593 539 1664 (2.
555 1593 672 1649 Cor.
692 1595 781 1650 Η.
803 1594 928 1663 25),
947 1605 1000 1650 et
1020 1612 1138 1666 qua:
1159 1608 1453 1668 sequuntur
1479 1615 1490 1650 :
1524 1596 1584 1653 Si
1598 1599 1808 1668 gloriari
1821 1609 2035 1670 oportet,

455 1686 508 1738 in
527 1685 590 1739 iis
615 1701 727 1754 qut:
740 1686 1050 1754 inﬁrmitatis
1067 1702 1190 1741 meae
1208 1696 1323 1741 sunt
1336 1687 1668 1760 gloriabor(2.
1683 1689 1800 1744 Cor:
1817 1691 1902 1746 Η.
1921 1691 2036 1761 50).

519 1775 697 1832 Gloria
724 1777 1032 1845 voluptatem
1059 1777 1229 1844 a/I'ert.
1275 1777 1553 1833 Prwmium
1571 1783 1826 1850 justorum
1863 1786 1914 1836 in
1943 1783 2040 1836 hac

453 1867 574 1920 vita.
604 1864 860 1922 -—V'ides
889 1881 1012 1921 eum
1043 1866 1097 1922 in
1149 1867 1233 1922 bis
1288 1870 1456 1923 multo
1499 1871 1728 1939 amplius
1781 1872 2036 1942 gloriari,

451 1973 608 2027 quam
633 1958 702 2013 ob
739 1957 1044 2028 splendidas
1070 1973 1298 2013 coronas
1342 1961 1440 2014 sibi
1473 1961 1682 2030 placere
1704 2003 1718 2026 ,
1771 1972 1930 2033 atque
1955 1965 2037 2019 id-

450 2050 594 2103 circo
621 2049 832 2112 dicere,
886 2048 1006 2102 Non
1051 2049 1216 2103 solum
1242 2060 1432 2116 autem,
1472 2052 1560 2105 sed
1589 2063 1634 2106 et
1661 2054 1940 2124 gloriamur
1985 2057 2038 2109 in

447 2141 904 2195 tribulatibnibus?
924 2140 1060 2207 Quid
1090 2149 1172 2195 est
1195 2152 1372 2196 autem
1426 2143 1552 2197 illud
1579 2183 1594 2210 ,
1653 2143 1773 2198 Non
1820 2147 1983 2199 solum
2014 2149 2040 2200 1’

452 2235 567 2291 Non
589 2232 781 2296 solum,
816 2233 1007 2302 inquit,
1039 2248 1144 2286 non
1165 2233 1399 2288 animum
1419 2234 1809 2304 despondemus
1831 2237 2039 2308 afﬂicti,

451 2323 706 2384 aerumnis
747 2325 1014 2394 oppressi,
1042 2324 1136 2379 sed
1166 2333 1432 2395 tamquam
1477 2326 1735 2395 majorem
1763 2327 1829 2381 ad
1863 2328 2033 2383 hono-

451 2431 562 2469 rem
588 2415 921 2486 gloriamque
948 2417 1204 2486 provecti,
1233 2418 1527 2487 gloriamur
1542 2419 1900 2487 potius-obea,
1919 2435 2038 2491 qute

456 2506 613 2562 nobis
637 2508 975 2576 contingunt,
1005 2507 1366 2563 incommoda.
1413 2509 1614 2564 Deinde
1642 2512 1892 2580 quoniam
1924 2527 2040 2566 ma-

453 2600 648 2654 ximam
674 2600 801 2654 oriri
822 2599 1067 2669 gloriam,
1099 2599 1312 2654 laudem
1338 2609 1392 2654 et
1407 2600 1746 2669 jactationem
1777 2618 1844 2657 ex
1873 2604 2041 2659 tribu-

451 2689 736 2746 lationibus
758 2690 916 2757 dixit,
944 2689 1170 2760 gloriam
1198 2706 1328 2746 vero
1363 2702 1568 2746 certum
1598 2700 1682 2747 est
1713 2693 2034 2763 voluptatem

446 2785 668 2841 atl'erre:
699 2784 785 2838 tibi
808 2784 950 2839 enim
978 2783 1221 2854 voluptas
1249 2793 1352 2851 est,
1383 2785 1604 2838 omnino
1628 2795 1710 2842 est
1738 2786 1898 2841 etiam
1916 2787 2034 2858 glo-

451 2875 526 2928 ria
551 2891 565 2926 :
599 2873 691 2928 ubi
719 2888 846 2927 vero
872 2873 994 2926 talis
1017 2873 1208 2942 gloria,
1234 2873 1303 2927 ibi
1329 2873 1548 2928 omnino
1572 2883 1658 2929 est
1687 2875 1848 2930 etiam
1881 2878 2034 2932 volu-

453 2972 607 3034 ptas:
644 2971 922 3033 postquam
946 2962 1106 3033 igitur
1135 2961 1295 3033 afﬂigi
1318 2962 1654 3033 splendidum
1683 2965 1809 3034 quid
1831 2973 1885 3020 et
1910 2966 2035 3021 illu-

451 3063 564 3108 stre
588 3067 708 3109 esse
756 3053 1179 3118 demonstravit,
1225 3061 1282 3109 et
1323 3053 1655 3123 gloriationis
1699 3071 2035 3114 occasnonem

443 3143 662 3211 aﬂ'erre,
688 3144 851 3198 alium
869 3145 987 3215 ejus
1004 3143 1255 3200 effectum
1278 3145 1565 3200 maximum
1585 3156 1764 3202 narrat
1789 3146 2040 3204 fructum-

452 3252 556 3307 que
585 3251 853 3291 summum
879 3251 942 3290 ac
964 3235 1306 3306 stupendum.
1340 3235 1570 3303 Quisille
1589 3253 1748 3308 porro
1765 3239 1836 3295 sit
1852 3241 2034 3296 videa-

447 3342 584 3381 mus.
613 3327 842 3382 Scientes
867 3327 1044 3398 igitur,
1073 3327 1266 3398 inquit,
1291 3328 1427 3398 quod
1455 3329 1714 3384 tribulatio
1743 3333 2036 3402 patientiam

445 3425 702 3486 operatur,
751 3417 993 3487 patientia
1041 3426 1208 3470 autem
1262 3416 1622 3486 probationem,
1654 3421 1880 3490 probatio
1922 3439 2036 3477 vero

443 3522 620 3575 spem,
669 3523 783 3576 spes
823 3515 991 3560 autem
1034 3523 1133 3560 non
1173 3509 1438 3578 confundit
1488 3509 1506 3580 (
1535 3510 1684 3565 Rom.
1717 3513 1770 3567 5.
1819 3513 1853 3568 3
1883 3544 1906 3555 -
1930 3516 1964 3571 5
1993 3517 2032 3584 ).

443 3595 578 3662 Quid
605 3604 707 3660 est,
740 3595 966 3650 Scientes
992 3597 1128 3666 quod
1163 3597 1420 3652 tribulatio
1476 3601 1770 3669 patientiam
1799 3603 1879 3672 (a)
1910 3620 2033 3674 ope-

447 3684 627 3738 ratur?
659 3684 809 3740 lluuc
836 3687 1125 3742 maximum
1152 3687 1379 3743 fructum
1402 3688 1583 3754 habet,
1603 3693 1742 3762 quod
1762 3693 2032 3751 hominem

445 3771 699 3828 afﬂictum
746 3776 1100 3832 robustiorem
1158 3778 1352 3834 reddit.
1402 3779 1534 3835 Nam
1584 3783 2032 3851 quemadmodum

441 3863 681 3930 arbores,
712 3881 832 3935 qua:
880 3869 932 3922 in
976 3867 1242 3924 umbrosis
1285 3885 1351 3925 ac
1397 3883 1680 3928 ventorum
1727 3877 2033 3945 expertibus

445 3955 574 4008 locis
585 3955 822 4024 aluntur,
850 3973 970 4013 cum
997 3969 1217 4015 externa
1235 3963 1414 4032 specie
1437 3979 1690 4034 prospere
1710 3967 2029 4037 germinent,

447 4043 632 4100 molles
650 4046 781 4100 fiunt
805 4056 965 4119 atque
990 4047 1251 4121 fungosaa,
1284 4060 1337 4107 et
1375 4051 1528 4110 facile
1575 4057 1766 4125 quovis
1817 4058 2030 4114 incursu

442 4138 742 4204 laeduntur;
773 4156 892 4210 qua:
918 4157 1046 4197 vero
1087 4142 1140 4197 in
1177 4145 1402 4200 excelsis
1433 4147 1693 4202 montium
1743 4150 2032 4209 verticibus

445 4230 560 4286 sita!
585 4241 710 4287 sunt
733 4273 748 4297 ,
777 4247 806 4286 a
853 4234 1033 4288 multis
1065 4237 1374 4305 magnisque
1400 4238 1573 4293 ventis
1598 4240 1863 4309 agitantur
1885 4283 1900 4307 ,
1952 4243 2032 4297 in-

447 4323 757 4392 temperiem
785 4324 922 4378 aeris
941 4324 1152 4381 assidue
1175 4325 1366 4390 ferunt,
1383 4331 1694 4398 gravissima
1713 4341 2030 4403 tempestate

445 4413 743 4481 pulsantur,
775 4424 830 4470 et
853 4416 1017 4470 multa
1050 4417 1171 4472 nive
1203 4417 1482 4487 feriuntur,
1514 4419 1656 4474 ferro
1699 4424 1887 4492 quovis
1935 4441 2024 4478 ro-

443 4504 710 4562 bnstiores
733 4505 1003 4560 evadunt:
1035 4507 1146 4578 pari
1179 4507 1384 4564 ratione
1404 4525 1653 4581 corpora,
1682 4528 1800 4582 qua:
1849 4512 2028 4568 multis

505 4678 580 4739 (tt)
615 4686 731 4741 Reg.
761 4685 912 4728 totum
934 4679 1089 4731 refert
1107 4681 1234 4734 Pauli
1260 4682 1432 4735 locum.

1198 295 1254 351 S.
1294 294 1572 350 JOANNIS
1607 293 2080 351 CllllYSOSTOMl
2121 295 2434 351 ancnme.
2475 295 3006 354 CONSTANTINOP.

3632 299 3730 354 1M

2155 422 2218 462 ac
2249 408 2408 462 variis
2435 408 2486 462 in
2526 407 2735 464 deliciis
2761 409 3076 476 educantur,
3109 424 3224 479 qum
3274 411 3523 465 mollit-ns
3567 417 3729 465 vesti~

2148 499 2346 554 mentis
2374 511 2653 566 ornantur,
2686 517 2804 571 quae
2830 501 3096 556 continuis
3122 501 3326 556 balneis
3355 511 3410 556 et
3449 505 3727 572 unguentis

2150 600 2388 656 utuntur,
2418 606 2482 646 ac
2505 591 2704 646 diversi
2754 593 2969 663 generis
3021 593 3289 648 alimentis
3341 603 3536 662 praeter
3578 609 3727 646 usum

2144 681 2505 737 necessarium
2546 682 2773 738 delicate
2803 684 3084 748 fruuntur,
3136 699 3352 752 uersos
3397 683 3466 739 ad
3507 684 3726 739 sudores

2146 772 2462 842 laboresque
2486 788 2581 841 pro
2604 773 2860 844 religione
2883 774 3191 829 subeundos
3223 775 3425 828 inutilia
3484 774 3721 828 reddun-

2145 870 2251 927 tur,
2280 862 2619 932 maximoque
2642 863 2902 933 supplicio
2927 875 3052 919 sunt
3077 863 3305 918 obnoxia
3329 880 3342 916 :
3370 865 3449 918 sic
3478 865 3728 919 nimirum

2143 961 2198 1008 et
2219 953 2432 1018 animae,
2461 969 2584 1023 qua:
2610 954 2944 1009 miseriarum
2966 965 3242 1024 expertem
3289 955 3452 1010 vitam
3483 954 3683 1012 ducunt
3712 996 3726 1018 .

2143 1061 2261 1115 qua:
2281 1044 2496 1100 deliciis
2517 1044 2762 1109 afﬂuunt,
2794 1061 2914 1116 quae
2937 1045 3163 1100 libenter
3191 1047 3540 1116 praeScntibus
3569 1048 3729 1102 rebus

2145 1147 2266 1190 sunt
2300 1135 2495 1190 dedita:
2524 1175 2540 1202 ,
2591 1150 2654 1190 ac
2699 1136 2861 1190 vitam
2889 1135 3090 1191 doloris
3116 1147 3391 1206 espertem
3439 1136 3735 1207 pra‘ferunt

2143 1224 2519 1282 aﬂlictionibus
2559 1241 2658 1297 pro
2706 1241 2871 1298 regno
2920 1228 3178 1282 ctelorum
3225 1242 3374 1282 more
3422 1238 3725 1282 sanctorum

2143 1318 2380 1371 omnium
2406 1317 2722 1384 subeundis,
2750 1332 2872 1372 cera
2893 1319 3079 1387 quavis
3105 1317 3376 1373 molliores
3396 1329 3448 1372 et
3484 1317 3728 1373 imbecil-

2145 1407 2303 1461 liores
2332 1407 2552 1471 eﬂ'ectte,
2591 1408 2696 1478 igni
2721 1408 2969 1477 pabulum
2987 1415 3323 1478 exponuntur
3345 1419 3582 1475 :rterno;
3609 1425 3726 1479 quae

2145 1515 2272 1554 vero
2297 1500 2546 1568 periculis
2571 1541 2586 1564 ,
2622 1501 2892 1555 laboribus
2919 1511 2972 1554 et
3001 1502 3256 1555 aerumnis
3281 1501 3582 1557 afﬂictionis
3635 1503 3724 1558 Dei

2144 1606 2301 1645 causa
2325 1591 2615 1646 toleranda:
2640 1601 2764 1646 sunt
2787 1593 3068 1661 exposite,
3114 1605 3274 1662 atque
3325 1595 3374 1648 in
3428 1595 3556 1664 ipsis
3594 1611 3728 1648 enu-

2145 1683 2301 1744 tritae,
2334 1681 2476 1736 ferro
2505 1683 2622 1752 ipso
2653 1682 2732 1738 vel
2760 1683 3042 1738 adamante
3070 1684 3354 1738 solidiores
3383 1685 3514 1738 liunt
3553 1701 3616 1739 ac
3642 1701 3727 1754 ge-

2145 1773 2468 1836 nerosiores,
2499 1782 2556 1828 et
2585 1788 2650 1828 ex
2675 1788 2740 1828 eo
2768 1773 2908 1844 quod
2937 1774 3148 1828 assidue
3174 1784 3451 1837 vexentur,
3499 1775 3724 1844 inexpu-

2142 1862 2382 1931 gnabiles
2408 1863 2727 1918 adversariis
2747 1863 3064 1931 redduntur,
3092 1875 3146 1920 et
3163 1865 3416 1920 invictum
3440 1868 3723 1935 quemdam

2144 1954 2410 2022 patientiae
2429 1969 2493 2009 ac
2522 1954 2845 2010 fortitudinis
2866 1957 3103 2012 habitum
3133 1959 3432 2028 acquirunt.
3452 1959 3516 2013 Et
3541 1975 3726 2029 quem-

2142 2044 2428 2100 admodum
2457 2045 2516 2110 ii,
2549 2049 2636 2116 qui
2665 2062 2785 2101 cmn
2835 2049 3066 2116 primum
3111 2050 3286 2103 navim
3333 2049 3720 2113 conscendunt,

2145 2144 2403 2189 nauseant
2433 2143 2486 2190 et
2511 2136 2700 2206 capitis
2735 2139 2994 2208 vertigine
3020 2138 3262 2194 laborant
3302 2140 3494 2194 turbati
3541 2155 3604 2196 ac
3648 2139 3723 2194 fa-

2143 2225 2303 2280 Stidio
2331 2227 2560 2295 correpti
2588 2243 2602 2278 :
2633 2228 2722 2297 qui
2751 2243 2878 2282 vero
2911 2229 3074 2283 multa
3105 2229 3366 2299 longaque
3392 2232 3556 2284 maria
3599 2239 3725 2285 sunt

2139 2315 2366 2381 emensi,
2399 2316 2489 2386 qui
2513 2317 2706 2372 millies
2748 2331 2808 2373 se
2853 2318 3101 2374 ﬂuctibus
3143 2319 3396 2374 audacter
3441 2321 3726 2376 commisc-

2142 2417 2285 2471 ruut,
2314 2417 2367 2463 et
2387 2409 2574 2464 crebra
2595 2418 2718 2464 sunt
2742 2411 2882 2480 passi
2920 2411 3213 2481 naufragia,
3243 2413 3722 2488 peregrinationem

2141 2498 2404 2566 ejusmodi
2435 2499 2770 2555 conﬁdenter
2818 2501 3230 2571 aggrediuntur:
3263 2503 3340 2558 sic
3369 2504 3618 2557 nimirum
3667 2512 3724 2558 et

2141 2591 2340 2656 anima,
2372 2606 2490 2660 qua:
2513 2591 2707 2648 multas
2733 2594 2988 2648 sustinuit
3019 2595 3340 2650 tentatioues
3362 2636 3378 2661 ,
3427 2605 3481 2650 et
3505 2611 3723 2666 magnas

2142 2681 2361 2751 pertulit
2379 2681 2716 2751 afﬂictiones,
2744 2684 3020 2740 laboribus
3038 2685 3292 2756 deinceps
3319 2689 3637 2753 assuefacta,
3669 2697 3722 2742 et

2141 2775 2240 2830 sibi
2271 2785 2580 2846 comparato
2607 2776 2788 2832 habitu
2815 2778 3104 2847 patientiae,
3128 2794 3234 2834 non
3265 2779 3494 2850 amplius
3514 2788 3596 2834 est
3611 2795 3726 2834 me-

2142 2865 2388 2932 ticulosa,
2430 2882 2528 2921 nec
2556 2868 2850 2923 terroribus
2897 2869 3160 2938 obnoxia,
3212 2886 3312 2926 nec
3358 2870 3724 2940 ingruentibus

2141 2957 2294 3011 malis
2321 2958 2564 3011 turbatur
2587 2975 2600 3010 :
2631 2957 2725 3014 sed
2741 2959 2953 3014 assidua
2967 2975 3143 3014 rerum
3159 2976 3278 3030 qua!
3298 2961 3481 3016 accido
3493 2972 3546 3015 nt
3567 2976 3726 3016 exer-

2140 3047 2410 3114 citatione,
2442 3063 2504 3103 ac
2529 3047 2790 3119 frequenti
2820 3065 3039 3105 casuum
3071 3052 3419 3106 meditatione
3451 3052 3720 3115 roborata,

2139 3151 2488 3208 quazcumque
2514 3138 2795 3208 insurgunt
2821 3141 3153 3196 incommoda
3188 3142 3290 3198 fert
3313 3142 3580 3199 facillime.
3611 3143 3724 3199 lloc

2143 3228 2324 3297 itaque
2352 3229 2550 3298 peritus
2577 3229 2665 3284 ille
2691 3230 2920 3285 carlestis
2949 3234 3373 3287 conversationis
3400 3233 3722 3288 architectus

2141 3317 2382 3372 iudicans
2409 3317 2656 3373 dicebat:
2689 3317 2809 3374 Non
2836 3320 2999 3374 solum
3022 3331 3212 3388 autem,
3243 3322 3334 3376 sed
3359 3333 3407 3378 et
3435 3323 3717 3394 gloriamur

2139 3408 2191 3462 in
2213 3409 2618 3464 tribulationibus
2644 3427 2663 3465 :
2691 3412 2942 3481 quoniam
2969 3424 3093 3470 ante
3120 3416 3265 3485 regni
3293 3429 3722 3485 coronat-umque

2138 3497 2435 3553 caelestium
2466 3497 2805 3570 adeptionem
2837 3505 3125 3558 maximum
3172 3504 3295 3559 hinc
3325 3507 3600 3574 praemium
3632 3521 3722 3561 re-

2140 3597 2412 3657 portamus
2435 3631 2450 3656 ,
2500 3590 2626 3644 dum
2672 3608 2768 3663 per
2792 3595 3034 3649 assiduas
3058 3594 3372 3650 afﬂictiones
3404 3596 3721 3651 tolerantior

2138 3682 2311 3736 anima
2343 3691 2522 3736 nostra
2551 3684 2812 3749 redditur,
2867 3694 2922 3740 et
2948 3686 3082 3740 ratio
3112 3685 3299 3741 fortior
3348 3687 3544 3742 evadit.
3597 3671 3722 3742 Eme

2140 3773 2298 3844 igitur
2317 3774 2494 3829 omnia
2521 3789 2642 3830 cum
2666 3776 2817 3831 nobis
2841 3778 3110 3847 explorata
3154 3779 3257 3832 sint
3286 3820 3301 3844 ,
3348 3778 3675 3832 dilectissimi
3703 3821 3718 3843 ,

2134 3879 2392 3935 generese
2435 3881 2784 3937 quaecumque
2825 3867 3072 3923 accidunt
3121 3869 3346 3923 adversa
3377 3870 3665 3925 toleremus
3702 3911 3718 3935 ,

2136 3955 2299 4024 quod,
2324 3971 2443 4010 cum
2467 3958 2534 4010 ita
2561 3957 2669 4012 Deo
2691 3958 2861 4012 visum
2888 3958 3065 4024 fuerit,
3095 3959 3159 4014 ad
3184 3960 3463 4016 utilitatem
3482 3968 3718 4015 nostram

2138 4045 2189 4100 id
2223 4046 2329 4112 fiat,
2364 4063 2539 4116 neque
2563 4063 2711 4117 spem
2741 4049 3074 4119 abjiciamus,
3104 4067 3204 4106 nec
3232 4053 3424 4107 animis
3467 4054 3719 4108 concida-

2136 4151 2276 4202 mus,
2301 4138 2648 4194 afﬂictionum
2673 4139 3023 4210 impressione
3055 4145 3325 4212 prostrati,
3373 4143 3466 4198 sed
3514 4144 3720 4199 fortiter

2136 4237 2342 4282 stantes
2368 4243 2467 4299 pro
2497 4230 2705 4284 collatis
2733 4231 2785 4285 in
2816 4247 2913 4286 nos
2941 4232 3214 4288 beneﬁciis
3243 4243 3498 4304 perpetuo
3523 4235 3720 4304 gratias

2139 4318 2248 4372 Deo
2273 4333 2513 4389 agamus,
2543 4329 2601 4376 ut
2625 4331 2678 4376 et
2703 4325 3054 4392 praesentibus
3084 4325 3325 4380 fruamur
3354 4327 3508 4381 bouis
3551 4337 3607 4381 et
3646 4327 3719 4380 fu-

2136 4418 2250 4463 tura
2280 4409 2418 4464 dona
2449 4426 2858 4483 consequamur,
2890 4417 3081 4486 gratia,
3111 4417 3472 4472 misericordia
3497 4457 3513 4481 ,
3539 4427 3593 4472 et
3622 4417 3718 4473 be-

2135 4499 2390 4569 nignitate
2418 4503 2626 4558 Domini
2656 4507 2822 4560 nostri
2850 4507 2974 4562 Jesu
3001 4506 3196 4562 Christi
3223 4548 3238 4575 ,
3265 4524 3387 4564 cum
3427 4525 3535 4580 quo
3576 4509 3720 4565 Patri

2134 4592 2301 4661 gloria
2323 4601 2380 4648 et
2401 4594 2701 4664 imperium,
2727 4599 2988 4669 simulque
3013 4609 3200 4654 sancto
3222 4617 3284 4655 ac
3317 4601 3528 4656 viviﬂco
3551 4601 3722 4670 Spiri-

2137 4683 2231 4749 tui,
2262 4699 2402 4740 nunc
2424 4695 2476 4740 et
2507 4701 2742 4757 semper,
2770 4697 2823 4744 et
2850 4690 2899 4744 in
2931 4689 3122 4745 Saecula
3155 4691 3492 4746 szeculorum.
3523 4690 3713 4746 Amen.
