4096 6222
460 271 561 328 1Γῶ

1145 273 1202 329 S.
1240 273 1524 330 JOANNIS
1561 271 2049 330 CIIRYbOSTOMI
2088 274 2403 330 ARCIIIEP.
2443 275 2983 332 ΕΟΝΒΤΑΝΤιΝΟΡ.

3582 287 3680 341 166

495 395 3665 440 3W

1394 580 1755 643 MONITUM
1801 575 1901 643 AD
1939 584 2315 647 HOM‘ILIAM
2356 588 2437 648 IN
2475 588 2735 661 ILLUD,

523 735 697 805 Hujus
729 736 968 794 bomiiiaa
991 740 1274 795 exordium
1301 756 1531 811 prorsus
1559 742 1735 798 simile
1759 752 1844 800 est
1877 746 2144 815 prommio
2170 745 2464 802 Concionis
2495 747 2549 802 in
2586 748 2883 803 debitorem
2932 746 3117 802 decem
3166 745 3396 800 miilium
3449 745 3679 800 talento-

455 839 572 878 rum
602 842 617 880 :
649 826 700 881 in
728 835 959 897 utroque
988 830 1133 884 enim
1165 831 1506 889 auditoribus
1535 835 1839 902 gratulatur
1876 836 2321 908 Cbrysostomus,
2348 839 2493 908 quod
2531 847 2669 911 post
2692 838 3013 894 diuturnum
3052 837 3341 901 morbum,
3373 835 3458 890 sui
3488 849 3679 888 aman-

456 923 562 971 tem
598 928 823 985 emtum,
847 929 901 973 et
926 920 1024 974 abs
1045 935 1106 975 se
1136 922 1252 991 pari
1286 923 1456 977 animi
1486 923 1681 978 alfectu
1714 927 2076 992 redamatum,
2111 928 2214 983 sibi
2255 929 2420 997 quasi
2444 944 2508 984 ex
2553 929 2845 998 longinqua
2880 927 3312 998 peregrinatione
3360 926 3547 981 reduci
3585 926 3681 979 ite—

456 1024 573 1065 rum
610 1015 972 1070 convenirent
997 1018 1200 1087 alloqui
1226 1017 1404 1073 liceat.
1438 1018 1565 1074 Inde
1597 1035 1724 1074 vero
1758 1029 1996 1089 arguunt
2038 1021 2140 1076 viri
2172 1021 2391 1089 quidam
2431 1021 2596 1084 docti,
2629 1036 2752 1076 cum
2801 1020 2890 1074 illa
2924 1020 3072 1090 prior
3124 1018 3352 1073 llomilia
3385 1018 3451 1071 de
3494 1017 3677 1072 decem

455 1104 680 1158 millium
711 1107 1036 1166 talentorum
1069 1109 1313 1164 debitore
1339 1110 1643 1165 Antiochiae
1660 1111 1850 1180 procul
1878 1112 2045 1167 dubio
2077 1112 2256 1167 habita
2296 1111 2460 1166 fuerit
2491 1128 2635 1166 anno
2666 1112 2802 1178 587,
2836 1112 2977 1165 hanc
3010 1110 3375 1165 verisimiliter
3404 1109 3680 1164 Constan—

454 1194 681 1264 tinopoli
708 1199 903 1254 dictam
934 1199 1121 1257 fuisse.
1153 1200 1270 1255 Non
1300 1202 1468 1265 enim,
1502 1202 1788 1271 inquiunt,
1831 1204 2022 1259 eodem
2069 1204 2293 1259 exordio
2328 1220 2464 1261 usus
2489 1202 2709 1259 essetin
2744 1218 2851 1258 una
2892 1204 3189 1271 eademque
3221 1201 3394 1267 urbe;
3427 1201 3517 1257 sed
3553 1216 3678 1256 cum

452 1287 752 1343 Antiochia:
781 1291 1101 1359 mgritudine
1128 1293 1357 1356 levatus,
1388 1293 1492 1348 boc
1518 1308 1747 1348 exorsus
1777 1302 1922 1350 esset
1952 1296 2131 1360 modo,
2165 1306 2352 1367 postea
2381 1311 2599 1367 quoque
2629 1295 3123 1364 Constantinopoli,
3160 1304 3279 1364 post
3312 1303 3675 1349 restauratam

453 1375 646 1431 iterum
680 1380 1064 1448 valetudinem,
1093 1383 1238 1439 idem
1269 1385 1589 1453 prooemium
1621 1385 1765 1455 apud
1809 1385 2119 1450 auditores,
2169 1401 2400 1456 quorum
2442 1388 2624 1442 nullus
2686 1387 2768 1442 sic
2815 1401 3053 1456 unquam
3104 1401 3358 1442 exorsum
3409 1385 3675 1449 audierat,

1654 1579 2084 1591 —~————_—

437 1764 594 1840 [150]
629 1771 730 1836 Εἰς
754 1768 868 1837 τὴν
898 1770 1318 1841 ἀποστολικὴν
1335 1771 1530 1841 ῥῆσιν
1558 1772 1673 1841 τὴν
1697 1772 2025 1844 λέγουσαν,
2053 1795 2072 1828 ι
2115 1776 2373 1846 Οἴδαμεν
2416 1777 2506 1832 ὅτι
2537 1778 2664 1846 τοῖς
2697 1780 2972 1848 ἀγαπῶσι
3002 1780 3110 1835 τὸν
3136 1784 3285 1837 Θεὸν
3319 1784 3519 1840 πάντα
3547 1802 3696 1844 συν-

887 1861 1046 1931 εργεῖ
1069 1866 1154 1930 εἰς
1184 1863 1432 1933 ἀγαθὸν,
1461 1884 1483 1916 ι
1524 1862 1624 1918 καὶ
1667 1863 1799 1932 περὶ
1820 1864 2154 1934 ὑπομονῆς,
2194 1866 2292 1920 καί
2322 1865 2474 1922 ὅσον
2495 1868 2615 1922 τῶν
2636 1870 2900 1938 θλίψεων
2930 1870 2995 1924 τὸ
3022 1871 3246 1940 κέρδος.

505 2271 572 2316 α’.
599 2264 687 2324 Ὠς
701 2260 789 2315 διὰ
822 2259 1035 2332 μακροῦ
1053 2259 1146 2314 τοῦ
1178 2260 1371 2331 χρόνου
1388 2260 1524 2333 πρὸς
1546 2260 1691 2334 ὑμᾶς
1708 2263 2015 2333 παραγενό-

436 2363 621 2417 μενος,
647 2345 789 2399 οὕτω
839 2344 1120 2415 διάκειμαι
1165 2347 1424 2417 σήμερον.
1462 2347 1525 2399 Εἰ
1573 2346 1683 2419 γὰρ
1735 2347 1830 2400 καὶ
1875 2345 2014 2400 οἴκοι

436 2429 831 2501 καθειργμένος
860 2427 1157 2497 ἐτύγχανον
1186 2427 1274 2481 διά
1299 2427 1399 2498 τὴν
1430 2427 1525 2481 τοῦ
1556 2427 1806 2498 σώματος
1839 2429 2017 2501 ἀρρω-

435 2514 609 2577 στίαν,
639 2513 753 2566 ἀλλ’
779 2512 854 2575 ὡς
885 2511 1103 2582 μακράν
1138 2528 1240 2564 που
1269 2511 1652 2581 ἀπῳκισμένος
1679 2511 1780 2581 τῆς
1814 2510 2012 2581 ὑμετέ-

434 2615 532 2667 ρας
579 2596 819 2664 ἀγάπης,
843 2593 986 2647 οὔτω
1033 2592 1335 2664 διεκείμην.
1368 2592 1429 2646 '0
1475 2593 1584 2663 γὰρ
1632 2594 1807 2664 φιλεῖν
1856 2593 2013 2657 εἰδὼς

432 2679 694 2743 ἀκριΰῶς,
726 2679 854 2731 ὅταν
907 2676 981 2748 μὴ
1029 2677 1121 2747 ἐξῇ
1169 2675 1247 2747 τῷ
1299 2676 1607 2747 φιλουμένῳ
1638 2676 2009 2746 συγγίνεσθαι,

433 2764 537 2816 κᾶν
581 2763 680 2833 τὴν
723 2761 891 2832 αὐτὴν
924 2761 1078 2814 πόλιν
1106 2761 1250 2830 οἰκῇ,
1276 2759 1386 2813 τῶν
1412 2761 1472 2811 ἐν
1501 2759 1759 2829 ἀλλοτρίᾳ
1803 2759 2011 2829 διατρι-

432 2848 635 2900 ϐόντων
677 2845 828 2898 οὐδὲν
873 2844 1093 2897 ἔλαττον
1123 2844 1475 2897 διακείσεται.
1512 2844 1623 2897 Κα)⁵
1645 2841 1804 2897 τοῦτο
1832 2841 2011 2896 ίσασιν

432 2931 544 2983 ὅσοι
566 2929 739 2997 φιλεῖν
774 2929 940 2982 ἴσασι.
973 2926 1259 2995 Σύγγνωτε
1294 2925 1475 2979 τοίνυν
1502 2927 1653 2996 ἡμῖν,
1683 2925 2006 2997 παρακαλῶ·

430 3014 492 3066 οὐ
522 3012 631 3084 γάρ
662 3011 770 3065 ἀπὸ
802 3010 1075 3082 ῥᾳθυμίας
1096 3013 1226 3082 ἡμῖν
1246 3010 1275 3062 ὁ
1297 3007 1575 3081 χωρισμὸς
1595 3002 1746 3071 οὗτος
1766 3008 2007 3077 γέγονεν,

431 3100 545 3153 ἀλλ’
578 3098 861 3160 ἀσθενείας
894 3096 1145 3167 σώματος
1171 3090 1239 3166 ἦν
1264 3096 1297 3164 ἡ
1334 3094 1480 3164 σιγή.
1518 3092 1627 3145 Καὶ
1654 3088 1770 3145 οἶδα
1804 3092 1904 3164 μὲν
1929 3094 2010 3146 ὅτι

430 3183 649 3254 χαίρετε
677 3180 771 3233 νῦν
802 3180 1003 3242 πάντες
1042 3180 1200 3249 ὑμεῖς
1238 3178 1320 3230 ὅτι
1356 3174 1672 3245 ἀπεθέμεθα
1698 3174 1798 3245 τὴν
1829 3177 2011 3247 ἀρρω-

431 3266 610 3319 στίαν·
651 3263 763 3334 ἐγὼ
808 3263 864 3316 δέ
909 3263 1106 3333 χαίρω,
1136 3260 1236 3330 οὐχ
1259 3261 1342 3314 δτι
1373 3257 1472 3329 τὴν
1502 3256 1814 3328 ἀρρωστίαν
1852 3259 2010 3328 μόνον

429 3349 734 3419 ἀπεθέμην,
766 3346 987 3399 ἀλλ’ὅτι
1043 3343 1137 3398 καὶ
1185 3343 1252 3396 τά
1299 3341 1612 3411 ποθούμενα
1645 3339 1799 3410 ὑμῶν
1848 3341 2013 3411 πρόες⁶

428 3450 557 3487 ωπα
580 3431 743 3485 πάλιν
764 3430 896 3501 ὀρᾷν
916 3427 1169 3496 δύναμαι,
1193 3427 1287 3479 καὶ
1310 3426 1578 3496 ἐντρυφᾷν
1604 3423 1767 3494 ὑμῶν,
1781 3426 1846 3495 τῇ
1870 3426 2010 3479 κατά

429 3516 558 3569 Θεὸν
586 3514 796 3585 ἀγάπῃ.
829 3510 931 3564 Καὶ
969 3510 1218 3580 καθάπερ
1246 3510 1296 3562 οἱ
1330 3508 1514 3561 ’πολλοῖΙ
1543 3507 1651 3561 τῶν
1681 3506 2005 3578 ἀνθρώπων,

434 3600 571 3669 μετὰ
597 3597 695 3667 τὴν
726 3594 1047 3664 ἀπαλλαγὴν
1079 3593 1179 3662 τῆς
1205 3592 1533 3663 ἀρρωστίας,
1555 3590 1753 3660 φιάλας
1788 3590 1882 3643 καὶ
1911 3608 2009 3643 πο-

430 3682 592 3751 τήρια
640 3680 733 3732 καὶ
780 3675 965 3746 ψυχρὰ
1003 3676 1220 3745 νάματα
1252 3672 1633 3745 ἐπιζητοῦσιν·
1669 3673 1843 3736 οὕτως
1885 3674 2008 3744 ἐμοὶ

430 3766 609 3834 πάσης
647 3760 985 3831 εὐφροσύνης
1021 3758 1254 3828 ὴδντέρα
1283 3757 1619 3826 καθέστηκεν
1668 3758 1700 3827 ἡ
1753 3758 2007 3809 συνουσία

430 3846 750 3919 ὴύμετέρα,
783 3844 876 3897 καὶ
914 3842 1072 3896 τοῦτό
1115 3859 1205 3913 μοι
1235 3840 1330 3894 καὶ
1363 3839 1574 3908 ὑγιείας
1602 3840 1877 3904 ὑπόθεσις,
1914 3841 2008 3894 καὶ¹

428 3927 764 4001 εὐφροσύνης
812 3927 1051 3998 ἀφορμή.
1081 3924 1217 3996 Φέρε
1251 3920 1364 3987 οὖν,
1398 3923 1585 3995 ἐπειδὴ
1636 3924 1722 3977 διὰ
1772 3923 1872 3995 τὴν
1913 3923 2006 3977 τοῦ

429 4013 565 4067 Θεοῦ
591 4012 751 4083 χάριν
778 4009 1043 4080 ἀλλήλους
1066 4006 1433 4078 ἀπελάὸομεν,
1464 4006 1755 4076 ἀποδῶμεν
1788 4006 1918 4076 ὑμῖν
1946 4005 2007 4059 τὸ

430 4097 585 4170 χρέος
608 4095 707 4165 τῆς
730 4094 972 4163 ἀγάπης,
995 4093 1048 4146 εί
1067 4109 1130 4160 γε
1148 4091 1294 4145 ἐστιν
1319 4090 1645 4161 ἀποδοθῆναι
1666 4089 1826 4144 τοῦτό
1851 4106 2003 4144 ποτε.

429 4182 602 4236 Τοῦτο
645 4179 753 4249 γὰρ
802 4178 960 4248 μόνον
1007 4176 1068 4229 τὸ
1105 4176 1325 4246 ὄφλημα
1353 4174 1507 4238 τέλος
1537 4175 1639 4229 οὐκ
1683 4175 2000 4228 ἐπίσταται·

427 4265 543 4321 ἀλλ’
566 4265 677 4332 ὅσῳ
704 4260 1039 4324 ἀποδίδοται,
1065 4258 1304 4328 τοσούτῳ
1332 4256 1393 4310 τὸ
1415 4256 1635 4327 ὄφλημα
1656 4256 2000 4310 ἐπιτείνεται·

428 4348 523 4403 καὶ
568 4345 820 4416 καθάπερ
852 4343 946 4396 ἐπὶ
979 4340 1086 4395 τῶν
1114 4340 1413 4413 χρημάτων
1458 4342 1586 4403 τοὺς
1640 4338 1805 4410 μηδὲν
1858 4337 2006 4408 ὀφεί-

428 4432 617 4493 λοντας
655 4425 1007 4498 ἐπαινοῦμεν,
1037 4423 1209 4486 οὕτως
1239 4421 1471 4476 ἐνταῦθα
1494 4422 1617 4484 τοὺς
1653 4420 1826 4473 πολλά
1854 4418 2005 4489 ὀφεί-

427 4514 618 4576 λοντας
650 4509 1047 4582 μακαρίζομεν.
1070 4507 1169 4560 Διά
1195 4506 1350 4561 τοῦτο
1376 4508 1468 4559 καὶ
1491 4508 1519 4560 ὀ
1548 4506 1646 4576 τῆς
1680 4504 2006 4575 οἰκουμένης

427 4596 741 4658 διδάσκαλος
798 4592 1010 4654 Παῦλος
1051 4592 1276 4662 γράφων
1321 4590 1507 4658 ἔλεγε·
1543 4589 1769 4657 Μηδενὶ
1811 4587 2006 4658 μηδὲν

430 4681 721 4749 ὀφείλετε,
760 4675 899 4730 ἀλλ’
925 4675 962 4742 ἢ
1009 4675 1077 4728 rd
1113 4673 1353 4743 ἀγαπᾷν
1390 4672 1723 4739 ἀλλήλους,
1754 4672 2005 4743 βουλόμε-

428 4780 518 4827 νος
560 4762 706 4834 ἡμᾶς
743 4759 898 4812 τοῦτο
922 4756 981 4811 τὸ
1010 4757 1166 4828 χρέος
1197 4758 1289 4809 καὶ
1315 4756 1401 4810 ἀεὶ
1436 4755 1764 4821 ἀποδιδόναι,
1797 4757 1890 4809 καὶ
1918 4756 2005 4809 ἀεὶ

429 4846 684 4917 ὀφείλειν,
716 4844 810 4897 καὶ
865 4841 1131 4913 μηδέποτε
1181 4840 1279 4911 τὴν
1334 4840 1551 4910 ὀφειλὴν
1595 4839 1797 4909 ταύτην
1839 4856 2007 4892 κατα-

429 4931 597 4994 λύειν,
636 4928 829 4999 μέχρις
863 4926 928 4980 ἂν
956 4925 1054 4996 τὴν
1093 4924 1374 4996 παροῦσαν
1409 4923 1554 4993 ζωὴν
1587 4922 2004 4992 καταλύσωμεν.

432 5016 643 5082 ’Ὠσπερ
671 5008 763 5065 οὖν
793 5011 861 5064 τά
893 5011 1150 5081 χρήματα
1174 5008 1429 5078 ὀφείλειν,
1457 5007 1593 5078 βαρῦ
1624 5006 1718 5060 καὶ
1747 5005 2006 5077 ἐπαχθὲς,

430 5100 572 5152 οὓτω
598 5096 658 5149 τδ
682 5096 777 5167 τὴν
806 5094 1025 5165 ὀφειλὴν
1046 5092 1250 5162 ταύτην
1271 5092 1344 5163 μὴ
1370 5092 1458 5144 ἀεὶ
1484 5091 1742 5159 ὀφείλειν,
1773 5109 2007 5160 κατηγο-

433 5181 552 5256 ρίας
594 5179 762 5243 ἀξιον.
796 5177 906 5230 Καὶ
955 5176 1042 5229 ἵνα
1096 5175 1270 5246 μάθῃς
1316 5175 1395 5227 ὅτι
1445 5173 1601 5227 τοῦτο
1651 5172 1824 5238 οὕτως
1872 5173 2006 5244 ἔχει,

440 5267 601 5320 ἄκουε
632 5263 729 5332 τῆς
757 5260 947 5330 σοφίας
979 5258 1071 5312 τοῦ
1102 5256 1416 5328 θαυμαστοῦ
1446 5257 1635 5311 τούτου
1664 5258 2006 5325 διδασκάλου,

441 5349 588 5410 ὅπως
614 5343 711 5416 τὴν
751 5341 1071 5414 παραίνεσιν
1093 5343 1374 5412 εἰσήγαγε.
1397 5341 1668 5414 Πρότερον
1693 5341 1800 5413 γὰρ
1816 5342 2005 5395 είπὼν·

444 5428 667 5495 Μηδενὶ
702 5425 898 5495 μηδὲν
933 5424 1230 5493 ὀφείλετε·
1276 5424 1394 5478 τότε
1444 5426 1752 5494 ἐπήγαγεν·
1806 5427 1875 5479 Εἰ
1918 5423 2007 5493 μὴ

438 5512 505 5569 τὸ
532 5509 773 5579 ἀγαπᾷν
797 5507 1128 5576 ἀλλήλους·
1163 5508 1479 5580 βουλόμενος
1518 5510 1697 5561 πᾶσαν
1727 5507 1884 5578 ἡμῶν
1913 5507 2010 5578 τὴν

431 5592 650 5662 ὀφειλὴν
675 5591 909 5645 ἐνταῦθα
929 5589 1237 5654 κενοῦσθαι,
1266 5593 1358 5644 καὶ
1385 5590 1542 5645 τοῦτο
1566 5590 1625 5643 τὸ
1651 5590 1810 5661 χρέος
1837 5590 2006 5643 θέλων

435 5675 713 5743 ἀδιάλυτον
751 5674 1239 5745 μένεινγδιηνεκῶς.
1270 5676 1438 5731 Τοῦτο
1467 5675 1574 5746 γάρ
1603 5677 1716 5729 ἐστι
1765 5675 1999 5746 μάλιστα

2112 2264 2176 2319 τὸ
2209 2266 2545 2338 συγκροτοῦν
2578 2269 2673 2322 καὶ
2723 2268 3024 2338 συσφίγγον
3053 2266 3153 2338 τὴν
3187 2265 3335 2337 ζωὴν
3370 2264 3466 2336 τὴν
3502 2265 3703 2335 ἡμετέ-

2118 2363 2237 2418 ραν.
2256 2349 2409 2402 Ἐπεὶ
2436 2346 2529 2404 οὖν
2568 2350 2814 2421 ἔγνωμεν
2839 2351 2966 2405 ὅσον
2996 2350 3097 2420 τῆς
3138 2349 3365 2418 ὀφειλῆς
3404 2347 3609 2417 ταύτης
3637 2350 3700 2404 τὸ

2115 2431 2322 2502 κέρδος,
2354 2432 2450 2486 καὶ
2486 2433 2567 2486 ὅτι
2607 2434 2667 2486 ἐν
2710 2432 2789 2503 τῷ
2837 2431 3184 2488 ἀποδίδοσθαι
3219 2431 3419 2502 μᾶλλον
3450 2430 3697 2498 αὒξεται,

2115 2515 2272 2586 φέρε,
2300 2516 2394 2568 καὶ⁵
2420 2517 2579 2586 ἡμεῖς
2604 2517 2705 2588 τὴν
2727 2516 2971 2588 ὀφειλὴν,
3003 2517 3068 2587 ἣν
3100 2515 3395 2586 ὀφείλομεν
3425 2515 3574 2585 ὑμῖν,
3598 2514 3701 2569 οὐκ

2113 2596 2222 2650 ἀπὸ
2256 2596 2529 2668 ῥᾳθυμίας
2548 2598 2668 2652 οὐδὲ
2691 2598 2800 2652 ἀπὸ
2831 2597 3227 2670 ἀγνωμοσύνης
3257 2598 3423 2661 τινὸς,
3455 2598 3571 2651 ἀλλ’
3590 2598 3701 2654 ἀπὸ

2110 2679 2213 2748 τῆς
2238 2678 2523 2750 συμϐάσης
2545 2680 2878 2752 ἀρρωστίας,
2907 2681 3175 2751 σήμερον,
3195 2681 3316 2734 καθ’
3339 2681 3461 2735 ὅσον
3484 2676 3595 2736 οἶόν
3616 2698 3696 2747 τε,

2116 2758 2267 2833 [151]
2293 2763 2502 2815 ἐκτῖσαι
2538 2763 2948 2833 σπουδάζωμεν,
2976 2762 3149 2834 μικρά
3171 2780 3297 2815 τινα
3326 2762 3701 2832 διαλεχθέντες

2114 2844 2251 2914 πρὸς
2287 2844 2386 2917 τὴν
2414 2845 2685 2916 ὑμετέραν
2724 2845 2968 2917 ἀγάπην,
2997 2844 3256 2899 ὑπόθεσιν
3284 2845 3384 2913 τῆς
3411 2845 3701 2912 διαλέξεως

2113 2928 2473 2999 ποιησάμενοι
2512 2928 2673 2982 αὑτὸν
2706 2928 2895 2982 τοῦτον
2919 2928 3009 2981 τὸν
3043 2927 3357 2998 θαυμαστὸν
3386 2929 3482 2997 τῆς
3512 2929 3700 2980 οίκου⁶

2116 3010 2282 3081 μένης
2313 3010 2659 3065 διδάσκαλον·
2709 3012 2805 3065 καὶ
2848 3011 2992 3082 ἅπερ
3026 3014 3265 3081 σήμερον
3304 3011 3531 3080 γράφων
3577 3010 3701 3064 Ῥω-

2116 3093 2299 3164 μαίοις
2334 3094 2629 3162 διελέγετο,
2664 3093 2837 3148 ταῦτα
2863 3094 2942 3157 είς
2979 3093 3139 3162 μέσον
3177 3093 3477 3162 ἀγαγόντες
3498 3094 3701 3147 ἀναποο

2110 3176 2386 3247 λήσωειεν,
2424 3178 2518 3231 καὶ
2549 3176 2636 3230 διά
2686 3175 2898 3248 μακροῦ
2943 3174 3039 3229 τοῦ
3088 3176 3281 3247 χρόνου
3300 3176 3423 3247 ,τὴν
3456 3177 3701 3230 ἑστίασιν

2109 3258 2215 3329 τὴν
2266 3258 2638 3330 πνευματικὴν
2672 3257 3014 3329 παραϐῶμεν
3042 3258 3195 3328 ὑμῶν
3225 3260 3290 3328 τῇ
3326 3259 3534 3331 ἀγάπῃ.
3563 3260 3698 3312 Τίνα

2109 3341 2168 3395 δέ
2193 3342 2402 3395 ἐστιτά
2429 3342 2864 3410 ἀναγνωσθέντα,
2906 3343 3203 3410 ἀναγκαῖον
3238 3344 3436 3403 εἰπεῖν,
3482 3343 3546 3396 ἶν’
3577 3345 3701 3397 ύπο-

2115 3424 2446 3496 μνησθέντες
2477 3424 2585 3479 τῶν
2615 3425 2942 3497 εἰρημένων,
2975 3424 3112 3495 μετά
3147 3424 3389 3489 πλείονος
3414 3427 3514 3497 τῆς
3545 3427 3700 3480 εὐκο-

2115 3508 2236 3572 λίας
2285 3509 2511 3580 δέξησθε
2566 3508 2634 3563 τά
2705 3509 2833 3581 παρ’
2865 3509 3020 3580 ήμῶν
3071 3508 3353 3581 λεγόμενα.
3419 3509 3697 3578 Οἴδαμεν,

2117 3592 2303 3664 φησὶν,
2335 3592 2423 3645 ὅτι
2454 3592 2576 3658 τοῖς
2606 3590 2885 3662 ἀγαπῶσι
2918 3591 3026 3646 τὸν
3060 3593 3209 3647 Θεὸν
3240 3590 3438 3645 πάντα
3475 3608 3697 3660 συνερ-

2114 3676 2209 3746 γεῖ
2245 3679 2332 3743 είς
2376 3676 2621 3744 ἀγαθόν.
2659 3675 2723 3728 Τί
2771 3674 3019 3745 βούλεται
3069 3675 3202 3730 αὐτὸ
3232 3674 3389 3729 τοῦτο
3421 3675 3484 3730 τὸ
3514 3677 3702 3748 προοὶ-

2118 3775 2269 3829 μιον;
2323 3757 2487 3811 Ούδέν
2534 3758 2643 3830 γὰρ
2701 3757 2927 3822 ἁπλῶς,
2973 3758 3094 3811 ούδέ
3141 3760 3262 3830 εἰκῆ
3313 3757 3610 3828 φθέγγεται
3660 3762 3692 3829 ἡ

2118 3839 2360 3911 μακαρία
2390 3839 2529 3912 αῦτη
2567 3840 2734 3911 ψυχὴ,
2764 3840 2899 3894 ἀλλά
2927 3839 3237 3912 κατάλληλα
3280 3840 3365 3894 ἀεὶ
3404 3844 3515 3904 τοῖς
3562 3842 3696 3894 ὑπο-

2115 3924 2386 3995 κειμένοις
2418 3922 2614 3976 πάθεσι
2646 3924 2907 3995 προσάγει
2949 3923 3018 3977 τά
3067 3924 3330 3996 φάρμακα
3358 3923 3426 3977 τὰ
3453 3939 3698 3996 πνευμα-

2113 4025 2264 4063 τικα.

2184 4090 2249 4143 Τί
2279 4084 2372 4144 οὖν
2395 4092 2544 4144 ἐστιν
2568 4090 2596 4142 ὅ
2630 4106 2794 4160 φησιν
2820 4107 2835 4157 ;
2880 4090 3096 4161 Ἐπειδὴ
3128 4090 3314 4145 πολλοὶ
3358 4089 3695 4161 πανταχόθεν

2111 4177 2162 4228 οἱ
2211 4175 2506 4246 πειρασμοὶ
2547 4174 3038 4244 περιεστοιχίζοντο
3078 4175 3205 4238 τοὺς
3237 4175 3358 4228 τότε
3398 4179 3463 4247 τῇ
3511 4175 3695 4229 πίστει

2113 4257 2452 4328 προσιόντας,
2485 4257 2581 4310 καὶ
2626 4256 2906 4328 ἐπάλληλα
2950 4253 3017 4328 ἦν
3064 4257 3134 4311 τά
3166 4258 3318 4328 παρά
3357 4258 3453 4311 τοῦ
3498 4255 3693 4328 ἐχθροῦ

2116 4341 2502 4413 μηχανήματα,
2547 4340 2642 4393 καὶ
2685 4342 2927 4412 συνεχεῖς
2972 4342 3028 4394 αἱ
3079 4340 3393 4405 ἐπιϐουλαὶ,
3449 4343 3545 4394 καὶ
3594 4341 3693 4393 οὐκ

2112 4425 2352 4496 ἠρέμουν
2379 4424 2428 4477 oi
2460 4422 2539 4493 τῷ
2566 4421 2882 4494 κηρύγματι
2912 4422 3292 4493 πολεμοῦντες,
3324 4424 3450 4487 τοὺς
3481 4422 3581 4494 μὲν
3614 4425 3693 4487 είς

2110 4508 2458 4579 δεσμωτήρια
2509 4504 2905 4576 ἐμϐάλλοντες,
2957 4507 3080 4569 τοὺς
3133 4506 3192 4560 δὲ
3236 4504 3317 4570 είς
3368 4505 3691 4575 ἀπαγωγάς,

2110 4593 2236 4655 τοὺς
2278 4591 2334 4644 δὲ
2383 4593 2461 4654 εἰς
2495 4588 2664 4662 μυρία
2706 4588 2871 4660 ἕτερα
2902 4587 3150 4660 βάραθρα
3185 4589 3536 4654 καθέλκοντες
3560 4606 3574 4621 ·
3605 4588 3693 4642 διὰ

2109 4674 2265 4728 τοῦτο
2294 4673 2546 4743 καθάπερ
2574 4672 2878 4742 στρατηγὸς
2908 4671 3150 4741 ἀριστος,
3174 4672 3316 4739 ὀρῶν
3342 4671 3477 4743 μετά
3498 4670 3691 4725 πολλοῦ

2111 4754 2285 4828 θυμοῦ
2321 4755 2550 4809 πνέοντα
2577 4754 2668 4808 τὸν
2694 4753 3007 4819 ἀντίπαλον,
3042 4753 3268 4825 περιιὼν
3301 4754 3428 4818 τοὺς
3462 4752 3695 4815 οἰκείους

2112 4838 2449 4910 πανταχόθεν
2481 4837 2759 4907 διεγείρει,
2801 4840 3002 4906 νευροῖ,
3044 4837 3276 4908 ἀλείφει,
3318 4835 3693 4910 θαρσαλεωτέ-

2113 4941 2236 4993 ρους
2282 4921 2591 4991 καθίστησι,
2623 4919 3060 4992 προθυμοτέρους
3112 4922 3257 4974 ποιεῖ
3303 4921 3440 4992 πρὸς
3484 4919 3544 4972 τὸ
3592 4919 3693 4982 τὰς

2110 5010 2296 5079 χεῖρας
2340 5006 2572 5075 ἀντᾶραι
2605 5004 2747 5058 κατά
2777 5004 2872 5058 τοῦ
2911 5005 3192 5075 πολεμίου,
3229 5004 3321 5058 καὶ
3359 5005 3433 5076 μὴ
3460 5001 3696 5058 δεδοικέ-

2110 5110 2199 5144 ναι
2227 5088 2325 5152 τάς
2355 5087 2564 5141 ἐκείνου
2587 5085 2954 5158 καταδρομὰς,
2985 5087 3120 5141 ἀλλά
3150 5087 3363 5161 στερρῷ
3389 5087 3468 5159 τῷ
3492 5087 3697 5158 φρονή-

2121 5192 2251 5246 ματι
2297 5172 2356 5237 ἐξ
2392 5170 2641 5234 ἐναντίας
2669 5170 2992 5242 ἱσταμένους
3022 5174 3113 5224 καὶ
3139 5171 3309 5243 αὐτὴν
3342 5170 3510 5226 αὑτοῦ
3559 5187 3695 5239 συγο

2117 5258 2356 5319 κόπτειν,
2391 5255 2440 5306 εἰ
2491 5248 2599 5306 οἷόν
2644 5270 2725 5319 τε,
2752 5252 2848 5324 τὴν
2888 5252 3030 5322 ὄψιν,
3064 5254 3158 5308 καὶ
3194 5254 3269 5325 μὴ
3319 5253 3687 5325 καταπλήττει
3724 5270 3736 5337 '1

2119 5341 2242 5394 σθαι
2282 5340 2380 5411 τὴν
2416 5338 2551 5409 πρὸς
2580 5336 2742 5391 αὑτὸν
2773 5338 3109 5390 ἀντίστασιν·
3154 5338 3246 5391 τὸν
3284 5336 3445 5392 αὑτὸν
3472 5336 3529 5390 δέ
3567 5337 3689 5408 τρόο
3735 5398 3739 5405 δ

2118 5440 2218 5476 πον
2270 5422 2364 5474 καὶ
2413 5421 2442 5473 ὀ
2491 5420 2757 5491 μακάριος
2805 5413 2978 5484 οὗτος,
3025 5420 3058 5489 ἡ
3102 5420 3484 5492 οὐρανομήκης
3522 5419 3690 5491 ψυχὴν

2116 5506 2376 5576 διεγεῖραι
2411 5503 2730 5573 βουλόμενος
2757 5503 2864 5556 τῶν
2893 5503 3097 5556 πιστῶν
3125 5503 3192 5556 τά
3226 5507 3569 5575 φρονήματα,
3598 5503 3695 5557 καὶ

2115 5590 2264 5643 κάτω
2288 5587 2560 5657 κείμενον,
2588 5589 2662 5650 ὼς
2691 5588 2882 5650 εἰπεῖν,
2914 5587 3092 5639 αὐτῶν
3125 5586 3217 5640 τὸν
3248 5588 3504 5658 λογισμὸν
3534 5589 3691 5657 ἀνορ-

2116 5671 2287 5726 θῶσαι
2334 5670 2706 5741 ἐπειγόμενος,
2756 5668 2926 5733 οὕτως
2962 5670 3161 5743 ἤρξατο
3192 5670 3362 5741 λέγων
3387 5689 3399 5703 ·
3438 5672 3689 5741 οἴδαμεν
