4096 6222
3525 311 3623 364 I66

3496 431 3589 442 I—

1039 298 1107 354 IN
1148 298 1377 368 ILLUD,
1419 300 1828 359 DILIGENTIB.
1876 301 2066 360 DEUM
2104 302 2319 359 ΟΜΝΙΑ
2356 302 2555 358 COOP.
2599 302 2664 357 IN
2704 302 2961 359 BONUM.

391 302 498 357 I65

417 408 677 435 μακε

2272 413 2573 422 -α--ρ

3245 412 3590 428 ῳ--ηιη

653 408 2209 438 W—

3256 428 3261 431 ‘
3272 427 3463 440 _~-n.-

687 421 929 432 ———

1026 420 1313 434 δὴ*

1336 428 1444 435 -_.__.
1454 428 1935 438 —————————-——————-

2036 428 3222 439 ————_———-————————.—.——

862 554 1136 616 SCIMUS
1177 555 1435 619 AUTEM
1477 556 1821 630 QUONIAM
1862 555 2389 620 DILIGENTIBUS
2428 556 2638 619 DEUM
2694 560 2964 634 OMNIA,
3009 577 3143 621 ETC.

391 699 754 769 usurpaverit.
782 697 835 753 Id
864 715 969 754 non
999 715 1222 769 prorsus
1254 703 1502 759 ahsimile
1529 714 1657 760 vero
1692 706 1903 760 videtur
1928 724 1942 772 ;
1975 705 2069 761 sed
2105 720 2228 760 cum
2256 705 2681 777 Chrysostomus
2714 706 3014 761 Antiochia!
3045 704 3360 775 frequenter
3386 704 3618 759 adversa

393 792 702 846 valetudine
751 792 1098 856 laboraverit,
1128 802 1191 848 ut
1230 809 1295 849 ex
1340 798 1525 853 multis
1569 800 1686 867 ejus
1728 800 1968 856 homiliis
2015 800 2282 871 arguitur,
2314 810 2367 854 et
2417 800 2657 869 alioquin
2687 801 2873 854 eadem
2925 801 2978 854 in
3017 800 3150 855 urbe
3181 798 3483 854 Antiochia:
3515 811 3621 850 non

391 885 558 939 modo
592 884 877 954 prooemia.
908 884 1010 939 sed’
1036 887 1201 941 ctiam
1240 890 1534 945 conciones
1556 890 1816 960 integras,
1850 899 2191 957 retractatas,
2222 900 2276 945 et
2319 905 2608 961 parumper
2652 899 2919 955 mutatas,
2952 891 3343 944 intercurrente
3384 887 3622 958 quodam

389 986 660 1031 annorum
691 977 889 1045 spatio,
912 987 1154 1047 repetere
1182 978 1375 1033 solitus
1400 980 1489 1046 sit,
1521 989 1581 1034 ut
1607 982 1718 1049 jam
1757 996 1901 1050 stepe
1941 982 2215 1036 vidimus:
2252 981 2383 1034 nihil
2430 980 2601 1033 oftieit
2633 982 2947 1049 quominus,
2994 981 3138 1050 quod
3192 995 3335 1035 anno
3376 978 3479 1035 587
3513 980 3625 1032 Λιι-

391 1067 610 1120 tiochiae
639 1068 964 1135 prooemium
996 1068 1228 1135 dixerat,
1260 1070 1465 1140 aliquot
1484 1080 1668 1140 postea
1703 1072 1905 1140 elapsis
1931 1073 2111 1138 annis,
2136 1071 2326 1125 morbo
2363 1071 2550 1140 aliquo
2586 1072 2735 1140 (nam
2772 1069 3084 1140 frequenter
3116 1071 3445 1141 aegrotabat)
3479 1070 3625 1125 leva—

389 1170 502 1225 tus,
531 1160 672 1215 idem
706 1160 884 1228 ipsum
912 1161 1099 1215 eadem
1127 1162 1180 1215 in
1214 1163 1347 1218 urbe
1371 1174 1662 1234 repeteret.
1688 1164 1867 1219 Potuit
1908 1164 2073 1233 igitur
2120 1164 2437 1227 Antiochire,
2473 1164 2645 1232 potuit
2686 1171 2739 1216 et
2773 1162 3238 1233 Constantinopoli
3278 1163 3418 1217 hanc
3448 1161 3628 1217 homi-

393 1251 523 1305 liam
554 1250 755 1306 habere
784 1269 799 1306 :
837 1251 892 1304 in
920 1260 1040 1306 utra
1074 1262 1254 1308 autem
1287 1254 1421 1308 urbe
1454 1254 1726 1320 habuerit,
1753 1269 1861 1309 non
1894 1254 1967 1309 ita
2009 1254 2165 1310 facile
2197 1263 2280 1309 est
2308 1253 2583 1323 augurari.

464 1342 842 1416 Interpretatlo
865 1344 1056 1402 Latina
1084 1356 1166 1402 est
1187 1346 1479 1405 Frontonis
1512 1340 1713 1406 Docmi.

1909 1473 2288 1487 _____________..

3298 1481 3645 1494 -—_—_—_—

374 1573 435 1616 IN
483 1572 721 1618 DICTUM
757 1574 941 1616 ιιιυο
983 1574 1301 1631 Αιιοετοιι,
1354 1574 1574 1620 εοωυε
1619 1571 1858 1625 AU'I‘EM,
1888 1564 2173 1622 QUONIAM
2218 1562 2659 1607 DILIGENTIBUS
2716 1565 2892 1608 DEUM
2953 1568 3151 1611 OMNIA
3183 1569 3636 1618 COOPEBANTUR

455 1676 514 1720 IN
545 1677 761 1718 nonest
808 1659 827 1738 (
855 1660 1031 1719 Rom.
1062 1656 1122 1719 8.
1153 1658 1233 1719 28
1257 1659 1301 1738 ),
1343 1677 1424 1720 er
1448 1676 1531 1718 ne
1570 1670 1931 1719 PATIENTIA,
1990 1666 2066 1706 ET
2111 1661 2413 1715 QUANTUM
2445 1662 2697 1706 Lucrum
2731 1666 2813 1706 ex
2841 1666 3409 1714 TRIBULATIONIBUS
3443 1673 3640 1717 ouis-

452 1778 579 1819 τυιι
625 1758 734 1839 (α).

1779 1865 1976 1905 dm
1985 1862 2221 1900 τππππδ

441 2014 493 2068 i.
520 2013 863 2085 Chrysostomi
897 2028 1041 2069 amor
1083 2031 1201 2085 erga
1238 2031 1356 2069 suos
1396 2014 1671 2068 auditores.
1705 2009 1943 2066 Caritatis

365 2103 585 2157 debitum
606 2121 881 2175 numquam
916 2107 1142 2160 solvitur.
1169 2135 1241 2146 —-
1268 2104 1429 2172 Quasi
1458 2105 1616 2174 longo
1641 2104 1847 2157 veniam
1878 2102 1942 2155 ad

367 2208 467 2250 vos
496 2196 790 2261 intervallo,
821 2198 897 2250 sic
923 2197 1171 2251 allectum
1213 2195 1472 2251 hodierno
1500 2198 1587 2252 die
1625 2211 1711 2251 me
1749 2195 1939 2250 sentio.

363 2285 694 2357 Quamquam
738 2288 879 2359 enim
927 2287 1087 2340 domo
1128 2288 1410 2341 conclusus
1452 2296 1670 2356 propter
1707 2285 1945 2354 corporis

362 2377 726 2432 inﬁrmitatem
755 2378 1033 2432 manebam
1064 2395 1077 2429 :
1109 2386 1283 2431 tamen
1324 2377 1543 2448 perinde
1570 2377 1725 2447 quasi
1751 2377 1942 2431 alicubi

361 2465 606 2532 procula
636 2476 808 2521 vestra
840 2468 1060 2521 caritate
1090 2467 1378 2521 translatus
1411 2465 1657 2537 degerem
1677 2507 1693 2533 ,
1720 2467 1798 2521 sic
1825 2467 1942 2521 ani—

360 2569 453 2608 mo
492 2554 786 2610 afﬁciebar.
816 2556 915 2628 Qui
948 2558 1089 2611 enim
1140 2555 1348 2612 sincere
1375 2556 1595 2626 diligere
1625 2557 1796 2620 novit,
1820 2570 1943 2611 cum

359 2645 412 2698 in
461 2658 805 2716 congressum
837 2646 1020 2701 venire
1063 2661 1175 2725 non
1208 2647 1362 2702 datur
1406 2647 1524 2717 ejus
1560 2662 1716 2717 quem
1747 2647 1941 2716 diligit.

356 2738 599 2809 quamvis
636 2738 879 2794 eamdem
928 2739 1113 2793 urbem
1147 2739 1372 2803 incolat,
1397 2755 1503 2794 non
1532 2739 1690 2795 aliter
1712 2739 1943 2794 afﬁcitur

357 2843 418 2883 ac
458 2829 504 2883 si
546 2830 597 2883 in
641 2829 810 2884 aliena
858 2831 1076 2901 regione
1106 2819 1431 2886 versaretuer
1465 2830 1578 2886 Hoc
1615 2838 1815 2884 norunt
1849 2830 1940 2900 qui

359 2930 484 2976 vere
532 2921 778 2993 diligunt.
823 2922 1088 2993 Ignoscite
1128 2923 1286 2992 igitur
1336 2924 1525 2989 nobis,
1577 2938 1758 2994 qua-so
1787 2939 1800 2974 :
1833 2938 1939 2977 non

356 3015 500 3067 enim
533 3028 599 3069 ex
639 3015 959 3086 negligentia
998 3024 1176 3071 nostra
1221 3016 1488 3084 separatio
1513 3016 1610 3070 ista
1636 3027 1812 3071 ortum
1840 3015 1952 3077 ha-.

355 3103 491 3170 buit,
521 3104 614 3159 sed
647 3105 841 3160 silentii
881 3119 1096 3159 causam
1138 3104 1419 3159 inﬁrmitas
1454 3106 1696 3175 corporis
1729 3106 1928 3160 attulit.

356 3196 429 3249 Ac
452 3210 549 3249 vos
572 3195 783 3281 ᾳιιίιίφι
812 3194 1044 3265 gaudere
1071 3210 1214 3250 nunc
1239 3209 1426 3250 omnes
1451 3196 1582 3256 scio.
1611 3195 1753 3265 quod
1778 3196 1935 3266 argi-i-

354 3286 590 3341 tudinem
621 3285 1028 3355 deposuerimus
1062 3302 1078 3339 :
1110 3301 1210 3357 ego
1246 3300 1373 3340 vero
1400 3286 1607 3356 gaudeo
1645 3301 1749 3339 non
1777 3285 1935 3339 modo

351 3377 496 3447 quod
524 3376 893 3446 aegritudinem
918 3374 1279 3446 deposuerim,
1308 3375 1402 3430 sed
1427 3375 1565 3445 quod
1589 3383 1796 3445 optatos
1822 3375 1933 3430 vul-

351 3478 433 3523 tus
460 3476 671 3522 vestros
708 3482 892 3523 rursus
934 3469 1125 3522 intueri
1173 3468 1395 3537 possim,
1427 3478 1483 3522 et
1509 3469 1730 3522 caritate
1756 3479 1929 3523 vesua

347 3559 643 3615 secundum
668 3560 829 3614 licunt
855 3559 1127 3614 oblectari.
1150 3556 1217 3613 Et
1236 3559 1682 3629 quemadmodum
1712 3559 1921 3628 plurimi

349 3647 615 3713 homines,
642 3664 761 3703 cum
791 3658 845 3703 ct
887 3649 1074 3704 morbo
1120 3648 1318 3705 iuerint
1363 3651 1621 3710 recreati.
1646 3650 1851 3720 phialas
1875 3657 1932 3705 et

349 3737 560 3807 pocula,
589 3740 900 3809 gelidosque
931 3740 1117 3794 latices
1145 3748 1392 3810 quzerunt
1424 3759 1437 3795 :
1468 3741 1538 3795 ita
1570 3740 1696 3795 mihi
1738 3742 1922 3797 laetitia

345 3830 534 3898 quavis
569 3828 854 3897 jucundior
900 3830 1103 3884 exstitit
1146 3843 1465 3899 congressus
1512 3840 1707 3891 vester.
1733 3839 1782 3885 et
1826 3830 1928 3885 hoc

346 3923 476 3975 mihi
508 3922 747 3974 sanitatis
774 3922 991 3975 materia
1017 3919 1133 3983 fuit,
1156 3929 1210 3975 et
1230 3920 1439 3973 occasio
1463 3919 1662 3989 gaudii.
1690 3922 1800 3990 Age
1828 3920 1922 3989 igi-

349 4024 454 4083 tur,
475 4012 902 4086 quandoquidem
936 4011 1027 4072 Dei
1052 4010 1309 4071 beneﬁcio
1329 4026 1431 4070 nos
1451 4014 1675 4070 invicem
1702 4028 1924 4085 recupe-

347 4108 603 4169 ravimus,
626 4107 864 4161 caritatis
892 4106 1042 4161 vobis
1067 4105 1303 4161 debitum
1345 4105 1733 4174 persolvamus,
1761 4104 1926 4172 siqui-

345 4195 468 4252 dem
515 4196 624 4250 ullo
671 4204 911 4264 tempore
956 4198 1121 4265 possit
1178 4193 1306 4249 illud
1361 4194 1610 4264 persolvi.
1645 4193 1757 4248 Hoc
1780 4194 1922 4248 enim

346 4287 520 4341 solum
551 4286 785 4342 debitum
832 4285 988 4340 tinem
1034 4287 1238 4350 nescit;
1269 4284 1363 4340 sed
1389 4294 1588 4354 quanto
1626 4284 1791 4354 magis
1817 4284 1927 4339 dis-

347 4374 587 4442 solvitur,
619 4382 765 4430 tanto
809 4376 973 4446 magis
1020 4375 1255 4431 debitum
1295 4383 1559 4445 augetur:
1597 4374 1926 4444 ctquemad-

346 4467 563 4523 modum
622 4467 673 4520 in
726 4482 784 4521 re
824 4464 1122 4535 pecuniaria
1182 4464 1461 4520 laudamus
1510 4479 1604 4518 eos
1659 4464 1747 4533 qui
1794 4463 1923 4518 nihil

346 4556 561 4621 debent,
586 4557 655 4610 ita
689 4556 773 4611 hic
798 4571 911 4621 eos,
939 4555 1027 4626 qui
1069 4555 1233 4609 multa
1267 4553 1483 4620 debent,
1512 4552 1701 4609 beatos
1729 4555 1921 4623 prtcdi-

346 4663 548 4704 camus.
584 4647 785 4704 Idcirco
811 4649 1061 4717 magister
1085 4645 1230 4702 orbis
1268 4652 1527 4700 terrarum
1572 4642 1763 4699 Paulus
1786 4646 1923 4699 serio

349 4740 478 4794 hens
505 4738 715 4794 dicebat
744 4754 758 4791 :
786 4737 994 4792 Nemini
1022 4736 1294 4808 quidquam
1325 4735 1563 4799 debeatis,
1593 4735 1690 4789 nisi
1720 4744 1774 4788 ut
1796 4736 1925 4789 invio

345 4846 452 4884 cent
496 4828 719 4902 diligatis
744 4829 921 4900 (Rom.
952 4827 1040 4882 l5.
1066 4825 1144 4897 8),
1176 4826 1316 4895 quod
1363 4826 1610 4880 nimirum
1655 4824 1782 4879 velit
1827 4841 1922 4880 nos

345 4919 443 4976 hoc
489 4919 724 4975 debitum
771 4927 827 4974 et
869 4932 1083 4986 semper
1125 4918 1355 4977 solvere.
1386 4924 1440 4971 et
1466 4929 1679 4984 semper
1703 4914 1916 4979 debere,

345 5034 442 5072 nec
479 5027 730 5082 umquam
780 5010 881 5064 hoc
911 5024 985 5063 ass
1021 5007 1251 5061 alienum
1291 5006 1529 5069 solvere,
1559 5004 1731 5059 donec
1759 5005 1919 5058 vitam

343 5113 659 5171 prsesentcm
698 5101 1096 5159 absolverlmus.
1132 5096 1201 5154 Ut
1241 5098 1401 5167 igitur
1428 5097 1682 5167 pecunias
1722 5095 1919 5151 debere

341 5214 424 5248 um
438 5209 502 5249 ve
526 5209 588 5248 ac
620 5194 899 5247 Inolestum
928 5198 1029 5256 est,
1059 5192 1127 5244 ita
1158 5188 1393 5244 debitum
1433 5190 1534 5243 hoc
1569 5204 1677 5244 non
1708 5203 1919 5258 semper

340 5281 540 5339 debere
571 5282 780 5337 crimini
822 5290 905 5336 est
943 5281 1251 5336 obnoxium.
1277 5280 1451 5348 Atque
1473 5286 1529 5332 ut
1559 5279 1658 5333 hoc
1686 5279 1753 5332 ita
1797 5292 1919 5334 esse

337 5386 653 5441 cogtioscas,
672 5372 792 5427 audi
841 5369 1099 5425 mirabilis
1135 5370 1289 5426 istius
1313 5368 1547 5424 doctoris
1576 5370 1915 5438 sapientiam,

344 5476 447 5529 quo
492 5472 645 5533 pacto
682 5461 1102 5519 cohortationem
1150 5459 1431 5515 induxerit.
1461 5458 1596 5514 Cum
1621 5459 1763 5514 enim
1792 5469 1918 5516 ante

344 5551 598 5620 dixisset,
645 5552 849 5608 Nemini
902 5553 1175 5623 quidquam
1216 5552 1454 5616 debeatis,
1500 5561 1611 5605 tum
1654 5550 1912 5620 adjunxit,

420 5751 491 5811 (η)
519 5751 687 5802 Colht.
726 5766 833 5804 cum
860 5752 945 5801 iis.
972 5753 1126 5811 [legio
1155 5748 1287 5801 1975.

2069 2003 2183 2055 Nisi
2211 2013 2263 2055 ut
2297 2003 2503 2058 invicem
2528 2004 2772 2075 diligatis,
2800 2008 2948 2076 quasi
2978 2006 3077 2063 hoc
3104 2009 3249 2076 velit,
3278 2019 3332 2065 ut
3358 2026 3516 2069 omne
3543 2014 3629 2071 hic

2056 2093 2290 2147 debitum
2318 2092 2717 2164 dispungamus.
2748 2107 2802 2152 et
2827 2098 2925 2152 hoc
2950 2114 3025 2152 ms
3053 2101 3283 2155 alienum
3318 2116 3627 2173 perpetuum

2053 2198 2115 2238 ac
2155 2200 2439 2253 numquam
2484 2186 2790 2243 dissolubile
2837 2202 3156 2257 perseveret.
3205 2192 3314 2248 llnc
3356 2198 3497 2249 enim
3547 2208 3628 2252 est

2055 2275 2317 2344 prmcipue
2343 2277 2481 2347 quod
2512 2279 2671 2332 vitam
2701 2289 2936 2335 nostram
2971 2285 3208 2338 continet
3227 2327 3242 2348 .
3269 2298 3323 2341 et
3365 2290 3632 2344 constrin-

2052 2367 2146 2436 git.
2177 2366 2398 2432 Quando
2424 2368 2599 2437 igitur,
2630 2382 2822 2440 quanta
2851 2386 2915 2425 ex
2950 2372 3047 2427 hoc
3071 2373 3251 2429 debito
3279 2388 3457 2432 manet
3484 2381 3628 2435 utili-

2055 2466 2154 2521 tas,
2186 2456 2403 2521 scimus,
2443 2466 2497 2512 et
2530 2458 2657 2512 dum
2703 2461 3040 2528 persolvitur,
3074 2466 3238 2533 magis
3266 2467 3392 2521 illud
3424 2473 3625 2540 augeri,

2050 2556 2169 2617 age,
2194 2563 2290 2603 nos
2311 2563 2519 2618 quoque
2548 2549 2780 2603 debitum
2804 2591 2819 2614 ,
2846 2552 2987 2621 quod
3029 2570 3131 2607 non
3177 2570 3242 2609 ex
3284 2556 3469 2612 inertia
3492 2576 3626 2630 qua-

2052 2641 2212 2709 piam,
2242 2640 2323 2695 vel
2347 2640 2685 2711 improbitate
2710 2658 2773 2697 ac
2799 2644 2980 2699 fraude
3004 2644 3200 2715 aliqua.
3228 2649 3319 2702 sed
3343 2664 3405 2704 ex
3433 2662 3623 2706 eventu

2047 2726 2223 2785 morbi
2248 2733 2629 2798 contraximus,
2657 2733 2847 2801 hodie,
2874 2744 3128 2804 quantum
3171 2737 3221 2792 in
3270 2740 3421 2795 nobis
3460 2740 3622 2800 situm

2046 2820 2167 2885 erit,
2199 2820 2426 2876 reddere
2452 2822 2780 2890 studeamus,
2800 2834 2851 2879 et
2877 2826 3061 2896 paucis
3091 2837 3320 2883 vestram
3347 2833 3620 2887 caritatem

2044 2909 2374 2980 alloqucntes
2412 2924 2783 2982 argumentum
2824 2918 3089 2972 sermonis
3112 2919 3179 2973 ab
3207 2918 3308 2975 hoc
3334 2921 3449 2990 ip.o
3477 2924 3620 2979 orbis

2045 3012 2306 3058 terrarum
2340 3004 2560 3061 doctore
2586 3007 2839 3063 ducamus
2866 3026 2881 3062 :
2913 3018 2967 3065 et
2991 3027 3110 3080 qua:
3130 3012 3197 3066 ad
3231 3012 3499 3069 Romanos
3527 3015 3621 3069 hoc

2041 3095 2128 3151 die
2153 3097 2391 3151 scribens
2419 3097 2648 3163 dicebat,
2679 3100 2792 3153 lucc
2827 3101 2879 3154 in
2908 3101 3139 3156 medium
3162 3103 3388 3160 adducta
3414 3121 3617 3177 expen-

2039 3187 2246 3251 damus,
2269 3201 2333 3242 ac
2357 3187 2516 3257 longo
2539 3188 2816 3243 intervallo
2835 3191 3164 3259 spiritualem
3192 3196 3398 3249 caritati
3428 3210 3615 3251 vestra:

2042 3295 2277 3334 mensam
2305 3279 2645 3334 instruamus.
2673 3279 2802 3348 Quae
2828 3295 2952 3336 vero
2975 3283 3108 3337 lecta
3136 3283 3262 3350 sint,
3285 3299 3464 3353 operm
3490 3302 3614 3355 pte-

2041 3372 2168 3427 tium
2211 3371 2370 3427 fuerit
2400 3370 2663 3439 indicare,
2695 3382 2753 3428 ut
2774 3373 2842 3429 de
2869 3374 2933 3428 iis
2961 3386 3077 3444 qua:
3107 3374 3245 3429 dicta
3273 3385 3398 3431 sunt
3430 3377 3612 3432 admo-

2038 3463 2152 3524 niti.
2183 3462 2390 3518 facilius
2410 3478 2528 3535 quae
2554 3479 2582 3517 a
2610 3465 2764 3520 nobis
2787 3463 3053 3530 dicentur,
3076 3470 3351 3535 percipere
3370 3468 3609 3524 valeatis.

2036 3556 2260 3624 Scimus,
2290 3557 2489 3627 inquit,
2517 3558 2753 3628 quoniam
2774 3557 3094 3627 diligentibus
3125 3556 3285 3612 Deum
3316 3564 3483 3615 ontnia
3521 3577 3609 3614 co-

2033 3652 2365 3722 aperanturin
2377 3651 2559 3706 bonum
2577 3650 2789 3719 ("0111.8
2814 3650 2925 3720 28).
2945 3651 3079 3719 Quid
3098 3651 3195 3706 sibi
3215 3653 3319 3706 vult
3341 3651 3440 3707 hoc
3453 3669 3613 3708 exor-

2033 3740 2219 3795 dium?
2245 3740 2386 3795 Nihil
2412 3742 2554 3797 enim
2585 3750 2785 3797 temere
2831 3751 2922 3794 aut
2962 3739 3152 3795 frustm
3201 3742 3432 3813 loquitur
3456 3743 3610 3799 beata

2033 3829 2148 3884 haec
2168 3831 2364 3896 anima,
2394 3832 2485 3885 sed
2514 3831 2879 3885 convenientia
2905 3846 3118 3900 siunper
3140 3833 3363 3902 objectis
3391 3837 3608 3905 a‘gritu.

2030 3921 2246 3974 dinilms
2273 3922 2563 3988 spiritualia
2590 3921 2974 3974 medicamenta
2996 3923 3128 3975 solet
3155 3924 3423 3978 adhibere.

2107 4009 2518 4079 Persequutioncs
2547 4009 2821 4064 Christiani
2862 4012 3140 4077 patiuntur.
3174 4043 3246 4053 —
3271 4012 3409 4080 Quid
3447 4014 3605 4084 igitur

2029 4112 2109 4157 est
2134 4102 2233 4155 hoc
2273 4100 2411 4170 quml
2448 4100 2558 4153 ait?
2578 4100 3014 4172 Quamluquidetn
3040 4104 3198 4156 multa
3226 4105 3457 4175 undique
3487 4117 3604 4161 tcu-

2032 4193 2258 4247 talioncs
2286 4208 2379 4247 eos
2406 4191 2851 4247 circumsidebant
2871 4234 2885 4259 ,
2916 4206 3007 4262 qut
3052 4204 3159 4248 tmn
3188 4196 3510 4252 accedebant
3531 4199 3600 4253 ad

2030 4285 2211 4352 ﬁdem,
2238 4294 2291 4340 et
2320 4285 2621 4355 frequentes
2646 4283 2714 4339 ab
2753 4286 2905 4339 hoste
2944 4285 3202 4339 machina:
3239 4287 3600 4344 admoveban~

2032 4388 2134 4443 tur,
2164 4390 2216 4434 ct
2237 4378 2502 4434 continua:
2535 4377 2888 4432 tendebantur
2923 4378 3125 4431 insidia:
3149 4419 3166 4444 ,
3209 4396 3376 4448 neque
3405 4382 3601 4450 pr;edi-

2028 4468 2253 4527 cautionis
2278 4469 2533 4539 evangelii
2551 4469 2840 4524 adversarii
2869 4469 3232 4537 quiescebant,
3260 4471 3354 4524 sed
3384 4473 3518 4527 alias
3547 4473 3597 4528 iu

2027 4580 2296 4618 carcerem
2326 4562 2674 4633 conjiciebant
2688 4595 2702 4617 ν
2721 4562 2857 4617 alios
2868 4561 2921 4615 in
2935 4561 3187 4617 exsilium
3201 4559 3562 4628 mittebantur)
3581 4597 3597 4623 ,

2026 4654 2160 4707 alios
2189 4653 2240 4707 in
2270 4653 2372 4706 alia
2398 4650 2681 4721 praecipitia
2702 4650 3010 4705 trahebant:
3032 4663 3312 4722 propterea
3338 4655 3598 4723 quemad-

2028 4744 2241 4799 modum
2268 4744 2500 4812 Optimus
2528 4743 2835 4811 imperator,
2863 4756 2984 4796 cum
3021 4744 3226 4797 hostem
3257 4744 3395 4799 videt
3419 4759 3596 4800 acri-nt

2028 4837 2348 4892 iracundiam
2377 4835 2688 4904 spirantem,
2722 4835 3042 4889 circumiens
3066 4849 3193 4890 SIIOS
3221 4837 3425 4895 excitat.
3448 4838 3601 4892 tituli-

2024 4943 2147 4999 que,
2179 4926 2508 4987 c0rroborat,
2538 4924 2771 4991 instruit,
2802 4926 3113 4980 audaciores
3139 4928 3306 4980 reddit
3330 4969 3345 4993 ,
3368 4928 3597 4981 alacrio-

2025 5034 2112 5073 res
2140 5018 2332 5081 cl'licit,
2365 5024 2423 5072 ut
2464 5032 2651 5071 manus
2694 5027 2878 5071 contra
2921 5017 3284 5073 adversarium
3328 5020 3591 5081 attollant,

2025 5125 2122 5165 nec
2149 5110 2288 5165 illius
2312 5109 2645 5164 incursiones
2671 5105 3035 5176 reformident,
3062 5108 3156 5163 sed
3182 5110 3360 5162 animo
3392 5108 3509 5162 forti
3539 5124 3599 5161 se

2025 5200 2097 5254 illi
2122 5208 2411 5269 opponant,
2460 5199 2629 5268 ipsum
2676 5198 2793 5268 ejus
2823 5198 3049 5264 vultum,
3078 5200 3121 5252 si
3152 5202 3371 5266 possint,
3406 5199 3595 5252 vulne-

2024 5302 2161 5355 rent,
2195 5305 2293 5345 nec
2323 5290 2394 5344 illi
2419 5292 2671 5346 resistere
2702 5289 3078 5359 pertimescant
3104 5306 3116 5340 :
3147 5306 3251 5342 non
3291 5290 3446 5342 aliter
3470 5288 3595 5343 bea-

2023 5392 2106 5438 tus
2134 5384 2254 5447 iste,
2278 5382 2396 5436 ha'c
2421 5382 2594 5435 anima
2623 5381 2687 5434 ad
2733 5381 2922 5434 Caelum
2969 5395 3135 5448 usque
3171 5379 3434 5443 sublimis,
3468 5379 3595 5432 title-

2021 5475 2147 5529 lium
2179 5473 2361 5527 volens
2404 5474 2609 5528 animos
2650 5471 2915 5533 excitare,
2947 5479 3003 5524 et
3050 5468 3194 5523 lnnni
3220 5473 3507 5535 jacentem.
3537 5479 3593 5523 ut

2022 5565 2089 5619 Ita
2121 5564 2327 5627 dicam,
2373 5564 2423 5617 tll
2451 5579 2581 5615 arum
2612 5562 2986 5631 cogitationem
3016 5562 3221 5630 erigere
3254 5561 3493 5624 studens,
3522 5564 3589 5618 ita

2021 5657 2197 5713 dicere
2235 5656 2461 5724 oceuepit
2491 5672 2502 5707 :
2536 5653 2737 5707 Scimus
2780 5663 2945 5707 autem
2985 5653 3221 5724 quoniam
3276 5653 3603 5723 diligrntibus

421 5805 489 5876 ib)
520 5814 659 5864 llnnc
683 5819 843 5865 locum
866 5805 1094 5864 secundis
1121 5816 1251 5863 curis
1275 5814 1557 5863 retractavit
1587 5807 1753 5860 Montl'.
1784 5808 1902 5857 γξιιο
1943 5807 2082 5867 hujus
2108 5809 2227 5856 torni
2252 5808 2469 5866 ructat,
2497 5809 2590 5858 col.
2623 5805 2693 5855 ιι.
