4096 6222
466 304 566 357 lli'i

460 425 619 479 Deum
637 423 804 477 omnia
827 429 1159 491 cooperantur
1183 419 1234 472 in
1263 419 1445 473 bonum
1469 418 1641 484 (llam.
1670 417 1720 472 8.
1739 416 1852 485 28).
1883 415 2038 468 Vides

457 516 788 574 t‘tt‘udentiam
830 511 1213 582 apostolicam?
1243 510 1357 564 Non
1385 510 1515 564 dixit
1536 549 1550 574 ,
1573 509 1697 563 Scio
1717 548 1730 571 ,
1759 507 1852 562 sed
1876 549 1890 572 ,
1917 505 2036 561 Sci-

456 624 588 669 mus,
619 617 676 659 ut
718 605 864 673 ipsos
891 602 955 656 ad
982 617 1270 656 assensum.
1295 600 1634 669 [.tl‘tL'bentllﬂll
1665 599 1889 652 orationi
1923 597 2034 666 pcl-

455 697 659 760 liccret,
687 693 828 764 quod
857 691 1199 763 diligentibus
1241 692 1406 745 Deum
1453 690 1633 743 munia
1673 698 2034 756 coeperantur

455 788 506 840 in
561 785 779 840 bonum.
835 782 1234 848 Animadverte,
1275 796 1435 850 quam
1494 788 1742 834 accurate
1795 779 2039 848 loquatur

455 877 746 947 apostolus.
791 875 905 931 Non
959 875 1123 939 dixit,
1156 874 1254 941 Qui
1314 872 1479 926 Deum
1531 870 1787 939 diligunt,
1836 868 2039 922 evitant

455 969 612 1035 mala,
643 967 980 1021 liberantttra
1004 964 1412 1027 tt-tttationibus;
1445 962 1561 1027 scd,
1583 961 1808 1020 Scimus,
1835 960 2026 1030 inqttit,

456 1059 559 1114 hoc
583 1068 683 1122 est,
717 1071 1029 1127 persuasum
1061 1057 1216 1111 nobis
1245 1065 1355 1114 est,
1380 1055 1639 1107 certiores
1677 1051 1798 1105 facti
1829 1066 2033 1114 sumus,

457 1154 568 1222 ipsa
599 1167 776 1206 rerum
805 1150 1130 1219 experientia
1159 1149 1330 1202 edocti
1361 1145 1849 1201 demonstrationes
1877 1158 2034 1198 acce-

451 1246 626 1310 pimus
657 1261 667 1294 :
701 1241 902 1296 Scintus
939 1242 1175 1310 quoniam
1211 1238 1530 1309 diligentibus
1560 1235 1717 1290 Deum
1742 1236 1912 1288 omnia
1945 1251 2035 1288 co-

453 1343 724 1404 Operantur
748 1332 798 1384 in
825 1331 1028 1384 bonum.

519 1423 576 1476 ἓ.
620 1421 889 1475 Verborum
922 1420 1149 1487 Apostoli
1175 1429 1362 1489 quanta
1393 1419 1485 1472 vis.
1521 1416 1822 1471 Macedones
1850 1416 2036 1486 ingrati

453 1516 503 1568 in
543 1513 820 1582 apostolos.
860 1511 961 1567 Cur
1001 1514 1187 1581 eiectus
1231 1512 1428 1564 dannon
1471 1511 1642 1580 fuerit.
1674 1537 1746 1549 —-
1773 1510 2034 1574 Quantam

454 1607 577 1660 huic
609 1605 757 1660 brevi
798 1604 1018 1659 dictioni
1048 1605 1152 1658 vim
1203 1603 1379 1658 inesse
1427 1601 1792 1656 arbi'ramini?
1823 1599 2030 1664 Omnia,

453 1699 641 1767 inquit,
674 1707 1012 1766 cOOperantur
1054 1697 1106 1749 in
1145 1695 1350 1748 bonum.
1382 1693 1498 1748 Noli
1536 1693 1678 1748 enim
1712 1692 1839 1747 tnihi
1875 1693 2034 1762 hujus

453 1792 574 1844 vitae
614 1786 892 1843 commoda
933 1800 1388 1850 commemorare,
1433 1800 1607 1854 neque
1649 1784 2034 1851 jucuntlitatem

454 1891 656 1936 tantum
684 1889 775 1935 aut
800 1879 1137 1934 securitatem
1166 1879 1344 1932 animo
1370 1878 1572 1942 volvas,
1592 1877 1686 1932 sed
1715 1877 1873 1931 etiam
1901 1891 2034 1930 con-

454 1974 637 2039 traria,
659 1986 906 2027 carceres
929 2010 944 2035 ,
977 1969 1348 2024 lribulationes
1365 2010 1380 2032 ,
1406 1965 1624 2020 insidias
1643 2008 1659 2032 ,
1701 1965 2036 2036 quotidianus

454 2065 714 2128 incursus,
741 2078 804 2116 ac
853 2046 963 2115 tum
1004 2059 1249 2114 dictionis
1274 2058 1380 2110 vim
1433 2065 1680 2110 accurate
1717 2070 2029 2126 cognosces.

451 2160 529 2211 Ac
557 2171 623 2210 ne
657 2154 790 2209 forte
827 2152 893 2207 ad
922 2152 1079 2221 longe
1112 2148 1336 2222 petenda
1368 2147 1612 2218 exempla
1638 2145 1913 2202 caritatem
1937 2163 2035 2201 ve-

449 2256 613 2302 stram
634 2244 912 2308 abducam,
935 2240 1161 2312 paucula
1179 2239 1446 2310 qutedam,
1472 2239 1515 2292 si
1545 2237 1710 2301 lubet,
1738 2253 1802 2291 ex
1830 2237 1896 2291 iis
1915 2252 2035 2307 qua:

449 2336 606 2390 beato
635 2335 720 2389 isti
743 2332 1086 2397 acciderunt,
1121 2332 1172 2385 in
1201 2328 1432 2384 medium
1465 2326 1819 2398 proferamus,
1848 2336 1902 2381 et
1929 2328 2031 2380 vim

450 2429 601 2484 iStius
645 2427 790 2482 verbi
828 2425 1181 2497 cognoscetis.
1215 2423 1348 2478 Nam
1389 2437 1509 2477 cum
1548 2421 1799 2492 regiones
1843 2436 2033 2476 omnes

448 2518 788 2583 circumiens,
818 2517 1030 2588 pietatis
1073 2516 1294 2570 verbum
1341 2527 1619 2582 spargens,
1663 2512 1844 2581 Spinas
1890 2513 2034 2567 ενι-Ι-

450 2613 583 2677 lens,
609 2609 887 2663 veritatem
913 2608 966 2661 in
988 2606 1320 2674 singulorum
1337 2604 1526 2657 animis
1547 2605 1787 2672 plantarc
1809 2612 2030 2656 conten-

447 2702 602 2769 dens,
652 2700 718 2757 ad
763 2700 948 2755 urbem
993 2697 1276 2768 quamdam
1332 2695 1625 2764 appulisset
1677 2693 2028 2760 Macedoniae,

446 2790 893 2864 quemadmodum
918 2789 1102 2844 beatus
1133 2787 1333 2852 Lucas,
1363 2785 1409 2839 is
1433 2783 1521 2854 qui
1557 2783 1748 2838 librum
1773 2785 2026 2838 Actorum

447 2883 766 2955 composuit,
802 2881 954 2936 nobis
980 2878 1267 2943 enarravit,
1299 2875 1544 2932 ancillam
1569 2873 1875 2947 quamdam,
1912 2891 2030 2944 qua:

449 2977 736 3048 malignum
791 2970 1018 3029 habebat
1062 2970 1528 3041 Spiritum,neque
1582 2975 1758 3020 lacere
1803 2972 2027 3036 potent,

447 3069 541 3126 sed
568 3067 845 3130 circuibat,
871 3074 922 3120 et
947 3064 1144 3133 ubique
1183 3060 1304 3115 illos
1338 3057 1598 3113 dmmonis
1640 3071 1804 3126 opera
1831 3056 2033 3127 patefa-

452 3173 576 3214 cere
599 3156 832 3224 volebat,
859 3155 1021 3210 multa
1066 3168 1185 3207 cum
1226 3149 1561 3213 auctoritate,
1601 3147 1718 3201 solo
1761 3147 1925 3202 verbo
1969 3161 2030 3198 ac

447 3252 594 3322 jussu
624 3261 890 3318 tamquam
922 3247 1265 3300 verberonem
1295 3241 1580 3313 quemdam
1609 3240 1852 3311 abigens,
1887 3241 2027 3294 illam

443 3361 474 3398 a
498 3358 659 3413 pravo
685 3341 928 3396 daemone
968 3338 1250 3392 liberasset
1282 3351 1296 3388 :
1326 3349 1448 3389 cum
1481 3333 1620 3386 illius
1651 3332 1796 3385 urbis
1828 3332 2028 3385 incolas

444 3436 766 3507 oportuisset
785 3441 1054 3501 tamquam
1079 3428 1444 3483 benefactorcs
1469 3442 1594 3481 suos
1617 3440 1679 3479 ac
1707 3425 1890 3477 salutis
1918 3441 2027 3478 sua-

444 3527 679 3582 vindices
707 3525 963 3593 deinceps
1007 3520 1279 3590 apostolos
1310 3519 1525 3582 intueri,
1551 3529 1710 3588 atque
1745 3515 1891 3570 omni
1934 3532 2027 3570 ens

443 3617 734 3670 olliciorum
783 3627 980 3682 genere
1022 3617 1425 3680 prosequentes,
1463 3614 1666 3660 tantum
1709 3607 2023 3660 lieneieiunt

445 3703 810 3767 remunerari,
863 3701 936 3756 illi
987 3701 1142 3769 plane
1183 3697 1448 3752 contraria
1493 3695 1812 3764 rependunt.
1854 3698 2026 3764 Atque

443 3795 568 3849 audi
597 3807 701 3863 quo
741 3800 897 3862 pacto
938 3791 1057 3845 illos
1083 3799 1517 3843 remunerentur.
1559 3787 1807 3847 Videntes,
1834 3786 2022 3856 inquit,

445 3886 635 3941 domini
661 3887 786 3956 ejus,
815 3883 936 3954 quia
961 3882 1108 3936 exivit
1134 3897 1247 3949 spes
1277 3890 1495 3949 qucestus
1521 3895 1714 3944 eorum,
1737 3881 2025 3948 apprehen-

443 3982 612 4035 dentes
637 3976 860 4032 Pnulum
881 3985 929 4030 et
959 3973 1123 4030 Silam
1152 3972 1496 4044 perduxerunt
1524 3973 1574 4023 in
1593 3973 1757 4041 forum
1781 3971 1847 4022 ad
1879 3972 2025 4040 prin-

441 4073 607 4142 cipes,
639 4079 686 4123 et
725 4065 988 4135 oﬂ'erentes
1012 4081 1096 4119 eos
1125 4063 1528 4134 magistratibus,
1567 4077 1680 4114 cum
1724 4061 1908 4114 multas
1956 4062 2026 4114 eis

447 4161 621 4234 plagas
641 4157 1014 4228 imposuissent,
1047 4155 1287 4208 miserunt
1332 4169 1415 4206 eos
1457 4153 1510 4205 in
1538 4169 1809 4218 carcerem,
1843 4154 2025 4222 prteri-

446 4251 634 4318 pientes
676 4247 904 4313 custodi,
933 4255 984 4298 ut
1019 4244 1286 4313 diligenter
1326 4260 1409 4296 eos
1451 4242 1722 4295 custodiret
1771 4243 1904 4315 (Act.
1935 4244 2022 4299 16.

446 4339 652 4411 19—23).
687 4337 892 4392 Videtis
935 4348 1197 4389 stunmam
1241 4332 1382 4386 illius
1413 4331 1560 4385 urbis
1590 4331 1883 4386 incolarum
1927 4333 2025 4386 iut-

446 4431 800 4504 probitatem?
826 4431 1017 4485 videtis
1046 4429 1407 4499 apostolorum
1452 4427 1758 4498 patientiam
1793 4441 1856 4481 ac
1885 4427 2021 4481 tole-

448 4525 713 4581 rantiam?
742 4523 1060 4594 Ex5peetate
1089 4521 1374 4591 pauliSper,
1405 4528 1460 4573 et
1490 4519 1580 4573 Dei
1609 4518 1856 4574 videbitis
1885 4518 2027 4573 beni-

445 4616 723 4686 gnitatem.
751 4613 882 4669 Cum
926 4613 1066 4668 enim
1118 4613 1328 4682 sapiens
1370 4611 1440 4666 sit
1485 4626 1548 4665 ac
1596 4611 1786 4678 solers,
1817 4627 1922 4666 non
1972 4611 2022 4665 itt

445 4704 703 4774 principio
733 4716 832 4758 nec
860 4703 913 4758 in
952 4702 1188 4758 exordiis
1216 4703 1352 4756 mala
1382 4702 1540 4768 tollit,
1567 4702 1660 4758 sed
1691 4718 1811 4757 eum
1849 4703 2024 4758 incre-

445 4805 680 4849 mentum
711 4794 1013 4862 acceperint
1054 4793 1478 4849 adversariorum
1525 4795 1828 4862 molimina,
1856 4805 1907 4851 et
1937 4811 2023 4851 re-

446 4891 543 4943 bus
579 4888 708 4959 ipsis
748 4887 1064 4944 athletarum
1110 4888 1330 4959 probata
1371 4891 1622 4960 patientia
1654 4890 1830 4959 fuerit,
1864 4901 1917 4945 et
1948 4893 2027 4945 in-

446 4981 717 5047 notuerit,
764 4989 872 5034 tum
911 4980 1206 5037 subsidium
1253 4998 1408 5036 suum
1450 4984 1656 5054 przebet
1690 5000 1704 5038 :
1735 5000 1801 5038 ne
1847 4984 2026 5039 dit-ere

447 5077 612 5143 possit
643 5076 802 5140 ullus,
825 5074 940 5129 illos
969 5075 1168 5131 idcirco
1195 5085 1384 5145 sponte
1409 5077 1658 5145 periculis
1684 5093 1742 5132 se
1768 5077 2023 5147 objicere,

445 5166 584 5234 quod
624 5181 683 5220 se
739 5164 872 5221 nihil
924 5167 1205 5222 molestum
1263 5181 1514 5236 passuros
1561 5183 1681 5222 esse
1729 5168 2021 5222 conﬁdant.

446 5256 595 5311 llanc
625 5256 874 5310 nimirum
914 5257 983 5310 ob
1011 5273 1225 5312 causam
1272 5256 1526 5327 quosdam
1572 5259 1732 5314 etiam
1775 5260 2025 5315 ineﬂ‘abtli

444 5348 671 5418 quadam
703 5349 960 5420 sapientia
993 5349 1045 5402 in
1074 5349 1226 5403 malis
1251 5349 1570 5420 dereliuqttit
1589 5393 1604 5418 ,
1636 5351 1893 5422 quosdam
1923 5355 2026 5408 cri-

449 5439 544 5508 pit,
564 5449 620 5495 ut
635 5456 700 5495 ex
718 5440 960 5494 otnnibus
986 5440 1161 5495 discas
1183 5457 1442 5496 summam
1471 5443 1588 5513 ejus
1615 5444 2022 5514 benignitatem.

451 5531 731 5601 ipsumque
781 5533 979 5602 majora
1031 5533 1134 5588 illis
1178 5536 1389 5604 praémia
1441 5547 1859 5606 prarparantetn,
1892 5544 2026 5594 mala

451 5619 758 5691 frequenter
796 5626 974 5694 augeri
1022 5628 1348 5696 permittere.
1386 5628 1458 5680 Ita
1490 5629 1588 5681 hoc
1619 5629 1777 5682 etiam
1808 5629 1924 5682 luco
1955 5631 2026 5684 le-

453 5715 541 5767 cit.
575 5714 704 5769 Post
728 5722 931 5771 tantum
958 5719 1266 5775 miraculum
1301 5736 1361 5776 ac
1391 5720 1726 5788 beneﬁcium,
1760 5725 1898 5791 quod
1927 5724 2024 5779 im-

1163 303 1220 358 S.
1259 300 1536 358 JOANNIS
1567 297 2038 355 CHRYSOSTOMI
2081 297 2394 357 AHClllEP.
2435 304 2971 362 CONS'I‘ANTl-NOP.

3627 316 3726 374 168

2148 417 2379 485 pudente
2417 421 2509 476 illo
2543 423 2786 480 diemone
2832 426 3006 495 cjecto
3029 427 3384 494 contulerant,
3414 429 3572 501 virgis
3609 436 3730 490 illos

2144 510 2274 564 ezedi
2307 516 2566 581 permisit,
2585 526 2638 570 et
2669 519 2718 571 in
2741 533 3007 573 carcerem
3040 520 3194 574 mitti.
3231 521 3363 577 llinc
3383 540 3526 577 enim
3555 528 3726 579 maxi-

2148 618 2232 657 me
2263 603 2356 658 Dei
2397 606 2564 659 virtus
2593 609 2750 661 etiam
2786 610 3046 666 elucebat.
3071 613 3408 683 Quapropter
3453 627 3506 670 et
3541 617 3726 674 beatus

2146 693 2233 746 hie
2270 694 2480 749 dicebat
2511 712 2524 747 :
2557 697 2906 753 Libentissime
2944 702 3201 770 gloriabor
3247 705 3299 757 in
3347 707 3725 775 infirmitatibus

2143 785 2287 851 meis,
2307 795 2359 838 ut
2380 787 2620 841 inhabitet
2633 789 2685 841 in
2702 806 2780 842 me
2797 792 2953 844 virtus
2965 790 3185 859 Christi;
3207 805 3260 848 et
3285 811 3487 862 rursus,
3510 799 3633 851 Cum
3651 802 3700 853 in
3713 829 3729 839 -

2142 877 2338 944 ﬁrntor,
2355 887 2474 931 tunc
2490 891 2664 948 potens
2674 899 2784 934 sum
2804 883 2821 950 (
2842 883 3031 948 2.,Cor.
3050 885 3136 938 12.
3154 885 3345 960 9.10),
3370 889 3725 945 inﬁrmitatem

2140 971 2420 1026 continuas
2447 975 2767 1028 tentationes
2793 976 3085 1043 appellans.
3114 976 3221 1031 Sed
3257 989 3461 1047 quteret
3497 981 3720 1038 fortasse

2141 1061 2402 1129 quispiam
2432 1063 2533 1117 hoc
2558 1064 2695 1126 loco,
2727 1066 2879 1134 cujus
2920 1067 2997 1121 rei
3036 1069 3205 1136 gratia
3233 1069 3531 1124 damonem
3555 1051 3724 1141 expul-

2143 1154 2300 1208 lerint
2326 1155 2455 1209 nihil
2492 1157 2620 1227 ipsis
2655 1160 3136 1221 contradicentetn.
3165 1162 3257 1216 sed
3288 1166 3460 1231 potius
3487 1166 3606 1220 illos
3633 1185 3723 1236 pa-

2141 1244 2509 1310 tefacienlem;
2542 1250 2715 1317 spatio
2739 1251 2936 1319 quippe
2973 1252 3258 1306 multorum
3288 1253 3495 1308 diermn
3526 1258 3721 1312 elauta-

2143 1335 2229 1388 bat
2253 1335 2480 1390 dicens:
2517 1336 2611 1392 Isti
2659 1341 2884 1393 homines
2927 1342 3057 1395 servi
3108 1341 3206 1395 Dei
3249 1346 3430 1398 excelsi
3467 1357 3613 1415 sunt,
3639 1352 3724 1416 qui

2139 1427 2444 1480 annuntiant
2474 1429 2615 1483 nobis
2632 1430 2760 1483 viam
2784 1432 2963 1486 salutis
2987 1431 3123 1504 (Act.
3153 1436 3235 1487 lli.
3264 1437 3368 1506 l7).
3390 1439 3467 1496 Ne
3492 1440 3718 1506 mireris,

2139 1517 2414 1574 carissime
2441 1535 2455 1571 :
2487 1535 2607 1573 nam
2638 1531 2690 1575 et
2728 1520 2829 1576 hoc
2869 1524 3162 1589 prudentia:
3190 1525 3286 1580 luit
3319 1533 3625 1599 apostolica:
3654 1549 3717 1588 ac

2142 1608 2380 1664 beneficii
2415 1610 2645 1680 Spiritus
2684 1616 2876 1667 sancti.
2910 1615 3057 1669 Licet
3096 1618 3238 1670 enim
3268 1621 3593 1674 contrarium
3621 1623 3724 1678 illis

2139 1699 2344 1755 diceret
2384 1700 2536 1767 nihil,
2572 1713 2849 1781 netamen
2895 1705 3017 1759 inde
3061 1707 3218 1760 [idem
3249 1709 3353 1763 sibi
3382 1710 3590 1766 daetnon
3620 1714 3721 1767 alio

2139 1806 2296 1859 quam
2345 1793 2674 1859 conciliaret,
2710 1804 2760 1849 et
2811 1796 2862 1848 in
2920 1795 3040 1850 aliis
3093 1797 3448 1867 simpliciores
3501 1803 3721 1859 subdole

2142 1893 2320 1950 pOS>et
2359 1883 2656 1950 attrahere,
2687 1894 2965 1955 propterea
3012 1901 3132 1942 cum
3174 1889 3246 1942 illi
3291 1905 3354 1945 os
3399 1891 3716 1960 obturasset,

2138 1973 2310 2042 ejecit,
2346 1989 2516 2043 neque
2559 1975 2680 2029 sivit
2722 1990 2784 2030 ea
2841 1977 3102 2047 proloqui,
3151 1996 3270 2048 quae
3321 1981 3634 2052 dignitatem
3665 1998 3720 2040 et

2137 2072 2352 2134 Captum
2383 2065 2498 2135 ejus
2527 2067 2876 2121 excedebant.
2913 2068 3021 2122 lloc
3048 2080 3223 2124 autem
3253 2073 3517 2141 prmstitil,
3541 2084 3599 2130 ut
3623 2075 3718 2130 do-

2140 2155 2266 2208 tuiui
2298 2157 2381 2210 sui
2406 2158 2638 2228 vestigiis
2664 2159 2932 2214 insisteret
2971 2177 2985 2215 :
3018 2175 3138 2215 nam
3171 2163 3235 2215 ad
3267 2165 3411 2219 illum
3443 2169 3600 2221 ctiam
3627 2183 3718 2223 ac-

2137 2245 2389 2301 cedentes
2417 2247 2667 2303 dicehaul.
2699 2268 2711 2302 :
2746 2249 2949 2305 Scimus
2993 2263 3041 2304 te
3081 2254 3192 2322 quis
3230 2254 3320 2319 sis,
3371 2267 3573 2310 sanctus
3624 2257 3718 2311 Dei

2139 2335 2289 2406 (Luc.
2323 2339 2376 2393 4.
2408 2337 2522 2412 54),
2549 2351 2604 2394 et
2634 2352 2808 2396 tamen
2837 2342 2953 2398 haec
2981 2343 3219 2400 dicentes
3248 2362 3342 2400 eos
3367 2347 3627 2416 ejiciebat.
3660 2349 3714 2404 ld

2136 2443 2265 2483 vero
2296 2429 2449 2483 fiebat
2478 2431 2530 2484 in
2551 2433 2947 2488 accusationem
2974 2434 3359 2504 impudentiam
3387 2438 3712 2504 Judmorum,

2136 2520 2279 2586 quod
2314 2519 2384 2572 illi
2407 2519 2622 2588 quidem
2652 2522 2908 2577 miracula
2929 2524 3166 2592 quotidie
3189 2536 3468 2581 cernentes
3490 2538 3543 2582 et
3563 2529 3714 2582 innu-

2135 2625 2280 2664 ntera
2313 2610 2546 2682 prodigia
2579 2612 2715 2679 ﬁeri,
2741 2629 2843 2666 non
2875 2613 3159 2669 crederent
3190 2632 3204 2668 :
3236 2616 3507 2673 dznmones
3533 2629 3714 2675 autem

2134 2712 2504 2772 agnoscerent,
2535 2717 2763 2772 eumque
2794 2704 2883 2758 Dei
2919 2703 3111 2758 Filium
3143 2706 3450 2763 faterentur.

2203 2792 2256 2847 3.
2318 2791 2471 2846 Pauli
2514 2803 2558 2847 et
2611 2794 2739 2850 Sila:
2774 2797 2941 2864 [crvor
2971 2806 3016 2850 et
3065 2798 3312 2854 liberatio.
3377 2800 3460 2856 Vis
3501 2803 3715 2872 Itgmno-

2133 2900 2248 2938 rum
2313 2895 2502 2954 quanta
2545 2886 2655 2950 sit;
2702 2902 2792 2940 cur
2835 2886 2942 2940 luet:
3001 2889 3168 2941 media
3213 2901 3355 2944 nocte
3396 2893 3590 2960 ﬁerent.
3649 2921 3716 2932 —

2132 2976 2236 3032 Sed
2297 2977 2365 3032 ad
2433 2979 2627 3033 seriem
2697 2979 2920 3033 instituti
2987 2985 3251 3036 sermonis
3294 2983 3594 3039 redeamus.
3649 2987 3714 3040 l."t

2134 3069 2293 3139 igitur
2321 3069 2540 3123 discntis
2567 3111 2580 3135 ,
2614 3084 2720 3138 quo
2749 3080 2904 3138 pacto
2937 3070 3279 3140 diligentibus
3330 3075 3493 3128 Deum
3537 3077 3714 3129 omnia

2132 3169 2486 3230 cooperantur
2518 3160 2567 3214 in
2599 3159 2826 3224 bonum,
2861 3169 3024 3213 totatn
3063 3161 3213 3216 vobis
3237 3163 3507 3218 historiam
3537 3180 3715 3234 opera:

2134 3253 2358 3322 pretium
2425 3251 2583 3307 fuerit
2637 3253 2885 3320 recitari,
2941 3261 2999 3307 ut
3055 3254 3176 3309 inde
3227 3248 3556 3325 coﬁtoscatis
3610 3275 3714 3324 quo

2135 3351 2290 3411 pacto
2319 3350 2437 3410 post
2466 3342 2707 3405 verbera,
2731 3351 2850 3410 post
2881 3357 3152 3397 carcerem
3179 3385 3193 3410 ,
3227 3347 3405 3399 omnia
3433 3347 3521 3401 Dei
3546 3351 3712 3417 gratia

2133 3431 2182 3485 in
2213 3432 2408 3485 bonum
2441 3434 2676 3487 mutarit.
2701 3433 2805 3487 Sed
2834 3433 3127 3502 videamus,
3153 3451 3254 3505 qua
3284 3438 3491 3493 ratione
3526 3440 3712 3494 beatus

2135 3521 2184 3575 id
2218 3521 2389 3576 Lucas
2417 3521 2614 3576 indicet
2643 3523 2828 3577 dicens
2853 3541 2865 3578 :
2887 3523 3010 3578 Cum
3053 3537 3221 3580 autem
3274 3529 3372 3582 tale
3411 3541 3711 3601 prazceptum

2132 3615 2402 3684 accepisset
2444 3616 2657 3667 carceris
2683 3626 2871 3680 custos,
2900 3617 3030 3670 misit
3053 3633 3136 3670 eos
3164 3619 3214 3670 in
3236 3618 3519 3673 interiorem
3538 3637 3708 3674 carce-

2130 3723 2253 3770 rem,
2279 3714 2322 3757 et
2343 3705 2489 3773 pedes
2509 3721 2679 3758 eorum
2709 3707 2911 3760 strinxit
2933 3707 3068 3777 ligno
3095 3708 3233 3776 (Act.
3259 3710 3341 3763 16.
3372 3709 3483 3780 24).
3528 3713 3712 3767 Anim-

2128 3796 2346 3850 adverte
2375 3811 2480 3865 qtto
2521 3805 2674 3866 pacto
2717 3807 3009 3866 augeantur
3049 3799 3184 3852 mala
3209 3841 3224 3862 ,
3255 3809 3310 3852 ut
3351 3802 3710 3871 apostolorum

2127 3888 2287 3941 etiam
2328 3888 2577 3955 patientia
2613 3889 2703 3941 liat
2733 3887 2991 3942 illustrior
3013 3930 3027 3952 ,
3060 3900 3112 3942 et
3144 3889 3397 3944 immensa
3430 3891 3518 3944 Dei
3548 3892 3711 3945 virtus

2129 3980 2681 4035 omnibus-manifesta
2709 3981 2983 4035 reddatur.
3016 3981 3151 4035 Audi
3195 3996 3322 4036 vero
3349 3983 3474 4051 quid
3519 3999 3710 4052 sequa-

2133 4080 2216 4125 tur
2246 4087 2260 4124 :
2301 4071 2448 4125 addit
2475 4072 2618 4125 enim
2638 4112 2653 4135 ,
2685 4070 2857 4124 Media
2902 4080 3070 4124 autem
3112 4082 3257 4125 nocte
3283 4071 3478 4125 Paulus
3498 4083 3543 4126 et
3572 4074 3712 4128 Silus

2129 4173 2329 4217 orantes
2371 4162 2646 4216 laudabant
2683 4161 2845 4214 Deum
2875 4163 2893 4232 (
2929 4161 3010 4217 Ib.
3045 4179 3091 4216 υ.
3126 4164 3195 4218 25
3224 4166 3267 4233 ).
3299 4163 3433 4219 Vide
3475 4167 3708 4219 animum

2134 4255 2444 4319 excitatum,
2475 4254 2595 4308 vide
2622 4253 2831 4322 vigilem
2861 4265 3091 4308 mentem
3122 4272 3136 4310 :
3170 4271 3236 4310 ne
3267 4265 3466 4311 temere
3495 4266 3711 4326 praetcr-

2130 4361 2314 4401 eatnus
2358 4362 2479 4417 qua:
2504 4345 2643 4400 dicta
2675 4353 2829 4410 sunt,
2857 4345 3208 4400 dilectissimi.
3247 4347 3359 4400 Non
3415 4348 3554 4402 enim
3595 4348 3711 4401 sine

2131 4455 2287 4495 causa
2319 4449 2527 4508 tempus
2551 4440 2722 4508 ipsum
2761 4439 3055 4508 designavit
3089 4439 3302 4502 dicens,
3336 4438 3507 4493 Media
3539 4450 3707 4493 autem

2131 4541 2303 4594 nocte,
2345 4528 2439 4585 sed
2470 4530 2610 4601 quod
2637 4530 2799 4584 vellet
2825 4529 3107 4585 ostendere
3129 4571 3144 4597 ,
3178 4530 3228 4584 id
3271 4540 3475 4600 gestum
3504 4546 3624 4586 esse
3646 4547 3713 4586 eo

2133 4632 2409 4693 tetnpore,
2454 4637 2561 4692 quo
2598 4623 2806 4677 caeteris
2854 4622 3100 4678 omnibus
3154 4622 3324 4678 dulcis
3372 4623 3584 4678 advenit
3618 4639 3710 4677 so-

2131 4730 2308 4782 mnus,
2331 4723 2384 4769 et
2411 4714 2686 4785 palpebras
2714 4714 2992 4783 consopit,
3018 4723 3073 4770 et
3094 4730 3200 4783 quo
3227 4715 3259 4769 ii
3283 4755 3298 4778 ,
3331 4715 3595 4784 prarcipue
3620 4715 3708 4784 qui

2131 4807 2312 4860 multis
2346 4805 2620 4860 doloribus
2669 4819 2731 4858 ac
2777 4805 3036 4860 molestiis
3081 4816 3207 4860 sunt
3247 4805 3491 4872 obsessi,
3522 4820 3713 4860 somno

2131 4897 2326 4966 corripi
2371 4896 2722 4951 solentztum
2762 4895 2941 4964 igitur,
2980 4896 3168 4964 inquit,
3197 4911 3318 4950 cum
3349 4895 3580 4965 undique
3626 4911 3713 4949 so-

2131 4990 2238 5044 mni
2288 4989 2364 5042 vis
2417 4986 2781 5042 dominaretur
2835 4995 2890 5042 et
2939 4989 3139 5058 vigeret
3169 5027 3184 5052 ,
3220 4998 3341 5042 tunc
3393 4988 3467 5041 illi
3499 4988 3713 5041 Orontes

2134 5079 2296 5134 Deum
2323 5078 2619 5143 laudabant,
2653 5086 2710 5132 et
2735 5076 2835 5132 hoc
2863 5092 2973 5133 sum
2997 5079 3048 5132 itt
3091 5078 3238 5132 illum
3270 5080 3506 5134 caritatis
3544 5081 3712 5134 maxi-

2135 5187 2279 5226 tmtm
2332 5169 2583 5225 iudicium
2646 5169 2896 5224 edebant.
2946 5169 3076 5225 Nam
3127 5171 3574 5239 quemadmodum
3617 5187 3709 5224 nos
3737 5202 3765 5258 ἰ

2135 5265 2344 5334 quoties
2371 5263 2645 5319 doloribus
2683 5263 2921 5332 corporis
2945 5261 3274 5327 divexatuur,
3299 5263 3712 5332 propinquorum

2133 5372 2479 5428 Congressum
2523 5355 2860 5426 requirimus,
2897 5364 2952 5408 ut
3002 5353 3349 5408 intentionem
3375 5354 3574 5407 doloris
3602 5353 3716 5406 illo-

2136 5466 2254 5504 rum
2285 5450 2520 5519 alloquio
2547 5448 2848 5518 mitigemus
2879 5465 2892 5500 :
2935 5446 3011 5502 sic
3055 5447 3214 5501 etiam
3257 5446 3307 5499 hi
3340 5447 3507 5500 sancti
3533 5461 3718 5500 amore

2136 5542 2189 5596 in
2218 5542 2498 5597 Dominum
2521 5539 2849 5603 inﬂammati,
2881 5554 2944 5592 ac
2970 5553 3151 5593 sacros
3178 5537 3404 5608 hymnos
3431 5537 3718 5593 offerentes

2142 5648 2208 5688 ne
2238 5647 2452 5686 sensum
2487 5631 2700 5701 quidem
2738 5631 2945 5684 illarum
2995 5629 3353 5682 molestiarum
3396 5629 3674 5698 capiebant
3700 5669 3714 5692 ,

2139 5723 2230 5780 sed
2256 5723 2347 5780 toti
2377 5724 2427 5778 in
2460 5723 2752 5778 orationem
2792 5720 3165 5780 incumbebant
3191 5761 3204 5783 .
3237 5731 3291 5776 et
3322 5719 3615 5775 mirabilem
3657 5719 3717 5772 il-
