4096 6222
374 332 474 391 167

374 451 444 504 δὲ
483 450 573 503 ὅτι
614 450 737 513 τοῖς
782 445 1052 516 ἀγαπῶσι
1096 450 1204 502 τὸν
1249 450 1397 503 Θεὸν
1443 448 1640 504 πάντα
1679 449 1961 520 συνεργεῖ

372 536 461 598 είς
484 533 733 601 ἀγαθόν.
751 532 913 601 Ὁρᾷς
939 531 1037 600 τὴν
1068 531 1280 584 σύνεσιν
1307 532 1404 602 τὴν
1426 533 1817 603 ἀποστολικήνς
1844 533 1957 585 Οὑκ

372 611 553 679 εἶπεν,
577 611 730 678 Οἶδα,
752 615 886 675 ἀλλ’,
920 613 1196 682 Οἴδαμεν,
1228 615 1323 667 καὶ
1354 616 1550 678 αὐτοὺς
1582 617 1658 679 είς
1685 615 1957 683 συγκατά-

374 699 526 752 θεσιν
555 698 918 767 ἐφελκόμενος
943 696 1051 749 τῶν
1078 696 1407 764 λεγομένων,
1439 699 1521 750 ὅτι
1547 701 1659 761 τοῖς
1701 699 1955 766 ἀγαπῶσι

370 782 464 834 τὸν
517 780 649 834 Θεὸν
696 780 875 833 πάντα
915 781 1166 849 συνεργεί
1191 782 1270 842 είς
1295 779 1516 847 ἀγαθόν.
1561 780 1759 832 Σκόπει
1793 778 1954 849 ἀκρί-

371 865 527 916 ϐειαν
552 863 810 934 ῥημάτων
840 861 1234 914 ἀποστολικῶν.
1266 862 1380 914 Ούκ
1413 857 1584 922 εἶπεν,
1605 861 1669 914 Οἱ
1693 860 1954 928 ἀγαπῶν-

369 963 462 1010 τες
515 947 605 999 τὸν
652 946 785 998 Θεὸν
830 945 1181 1013 διαφεύγουσι
1219 945 1285 998 τά
1322 945 1500 1009 δεινὰ,
1544 943 1954 1015 ἐλευθεροῦνται

368 1029 481 1082 τῶν
518 1027 839 1099 πειρασμῶν
863 1044 874 1056 ·
906 1028 1040 1093 ἀλλ’,
1077 1027 1351 1096 Οἴδαμεν,
1389 1028 1543 1097 φησὶ,
1576 1026 1840 1089 τουτέστι,
1860 1044 1955 1078 πε-

370 1111 666 1180 πείσμεθα,
700 1110 1253 1181 πεπληροφορήμεθα,
1278 1108 1343 1162 δι’
1367 1109 1537 1178 αὐτῆς
1564 1109 1673 1162 τῶν
1695 1113 1955 1183 πραγμά-

368 1210 482 1246 των
511 1194 607 1263 τῆς
631 1192 825 1263 πείρας
845 1195 941 1255 τὰς
967 1190 1267 1259 ἀποδείξεις
1290 1204 1314 1232 α
1336 1192 1634 1264 εἰλήφαμεν
1650 1208 1665 1222 ·
1699 1193 1955 1264 Οἴδαμεν

369 1277 462 1330 ὅτι
510 1277 632 1343 τοῖς
677 1273 950 1345 ἀγαπῶσι
1002 1275 1108 1330 τὸν
1159 1280 1304 1330 Θεεν
1336 1276 1531 1329 πάντα
1561 1278 1846 1348 συνεργεῖ
1867 1279 1954 1342 είς

368 1360 619 1426 ἀγαθόν.

445 1442 514 1511 β’.
543 1441 721 1511 Πόσην
737 1439 914 1494 οἴεσθε
934 1440 1162 1511 δύναμιν
1183 1440 1325 1511 ἔχειν
1345 1442 1442 1513 τὴν
1474 1440 1732 1512 βραχεῖαν
1749 1440 1951 1513 ταύτην

369 1525 552 1593 λέξινς
602 1526 822 1590 Πάντα,
857 1524 1010 1595 φησὶ.
1036 1524 1322 1593 συνεργεῖ
1339 1527 1426 1591 εἰς
1451 1527 1676 1590 ἀγαθόν
1696 1541 1708 1554 ⁸
1741 1525 1814 1596 μὴ
1843 1526 1952 1597 γάρ

372 1624 467 1679 μοι
508 1609 576 1661 τά
619 1608 829 1678 χρηστά
872 1606 1108 1660 ἐνταῦθα
1136 1608 1316 1679 εἴπῃς,
1353 1608 1486 1677 μηδὲ
1514 1607 1611 1679 τὴν
1644 1608 1828 1660 ἀνεσιν
1860 1610 1952 1661 καὶ

366 1692 474 1762 τὴν
510 1691 693 1745 ἄδειαν
742 1689 902 1759 μόνον
938 1689 1147 1761 λογίσῃ.
1178 1689 1313 1742 ἀλλά
1355 1691 1449 1742 καὶ
1493 1690 1561 1742 τὰ
1606 1690 1854 1755 ἐναντία,
1886 1692 1952 1745 τὰ

367 1773 743 1846 δεσμωτήρια,
780 1776 878 1838 τὰς
918 1774 1143 1844 θλίψεις,
1176 1775 1274 1837 τὰς
1315 1773 1625 1837 ἐπιϐουλάς,
1668 1774 1765 1836 τάς
1818 1773 1951 1827 καθ-

369 1857 640 1927 ημερινάς
672 1857 913 1925 ἐφόδους,
948 1857 1040 1910 καὶ
1065 1855 1185 1909 τότε
1218 1855 1337 1925 ὄψει
1365 1855 1504 1927 μετά
1532 1854 1817 1926 ἀκριϐείας
1856 1856 1950 1908 τοῦ

371 1940 618 2009 ῥήματος
641 1938 739 2010 τὴν
767 1939 1015 2009 δύναμιν.
1040 1940 1150 1992 Καὶ
1176 1938 1265 1992 ἵνα
1297 1942 1371 2009 μὴ
1396 1938 1610 2008 μακράν
1631 1955 1733 1989 που
1759 1937 1950 2005 ἀγάγω

367 2021 470 2091 τὴν
504 2023 772 2093 ὑμετέραν
815 2023 1055 2093 ἀγάπην,
1092 2023 1141 2074 εἰ
1176 2021 1452 2090 βούλεσθε,
1486 2020 1659 2091 μικρά
1691 2037 1811 2073 τινα
1843 2020 1949 2073 τῶν

366 2105 447 2174 τῷ
479 2107 734 2176 μακαρίῳ
762 2105 935 2176 τούτῳ
971 2107 1291 2177 συμβάντων
1322 2107 1402 2168 είς
1431 2105 1594 2175 μέσον
1632 2105 1947 2175 ἀγάγωμεν,

367 2189 461 2240 καὶ
510 2188 705 2257 ὄψεσθε
752 2187 842 2240 τοῦ
895 2189 1135 2259 ῥήματος
1190 2188 1290 2258 τὴν
1347 2186 1520 2257 ίσχύν.
1582 2186 1798 2256 Ἐπε;δὴ
1842 2185 1950 2257 γὰρ

368 2269 599 2342 περιιὼν
653 2270 958 2340 πανταχοῦ,
1016 2272 1254 2340 σπείρων
1306 2269 1396 2322 τὸν
1456 2271 1553 2341 τῆς
1594 2270 1742 2342 [152]
1793 2272 1949 2323 εὑσε-

365 2353 523 2415 ϐείας
558 2353 752 2420 λόγον,
791 2355 890 2421 τὰς
935 2353 1176 2416 ἀκάνθας
1214 2352 1502 2415 ἀνασπῶν,
1540 2355 1636 2406 καὶ
1676 2356 1775 2423 τὴν
1818 2356 1953 2425 ἀλή-

365 2433 524 2487 θειαν
560 2438 617 2487 ἐν
648 2437 712 2504 τῇ
743 2434 973 2487 ἑκάστου
1021 2434 1163 2505 ψυχῇ
1214 2434 1610 2504 καταφυτεύειν
1660 2436 1952 2505 ἐπειγόμε-

364 2530 491 2578 νος,
533 2515 823 2585 γενόμενος
862 2516 1005 2570 κατά
1048 2534 1171 2571 τινα
1218 2517 1372 2571 πόλιν
1429 2517 1530 2586 τῆς
1577 2518 1949 2585 Μακεδονίας,

366 2596 554 2662 καθὼς
583 2600 611 2650 ό
640 2599 907 2670 μακάριος
929 2601 1156 2664 Λουκᾶς,
1182 2602 1210 2652 ό
1241 2600 1302 2653 τὸ
1326 2599 1433 2653 τῶν
1465 2602 1721 2674 Πράξεων
1750 2602 1951 2675 βιϐλίον

370 2682 606 2743 συνθεὶς,
653 2682 785 2750 ἡμῖν
832 2681 1164 2759 διηγήσατο,
1211 2683 1504 2755 παιδίσκην
1566 2687 1687 2739 τινὰ
1733 2685 1952 2755 πνεῦμα

369 2761 610 2833 πονηρὸν
649 2762 905 2833 ἔχουσαν,
947 2765 1039 2816 καὶ
1079 2766 1237 2836 σιγᾷν
1279 2766 1381 2818 οὑκ
1412 2767 1768 2842 ἀνεχομένην,
1817 2767 1953 2823 ἀλλά

370 2845 690 2914 τ-.ερ;ιοῦσαν
724 2847 816 2898 καὶ
846 2846 1121 2917 πανταχοῦ
1162 2847 1494 2915 καταδήλους
1526 2850 1721 2914 αὐτοὺς
1745 2850 1833 2903 διὰ
1856 2848 1951 2905 τοῦ

366 2928 625 2999 δαίμονος
656 2932 830 2983 ποιεῖν
862 2929 1213 3002 βουλομένην,
1250 2933 1389 3002 μετά
1418 2933 1623 3003 πολλῆς
1655 2936 1756 3004 τῆς
1802 2934 1954 2999 ἐξου-

372 3010 515 3076 σίας,
544 3011 690 3081 λόγῳ
723 3012 818 3065 καὶ
844 3014 1202 3083 ἐπιτάγματι,
1227 3014 1480 3086 καθάπερ
1506 3016 1629 3068 τινά
1659 3017 1952 3086 μαστιγίαν

368 3095 673 3158 ἀπελάσας,
707 3094 1085 3166 ἠλευθέρωσεν
1115 3098 1330 3167 ἐκείνην
1362 3098 1455 3150 τοῦ
1488 3098 1727 3169 πονηροῦ
1764 3099 1954 3169 δαίμο-

372 3194 458 3241 νος
477 3195 493 3208 ο
520 3177 639 3230 δέον
660 3180 785 3241 τοὺς
800 3179 899 3250 τὴν
926 3179 1082 3233 πόλιν
1110 3180 1324 3251 ἐκείνην
1352 3181 1657 3245 οἰκοῦντας,
1686 3183 1762 3246 ὡς
1796 3184 1954 3256 εὑερ-

370 3261 539 3326 γέτας
570 3262 755 3315 λοιπὸν
785 3264 879 3315 καὶ
903 3262 1157 3332 σωτῆρας
1192 3262 1409 3334 βλέπειν
1443 3266 1569 3326 τοὺς
1598 3265 1950 3331 ἀποστόλους,

372 3344 467 3398 καὶ
494 3347 657 3398 παντὶ
679 3344 975 3416 θεραπείας
998 3346 1184 3416 τρόπῳ
1210 3346 1339 3417 περὶ
1360 3346 1556 3411 αὑτοὺς
1575 3348 1953 3418 χρησαμένους

371 3426 713 3497 ἀμείψασθαι
759 3429 857 3498 τῆς
910 3428 1180 3498 τοσαύτης
1227 3429 1573 3500 εὐεργεσίας,
1625 3431 1674 3483 οἱ
1728 3430 1786 3483 δὲ
1838 3434 1951 3495 τοῖς

371 3511 636 3574 ἐναντίοις
666 3510 1005 3580 ἀμείϐονται.
1039 3513 1149 3564 Καὶ
1178 3510 1343 3565 ἄκουε
1381 3513 1525 3566 τίσιν
1571 3514 1755 3577 αὐτοῖς
1788 3513 1951 3583 ἀμείο·

367 3593 578 3649 ϐονται.
616 3593 881 3659 Ἰδόντες,
915 3595 1100 3665 φησὶν,
1132 3598 1184 3648 οι
1204 3595 1394 3663 κύριοι
1416 3596 1627 3664 αὐτῆς,
1659 3596 1747 3650 ὅτι
1767 3598 1953 3664 ἐξῆλ-

372 3683 482 3732 θεν
534 3679 572 3747 ἠ
605 3679 784 3745 ἐλπὶς
833 3677 946 3747 τῆς
968 3679 1255 3749 ἐργασίας
1279 3678 1501 3742 αὐτῶν,
1529 3680 1951 3748 ἐπιλαϐόμενοι

373 3761 483 3816 τὸν
510 3761 757 3816 Παῦλον
803 3762 903 3815 καὶ
947 3763 1055 3815 τὸν
1109 3763 1318 3825 Σίλαν,
1362 3762 1663 3816 εἵλκυσαν
1704 3764 1793 3829 εἰς
1838 3763 1953 3829 τὴν

371 3843 602 3914 ἀγορὰν
634 3844 732 3897 ἐπὶ
774 3843 916 3911 τοὺς
943 3843 1259 3912 ἄρχοντας,
1292 3843 1390 3895 καὶ
1418 3842 1808 3912 προσήγαγον
1840 3847 1948 3896 αὺ-

373 3928 521 3993 τοὺς
547 3926 670 3993 τοῖς
690 3926 1073 3996 στρατηγοῖς,
1093 3927 1193 3980 καὶ
1212 3926 1450 3991 πολλὰς
1476 3925 1779 3992 ἐπιθέντες
1801 3928 1951 3979 ἐκεί-

374 4026 509 4076 νοις
528 4010 786 4079 πληγὰς,
811 4010 1035 4063 ἔϐαλον
1061 4011 1149 4074 είς
1178 4007 1483 4077 φυλακὴν,
1518 4008 1950 4076 παραγγείλαν-

375 4110 476 4160 τες
518 4089 600 4157 τῷ
648 4093 1063 4162 δεσμοφύλακι
1113 4089 1403 4161 ἀσφαίῶς
1443 4089 1645 4159 τηρεῖν
1706 4091 1948 4156 αὐτούς.

384 4179 563 4233 Εἵδετε
604 4176 867 4249 πονηρίας
898 4175 1203 4248 ὑπερϐολὴν
1247 4175 1355 4229 τῶν
1390 4176 1488 4245 τήν
1538 4174 1691 4228 πόλιν
1734 4176 1949 4246 ἐκείνην

378 4256 694 4325 οἰκούντωνς
731 4260 898 4311 εἴδετε
915 4258 1023 4311 τῶν
1042 4258 1356 4312 ἀποστόλων
1385 4256 1663 4329 ὑπομονὴν
1689 4257 1785 4313 καὶ
1813 4276 1949 4331 καρ-

375 4340 595 4413 τερίανς
643 4341 858 4411 Μικρὸν
934 4341 1287 4410 ἀναμείνατε,
1333 4340 1427 4393 καὶ
1471 4340 1669 4410 ὄψεσθε
1720 4340 1818 4395 καὶ
1856 4340 1950 4394 τοῦ

379 4421 514 4476 Θεοῦ
537 4423 636 4493 τήν
662 4423 1092 4492 φιλανθρωπίαν.
1120 4422 1291 4492 Σοφός
1327 4422 1436 4494 γὰρ
1469 4422 1545 4475 ὣν
1576 4422 1672 4475 καὶ⁵
1701 4422 1951 4495 εὐμήχα-

380 4523 490 4569 νος,
523 4507 623 4559 οὑκ
652 4508 708 4559 ἐν
745 4508 885 4577 ἀρχῇ
918 4506 1011 4559 καὶ
1050 4507 1108 4559 ἐν
1156 4506 1459 4576 προοιμίοις
1504 4505 1620 4559 λύει
1664 4505 1732 4559 τά
1777 4506 1951 4571 δεινά,

382 4589 494 4643 ἀλλ’
518 4591 646 4643 ὅταν
680 4589 889 4661 αὐξηθῇ
922 4592 1101 4644 πάντα
1124 4591 1191 4642 τά
1220 4589 1371 4660 παρά
1400 4589 1509 4641 τῶν
1542 4589 1826 4654 ἐναντίων,
1850 4591 1947 4643 καὶ

383 4669 567 4743 δειχθῇ
596 4672 686 4725 διὰ
732 4672 841 4725 τῶν
885 4673 1226 4744 πραγμάτων
1257 4673 1365 4725 τῶν
1399 4670 1565 4723 αὑτοῦ
1617 4671 1867 4741 ἀθλητῶν
1916 4675 1950 4743 ή

385 4754 651 4826 ὑπομονὴ,
684 4755 807 4809 τότε
846 4758 940 4809 καὶ
963 4757 1064 4828 τὴν
1105 4754 1312 4809 οἰκείαν
1345 4755 1518 4825 ῥοπὴν
1552 4755 1949 4809 ἐπιδείκνυται’

385 4837 472 4892 ἵνα
505 4838 693 4908 μηδεὶς
724 4838 822 4910 ἔχῃ
857 4839 1059 4906 λέγειν,
1084 4839 1166 4892 ὅτι
1196 4838 1286 4893 διὰ
1310 4838 1467 4892 τοῦτο
1501 4837 1808 4908 ἐπιπηδῶσι
1837 4841 1951 4901 τοῖς

385 4920 671 4984 κινδύνοις,
699 4920 788 4974 διὰ
814 4922 874 4974 τὸ
904 4921 1125 4993 θαρρεῖν
1153 4922 1235 4974 ὅτι
1267 4921 1418 4975 οὑδέν
1448 4921 1609 4990 ἀηδὲς
1654 4921 1949 4975 πείσονται.

387 5002 483 5057 Διά
512 5018 595 5056 τοι
628 5002 786 5056 τοῦτό
830 5022 981 5067 τινας
1024 5005 1120 5073 μὲν
1163 5005 1259 5058 καὶ
1294 5005 1548 5075 ἐναφίησι
1585 5006 1697 5068 τοῖς
1739 5005 1952 5068 δεινοῖς,

388 5085 684 5156 ἀπορρήτῳ
706 5085 813 5140 τινὶ
837 5088 996 5158 σοφίᾳ
1026 5086 1325 5158 χρώμενος.
1349 5086 1500 5149 τινάς
1522 5087 1579 5141 δέ
1603 5088 1697 5140 καὶ
1716 5087 1954 5157 ἐξαρπά-

388 5167 493 5232 ζει,
527 5169 616 5221 ἴνα
647 5169 736 5223 διά
765 5169 983 5225 πάντων
1025 5170 1203 5241 μάθῃς
1238 5170 1402 5224 αὑτοῦ
1446 5170 1542 5240 τὴν
1588 5169 1957 5241 ὑπερϐάλλουι

391 5266 488 5303 σαν
516 5253 951 5323 φιλανθρωπίαν,
983 5254 1077 5308 καὶ
1099 5255 1181 5307 ὅτι
1213 5252 1432 5325 μείζους
1460 5254 1647 5317 αὑτοῖς
1674 5254 1774 5317 τάς
1797 5256 1956 5325 ἀμοι-

389 5334 488 5399 ϐάς
521 5338 939 5407 ταμιευόμενος,
980 5339 1251 5407 συγχωρεῖ
1296 5335 1555 5398 πολλάκις
1588 5337 1958 5390 ἐπιτείνεσθαι

390 5419 455 5470 τά
477 5418 643 5473 δεινά.
685 5420 873 5482 θῦτως
901 5417 995 5474 οὖν
1045 5423 1140 5474 καὶ
1180 5419 1415 5475 ἐνταῦθα
1446 5419 1606 5475 ποιεῖ.
1652 5422 1806 5475 Μετὰ
1849 5420 1959 5493 γὰρ

395 5504 488 5573 τὴν
540 5503 809 5576 τοσαύτην
843 5504 1291 5576 θαυματουργίαν
1340 5504 1432 5558 καὶ
1472 5504 1570 5575 τὴν
1616 5505 1957 5577 εὐεργεσίαν,

454 5712 480 5742 ⁸
508 5712 627 5776 Erg.
652 5714 813 5777 πείρας
834 5714 1061 5772 πολλάκις
1091 5716 1171 5771 τάς
1192 5714 1328 5762 ἀποδ.

1078 347 1141 405 ΙΝ
1184 348 1405 405 ILLUI‘,
1440 347 1853 403 DIIJGENTIB.
1898 343 2090 405 DEUM
2134 342 2350 401 OMNIA
2390 343 2587 403 COOP.
2626 344 2693 400 IN
2734 343 2990 401 BONUM.

3527 347 3623 401 168

2062 453 2126 521 ῆν
2156 452 2498 521 ἐπεδείξαντο
2519 453 2891 516 ἀπελάσαντες
2921 453 3014 506 τὸν
3045 453 3397 526 ἀναίσχυντον
3427 456 3633 513 ἐκεῖνον

2060 532 2308 605 δαίμονα,
2327 536 2675 607 συνεχώρησε
2703 536 2798 588 καὶ
2823 535 3188 606 μαστιχθῆναι
3207 536 3300 590 καὶ
3316 539 3397 602 είς
3415 537 3631 609 δεσμω-

2057 617 2243 688 τήριον
2285 617 2644 688 ἐμϐληθῆναι.
2692 616 2972 670 Ἐντεῦθεν
3009 616 3118 689 γὰρ
3161 618 3397 687 μάλιστα
3444 618 3632 673 διεδεί-

2058 716 2224 753 κνυτο
2257 702 2352 753 καὶ
2382 703 2414 771 ή
2444 700 2537 754 τοῦ
2562 699 2701 753 Θεοῦ
2730 700 2978 770 δύναμις.
3022 700 3113 752 Διὸ
3139 701 3234 753 καὶ¹
3282 702 3310 753 ό
3359 702 3630 774 μακάριος

2054 777 2210 845 οὗτος
2252 784 2464 851 ἐλεγενο
2510 784 2764 838 ’Ἥδιστα
2810 779 2923 838 οὖν
2967 782 3351 852 καυχήσομαι
3383 784 3456 838 ἐν
3502 785 3629 851 ταῖς

2056 863 2401 931 ἀσθενείαις
2425 883 2565 933 μου,
2598 866 2697 919 ἶνα
2730 865 3121 933 ἐπισκηνώσῃ
3154 866 3248 918 ἐπ’
3285 867 3415 935 ἐμοί
3446 869 3485 935 η
3526 867 3628 923 δύ-

2053 962 2233 1014 ναμις
2275 949 2382 1002 τοῦ
2424 948 2705 1016 Χριστοῦ.
2748 947 2858 1000 Καὶ
2904 947 3105 1000 πάλιν·
3153 948 3333 1001 Ὅταν
3370 948 3628 1015 ἀσθενῶ,

2053 1031 2189 1082 τότε
2212 1031 2470 1096 δυνατός
2487 1033 2622 1098 εἶμι,
2638 1030 2924 1083 ἀσθένειαν
2942 1032 3067 1094 τοὺς
3090 1032 3433 1103 πειρασμοὺς
3452 1032 3629 1107 λέγων

2053 1112 2179 1175 τοὺς
2232 1114 2587 1185 ἐπαλλήλους.
2637 1114 2775 1167 Ἀλλ’
2822 1116 2952 1177 ἴσως
2999 1114 3064 1167 ἄν
3113 1133 3196 1178 τις
3246 1116 3627 1187 διαπορήσειεν

2055 1194 2307 1259 ἐνταῦθα,
2356 1197 2499 1260 τίνος
2545 1197 2732 1249 ἕνεκεν
2764 1195 3056 1263 ἀπήλασαν
3096 1196 3188 1249 τὸν
3219 1196 3449 1267 δαίμονα
3474 1198 3627 1250 οὑδέν

2053 1277 2295 1330 ἐναντίον
2336 1279 2521 1343 αὑτοῖς
2550 1279 2799 1346 λέγοντα,
2831 1278 2970 1331 ἀλλά
3014 1278 3213 1349 μᾶλλον
3257 1279 3351 1332 καὶ
3388 1279 3626 1350 καταδή-

2051 1359 2176 1422 λους
2205 1361 2398 1424 αὑτοὺς
2434 1362 2724 1416 ποιοῦντα’
2765 1363 2859 1415 ἐπὶ
2886 1361 3085 1425 πολλὰς
3116 1364 3224 1433 γὰρ
3255 1364 3469 1434 ἡμέρας
3498 1364 3628 1416 ἐϐόα

2053 1442 2247 1509 λέγων,
2274 1444 2354 1496 ὅτι
2376 1439 2550 1497 Οὗτοι
2572 1447 2625 1497 οἱ
2654 1444 2953 1512 ἄνθρωποι
2976 1445 3183 1499 δοῦλοι
3210 1446 3313 1499 τοῦ
3341 1445 3487 1500 Θεοῦ
3516 1447 3625 1500 τοῦ

2053 1525 2317 1591 ὑψίστου
2333 1525 2509 1589 εἰσὶν,
2538 1527 2755 1592 οἵτινες
2777 1527 3296 1596 καταγγέλλουσιν
3314 1526 3458 1595 ἡμῖν
3479 1527 3626 1581 ὀδόν

2052 1608 2369 1673 σωτηρίας.
2401 1609 2491 1676 Μή
2538 1608 2809 1679 ξενισθῇς,
2851 1610 3134 1679 ἀγαπητέο
3185 1609 3279 1661 καὶ
3326 1608 3487 1662 τοῦτο
3515 1609 3624 1680 γάρ

2053 1688 2149 1757 τῆς
2179 1689 2449 1751 συνέσεως
2469 1686 2537 1760 ἦν
2563 1691 2663 1759 τῆς
2689 1693 3052 1762 ἀποστολικῆς
3098 1693 3193 1745 καὶ
3218 1691 3318 1760 τῆς
3334 1691 3427 1744 τοῦ
3456 1691 3627 1744 Πνεύ-

2055 1786 2225 1838 ματος
2275 1772 2516 1840 χάριτος.
2566 1773 2628 1825 Et
2675 1774 2783 1845 γάρ
2829 1775 2923 1827 καὶ
2969 1773 3135 1843 μηδὲν
3170 1773 3354 1836 αὐτοῖς
3384 1774 3625 1826 ἐναντίον

2053 1849 2260 1919 ἔλεγεν,
2290 1852 2404 1905 ἀλλ’
2433 1854 2520 1905 ἵνα
2559 1855 2634 1925 μὴ
2665 1855 2914 1908 ἐντεῦθεν
2939 1854 3249 1919 ἀξιόπιστος
3281 1855 3569 1925 γενόμενος
3596 1856 3627 1907 ό

2052 1933 2280 2004 δαίμων,
2317 1937 2411 1989 καὶ
2443 1938 2499 1989 ἐν
2526 1940 2638 2001 τοῖς
2688 1937 2869 2001 ἄλλοις
2898 1937 3192 2009 ὑποσύρειν
3232 1937 3454 2008 δύνηται
3494 1937 3623 2002 τοὺς

2051 2018 2465 2090 ἀφελεστέρους,
2502 2020 2589 2073 διά
2632 2020 2790 2074 τοῦτο
2819 2022 3180 2091 ἐπιστομίσας
3212 2020 3376 2074 αὑτὸν
3402 2020 3618 2090 ἀπήλα-

2053 2118 2164 2163 σεν,
2199 2102 2260 2153 οὑ
2291 2104 2650 2173 συγχωρήσας
2683 2105 2833 2169 αὐτῷ
2855 2104 2920 2156 τά
2951 2104 3090 2175 ὑπὲρ
3124 2104 3223 2173 τὴν
3252 2104 3408 2170 ἀξίαν
3453 2102 3620 2171 φθέγ-

2051 2184 2263 2252 γεσθαι.
2299 2185 2468 2238 Τοῦτο
2507 2186 2563 2238 δὲ
2595 2187 2788 2250 ἐποίει,
2837 2185 3145 2239 ἀκολουθῶν
3173 2185 3251 2255 τῷ
3299 2186 3483 2255 οἰκείῳ
3522 2187 3621 2237 Δε-

2053 2266 2261 2338 σπότῃ·
2298 2267 2422 2318 ἐπεὶ⁵
2471 2268 2567 2320 καὶ
2605 2266 2797 2337 ἐκείνῳ
2841 2266 3160 2337 προσιόντες
3205 2266 3355 2340 [153]
3414 2267 3621 2335 ελεγον,

2054 2346 2315 2415 Οἴδαμεν
2345 2365 2419 2401 σε
2452 2350 2543 2414 τίς
2574 2345 2648 2413 εἶ,
2688 2351 2722 2402 ὀ
2758 2348 2923 2416 ἅγιος
2955 2348 3062 2403 τοῦ
3116 2347 3297 2403 Θεοῦ·
3335 2348 3428 2400 καὶ
3474 2348 3625 2418 ὅμως

2048 2433 2221 2484 ταῦτα
2245 2431 2503 2499 λέγοντας
2529 2431 2729 2492 αὑτοὺς
2749 2432 3079 2503 ἀπήλαυνεν.
3115 2431 3357 2499 Ἐγίνετο
3378 2429 3439 2484 δὲ
3468 2429 3625 2483 τοῦτο

2050 2515 2133 2576 είς
2159 2513 2497 2585 κατηγορίαν
2523 2513 2631 2567 τῶν
2652 2514 3020 2583 ἀναισχύντων
3045 2513 3337 2578 Ἰουδαίων,
3370 2514 3453 2567 ὅτι
3485 2514 3623 2565 ἐκεῖ·

2049 2613 2129 2652 νοι
2164 2596 2262 2667 μὲν
2296 2597 2416 2650 καθ’
2449 2597 2685 2666 ἑκάστην
2713 2598 2928 2668 ήμέραν
2969 2596 3229 2668 θαύματα
3258 2595 3491 2668 δρῶντες
3529 2594 3623 2647 καὶ

2053 2679 2222 2750 μυρία
2248 2678 2525 2752 παράδοξα
2570 2680 2850 2749 γινόμενα,
2885 2679 3170 2750 ⁴ηπίστοιιν,
3200 2679 3250 2731 οί
3285 2676 3343 2732 δὲ
3374 2677 3624 2747 δαίμονες

2049 2761 2439 2828 ἐπεγίνωσκον,
2466 2762 2559 2815 καὶ
2590 2762 2717 2816 Υίον
2752 2762 2912 2815 αὑτὸν
2934 2761 3030 2814 τοῦ
3059 2761 3193 2814 Θεοῦ
3215 2761 3551 2832 ὡμολόγουν.

2119 2848 2190 2912 τ.
2228 2844 2368 2897 Ἀλλ’
2384 2845 2478 2897 ἐπὶ
2494 2844 2592 2915 τήν
2608 2844 2929 2898 ἀκολουθίαν
2941 2844 3329 2915 ἐπανέλθωμεν
3340 2842 3432 2897 τοῦ
3443 2843 3620 2912 λόγου.

2052 2924 2174 2977 Ἵνα
2190 2926 2371 2977 τοίνυν
2384 2925 2594 2996 μάθητε
2617 2927 2764 2990 ὅπως
2795 2930 2906 2991 τοῖς
2922 2928 3179 2997 ἀγαπῶσι
3196 2928 3288 2981 τὸν
3304 2927 3435 2981 Θεὸν
3449 2926 3626 2980 πάντα

2054 3008 2312 3078 συνεργεῖ
2338 3009 2419 3071 είς
2435 3008 2661 3076 ἀγαθὸν,
2688 3010 2985 3077 ἀναγκαῖον
3010 3012 3191 3063 πᾶσαν
3211 3010 3341 3079 ὑμίν
3375 3008 3625 3076 ἀναγνῶ-

2051 3107 2142 3142 ναι
2183 3090 2393 3161 ταύτην
2440 3090 2540 3161 τὴν
2587 3092 2848 3164 ἱστορίαν,
2896 3093 2983 3145 ἵνα
3025 3093 3122 3147 καὶ
3154 3092 3404 3145 ἐντεῦθεν
3428 3090 3622 3161 γνῶτε,

2051 3172 2202 3235 ὅπως
2246 3173 2387 3243 μετὰ
2423 3173 2523 3235 τάς
2552 3173 2787 3244 πληγάς,
2828 3174 2965 3244 μετά
3013 3174 3073 3227 τὸ
3107 3174 3501 3244 δεσμωτήριον.
3546 3174 3627 3236 είς

2051 3256 2260 3324 ἀγαθὸν
2292 3256 2508 3310 ἅπαντα
2541 3257 2726 3320 αὑτοῖς
2758 3257 3053 3328 μετέϐαλεν
3088 3259 3121 3326 ή
3150 3258 3245 3309 τοῦ
3275 3257 3411 3309 Θεοῦ
3440 3256 3621 3326 χάρις.

2064 3339 2204 3393 Ἀλλ’
2221 3339 2420 3409 ἴδωμεν
2449 3339 2566 3403 πῶς
2589 3338 2747 3392 τοῦτο
2771 3339 3043 3393 δείκνυσιν
3067 3340 3096 3392 ὁ
3121 3338 3391 3410 μακάριος
3411 3339 3625 3405 Λουκᾶς

2051 3421 2226 3491 λέγων
2245 3440 2259 3454 ο
2292 3422 2708 3491 Παραγγελίαν
2738 3420 2807 3475 δὲ
2852 3422 3138 3489 τοιαύτην
3165 3419 3426 3489 suan
3458 3423 3492 3474 ό
3525 3419 3623 3472 δε-

2050 3504 2379 3573 σ’μοφύλιιξ
2419 3505 2637 3558 ἔϐαλεν
2665 3503 2886 3569 αὐτοὺς
2917 3505 3004 3570 εὶς
3035 3503 3149 3571 τὴν
3180 3502 3481 3572 ἐσωτέραν
3510 3518 3618 3571 φυ-

2049 3586 2270 3654 λακὴν,
2301 3587 2399 3640 καὶ
2422 3586 2566 3651 τοὺς
2589 3586 2779 3653 πόδας
2812 3587 3010 3640 αὐτῶν
3029 3587 3416 3656 ἠσφαλίσατο
3446 3587 3539 3651 είς
3558 3583 3626 3636 τὸ

2052 3669 2259 3731 ξύλον.
2292 3670 2494 3722 Σκόπει
2532 3669 2648 3732 πῶς
2695 3669 3023 3722 ἐπιτείνεται
3053 3670 3122 3722 τά
3151 3668 3319 3733 δεινά,
3355 3670 3443 3722 ῐνα
3472 3666 3566 3720 καὶ
3592 3666 3625 3737 ή

2052 3751 2301 3821 ὑπομονὴ
2326 3752 2433 3803 τῶν
2459 3751 2773 3806 ἀποστόλων
2803 3751 3161 3823 λαμπροτέρα
3192 3751 3439 3821 γένηται,
3466 3749 3559 3803 καὶ
3590 3750 3624 3818 ή

2051 3832 2257 3900 ἀφατος
2287 3833 2382 3885 τοῦ
2411 3834 2545 3885 θεοῦ
2581 3833 2808 3903 δύναμις
2831 3834 3129 3903 κατάδηλος
3153 3834 3323 3886 ἅπασι
3357 3834 3624 3901 καταστῇ.

2056 3915 2254 3965 ’Ἄκουε
2294 3915 2351 3966 δὲ
2387 3915 2480 3965 καὶ
2526 3914 2585 3965 τὸ
2628 3915 2776 3983 ἑξῆς.
2833 3915 3054 3981 Ἐπάγει
3106 3914 3235 3984 γάρ.
3269 3914 3429 3983 Κατὰ
3460 3912 3525 3965 δὲ
3558 3912 3627 3965 τὸ

2045 3996 2447 4062 μεσονύκτιον
2491 3995 2732 4060 Παῦλος
2783 3994 2881 4047 καὶ
2922 3996 3108 4058 Σίλας
3151 3994 3627 4061 προσευχόμενοι

2050 4077 2283 4145 ὕμνουν
2314 4076 2420 4129 τὸν
2467 4077 2634 4130 Θεόν.
2673 4077 2814 4147 Ὅρα
2843 4075 3019 4146 ψυχὴν
3065 4074 3478 4146 ἐπτερωμένην,
3526 4075 3629 4145 ὅρα

2050 4161 2288 4214 διάνοιαν
2317 4160 2622 4231 νήφουσαν·
2656 4160 2732 4232 μὴ
2758 4159 2944 4223 ἀπλῶς
2993 4158 3464 4231 παραδράμωμεν,
3490 4158 3629 4225 ἀγα-

2053 4246 2234 4315 πητοὶ,
2282 4244 2345 4297 τὸ
2390 4244 2697 4316 εἰρημένον.
2735 4244 2810 4298 Οὑ
2843 4244 2953 4315 γάρ
2980 4247 3103 4315 είκῆ
3156 4244 3253 4296 καὶ
3300 4242 3392 4296 τὸν
3435 4242 3626 4313 καιρὸν

2053 4332 2184 4402 ήμϊν
2229 4332 2642 4401 ἐπεσημήνατο,
2696 4329 2888 4391 εἰπὼν,
2924 4329 3088 4386 Κατὰ
3140 4330 3209 4383 δὲ
3244 4328 3311 4382 τὸ
3357 4330 3623 4397 μεσονύ-

2053 4430 2238 4478 κτιον,
2270 4413 2405 4467 ἀλλὰ
2447 4412 2767 4483 βουλόμενος
2802 4413 2994 4476 δεῖξαι,
3034 4412 3137 4475 ὃτι,
3173 4412 3260 4465 δτε
3293 4414 3405 4474 τοῖς
3446 4411 3627 4475 ἀλλοις

2055 4496 2256 4549 ἅπασιν
2289 4498 2467 4567 ήδὺςό
2505 4495 2671 4559 ὕπνος
2721 4496 3006 4565 ἐφίσταται
3044 4494 3071 4534 ιν
3123 4494 3219 4547 καὶ
3257 4493 3495 4564 κοιμίζει
3550 4494 3619 4547 τά

2055 4577 2321 4649 βλέφαρα,
2374 4578 2608 4648 μάλιστα
2635 4578 2691 4631 δὲ
2729 4579 2855 4641 τοὺς
2885 4579 2941 4629 ἐν
2967 4575 3186 4641 ὀδύναις
3238 4576 3463 4639 πολλαῖς
3499 4575 3625 4629 καθ-

2051 4660 2292 4723 εστῶτας
2307 4661 2453 4723 εἰκὸς
2466 4662 2607 4715 κατά
2628 4662 2719 4713 τὸν
2749 4661 2941 4731 καιρὸν
2954 4660 3161 4713 ἐκεῖνον
3176 4657 3271 4711 τοῦ
3306 4657 3475 4711 ὕπνου
3500 4658 3626 4713 καθ-

2053 4740 2326 4804 έλκεσθσιι,
2376 4743 2495 4794 τότε
2544 4743 2745 4805 τοίνυν,
2801 4744 2988 4812 φησὶν,
3022 4744 3113 4796 ὅτε
3166 4740 3430 4794 πάντοθεν
3468 4757 3628 4812 περι-

2054 4825 2269 4891 εγένετο
2294 4826 2326 4896 ή
2352 4825 2445 4877 τοῦ
2482 4823 2650 4879 ὕπνου
2681 4825 2958 4896 τυραννὶς,
2988 4826 3108 4878 τότε
3144 4825 3340 4878 ἐκείνοι
3365 4828 3628 4892 Προσευ-

2054 4909 2293 4977 κὸμενοι
2333 4909 2566 4975 ὕμνουν
2597 4909 2652 4962 τε
2664 4925 2702 4961 ν
2728 4908 2893 4973 Θεὸν,
2919 4908 3017 4978 τῆς
3050 4908 3177 4979 περὶ
3216 4908 3378 4961 αὑτὸν
3402 4906 3626 4974 ἀγάπης

2058 4990 2311 5061 μέγιστον
2357 4990 2556 5059 δεῖγμα
2598 4990 2757 5045 τοῦτο
2813 4990 3148 5061 ποιούμενοι.
3201 4990 3469 5059 Καθάπερ
3519 4988 3625 5057 γάρ

2055 5074 2214 5145 ήμεῖς
2246 5073 2351 5127 ὑπὸ
2381 5073 2713 5144 ἀλγημάτων
2744 5073 3072 5144 σωματικῶν
3097 5071 3493 5141 ἐνοχλούμενοι,
3526 5071 3625 5137 τὴν

2054 5156 2163 5209 τῶν
2190 5156 2427 5227 γνησίων
2456 5157 2741 5210 συνουσίαν
2760 5156 3145 5228 ἐπιζητοῦμεν,
3173 5156 3258 5206 ἴνα
3284 5155 3349 5206 ἐκ
3372 5154 3468 5222 τῆς
3493 5152 3628 5223 πρὸς

2056 5239 2299 5301 ἐκείνους
2322 5237 2606 5303 διαλέξεως
2633 5238 2730 5311 τήν
2762 5240 3011 5292 ἐπίτασιν
3036 5239 3133 5308 τῆς
3155 5236 3345 5305 ὀδύνης
3375 5252 3627 5305 παραμυ-
3666 5242 3667 5245 “

2056 5321 2381 5393 θησώμεθω
2412 5320 2554 5373 οῦτω
2578 5322 2671 5374 καὶ
2697 5321 2746 5372 οί
2774 5320 2919 5389 ἆγιοι
2945 5315 3090 5374 οῦτοι
3122 5317 3195 5389 τῷ
3218 5319 3367 5389 πόοῳ
3396 5317 3472 5388 τῷ
3504 5319 3627 5388 περὶ

2057 5407 2147 5459 τὸν
2179 5405 2456 5474 Δεσπότην
2505 5403 2857 5474 πυρούμενοι,
2893 5404 2985 5458 καὶ
3028 5404 3152 5465 τοὺς
3198 5404 3376 5473 ἱεροὺς
3430 5401 3629 5468 ὕμνους

2058 5489 2443 5558 ἀναιξέροντες,
2489 5486 2609 5540 οὑδέ
2654 5484 2906 5558 αἴσθησιν
2939 5485 3246 5556 ἐλάμϐανον
3284 5483 3391 5535 τῶν
3428 5482 3629 5537 ὀδυνῶν

2125 5714 2154 5753 ιι
2180 5713 2298 5775 αρε.
2329 5710 2594 5775 ἐφίπταται.
