4096 6222
417 329 518 384 Hii)

434 450 543 494 tum
562 438 881 510 hymnorum
904 426 1117 489 (unitum
1144 430 1461 497 offerebant,
1481 446 1542 485 ac
1557 430 1810 500 deinceps
1834 445 2020 486 carcer

436 530 662 586 ecclesia
690 525 853 580 fiebat
872 566 886 585 .
916 534 970 577 ct
995 523 1206 577 illorum
1234 529 1542 576 sanctorum
1574 530 1733 575 cantu
1762 530 1904 575 totus
1930 521 2018 576 ille

435 626 584 676 locus
612 617 1058 674 sanctilicabatur.
1096 614 1173 669 nc
1197 613 1379 669 videre
1396 622 1634 668 eratres
1656 613 1816 667 miras
1850 620 1904 667 et
1944 612 2024 667 in-

436 715 677 777 usitatas,
707 709 948 763 homines
991 707 1133 777 ligno
1175 706 1449 776 alligatos,
1484 718 1657 774 neque
1683 714 1860 759 tamen
1891 718 2027 772 quo-

437 805 613 859 minus
641 803 867 873 hymnos
900 797 1467 867 canerentquidquam
1501 795 1767 865 impediri.
1793 794 2019 865 Vigilem

437 894 581 950 enim
612 902 664 947 et
694 899 981 954 attentum,
1008 897 1064 944 et
1091 888 1299 944 ardenti
1341 889 1393 942 in
1435 889 1601 943 Deum
1638 902 1821 941 arnore
1841 901 2022 941 corre-

438 993 583 1056 ptum
615 981 745 1035 nihil
777 995 1027 1049 umquam
1054 977 1253 1050 poterit
1288 992 1317 1030 a
1349 977 1620 1046 colloquio
1639 991 1761 1030 cum
1796 974 2021 1029 Domino

436 1074 759 1144 prohibere:
792 1069 932 1125 Dens
960 1070 1104 1125 enim
1132 1109 1146 1132 ,
1199 1068 1407 1138 inquit,
1459 1066 1877 1138 appropinquans
1926 1081 2021 1135 ego

429 1181 548 1219 sum
576 1206 593 1230 ,
616 1174 662 1217 et
718 1179 818 1215 non
844 1161 984 1215 Deus
1034 1159 1221 1234 Ionge(
1249 1161 1442 1215 Ierem.
1486 1160 1576 1215 25.
1606 1157 1717 1231 25)
1749 1175 1766 1223 ;
1791 1167 1847 1213 et
1894 1159 2021 1214 alibi

436 1269 623 1310 rursus
648 1295 662 1319 ,
690 1253 870 1306 Adhuc
912 1253 1144 1322 loquente
1168 1261 1216 1305 te
1238 1252 1438 1317 dicam,
1471 1249 1601 1304 Ecce
1632 1250 1819 1304 adsum
1854 1248 2022 1323 (Isai.

437 1348 528 1404 58.
560 1346 649 1418 9).
676 1346 777 1402 Ubi
818 1345 1083 1416 siquidem
1118 1344 1342 1414 vigilans
1368 1343 1584 1397 animus
1608 1342 1788 1409 fuerit,
1821 1342 2020 1398 excita-

440 1448 525 1492 tur
555 1438 712 1503 ratio,
754 1445 807 1491 et
852 1435 1232 1506 propemodum
1283 1437 1523 1503 corporis
1560 1435 1792 1489 vinculis
1822 1434 2023 1489 libera-

440 1537 544 1593 tur,
586 1537 639 1582 et
665 1528 839 1583 evolat
868 1526 932 1579 ad
955 1541 1076 1580 eum
1107 1539 1264 1595 quem
1306 1524 1514 1595 diligit,
1539 1532 1734 1579 terram
1760 1525 2019 1594 despicit,

436 1627 491 1672 et
518 1632 638 1686 qua:
673 1625 797 1671 sunt
825 1616 995 1670 oculis
1030 1614 1265 1683 subjecta
1296 1628 1623 1685 exsuperans
1657 1614 1724 1668 ad
1762 1615 1908 1669 illum
1944 1615 2021 1668 fe-

434 1707 598 1761 stinat
621 1720 639 1760 :
666 1705 805 1776 quod
851 1706 1027 1774 utique
1069 1703 1267 1757 sanctis
1292 1703 1450 1757 etiam
1473 1704 1591 1758 istis
1621 1704 1861 1773 contigit.
1894 1703 2026 1758 Vide

438 1811 666 1869 namque
686 1797 913 1851 celerem
955 1806 1011 1850 et
1034 1794 1307 1850 efficacem
1334 1796 1653 1867 hymnorum
1681 1795 1810 1861 vim,
1839 1804 1892 1849 et
1917 1809 2023 1864 quo

440 1901 594 1959 pacto
642 1903 764 1942 cum
816 1889 867 1941 in
913 1901 1132 1941 carcere
1171 1895 1535 1947 versarentur.
1566 1894 1621 1939 et
1649 1884 1845 1954 alligati
1879 1885 2023 1953 ligno

439 1990 640 2045 essent,
675 1989 834 2048 atque
871 1977 1248 2045 impostoribus
1286 1985 1340 2031 et
1378 1975 1600 2045 captivis
1624 1975 1844 2029 admixti
1872 2015 1888 2041 ,
1917 1989 2021 2028 non

440 2074 602 2128 modo
626 2071 755 2126 nihil
785 2071 921 2141 passi
952 2072 1060 2124 sint
1102 2069 1407 2124 detrimenti
1439 2111 1453 2134 ,
1487 2068 1580 2122 sed
1607 2076 1660 2121 et
1685 2066 1784 2121 hac
1817 2066 2024 2121 ratione

439 2163 826 2232 Splendidiores
851 2162 1117 2215 evaserint
1142 2201 1156 2223 ,
1184 2169 1237 2213 et
1260 2173 1448 2213 omnes
1478 2198 1493 2225 ,
1527 2160 1613 2228 qui
1643 2172 1913 2213 carcerem
1941 2157 2024 2210 in-

440 2254 722 2318 colebant,
756 2251 966 2306 virtntis
1022 2266 1134 2304 suae
1182 2250 1345 2304 radiis
1391 2248 1772 2304 collustrarint.
1818 2247 2025 2317 Quippe

441 2346 527 2398 illa
557 2359 830 2398 sacrorum
854 2358 955 2397 vox
996 2341 1316 2419 hynniornm
1342 2355 1463 2394 cum
1493 2340 1543 2391 in
1573 2341 1806 2391 animam
1836 2338 2024 2393 unius-

439 2438 697 2506 cujusque
729 2436 1063 2504 captivorum
1090 2440 1453 2502 penetrasset,
1479 2429 1850 2483 trausmutavit
1879 2428 2022 2483 illam

440 2527 844 2598 proliemodum,
872 2540 935 2579 ac
964 2524 1288 2579 reformavit.
1317 2521 1501 2577 Subito
1515 2521 1678 2586 etiiiu,
1711 2520 1898 2589 inquit,
1918 2528 2025 2573 ter-

439 2635 512 2673 ra:
530 2627 696 2671 motus
724 2617 889 2686 factus
932 2626 1003 2670 est
1046 2631 1256 2686 magnus
1274 2654 1289 2681 ,
1319 2613 1390 2666 ita
1418 2622 1473 2665 ut
1498 2621 1812 2665 moverentur
1837 2611 2026 2682 funda-

438 2719 604 2764 menta
628 2709 841 2763 carceris
865 2750 879 2773 ,
912 2716 957 2760 et
998 2708 1169 2760 statim
1207 2714 1380 2776 aperta
1421 2713 1538 2757 sicut
1564 2703 1733 2757 onmia
1776 2702 1906 2757 ostia
1931 2743 1946 2768 ,
1978 2712 2027 2755 et

440 2802 783 2856 universorum
806 2798 1004 2853 uincula
1028 2796 1193 2851 soluta
1218 2806 1335 2850 sunt
1365 2795 1383 2865 (
1414 2796 1523 2852 Λιε.
1553 2795 1635 2850 l6.
1663 2794 1734 2849 26
1764 2797 1802 2863 ).
1839 2794 2023 2863 Vides,

442 2895 758 2963 hymnorum
784 2930 800 2955 ,
843 2890 929 2958 qui
970 2889 1078 2942 Deo
1122 2895 1405 2951 canuntur,
1461 2885 1756 2940 virtuiem?
1805 2884 1918 2938 Non
1949 2884 2025 2939 illi

444 2982 599 3036 nnnlo
628 3022 643 3044 ,
676 2981 764 3049 qui
810 2979 1117 3033 obtulerunt
1179 2976 1426 3047 hymnos,
1477 2974 1723 3028 Solatinm
1767 2988 2022 3043 percepe-

443 3082 563 3130 runt
594 3114 610 3139 ,
638 3071 731 3127 sed
760 3071 920 3126 etiam
947 3068 1258 3133 eﬂ'eceruut,
1290 3078 1343 3120 ut
1385 3066 1624 3120 omnium
1664 3065 1872 3120 vincula
1909 3064 2026 3119 sol-

440 3175 691 3222 verentur
738 3180 752 3217 :
802 3171 861 3218 ut
906 3161 1062 3217 factis
1115 3160 1241 3229 ipsis
1299 3159 1690 3223 innotescerct,
1720 3171 1824 3227 quo
1873 3164 2025 3225 pacto

447 3260 614 3315 Deum
638 3257 963 3329 diligentibus
991 3254 1162 3309 omnia
1197 3259 1527 3321 conparantur
1556 3250 1607 3301 in
1637 3248 1841 3302 bonum.
1888 3247 2028 3302 Ecce

442 3366 672 3421 namque
701 3348 947 3413 verbera,
978 3359 1184 3410 carcer,
1218 3340 1507 3412 compedes
1529 3380 1545 3406 ,
1576 3333 1634 3394 et
1655 3354 1777 3393 cum
1814 3336 2030 3392 carniﬁ-

439 3445 591 3499 cibus
632 3439 1009 3503 conversatio,
1057 3446 1112 3490 et
1163 3443 1338 3488 tamen
1395 3433 1509 3486 hate
1555 3430 1732 3485 omnia
1764 3429 2025 3485 bonorum

442 3533 663 3589 materia
693 3530 906 3585 fuerunt
932 3538 985 3583 et
1020 3526 1232 3583 occasio
1269 3524 1450 3595 gloria:
1472 3562 1488 3588 ,
1531 3537 1635 3576 non
1666 3520 1798 3589 ipsis
1821 3530 2024 3575 mutum

442 3640 539 3678 nec
569 3622 672 3676 illis
699 3621 788 3691 qui
820 3632 1090 3673 carcerem
1119 3614 1422 3670 incolebant
1451 3610 1696 3681 captivis,
1728 3609 1822 3664 sed
1849 3616 1904 3665 et
1924 3610 2023 3680 ipsi

441 3714 646 3770 custodi
674 3713 925 3769 carceris.
974 3709 1375 3779 Ifxpergefaclus
1423 3704 1563 3759 enim
1587 3744 1602 3766 .
1632 3703 1832 3772 inquit.
1860 3712 2027 3756 custos

439 3809 673 3870 carceris,
705 3815 750 3858 et
798 3805 970 3858 uidens
1004 3804 1196 3872 januas
1233 3808 1439 3869 apertas
1479 3797 1695 3850 carceris
1719 3837 1733 3861 ,
1764 3795 2027 3864 euaginata

439 3900 610 3970 gladio
639 3896 830 3950 uolebat
867 3911 920 3948 sc
956 3893 1269 3961 interﬁcere,
1314 3888 1568 3942 a’slintans
1610 3885 1800 3955 fugisse
1835 3884 2026 3937 cinctos

441 3995 458 4061 (
496 3990 576 4044 Ib.
599 4007 645 4044 υ.
670 3989 737 4042 27
761 3986 802 4060 ).
829 3986 909 4041 Tu
940 3984 1067 4039 inihi
1095 3982 1195 4035 hoc
1221 3982 1338 4034 loco
1358 3978 1448 4031 Dei
1481 3976 1866 4044 benignitatem
1895 3986 2024 4025 con-

439 4086 635 4146 sidera.
653 4097 807 4153 quam
835 4079 979 4134 nulla
1005 4076 1302 4147 exprimere
1332 4077 1506 4140 potest
1530 4067 1724 4123 oratio.
1754 4064 1861 4121 Cur
1881 4063 2024 4119 enim

442 4177 617 4233 media
648 4183 806 4230 nocte
833 4173 967 4226 [lunt
995 4170 1111 4223 haec
1137 4165 1359 4222 omnia?
1390 4162 1598 4217 Nullam
1622 4159 1781 4213 aliam
1809 4156 1879 4211 ob
1898 4170 2025 4210 cau-

438 4286 552 4326 sam
582 4311 597 4335 ,
628 4268 731 4322 nisi
761 4275 817 4320 ut
847 4262 1210 4334 providentur,
1242 4267 1295 4311 ut
1322 4256 1437 4310 sine
1463 4253 1632 4307 turbis
1661 4262 1715 4306 et
1744 4248 2026 4317 tranquille

439 4377 527 4417 res
563 4358 831 4421 succedat,
866 4362 921 4410 et
957 4353 1110 4408 saluti
1139 4348 1376 4405 custodis
1413 4343 1644 4400 carceris
1689 4339 2021 4396 consulatur.

438 4453 568 4506 Cum
601 4451 743 4504 cnim
781 4456 937 4502 terra:
965 4450 1140 4497 motus
1164 4438 1469 4500 accidisset,
1497 4442 1550 4487 et
1590 4440 1843 4487 reseratae
1881 4428 2025 4483 fores

436 4552 639 4607 essent,
670 4539 907 4595 omnium
932 4535 1020 4606 qui
1045 4540 1199 4589 erant
1221 4529 1292 4583 ibi
1321 4527 1490 4581 soluta
1516 4532 1644 4577 sunt
1665 4520 1894 4584 vincula,
1922 4531 2025 4572 nec

438 4636 530 4690 nili
563 4633 877 4704 permissum
900 4637 1002 4692 est,
1034 4636 1092 4680 ut
1118 4622 1241 4679 inde
1268 4617 1587 4674 discederet.
1618 4612 1789 4704 Aliam
1813 4623 2025 4704 quoque

443 4728 534 4781 hci
565 4698 892 4795 sapientiam
943 4719 1031 4774 hic
1071 4711 1453 4781 contemplare.
1496 4705 1627 4761 Nam
1666 4703 1766 4757 alia
1807 4698 2023 4769 quidem

438 4792 758 4880 evenerunt,
780 4825 938 4869 terrae
966 4818 1163 4874 motus,
1195 4807 1430 4876 inquam,
1463 4808 1517 4854 ct
1548 4794 1807 4851 reseratio
1827 4792 2023 4861 janua-

442 4926 581 4975 rum,
608 4916 667 4962 ut
707 4906 868 4961 rebus
887 4903 1016 4973 ipsis
1042 4911 1230 4955 omnes
1252 4894 1607 4964 intelligerent
1625 4886 1812 4957 quales
1839 4883 1911 4937 illi
1938 4896 2027 4937 es-

440 5011 592 5069 sent,
621 5000 708 5072 qui
735 5007 864 5054 tunc
890 5007 1161 5051 carcerem
1191 4989 1539 5051 habitabant,
1568 4995 1739 5050 neque
1777 4976 2025 5044 vulgares

443 5096 687 5150 homines
711 5107 829 5147 esse
863 5107 876 5144 :
913 5102 1072 5159 porro
1120 5081 1319 5140 nemini
1350 5078 1571 5146 contigit
1613 5085 1670 5129 ut
1698 5077 1904 5135 exiret,
1956 5085 2025 5129 ne

438 5187 581 5255 quod
631 5184 755 5239 inde
794 5180 1083 5253 periculum
1108 5174 1314 5231 custodi
1345 5171 1575 5226 carceris
1600 5178 1892 5223 crearetur.
1925 5165 2024 5219 At-

441 5293 543 5348 que
573 5285 633 5331 ut
674 5276 775 5330 hoc
815 5287 1000 5328 verum
1027 5283 1147 5324 csse
1186 5263 1487 5333 intelligas,
1516 5259 1636 5314 andi
1679 5273 1784 5327 quo
1832 5265 2021 5327 pacto,

447 5384 572 5423 cum
604 5368 655 5422 id
681 5358 939 5423 accidisse
967 5361 1330 5429 suSpicaretur
1355 5364 1538 5407 custos
1558 5348 1810 5411 carceris.
1842 5356 1897 5401 et
1923 5362 2022 5411 au-

444 5461 640 5530 fugisse
670 5459 926 5531 quosdam
959 5462 1188 5525 putaret,
1220 5451 1379 5504 etiam
1411 5444 1572 5499 vitam
1600 5456 1749 5497 suam
1784 5448 2023 5494 contem-

444 5553 630 5621 ps‘erit.
654 5551 938 5621 Eunginato
955 5548 1120 5605 enim.
1145 5542 1333 5613 inquit,
1365 5537 1556 5611 gladio,
1579 5533 1771 5588 volebat
1791 5548 1844 5586 se
1869 5530 2022 5584 inter-

445 5646 593 5710 ﬁcere
613 5659 630 5697 :
651 5643 745 5702 sed
773 5642 861 5711 qui
901 5638 1021 5709 vigil
1051 5636 1243 5705 ubique
1275 5644 1431 5699 atque
1459 5623 1863 5698 expergefactus
1883 5629 2017 5683 erat,

446 5735 628 5787 beatus
656 5734 952 5794 l’anlns,ex
1001 5727 1190 5781 bellum
1231 5721 1467 5776 lancibus
1515 5733 1608 5779 sua
1658 5730 1785 5768 voce
1828 5724 2019 5782 agnum

1117 321 1179 374 ibi
1219 319 1447 386 ILLUD,
1482 319 1887 375 [)ILICENTIB.
1931 321 2122 381 DEUM
2161 326 2371 381 OMNIA
2412 328 2608 384 (iOOl’.
2652 328 2713 382 ΙΝ
2748 328 3006 385 BONUM.

3603 333 3703 384 1ἶο

2126 436 2343 506 eripuit.
2371 438 2625 495 Clamauit
2653 443 2788 496 enim
2820 460 2940 499 voce
2959 461 3148 515 magna
3187 444 3389 513 dicens,
3430 443 3581 501 Nihil
3609 452 3703 505 tibi

2130 528 2256 582 ntali
2280 530 2502 598 feceris;
2526 533 2752 587 uniuersi
2788 537 2924 589 enim
2954 536 3039 589 hic
3075 553 3255 591 sumus
3295 539 3434 607 (Act.
3470 539 3552 595 ili.
3584 542 3696 607 28).

2130 616 2175 671 Ο
2205 619 2569 676 incredibilem
2609 623 3001 680 humilitatem!
3044 626 3156 683 Non
3193 629 3368 686 elatus
3403 639 3486 686 est
3525 633 3577 689 in
3608 650 3698 689 su-

2131 708 2369 775 perbiam
2392 712 2461 765 ob
2485 726 2545 766 ea
2574 726 2694 780 quae
2726 715 3058 781 acciderant,
3085 733 3188 771 non
3216 719 3267 772 in
3290 723 3563 776 custodem
3586 740 3701 781 car-

2133 802 2273 857 ceris
2291 804 2602 871 insurrexit,
2629 810 2828 863 nullum
2848 827 3111 881 arrogans
3136 815 3338 870 dictum
3364 816 3437 872 illi
3465 820 3701 882 excidit,

2134 891 2229 946 sed
2269 909 2388 948 cum
2419 896 2635 961 vinctis.
2687 915 2809 954 cum
2861 902 3158 970 lictoribus,
3185 923 3305 961 cum
3338 909 3595 967 maleﬁcis
3622 928 3706 967 sc.-

2135 984 2309 1052 ipsum
2336 987 2672 1052 numerabat,
2702 990 2888 1046 dicens
2912 1008 2925 1045 :
2954 991 3189 1050 Uniuersi
3210 998 3296 1052 hic
3316 1015 3517 1054 sumus.
3549 1002 3713 1057 Vides

2136 1073 2359 1142 insignis
2385 1088 2506 1127 eum
2543 1074 2862 1133 humilitatis
2894 1084 3198 1152 exemplum
3232 1087 3422 1154 edere,
3471 1105 3571 1144 nec
3609 1094 3712 1148 sibi

2131 1170 2251 1239 plus
2277 1185 2435 1241 quam
2460 1172 2716 1229 maleﬁcis
2735 1175 2964 1243 caeteris,
2984 1178 3072 1246 qui
3104 1178 3216 1233 illic
3243 1190 3416 1245 erant,
3443 1183 3713 1239 tribuere?

2126 1260 2268 1316 ‘Vide
2286 1261 2395 1331 jam
2425 1277 2531 1333 quo
2571 1276 2727 1333 pacto
2766 1268 2999 1322 carceris
3036 1269 3195 1324 etiam
3229 1282 3414 1327 custos
3441 1289 3547 1328 non
3571 1285 3708 1330 tam~

2124 1365 2289 1420 quam
2316 1351 2382 1405 ad
2414 1368 2574 1409 unum
2612 1369 2682 1408 ex
2705 1354 2826 1408 aliis
2853 1355 2921 1409 ad
2952 1356 3097 1411 illum
3126 1358 3346 1414 accedat
3386 1377 3400 1414 :
3431 1363 3707 1417 conlideno

2138 1444 2405 1498 tiorcnim
2436 1450 2606 1506 factus
2631 1493 2646 1518 ,
2692 1449 2957 1520 Pctitoque
2981 1451 3167 1505 lumine
3186 1451 3525 1522 introgressus
3549 1464 3644 1518 est,
3666 1466 3711 1507 et

2131 1544 2450 1613 tremefactus
2473 1543 2697 1613 procidit
2726 1543 2899 1598 Paulo
2941 1553 2986 1597 et
3030 1543 3162 1599 Sila:
3183 1587 3199 1610 ,
3229 1555 3276 1599 et
3317 1546 3600 1613 producens
3629 1562 3713 1599 eos

2130 1637 2269 1706 foras
2290 1638 2359 1688 ait
2384 1651 2402 1689 :
2429 1635 2673 1702 Domini,
2702 1635 2824 1704 quid
2861 1651 2938 1688 me
2965 1644 3159 1705 Oportet
3205 1637 3368 1704 facere
3390 1676 3406 1699 ,
3445 1644 3500 1689 ut
3544 1637 3710 1690 saluus

2131 1729 2252 1796 [iam
2282 1726 2407 1797 (Ib.
2437 1743 2482 1781 υ.
2517 1726 2608 1781 29.
2639 1728 2708 1783 30
2732 1728 2788 1796 )‘i
2819 1727 3018 1781 Videtis
3042 1742 3149 1797 quo
3192 1740 3346 1797 pacto
3372 1726 3711 1798 Diligentibns

2133 1817 2299 1871 Deum
2344 1819 2515 1871 omnia
2560 1816 2888 1887 cooperantur
2914 1817 2968 1871 in
3014 1818 3472 1873 bonumeidetis
3509 1819 3705 1872 diaboli

2132 1907 2375 1961 machina
2406 1922 2510 1976 quo
2539 1915 2693 1976 pacto
2721 1907 2876 1961 fuerit
2901 1906 3198 1961 dissoluta?
3228 1922 3334 1978 quo
3361 1918 3515 1976 pacto
3550 1908 3603 1962 in
3630 1909 3713 1964 ni-

2134 1997 2297 2051 hilum
2328 1997 2748 2051 machinationes
2771 1996 2887 2065 ejus
2930 1996 3254 2052 reciderint?
3283 1996 3413 2053 Nam
3445 2013 3564 2052 cum
3589 1998 3700 2052 ulte-

2131 2107 2344 2148 monem
2371 2091 2677 2160 ejecissent,
2705 2090 2835 2144 utin
2868 2104 3140 2145 carcerem
3169 2089 3561 2160 conjicerentur
3574 2090 3703 2146 ell'e-

2122 2185 2222 2246 cit.
2246 2194 2393 2239 ratus
2419 2199 2478 2239 se
2519 2184 2620 2238 hoc
2649 2191 2803 2252 pacto
2848 2182 3241 2252 pra-dicationis
3283 2184 3462 2239 cursui
3502 2183 3708 2239 obicem

2132 2274 2520 2343 Oppositurum.
2546 2272 2651 2327 Sed
2680 2287 2806 2327 ecce
2828 2287 3012 2327 carcer
3030 2274 3189 2327 etiam
3217 2282 3454 2342 quaesws
3474 2273 3580 2327 illis
3597 2288 3711 2328 ma-

2133 2368 2317 2422 teriam
2347 2365 2634 2436 spiritnalis
2662 2365 2876 2435 objccit.

2201 2490 2256 2544 4.
2289 2488 2500 2561 Διτιὶειὶο
2528 2486 2791 2556 diligentes
2815 2486 2977 2539 reddit
3003 2495 3046 2539 et
3076 2493 3305 2539 attentos.
3324 2513 3398 2525 —
3422 2483 3563 2552 Ergo
3585 2495 3712 2552 pos.

2130 2594 2317 2635 sumus
2346 2571 2695 2647 tresquoque,
2727 2577 2770 2630 si
2801 2577 3036 2645 sapimus
3064 2590 3126 2629 ac
3156 2575 3343 2645 vigiles
3371 2589 3576 2638 sumus,
3597 2588 3701 2626 non

2131 2671 2290 2727 modo
2309 2685 2431 2726 cum
2471 2685 2557 2725 res
2591 2668 2840 2724 secunda:
2867 2676 3012 2733 sunt,
3044 2659 3218 2723 sedet
3238 2680 3358 2720 cum
3386 2663 3671 2734 afﬂigimur
3694 2703 3710 2726 .

2132 2767 2337 2822 lucrum
2361 2765 2636 2834 acquirere
2660 2804 2675 2828 ,
2703 2777 2766 2817 ac
2794 2772 2902 2816 tum
2945 2762 3105 2817 etiam
3136 2759 3302 2828 magis
3327 2799 3341 2822 ,
3390 2772 3547 2828 quam
3578 2771 3700 2810 cum

2128 2858 2379 2913 secundis
2413 2856 2573 2912 rebus
2610 2855 2854 2910 fruimur.
2906 2852 3193 2907 lnertiores
3221 2849 3363 2905 enim
3393 2848 3709 2918 plerumque

2130 2965 2229 3005 nos
2248 2950 2478 3006 reddunt
2496 2947 2745 3006 secunda:
2768 2961 2855 3000 res
2879 2962 2892 2997 :
2916 2942 3233 2999 afﬂictiones
3272 2949 3449 2995 autem
3478 2939 3606 2994 dum
3627 2939 3711 2993 vi-

2127 3045 2262 3115 giles
2287 3056 2385 3097 nos
2414 3040 2662 3107 reddunt,
2692 3038 2948 3092 auxilium
2974 3036 3130 3091 nobis
3149 3034 3364 3089 c:eieste
3387 3032 3695 3095 conciliant,

2129 3149 2194 3190 ac
2223 3144 2332 3188 tum
2384 3131 2650 3202 praecipue
2675 3169 2691 3194 ,
2739 3142 2860 3182 cum
2886 3135 3105 3198 propter
3152 3138 3300 3192 spem
3332 3123 3384 3176 in
3416 3123 3583 3176 Deum
3612 3136 3711 3190 pa-

2132 3225 2391 3289 tientiam,
2418 3231 2472 3277 et
2514 3221 2565 3276 in
2593 3217 2863 3283 omnibus,
2888 3231 3008 3286 qua:
3051 3213 3371 3277 inferuntur,
3401 3211 3705 3266 afflictioni-

2130 3317 2230 3371 bus
2253 3312 2580 3369 tolerantiam
2607 3309 2941 3365 exhibemus.
2972 3305 3050 3363 Ne
3095 3305 3252 3374 igitur
3294 3302 3571 3357 doleamus
3595 3342 3612 3367 ,
3658 3302 3705 3356 si

2129 3405 2343 3477 quando
2362 3402 2695 3465 tribulemar,
2726 3397 2822 3454 sed
2868 3397 3042 3467 potius
3086 3394 3409 3465 gaudeamus
3442 3409 3455 3445 :
3484 3391 3534 3447 id
3560 3392 3703 3446 enim

2132 3499 2285 3553 nobis
2311 3496 2363 3552 in
2392 3495 2727 3551 occasionem
2754 3490 2938 3562 gloriae
2966 3487 3143 3543 vertit.
3185 3486 3471 3557 Propterea
3512 3485 3709 3540 Paulus

2130 3590 2291 3644 etiam
2316 3586 2527 3641 dicebat
2551 3625 2567 3650 ,
2609 3581 2813 3638 Scimus
2856 3588 3057 3642 autent,
3099 3576 3337 3648 quoniam
3379 3575 3701 3646 diligentibus

2134 3680 2294 3733 Deum
2334 3676 2504 3731 omnia
2548 3680 2880 3744 cooperantur
2925 3671 2977 3723 in
3029 3671 3231 3722 bonum.
3284 3667 3388 3722 Sed
3428 3666 3702 3721 ardentem

2130 3784 2435 3829 sanctorum
2491 3771 2712 3823 istorum
2765 3766 3001 3820 animum
3046 3762 3340 3816 videamus.
3387 3758 3517 3815 Cum
3550 3759 3710 3828 igitur

2129 3865 2403 3920 custodem
2446 3860 2676 3916 careeris
2725 3858 2991 3913 dicentem
3045 3854 3321 3907 audissent
3369 3869 3383 3905 :
3444 3851 3582 3918 Quid
3634 3868 3713 3905 me

2129 3963 2322 4025 Oportet
2352 3953 2518 4022 facere
2539 3990 2555 4016 ,
2584 3959 2636 4003 ut
2663 3946 2831 4001 salvus
2857 3948 2979 4015 ﬁam
3014 3944 3124 4013 (Ib.
3149 3961 3196 3997 υ.
3228 3943 3297 3997 50
3318 3943 3380 4013 )?
3433 3958 3557 3996 num
3599 3943 3708 3996 dis-

2131 4047 2366 4101 tulerunt
2389 4044 2412 4096 ?
2450 4056 2577 4095 num
2601 4038 2836 4094 cunctati
2859 4036 3020 4091 sunt?
3043 4050 3166 4087 num
3207 4031 3533 4085 catechismo
3561 4031 3707 4083 illum

2131 4136 2370 4191 imbuere
2421 4126 2819 4201 neglexerunt?
2868 4125 3025 4180 Nullo
3077 4121 3238 4177 modo
3290 4138 3305 4175 :
3356 4120 3449 4175 sed
3481 4120 3605 4190 quid
3636 4121 3703 4173 ad

2129 4227 2290 4283 eum?
2320 4224 2479 4281 Crede
2517 4224 2571 4277 in
2609 4221 2884 4275 Dominum
2911 4217 3089 4271 Iesum
3114 4214 3401 4279 Christum,
3445 4224 3492 4269 et
3542 4216 3715 4267 salvus

2129 4320 2228 4375 eris
2277 4327 2332 4372 tu
2356 4359 2371 4383 ,
2403 4325 2448 4371 et
2486 4324 2589 4370 tota
2626 4314 2810 4367 domus
2857 4321 2945 4366 tua
2979 4307 3106 4383 (Ia.
3134 4323 3183 4361 υ.
3212 4309 3275 4362 3t
3310 4306 3350 4377 ).
3382 4306 3513 4361 Vide
3557 4304 3708 4359 solli-

2129 4412 2418 4469 citudinem
2459 4404 2826 4478 apostolicam.
2887 4400 3032 4454 Illius
3086 4397 3254 4454 salute
3306 4395 3539 4450 contenti
3600 4408 3706 4448 non

2129 4512 2287 4567 sunt,
2319 4510 2373 4556 et
2400 4510 2589 4553 omnes
2616 4494 2731 4563 ejus
2775 4490 3099 4545 domesticos
3145 4490 3195 4541 in
3232 4500 3389 4541 causa
3442 4485 3711 4555 religionis

2129 4592 2407 4662 acquirere
2452 4588 2561 4641 Deo
2590 4584 2795 4646 volunt,
2825 4591 2876 4635 et
2907 4578 3119 4633 letalem
3148 4576 3361 4631 diabolo
3388 4575 3592 4644 plagam
3623 4574 3705 4628 in-

2129 4691 2331 4760 ﬂigere.
2356 4684 2421 4739 Et
2443 4682 2727 4749 baptizatus
2755 4687 2826 4733 est
2846 4675 2975 4745 ipse,
3004 4682 3050 4726 et
3076 4672 3256 4725 domus
3282 4671 3394 4741 ejus
3424 4670 3662 4723 continuo
3682 4706 3700 4733 ,

2128 4796 2175 4835 et
2195 4757 2423 4834 ila-tatus
2451 4784 2523 4831 est
2560 4787 2675 4827 cum
2701 4768 2838 4833 omni
2880 4768 3030 4820 domo
3075 4780 3169 4818 sua
3195 4762 3400 4817 credens
3437 4758 3589 4833 Dco(
3616 4757 3699 4814 Ib.

2131 4891 2180 4928 υ.
2207 4873 2296 4927 55.
2319 4870 2389 4926 st
2414 4869 2454 4939 ).

2205 4965 2495 5032 Numquam
2534 4953 2868 5023 diﬂ'erendnm
2896 4950 2949 5002 in
2986 4944 3351 5019 spiritualibus.
3395 4942 3503 4999 Cur
3545 4950 3707 4995 tenta.

2131 5062 2288 5113 tiones
2313 5053 2565 5127 permittat
2597 5048 2752 5101 Deus.
2782 5072 2855 5085 -—
2881 5042 3017 5097 llinc
3039 5039 3321 5099 docemur,
3364 5035 3416 5089 iu
3458 5033 3708 5102 spirituao

2137 5149 2278 5204 libus
2314 5122 2389 5199 tne
2438 5140 2702 5196 tantillum
2746 5136 2961 5207 quidem
3007 5145 3255 5202 umquam
3299 5125 3549 5187 diderre.
3605 5122 3699 5177 sed

2131 5244 2379 5299 idoneum
2410 5250 2631 5293 censere
2659 5231 2883 5304 quodvis
2914 5238 3158 5297 tempus,
3204 5220 3347 5294 quod
3391 5217 3708 5274 occurrerit.

2131 5337 2186 5393 Si
2218 5334 2362 5391 enim
2395 5330 2556 5384 multa
2584 5336 2740 5381 nocte
2767 5321 3017 5377 nolebant
3052 5317 3104 5371 bi
3129 5314 3296 5369 sancti
3321 5309 3559 5371 dill'erre,
3593 5317 3713 5375 quae

2133 5429 2287 5485 nobis
2329 5424 2481 5480 venia
2530 5420 2642 5475 dari
2692 5416 2904 5487 poterit,
2948 5412 2991 5467 si
3022 5408 3128 5463 alio
3158 5417 3394 5474 tempore
3433 5398 3710 5470 spirituale

2132 5524 2333 5578 lucrum
2364 5507 2883 5571 omitLamusWidr-s
2909 5514 3176 5558 carcerem
3213 5496 3263 5549 in
3292 5491 3570 5549 ecclesiam
3593 5504 3714 5543 esse

2131 5605 2486 5667 conversum?
2535 5602 2682 5657 vides
2725 5599 2969 5652 lictorum
3012 5587 3363 5645 diversorium
3419 5581 3714 5650 derepente

2133 5706 2348 5760 domum
2376 5693 2633 5753 orationis
2659 5703 2778 5747 esse
2806 5686 3022 5748 factum,
3067 5692 3122 5735 et
3150 5677 3256 5734 illic
3286 5687 3494 5730 sacram
3532 5670 3712 5726 hiitia-
