4096 6222
453 316 546 373 171

449 431 646 485 tionem
690 421 1056 482 celebratam?
1101 421 1270 475 Tanta
1297 433 1384 472 res
1409 425 1491 470 est
1523 415 1732 484 vigilem
1759 427 1898 474 esse,
1924 425 2023 466 nec

453 533 698 588 muquam
751 514 1044 586 spiritualia
1095 512 1238 564 lucra
1291 509 1576 578 negligere.
1623 505 1716 560 sed
1771 505 2019 558 idoneum

453 611 676 680 quodvis
729 617 937 675 tempus
989 604 1055 659 ad
1109 600 1370 672 ejusmodi
1422 608 1684 669 qutcstum
1751 594 2018 649 arbitrari.

454 704 614 756 llecte
647 702 824 768 itaque
853 699 1038 752 beatus
1064 696 1148 749 hic
1169 694 1302 747 dixit
1328 693 1587 756 scribens,
1623 690 1873 757 Quoniam
1899 687 2019 740 diti-

447 791 671 863 gmtibus
719 788 882 842 Deum
932 788 1100 840 omnia
1147 793 1479 854 cooperantur
1521 783 1573 835 in
1614 781 1818 834 bonum.
1873 779 2021 834 Hanc

446 882 760 941 sententiam
780 919 797 946 ,
832 894 1032 950 quaeso,
1080 892 1176 931 nos
1199 889 1384 929 omnes
1409 874 1572 928 menti
1601 881 1794 926 nostra:
1822 869 2017 924 inscul-

447 985 587 1044 ptam
627 972 882 1028 habentes
910 983 1196 1034 numquam
1226 964 1585 1033 indignemur,
1630 961 1674 1014 si
1718 958 1929 1029 quando
1964 958 2017 1012 in

443 1078 599 1119 rasus
643 1064 847 1130 aliquos
886 1060 1138 1114 adversos
1183 1055 1582 1118 incurrerimns,
1627 1051 1754 1106 dum
1808 1051 1861 1103 in
1916 1049 2016 1104 hac

444 1155 550 1209 vita
598 1166 895 1218 versamur,
935 1158 1027 1203 aut
1076 1149 1128 1202 in
1178 1146 1525 1211 calamitates,
1570 1151 1662 1196 aut
1691 1143 1744 1196 in
1781 1141 2019 1209 corporis

447 1245 806 1313 mgritudines,
851 1249 941 1295 aut
990 1241 1041 1293 in
1088 1254 1173 1294 res
1201 1238 1334 1291 alias
1360 1237 1631 1301 molestas,
1680 1233 1773 1287 sed
1803 1232 2018 1286 multam

445 1334 760 1389 exhibentes
812 1329 1226 1384 moderationem
1274 1326 1438 1382 animi
1486 1340 1550 1379 ac
1597 1321 2017 1394 phi1050phiam,

442 1428 608 1480 cuivis
641 1423 914 1480 tentationi
941 1423 1275 1487 resistamus,
1317 1435 1436 1474 cum
1489 1418 1642 1472 nobis
1688 1418 2019 1486 exploratum

444 1519 512 1570 sit
557 1517 701 1571 omni
741 1531 805 1571 ex
857 1523 1005 1584 parte
1051 1529 1151 1568 nos
1195 1527 1351 1582 posse
1397 1511 1603 1565 lucrum
1633 1519 1926 1578 reportare,
1973 1508 2017 1562 si

445 1608 631 1675 vigiles
673 1616 727 1660 et
763 1605 951 1660 attenti
1001 1603 1286 1664 fuerimus,
1327 1610 1488 1671 atque
1531 1616 1598 1654 ex
1642 1597 2020 1653 tcntationibus

444 1699 617 1766 potius
638 1712 792 1767 quam
823 1711 888 1749 ex
918 1695 1076 1749 rebus
1100 1692 1347 1747 secundis
1381 1709 1393 1744 :
1427 1706 1527 1745 nec
1557 1704 1804 1758 umquam
1842 1690 2020 1741 animo

441 1788 804 1855 concidamus,
822 1785 1112 1854 cogitantes
1131 1791 1384 1854 quantum
1411 1781 1481 1836 sit
1503 1779 1770 1849 patientia:
1793 1779 2016 1841 lucrum,

446 1884 538 1937 sed
597 1899 694 1937 nec
737 1883 840 1936 illis
887 1881 1052 1936 simus
1097 1873 1312 1938 infensi,
1361 1872 1449 1940 qui
1495 1870 1874 1926 tentationihus
1923 1883 2020 1921 nos

441 1975 708 2028 divexant.
739 1973 888 2027 Licet
934 1970 1073 2025 enim
1118 1969 1190 2022 illi
1236 1969 1414 2030 etiam,
1470 1971 1525 2020 ιιι
1554 1959 1833 2015 consilium
1864 1971 2017 2010 suum

442 2063 709 2132 expleant,
759 2063 810 2116 id
857 2069 1015 2131 agant
1044 2079 1056 2114 :
1088 2060 1384 2115 communis
1429 2068 1602 2112 tamen
1633 2057 1886 2114 Dominus
1919 2053 2019 2107 hoc

442 2154 722 2223 permittit,
767 2151 908 2221 quod
952 2165 1050 2206 nos
1093 2149 1224 2204 velit
1274 2148 1374 2202 hac
1424 2148 1629 2201 ratione
1684 2144 2013 2214 spiritualcm

445 2243 586 2297 hunc
612 2252 871 2312 quaestum
903 2242 1094 2304 facere,
1115 2255 1178 2295 ac
1217 2237 1482 2309 patientia:
1532 2234 1831 2290 mercedem
1876 2233 2023 2291 obti-_

1185 303 1244 358 S.
1285 299 1561 358 JOANNIS
1598 293 2066 354 CIIRYSOSTOMI
2109 293 2419 348 ARCHIEP.
2462 292 2995 348 CONSTANTINCP.

3607 297 3710 352 ΓΗ.

2131 424 2279 464 nere.
2326 407 2384 463 Si
2422 423 2552 478 ergo
2597 423 2716 478 quas
2761 406 3063 463 inferuntur
3105 407 3243 464 mala
3272 422 3392 463 eum
3422 412 3708 480 gratiarum

2127 501 2337 554 actione
2364 498 2601 569 perferre
2628 500 2913 568 possimus,
2945 514 3050 553 non
3101 499 3348 568 exiguam
3390 500 3706 558 delictorum

2128 600 2429 645 nostrorum
2484 601 2685 660 partem
2739 589 3054 644 delebimus.
3113 590 3167 645 Si
3211 591 3354 645 enim
3403 592 3707 649 thesaurum

2127 681 2287 747 hunc,
2341 691 2394 734 et
2422 681 2569 736 orbis
2596 689 2860 735 terrarum
2888 668 3163 735 doctorem
3196 682 3436 750 quotidie
3463 684 3709 752 periculis

2125 775 2284 843 objici
2314 789 2436 828 cum
2470 773 2676 827 videret
2700 771 2973 836 Dominus,
3023 773 3384 842 permittebat,
3433 791 3538 830 non
3569 776 3709 846 quod

2124 865 2382 919 athletam
2427 877 2582 916 suum
2623 863 2943 931 deSpiceret,
2991 863 3085 917 sed
3130 863 3273 932 quod
3318 865 3523 935 longius
3570 867 3712 922 illius

2124 954 2305 1008 virtuti
2334 953 2562 1006 stadium
2590 959 2876 1018 sterneret,
2925 961 2982 1006 ut
3027 951 3413 1022 splendidiores
3448 956 3522 1009 illi
3548 971 3706 1011 coro-

2125 1061 2221 1100 nas
2247 1045 2492 1100 redderet
2524 1062 2537 1098 :
2567 1045 2691 1114 quid
2718 1059 2817 1100 nos
2841 1044 3084 1099 dicemus
3121 1046 3210 1116 qni
3254 1048 3482 1116 peccatis
3527 1059 3706 1105 scate-

2125 1152 2243 1190 mus
2292 1136 2609 1202 innumeris,
2661 1146 2715 1189 et
2754 1134 2952 1190 idcirco
2995 1135 3305 1205 frequenter
3331 1139 3708 1195 tentationibns

2123 1227 2512 1292 conﬂictamur,
2544 1234 2601 1280 nt
2628 1241 2746 1280 cum
2776 1240 2962 1280 eorum
2990 1241 3149 1282 causa
3176 1242 3360 1296 poenas
3379 1227 3706 1296 dederimus,

2123 1320 2310 1372 saltem
2350 1317 2578 1386 aliquam
2621 1314 3001 1371 misericordiae
3031 1324 3237 1386 partem
3264 1317 3507 1386 exiguam
3531 1317 3706 1389 impe-

2124 1415 2346 1473 tremus,
2398 1414 2452 1460 et
2478 1406 2530 1460 iu
2562 1407 2654 1461 illo
2681 1405 2767 1460 die
2795 1406 3077 1460 tremendo
3107 1405 3262 1462 bouis
3289 1408 3396 1461 illis
3426 1407 3708 1463 ineffabili.

2123 1498 2223 1552 bus
2271 1497 2647 1567 perfruamur?
2700 1497 2827 1552 Haec
2873 1506 3051 1552 autem
3101 1512 3222 1552 eum
3274 1499 3465 1554 animis
3514 1501 3708 1555 nostris

2123 1599 2451 1660 reputantes,
2497 1589 2753 1644 adversus
2785 1589 2962 1642 omnia
3007 1599 3314 1644 constanter
3346 1591 3709 1662 patieutcrque

2121 1683 2453 1747 resistamus,
2507 1691 2565 1735 ut
2605 1689 2660 1735 et
2704 1681 2999 1735 tolerantiae
3034 1681 3351 1736 mercedem
3405 1697 3436 1735 a
3480 1681 3708 1753 benigno

2128 1771 2349 1826 Domino
2393 1772 2732 1840 recipiamus.
2781 1782 2835 1827 et
2866 1781 3205 1842 peccatorum
3235 1783 3536 1828 nostrorum
3569 1777 3706 1830 mul-

2126 1862 2404 1916 titndinem
2436 1862 2753 1917 imminuere
2785 1863 3068 1931 possimus,
3096 1873 3150 1917 ct
3179 1873 3375 1918 :cterna
3412 1867 3550 1920 bona
3577 1881 3706 1919 con-

2123 1955 2300 2024 sequi,
2344 1955 2510 2024 gratia
2539 1964 2594 2012 et
2621 1954 2946 2026 benignitate
2976 1955 3185 2010 Domini
3218 1957 3384 2010 nostri
3402 1955 3534 2033 _.lesu
3555 1957 3706 2012 Chri-

2123 2049 2213 2111 sti,
2263 2064 2382 2102 cum
2413 2063 2518 2116 quo
2551 2047 2713 2113 Patri,
2768 2047 3030 2115 simulque
3056 2045 3273 2116 Spiritui
3310 2057 3494 2102 sancto
3516 2047 3702 2117 gloria,

2123 2139 2430 2209 imperium,
2480 2147 2533 2193 et
2560 2138 2752 2204 honor,
2784 2155 2923 2192 nunc
2950 2147 3003 2192 et
3027 2154 3262 2208 semper,
3311 2150 3365 2194 ct
3415 2141 3466 2195 in
3513 2140 3701 2195 saecula

2123 2231 2459 2286 smculorum.
2495 2231 2685 2284 Amen.

1411 2829 1760 2891 MONITUM
1807 2828 1906 2888 AD
1948 2827 2322 2888 HOMILIAM
2365 2825 2444 2885 IN
2487 2824 2742 2898 ILLUD,

533 3039 679 3098 Licet
706 3040 773 3096 de
803 3055 967 3107 anno,
1002 3055 1110 3110 quo
1138 3040 1276 3096 hanc
1309 3040 1732 3111 Chrysostomus
1773 3037 2142 3110 pronuntiavit
2186 3035 2487 3101 homiliam,
2521 3035 2654 3089 nihil
2694 3033 3028 3099 habeamus,
3071 3047 3138 3087 ex
3172 3030 3262 3095 iis,
3293 3043 3414 3099 qua:
3459 3042 3610 3081 num.
3654 3025 3682 3078 ι

464 3161 696 3230 hujusce
724 3159 1005 3214 eouciouis
1041 3157 1295 3213 dicuntur
1322 3157 1389 3212 de
1421 3157 1768 3228 imperatoria
1799 3155 1963 3212 Curia
1986 3193 2000 3219 ,
2036 3154 2211 3223 deque
2261 3153 2481 3208 militari
2512 3152 2764 3208 satellitio
2791 3149 3139 3221 Imperatoris
3159 3193 3173 3216 ,
3210 3164 3274 3205 ea
3305 3147 3689 3204 Constantino-

467 3272 572 3342 poli
601 3271 782 3325 habita
824 3269 994 3325 fuisse
1039 3270 1500 3340 deprehenditur;
1540 3279 1595 3325 et
1635 3269 1877 3340 quidem,
1918 3277 1977 3322 ut
2022 3284 2175 3322 num.
2216 3268 2252 3322 2
2289 3278 2562 3332 narratur,
2587 3275 2773 3322 aestate
2801 3279 3054 3336 maguum
3093 3265 3145 3317 in
3177 3260 3474 3332 frequentia
3509 3255 3690 3329 populi

463 3393 655 3441 aestum
688 3387 964 3456 pariente;
991 3401 1154 3455 quam
1199 3383 1557 3439 obtendebant
1593 3396 1816 3438 causam
1861 3379 2469 3449 Constantinopolitani,
2517 3395 2641 3434 cum
2689 3385 3008 3448 quereretur
3055 3374 3475 3438 Clirvsostomus
3517 3368 3690 3423 eccle-

464 3500 600 3554 siam
647 3515 753 3554 non
796 3498 1149 3570 frequentari,
1199 3499 1505 3569 multosque
1551 3513 1580 3551 a
1621 3497 1976 3552 conciouibus
2015 3494 2206 3550 abesse
2235 3494 2389 3548 suis:
2427 3507 2562 3562 quos
2599 3492 2811 3562 egregie
2862 3489 3095 3546 retundit
3119 3487 3542 3556 Chr-ysostomus
3577 3499 3590 3534 :
3633 3477 3689 3530 Si

1052 3755 2013 3772 nam

3347 3746 3364 3755 _
3373 3744 3494 3754 __.___
3505 3739 3668 3750 η...-

1745 4051 1790 4107 Α
1803 4047 2144 4112 DVERSUS
2183 4049 2342 4118 EOS.

431 4202 535 4255 QUI
583 4201 662 4242 AD
704 4197 1070 4241 COLLEC'I‘AM
1113 4196 1234 4238 NON
1277 4197 1758 4253 OCCUBRERUNT,
1805 4201 1887 4242 ET
1930 4201 1994 4243 IN
2038 4201 2278 4243 DICTUM
2337 4200 2522 4241 ILLUD
2567 4196 2889 4250 APOSTOLI,
2935 4197 2986 4239 SI
3033 4195 3370 4238 ESURIBBIT
3415 4193 3691 4238 lNlMlCUS

890 4297 1071 4350 TUUS,
1116 4296 1257 4338 σιω
1303 4297 1494 4338 ιιιυω
1542 4278 1766 4358 (Rom.
1816 4279 1913 4351 12,
1958 4281 2013 4338 2(

2156 4293 2234 4339 ET
2280 4298 2360 4338 DE
2405 4295 2884 4338 ιΝιΜιοιι-ιηιιηι
2929 4292 3248 4336 MEMORIA.

1665 4441 2014 4454 ———__

518 4550 569 4604 Ι.
625 4547 938 4601 Pancilatem
985 4547 1272 4598 auditorum
1312 4545 1534 4612 queritur
1585 4543 2004 4614 Chrysostomus;

436 4638 716 4706 applause:
740 4639 1023 4690 auditorum
1065 4636 1274 4704 respuit.
1325 4633 1675 4701 Proverbium,
1725 4633 1880 4690 Gutta
1923 4653 2008 4689 ca-

437 4738 518 4781 vat
561 4727 799 4795 lapidem.
843 4754 912 4766 —
951 4724 1128 4787 Nihil,
1172 4734 1229 4779 ut
1281 4725 1525 4790 videtur,
1575 4726 1726 4781 nobis
1772 4727 2004 4795 profuit,

438 4816 579 4886 quod
648 4829 947 4869 sermonem
1005 4813 1216 4884 longum
1274 4831 1444 4883 nuper
1516 4816 1892 4883 habuerimus,
1951 4826 2008 4871 ut

439 4916 672 4961 vestrum
718 4904 783 4957 ad
854 4904 1108 4958 collectas
1161 4905 1406 4958 veniendi
1459 4904 1689 4960 studium
1744 4907 2006 4960 excitare-

440 5016 557 5054 mus
589 5018 603 5055 :
631 5013 816 5054 rursus
853 4997 992 5052 enim
1033 4998 1185 5052 nobis
1224 4998 1344 5050 filiis
1370 4998 1482 5052 suis
1507 4999 1730 5053 ecclesia
1757 4997 2005 5052 destituta

437 5104 537 5146 est.
569 5092 682 5157 Quo
709 5091 766 5144 ﬁt
791 5102 845 5143 nt
877 5104 1057 5143 rursus
1081 5090 1238 5142 etiam
1266 5090 1441 5158 gravis
1464 5105 1526 5142 ac
1554 5089 1812 5144 molestus
1837 5089 2005 5144 videri

437 5199 616 5251 cogar,
642 5184 760 5237 sive
799 5182 922 5235 dum
962 5187 1252 5249 prmscntes
1296 5179 1518 5247 castigo,
1571 5180 1683 5234 sive
1721 5179 1845 5233 dum
1886 5179 2006 5234 ahs-

441 5282 592 5327 entes
646 5269 976 5340 reprehendo
1017 5287 1030 5322 :
1077 5269 1196 5322 illos
1244 5267 1494 5338 quidem,
1545 5268 1686 5336 quod
1742 5270 2002 5338 pigritiam

443 5382 546 5420 non
588 5364 955 5424 excusserint,
1003 5375 1094 5415 vos
1146 5374 1273 5414 vero
1323 5359 1462 5428 quod
1513 5361 1733 5414 salutem
1784 5359 2004 5414 fratrum

439 5469 542 5508 non
584 5453 800 5508 curetis.
855 5449 1045 5507 Gravis
1082 5463 1144 5504 ac
1191 5441 1447 5503 molestus
1470 5449 1635 5503 videri
1667 5464 1849 5518 cogor,
1901 5465 2004 5503 non

438 5560 554 5596 mea
583 5545 663 5596 vel
691 5557 924 5597 mearum
951 5539 1366 5610 possessionum,
1396 5540 1488 5594 sed
1519 5549 1689 5594 Vestra
1717 5540 2006 5609 salutisque

439 5642 627 5687 vestra:
670 5647 850 5696 causa,
898 5647 1000 5701 qua
1049 5631 1178 5685 mihi
1222 5632 1349 5684 nihil
1400 5641 1481 5686 est
1529 5632 1814 5702 antiquius.
1839 5629 2003 5700 Egre

443 5726 576 5780 ferat
596 5725 682 5791 qui
709 5724 866 5785 volet,
891 5724 1250 5790 importunum
1281 5734 1333 5777 et
1364 5723 1718 5791 iuqnulcntem
1748 5721 2003 5792 appellet;

2017 4427 2120 4468 ΘΟ

2124 4441 2436 4456 σ--Ψ

2116 4564 2214 4619 ego
2236 4565 2362 4604 vero
2392 4564 2602 4619 semper
2654 4548 2753 4604 hac
2794 4548 2862 4604 de
2889 4564 3046 4604 causa
3096 4549 3395 4605 molestiam
3441 4548 3690 4603 exhibere

2116 4655 2220 4695 non
2269 4640 2528 4706 desinam,
2579 4640 2709 4694 nihil
2753 4640 2894 4694 enim
2943 4639 3042 4694 hac
3069 4639 3391 4710 impudentia
3421 4639 3546 4692 mihi
3579 4639 3691 4692 fruo

2116 4729 2352 4784 ctuosius
2376 4744 2494 4784 esse
2523 4739 2716 4799 potest.
2764 4729 3013 4784 Fortasse
3044 4744 3288 4799 namque,
3340 4729 3588 4791 fortasse,
3644 4728 3688 4782 si

2117 4821 2294 4875 minus
2323 4822 2538 4876 alterius
2567 4819 2664 4886 rei,
2720 4820 2906 4874 saltem
2942 4821 3096 4888 hujus
3121 4835 3213 4874 vos
3243 4819 3475 4889 pudebit,
3525 4828 3584 4872 ut
3626 4835 3692 4873 ne

2115 4925 2327 4980 semper
2370 4909 2610 4963 eamdem
2655 4909 2724 4962 ob
2757 4925 2970 4965 causam
3002 4910 3238 4966 molestia
3267 4909 3414 4963 vobis
3443 4909 3694 4964 exhibea-

2114 5009 2218 5063 tur,
2275 5007 2329 5053 et
2379 5014 2558 5052 curam
2610 4998 2800 5055 fratres
2855 5009 3059 5055 vestros
3099 4999 3313 5068 juvandi
3369 4999 3687 5068 suscipietis.

2113 5089 2247 5157 Quid
2278 5090 2417 5142 enim
2448 5089 2575 5143 mihi
2610 5089 2793 5145 laudes
2819 5102 3059 5159 prosunt,
3104 5105 3222 5144 cum
3265 5105 3360 5143 vos
3405 5091 3457 5144 in
3499 5092 3692 5144 virtute

2116 5178 2287 5233 facere
2335 5194 2643 5248 progressus
2696 5195 2802 5234 non
2851 5180 3102 5234 videam?
3149 5179 3302 5248 Quod
3363 5195 3490 5234 vero
3560 5179 3689 5234 mihi
3734 5223 3747 5235 ς

2113 5268 2362 5322 damnum
2392 5270 2562 5324 oritur
2586 5287 2650 5324 ex
2683 5271 2896 5324 silentio
2941 5271 3264 5336 auditorum,
3296 5287 3417 5326 cum
3459 5279 3687 5325 vestram

2112 5359 2292 5428 augeri
2336 5361 2658 5430 conSpiciam
2702 5361 2992 5431 pietatem?
3043 5361 3185 5417 Laus
3230 5355 3426 5432 quippe
3464 5361 3689 5416 dicentis

2113 5461 2215 5520 cst,
2249 5467 2351 5507 non
2383 5453 2689 5522 applausus,
2742 5453 2836 5508 sed
2888 5454 3188 5508 auditorum
3238 5455 3290 5508 in
3322 5455 3516 5524 pietate
3543 5453 3691 5508 zelus

2114 5557 2178 5596 ac
2227 5542 2500 5608 studium;
2558 5559 2660 5598 non
2709 5544 2962 5600 tumultus
3005 5545 3287 5609 excitatus,
3318 5559 3424 5613 quo
3452 5556 3690 5612 tempore

2111 5647 2290 5688 sermo
2329 5632 2560 5699 auditur,
2605 5633 2696 5687 sed
2723 5634 2954 5690 studium
2982 5648 3045 5690 ac
3070 5633 3359 5704 diligentia,
3394 5650 3513 5704 qua:
3542 5630 3685 5687 omni

2113 5733 2349 5793 tempore
2367 5723 2667 5777 exhibetur.
2685 5724 2978 5793 Applausus
3005 5741 3067 5778 ex
3101 5739 3192 5779 ore
3217 5724 3375 5779 simul
3401 5728 3688 5797 egreditur,
