4096 6222
484 156 579 210 173

476 277 530 322 et
569 270 621 321 in
670 280 851 321 aerem
890 264 1112 320 diffusus
1138 261 1354 324 interit;
1407 256 1549 329 qttod
1594 263 1768 310 autem
1809 251 2055 305 meliores

477 359 603 412 fiant
643 355 934 422 auditores,
977 355 1334 422 incorruptam
1359 359 1415 405 et
1438 346 1788 403 immortalem
1818 351 1944 395 cum
1968 339 2051 392 di-

473 446 634 514 centi,
685 455 796 501 tum
842 442 1328 513 obtemperantibus
1373 436 1671 493 mercedem
1715 431 1886 485 affert.
1929 428 2056 482 Cla-

474 539 636 593 moris
665 537 826 590 vestri
853 516 1242 589 commendatio
1285 527 1624 584 illustriorem
1673 532 1936 576 oratorem
1965 517 2054 571 hic

472 627 681 682 reddit:
710 635 765 680 at
788 625 979 680 animae
1005 631 1197 679 vestra:
1220 619 1384 692 pietas
1410 618 1629 672 multam
1656 613 1793 683 apud
1821 609 2052 664 tribunal

471 718 668 774 Christi
717 716 925 771 doctori
958 715 1199 770 fiduciam
1237 710 1480 780 acquirit.
1513 707 1690 776 Itaque
1728 705 1770 758 si
1812 703 1930 772 quis
1959 715 2052 753 eos

470 809 558 878 qui
601 823 901 865 sermonem
950 806 1165 868 habent,
1206 803 1411 873 diligat,
1461 815 1564 854 non
1603 796 1914 868 applausus,
1955 789 2049 844 sed

469 901 754 955 utilitatem
797 897 981 967 diligat
1026 895 1346 949 auditorum.
1397 891 1511 946 Non
1557 887 1824 942 mediocre
1852 882 2047 937 malum

468 998 551 1046 est
589 990 818 1044 fratrum
845 1003 1028 1042 curam
1061 1001 1167 1041 non
1209 999 1412 1054 gerere,
1463 980 1556 1036 sed
1596 988 1894 1033 extremum
1921 985 2049 1040 sup-

468 1080 683 1150 plicium
714 1089 816 1144 est,
845 1087 898 1133 et
928 1076 1245 1131 inevitabilis
1271 1087 1424 1144 pceua
1454 1090 1466 1124 :
1497 1069 1639 1141 quod
1686 1068 1857 1136 ipsum
1886 1065 1930 1118 is
1955 1061 2046 1132 qui

471 1171 724 1224 talentum
755 1167 1032 1224 defoderat
1061 1165 1328 1220 indicavit.
1352 1164 1490 1218 Sane
1517 1159 1647 1214 nihil
1674 1159 1722 1213 ei
1766 1158 1892 1212 vitio
1921 1172 2042 1212 vc.-

469 1259 699 1324 tebatnr,
746 1258 884 1327 quod
935 1258 987 1310 in
1028 1257 1134 1310 vita
1168 1262 1457 1324 peccasset,
1499 1264 1668 1320 neque
1715 1249 1852 1302 male
1889 1246 2042 1316 quid-
2091 1225 2120 1237 ”

466 1365 625 1419 quam
679 1351 728 1403 in
770 1349 994 1418 depositi
1038 1346 1276 1402 custodia
1318 1345 1656 1400 commiserat
1713 1359 1727 1395 :
1781 1341 2042 1407 integrum

465 1439 606 1492 enim
647 1438 773 1492 illud
825 1439 1054 1492 restituit
1085 1455 1098 1491 :
1131 1437 1223 1491 sed
1254 1447 1428 1490 tamen
1475 1435 1524 1488 in
1558 1432 1780 1502 depositi
1810 1428 2046 1499 negotia-

467 1531 610 1584 tione
655 1530 793 1585 male
841 1543 900 1583 se
942 1536 1200 1598 gesserat.
1228 1527 1342 1582 Non
1371 1526 1512 1582 enim
1537 1523 1589 1578 id
1618 1521 1757 1593 quod
1782 1519 2039 1576 creditum

466 1618 640 1674 fuerat
684 1620 1017 1688 duplicat-at;
1062 1634 1220 1688 quam
1264 1617 1334 1672 ob
1380 1625 1596 1671 causam
1645 1613 1804 1668 etiam
1856 1624 2041 1680 ρωιιειε

464 1710 643 1764 dabat.
678 1709 830 1765 Unde
860 1709 1196 1764 manifestum
1223 1707 1418 1769 evadit,
1467 1706 1591 1760 licet
1619 1702 1840 1758 studiosi
1872 1701 2038 1754 simus

464 1809 518 1855 et
549 1801 810 1866 instructi,
862 1802 986 1856 licet
1015 1801 1079 1855 ad
1109 1815 1312 1854 sacram
1356 1796 1673 1852 audiendam
1711 1793 2038 1862 Scripturam

464 1892 626 1945 multa
657 1892 944 1961 cupiditate
972 1891 1404 1950 exardescamus,
1426 1887 1477 1941 id
1503 1895 1678 1940 tamen
1705 1885 1771 1937 ad
1803 1891 2038 1936 nostram

463 1981 686 2036 salutem
728 1997 836 2037 non
875 1981 1140 2036 sufficere.
1193 1977 1573 2049 Duplicandum
1603 1989 1830 2044 namque
1877 1972 2042 2042 depo-

463 2072 620 2126 situm
662 2081 746 2128 est
787 2090 800 2126 :
837 2087 995 2142 porro
1042 2072 1259 2142 duplum
1306 2071 1402 2136 lit,
1446 2066 1660 2139 quando
1702 2080 1822 2120 cum
1870 2062 2041 2116 salute

462 2171 643 2216 nostra
691 2178 873 2218 curam
921 2163 1142 2218 aliorum
1191 2175 1402 2230 quoque
1451 2158 1788 2227 suscipimus.
1829 2152 1958 2209 Nam
1986 2166 2041 2210 ct

461 2254 575 2322 ipse
625 2253 780 2318 dixit,
838 2251 966 2305 Ecce
1009 2253 1203 2306 salvum
1241 2250 1414 2314 habes,
1441 2249 1576 2319 quod
1611 2258 1751 2300 tuum
1790 2256 1898 2310 est;
1943 2245 2035 2299 sed

461 2343 563 2396 hoc
610 2341 675 2396 ad
728 2343 1122 2396 excusationem
1172 2341 1244 2394 illi
1297 2340 1429 2395 satis
1480 2354 1584 2394 non
1630 2337 1744 2392 fuit.
1803 2337 2037 2406 Oportuit

458 2432 636 2498 enim,
687 2431 888 2502 inquit,
933 2443 982 2486 te
1023 2432 1330 2486 committere
1401 2431 1701 2484 numulariis
1757 2429 1892 2496 quod
1949 2430 2038 2483 tibi

455 2523 776 2576 commissum
806 2533 879 2576 cst
927 2522 1142 2592 (Matth.
1179 2523 1269 2577 25.
1323 2521 1438 2592 ‘27).
1484 2523 1551 2575 At
1602 2530 1654 2575 tu
1697 2521 1846 2585 mihi,
1877 2536 2032 2590 quam

457 2613 589 2669 levia
621 2615 729 2669 sint
762 2615 968 2669 Domini
997 2615 1264 2680 mandata,
1296 2614 1593 2669 considera.
1621 2614 1870 2668 llomines
1891 2613 2032 2666 enim

457 2720 570 2768 eos,
607 2705 695 2775 qui
726 2707 976 2774 pecunias
1004 2705 1200 2760 heriles
1226 2706 1352 2760 dant
1379 2706 1595 2771 faenori,
1646 2705 1805 2761 etiam
1836 2704 2032 2773 repeti-

456 2795 588 2850 tioui
627 2796 854 2851 reddunt
891 2796 1179 2852 obnoxios.
1219 2797 1300 2852 Tu
1337 2797 1669 2862 commisisti,
1719 2805 1793 2861 tu,
1843 2795 2030 2864 inquit,

455 2899 638 2960 repete
686 2907 699 2943 :
747 2891 948 2944 nullum
983 2891 1108 2943 mihi
1136 2906 1254 2944 cum
1283 2906 1348 2944 eo
1379 2891 1463 2960 qui
1495 2890 1715 2958 recepit,
1763 2890 2030 2959 negotium

453 2988 552 3032 est.
584 2979 724 3034 Deus
748 2991 876 3033 vero
904 2995 1007 3033 non
1035 2981 1125 3044 ita,
1153 2979 1248 3034 sed
1275 2981 1607 3034 committere
1627 2979 1779 3048 jubet
1805 2988 2027 3045 tantum,

451 3076 506 3121 at
536 3083 639 3122 non
669 3069 794 3123 item
822 3070 1122 3138 repetitioni
1166 3085 1263 3124 nos
1304 3069 1479 3123 reddit
1516 3069 1797 3123 obnoxios.
1826 3069 2030 3138 Quippe

454 3159 505 3212 in
533 3165 791 3228 potestate
817 3161 1045 3214 oratoris
1073 3169 1174 3225 est,
1201 3171 1260 3214 ut
1284 3161 1545 3228 consulat,
1591 3175 1697 3215 non
1727 3169 1782 3214 ut
1810 3176 2026 3230 persua-

450 3250 592 3304 deat.
621 3250 954 3321 Quapropter
977 3251 1042 3306 ad
1068 3251 1506 3306 committendum
1547 3251 1718 3305 solum
1752 3262 1800 3305 te
1829 3251 2022 3320 obligo,

451 3358 555 3397 non
599 3343 725 3398 item
767 3343 832 3397 ad
878 3342 1246 3412 repetendum.
1275 3342 1410 3410 Quid
1439 3344 1541 3396 hoc
1567 3341 1734 3397 levius
1763 3343 1885 3396 est?
1931 3346 2022 3396 At-

450 3442 626 3489 tamen
669 3434 858 3488 durum
907 3433 1207 3504 appellabat
1254 3444 1357 3488 tam
1401 3433 1583 3488 mitem
1629 3447 1694 3488 ac
1741 3433 2022 3502 benignum

449 3522 722 3576 dominum
752 3537 958 3577 servus.
987 3523 1057 3576 Ea
1087 3523 1280 3593 quippe
1307 3521 1667 3592 improborum
1697 3531 1750 3576 ct
1780 3522 2023 3577 inertium

448 3619 530 3665 cst
555 3611 884 3666 consuetudo
912 3626 1186 3665 servorum
1215 3629 1228 3664 :
1263 3622 1605 3680 peccatorum
1647 3627 1863 3666 suorum
1909 3613 2024 3667 cul-

449 3717 568 3772 pam
617 3717 830 3773 semper
874 3703 927 3757 in
969 3703 1213 3757 dominos
1242 3719 1366 3758 suos
1392 3704 1652 3773 rejiciunt.
1679 3703 1878 3760 idcirco
1904 3721 2026 3761 cru-'-

446 3793 620 3847 ciatus
641 3803 694 3847 et
721 3793 1062 3862 compedibus
1091 3794 1298 3847 vinctus
1325 3793 1410 3848 ille
1444 3793 1496 3847 in
1524 3794 1769 3850 tenebras
1791 3799 2023 3852 exterio-

446 3899 532 3938 res
568 3884 895 3954 ejiciebatur.
933 3884 1085 3951 Quod
1127 3900 1195 3938 ne
1233 3885 1384 3940 nobis
1425 3886 1584 3941 etiam
1630 3886 1872 3952 accidat,
1921 3889 2020 3942 do-

365 3990 374 3997 ·
442 3975 667 4029 ctrinam
697 3975 944 4030 fratribus
981 3975 1393 4040 committamus,
1423 3976 1537 4031 sive
1579 3977 2017 4047 persuadeantnr,

442 4063 555 4119 sive
576 4078 678 4118 non
707 4064 1146 4134 persuadeantur.
1179 4065 1236 4121 Si
1261 4066 1404 4121 enim
1437 4069 1676 4136 persuasi
1704 4067 1918 4136 fuerint,
1966 4080 2020 4127 et

439 4154 508 4208 de
561 4154 752 4225 seipsis
799 4163 854 4210 et
895 4155 961 4210 de
1004 4157 1157 4210 nobis
1202 4156 1336 4211 bene
1389 4158 1736 4215 merebuntur
1777 4179 1790 4215 :
1832 4161 1878 4216 si
1915 4177 2017 4218 non

441 4244 641 4299 fuerint
687 4247 962 4314 persuasi,
1023 4247 1338 4317 supplicium
1380 4248 1479 4302 sibi
1527 4260 1799 4307 acccrsent
1849 4252 2016 4308 inevi-

437 4334 639 4400 tabile,
700 4335 853 4391 nobis
899 4344 1076 4391 autem
1130 4352 1198 4392 ne
1250 4337 1510 4394 tantillum
1567 4341 1778 4410 quidem
1824 4359 2017 4400 nocere

438 4436 708 4496 poterunt.
763 4427 915 4494 Quod
954 4429 1096 4484 enim
1145 4430 1312 4484 nostri
1360 4433 1594 4486 muneris
1647 4432 1763 4498 fuit,
1805 4439 2015 4505 prmstio

439 4519 618 4586 timus,
647 4535 767 4574 cum
794 4521 1072 4575 consiliqu
1103 4521 1406 4576 dederimus
1452 4541 1467 4578 :
1515 4525 1653 4594 quod
1693 4526 1737 4581 si
1778 4531 2012 4597 persuasi

433 4627 541 4666 non
581 4612 794 4676 fuerint,
842 4612 969 4669 nihil
1002 4614 1124 4669 inde
1155 4629 1436 4684 possumus
1461 4631 1651 4686 capere
1689 4618 2008 4677 detrimenti.

432 4700 700 4771 Siquidem
730 4703 928 4758 crimen
952 4713 1052 4767 est,
1083 4719 1186 4758 non
1214 4705 1256 4758 si
1286 4705 1502 4761 minime
1531 4709 1879 4776 persuaseris,
1917 4716 2012 4768 sed

431 4793 474 4843 si
507 4793 722 4846 minime
751 4793 1031 4846 consillmu
1062 4792 1275 4848 dederis
1306 4812 1319 4848 :
1350 4794 1438 4849 ubi
1469 4811 1596 4852 vero
1621 4797 2007 4864 cohortatione,
2039 4803 2082 4825 ν

429 4884 759 4954 consilioque
832 4885 1082 4939 continuo
1140 4885 1504 4957 frequentique
1580 4888 1837 4957 perfuncti
1893 4891 2006 4946 fne-

429 4973 618 5039 rimus,
674 4989 778 5028 non
818 4974 927 5045 jam
951 4990 981 5027 a
1013 4975 1184 5038 nobis,
1217 4975 1309 5029 sed
1339 4977 1406 5030 ab
1437 4978 1539 5032 illis
1566 4979 1823 5034 rationem
1871 4981 2007 5036 Deus

426 5065 622 5132 exiget.
669 5065 870 5121 Vellem
915 5066 1159 5135 equidem
1213 5067 1486 5123 evidenter
1530 5083 1688 5126 nosse
1738 5087 1832 5127 vos
1885 5074 2005 5128 illos

423 5155 638 5212 assidue
677 5156 1007 5212 cohortando
1045 5173 1406 5228 perseverare,
1455 5169 1507 5213 et
1554 5177 1678 5216 num
1722 5163 1772 5216 in
1813 5164 2001 5218 eadem

423 5260 637 5316 semper
703 5247 778 5302 illi
834 5249 1148 5318 negligentia
1209 5249 1525 5318 persistaut,
1593 5267 1692 5306 nec
1752 5266 2000 5324 umquam

423 5338 574 5391 Vobis
624 5340 921 5394 molestiam
972 5340 1278 5394 exhiberem
1336 5358 1349 5393 :
1397 5339 1506 5409 jam
1558 5357 1684 5395 vero
1727 5343 1886 5398 timeo
1935 5362 2001 5400 ne

425 5429 628 5482 inertia:
680 5430 1001 5501 incuri:eque
1069 5439 1257 5485 vestra:
1318 5431 1443 5485 vitio
1505 5441 1751 5486 maneant
1820 5435 1994 5490 incor-

420 5523 574 5576 rerti.
620 5519 800 5594 Neque
845 5525 982 5578 enim
1038 5525 1147 5579 Iieri
1194 5529 1386 5595 potest.
1433 5533 1487 5578 ut
1517 5524 1601 5594 qui
1630 5523 1992 5584 cohortatione

1400 145 1462 202 ΙΝ
1502 143 1722 206 ιιιυο,
1761 141 1819 196 SI
1860 130 2221 193 ESURlERlT
2263 131 2582 202 lNlltllCUS,
2624 127 2769 190 ΕΠΖ.

3638 139 3736 194 IT!

2146 236 2505 316 doctrinaque
2559 249 2865 317 frequenter
2913 243 3137 310 fruatur,
3189 245 3378 300 melior
3420 248 3735 306 studiosior-

2157 351 2263 405 que
2311 352 2414 388 non
2461 337 2573 390 fiat.
2643 339 2720 390 Ac
2766 335 2981 404 vulgare
3028 335 3245 405 quidem
3291 347 3375 391 est
3425 336 3552 392 illud
3604 355 3729 408 pro-

2157 426 2432 490 verbium,
2505 426 2644 494 quod
2701 425 2937 480 dicturus
2989 442 3144 493 sum;
3211 437 3574 484 verumtamen
3637 429 3738 485 hoc

2156 516 2324 585 ipsum
2378 525 2618 570 testatur.
2665 515 2869 570 Stillula
2911 516 3086 583 enim,
3139 517 3337 588 inquit,
3378 519 3554 574 mollis
3583 535 3733 590 aqua:

2154 617 2338 660 saxum
2393 607 2606 661 assiduo
2651 617 2803 662 cavat
2840 609 2968 663 ictu.
3010 609 3243 664 Tametsi
3273 610 3400 679 quid
3425 626 3559 680 aqua
3594 612 3732 665 mol-

2156 697 2299 750 lius?
2368 697 2492 766 quid
2539 713 2668 752 saxo
2709 696 2939 752 durius?
3009 709 3242 756 attamen
3299 701 3582 757 assiduitas
3637 712 3738 756 ειειο

2156 795 2328 840 turam
2387 788 2570 846 vincit.
2619 787 2772 855 Quod
2816 788 2862 843 si
2916 801 3161 845 naturam
3214 793 3378 848 vincit
3421 793 3729 856 assiduitas,

2154 877 2322 931 multo
2383 878 2553 946 magis
2618 879 2942 936 voluntatem
3019 883 3211 950 poterit
3267 898 3540 952 superare.
3611 883 3728 939 Non

2151 966 2304 1021 ludus
2352 978 2434 1023 est
2478 968 2945 1036 Christianismus,
2995 973 3202 1036 dilecti.
3252 987 3352 1030 nec
3412 990 3498 1030 res
3543 991 3733 1045 super-

2150 1072 2399 1114 vacanca.
2429 1060 2690 1116 Goutinue
2714 1063 2812 1116 ista
2839 1063 3063 1118 dicimus
3084 1103 3098 1130 ,
3137 1075 3190 1119 et
3213 1066 3346 1121 nihil
3375 1067 3697 1134 proficimus:

2223 1153 2276 1205 2.
2325 1153 2587 1217 Quantum
2631 1153 2758 1207 mihi
2803 1154 3033 1210 censetis
3083 1155 3321 1212 dolorem
3368 1157 3538 1223 inuri,
3604 1175 3726 1214 cum

2149 1245 2401 1300 recordor
2435 1245 2583 1300 festis
2624 1245 2837 1316 quidem
2886 1244 3074 1302 diebus
3123 1255 3268 1302 vasta
3307 1250 3468 1303 maris
3513 1263 3726 1320 :cquora

2146 1337 2488 1391 collectarmn
2547 1337 2727 1392 turbas
2771 1337 2984 1400 imitari,
3024 1338 3134 1408 jam
3184 1354 3314 1394 vero
3357 1355 3425 1395 ne
3477 1351 3726 1410 quotam-

2150 1427 2230 1482 vis
2278 1427 2488 1497 quidem
2540 1437 2743 1497 partem
2793 1427 2881 1483 hic
2924 1428 3065 1483 illius
3110 1429 3462 1486 multitudinis
3498 1446 3728 1503 congrez

2143 1521 2299 1592 gari?
2342 1521 2442 1580 Ubi
2492 1539 2634 1579 nunc
2672 1531 2814 1589 sunt,
2870 1524 2959 1594 qui
3004 1525 3158 1580 nobis
3205 1525 3260 1580 in
3299 1527 3722 1584 solemnitatibus

2145 1613 2441 1668 molestiam
2509 1613 2805 1668 exhibent?
2879 1614 3001 1670 Illos
3066 1617 3317 1686 requiro,
3385 1627 3442 1674 et
3507 1621 3718 1676 illorum

2143 1715 2301 1758 eausa
2349 1704 2524 1773 lugeo,
2579 1703 2706 1758 dum
2755 1705 2885 1758 mihi
2927 1705 3074 1760 venit
3125 1706 3177 1760 in
3217 1715 3472 1776 mentem,
3523 1720 3724 1782 quanta

2144 1801 2326 1865 pereat
2385 1811 2569 1850 eorum
2633 1796 2953 1862 multitudo,
3003 1799 3094 1866 qui
3145 1799 3274 1853 salvi
3325 1808 3506 1864 erant,
3557 1817 3724 1872 quam

2145 1894 2249 1938 tam
2295 1884 2482 1940 faciam
2541 1885 2765 1941 fratrum
2813 1886 3096 1957 iacturam,
3151 1903 3308 1957 quam
3357 1890 3606 1960 exiguum
3667 1893 3721 1948 in

2143 1990 2420 2029 numerum
2471 1975 2813 2045 redigantur,
2875 1977 2965 2047 qui
3031 1978 3258 2033 salutem
3311 1979 3716 2050 adipisctmtnr;

2140 2073 2200 2118 ut
2247 2065 2420 2134 major
2466 2081 2591 2135 pars
2637 2067 2877 2138 corporis
2923 2068 3177 2123 Ecclesia:
3215 2080 3428 2126 mortuo
3451 2072 3719 2129 ctimmor-

2139 2157 2228 2211 bili
2269 2158 2477 2227 corpori
2517 2158 2856 2214 assimileturi

2212 2246 2331 2301 Non
2357 2249 2477 2302 solis
2501 2249 2642 2302 nobis
2669 2249 2776 2301 nati
2800 2258 2992 2303 sumtis.
3035 2247 3284 2318 Exemplo
3312 2258 3598 2306 sanctorum
3625 2258 3715 2308 sit-

2138 2338 2284 2391 dares
2333 2354 2432 2392 non
2472 2338 2744 2391 metuendi.
2788 2337 3030 2393 Ecclesia:
3060 2342 3552 2410 structura.—Quid
3588 2342 3715 2398 illud

2136 2427 2203 2482 ad
2265 2443 2362 2482 nos
2393 2430 2600 2492 attinet,
2647 2428 2787 2483 dicet
2822 2429 3047 2499 aliquis?
3090 2429 3174 2484 Ad
3215 2446 3308 2485 vos
3335 2431 3548 2502 quidem
3569 2442 3717 2489 certe

2136 2521 2366 2575 maxime
2409 2519 2616 2586 attinet,
2648 2521 2736 2589 qui
2767 2536 2871 2574 non
2915 2534 3010 2576 eos
3061 2522 3278 2588 curatis,
3314 2537 3418 2577 non
3466 2522 3715 2578 atlhortaé

2136 2611 2288 2677 mini,
2334 2626 2440 2666 non
2467 2612 2689 2666 consilio
2727 2611 2944 2681 .juvatis,
2991 2612 3058 2666 ad
3099 2627 3195 2668 vos
3222 2615 3311 2684 qui
3343 2615 3713 2671 necessitatem

2136 2717 2239 2756 non
2286 2701 2555 2771 imponitis
2610 2718 2781 2772 neque
2825 2703 2873 2758 vi
2905 2704 3224 2772 pertrahitis,
3255 2714 3312 2761 et
3351 2706 3420 2761 ab
3449 2706 3532 2760 illa
3561 2721 3712 2762 sum-

2134 2806 2220 2844 ma
2274 2793 2592 2862 negligentia
2641 2795 2922 2848 revocatis.
2979 2793 3091 2849 Non
3127 2796 3269 2851 enim
3309 2806 3513 2852 tantum
3561 2799 3713 2852 nobis

2136 2881 2389 2949 prodesse
2440 2897 2537 2936 nos
2563 2883 2778 2948 debere,
2835 2883 2928 2938 sed
2969 2892 3024 2938 et
3059 2886 3234 2940 multis
3256 2928 3271 2953 ,
3299 2887 3530 2942 ostendit
3555 2887 3711 2942 Clu-ia

2131 2981 2261 3037 slus,
2280 2987 2398 3026 cum
2429 2973 2592 3028 salem
2623 2989 2738 3039 nos,
2768 2989 2830 3028 ac
2849 2973 3255 3043 fermentum,ct
3285 2977 3454 3032 lucem
3481 2978 3709 3034 meavit.

2133 3063 2256 3118 llzcc
2281 3063 2423 3118 enim
2446 3065 2564 3120 aliis
2591 3066 2736 3118 utilia
2767 3073 2889 3120 sunt
2919 3075 2974 3120 ct
3011 3067 3308 3122 commoda.
3339 3067 3470 3122 Nam
3493 3068 3718 3126 lucerna

2131 3170 2236 3208 non
2265 3154 2363 3209 sibi
2397 3156 2556 3222 lucet,
2585 3165 2638 3209 at
2683 3156 2785 3210 illis
2816 3157 2903 3226 qui
2947 3156 3132 3212 sedent
3185 3158 3237 3212 in
3273 3160 3540 3214 tenebris:
3571 3170 3627 3216 et
3654 3169 3707 3216 tu

2129 3245 2342 3301 lucerna
2371 3261 2450 3314 es,
2482 3264 2586 3303 non
2619 3258 2675 3302 ut
2701 3248 2901 3303 lumine
2926 3249 3069 3303 solus
3099 3248 3306 3314 fruaris,
3336 3251 3430 3306 sed
3463 3260 3520 3307 ut
3557 3252 3704 3306 illum

2127 3347 2392 3392 errantem
2443 3338 2905 3411 reducas(Matt/z.
2938 3339 2992 3394 5.
3028 3341 3253 3410 13.14).
3297 3341 3432 3409 Quid
3479 3335 3704 3414 namque

2128 3431 2343 3501 prodest
2388 3431 2626 3496 lucerna,
2662 3432 2874 3502 quando
2912 3432 2964 3487 in
2998 3433 3233 3488 tenebris
3262 3434 3467 3489 sedenti
3489 3448 3593 3490 non
3620 3437 3702 3489 lu-

2126 3522 2244 3576 cet?
2283 3538 2400 3592 quae
2428 3537 2587 3592 porro
2640 3523 2840 3577 utilitas
2864 3522 3169 3589 Christiani,
3199 3525 3409 3594 quando
3437 3525 3701 3581 neminem

2125 3611 2378 3678 lucratur,
2424 3628 2522 3668 nec
2564 3612 2630 3667 ad
2677 3613 2921 3668 virtutem
2960 3613 3204 3669 reducit?
3249 3613 3452 3670 Rursus
3481 3629 3584 3670 non
3612 3630 3698 3671 ses

2125 3701 2295 3772 ipsum
2345 3703 2622 3773 adstringit
2665 3704 2744 3759 sal
2801 3704 3164 3771 tantum,sed
3208 3714 3263 3760 et
3316 3719 3538 3777 corpora
3583 3717 3700 3778 Qum

2123 3805 2531 3862 corrumpuntur
2557 3795 2789 3861 cohibet,
2813 3811 2986 3866 neque
3008 3795 3253 3850 diffluere
3274 3811 3338 3850 ac
3377 3799 3550 3866 perire
3574 3813 3697 3866 per-

2123 3885 2301 3938 mittit.
2321 3885 2409 3939 Sic
2440 3894 2493 3939 tu
2531 3901 2777 3957 quoque;
2804 3885 3229 3957 quandoquidem
3274 3889 3603 3958 spiritualem
3648 3899 3698 3942 to

2122 3975 2286 4030 salem
2313 3977 2450 4030 Deus
2479 3977 2675 4041 effecit,
2694 3976 2928 4031 membra
2957 3987 3202 4046 corrupta
3223 4017 3238 4040 ,
3266 3976 3367 4032 hoc
3387 3988 3467 4032 cst
3491 3978 3653 4033 desid.
3675 3995 3698 4033 s

2121 4065 2331 4132 fratres,
2362 4075 2416 4121 et
2444 4067 2532 4136 qui
2563 4067 2898 4122 mechanicas
2925 4076 3177 4122 exercent
3221 4077 3383 4132 artes,
3428 4068 3696 4140 adstringo

2119 4167 2174 4215 et
2215 4160 2426 4234 colliga,
2456 4159 2766 4230 desidiaque
2813 4169 3058 4230 tanquam
3113 4161 3290 4217 ulcere
3318 4161 3566 4231 quopiam
3597 4175 3694 4232 pa-

2121 4252 2256 4308 trido
2301 4253 2578 4308 liberatum
2607 4266 2725 4307 cum
2755 4253 2958 4323 reliquo
2987 4252 3241 4308 Ecclesia:
3277 4267 3503 4323 corpore
3529 4266 3694 4322 copu-

2119 4346 2241 4400 lato.
2272 4345 2556 4416 Propterea
2605 4355 2657 4399 te
2694 4344 3009 4400 fermentum
3047 4344 3369 4415 appellavit:
3413 4345 3458 4400 si
3481 4343 3693 4415 quidem

2118 4435 2436 4491 fermentum
2485 4437 2644 4490 etiam
2705 4451 2810 4490 non
2856 4433 3090 4502 seipsum
3141 4435 3442 4500 fermentat.
3474 4434 3568 4491 sed
3613 4451 3692 4489 re-

2115 4525 2309 4594 liquam
2341 4540 2568 4578 massam
2601 4526 2864 4594 ingentem
2887 4524 3009 4579 licet
3033 4535 3087 4580 et
3123 4525 3434 4580 immensam
3455 4566 3471 4590 ,
3522 4525 3691 4586 ipsum

2113 4630 2334 4685 parvum
2380 4630 2499 4668 cum
2551 4615 2621 4668 sit
2669 4623 2724 4669 et
2785 4614 2946 4669 breve
3010 4613 3128 4684 (Id.
3164 4614 3249 4670 13.
3280 4615 3408 4685 33).
3459 4614 3549 4671 Sic
3609 4614 3691 4669 ni-

2112 4706 2302 4761 mirum
2330 4717 2424 4760 vns
2447 4717 2692 4777 quo-rue,
2722 4719 3040 4777 quamquam
3071 4721 3296 4763 numero
3339 4707 3491 4777 pauci
3525 4709 3689 4775 estis,

2112 4799 2264 4852 multi
2316 4808 2492 4854 tamen
2523 4813 2585 4853 ac
2626 4808 2868 4867 potentes
2897 4808 3067 4856 estote
3115 4799 3218 4855 fide
3256 4815 3319 4856 ac
3363 4801 3540 4857 studio
3567 4817 3689 4872 erga

2110 4891 2308 4944 cultum
2343 4889 2456 4944 Deit
2491 4889 2732 4960 Utigitur
2761 4888 3078 4944 fermentum
3108 4898 3324 4961 propter
3351 4892 3690 4962 exiguitatem

2111 4981 2371 5035 imbecille
2423 4994 2528 5034 non
2568 4988 2690 5042 est,
2749 4977 2845 5034 sed
2903 4989 3120 5050 propter
3165 4980 3380 5035 insitum
3421 4995 3451 5034 a
3504 4991 3689 5034 natura

2106 5073 2340 5126 calorem
2393 5085 2458 5125 ac
2509 5071 2756 5125 virtutem
2807 5070 3078 5140 qualitatis
3112 5078 3442 5138 exsuperat:
3495 5070 3571 5124 sic
3597 5083 3688 5123 vos

2108 5161 2355 5215 nimirum
2385 5159 2553 5214 multo
2582 5161 2760 5230 plures
2791 5159 3032 5230 poteritis
3055 5159 3120 5214 ad
3147 5159 3391 5215 eumdem
3424 5159 3686 5216 fervorem

2104 5266 2166 5305 ac
2196 5251 2424 5305 studium
2457 5251 2733 5316 reducere,
2763 5250 2808 5305 si
2850 5250 3042 5307 velitis.
3075 5250 3226 5318 Quod
3253 5251 3298 5305 si
3324 5260 3562 5306 :estatem
3586 5253 3689 5306 ob~

2105 5343 2322 5397 tendant
2363 5342 2666 5414 :siqnidem
2712 5342 2812 5398 hoc
2851 5357 3060 5413 quoque
3111 5343 3228 5397 illus
3281 5343 3441 5398 audio
3491 5345 3678 5400 dicen-

2103 5449 2202 5501 tes,
2247 5435 2543 5490 Vehemens
2590 5449 2730 5489 nunc
2774 5443 2935 5489 :estus
2983 5444 3099 5501 εει,
3141 5444 3303 5506 atque
3366 5437 3682 5493 intolerandi

2099 5527 2336 5592 calores;
2398 5541 2501 5580 non
2552 5538 2832 5596 possumus
2861 5527 3118 5581 coarctari
3151 5535 3205 5582 et
3254 5528 3306 5588 in
3361 5538 3504 5584 tanta
3531 5530 3682 5585 turba
