4096 6222
326 121 435 176 Ἴτῦ

329 235 630 305 comprimi,
690 234 919 304 undique
951 239 1144 289 sudore
1189 233 1508 298 difﬂuentes,
1551 243 1683 288 testu
1708 232 1910 302 gravati

332 333 387 380 et
437 325 487 379 in
535 327 804 396 angustias
844 325 1041 380 redacti
1074 345 1086 379 :
1118 325 1276 394 pudet
1328 341 1412 379 me
1482 325 1732 390 illorum,
1789 322 1914 377 mihi

329 416 560 481 credite;
611 425 733 470 sunt
762 420 904 470 enim
935 415 1218 470 muliebres
1253 415 1334 468 isti
1364 423 1670 484 praetexitis,
1709 415 1788 468 vel
1821 429 1914 483 po-

333 508 438 561 tius
484 523 551 561 ne
595 507 698 560 illis
745 505 955 576 quidem
1005 505 1070 559 ad
1117 505 1454 560 obtinendam
1499 506 1708 559 veniam
1750 521 1914 560 excu-

329 599 565 652 sationes
613 598 728 652 ἰδίω
780 597 1106 663 sufﬁcerent,
1135 598 1326 667 quibus
1374 597 1610 651 molliora
1638 607 1760 652 sunt
1789 613 1911 652 cor-

333 705 460 758 pora
509 698 564 744 et
620 689 932 745 imbecillior
975 699 1184 744 natura.
1214 690 1545 760 Quamquam
1575 699 1749 745 autem
1781 690 1917 760 ejus-

331 779 476 834 modi
521 778 884 835 defensionem
947 781 1294 850 reSponsione
1347 781 1553 836 diluere
1582 790 1734 850 turpe
1771 782 1917 836 vide-

329 871 492 937 bitur,
538 873 894 927 necessarium
949 881 1032 926 est
1072 882 1266 926 tamen.
1295 871 1349 928 Si
1398 872 1539 928 enim
1590 872 1661 926 illi
1694 873 1787 926 has
1813 871 1913 926 ob-

330 963 551 1019 tendere
597 965 967 1020 exeusationes
1011 981 1115 1018 non
1173 965 1516 1031 erubescunt,
1549 965 1715 1019 multo
1746 965 1913 1034 magis

328 1071 426 1111 nos
456 1057 653 1126 pudere
705 1074 810 1112 non
857 1058 1015 1113 debet
1037 1059 1149 1113 lucc
1178 1059 1440 1114 refellere.
1489 1059 1625 1126 Quid
1647 1074 1772 1129 ergo
1799 1058 1912 1114 haec

326 1149 737 1204 obtendentibns
816 1152 1180 1220 opponemus?
1253 1151 1435 1205 Trium
1489 1167 1770 1220 puerorum
1809 1152 1912 1207 illis

328 1242 638 1296 memoriam
690 1243 811 1297 volo
855 1243 1109 1299 refricare
1135 1285 1147 1307 ,
1201 1244 1287 1314 qui
1333 1259 1452 1298 cum
1487 1246 1540 1299 in
1592 1244 1804 1300 fornace
1849 1261 1913 1301 ac

325 1331 516 1388 mediis
564 1332 792 1389 ﬂammis
839 1344 1195 1401 versarentur,
1237 1350 1357 1389 cmn
1409 1335 1641 1404 undique
1693 1352 1750 1390 se
1796 1351 1914 1391 cer-

327 1432 513 1478 nerent
559 1425 766 1494 ignibus
823 1425 1076 1491 obsideri,
1127 1427 1216 1496 qni
1267 1427 1317 1480 in
1363 1441 1443 1491 os,
1500 1428 1552 1481 in
1605 1429 1808 1493 oculos,
1857 1429 1907 1482 itt

323 1513 614 1569 anhelitum
643 1516 812 1584 ipsum
866 1517 1214 1582 incurrerent,
1258 1532 1466 1571 sacrum
1508 1516 1655 1571 illum
1707 1527 1758 1572 et
1789 1535 1907 1588 my-

325 1607 517 1662 sticum
550 1607 802 1678 hymnum
849 1624 968 1663 cum
996 1611 1254 1664 creaturis
1284 1608 1396 1664 Deo
1439 1625 1630 1663 canere
1657 1626 1761 1664 non
1789 1626 1906 1665 ces-

323 1709 528 1766 sarunt,
561 1702 652 1755 sed
684 1702 927 1768 alacrius,
962 1718 1116 1770 quam
1141 1703 1249 1756 siin
1279 1712 1427 1772 prato
1452 1704 1643 1756 versati
1661 1701 1903 1769 fuissent,

324 1798 437 1843 tum
484 1791 535 1843 in
563 1791 738 1846 medio
769 1807 898 1862 rogo
926 1801 1125 1846 stantes
1141 1794 1408 1846 communi
1432 1793 1655 1847 Domino
1694 1795 1908 1846 univer-

323 1894 504 1934 sorum
530 1881 714 1936 laudes
740 1882 1031 1936 offerebant
1058 1881 1219 1952 (Dan.
1247 1885 1300 1952 3)
1333 1901 1346 1936 :
1376 1891 1429 1937 et
1469 1899 1586 1938 cum
1617 1883 1784 1936 tribus
1827 1885 1906 1937 his

326 1972 502 2039 pueris
528 1973 740 2027 leonum
780 1975 829 2027 in
861 1975 1147 2044 Babylone,
1178 1976 1408 2030 Danielis
1445 1984 1498 2028 et
1541 1975 1686 2028 lacus
1715 1973 1822 2044 (Id.
1848 1974 1900 2028 6.

322 2061 622 2133 24);neque
643 2079 767 2117 vero
794 2073 992 2118 tantum
1011 2065 1188 2134 hujus,
1209 2065 1300 2119 sed
1323 2074 1374 2120 et
1404 2066 1620 2120 alterius
1651 2067 1814 2127 lacus,
1842 2081 1904 2120 ac

324 2154 616 2222 prophcla‘,
663 2155 882 2224 ltitique,
910 2171 1014 2225 quo
1041 2156 1105 2210 ad
1135 2156 1326 2210 collum
1382 2171 1551 2226 usque
1602 2155 1901 2210 suﬂ‘ocaba-

321 2251 409 2296 tur
437 2243 709 2309 Jeremias,
758 2254 815 2298 ut
871 2245 1236 2311 recordentur,
1271 2246 1387 2299 illos
1417 2247 1638 2300 obsecro
1685 2245 1898 2315 (Jerem.

318 2333 409 2388 53.
439 2333 515 2406 6).
549 2336 614 2388 Et
653 2352 717 2390 ex
760 2337 976 2392 lacubus
1020 2337 1132 2391 istis
1171 2337 1488 2402 ascendens,
1523 2338 1572 2390 in
1625 2353 1895 2392 carcerem

324 2422 660 2479 introducere
690 2426 818 2480 istos
844 2428 982 2492 volo,
1042 2427 1127 2494 qui
1169 2428 1375 2482 calores
1409 2429 1721 2492 obtendunt,
1757 2429 1900 2482 Pau-

324 2513 541 2584 lumque
585 2529 882 2571 monstrare
911 2535 973 2572 ac
1000 2519 1161 2572 Silam
1192 2520 1536 2588 compedibus
1564 2522 1668 2575 illic
1695 2537 1900 2591 pr:rpc-

324 2607 506 2673 dites,
564 2608 797 2677 vestigiis
851 2609 1128 2662 verberum
1187 2610 1408 2678 plenos,
1478 2611 1670 2680 quibus
1733 2621 1898 2666 totum

325 2713 517 2766 corpus
565 2700 870 2754 vulneribus
924 2702 1301 2770 plagarumqne
1353 2703 1520 2756 fuerat
1564 2703 1899 2758 multitudine

326 2787 632 2853 laceratum,
683 2791 852 2845 media
904 2801 1056 2846 nocte
1112 2792 1275 2846 Deum
1323 2792 1598 2848 laudantes
1627 2802 1678 2847 et
1721 2807 1900 2849 sacras

325 2882 442 2936 illas
504 2884 708 2951 vigilias
751 2885 1098 2940 celebrantes.
1143 2885 1220 2939 An
1272 2901 1376 2939 non
1423 2886 1563 2939 enim
1610 2885 1895 2939 absurdum

323 2982 408 3026 est
436 2983 647 3027 sanctos
675 2975 887 3044 quidem
934 2975 1071 3037 illos,
1113 2991 1232 3028 cum
1280 2977 1329 3029 in
1372 2975 1605 3042 fornace,
1659 2985 1711 3030 et
1754 2978 1893 3045 igne,

317 3073 372 3117 et
397 3064 535 3126 lacn,
579 3074 632 3118 et
661 3065 866 3131 belluis,
919 3074 972 3120 et
992 3067 1121 3129 luto,
1153 3083 1391 3134 carcere,
1433 3077 1486 3121 et
1529 3070 1892 3138 compedibus,

319 3162 373 3208 et
424 3155 606 3224 plagis,
637 3165 690 3210 et
737 3158 1035 3227 ergastulis,
1063 3166 1116 3213 et
1165 3159 1508 3215 intolerandis
1551 3171 1888 3216 versarentur

319 3245 491 3306 malis,
537 3246 665 3300 nihil
697 3263 942 3317 umquam
971 3249 1158 3325 horum
1191 3251 1425 3318 culpare,
1459 3250 1550 3305 sed
1583 3251 1741 3305 multa
1775 3268 1892 3307 cum

319 3337 479 3390 animi
529 3340 868 3392 contentione
916 3350 968 3394 et
1011 3339 1202 3394 ardore
1252 3350 1507 3410 perpetuo
1551 3343 1802 3411 precibus
1841 3353 1897 3398 et

323 3425 531 3495 hymnis
573 3428 739 3480 sacris
780 3433 994 3495 Operam
1025 3428 1174 3491 dare;
1206 3445 1300 3483 nos
1348 3432 1434 3500 qui
1464 3448 1568 3485 non
1597 3433 1755 3486 ullam
1783 3435 1893 3487 exi-

316 3529 495 3581 gnam,
553 3531 657 3568 non
709 3532 948 3584 magnam
978 3532 1042 3571 ex
1091 3519 1192 3571 illis
1238 3535 1356 3588 qua:
1405 3531 1728 3575 enumeratzc
1773 3535 1894 3576 sunt

317 3605 652 3672 passionihus
705 3606 1063 3672 toleravimus,
1106 3608 1174 3662 ob
1206 3619 1390 3663 :rstum
1433 3620 1487 3665 et
1520 3613 1749 3667 calorem
1781 3631 1891 3666 mo-

317 3695 493 3748 dicum
539 3709 603 3750 ac
653 3696 923 3760 sudorem,
971 3707 1166 3752 nostrrc
1214 3699 1446 3767 ipsorum
1494 3703 1674 3756 salutis
1709 3719 1889 3758 curam

311 3781 606 3851 deponere,
639 3799 700 3839 ac
752 3787 947 3842 relictis
992 3789 1227 3844 collectis
1263 3790 1392 3844 foris
1425 3794 1634 3861 vngari,
1691 3811 1892 3864 nosque

263 3900 270 3905 ·
317 3875 541 3929 canibus
569 3876 940 3946 depravandos
980 3879 1298 3943 immiscere.
1339 3882 1390 3935 in
1411 3884 1603 3953 quibus
1627 3885 1754 3940 nihil
1786 3903 1887 3940 non

315 3965 562 4020 vitiosum
605 3977 686 4022 est
728 3976 783 4023 et
813 3971 1161 4039 corruptum?
1210 3972 1410 4028 Tantus
1449 3990 1718 4029 sacrorum
1775 3979 1892 4031 clo-

312 4053 552 4120 quiorum
591 4065 670 4109 est
694 4070 802 4121 ros,
833 4067 886 4112 et
924 4069 1110 4113 a-stum
1139 4061 1358 4128 objicis?
1398 4063 1538 4133 Aqua
1560 4107 1573 4129 ,
1601 4082 1750 4135 quant
1798 4084 1889 4137 ego

309 4143 440 4196 dabo
477 4145 540 4208 ci,
573 4146 645 4198 ait
670 4145 928 4212 Christus,
978 4149 1061 4217 ﬁet
1091 4151 1140 4202 in
1163 4167 1220 4204 eo
1249 4151 1362 4220 fons
1399 4170 1544 4219 aqua:
1566 4154 1791 4210 salientis
1835 4159 1887 4211 in

309 4235 460 4287 vitam
504 4246 740 4291 (sternam
776 4237 951 4310 (Joan.
980 4241 1032 4294 4.
1055 4243 1142 4311 14)
1173 4259 1188 4296 :
1218 4253 1270 4297 et
1324 4259 1540 4313 rursus,
1586 4247 1684 4314 Qui
1727 4251 1887 4303 credit

302 4325 362 4377 vin
389 4341 485 4391 me,
531 4327 660 4381 sicut
704 4330 831 4382 dixit
872 4331 1156 4400 Scriptura,
1201 4334 1417 4404 ﬂumina
1459 4337 1521 4390 de
1567 4349 1734 4392 ventre
1777 4342 1886 4409 ejus

300 4417 468 4484 ﬂuent
520 4435 666 4490 aqua,
703 4423 826 4475 viva:
876 4422 985 4491 (Id.
1019 4425 1070 4478 7.
1118 4427 1232 4496 58).
1287 4428 1366 4481 An
1411 4438 1485 4492 tu,
1515 4447 1715 4499 quaeso,
1764 4449 1882 4488 cum

301 4507 446 4561 intus
480 4509 660 4565 fontes
687 4511 882 4568 habeas
910 4526 962 4570 et
1010 4517 1222 4573 tlnmina
1259 4521 1547 4589 spiritualia
1570 4563 1584 4587 ,
1635 4525 1881 4579 sensilem

301 4600 532 4653 calorem
580 4605 776 4658 times?
828 4615 882 4659 at
934 4607 984 4659 in
1038 4608 1170 4676 foro,
1225 4627 1426 4679 qmeso,
1487 4615 1571 4667 tibi
1605 4624 1781 4669 tantus
1802 4627 1884 4672 est

300 4691 580 4758 strepitus,
623 4703 699 4747 tot
745 4698 1022 4764 angustiae,
1067 4715 1128 4753 ac
1171 4703 1364 4757 multus
1393 4715 1570 4763 aestus.
1631 4709 1717 4776 qui
1746 4709 1800 4761 ﬁt
1826 4719 1883 4762 ut

296 4780 510 4835 calores
532 4792 586 4837 et
613 4784 741 4839 solis
776 4786 1018 4843 ardorem
1054 4805 1158 4844 non
1208 4793 1504 4850 obtendas?
1547 4797 1661 4851 Non
1712 4799 1877 4866 enim,

298 4869 510 4938 opinor,
561 4873 611 4927 id
657 4873 835 4931 dicere
884 4887 1032 4946 potes
1082 4881 1188 4936 illic
1233 4883 1500 4953 frigidiore
1529 4887 1691 4942 licere
1739 4890 1878 4943 aeris

295 4971 487 5018 natura
510 4964 638 5032 frui,
683 4966 768 5023 hic
796 4984 918 5024 vero
941 4980 1104 5028 totum
1146 4975 1299 5030 nobis
1339 4979 1616 5033 collectum
1644 4981 1876 5036 calorem

297 5055 486 5110 saevire
518 5073 534 5124 ;
566 5059 692 5128 quin
736 5062 911 5131 potius
934 5066 1256 5118 contrarium
1287 5069 1511 5135 penitus,
1550 5069 1635 5124 hic
1662 5073 1874 5140 quidem

295 5145 382 5198 ubi
423 5150 616 5203 crustis
650 5149 866 5219 lapideis
895 5152 1063 5206 solum
1118 5165 1442 5210 constratum
1473 5168 1574 5221 est,
1607 5169 1656 5214 et
1689 5162 1758 5215 ob
1787 5179 1874 5217 rc-

296 5234 494 5304 liquttm
547 5240 677 5294 tedis
720 5255 885 5296 sacra:
934 5241 1186 5298 fabricam
1245 5245 1539 5315 (siquidem
1573 5251 1622 5302 in
1653 5250 1876 5306 immen-

293 5339 407 5380 s:tm
472 5331 702 5399 assurgit
751 5331 1129 5402 altitudinem),
1186 5335 1352 5390 levior
1397 5347 1450 5392 et
1495 5339 1735 5409 frigidior
1793 5353 1875 5398 est

292 5431 385 5470 aer
416 5435 428 5470 :
461 5429 516 5472 at
557 5421 663 5475 illic
700 5423 894 5477 multus
926 5425 1156 5496 undique
1181 5427 1259 5480 sol
1291 5428 1529 5495 irradiat,
1574 5433 1752 5486 multra
1779 5449 1873 5488 an—

291 5508 500 5576 gustite,
533 5507 728 5578 fumus,
762 5513 950 5582 pulvis,
993 5526 1041 5569 et
1087 5517 1185 5569 alia
1236 5517 1402 5588 plura,
1451 5534 1567 5589 qua!
1609 5523 1863 5592 majorem
1916 5581 1918 5583 ,

1031 121 1086 173 S.
1128 117 1408 174 JOANNIS
1445 117 1919 171 CliltYSOSTOMI
1963 116 2279 173 Al’tCllIEl‘.
2321 119 2853 176 CONSTA'NTINOP.
3504 119 3598 170 l'lti

2031 233 2146 288 istis
2193 235 2485 288 molestiam
2539 234 2807 289 exhibent.
2854 233 2932 290 Ex
2976 248 3082 304 quo
3126 233 3431 303 intelligitur
3463 233 3603 286 iner-

2027 323 2112 377 tia:
2139 332 2192 382 et
2244 324 2482 379 mallitiei
2514 325 2698 389 animi,
2731 324 2820 394 qui
2849 324 3076 394 Spiritus
3105 326 3271 378 sancti
3300 324 3509 379 ﬂamma
3533 327 3601 379 sit

2024 415 2328 480 destitutus,
2391 417 2487 470 bas
2531 418 2737 486 ineptas
2791 418 3161 473 excusationes
3203 432 3321 472 esse
3369 418 3601 472 tribuen-

2022 505 2135 560 das.

2095 600 2148 652 5.
2192 599 2316 653 lla‘c
2358 615 2461 653 non
2495 608 2598 654 tam
2639 601 2706 654 ad
2759 601 2878 654 illos
2907 615 2936 654 a
2990 616 3075 655 me
3102 601 3238 655 dicta
3278 601 3597 671 diriguntur,

2021 707 2177 758 quam
2210 691 2275 744 ad
2315 707 2429 754 vos,
2472 694 2558 762 qui
2611 709 2712 746 non
2757 694 2875 747 illos
2903 695 3229 764 pertrahitis,
3271 695 3361 764 qui
3402 711 3507 749 non
3533 694 3600 748 ab

2022 782 2208 837 inertia
2252 785 2543 850 revocatis,
2577 794 2630 839 et
2669 787 2733 839 ad
2762 786 3045 842 salutarem
3073 786 3209 842 hanc
3236 802 3472 842 mensam
3502 787 3600 840 ad-

2021 873 2234 928 dueitis.
2264 875 2340 930 Ac
2367 876 2504 930 set-vi
2529 877 2741 945 quidem
2783 893 2902 931 cum
2934 892 3215 932 commune
3244 878 3596 934 ministerium

2019 965 2212 1020 obituri
2266 976 2411 1032 sunt,
2468 967 2728 1022 advocant
2758 983 2882 1022 suos
2925 983 3255 1023 conservos:
3303 982 3397 1022 vos
3445 984 3594 1035 vero,

2017 1074 2046 1113 a
2097 1060 2288 1130 quibus
2310 1060 2408 1114 hoc
2450 1059 2725 1128 spit'ituale
2762 1060 3070 1131 obsequium
3096 1059 3451 1115 exhibendum
3491 1069 3592 1126 est,

2017 1163 2305 1203 conservos
2345 1150 2517 1204 sinitis
2558 1160 2760 1204 vestros
2809 1150 2907 1203 hoc
2938 1159 3139 1220 quaestu
3192 1151 3402 1219 privari.
3435 1149 3592 1216 Quid,

2016 1242 2060 1294 si
2091 1242 2256 1295 nolint
2283 1241 2399 1311 ipsi,
2429 1242 2569 1296 dicet
2609 1242 2832 1311 aliquis?
2862 1242 3026 1296 Efﬁce
3054 1241 3266 1296 assidue
3311 1239 3590 1306 instando,

2019 1341 2074 1386 ut
2101 1333 2294 1397 velint;
2319 1334 2361 1387 si
2389 1333 2528 1386 enim
2559 1340 2814 1400 urgentes
2841 1348 2937 1386 nos
2971 1333 3220 1397 viderint,
3252 1331 3470 1386 omnino
3499 1346 3594 1386 vo-

2017 1423 2144 1477 lent.
2205 1427 2272 1478 At
2305 1425 2443 1477 enim
2495 1433 2780 1493 praetextas
2828 1425 2940 1478 hzec
2969 1434 3092 1478 sunt
3117 1435 3169 1478 et
3199 1424 3333 1478 ﬁcta:
3372 1438 3594 1478 excusa-

2017 1517 2206 1568 tiones.
2260 1516 2428 1582 Quam
2479 1516 2627 1568 multi
2671 1531 2897 1583 namque
2950 1514 3036 1569 hic
3082 1524 3202 1568 sunt
3249 1524 3460 1584 patres,
3497 1515 3588 1582 qui

2014 1621 2192 1661 secum
2244 1616 2446 1661 stantes
2491 1623 2595 1661 non
2646 1606 2843 1662 habent
2884 1607 3059 1660 ﬁlios?
3105 1606 3238 1660 Num
3280 1606 3436 1659 etiam
3467 1604 3591 1658 libe-

2016 1713 2104 1751 ros
2147 1697 2248 1752 huc
2296 1698 2606 1768 pertrahere
2655 1714 2760 1752 non
2807 1698 3048 1767 poteras?
3094 1698 3170 1751 Ex
3220 1713 3327 1767 quo
3370 1705 3589 1767 apparet

2013 1799 2236 1844 ca‘teros
2269 1805 2479 1860 quoque
2519 1807 2622 1844 non
2666 1791 2734 1845 ob
2765 1790 3007 1844 inertiam
3059 1799 3259 1844 tantum
3291 1805 3463 1855 suant,
3491 1791 3585 1845 sed

2011 1891 2066 1935 et
2118 1882 2186 1935 ob
2235 1891 2461 1935 vestram
2509 1882 2762 1935 incuriam
2812 1880 2942 1934 foris
2968 1895 3201 1935 manere.
3234 1883 3300 1934 At
3331 1881 3452 1934 licet
3479 1897 3584 1936 non

2011 1973 2174 2041 prius,
2207 1988 2346 2027 nunc
2375 1974 2560 2027 saltem
2592 1973 2912 2037 excitamini,
2945 1981 2998 2025 et
3039 1988 3158 2026 cum
3209 1972 3448 2026 membro
3486 1988 3585 2028 suo

2010 2058 2230 2127 quisque
2258 2058 2308 2111 in
2359 2058 2635 2112 ecclesiam
2686 2057 3038 2126 ingrediatur,
3090 2067 3143 2112 et
3198 2067 3347 2126 pater
3397 2059 3580 2122 ﬁlium,

2009 2158 2062 2204 et
2103 2149 2398 2219 genitorem
2441 2149 2597 2214 ﬁlius,
2631 2159 2683 2202 et
2721 2149 2817 2202 viri
2860 2163 3076 2214 uxores,
3104 2158 3156 2203 et
3199 2149 3340 2202 viros
3369 2163 3579 2214 uxores,

2007 2248 2061 2293 et
2112 2253 2322 2292 servum
2370 2239 2526 2292 herus
2547 2278 2561 2303 ,
2607 2247 2660 2292 et
2695 2237 2856 2292 frater
2883 2237 3119 2303 fratrem,
3152 2247 3203 2292 et
3231 2239 3431 2293 amicus
3451 2239 3582 2293 ami-

2007 2345 2126 2384 cum
2171 2332 2384 2393 excitet,
2439 2338 2493 2384 et
2516 2329 2583 2384 ad
2619 2329 2758 2384 hunc
2784 2339 3103 2383 conventum
3145 2328 3579 2399 frequentandum

2008 2423 2263 2490 instiget:
2293 2421 2399 2474 imo
2437 2436 2564 2475 vero
2604 2436 2707 2474 non
2738 2420 2937 2474 amicos
2988 2429 3210 2484 tantum,
3256 2419 3347 2474 sed
3402 2420 3580 2474 inimi-

2004 2528 2096 2567 cos
2144 2513 2303 2566 etiam
2341 2511 2406 2565 ad
2457 2526 2788 2564 communem
2821 2509 2960 2564 hunc
2989 2511 3244 2564 bonorum
3273 2511 3575 2564 thesaurum

2007 2602 2310 2657 invitemus.
2363 2601 2418 2656 Si
2464 2616 2642 2656 curam
2673 2601 2863 2656 viderit
2914 2610 3053 2655 tuam
3086 2601 3350 2666 inimicus,
3399 2601 3578 2656 odium

2004 2697 2161 2766 plane
2187 2695 2433 2764 deponet.

2073 2786 2371 2840 Judtrorum
2401 2786 2656 2856 diligentia
2685 2786 2815 2838 circa
2835 2786 3114 2840 sabbatum.
3143 2784 3422 2840 Sa’culuria
3456 2787 3575 2840 bene

2003 2879 2308 2945 succedunt,
2358 2878 2402 2932 si
2430 2876 2568 2931 Deus
2610 2877 3021 2931 colatur.-—Dic
3070 2878 3144 2932 illi
3194 2895 3208 2930 :
3250 2877 3363 2932 Non
3417 2893 3570 2932 vere-

2003 2969 2271 3035 cundaris,
2300 2984 2398 3023 nec
2426 2969 2696 3023 erubescis
2739 2965 2953 3023 Judzcos
2973 3009 2987 3035 ,
3019 2968 3107 3037 qui
3139 2976 3277 3022 tanta
3305 2983 3423 3022 cum
3451 2968 3573 3021 dili-

2003 3061 2176 3128 gentia
2223 3059 2496 3114 sabbatum
2541 3058 2866 3124 custodinnt,
2899 3067 3055 3127 atque
3080 3059 3147 3114 ab
3197 3059 3306 3127 ipsa
3341 3058 3447 3127 jam
3476 3074 3569 3113 ve-

2001 3167 2156 3222 spera
2183 3151 2250 3204 ab
2289 3151 2434 3204 omni
2481 3165 2643 3219 opere
2689 3150 2989 3205 abstinent?
3033 3151 3182 3218 Quod
3214 3152 3259 3206 si
3291 3152 3376 3207 die
3409 3152 3570 3207 Para-

2000 3261 2184 3300 sceves
2210 3244 2377 3300 solem
2409 3244 2618 3298 videant
2648 3243 2713 3298 ad
2742 3259 2986 3299 occasum
3029 3256 3356 3315 vergentem,
3386 3255 3440 3302 et
3483 3263 3577 3316 pa-

1999 3346 2082 3392 cta
2115 3337 2450 3400 rescindunt,
2481 3344 2532 3391 et
2579 3337 2875 3405 cmptiones
2908 3337 3315 3407 interrumpunt.
3345 3337 3499 3416 Quod,
3528 3340 3572 3394 si

1998 3431 2117 3499 quis
2151 3445 2268 3483 cum
2321 3439 2443 3482 ante
2481 3444 2751 3498 vesperam
2800 3431 3034 3492 emisset,
3091 3445 3309 3500 vespere
3357 3432 3574 3486 veniens

2000 3520 2224 3591 pretium
2275 3519 2479 3584 aﬂcrat,
2532 3535 2634 3573 non
2667 3520 2928 3574 sustinent
2974 3521 3237 3588 accipere,
3284 3535 3382 3574 nec
3404 3535 3564 3590 pecu-

1997 3613 2134 3664 niam
2154 3611 2457 3664 admittuot.
2503 3611 2636 3676 Quid
2669 3610 2786 3664 dico
2824 3612 3045 3679 pretium
3077 3625 3252 3664 rerum
3284 3611 3566 3676 venalium,

1996 3713 2049 3757 et
2100 3702 2288 3772 pacta?
2331 3702 2575 3770 quamvis
2625 3702 2928 3756 thesaurum
2973 3702 3214 3769 accipere
3246 3701 3448 3766 liceret,
3484 3701 3569 3756 lu-

1997 3811 2144 3849 crum
2195 3795 2320 3849 illud
2368 3794 2583 3848 mallent
2632 3795 2899 3858 amittere,
2945 3810 3102 3863 quam
3146 3795 3313 3864 legent
3341 3794 3561 3848 violare.

1995 3887 2205 3956 Ergone
2250 3886 2439 3949 Juda‘i,
2491 3887 2699 3940 tametsi
2751 3886 2920 3954 legem
2973 3887 3341 3954 intempestive
3388 3896 3568 3940 custo-

1993 3978 2162 4043 diant,
2205 3978 2273 4031 ita
2319 3989 2441 4030 sunt
2487 3985 2730 4030 accurate
2761 3976 3074 4044 diligentes,
3121 3986 3173 4030 ct
3221 3977 3288 4030 ita
3344 3975 3566 4029 studiosi

1993 4077 2118 4122 sunt
2147 4067 2549 4129 observationis,
2597 4083 2712 4136 quas
2742 4066 2870 4120 nihil
2902 4068 2978 4121 eis
3020 4067 3252 4134 prodest,
3286 4068 3391 4121 imo
3411 4069 3565 4122 etiam

1994 4166 2196 4211 nocet:
2252 4167 2303 4210 tu
2343 4158 2428 4225 qni
2470 4155 2577 4225 jam
2622 4156 2805 4209 umbra
2848 4157 3090 4225 superior
3139 4173 3227 4221 es,
3263 4159 3347 4210 cui
3400 4157 3564 4211 solem

1987 4248 2202 4318 justitiae
2246 4249 2426 4304 videre
2463 4263 2772 4302 Concessum
2825 4259 2923 4311 est,
2973 4249 3057 4318 qui
3084 4249 3192 4317 jam
3223 4249 3288 4303 ad
3316 4250 3566 4303 crelorum

1991 4343 2366 4410 municipatum
2415 4342 2670 4410 pertines,
2705 4356 2770 4395 ne
2821 4342 3060 4397 eamdem
3093 4341 3303 4411 quidem
3333 4357 3450 4395 cmn
3481 4343 3558 4404 iis,

1990 4433 2078 4502 qui
2115 4433 2240 4484 vitio
2285 4431 2650 4501 intenmestivc
2689 4431 2823 4485 adha
2845 4442 2959 4486 rent
2986 4474 2999 4495 ,
3041 4432 3452 4486 sollicitudinem
3502 4448 3565 4486 ac

1989 4523 2218 4577 studium
2249 4523 2487 4586 exhibes,
2532 4535 2585 4576 tu
2621 4523 2702 4576 cui
2734 4523 2924 4576 veritas
2959 4523 3068 4592 ipsa
3095 4532 3176 4577 est
3213 4523 3442 4588 credita;
3471 4523 3562 4577 sed

1989 4614 2051 4666 ad
2077 4615 2337 4668 modicam
2367 4613 2468 4665 diei
2503 4624 2703 4682 partem
2723 4612 2824 4667 huc
2848 4624 3083 4678 vocatus,
3117 4629 3183 4667 ne
3205 4629 3320 4666 eam
3350 4612 3561 4680 quidem

1992 4719 2263 4758 sacrorum
2295 4703 2624 4772 eloquiorum
2675 4703 2933 4756 auditioni
2960 4703 3194 4772 dignaris
3221 4703 3564 4772 impendere?

1985 4811 2140 4864 quam
2194 4794 2403 4848 tandem
2444 4794 2673 4860 veniam,
2725 4811 2923 4864 quaiso,
2957 4795 3146 4848 mereri
3187 4795 3561 4864 queas?quam

1984 4903 2112 4941 vero
2129 4889 2328 4956 poteris
2355 4889 2637 4956 legitimam
2659 4888 2912 4956 ctjnsuttn
2933 4887 3564 4942 excusationem-afferre?

1982 4978 2098 5036 Non
2165 4987 2341 5047 potest
2397 4980 2529 5043 ﬁeri,
2589 4979 2740 5048 plane
2789 4994 2892 5032 non
2940 4989 3149 5047 potest,
3209 4989 3265 5033 ut
3311 4980 3395 5047 qui
3454 4989 3560 5032 tam

1983 5070 2251 5138 negligens
2281 5069 2347 5122 sit
2379 5085 2440 5122 ac
2472 5069 2651 5138 piger,
2682 5085 2929 5140 umquam
2961 5071 3111 5123 venia
3150 5070 3339 5140 dignus
3369 5070 3565 5124 habea-

1984 5167 2088 5224 tur,
2119 5159 2240 5213 licet
2260 5160 2452 5214 millies
2476 5160 2804 5214 smeularium
2825 5162 3156 5231 negotiorum
3188 5164 3562 5230 occupationes

1980 5251 2251 5307 obtendat.
2293 5252 2495 5314 Nescis,
2539 5253 2582 5307 si
2614 5253 2717 5308 huc
2760 5256 2979 5309 veniens
3024 5256 3186 5308 Deum
3233 5255 3556 5319 adoraveris,

1979 5351 2032 5398 et
2081 5352 2373 5397 cenventus
2431 5343 2580 5398 istius
2633 5343 2894 5414 particeps
2951 5346 3150 5411 fueris,
3201 5360 3406 5414 eaqum
3451 5360 3560 5414 pra:

1981 5433 2222 5488 manibus
2272 5444 2394 5488 sunt
2423 5435 2631 5505 negotia
2677 5437 2844 5490 facilia
2884 5436 2972 5490 tibi
3002 5446 3054 5491 et
3098 5437 3339 5506 expedita
3370 5435 3559 5490 reddi?

1979 5524 2330 5582 Sarcnlaribus
2391 5527 2528 5580 curis
2585 5527 2876 5596 premeris?
2929 5529 3122 5583 Earum
3174 5529 3330 5598 igitur
3397 5541 3556 5580 causa
