4096 6222
396 385 499 442 175

390 522 502 567 τον,
524 501 623 556 οὑκ
648 498 902 572 ίσχύομεν
930 502 1376 575 στενοχωρεῖσθαι
1398 504 1492 556 καὶ
1512 498 1790 557 θλίϐεσθαι
1812 500 1868 552 ἐν
1890 494 1969 566 τῷ

390 588 606 660 πλήθει.
641 583 824 653 ίδρῶτι
853 585 1118 639 πάντοθεν
1152 586 1569 659 περιῤῥεόμενοι
1610 587 1705 639 καὶ
1735 582 1974 654 ἀχθόμει-

391 689 469 728 νοι
517 672 584 740 τῇ
629 666 806 739 θέρμῃ
851 668 946 722 καὶ
982 670 1048 739 τῇ
1093 669 1458 741 στενοχωρίᾳσ
1497 668 1825 740 αἰσχύνομαι
1876 663 1974 736 μὲν

392 754 532 825 ὑπὲρ
576 750 779 815 αὑτῶν,
819 749 1183 804 πιστεύσατεο
1226 751 1583 819 γυναικώδεις
1616 751 1726 823 γὰρ
1751 750 1810 804 αἱ
1839 749 1975 819 σκή⁴

391 835 534 904 ψεις,
583 832 785 905 μᾶλλον
811 831 869 886 δέ
907 831 1031 887 οὐδὲ
1073 833 1308 898 ἐκείναις
1345 834 1483 906 πρὸς
1513 832 1840 903 συγγνώμην
1875 831 1977 902 ἀρ-

395 918 587 971 κοῦσαι
619 918 674 970 αί
717 919 1015 985 προφάσεις
1044 954 1061 981 ,
1087 910 1177 981 αἶς
1221 916 1581 989 μαλακώτερα
1607 917 1676 969 τά
1717 914 1974 983 σώματα,

396 1002 488 1054 καὶ
528 996 893 1068 ἀσθενεστέρα
936 1000 969 1069 ή
1015 997 1197 1069 φύσις.
1241 1000 1387 1072 Πλὴν
1427 1002 1477 1053 εί
1525 1002 1619 1054 καὶ
1660 999 1885 1069 αἰσχρὸν
1915 997 1977 1049 τὸ

395 1080 800 1151 ἀποκρίνασθαι
844 1082 980 1154 πρὸς
1031 1083 1131 1153 τὴν
1178 1082 1433 1154 τοιαύτην
1484 1082 1801 1152 ἀπολογίαν,
1860 1080 1975 1134 ἀλλ’

393 1167 691 1235 ἀναγκαῖον
719 1165 887 1236 ὅμως.
921 1164 987 1219 Εἰ
1013 1163 1122 1235 γὰρ
1146 1167 1345 1219 ἐκεῖνοι
1365 1166 1587 1219 τοιαῦτα
1623 1164 1977 1237 προφασίζον-

393 1266 505 1309 ται,
538 1248 633 1301 καὶ
664 1248 763 1300 οὑκ
791 1246 1105 1318 ἐρυθριῶσι,
1152 1247 1330 1315 πολλῷ
1358 1247 1556 1319 μᾶλλον
1585 1249 1732 1319 ἡμᾶς
1765 1247 1864 1299 οὑκ
1894 1247 1978 1299 al-

397 1330 687 1402 σχύνεσθαι
722 1329 829 1400 χρὴ
870 1329 1007 1401 πρὸς
1046 1328 1216 1383 ταῦτα
1251 1330 1648 1399 ἀντιλέγοντας.
1683 1329 1746 1381 Τί
1778 1324 1871 1382 οὖν
1901 1327 1978 1381 εῖ-

398 1430 557 1482 ποιμι
591 1415 699 1475 τοῖς
729 1412 900 1465 ταῦτα
921 1412 1379 1483 προϐαλλομένοις
1400 1416 1415 1477 ;'
1436 1412 1557 1465 Τῶν
1583 1410 1751 1482 τριῶν
1773 1410 1978 1463 παίδων

396 1495 706 1564 ἀναμνῆσαι
718 1495 913 1557 αὐτοὺς
929 1492 1188 1564 βούλομαι
1211 1493 1320 1547 τῶν
1335 1496 1394 1547 ἐν
1410 1497 1475 1565 τῇ
1495 1495 1711 1565 καμίνῳ
1734 1495 1828 1546 καὶ
1842 1495 1899 1545 ἐν
1912 1495 1976 1563 τῇ

399 1576 577 1644 φλογὶ,
596 1574 645 1627 οῖ
672 1576 1009 1645 πανταχόθεν
1034 1577 1217 1640 αὑτοῖς
1245 1580 1567 1648 περιτρέχον
1593 1576 1655 1630 τὸ
1684 1575 1796 1647 πῦρ
1810 1574 1980 1646 ὁρῶν-

396 1674 509 1721 τες,
533 1659 628 1711 καὶ
652 1657 731 1728 τῷ
747 1660 975 1729 στόματι
992 1660 1209 1723 καὶτοῖς
1228 1658 1541 1730 ὀφθαλμοῖς,
1556 1660 1649 1711 καὶ
1668 1658 1805 1730 αὑτῇ
1827 1673 1895 1709 πε
1902 1673 1983 1728 ρι-

400 1741 696 1811 κεχυμένον
722 1745 790 1812 τῇ
825 1743 1089 1812 ἁναπνοῇ,
1121 1742 1221 1795 οὑκ
1244 1740 1554 1795 ἐπαύσαντο
1577 1741 1667 1793 τὸν
1708 1740 1853 1812 ἱερὸν
1886 1739 1980 1792 καὶ

405 1824 661 1895 μυστικὸν
698 1826 904 1877 ἐκεῖνον
952 1823 1121 1894 ὕμνον
1165 1824 1386 1895 ᾄδοντες
1421 1823 1501 1893 τῷ
1542 1824 1662 1895 Θεῷ
1704 1823 1842 1893 μετά
1879 1822 1979 1892 τῆς

402 1909 653 1972 κτίσεως,
676 1908 810 1961 ἀλλὰ
837 1909 944 1961 τῶν
974 1909 1031 1962 ἐν
1060 1905 1284 1978 λειμῶνι
1312 1906 1711 1978 διατριϐόντων,
1753 1907 1811 1958 ἐν
1841 1906 1980 1975 μέσῃ

402 1992 520 2044 τότε
542 1991 772 2054 ἑστῶτες
799 1993 865 2061 τῇ
892 1992 1061 2061 πυρᾷ,
1083 1991 1489 2062 προθυμότερον
1506 1990 1602 2061 τὴν
1619 1989 1890 2062 εὐφημίαν
1904 1989 1982 2059 τῷ

402 2071 564 2143 κοινῷ
598 2072 707 2124 τῶν
739 2073 875 2126 ὅλων
908 2073 1228 2145 ἀνέπεμπον
1272 2073 1542 2143 Δεσπότῃ·
1574 2071 1669 2125 καὶ
1708 2070 1849 2142 μετά
1876 2069 1983 2122 τῶν

401 2155 565 2227 τριῶν
605 2156 811 2208 παίδων
855 2154 1081 2219 τούτων,
1120 2156 1228 2209 τῶν
1274 2155 1503 2208 λεόντων
1543 2154 1724 2217 αὑτοῖς
1763 2153 1871 2206 τῶν
1927 2153 1984 2204 ἐν

402 2237 709 2301 Βαϐυλῶνι,
749 2238 843 2295 καὶ
872 2237 965 2290 τοῦ
1000 2236 1198 2308 Δανιὴλ
1235 2238 1329 2289 καὶ
1360 2235 1455 2289 τοῦ
1491 2235 1694 2290 λάκκου
1714 2249 1729 2265 ’
1777 2235 1896 2305 οὐχὶ
1928 2233 1985 2287 δὲ

402 2332 591 2388 τούτου
628 2331 811 2401 μόνου,
837 2328 973 2382 ἀλλά
1001 2329 1096 2381 καὶ
1122 2329 1309 2399 ἐτέρου
1334 2328 1534 2381 λάκκου
1558 2328 1652 2381 καὶ
1683 2329 1984 2398 προφήτου,

404 2419 497 2472 καὶ
528 2417 792 2489 βορϐόρου
825 2416 987 2487 μέχρι
1024 2415 1292 2486 τραχήλου
1325 2416 1415 2468 τὸν
1449 2414 1719 2485 Ἰερεμίαν
1753 2411 1986 2466 ἀποπνί-

403 2516 595 2570 γοντος
642 2498 1060 2569 ἀναμνησθῆναι
1094 2499 1256 2553 πάλιν
1295 2498 1494 2560 αὑτοὺς
1528 2496 1681 2562 ἀξιῶ.
1729 2496 1838 2548 Καὶ
1879 2493 1988 2548 ἀπὸ

400 2583 514 2638 τῶν
542 2582 760 2639 λάκκων
789 2579 939 2653 [160]
974 2582 1203 2645 ἀναϐάς,
1232 2584 1545 2649 εἰσαγαγεῖν
1574 2582 1653 2642 είς
1682 2578 1741 2631 τὸ
1772 2578 1984 2648 δεσμω-

404 2667 593 2737 τήριον
622 2664 883 2734 βούλομαι
904 2662 1125 2727 τούτους
1157 2666 1281 2728 τοὺς
1303 2663 1364 2716 τὸ
1395 2662 1585 2732 καῦμα
1616 2661 1988 2733 προϐαλλομέ-

406 2765 547 2812 νους,
579 2749 673 2801 καὶ
701 2747 872 2813 δεῖξαι
901 2747 992 2800 τὸν
1026 2746 1237 2802 Παῦλον
1282 2749 1398 2801 ἐκεῖ
1431 2748 1525 2799 καὶ
1566 2746 1658 2798 τὸν
1700 2744 1859 2797 Σίλαν
1908 2744 1987 2815 τῷ

407 2834 549 2908 ξύλῳ
582 2833 839 2905 προσδεδε
849 2833 1063 2907 μένους,
1098 2832 1382 2903 μωλώπων
1408 2831 1680 2902 γέμοντας
1708 2831 1802 2884 καὶ
1822 2847 1988 2901 τραυ-

411 2919 616 2989 μάτων,
647 2916 725 2987 τῷ
753 2912 948 2987 πλήθει
976 2915 1084 2969 τῶν
1120 2914 1343 2987 πληγῶν
1377 2916 1521 2969 ἅπαν
1552 2913 1987 2979 καταξανθέντας

408 2999 468 3054 τὸ
497 2999 676 3071 σῶμα,
714 3002 772 3053 ἐν
809 2999 947 3070 μέσῃ
976 3001 1042 3069 τῇ
1070 2998 1226 3053 νυκτὶ
1255 2997 1346 3051 τὸν
1374 2997 1505 3049 θεὸν
1536 2994 1861 3066 ὑμνοῦντας,
1894 2997 1989 3050 καὶ

407 3082 503 3153 τὴν
537 3081 686 3153 ἱερὰν
716 3082 933 3149 ἐκείνην
958 3080 1258 3150 παννυχίδα
1288 3078 1688 3141 ἐπιτελοῦντας.
1726 3077 1847 3142 Πῶς
1882 3079 1990 3148 γὰρ

405 3166 506 3219 οὐκ
532 3165 732 3220 ἄτοπον
760 3165 886 3227 τοὺς
915 3164 1012 3234 μὲν
1034 3164 1225 3232 ἀγίους
1252 3162 1517 3225 ἐκείνους,
1546 3163 1603 3213 ἐν
1630 3160 1865 3231 καμίνῳ,
1895 3162 1988 3215 καὶ

408 3247 564 3319 πυρὶ,
608 3247 704 3299 καὶ
747 3246 972 3316 λάκκῳ,
1019 3248 1114 3300 καὶ
1158 3245 1404 3316 θηρίοις,
1442 3246 1536 3300 καὶ
1572 3243 1853 3315 βορϐόρῳ,
1897 3245 1990 3298 καὶ

406 3328 782 3399 δεσμωτηρίῳ,
820 3330 917 3381 καὶ
954 3327 1118 3399 ξύλῳ,
1154 3330 1248 3382 καὶ
1273 3328 1530 3400 πληγαῖς,
1574 3327 1668 3380 καὶ
1700 3326 1987 3395 φυλακαῖς,

407 3415 638 3477 καὶτοῖς
678 3412 973 3482 ἀφορήτοις
1011 3411 1173 3475 ὄντας
1204 3413 1431 3477 δεινοῖς,
1464 3415 1631 3485 μηδὲν
1672 3419 1877 3473 τούτων
1907 3423 1989 3474 αξ-

406 3496 624 3550 τιᾶσθαι
658 3496 912 3559 πώποτε,
947 3495 1083 3549 ἀλλά
1132 3496 1269 3566 μετά
1317 3497 1514 3552 πολλοῦ
1562 3499 1656 3554 τοῦ
1700 3504 1854 3557 τόνου
1897 3505 1992 3557 καὶ

410 3579 692 3650 προθυμία
723 3578 919 3651 ζεούσῃ
953 3579 1138 3649 εὐχαῖς
1164 3581 1259 3634 καὶ
1298 3579 1490 3651 ὕμνοις
1528 3584 1694 3654 ίεροῖς
1727 3587 1991 3659 ἐνδιατρί-

409 3662 526 3714 ϐειν
553 3659 841 3732 διηνεκῶς,
873 3662 1019 3731 ἡμᾶς
1051 3661 1108 3714 δὲ
1138 3663 1198 3715 οὑ
1239 3664 1453 3735 μικρὸν,
1482 3665 1544 3718 οὑ
1573 3667 1716 3736 μέγα
1741 3668 1850 3723 τῶν
1882 3670 1991 3724 ἀπ-

408 3743 804 3814 ηριθμημένων
831 3745 1234 3815 ὑπομείναντας
1270 3746 1480 3811 παθῶν,
1524 3747 1613 3802 διά
1642 3751 1859 3821 καῦμα,
1896 3751 1991 3807 καὶ

411 3838 621 3910 θέρμην
644 3837 901 3910 βραχεῖαν
930 3840 1024 3893 καὶ
1057 3839 1276 3911 ἱδρῶτα,
1304 3840 1405 3910 τῆς
1431 3841 1639 3906 οἰκείας
1660 3844 1842 3897 αὑτῶν
1862 3846 1992 3915 ἀμε-

410 3930 520 3983 λεῖν
553 3930 862 4000 σωτηρίας,
899 3930 994 3982 καὶ
1025 3929 1122 3992 τὰς
1156 3929 1404 3996 συνάξεις
1432 3932 1664 4001 ἀφέντας
1693 3934 1799 4000 ἐξω
1850 3935 1987 3988 πλα-

410 4021 637 4084 νάσθαι,
689 4020 969 4089 συλλόγοις
1012 4021 1547 4092 προσφθειρομένους
1576 4024 1729 4079 οὐδὲν
1774 4024 1990 4096 ἔχουσιν

412 4113 593 4179 ὑγιές;
629 4110 878 4181 Τοσαύτη
911 4110 1100 4182 δρόσος
1135 4111 1243 4164 τῶν
1271 4110 1430 4165 θείων
1453 4112 1770 4181 λογίων,καὶ
1800 4116 1991 4188 καῦμα

412 4203 726 4276 προϐάλλῃ;
762 4201 831 4256 Τὸ
867 4200 1021 4269 ὕδωρ
1044 4243 1058 4268 ,
1108 4200 1140 4254 ὃ
1170 4202 1285 4272 ἐγὼ
1334 4202 1505 4258 δώσω
1549 4205 1730 4272 αὐτῷ,
1766 4209 1930 4279 φησιν
1960 4210 1990 4263 ό

411 4298 665 4367 Χριστὸς,
698 4296 1012 4367 γενήσεται
1054 4297 1125 4351 ἐν
1164 4296 1326 4363 αὐτῷ
1358 4299 1522 4368 πηγὴ
1551 4300 1770 4368 ὕδατος
1808 4303 1990 4357 ἀλλο-

409 4391 593 4461 μένου
635 4392 723 4455 εἰς
745 4387 898 4456 ζωὴν
928 4387 1186 4443 αἰώνιον·
1222 4391 1316 4444 καὶ
1363 4391 1550 4456 πάλιν,
1595 4392 1647 4446 '0
1688 4396 1991 4450 πιστεύων

411 4485 494 4547 εις
517 4481 643 4549 ἐμὲ,
670 4480 863 4547 καθὼς
909 4477 1079 4535 εἶπεν
1127 4483 1167 4550 ἠ
1207 4482 1441 4551 Γραφὴ,
1470 4485 1735 4554 ποταμοί
1773 4487 1839 4541 ἐκ
1878 4487 1990 4556 τῆς

414 4574 645 4638 κοιλίας
673 4571 859 4626 αὐτοῦ
891 4572 1229 4639 ῥεύσουσιν
1263 4571 1482 4640 ὕδατος
1513 4573 1747 4642 ζῶντος.
1797 4578 1989 4648 Πηγὰς

416 4657 575 4728 ἔχων,
611 4658 731 4711 εῑπέ
760 4675 871 4728 μοι,
909 4659 1004 4713 καὶ
1034 4660 1311 4729 ποταμοὺς
1347 4665 1767 4734 ττνευματικοὺς,
1801 4667 1987 4738 καῦμα

413 4748 655 4813 δέδοικας
676 4751 952 4822 αίσθητόνς
984 4751 1073 4805 ἐπὶ
1098 4751 1167 4809 ’δὲ
1200 4753 1296 4823 τῆς
1328 4753 1551 4824 ἀγορᾶς,
1577 4756 1698 4810 είπέ
1726 4774 1835 4826 μοι,
1859 4758 1987 4813 ἔνθα

416 4838 667 4902 τοσοῦτος
701 4837 928 4909 θόρυϐος
962 4839 1058 4892 καὶ
1091 4842 1426 4912 στενοχωρία
1466 4844 1563 4897 καὶ
1595 4844 1762 4909 πολὺς
1788 4844 1818 4897 ό
1849 4847 1988 4901 καύο

419 4944 548 4990 σων,
585 4927 702 4992 πῶς
734 4928 794 4981 ού
830 4927 1104 4999 προϐάλλῃ
1142 4931 1330 4997 πνῖγος
1371 4931 1465 4984 καὶ
1495 4930 1740 5004 θέρμην;
1771 4936 1845 4988 Οὑ
1881 4935 1988 5008 γάρ

415 5016 657 5089 δήτοῦτο
684 5016 771 5088 ἐχε
781 5036 828 5082 ις
858 5018 922 5072 ἂν
943 5019 1137 5083 εἰπεῖν,
1161 5018 1242 5072 ὅτι
1275 5020 1391 5072 ἐκεῖ
1417 5021 1516 5090 μὲν
1532 5021 1874 5095 ψυχροτέρας
1892 5027 1989 5097 τῆς

415 5107 510 5162 τοῦ
548 5107 707 5179 ἀέρος
737 5106 949 5177 φύσεως
979 5106 1124 5162 ἔστιν
1153 5108 1466 5178 ἀπολαύειν,
1495 5112 1728 5167 ἐνταῦθα
1759 5116 1816 5168 δὲ
1843 5117 1991 5171 ἀπαν

417 5198 547 5268 ήμῖν
564 5197 897 5268 συνῆκταιτδ
911 5198 1117 5266 πνῖγος,
1138 5200 1275 5255 ἀλλά
1292 5203 1400 5254 πᾶν
1410 5204 1740 5270 τούναντίον,
1758 5206 1990 5261 ἐνταῦθα

420 5289 521 5359 μὲν
551 5289 647 5343 καὶ
684 5289 792 5342 ἀπὸ
818 5288 920 5359 τῆς
949 5288 1314 5362 ὑποκειμένης
1358 5292 1583 5358 πλακὸς,
1620 5296 1713 5349 καὶ
1746 5296 1854 5349 ἀπὸ
1892 5298 1991 5369 τῆς

415 5377 582 5448 ἀλλης
596 5377 690 5431 τοῦ
712 5378 861 5433 οῖκου
878 5380 1222 5450 κατασκευῆς
1246 5388 1261 5449 (
1282 5382 1376 5435 καὶ
1392 5384 1499 5455 γὰρ
1515 5385 1593 5446 είς
1616 5384 1748 5454 ὕψος
1763 5386 1991 5457 ἀνέστη-

418 5484 513 5522 κεν
543 5467 783 5538 ἀφατον)
824 5469 1150 5541 κουφότερος
1176 5471 1268 5525 καὶ
1298 5470 1632 5544 ψυχρότερος
1661 5477 1690 5529 ὁ
1716 5477 1844 5547 ἀήρ·
1877 5477 1993 5530 ἐκεῖ

416 5557 473 5612 δὲ
498 5558 664 5623 πολὺς
694 5559 793 5631 μὲν
824 5560 971 5631 ἣλιος
994 5560 1292 5634 πανταχοῦ,
1314 5562 1484 5633 πολλὴ
1513 5563 1571 5616 δὲ
1598 5566 1632 5635 ἡ
1661 5567 1991 5637 στενοχωρία

419 5650 515 5703 καὶ⁵
552 5651 756 5715 καπνὸς
784 5653 876 5706 καὶ
899 5652 1069 5717 κόνις,
1109 5655 1204 5707 καὶ
1231 5654 1394 5726 ἕτερα
1417 5654 1599 5725 πολλῷ
1627 5656 1847 5712 πλείονα
1871 5659 1991 5712 τού-

420 5757 527 5795 των
558 5743 894 5799 ἐπιτείνοντα
928 5743 1024 5817 τήν
1054 5744 1266 5816 ἀηδίαν.
1300 5745 1464 5800 Ὅθεν
1497 5746 1680 5817 δῆλον,
1712 5749 1795 5803 ὅτι
1830 5751 1989 5823 ρᾳθυ-

1356 387 1420 442 ΙΝ
1460 387 1688 453 lLLUD,
1732 384 1792 441 Si
1824 383 2199 441 ESUIUERI'I
2242 383 2571 449 INIMICUS,
2615 384 2767 441 ETC.

3544 361 3670 439 ηε

2081 496 2209 566 μίας
2238 500 2333 552 καὶ
2361 498 2539 569 ψυχῆς
2575 496 3034 560 ἀναπεπτωκυίας
3061 494 3157 549 καὶ
3196 494 3299 565 τῆς
3343 492 3437 549 τοῦ
3479 493 3653 550 Πνεύ-

2079 603 2247 657 ματος
2266 586 2472 657 ,φλογὸς
2504 586 2955 658 ἀπεστερημένης
2988 577 3145 638 αὗται
3172 583 3230 637 αί
3264 581 3566 656 προφάσεις
3596 587 3665 640 αί

2075 668 2281 747 ἀλογοιξ

2144 769 2405 838 γ’.Ταῦτα
2422 769 2543 840 οὑχὶ
2561 769 2698 840 πρὸς
2716 769 2956 831 ἐκείνους
2969 768 3223 822 τοσοῦτον
3237 766 3657 837 ἀποτεινόμενος

2076 864 2222 931 λέγω
2247 861 2363 923 νῦν,
2392 862 2516 914 ὅσον
2563 863 2699 931 πρὸς
2730 862 2873 932 ὑμᾶς
2907 864 3033 924 τοὺς
3066 862 3166 914 οὑκ
3196 860 3615 930 ἐπισπωμένους
3639 898 3655 923 ,

2075 958 2203 1020 τοὺς
2227 957 2326 1010 οὑκ
2353 954 2685 1018 ἀνιστῶντας
2715 955 2911 1018 αὑτοὺς
2940 954 3048 1008 ἀπὸ
3075 955 3174 1025 τῆς
3208 951 3481 1024 ῥᾳθυμίας
3500 991 3516 1019 ,
3563 951 3659 1005 καὶ⁵

2082 1048 2216 1119 πρὸς
2247 1047 2344 1118 τὴν
2379 1047 2653 1117 σωτηρίαν
2687 1045 2891 1115 ταύτην
2925 1044 3181 1108 ἕλκοντας
3213 1042 3510 1114 τράπεζαν.
3545 1042 3661 1095 Καὶ

2076 1136 2286 1189 οἰκέται
2321 1136 2420 1206 μὲν
2467 1135 2652 1204 κοινὴν
2695 1133 2980 1204 μέλλοντες
3020 1129 3328 1201 ἐκπληροῦν
3360 1129 3656 1187 διακονίαν.

2077 1231 2204 1293 τοὺς
2232 1227 2413 1281 αὑτῶν
2449 1227 2765 1290 συνδούλους
2806 1224 3081 1280 καλοῦσιν·
3126 1224 3288 1294 ὑμεῖς
3325 1223 3383 1276 δὲ
3429 1223 3524 1275 ἐπὶ
3559 1223 3660 1293 τὴν

2080 1320 2452 1392 πνευματικὴν
2480 1320 2683 1391 ταύτην
2717 1319 3001 1389 μέλλοντες
3040 1317 3287 1387 ἀπαντᾷν
3335 1314 3658 1387 ὑπηρεσίαν,

2079 1414 2370 1485 περιορᾶτε
2404 1412 2529 1475 τοὺς
2558 1409 2878 1483 ὁμοδούλους
2917 1408 3006 1461 τοῦ
3049 1407 3274 1479 κέρδους
3318 1408 3658 1476 ἀποστερου-

2084 1507 2296 1575 μένους.
2355 1505 2420 1557 Τί
2465 1499 2578 1568 οῦν,
2620 1505 2669 1556 εί
2720 1502 2795 1573 μὴ
2840 1499 3145 1571 βούλοιντο,
3202 1497 3371 1570 φησί;
3428 1496 3660 1565 Ποίησον

2083 1599 2280 1662 αὑτοὺς
2317 1598 2644 1670 βουληθῆναι
2677 1600 2743 1670 τῇ
2788 1600 3005 1669 συνεχεῖ
3046 1595 3371 1669 προσεδρείᾳ
3393 1610 3405 1623 ⁸
3451 1592 3518 1647 ἂν
3550 1592 3661 1663 γὰρ

2085 1687 2267 1740 ἴδωσιν
2336 1687 2717 1758 ἐπικειμένους
2771 1689 2952 1758 ἡμᾶς,
3012 1686 3231 1748 πάντως
3285 1684 3657 1755 βουλήσονται.

2098 1779 2258 1832 Ἀλλά
2287 1779 2392 1851 γὰρ
2428 1780 2626 1849 σκῆψις
2666 1780 2838 1832 ταῦτα
2874 1779 2967 1832 καὶ
3004 1779 3295 1848 πρόφασις.
3334 1777 3498 1829 Πόσοι
3530 1775 3662 1843 γοῦν

2084 1869 2316 1923 ἐνταῦθα
2351 1872 2586 1941 πατέρες
2610 1871 2715 1924 εἰσὶ
2741 1872 2834 1923 καὶ
2862 1874 2989 1935 τοὺς
3019 1871 3168 1934 υἱοὺς
3200 1870 3301 1923 οὑκ
3328 1869 3509 1940 έχουσι
3543 1867 3662 1939 μεθ’

2084 1967 2290 2021 ἑαυτῶν
2319 1969 2595 2034 ἐστῶταςς
2633 1970 2707 2041 μὴ
2748 1970 2840 2023 καὶ
2877 1969 2984 2022 τῶν
3012 1969 3219 2021 τέκνων
3250 1964 3663 2020 ἐπισπάσασθαί

2086 2075 2168 2111 σοι
2215 2057 2469 2112 δύσκολον
2509 2054 2605 2130 ἧν;
2641 2060 2800 2113 Ὅθεν
2831 2059 2990 2130 δῆλον
3027 2060 3108 2113 ὅτι
3159 2057 3251 2112 καὶ
3292 2060 3340 2111 οἱ
3375 2057 3552 2109 λοιποὶ
3600 2058 3662 2109 ού

2086 2150 2236 2221 παρά
2269 2151 2366 2222 τὴν
2404 2153 2612 2205 οίκείαν
2654 2152 2928 2224 ρᾳθυμίαν
2972 2152 3151 2224 μόνον,
3203 2150 3339 2204 ἀλλά
3386 2148 3480 2203 καὶ
3511 2148 3663 2219 παρά

2083 2239 2182 2309 τὴν
2215 2241 2483 2312 ὑμετέραν
2513 2242 2814 2312 ὑπεροψίαν
2844 2242 2948 2306 ἔξω
2987 2242 3256 2310 μένουσιν.
3306 2238 3448 2291 Ἀλλ’
3487 2240 3535 2291 εἰ
3568 2238 3664 2290 κα1⁵

2090 2330 2164 2402 μὴ
2198 2331 2482 2403 πρότερον,
2512 2333 2606 2387 νῦν
2651 2334 2781 2402 γοῦν
2829 2333 3183 2403 διανάστητε,
3235 2331 3329 2384 κα)⁵
3384 2329 3522 2402 μετά
3566 2328 3661 2383 τοῦ

2091 2421 2283 2491 μέλους
2308 2422 2535 2486 ἕκαστος
2561 2425 2640 2487 είς
2657 2424 2757 2494 τὴν
2781 2422 3073 2493 ἐκκλησίαν
3100 2421 3336 2483 είσιέτω,
3364 2421 3459 2473 καὶ
3480 2418 3663 2491 πατὴρ

2086 2514 2221 2573 υίδν,
2249 2516 2344 2568 καὶ
2371 2515 2486 2577 υἱὸς
2504 2515 2595 2567 τὸν
2617 2515 3006 2585 γεγεννηκότα,
3031 2513 3126 2568 καὶ
3152 2515 3421 2582 γυναῖκας
3447 2513 3663 2584 ἄνδρες,

2089 2606 2182 2657 καὶ
2210 2605 2409 2675 ἄνδρας
2429 2608 2706 2673 γυναῖκες,
2739 2606 2833 2659 καὶ
2854 2605 3120 2674 δεσπότης
3147 2603 3355 2668 δοῦλον,
3390 2604 3482 2657 καὶ
3511 2601 3668 2656 ἀδελ-

2089 2696 2187 2764 φὸς
2214 2695 2363 2768 [161]
2390 2696 2638 2765 ἀδελφὸν,
2670 2697 2764 2750 καὶ
2794 2696 2945 2765 φίλος
2981 2697 3133 2767 φίλον
3161 2695 3538 2766 διεγειρόντων
3568 2694 3666 2748 καὶ

2090 2785 2499 2857 παρορμώντων
2539 2788 2677 2858 πρὸς
2706 2788 2804 2859 τὴν
2837 2787 3072 2841 ἐνταῦθα
3104 2786 3340 2841 σύνοδον·
3376 2786 3576 2857 μᾶλλον
3606 2785 3665 2837 δέ

2091 2878 2165 2948 μὴ
2188 2878 2314 2941 τοὺς
2337 2879 2523 2946 φίλους
2552 2879 2732 2943 μόνον,
2764 2879 2902 2932 ἀλλὰ
2949 2879 3191 2942 καὶτοὺς
3223 2879 3451 2949 ἐχθροὺς
3488 2876 3668 2931 καλῶς

2092 2985 2192 3038 μεν
2223 2968 2318 3022 ἐπὶ
2358 2968 2450 3021 τὸν
2498 2969 2673 3023 κοινὸν
2714 2968 2903 3023 τοῦτον
2948 2969 3058 3024 τῶν
3103 2969 3325 3038 ἀγαθῶν
3370 2966 3663 3039 θησαυρόν.

2093 3060 2191 3114 ’Ἂν
2227 3060 2309 3131 ἴδῃ
2353 3076 2447 3112 σου
2476 3059 2573 3131 τὴν
2615 3060 2869 3131 πρόνοιαν
2912 3063 2940 3114 ό
2972 3060 3193 3133 ἐχθρὸς,
3237 3058 3527 3114 καταλύσει
3566 3057 3666 3129 τήν

2089 3151 2386 3222 ἀπέχθειαν
2419 3152 2655 3214 πάντως.

2161 3242 2295 3297 Εἰπέ
2341 3242 2476 3315 πρὸς
2524 3240 2721 3296 αὐτόν·
2758 3240 2877 3296 Οὑκ
2904 3240 3133 3313 αἰσχύνῃ
3191 3242 3491 3306 Ἰουδαίους,
3541 3244 3667 3297 οὑδέ

2088 3334 2372 3405 ἐρυθριᾷς,
2409 3333 2459 3387 οῖ
2498 3333 2635 3404 μετὰ
2678 3332 2943 3402 τοσαύτης
2983 3333 3266 3405 ἀκριϐείας
3313 3332 3375 3387 τό
3401 3334 3667 3389 σάϐϐατον

2090 3425 2453 3495 φυλάττουσι,
2480 3426 2574 3478 καὶ
2615 3425 2724 3478 ἀπὸ
2748 3426 2847 3496 τῆς
2874 3425 3113 3497 ἑσπέρας
3160 3424 3335 3496 αὑτῆς
3365 3426 3545 3495 πάσης
3575 3427 3670 3500 ἐρ-

2088 3515 2284 3584 γασίας
2310 3516 2665 3584 ἀφίστανταις
2693 3515 2810 3569 Κάν
2837 3515 2988 3570 ἴδωσι
3008 3517 3101 3569 τὸν
3123 3515 3273 3587 ῆλιον
3296 3515 3430 3586 πρὸς
3459 3516 3670 3589 δυσμὰς

2090 3607 2443 3677 ἐπειγόμενον
2474 3608 2532 3661 ἐν
2559 3610 2624 3679 τῇ
2654 3607 2756 3678 τῆς
2792 3608 3148 3679 παρασκευῆς
3174 3609 3378 3681 ἡμέρα,
3406 3611 3502 3663 κα1⁵
3530 3626 3671 3681 συμ-

2091 3693 2285 3749 ϐόλαια
2320 3694 2670 3750 διακόπτοντι
2692 3738 2707 3762 ,
2737 3697 2834 3750 καί¹
2878 3697 3111 3769 πράσεις
3151 3697 3528 3769 διατέμνουσι·
3564 3699 3670 3755 κᾶν

2090 3784 2393 3854 πριάμενός
2444 3802 2527 3848 τις
2588 3787 2720 3857 παρ’
2764 3786 2943 3839 αὑτῶν
3001 3787 3110 3857 πρὸ
3153 3787 3254 3857 τῆς
3308 3789 3563 3859 ἑσπέρας.
3610 3791 3672 3841 ἐν

2090 3875 2298 3946 ἑσπέρᾳ
2326 3876 2425 3944 τὴν
2456 3874 2623 3945 τιμὴν
2646 3875 2775 3945 ἔλθῃ
2816 3876 3075 3946 κομίζων,
3106 3878 3207 3930 οὐκ
3254 3878 3536 3946 ἀνέχονται
3575 3878 3671 3932 λα-

2092 3966 2226 4032 ϐεῖν,
2275 3966 2394 4019 οὑδέ
2443 3967 2803 4030 ὑποδέξασθαι
2848 3968 2908 4020 τὸ
2955 3969 3233 4040 ἀργύριον.
3271 3970 3382 4022 Καὶ
3427 3970 3480 4022 τί
3525 3969 3669 4038 λέγω

2089 4055 2257 4125 τιμὴν
2285 4054 2461 4108 ὠνίων
2490 4057 2583 4108 καὶ
2617 4056 2952 4127 συμϐόλαια;
2986 4056 3088 4111 κᾶν
3125 4059 3398 4130 θησαυρὸν
3419 4059 3546 4131 ἐξῆν
3574 4060 3670 4115 λα-

2091 4145 2226 4209 ϐεῖν,
2259 4144 2448 4198 ἐλοιντ’
2488 4144 2554 4199 ἂν
2581 4146 2843 4200 ἀπολέσαι
2870 4148 2933 4201 τὸ
2972 4148 3182 4221 κέρδος,
3222 4149 3254 4221 ἢ
3285 4151 3669 4223 καταπατῆσαι

2091 4237 2181 4291 τὸν
2213 4236 2397 4308 νόμον.
2445 4234 2579 4292 Εἶτα
2624 4238 2866 4292 Ἰουδαῖοι
2914 4240 3033 4309 μὲν,
3077 4240 3170 4293 καὶ
3201 4241 3375 4296 ταῦτα
3423 4242 3672 4315 ἀκαίρως

2088 4325 2384 4395 τηροῦντες
2417 4324 2511 4378 τὸν
2543 4326 2707 4397 νόμον
2744 4324 2917 4391 οὑτως
2952 4327 3091 4379 είσὶν
3117 4328 3362 4399 ἀκριϐεῖς
3383 4370 3398 4393 ,
3428 4330 3522 4383 καὶ
3569 4348 3672 4401 φυ-

2090 4415 2262 4486 λακῆς
2288 4416 2606 4488 ἀντέχονται
2629 4417 2783 4471 οὐδὲν
2817 4418 3015 4481 αὑτοὺς
3034 4418 3371 4491 ὠφελούσης,
3402 4420 3539 4476 ἀλλά
3574 4424 3670 4479 καὶ

2091 4511 2598 4584 καταϐλαπτούσηςο
2634 4514 2700 4567 σὺ
2725 4512 2803 4575 δέ,
2834 4513 2862 4564 ό
2892 4513 2989 4583 τῆς
3030 4515 3187 4577 σκιᾶς
3213 4514 3501 4588 ἀνώτερος,
3528 4521 3556 4572 ὀ
3579 4519 3670 4574 τὸν

2088 4592 2243 4665 ῆλιον
2271 4594 2372 4665 τῆς
2402 4593 2752 4665 δικαιοσύνης
2777 4595 2905 4648 ίδεῖν
2937 4597 3295 4663 καταξιωθεὶς
3314 4638 3328 4661 ,
3355 4602 3385 4653 ό
3413 4600 3548 4671 πρὸς
3569 4602 3672 4672 τήν

2088 4676 2197 4730 τῶν
2225 4676 2473 4746 οὐρανῶν
2517 4676 2792 4731 πολιτείαν
2816 4677 3008 4742 τελῶν,
3038 4678 3159 4732 οὑδέ
3195 4679 3295 4751 τὴν
3332 4682 3503 4752 αὐτὴν
3530 4685 3673 4737 ἐκεί-

2089 4777 2201 4824 νοις
2234 4761 2605 4816 ἐπιδείκνυσαι
2628 4763 2865 4834 σπουδήν
2884 4765 2994 4827 τοῖς
3012 4766 3078 4835 τῇ
3100 4764 3267 4836 κακίᾳ
3290 4766 3669 4837 προσεδρεύου-

2092 4860 2176 4898 σιν
2201 4844 2446 4915 ἀκαίρως
2466 4884 2481 4906 ,
2510 4847 2539 4897 ό
2576 4844 2674 4916 τὴν
2699 4845 2955 4916 ἀλήθειαν
2984 4847 3365 4920 ἐγχειρισθεὶς,
3408 4849 3547 4904 ἀλλά
3583 4869 3673 4922 μι-

2090 4926 2221 4998 κρὸν
2257 4926 2422 4997 μέρος
2450 4928 2662 4999 ἡμέρας
2696 4928 2929 4982 ἐνταῦθα
2968 4929 3319 5001 καλούμενος,
3364 4932 3484 4986 οὑδὲ
3514 4931 3674 4987 τοῦτο

2093 5008 2387 5079 ὑπομένεις
2431 5010 2706 5064 ἀναλῶσαι
2753 5011 2887 5083 πρὸς
2917 5012 3017 5084 τὴν
3058 5012 3167 5067 τῶν
3205 5013 3366 5068 θείων
3409 5014 3673 5086 ἀκρόασιν

2090 5091 2318 5162 λογίωνς
2347 5093 2440 5145 καὶ
2472 5092 2631 5157 ποίας
2669 5093 2735 5147 ἂν
2772 5093 2956 5165 τύχοις
3000 5095 3350 5169 συγγνώμης,
3387 5099 3507 5151 είπέ
3544 5116 3669 5170 μοι;

2090 5175 2209 5229 τίνα
2233 5176 2289 5229 δὲ
2330 5175 2471 5239 ἐξεις
2507 5175 2803 5245 ἀπολογίαν
2835 5180 3009 5231 εἰπεῖν
3031 5177 3253 5247 εὔλογον
3286 5181 3379 5233 καὶ
3425 5180 3668 5247 δικαίαν;

2092 5260 2203 5314 Οὑκ
2244 5260 2411 5322 ἔστιν,
2460 5260 2560 5314 οὑκ
2598 5259 2713 5314 ἐστι
2751 5260 2841 5314 τὸν
2883 5260 3056 5325 οὑτως
3079 5261 3254 5333 ἀμελῆ
3299 5263 3395 5317 καλ⁵
3427 5264 3671 5335 ῥᾴθυμον

2094 5344 2422 5417 συγγνώμης
2450 5347 2630 5415 τυχεῖν
2660 5363 2808 5403 ποτε.
2844 5346 2947 5400 κᾶν
2973 5348 3231 5418 μυριάκις
3263 5348 3507 5416 ἀνάγκας
3533 5366 3670 5421 προ⁴

2093 5427 2355 5497 ϐάλληται
2389 5428 2731 5499 πραγμάτων
2777 5428 3066 5499 βιωτικῶν.
3110 5430 3224 5484 Οὐκ
3256 5425 3427 5495 οἶδας,
3464 5432 3545 5485 ὅτι
3573 5433 3671 5486 ἐὰν

2092 5510 2261 5564 ἐλθὼν
2282 5513 2665 5583 προσκυνήσῃς
2690 5511 2781 5565 τὸν
2818 5511 2975 5576 Θεὸν,
3003 5512 3096 5565 καὶ
3126 5513 3407 5584 μετάσχῃς
3446 5513 3548 5584 τῆς
3584 5516 3672 5569 ἐν·

2090 5588 2263 5643 ταῦθα
2286 5589 2590 5661 διατριϐῆς,
2625 5590 2823 5660 μᾶλλόν
2860 5607 2940 5646 σοι
2975 5590 3043 5645 τά
3075 5593 3132 5645 ἐν
3154 5593 3339 5663 χερσὶν
3374 5591 3671 5665 εὐμαρίζε-

2091 5688 2180 5726 ται
2212 5672 2550 5743 πράγματα;
2584 5674 2850 5738 Βιωτικάς
2873 5674 3017 5744 ἔχεις
3049 5676 3371 5747 φροντίδας;
3412 5676 3510 5732 Διά
3536 5676 3672 5731 ταύ-

2092 5771 2187 5818 τας
2232 5755 2330 5826 μὲν
2380 5752 2471 5810 οὖν
2522 5755 2752 5811 ἐνταῦθα
2802 5756 3133 5828 ἀπάντησον,
3183 5759 3269 5812 ἵνα
3312 5758 3410 5831 τήν
3460 5758 3667 5817 ιθνοιαν
