4096 6222
457 225 557 280 ΓΠ

461 339 565 392 huc
610 340 829 402 ventita,
875 345 937 394 ut
981 349 1099 390 cum
1147 333 1240 388 libi
1279 333 1371 388 Dei
1402 331 1828 388 benevolentiam
1859 328 2040 384 conci-

465 425 697 489 liaveris,
744 424 887 494 quod
939 424 1026 479 hie
1078 432 1319 480 versatus
1345 423 1530 489 fueris,
1577 423 1646 476 ita
1676 436 1795 475 eum
1838 418 2039 474 securi-

465 526 574 574 tate
605 513 879 581 discedas;
935 522 993 568 ut
1039 513 1187 568 illum
1219 513 1416 568 habeas
1450 511 1746 581 adjutorem
1769 551 1782 575 ,
1837 517 1894 562 ut
1942 522 2046 562 ca:-

467 609 615 662 lcstis
673 620 862 666 manus
913 606 1110 660 auxilio
1169 614 1350 674 septus
1389 604 1718 660 dtemonibus
1767 603 1863 657 fias
1915 600 2046 655 invi-

465 709 602 756 ctus.
642 701 696 756 Si
718 699 950 770 paternis
982 700 1233 770 precibus
1275 699 1496 763 fruaris,
1521 699 1566 753 si
1611 697 1909 754 communis
1929 710 2050 750 ora-

470 788 628 844 tionis
657 789 921 859 particeps
968 789 1088 854 llas,
1143 789 1188 844 si
1230 790 1439 860 eloquia
1493 803 1644 844 sacra
1687 787 1974 851 audiveris,
2002 785 2046 840 si

470 881 564 936 Dei
621 880 713 935 tibi
760 880 1014 935 auxilium
1054 882 1466 958 comparaveris,
1493 881 1538 935 si
1586 881 1668 934 his
1713 879 1876 933 armis
1899 893 2050 932 com-

470 972 705 1027 munitus
755 987 1000 1042 egressus
1047 973 1229 1036 fueris,
1272 989 1339 1028 ne
1393 973 1635 1028 diabolus
1679 971 1892 1042 quidem
1937 972 2050 1040 ipse

471 1072 655 1115 contra
683 1070 732 1116 te
779 1061 1028 1130 deinceps
1079 1062 1261 1118 oculos
1309 1062 1525 1117 audebit
1548 1061 1828 1128 attollere,
1857 1061 2048 1115 nedum

477 1152 720 1207 homines
767 1152 1011 1221 improbi,
1053 1153 1242 1222 quibus
1278 1153 1454 1208 studio
1495 1167 1614 1207 esse
1656 1150 1811 1216 solet,
1844 1161 1901 1204 ut
1924 1165 2053 1205 eon-

478 1241 708 1296 tumeliis
740 1251 961 1297 cteteros
1008 1251 1062 1297 et
1109 1243 1386 1297 calumniis
1442 1251 1846 1312 persequantur.
1897 1241 2048 1305 Quod

478 1331 523 1386 si
569 1345 631 1386 ex
675 1330 876 1386 aedibus
916 1333 965 1386 in
1017 1331 1189 1386 forum
1229 1348 1474 1403 egressus
1513 1331 1776 1402 ejusmodi
1825 1329 2052 1384 nudatus

479 1426 640 1478 armis
677 1423 984 1490 offendaris,
1011 1427 1245 1480 omnium
1275 1426 1362 1496 qui
1404 1435 1454 1481 te
1481 1423 1816 1480 contumeliis
1837 1423 2055 1478 infesta-

479 1516 607 1570 bnnt
634 1515 784 1570 facile
824 1516 1114 1571 vincendos
1162 1518 1364 1587 patebis
1417 1517 1734 1572 incursibus.
1776 1516 1976 1571 Idcirco
2002 1525 2054 1570 et

481 1607 533 1660 in
578 1607 792 1676 privatis
821 1617 876 1662 et
904 1608 955 1662 in
985 1608 1205 1678 publicis
1243 1611 1438 1665 nostris
1465 1610 1690 1680 negotiis
1725 1625 2052 1678 nequaquam

484 1710 547 1749 ex
591 1697 751 1750 animi
782 1699 1040 1752 sententia
1072 1698 1225 1753 nobis
1254 1699 1419 1754 multa
1447 1699 1757 1764 succedunt,
1787 1699 1925 1768 quod
1948 1699 2056 1767 spi-

482 1785 688 1840 ritualia
720 1803 824 1841 non
853 1788 997 1857 prius
1027 1788 1262 1844 studiose
1290 1791 1748 1853 accuraverimns,
1774 1803 1836 1844 ac
1865 1788 2056 1843 deinde

483 1876 773 1942 saecularia,
809 1877 903 1932 sed
942 1877 1181 1932 ordinem
1221 1879 1612 1934 invenerimus.
1644 1877 1844 1933 Idcirco
1898 1892 2057 1948 nego-

483 1963 676 2018 tiorum
721 1981 930 2036 quoque
969 1968 1137 2022 series
1175 1983 1238 2023 ac
1287 1980 1461 2023 rectus
1502 1968 1633 2023 ordo
1673 1969 1972 2034 invertitur,
2005 1976 2059 2022 et

480 2055 654 2109 omnia
690 2056 845 2125 plane
891 2057 1183 2113 turbantur.
1237 2059 1501 2125 Quantum
1543 2061 1669 2114 mihi
1729 2061 1967 2114 dolorem
1997 2075 2059 2115 ac

483 2141 777 2198 molestiam
808 2144 943 2198 inuri
979 2148 1202 2214 putatis,
1233 2163 1352 2202 cum
1383 2151 1556 2218 cogito
1578 2149 1821 2204 veniente
1844 2151 2057 2219 quidem

484 2230 619 2286 festo
657 2247 719 2286 ac
745 2233 1100 2303 solemnitate,
1153 2237 1274 2291 licet
1303 2238 1479 2291 nullus
1525 2239 1592 2292 sit
1636 2239 1724 2308 qui
1773 2248 1948 2303 vocet,
1979 2249 2062 2293 to-

484 2330 595 2380 tam
641 2337 958 2386 concurrere
993 2326 1256 2382 civitatem
1307 2344 1321 2381 :
1380 2329 1467 2382 ubi
1509 2344 1638 2402 vero
1682 2330 1870 2385 festum
1924 2332 2058 2386 sole-

485 2420 783 2490 innitasque
811 2424 1104 2489 transierit,
1136 2428 1246 2480 tote
1272 2419 1395 2475 licet
1424 2420 1507 2475 die
1539 2436 1936 2490 perseveremus
1963 2436 2061 2476 nos

482 2507 874 2578 disrumpeutcs
908 2522 961 2584 et
1003 2528 1094 2568 vos
1125 2515 1466 2578 advocantes,
1499 2511 1700 2566 nullum
1741 2521 1916 2567 tamen
1941 2527 2061 2567 esse

482 2598 570 2667 qui
620 2601 894 2655 attendat?
945 2604 1068 2659 Iltec
1112 2607 1251 2660 enim
1306 2617 1672 2677 saepenumero
1719 2619 1841 2663 cum
1880 2615 2062 2665 mente

483 2704 774 2757 versarem,
823 2696 1056 2762 graviter
1083 2697 1333 2767 iogemui,
1375 2700 1571 2757 ethmc
1600 2699 1737 2769 apud
1769 2715 1856 2756 me
1898 2700 2059 2756 verba

484 2779 739 2836 faciebam
772 2801 784 2836 :
813 2783 948 2850 Quid
995 2787 1360 2844 cohortatione
1392 2791 1476 2844 vel
1502 2789 1725 2845 consilio
1756 2800 1838 2846 est
1889 2806 2056 2862 opus,

483 2887 600 2926 cum
649 2889 742 2928 vos
790 2879 1170 2934 consuetudine
1221 2889 1426 2935 tantum
1474 2893 1662 2938 cuncta
1703 2883 1923 2950 faciatis,
1960 2901 2058 2940 nec

484 2963 642 3018 ullius
667 2975 859 3020 nostra:
881 2968 1135 3024 doctrinm
1161 2985 1319 3041 opera
1343 2974 1693 3042 promptiores
1731 2975 2058 3030 reddamini?

481 3053 611 3108 Cum
655 3057 793 3110 enim
825 3058 972 3113 festis
1008 3061 1218 3129 quidem
1253 3063 1442 3118 diebus
1481 3074 1660 3119 nostra
1691 3067 2058 3125 cohortatione

484 3143 610 3197 nihil
655 3145 947 3216 indigeatis,
998 3159 1274 3220 postquam
1322 3162 1498 3208 autem
1531 3155 1604 3208 illi
1661 3157 2053 3224 prmterierint,

483 3233 678 3287 nullam
738 3250 800 3290 ex
849 3237 1088 3292 doctrina
1146 3241 1422 3296 utilitatem
1473 3243 1810 3314 percipiatis,
1877 3262 2055 3304 nonne

481 3334 734 3391 quantm
777 3327 989 3396 quidem
1043 3329 1093 3383 in
1143 3330 1294 3386 vobis
1338 3333 1496 3386 situm
1539 3345 1650 3401 est,
1707 3335 1946 3392 inutilem
1995 3355 2056 3394 ac

479 3426 920 3483 supervacaneam
971 3420 1265 3476 orationem
1313 3433 1545 3480 nostram
1595 3427 1856 3482 redditis?

547 3504 600 3558 4.
645 3504 804 3560 Forte
833 3509 1019 3574 multi,
1061 3512 1148 3580 qui
1181 3511 1294 3566 limc
1327 3514 1563 3580 audiunt,
1594 3517 1793 3573 dolent.
1828 3519 1931 3574 Sed
1960 3538 2055 3576 ue-

477 3591 733 3662 gligeutes
775 3597 844 3651 ita
892 3614 994 3653 non
1051 3601 1289 3656 sentiunt
1320 3621 1332 3656 :
1358 3605 1598 3675 alioquin.
1616 3607 1872 3663 incuriam
1904 3628 2052 3666 suam

477 3682 821 3752 deponerent,
854 3696 910 3742 ut
948 3705 1043 3744 nos
1070 3693 1156 3761 qui
1190 3693 1424 3760 quotidie
1451 3695 1518 3750 de
1549 3696 1705 3753 rebus
1733 3701 1920 3755 vestris
1940 3702 2053 3757 sol-

479 3774 601 3830 liciti
655 3793 858 3834 sumus.
901 3781 1048 3849 Quod
1095 3793 1296 3838 tantum
1343 3801 1409 3840 ex
1456 3789 1681 3858 negotiis
1710 3792 2054 3852 saecularibus

478 3865 678 3921 lucrum
740 3870 980 3939 colligis,
1028 3882 1278 3942 quantum
1333 3876 1424 3929 tibi
1473 3877 1722 3933 damnqu
1780 3881 2052 3937 accersis?

479 3954 613 4011 Fieri
671 3960 880 4028 nequit,
929 3971 984 4014 ut
1019 3977 1082 4017 ex
1120 3964 1224 4017 alio
1249 3979 1537 4033 congressu
1575 3979 1909 4026 convenluve
1938 3980 2054 4026 tan-

477 4055 584 4100 tum
653 4049 853 4103 lucrum
909 4064 1186 4122 reportes,
1238 4067 1492 4124 quantum
1541 4074 1606 4112 ex
1671 4074 1736 4114 eo
1777 4062 1915 4130 quod
1969 4062 2054 4119 hic

477 4141 704 4195 verseris
751 4159 762 4193 ε
813 4143 922 4197 sive
961 4144 1211 4213 judiciale
1254 4147 1425 4203 formn
1481 4165 1899 4221 commemores,
1941 4157 2054 4214 sive

470 4232 693 4298 curiam,
727 4234 837 4288 sive
889 4235 1053 4303 ipsam
1110 4239 1348 4310 Regiam.
1388 4240 1503 4296 Non
1533 4245 1673 4298 enim
1703 4248 1936 4315 gentium
1965 4265 2054 4304 ur-

471 4320 723 4390 biumque
770 4326 1039 4396 regimen,
1090 4346 1261 4401 neque
1295 4332 1542 4389 ducatum
1598 4339 1928 4396 exercituum
1971 4343 2052 4398 his

469 4412 558 4478 qui
605 4410 708 4467 huc
755 4416 1120 4484 ingrediuntur
1148 4424 1548 4492 committimus,
1589 4427 1682 4483 sed
1709 4430 1869 4485 alium
1903 4434 2050 4502 prin-

469 4504 703 4573 cipatum
725 4512 1080 4579 augustiorem
1104 4514 1218 4583 ipso
1237 4531 1402 4586 regno
1434 4535 1448 4571 :
1481 4519 1566 4574 vel
1590 4522 1765 4590 potius
1783 4538 1888 4581 non
1905 4540 2052 4580 eom-

470 4595 731 4666 mittimus
755 4615 871 4666 nos,
928 4602 1019 4656 sed
1070 4603 1297 4672 Spiritus
1336 4608 1523 4675 gratia.

541 4686 618 4741 De
641 4690 817 4759 quibus
845 4695 990 4748 rebus
1010 4696 1320 4752 instruantur
1343 4701 1428 4770 qui
1453 4704 1683 4758 contioni
1709 4706 2055 4764 intersunt.—

465 4778 721 4846 Quisnam
753 4783 910 4853 igitur
933 4794 1015 4840 est
1043 4789 1183 4858 regia
1211 4800 1470 4860 potestate
1493 4796 1764 4864 augustior
1787 4799 2048 4872 principa-

467 4877 589 4936 tus,
622 4888 780 4940 quem
811 4875 1176 4946 adipiscuntur
1215 4883 1304 4952 qui
1347 4883 1450 4940 huc
1491 4887 1899 4956 ingrediuntur?
1943 4893 2046 4948 Do-

465 4971 654 5015 centnr
681 4963 927 5020 absurdis
957 4971 1290 5037 passionibus
1317 4973 1580 5045 imperare
1605 5019 1620 5044 ,
1658 4995 1845 5048 pravas
1876 4981 2046 5037 libidi-

464 5065 561 5106 nes
589 5068 774 5123 regere
799 5097 814 5122 ,
848 5057 978 5112 iram
1005 5061 1266 5116 moderari
1292 5105 1307 5130 ,
1337 5065 1586 5122 invidiam
1615 5071 1858 5142 subigere
1883 5114 1898 5138 ,
1929 5074 2045 5129 ina-

465 5157 586 5197 nem
640 5147 862 5214 gluriam
915 5151 964 5204 in
1012 5154 1320 5210 servitutem
1361 5157 1622 5229 redigere.
1664 5163 1778 5217 Non
1829 5167 2046 5234 perinde

463 5237 808 5294 veneratione
836 5239 1025 5309 dignus
1055 5253 1136 5298 est
1179 5245 1469 5317 Imperator
1494 5251 1545 5305 in
1592 5254 1738 5324 regio
1762 5259 2046 5314 considens

459 5324 594 5378 solio
612 5338 665 5380 et
688 5327 990 5387 diademate
1019 5333 1291 5391 redimitus
1317 5378 1332 5404 ,
1361 5348 1518 5409 atque
1547 5341 1706 5397 homo
1731 5386 1743 5408 ,
1767 5348 1854 5416 qui
1885 5350 2046 5403 ratio-

460 5427 581 5468 nem
623 5416 674 5470 in
714 5419 903 5475 soliqu
934 5423 1234 5482 dominatus
1264 5430 1532 5486 servilium
1563 5437 1866 5504 passionum
1913 5441 2039 5496 sub-

460 5507 640 5570 vehit,
673 5517 727 5563 et
770 5510 992 5580 imperio
1019 5553 1035 5579 ,
1067 5516 1206 5584 quod
1253 5517 1304 5572 iu
1355 5519 1468 5575 illas
1493 5533 1702 5579 exercet
1729 5565 1742 5590 ,
1773 5533 2038 5599 tamquam

459 5598 734 5666 splendido
763 5605 990 5674 quodam
1023 5608 1317 5666 revinctum
1346 5621 1502 5683 caput
1529 5612 1686 5672 habet
1711 5598 2028 5678 diademate.

1354 219 1420 275 IN
1461 219 1682 285 ILLUD,
1724 217 1784 274 SI
1825 211 2198 272 ESUIllERlT
2224 213 2542 281 INIMICUS,
2585 211 2743 268 ETC.‘

3631 208 3733 265 178

2154 328 2293 396 Quid
2321 329 2464 384 enim
2492 370 2507 395 ,
2537 342 2718 398 qumso
2741 368 2757 395 ,
2786 323 3001 398 prodest
3030 337 3261 394 purpura
3289 365 3303 392 ,
3333 337 3507 378 aurea:
3532 332 3732 391 vestes,

2151 429 2205 474 et
2235 433 2429 473 corona
2455 425 2718 488 gemmata
2745 458 2758 482 ,
2782 415 2994 488 quando
3017 415 3320 486 passionum
3346 413 3551 486 captiva
3580 413 3735 468 fuerit

2152 507 2372 562 anima?
2397 506 2539 580 quod
2567 523 2630 564 ex
2659 508 2757 562 ista
2785 517 3006 562 externa
3044 506 3290 561 libertate
3330 505 3535 560 lucrum
3570 503 3736 559 obvc~

2153 599 2237 653 nit
2261 639 2274 663 ,
2307 598 2519 668 quando
2548 598 2600 652 id
2631 597 2772 667 quod
2802 598 2853 652 in
2884 597 3036 652 nobis
3072 597 3402 666 potissimum
3446 603 3566 662 est',
3599 595 3738 663 turpi

2153 704 2216 744 ac
2242 689 2532 744 miserabili
2562 688 2800 759 subjaeet
2820 687 3102 743 servituti?
3129 685 3262 741 Nam
3289 682 3737 756 quemadmodum

2153 794 2274 834 eum
2303 778 2467 835 febris
2493 779 2560 834 ad
2603 778 2854 834 interiora
2897 785 3174 848 penetrat,
3221 784 3277 832 et
3315 776 3517 831 viscera
3559 773 3738 829 omnia

2155 870 2428 935 incendit,
2461 870 2592 924 nihil
2629 871 2782 924 nobis
2820 870 3075 940 prodest,
3126 869 3171 924 si
3219 869 3462 938 superior
3499 869 3743 935 corporis

2159 960 2469 1030 superficies
2500 960 2629 1014 nihil
2662 960 2766 1015 tale
2795 961 3022 1030 patiatur
3052 976 3065 1013 :
3099 960 3167 1013 ita
3207 958 3332 1013 dum
3368 957 3520 1012 nobis
3561 957 3736 1010 anima

2158 1051 2503 1107 interioribus
2543 1050 2856 1106 distrahitur
2901 1048 3236 1120 passionibus
3261 1090 3275 1115 ,
3323 1047 3454 1103 nihil
3487 1057 3743 1103 externus

2159 1144 2485 1214 principatus
2508 1143 2656 1214 juvat
2681 1183 2696 1209 ,
2732 1157 2799 1198 ne
2826 1141 2996 1212 ipsum
3027 1141 3240 1211 quidem
3272 1139 3474 1210 regium
3501 1137 3692 1193 solium
3724 1178 3753 1201 ,.

2157 1249 2277 1289 eum
2307 1236 2515 1290 animus
2544 1235 2776 1291 violento
2819 1235 3018 1305 impetu
3043 1248 3073 1287 a
3101 1231 3434 1302 passionibus
3461 1229 3526 1286 de
3552 1231 3760 1285 throno.-

2159 1329 2305 1398 regio
2350 1328 2659 1383 devolvatur
2697 1337 2751 1383 et
2794 1328 2932 1382 ultro
2978 1341 3038 1382 se
3090 1325 3402 1388 submittat,
3454 1336 3748 1393 earumque

2159 1420 2385 1476 rebelles
2436 1421 2662 1475 iusultus
2713 1418 3093 1490 pertimescat?
3143 1416 3292 1485 Quod
3347 1431 3416 1471 ne
3470 1415 3595 1479 flat,
3647 1429 3745 1468 un-

2160 1505 2320 1575 dique
2369 1505 2640 1576 propheta:
2688 1513 3014 1560 concurrunt
3057 1510 3111 1556 et
3157 1499 3422 1570 apostoli,
3475 1498 3748 1569 passiones

2163 1607 2369 1650 nostras
2400 1597 2738 1665 reprimunt,
2769 1610 2981 1649 omnem
3015 1592 3280 1662 appetitus
3307 1589 3527 1644 rationis
3551 1603 3746 1657 exper-

2162 1689 2226 1742 tis
2253 1689 2510 1744 feritatem
2541 1704 2570 1742 a
2602 1688 2754 1742 nobis
2773 1687 3059 1740 amandant
3081 1727 3097 1752 ,
3121 1694 3175 1740 et
3201 1684 3367 1739 multo
3387 1683 3744 1752 augustiorem

2165 1797 2332 1850 regno
2361 1781 2710 1848 principatum
2743 1777 2894 1832 nobis
2927 1777 3282 1832 committunt.
3330 1774 3440 1828 IIac
3481 1773 3547 1827 de
3589 1787 3747 1826 causa

2163 1873 2403 1928 dicebam
2433 1887 2526 1926 eos
2551 1914 2565 1938 ,
2592 1871 2682 1941 qui
2710 1871 2809 1924 hac
2832 1868 3186 1926 sollicitudine
3219 1881 3278 1922 se
3315 1867 3521 1936 privant
3545 1906 3560 1932 ,
3591 1863 3752 1919 letale

2164 1963 2266 2016 sibi
2296 1962 2484 2016 vulnus
2512 1961 2749 2031 inﬂigere
2773 2002 2787 2026 ,
2817 1976 2879 2014 ae
2903 1967 3106 2014 tantum
3136 1973 3326 2027 capere
3347 1956 3748 2021 detrimentum,

2166 2063 2417 2124 quantum
2449 2053 2554 2109 ulla
2583 2055 2688 2107 alia
2716 2071 2777 2108 ex
2807 2062 2955 2124 parte
2997 2067 3191 2122 capere
3235 2058 3507 2121 nequeunt
3532 2067 3546 2102 :
3576 2065 3746 2119 quan-

2164 2145 2446 2215 doquidem
2473 2155 2526 2201 et
2549 2146 2638 2216 qui
2667 2149 2768 2200 huc
2793 2143 3017 2214 ingressi
3048 2143 3279 2208 fuerint,
3308 2142 3568 2212 ejusmodi
3597 2158 3744 2212 qua:-

2167 2244 2304 2290 stum
2336 2235 2530 2290 faciunt
2554 2277 2569 2303 ,
2592 2236 2798 2306 qualem
2827 2235 3040 2290 aliunde
3067 2235 3236 2289 facere
3263 2234 3408 2288 nullo
3437 2235 3595 2288 modo
3623 2248 3747 2304 pos—

2165 2335 2331 2380 sent:
2375 2325 2516 2396 quod
2566 2336 2620 2381 et
2667 2326 2779 2396 ipsa
2827 2326 3092 2381 sermonis
3132 2325 3299 2380 series
3344 2324 3748 2379 demonstravit.

2168 2415 2290 2470 Non
2312 2417 2578 2487 apparebit:
2607 2419 2658 2471 in
2687 2428 2953 2488 conspectu
2983 2416 3188 2471 Domini
3211 2432 3396 2471 vacuus
3420 2416 3437 2486 (
3463 2415 3630 2471 Exod.
3657 2415 3749 2470 25.

2165 2508 2234 2563 IS
2258 2505 2306 2579 )ι
2328 2507 2502 2562 aiebat
2527 2509 2609 2562 lex
2640 2527 2652 2561 :
2688 2510 2788 2564 hoe
2811 2518 2889 2564 est
2916 2551 2930 2576 ,
2960 2508 3161 2577 absque
3205 2508 3480 2564 sacrificiis
3520 2525 3625 2562 non
3667 2512 3749 2564 iu-

2167 2607 2361 2653 troeas.
2393 2597 2543 2666 Quod
2574 2600 2616 2654 si
2658 2599 2857 2669 absque
2886 2598 3167 2674 sacrificiis
3189 2599 3244 2653 in
3270 2599 3486 2654 domum
3521 2599 3613 2654 Dei
3647 2615 3752 2653 non

2165 2700 2244 2750 est
2272 2691 2672 2766 ingrediendum
2698 2733 2714 2759 ,
2745 2691 2912 2746 multo
2938 2690 3104 2762 magis
3130 2691 3195 2746 ad
3221 2691 3471 2746 collectas
3497 2706 3618 2745 cum
3648 2690 3755 2745 fra-

2167 2785 2336 2842 tribus
2364 2797 2469 2841 non
2496 2792 2584 2842 eat
2612 2781 2960 2837 intrandum:
3007 2783 3202 2853 quippe
3247 2781 3564 2838 sacrificium
3612 2783 3754 2838 istud

2167 2875 2263 2930 illo
2293 2877 2482 2931 melius
2508 2888 2589 2931 est
2611 2918 2626 2944 ,
2657 2881 2708 2932 et
2738 2873 2974 2944 oblatio,
2999 2887 3120 2928 cum
3147 2873 3381 2929 animum
3409 2880 3582 2928 tecum
3608 2873 3754 2938 acci-

2165 2966 2316 3035 piens
2357 2966 2626 3036 ingressus
2669 2968 2849 3024 fueris.
2892 2968 3006 3022 Non
3046 2966 3236 3024 videtis
3277 2967 3778 3038 columbas,,quar

2168 3059 2439 3112 instructa:
2466 3057 2681 3113 fuerunt
2708 3102 2722 3126 ,
2755 3075 2860 3129 quo
2888 3071 3039 3130 pacto
3074 3062 3304 3131 reliquas
3333 3077 3562 3132 egressa:
3593 3062 3749 3132 pelli-

2161 3149 2304 3204 ciant
2331 3158 2386 3204 et
2412 3151 2714 3205 venentur?
2743 3151 2853 3205 lloe
2895 3167 2990 3206 nos
3032 3153 3748 3222 quoque.faeiamus.,Quae-

2164 3255 2285 3294 nam
2315 3240 2457 3295 enim
2491 3241 2700 3295 tandem
2729 3241 3002 3296 excusatio
3034 3241 3232 3310 reliqua
3265 3242 3365 3299 erit
3388 3283 3401 3305 ,
3435 3258 3556 3296 cum
3588 3242 3749 3302 ratio-

2162 3330 2244 3385 nis
2275 3342 2521 3402 expertes
2551 3333 2850 3387 animantes
2877 3332 3006 3391 alias
3035 3331 3272 3402 ejusdem
3318 3332 3526 3403 generis
3569 3336 3748 3386 venari

2161 3423 2404 3492 possint,
2437 3438 2536 3478 nos
2577 3435 2756 3479 autem
2785 3425 2990 3480 ratione
3021 3435 3268 3494 tantaque
3293 3426 3548 3495 sapientia
3590 3441 3748 3480 exor-

2163 3515 2272 3568 nati
2305 3514 2464 3569 talem
2500 3524 2772 3585 eap‘turam
2804 3515 3466 3586 negligamus?Superiori
3493 3518 3748 3579 concione

2163 3622 2256 3661 vos
2285 3607 2340 3664 in
2365 3606 2479 3661 ham
2504 3608 2665 3663 verba
2709 3607 3018 3662 cohortatus
3062 3623 3178 3662 sum
3205 3649 3219 3675 ,
3265 3609 3625 3679 unusquisque
3657 3624 3749 3668 vo-

2161 3706 2329 3754 struu'i
2353 3696 2426 3753 .ad
2461 3698 2690 3768 proximi
2720 3698 2938 3754 domum
2971 3700 3170 3770 pergite
3196 3740 3209 3764 ,
3239 3709 3494 3756 exeuntes
3526 3710 3748 3770 priests-

2159 3785 2377 3852 lamini,
2431 3787 2782 3856 prehendite,
2825 3797 2985 3858 atque
3030 3788 3095 3842 ad
3139 3804 3476 3844 communem
3524 3798 3747 3845 matrem

2158 3876 2404 3931 adducite
2437 3897 2450 3931 :
2481 3879 2701 3948 illosque
2726 3880 2814 3948 qui
2843 3880 2892 3932 in
2924 3879 3223 3949 spectacula
3253 3880 3579 3934 theatrorum
3609 3881 3751 3936 insa-

2161 3968 2316 4024 niunt
2342 3968 2618 4022 imitamini
2646 4011 2660 4036 ,
2692 3972 2780 4039 qui
2808 3985 3016 4023 summo
3046 3969 3220 4024 studio
3261 3970 3412 4039 quasi
3452 3975 3777 4040 composito.

2159 4057 2298 4114 inter
2326 4073 2384 4114 se
2413 4059 2624 4129 agmine
2647 4101 2661 4126 ,
2691 4075 2809 4113 cum
2852 4059 3026 4129 prima
3066 4059 3182 4115 luce
3207 4059 3274 4118 ad
3317 4059 3574 4116 nefarium
3619 4061 3749 4119 illud

2158 4153 2520 4222 spectaculum
2567 4153 2926 4212 contuendum
2968 4162 3298 4224 exspectant.
3355 4155 3420 4210 At
3471 4153 3601 4209 nihil
3657 4155 3746 4212 illa

2157 4253 2342 4300 nostra
2369 4245 2740 4301 cohortatione
2763 4247 3143 4316 promovimus.
3171 4245 3371 4303 Idcirco
3399 4262 3579 4301 rursus
3603 4245 3745 4310 dico,

2157 4352 2330 4408 neque
2355 4336 2535 4394 dicere
2562 4337 2824 4404 desinam,
2847 4336 3017 4391 donec
3046 4352 3382 4406 pet-suasere.
3409 4335 3550 4391 Nihil
3580 4337 3741 4408 prod-

2157 4436 2239 4482 est
2281 4427 2597 4483 auseultatio
2623 4469 2637 4493 ,
2670 4427 2769 4481 nisi
2799 4427 2942 4484 illam
2970 4428 3109 4483 actio
3149 4429 3448 4482 comitetur.
3484 4429 3593 4482 Ιιηο
3619 4444 3750 4484 vero

2157 4519 2452 4590 graviorem
2497 4520 2649 4576 uobis
2691 4535 2900 4591 poenam
2946 4521 3209 4586 accersit,
3251 4537 3370 4575 eum
3409 4521 3598 4577 eadem
3644 4521 3750 4577 frc-

2155 4619 2384 4680 quenter
2408 4610 2685 4666 audientes
2709 4651 2724 4676 ,
2757 4611 2888 4665 nihil
2918 4628 3102 4666 eorum
3130 4623 3446 4682 praestamus
3471 4653 3487 4680 ,
3518 4630 3636 4684 qua:
3661 4613 3748 4668 di-

2153 4710 2364 4756 cuntur.
2406 4702 2469 4756 Et
2510 4718 2637 4756 vero
2679 4702 2850 4773 majus
2890 4704 3206 4774 supplicium
3251 4705 3530 4761 imminere
3556 4746 3570 4770 ,
3621 4706 3743 4760 audi

2154 4809 2260 4863 quo
2291 4802 2444 4864 pacto
2474 4794 2715 4848 Christus
2745 4795 2939 4850 indicet
2968 4813 2981 4850 :
3026 4794 3088 4849 Si
3121 4811 3220 4848 nou
3251 4796 3487 4850 uenissem
3514 4837 3527 4861 ,
3573 4805 3618 4851 et
3664 4798 3743 4851 la-

2154 4899 2338 4959 quutus
2365 4889 2570 4957 fuissem
2604 4889 2673 4942 cis
2698 4928 2712 4954 ,
2741 4897 3002 4958 peccatum
3028 4903 3130 4942 non
3153 4891 3393 4943 baberent
3420 4905 3439 4944 .'
3477 4906 3608 4944 nunc
3653 4907 3748 4947 au.-

2157 4989 2253 5032 tem
2279 4980 2650 5033 excusationem
2678 4995 2779 5032 non
2805 4979 2986 5032 habent
3006 4981 3073 5033 de
3092 4989 3296 5050 peccato
3319 4998 3410 5034 suo
3432 4979 3450 5047 (
3471 4978 3626 5032 Joau.
3656 4980 3740 5033 lii.

2152 5072 2224 5126 22
2251 5076 2290 5142 );
2322 5081 2378 5127 et
2405 5073 2676 5142 apostolus
2707 5072 2906 5144 pariter
2935 5095 2947 5130 :
2992 5070 3112 5126 Non
3149 5072 3280 5126 enim
3322 5073 3578 5126 auditores
3619 5070 3746 5140 legis

2144 5167 2272 5234 justi
2295 5176 2408 5220 sunt
2435 5167 2574 5236 apud
2604 5166 2802 5230 Deum,
2829 5166 2920 5220 sed
2962 5167 3178 5234 fartores
3215 5164 3338 5233 legis
3374 5161 3740 5233 justiﬁcubuu-

2151 5268 2233 5311 tur
2262 5259 2278 5330 (
2307 5257 2448 5312 Ilom.
2483 5259 2534 5311 2.
2572 5258 2700 5328 I5).
2748 5260 2890 5327 Atqu
2963 5257 3030 5310 ad
3068 5255 3336 5310 auditores
3381 5253 3594 5323 quidem
3638 5252 3736 5309 ista

2150 5349 2397 5403 dicuntur
2429 5369 2438 5402 :
2472 5351 2654 5403 volens
2678 5359 2854 5402 autem
2878 5347 3307 5402 concionatorem
3339 5346 3508 5415 ipsum
3535 5343 3733 5398 docere

2152 5457 2215 5493 ne
2248 5441 2344 5510 ipsi
2373 5439 2582 5510 quidem
2615 5440 2774 5494 ullam
2805 5455 2873 5494 ex
2904 5438 3140 5493 doctrina
3167 5478 3182 5504 ,
3231 5453 3387 5507 quam
3436 5435 3735 5491 communi-

2148 5541 2231 5584 cat
2258 5574 2270 5595 ,
2305 5532 2578 5586 utilitatem
2606 5546 2724 5585 esse
2751 5531 3098 5586 obventuratu
3125 5568 3139 5594 ,
3185 5529 3228 5582 si
3268 5527 3730 5589 conversationem

2149 5640 2268 5678 eum
2295 5623 2529 5680 doctrina
2555 5639 2657 5680 non
2691 5622 2881 5679 habeat
2905 5621 3201 5692 copulatam
3228 5662 3243 5690 ,
3270 5629 3326 5677 et
3348 5621 3509 5676 vitam
3536 5632 3732 5676 conve-
