4096 6222
321 217 420 272 179

318 329 550 391 nientem
594 329 820 391 orationi
843 371 858 396 ,
898 329 1018 384 audi
1059 344 1165 399 quo
1198 337 1352 399 pacto
1392 325 1663 400 apostolus
1689 334 1741 380 et
1769 338 1895 397 pro-

318 416 476 488 pheta
507 420 561 485 in
588 419 732 474 illum
760 419 1091 475 invehantur.
1124 419 1252 473 Nam
1282 418 1366 473 hic
1405 417 1617 489 quidem
1659 416 1738 472 sic
1774 416 1893 474 ait:

327 507 582 568 Peccatori
612 521 777 565 autem
804 511 932 564 dixit
961 508 1097 564 Deus
1124 526 1143 564 :
1168 510 1336 577 Quare
1361 518 1413 562 tu
1443 525 1647 569 ξηαπ-αι
1670 507 1898 581 justitias

323 617 457 659 meas
478 640 494 665 ,
527 609 573 653 et
602 601 817 653 assumis
851 608 1196 655 testamentum
1235 615 1398 660 meum
1433 615 1520 668 per
1553 614 1609 653 os
1641 608 1819 664 tuum,
1845 607 1898 651 tu

322 708 434 752 vero
461 692 610 752 odisti
639 692 958 760 disciplinam
991 689 1175 763 (I’sal.
1205 690 1294 746 49.
1329 690 1415 747 16.
1447 691 1508 744 l7
1534 690 1579 759 )?
1614 688 1900 758 Apostolus

321 793 496 843 autem
527 796 648 837 cum
679 782 731 836 in
762 782 978 839 eosdem
1009 782 1137 837 istos
1165 796 1349 836 rursus
1379 780 1644 836 invehitur
1667 821 1679 842 ,
1709 780 1802 851 qui
1829 778 1899 834 ob

323 870 618 936 doctrinam
658 872 937 941 magnifice
973 871 1042 927 de
1087 886 1145 926 se
1184 874 1418 927 sentiunt
1442 911 1458 939 ε
1502 871 1575 925 ita
1621 868 1901 940 loquitur:

326 961 552 1028 Conﬁdis
582 964 793 1034 teipsum
822 980 928 1018 esse
949 964 1124 1027 ducem
1149 978 1394 1030 cartorum
1418 1003 1433 1029 ,
1478 962 1649 1017 lumen
1692 976 1863 1014 eorum
1882 1000 1897 1022 ,

323 1053 409 1122 qui
452 1054 504 1107 iu
541 1052 753 1107 tenebris
787 1063 902 1108 sunt
925 1095 943 1128 η
982 1054 1281 1108 eruditorem
1319 1053 1659 1125 insipientium
1681 1091 1696 1116 ,
1743 1051 1903 1121 magi-

325 1152 485 1204 strum
514 1143 803 1215 infantium.
842 1145 943 1212 Qui
979 1162 1099 1216 ergo
1140 1146 1299 1210 alium
1335 1146 1510 1210 doces,
1554 1143 1763 1215 teipsnm
1803 1158 1903 1199 non

328 1233 477 1298 doces
504 1233 524 1306 (
547 1234 693 1299 Rom.
727 1235 780 1289 2.
818 1235 1052 1305 i9-2l)?

398 1323 624 1379 Lectioni
650 1326 935 1396 Scriptura
958 1327 1214 1381 addantur
1237 1326 1367 1381 bona
1389 1343 1558 1397 Opera.
1588 1355 1661 1365 —
1683 1322 1904 1390 Quando

328 1416 486 1486 igitur
527 1432 699 1487 neque
743 1417 873 1471 mihi
911 1419 998 1486 qui
1035 1416 1193 1484 dico,
1222 1417 1476 1488 prodesse
1518 1424 1727 1487 potest,
1766 1413 1906 1483 quod

328 1507 489 1567 verba
522 1505 707 1563 faciam
738 1547 753 1573 ,
787 1522 956 1576 neque
982 1507 1132 1562 vobis
1157 1508 1489 1567 audientibus
1513 1549 1527 1572 ,
1566 1506 1705 1576 quod
1728 1504 1909 1560 audia-

331 1598 399 1652 tis
422 1640 436 1664 ,
471 1598 569 1652 nisi
613 1599 769 1653 dictis
815 1601 1208 1669 obtemperetur
1230 1639 1249 1665 ,
1274 1599 1367 1654 sed
1400 1607 1455 1655 et
1505 1599 1671 1668 magis
1707 1595 1906 1663 eunde-

330 1697 478 1751 mnat
507 1706 518 1741 :
553 1704 619 1744 ne
648 1688 762 1749 sola
799 1689 1067 1747 auditione
1098 1697 1248 1755 tenus
1266 1689 1496 1743 studium
1525 1687 1869 1743 exhibeamus
1891 1725 1907 1749 ,

331 1776 424 1831 sed
475 1774 735 1847 Operibus‘
770 1779 931 1832 etiam
978 1794 1038 1832 ea
1086 1794 1203 1848 qua:
1248 1777 1494 1841 dicuntur
1540 1778 1904 1833 observemus.

334 1871 536 1935 Bonum
568 1869 782 1939 quidem
831 1879 914 1924 est
952 1870 1216 1928 assiduam
1261 1884 1535 1924 sacrorum
1580 1869 1908 1936 eloquiorum

332 1960 824 2031 auditionioperam
845 1961 970 2016 dare
994 1978 1008 2025 ;
1034 1960 1127 2016 sed
1147 1970 1199 2019 et
1227 1963 1325 2016 hoc
1356 1961 1552 2020 bonum
1574 1960 1757 2014 inutile
1787 1958 1910 2012 red-

332 2049 476 2107 ditur
498 2091 512 2114 ,
542 2052 585 2103 si
613 2051 949 2119 conjunctam
978 2053 1256 2106 utilitatem
1288 2067 1393 2105 non
1419 2051 1611 2105 habeat
1634 2090 1649 2116 ,
1692 2064 1808 2120 qua:
1847 2063 1913 2103 ex

335 2139 636 2199 obedientia
664 2142 916 2199 nascitur.
944 2140 1021 2197 Ne
1046 2142 1204 2212 igitur
1234 2142 1319 2201 hic
1344 2140 1537 2196 frustra
1564 2139 1910 2205 cenvcniatis,

337 2231 479 2293 omni
507 2230 683 2287 studio
707 2272 723 2299 ,
753 2231 893 2301 quod
922 2248 950 2285 a
995 2232 1145 2287 vobis
1180 2232 1425 2303 precibus
1454 2247 1594 2301 smpe
1623 2230 1869 2286 contendi
1894 2270 1910 2296 ,

338 2335 509 2389 neque
537 2321 862 2377 centendcre
891 2321 1129 2376 desinam
1155 2363 1170 2388 ,
1209 2321 1396 2388 fratres
1440 2320 1592 2383 nobis
1628 2321 1872 2375 adducite
1896 2360 1912 2387 ,

337 2413 689 2467 eohortamini
719 2424 957 2470 errantes
985 2456 1011 2481 ,,
1031 2415 1309 2470 consilium
1335 2414 1456 2468 date
1484 2431 1587 2468 non
1615 2414 1779 2470 verbo
1804 2423 1917 2468 lan-

337 2510 447 2556 tum
474 2544 489 2568 ,
531 2503 624 2557 sed
671 2505 830 2565 etiam
869 2519 1051 2575 opere.
1094 2504 1258 2574 Major
1289 2513 1371 2559 est
1400 2505 1494 2557 ista
1522 2504 1761 2559 doctrina
1801 2520 1917 2573 qua:

339 2593 578 2655 moribus
606 2634 621 2659 ,
650 2608 767 2662 quae
796 2594 1197 2650 conversatione
1226 2594 1511 2663 profertur.
1544 2594 1656 2666 Etsi
1685 2594 1813 2649 nihil
1838 2593 1916 2649 di-

338 2696 429 2741 cas
450 2721 469 2748 ,
499 2683 543 2736 si
572 2691 772 2738 tantum
800 2699 959 2738 exeas
984 2700 1014 2739 e
1038 2684 1260 2739 collecta
1286 2726 1299 2751 ,
1340 2695 1393 2741 et
1436 2695 1652 2740 externa
1698 2686 1876 2754 specie
1899 2727 1915 2750 ,

302 2796 315 2805 κ
341 2758 558 2844 aspectu
585 2816 599 2840 ,
632 2789 762 2830 voce
786 2816 801 2842 ,
826 2774 1031 2833 incessu
1052 2817 1067 2839 ,
1094 2785 1150 2831 ct
1176 2785 1281 2830 tota
1310 2777 1510 2846 reliqua
1539 2776 1774 2831 modesta
1797 2792 1916 2831 cor-

344 2865 490 2934 poris
516 2866 900 2935 compositione
923 2867 1129 2921 lucrum
1152 2909 1168 2935 ,
1213 2867 1350 2937 quod
1396 2867 1516 2923 hinc
1557 2882 1803 2938 egressus
1840 2877 1918 2921 te-

344 2971 464 3010 cum
491 2956 716 3010 retulisti
741 2997 756 3022 ,
788 2957 1037 3011 ostendas
1064 2958 1367 3013 hominibus
1391 3001 1406 3026 ,
1435 2959 1520 3030 qui
1550 2960 1787 3023 collecta!
1814 2974 1921 3014 non

344 3045 735 3111 interfuerunt,
764 3046 829 3101 ad
858 3047 1277 3104 cohortationem
1304 3058 1355 3104 et
1384 3050 1661 3104 consilium
1694 3050 1742 3104 id
1769 3050 1920 3109 suffi-e

345 3134 437 3189 cit.
467 3133 557 3193 Sic
584 3138 724 3194 enim
754 3135 930 3206 egredi
961 3152 1055 3192 nos
1079 3136 1201 3192 hinc
1224 3148 1432 3207 Oportet
1456 3179 1470 3204 ,
1494 3139 1641 3208 quasi
1666 3155 1731 3206 ex
1760 3141 1921 3196 sacris

346 3225 521 3295 adytis
549 3267 564 3298 ,
608 3228 755 3296 quasi
782 3227 849 3281 de
877 3227 1009 3287 ea-lo
1033 3227 1276 3300 delapsos
1298 3270 1311 3294 ,
1359 3230 1710 3286 modestiores
1750 3229 1925 3286 reddi-

346 3326 429 3371 tos
455 3357 469 3380 ,
506 3316 937 3387 philosophantes
959 3359 973 3383 ,
1016 3319 1288 3382 moderate
1314 3335 1375 3374 ac
1406 3328 1695 3389 temperate
1733 3330 1923 3375 cuneta

346 3405 597 3465 facientes
625 3422 688 3462 ac
713 3407 949 3462 dicentes
975 3425 987 3460 :
1016 3417 1069 3462 et
1096 3424 1230 3479 uxor
1259 3410 1504 3471 maritum
1536 3426 1565 3463 a
1595 3410 1815 3471 collecta
1844 3426 1928 3466 re-

351 3495 629 3557 cedentem
657 3498 842 3552 videns
868 3539 883 3563 ,
917 3506 970 3552 et
1001 3498 1166 3552 filium
1199 3509 1346 3567 pater
1370 3539 1384 3563 ,
1426 3509 1480 3553 et
1515 3511 1715 3569 patrem
1749 3500 1922 3565 filius,

349 3596 404 3641 et
427 3587 700 3649 dominum
727 3602 909 3641 servus
935 3629 949 3652 ,
978 3596 1031 3642 et
1059 3589 1285 3654 amicum
1311 3589 1513 3649 amicus
1538 3632 1551 3652 ,
1581 3603 1634 3644 et
1659 3591 1927 3645 inimicum

354 3678 596 3732 inimicus
618 3717 634 3743 ,
660 3693 846 3732 omnes
873 3679 1109 3733 utilitatis
1138 3694 1349 3734 sensum
1378 3681 1586 3750 capiant
1610 3722 1624 3747 ,
1667 3698 1823 3751 quam
1863 3696 1928 3736 ex

356 3770 457 3833 hoc
485 3778 744 3823 conventu
770 3770 1152 3838 reportavimus
1176 3787 1189 3823 :
1214 3770 1424 3839 capient
1448 3780 1621 3825 autem
1646 3812 1661 3836 ,
1687 3771 1731 3825 si
1758 3771 1929 3826 mitio-

357 3876 464 3927 res,
488 3860 530 3913 si
559 3860 922 3928 patientiores,
948 3862 990 3913 si
1024 3860 1378 3930 religiosiores
1416 3875 1511 3916 vos
1542 3844 1720 3916 factos
1755 3861 1928 3914 anim-

356 3951 650 4013 advertant.
704 3949 882 4019 Cogita
941 3950 1134 4019 quibus
1190 3952 1457 4022 mysteriis
1519 3952 1777 4006 interesse
1841 3950 1931 4006 tibi

354 4040 535 4095 datum
568 4041 675 4106 sit,
708 4041 798 4110 qui
844 4042 1078 4105 initiatus
1120 4057 1177 4095 es
1201 4080 1218 4107 ,
1261 4057 1380 4095 cum
1417 4042 1606 4110 quibus
1651 4058 1739 4112 my
1771 4043 1931 4097 licunt

359 4130 502 4185 illum
531 4137 742 4193 cantum
772 4130 964 4186 offeras
987 4172 1000 4192 .
1043 4147 1163 4187 cum
1191 4133 1381 4202 quibus
1425 4142 1506 4199 ter
1545 4144 1785 4188 sanctum
1830 4134 1928 4206 hy-

358 4239 542 4289 mnum
577 4224 906 4292 pronunties.
947 4225 1086 4278 Doce
1113 4212 1377 4293 profanos,
1411 4234 1461 4280 te
1501 4242 1620 4279 cum
1653 4226 1932 4295 Seraphim

355 4314 580 4377 choreas
604 4315 833 4385 agitasse
856 4356 871 4381 ,
901 4325 951 4370 te
976 4313 1042 4379 ad
1069 4314 1340 4379 cmlestem
1365 4317 1614 4387 populum
1646 4318 1933 4395 pertinere,

357 4414 409 4462 te
456 4407 508 4475 in
550 4406 772 4469 chorum
815 4408 1121 4479 angelorum
1163 4408 1487 4479 adscriptum
1530 4423 1689 4477 esse,
1720 4417 1770 4466 te
1813 4424 1934 4464 cum

360 4500 585 4563 Dontiuo
613 4500 975 4570 colloquutmn
1003 4516 1120 4556 esse
1143 4542 1159 4568 ,
1191 4510 1241 4570 te
1269 4518 1388 4557 cum
1415 4502 1629 4563 Christo
1656 4519 1775 4559 esse
1802 4520 1934 4575 con-

355 4604 619 4659 gressum.
649 4589 706 4646 Si
748 4606 844 4646 nos
881 4592 950 4646 ita
988 4596 1481 4662 composuerimus,
1524 4595 1657 4651 nihil
1698 4598 1938 4663 oratione

357 4694 491 4748 opus
533 4681 638 4734 erit
681 4696 805 4750 erga
850 4682 1002 4747 illos,
1039 4683 1125 4752 qui
1166 4699 1269 4738 non
1312 4685 1704 4754 interfuerunt,
1750 4688 1841 4744 sed
1871 4705 1938 4759 ex

357 4769 597 4839 profectu
638 4779 822 4827 nostro
863 4771 1126 4842 jacturam
1171 4789 1325 4847 suam
1366 4777 1791 4834 animadvertent
1820 4822 1835 4845 ,
1884 4791 1939 4838 et

356 4858 637 4915 confestim
664 4872 940 4918 accurrent
967 4903 987 4939 ,7
1014 4872 1070 4918 ut
1113 4865 1300 4921 iisdem
1340 4869 1635 4924 commodis
1660 4874 1937 4943 perfruan-

362 4961 466 5009 tur.
499 4948 630 5007 Cum
656 4954 796 5007 enim
823 4955 1010 5008 animae
1033 4966 1221 5010 vestra:
1249 4958 1694 5027 pulchritudinem
1714 4978 1779 5018 ex
1809 4963 1938 5035 ipsis

362 5042 606 5098 sensibus
633 5044 860 5099 viderint
890 5045 1209 5103 relucentem
1236 5089 1250 5112 ,
1280 5048 1405 5103 licet
1430 5051 1666 5106 omnium
1696 5055 1801 5108 sint
1828 5066 1939 5110 stu-

364 5139 623 5223 pidissimi
650 5183 666 5207 ,
696 5141 762 5196 ad
790 5143 1131 5214 cupiditatem
1153 5148 1331 5202 eximii
1365 5150 1523 5204 vestri
1553 5149 1759 5207 decoris
1788 5164 1941 5204 exar-

360 5232 600 5288 desccnt.
630 5232 686 5289 Si
725 5234 866 5289 enim
911 5234 1081 5290 forma
1120 5239 1358 5309 corporis
1397 5241 1593 5297 excitat
1637 5241 1937 5311 intuentes,

364 5324 531 5378 multo
566 5325 735 5395 magis
773 5327 966 5382 anima:
1008 5328 1341 5398 pulchritudo
1382 5341 1730 5402 spectatorem
1769 5344 1941 5403 potest

364 5428 703 5473 commovere
724 5457 741 5485 ,
773 5429 930 5490 atque
971 5420 1036 5475 ad
1077 5422 1304 5478 similem
1344 5425 1513 5489 zelum
1546 5424 1766 5480 hortari.
1797 5424 1938 5482 lutc-

364 5504 561 5561 riorcm
592 5507 752 5579 igitur
794 5510 1061 5568 hominem
1099 5523 1337 5570 nostrum
1383 5532 1702 5573 exornemus
1726 5558 1741 5585 ,
1773 5526 1826 5574 et
1850 5533 1943 5574 eo-

368 5608 485 5651 rum
522 5612 638 5681 qua:
682 5599 768 5669 hic
811 5600 951 5667 dicta
996 5603 1188 5662 fuerint
1227 5604 1354 5663 foris
1399 5607 1783 5679 recordemur:
1832 5610 1938 5682 illic

1049 217 1108 274 Β.
1146 214 1427 275 ιοΑΝΝιδ
1466 211 1941 270 ΟΙΙΠΥΒΟΞΤΟΜΙ
1977 211 2288 269 Αῐιειιιερ.
2331 213 2867 273 CONSTANTINOP.

3474 217 3576 273 ιω

2004 324 2146 381 enim
2177 335 2233 379 ut
2274 326 2505 382 maxime
2545 342 2809 384 memores
2843 329 3011 385 simus
3042 338 3249 399 tempus
3282 331 3480 402 exigit;
3523 344 3585 390 et

2000 412 2447 485 quemadmodum
2476 414 2674 472 athleta
2696 457 2712 481 ,
2746 432 2867 488 quae
2911 418 2969 474 in
3016 419 3254 489 palwstra
3294 420 3577 487 didicerit,

2000 515 2186 556 eorum
2218 502 2269 555 in
2301 502 2680 561 certaminibus
2705 509 2973 576 specimen
3000 508 3109 562 edit
3142 526 3155 561 :
3190 509 3266 564 sic
3296 524 3393 564 nos
3417 512 3580 566 etiam

2001 607 2121 661 quae
2164 591 2248 648 hic
2285 595 2572 663 audimus,
2616 598 2669 653 in
2708 600 2942 655 externis
2987 602 3214 671 negetiis
3250 614 3462 672 oportet
3491 618 3565 658 os

2003 679 2239 736 tendere.

2073 771 2123 826 5.
2157 771 2358 828 Memor
2389 774 2547 845 igitur
2570 791 2755 837 eorum
2794 786 2908 833 esto
2933 795 3052 851 qua:
3097 780 3183 836 hic
3220 781 3488 848 dicuntur,
3529 793 3587 839 ut

2002 875 2122 917 eum
2148 878 2392 934 egressus
2418 865 2600 933 fueris,
2633 877 2687 922 et
2717 878 2767 924 te
2796 870 3035 925 diabolus
3067 872 3147 926 vel
3193 887 3286 942 per
3313 874 3466 940 iram,
3505 877 3589 931 vel

2005 964 2102 1021 per
2128 953 2337 1010 inanem
2362 956 2606 1023 gloriam,
2632 958 2715 1025 vel
2748 974 2843 1029 per
2858 959 3013 1014 aliam
3040 961 3268 1029 aliquam
3288 964 3589 1031 passionem

2009 1041 2279 1111 invaserit,
2306 1046 2424 1114 ejus
2453 1046 2707 1105 doctrime
2733 1064 2958 1113 memor,
2985 1066 3086 1121 qua
3118 1052 3203 1107 hic
3248 1052 3480 1109 imbutus
3505 1070 3586 1121 es,

2007 1129 2159 1187 facile
2194 1135 2366 1202 possis
2409 1137 2530 1190 mali
2571 1137 2789 1207 laqueos
2826 1147 2881 1194 et
2918 1156 3087 1195 nexus
3121 1141 3366 1204 evadere.
3405 1142 3592 1202 Nonne

2009 1220 2196 1283 videtis
2213 1222 2263 1276 in
2283 1223 2469 1279 stadiis
2489 1228 2809 1296 ptmtotribas
2826 1244 2889 1284 ac
2909 1231 3165 1300 palaestra:
3190 1232 3593 1302 magistros,qui

2008 1328 2126 1367 cum
2153 1325 2269 1382 post
2295 1315 2437 1371 mille
2467 1320 2755 1372 certamina
2797 1321 3125 1374 vacationem
3169 1320 3422 1395 deinceps
3448 1338 3476 1375 a
3508 1324 3593 1377 lu—

2009 1404 2110 1458 etis
2146 1405 2403 1462 beneficio
2443 1409 2612 1473 aetatis
2656 1411 2979 1483 acceperint,
3026 1422 3175 1475 extra
3218 1412 3444 1467 stadium
3488 1429 3593 1469 non

2013 1491 2166 1563 longe
2196 1494 2262 1549 ab
2285 1495 2400 1564 ipso
2430 1497 2647 1566 pulvere
2678 1499 2927 1555 sedentes
2968 1501 3030 1554 iis
3060 1502 3148 1571 qui
3189 1511 3314 1566 sunt
3352 1503 3491 1557 intus
3531 1519 3595 1561 ac

2012 1581 2287 1639 decertant
2311 1586 2588 1642 clamando
2604 1603 2903 1658 suggerere,
2934 1601 2989 1643 ut
3005 1606 3221 1647 manum
3243 1593 3592 1661 prehendam,

2012 1684 2070 1730 ut
2098 1690 2222 1731 crus
2252 1676 2538 1744 attrahaut,
2574 1690 2631 1737 ut
2659 1681 2872 1743 dorsum
2901 1682 3170 1750 invadant,
3213 1692 3265 1739 et
3300 1684 3401 1739 alia
3432 1685 3595 1739 multa

2012 1768 2273 1837 ejusmodi
2302 1780 2600 1836 monentes,
2632 1773 2677 1828 si
2709 1771 2809 1831 hoc
2837 1773 2919 1827 vel
2949 1772 3079 1828 illud
3107 1774 3319 1843 feceris,
3349 1774 3597 1829 adversa-

2014 1861 2148 1919 rium
2181 1859 2332 1915 facile
2358 1862 2411 1919 in
2441 1870 2635 1917 terram
2668 1863 2922 1919 extendes
2950 1880 2963 1916 :
2994 1864 3093 1918 hac
3118 1865 3322 1923 ratione
3366 1863 3599 1933 discipu—

2016 1952 2080 2006 lis
2139 1953 2498 2023 maximopere
2541 1956 2832 2025 prodesse?
2881 1956 2959 2010 Tu
2999 1972 3211 2027 quoque
3253 1958 3597 2027 putdotribatn

2017 2050 2163 2097 tuum
2195 2043 2403 2098 beatum
2436 2045 2653 2101 Paulum
2682 2048 2910 2112 intuere,
2940 2049 3027 2117 qui
3052 2060 3172 2117 post
3194 2064 3420 2109 coronas
3447 2051 3601 2110 innu-.

2019 2149 2210 2197 meras,
2240 2144 2390 2191 extra
2439 2136 2666 2194 stadium
2713 2153 2853 2191 nunc
2895 2139 3201 2204 considcns,
3253 2139 3354 2195 hoc
3396 2150 3602 2206 est,ex

2019 2220 2118 2276 hac
2142 2240 2159 2273 \
2174 2222 2243 2277 i.a
2271 2238 2516 2293 egressus
2543 2226 2867 2285 certantibus
2886 2227 3035 2282 nobis
3051 2228 3326 2285 clamando
3349 2231 3602 2303 suggerit,

2019 2324 2071 2369 ct
2096 2330 2188 2383 per
2215 2316 2467 2386 epistolas
2493 2333 2616 2373 suas
2641 2318 2978 2388 vociferatur,
3008 2336 3126 2375 cum
3150 2333 3421 2392 correptos
3441 2324 3508 2378 ab
3527 2323 3602 2381 ira

2020 2409 2230 2473 viderit,
2261 2409 2328 2462 ab
2359 2410 2665 2478 injuriarum
2691 2413 2968 2483 memoria,
3013 2420 3171 2488 atque
3198 2428 3229 2467 a
3271 2414 3606 2482 passionibus

2022 2514 2328 2570 Oppressus,
2373 2500 2435 2555 Si
2459 2502 2685 2557 esurierit
2726 2502 2958 2559 inimicus
2978 2504 3244 2567 luus,ciba
3268 2504 3603 2574 illum(Ront.

2025 2590 2109 2645 12.
2144 2589 2214 2643 2t)
2234 2587 2276 2661 ).
2310 2590 2378 2645 Et
2400 2591 2843 2660 quemadmodum
2881 2594 3008 2648 dicit
3043 2590 3301 2663 paltcstru:
3334 2596 3605 2664 magister,

2022 2679 2067 2733 si
2112 2678 2214 2734 hoc
2257 2680 2337 2734 vel
2363 2680 2490 2734 illud
2532 2681 2744 2747 feceris,
2797 2683 3158 2737 adversarium
3196 2684 3492 2754 superabis,
3537 2685 3608 2740 ita

2024 2769 2236 2840 subjieit
2265 2771 2349 2835 hic
2377 2787 2588 2842 quoque
2619 2789 2631 2821 :
2672 2772 2780 2826 lloc
2809 2775 2939 2827 enim
2976 2775 3189 2846 faciens,
3213 2775 3450 2830 carbones
3472 2777 3607 2846 ignis

2025 2877 2256 2930 congeras
2276 2879 2424 2932 super
2448 2871 2598 2931 caput
2616 2864 2742 2928 ejus.
2771 2863 2964 2919 Verum
2996 2865 3120 2920 dum
3143 2867 3306 2935 legem
3332 2880 3605 2934 percurro,

2026 2953 2247 3023 quaestio
2286 2953 2439 3018 nobis
2469 2954 2719 3020 occurrit,
2773 2972 2891 3024 qua:
2931 2973 2992 3012 ex
3041 2957 3152 3027 ipsa
3196 2957 3340 3012 nasci
3376 2955 3605 3023 videtur,

2026 3055 2081 3096 et
2128 3044 2306 3096 multis
2358 3043 2610 3099 adversus
2666 3045 2882 3099 Paulum
2936 3047 3365 3115 reprehensionis
3424 3061 3608 3101 ansam

2029 3135 2351 3203 suppeditat,
2376 3152 2533 3204 quam
2556 3136 2813 3193 hodierno
2830 3138 2917 3193 die
2943 3138 3099 3192 statui
3122 3139 3271 3195 vobis
3293 3139 3345 3193 in
3378 3139 3610 3194 medium

2030 3224 2240 3279 afferre.
2274 3225 2408 3295 Quid
2454 3242 2580 3297 ergo
2607 3227 2818 3284 tandem
2856 3236 2957 3294 cst,
2993 3229 3132 3298 quod
3177 3241 3384 3285 mentes
3430 3244 3614 3284 eorum

2036 3323 2217 3383 terret,
2246 3318 2336 3386 qui
2364 3317 2644 3388 diligenter
2668 3320 2842 3374 omnia
2872 3321 3055 3374 uolunt
3086 3321 3371 3376 excutere?
3391 3320 3522 3375 Cum
3549 3319 3617 3375 ab

2035 3406 2110 3460 ira
2139 3417 2412 3472 revocaret
2443 3408 2660 3475 Paulus,
2704 3410 2891 3479 inquit,
2936 3418 2989 3464 ct
3019 3421 3076 3464 ut
3104 3411 3365 3465 mansueti
3409 3418 3614 3474 essent,

2034 3511 2097 3551 ac
2145 3499 2369 3553 modesti
2417 3514 2541 3569 erga
2595 3500 2883 3569 proximos,
2926 3499 3196 3564 suaderet,
3232 3499 3351 3555 illos
3386 3499 3617 3568 amplius

2035 3587 2367 3653 exasperavit
2395 3598 2447 3643 et
2473 3589 2740 3644 iracundia
2780 3587 3142 3642 inflammavit.
3170 3588 3322 3656 Quod
3356 3588 3498 3642 enim
3528 3588 3614 3643 di-

2035 3680 2130 3741 xit,
2150 3680 2209 3733 Si
2234 3681 2460 3734 esurierit
2488 3682 2719 3736 inimicus
2745 3692 2880 3746 tuus,
2901 3681 3009 3735 ciba
3029 3681 3197 3746 illum;
3225 3681 3267 3735 si
3288 3681 3410 3745 sitit,
3444 3689 3618 3750 potum

2035 3768 2102 3821 da
2129 3769 2224 3833 illi,
2251 3772 2561 3841 praeclarum
2595 3771 2895 3827 mandatum
2923 3779 3024 3835 est,
3053 3779 3105 3826 ct
3134 3770 3482 3840 philosOphia:
3510 3769 3618 3838 ple-

2036 3875 2189 3927 num,
2218 3877 2280 3916 ac
2329 3871 2440 3916 tum
2473 3865 2670 3934 agenti,
2744 3874 2851 3917 tum
2897 3864 3115 3934 patienti
3181 3864 3408 3932 perutile
3439 3882 3451 3918 :
3479 3861 3620 3932 quod

2042 3972 2168 4011 vero
2214 3955 2406 4011 deinde
2454 3957 2712 4026 sequitur,
2759 3957 2976 4010 multam
3031 3956 3189 4011 habet
3231 3955 3616 4020 difficultatem,

2040 4051 2366 4117 minimeque
2410 4049 2619 4103 videtur
2660 4063 2779 4102 cum
2810 4048 2949 4115 ejus,
2979 4049 3066 4117 qui
3097 4047 3272 4119 priora
3299 4046 3453 4109 dixit,
3497 4059 3620 4105 sen-

2042 4141 2204 4195 tentia
2220 4140 2523 4195 convenire.
2542 4138 2803 4205 Quidnam
2829 4153 2958 4193 vero
2981 4138 3107 4193 illud
3132 4147 3212 4193 est
3234 4138 3256 4189 ?
3282 4135 3433 4204 Quod
3457 4136 3620 4201 dicat,

2042 4231 2154 4299 Hoc
2174 4241 2338 4284 autem
2365 4232 2575 4302 faciens,
2618 4229 2854 4283 carbones
2884 4229 3013 4301 ignis
3035 4246 3273 4300 congere:
3296 4244 3445 4298 super
3471 4234 3623 4297 caput

2041 4323 2171 4392 ejus.
2198 4321 2289 4375 llis
2337 4323 2477 4376 enim
2524 4321 2701 4375 verbis
2754 4332 2804 4376 et
2844 4336 2967 4377 eum
2993 4320 3082 4390 qui
3126 4321 3232 4390 agit
3273 4328 3329 4374 et
3369 4335 3490 4373 eum
3531 4317 3624 4387 qui

2043 4414 2239 4482 patitur
2261 4411 2422 4468 afficit
2448 4413 2659 4482 injuria,
2685 4428 2804 4467 cum
2828 4412 2978 4479 istius
2999 4422 3157 4482 caput
3180 4420 3386 4474 exurat,
3410 4416 3466 4464 et
3490 4410 3624 4479 ignis

2041 4506 2298 4563 carbones
2337 4506 2588 4574 imponat.
2631 4505 2782 4574 Quod
2816 4505 2956 4559 enim
2988 4512 3188 4558 tantum
3225 4503 3422 4558 bonum
3459 4501 3623 4556 obve—

2042 4597 2172 4663 niat,
2202 4612 2266 4662 ex
2294 4612 2359 4652 eo
2382 4596 2522 4667 quod
2552 4597 2757 4652 cibatur
2781 4605 2835 4650 et
2863 4603 3091 4664 putetur,
3120 4605 3376 4665 quantum
3428 4591 3624 4646 malum

2041 4704 2110 4755 ex
2139 4690 2560 4745 accumulatione
2579 4691 2866 4744 earbomnn
2889 4688 2911 4741 ?
2935 4688 3118 4756 Itaque
3148 4686 3295 4739 illum
3333 4684 3423 4754 qui
3466 4683 3629 4737 bene-

2044 4782 2164 4836 ficio
2193 4782 2437 4849 afficitur,
2468 4781 2655 4851 inquit,
2680 4779 2779 4834 huc
2810 4788 2962 4849 pacto
2982 4778 3145 4832 afficit
3180 4775 3390 4845 injuria,
3419 4787 3540 4828 cum
3574 4772 3626 4826 in

2042 4874 2213 4943 majus
2233 4874 2545 4944 supplicium
2569 4873 2712 4927 illum
2739 4871 3019 4940 conjiciat;
3049 4885 3169 4926 eum
3192 4882 3319 4923 vero
3346 4867 3431 4936 qui
3459 4866 3627 4923 bene-

2045 4964 2221 5034 ficium
2247 4962 2486 5026 contulit,
2541 4963 2644 5016 alio
2685 4977 2868 5016 rursus
2923 4959 3083 5015 modo
3119 4959 3282 5014 ιειξάίι.
3315 4956 3451 5025 Quid
3484 4956 3630 5011 enim
3682 4958 3685 4961 ’

2045 5055 2245 5111 referre
2267 5055 2395 5109 lucri
2426 5062 2599 5123 potest
2625 5069 2688 5108 ex
2717 5068 2801 5117 eo,
2829 5051 2969 5122 quod
2995 5051 3063 5106 de
3092 5049 3319 5104 inimicis
3339 5047 3479 5105 bene
3515 5061 3630 5102 me-

2045 5158 2245 5214 reatur,
2293 5163 2413 5202 cum
2445 5146 2572 5201 illud
2610 5162 2706 5215 5pc
2736 5144 2979 5215 supplicii
3018 5141 3217 5197 faciat?
3260 5139 3393 5197 Nam
3423 5138 3513 5210 qui
3548 5138 3630 5194 id-

2043 5242 2184 5295 circo
2212 5240 2352 5295 cibat
2395 5238 2475 5293 vel
2512 5247 2657 5311 potat
2684 5237 2974 5300 inimicum,
3005 5245 3062 5289 ut
3102 5234 3153 5289 in
3182 5242 3341 5303 caput
3368 5230 3484 5302 ejus
3508 5245 3632 5286 car-

2044 5332 2211 5388 bones
2240 5341 2512 5402 congerat,
2539 5346 2643 5386 non
2672 5330 2931 5400 benignus
2958 5338 3011 5384 et
3039 5328 3297 5392 clemens,
3322 5325 3416 5381 sed
3434 5322 3630 5405 crude-

2045 5424 2111 5479 lis
2141 5432 2224 5480 est
2251 5434 2304 5478 et
2330 5423 2549 5478 immitis
2576 5423 2664 5494 qui
2715 5437 2809 5493 per
2855 5422 3102 5490 exiguum
3143 5418 3457 5475 beneficium
3503 5430 3632 5485 sup-

2045 5516 2263 5588 plicium
2291 5516 2606 5571 immensum
2641 5513 2853 5570 inferat.
2886 5511 3021 5580 Quid
3060 5510 3202 5565 enim
3241 5509 3482 5581 asperius
3516 5506 3633 5563 fieri

2047 5618 2220 5681 potest
2266 5623 2350 5675 co,
2379 5608 2465 5673 qui
2498 5615 2772 5679 pr0pterca
2806 5606 3037 5687 nutriat,
3063 5613 3117 5660 ut
3143 5604 3194 5661 in
3222 5610 3378 5675 caput
3404 5601 3521 5670 ejus
3543 5598 3637 5687 qui
