4096 6222
447 342 536 397 181

431 550 597 620 jectio
624 567 638 603 :
669 551 780 620 jam
811 566 936 604 vero
963 549 1158 603 solutio
1199 557 1280 603 est
1308 547 1572 612 addenda,
1605 557 1660 600 ut
1685 561 1750 600 ex
1783 547 1846 599 iis
1875 546 2024 616 ipsis,

434 659 554 712 qua:
584 641 744 696 verba
773 642 902 710 legis
925 639 1171 694 videnlur
1200 655 1442 710 carpere,
1471 653 1684 693 omnem
1711 637 2027 706 legislatoris

436 733 752 803 sapientiam
802 741 1052 787 accurate
1077 745 1388 803 cognoscas.
1439 731 1695 798 Quaenam
1747 730 1905 800 igitur
1944 735 2027 783 est

435 824 670 882 solutio?

505 913 633 970 Cum
657 915 871 968 inimicis
892 915 1208 968 reconciliari
1231 929 1382 984 grave
1409 923 1454 968 et
1499 913 1718 984 diﬁcile.
1750 941 1821 957 —.-
1843 911 2019 966 Nove-

436 1017 519 1060 rat
569 1005 669 1061 hoc
718 1007 882 1076 probe
931 1021 1155 1075 magnus
1195 1021 1260 1062 ac
1300 1020 1592 1076 generosus
1637 1005 1724 1059 ille
1763 1005 1863 1068 vir,
1908 1019 2020 1059 rem

433 1114 650 1170 gravem
678 1113 741 1154 ac
784 1099 1066 1153 molestam
1097 1113 1221 1152 esse
1259 1097 1509 1152 celeriter
1535 1112 1656 1152 cum
1689 1097 1905 1152 inimico
1930 1111 2020 1151 re-

433 1191 706 1246 conciliari
736 1208 750 1246 :
781 1205 1000 1261 gravem
1029 1204 1094 1245 ac
1131 1189 1410 1244 molestam
1443 1206 1550 1245 non
1578 1205 1642 1244 ex
1671 1207 1763 1244 sua
1787 1199 1974 1242 natura
2001 1230 2015 1254 ,

436 1282 530 1337 sed
573 1281 642 1336 ob
669 1291 900 1336 nostram
931 1280 1215 1350 ignaviam.
1261 1282 1332 1334 At
1375 1281 1490 1352 ipse
1531 1295 1636 1335 non
1685 1281 2017 1335 reconciliari

439 1381 643 1430 tantum
694 1371 890 1442 jussit,
937 1369 1032 1425 sed
1071 1369 1230 1424 etiam
1269 1370 1448 1438 alere,
1476 1370 1618 1440 quod
1647 1371 1807 1440 priori
1854 1369 2019 1424 multo

433 1464 648 1535 gravius
677 1461 794 1517 fuit.
821 1461 878 1516 Si
909 1462 1048 1516 enim
1080 1461 1384 1530 conspectis
1411 1470 1615 1516 tantum
1646 1461 1750 1514 illis
1772 1503 1786 1526 ,
1825 1461 1914 1530 qui
1960 1475 2019 1514 se

435 1554 678 1610 molestia
717 1551 1030 1617 affecerint,
1070 1551 1359 1606 efferantur
1403 1553 1678 1618 nonnulli,
1705 1567 1810 1621 quo
1864 1561 2020 1622 pacto

434 1649 840 1714 adducerentur,
874 1660 928 1703 ut
953 1649 1161 1704 alerent
1189 1646 1518 1704 esurientes?
1542 1645 1677 1714 Quid
1704 1645 1824 1699 dico
1845 1686 1860 1711 ,
1890 1660 2020 1698 con-

433 1741 655 1810 spectis‘.’
676 1739 733 1794 Si
757 1741 878 1811 quis
916 1739 1237 1794 mentionem
1270 1740 1476 1793 illorum
1521 1737 1742 1802 fecerit,
1767 1747 1818 1791 et
1845 1735 2016 1789 solum

432 1846 617 1887 eorum
665 1845 857 1884 nomen
902 1830 954 1884 in
1001 1829 1231 1883 medium
1277 1827 1586 1898 protulerit,
1629 1825 1825 1880 mentis
1865 1825 2018 1878 nobis

435 1923 623 1977 vulnus
649 1931 888 1988 renovat,
917 1933 965 1976 et
991 1921 1462 1976 inﬁannnationem
1493 1927 1672 1988 auget.
1705 1917 1826 1971 ll.rc
1855 1915 2016 1986 igitur

432 2012 608 2070 omnia
638 2029 758 2067 cum
791 2012 1107 2082 intelligeret
1135 2011 1362 2076 Paulus,
1386 2021 1439 2064 et
1466 2010 1568 2064 hoc
1597 2009 1881 2064 emendatu
1913 2006 2018 2062 dif-

433 2102 569 2159 ficile
595 2111 649 2157 et
678 2103 901 2158 arduum
930 2104 1087 2156 vellet
1121 2101 1273 2156 facile
1315 2100 1539 2156 reddere
1567 2109 1620 2155 et
1675 2099 1978 2168 expeditum
1999 2137 2015 2162 ,

432 2204 485 2247 et
531 2193 606 2248 illi
633 2195 957 2264 persuadere
982 2235 998 2260 ,
1027 2195 1116 2262 qui
1161 2209 1228 2248 ne
1277 2194 1470 2247 intueri
1499 2191 1712 2262 quidem
1743 2193 2016 2246 inimicum

430 2283 696 2356 dignatur,
728 2297 783 2340 ut
812 2286 878 2340 ad
905 2287 1038 2342 bene
1056 2285 1122 2340 de
1152 2286 1242 2340 illo
1272 2285 1584 2340 merendum
1613 2299 1670 2338 se
1717 2295 2014 2354 promptum

430 2376 774 2444 ostenderet,
820 2377 1081 2432 carbones
1137 2379 1272 2448 ignis
1318 2378 1517 2447 posuit,
1550 2385 1608 2430 ut
1645 2377 1890 2448 snpplleii
1923 2393 2018 2446 spe

429 2475 730 2521 commotus
758 2467 823 2523 ad
867 2468 1184 2523 beneﬁcium
1235 2469 1286 2522 in
1321 2469 1468 2522 illum
1509 2467 1890 2523 conferendum
1928 2485 2018 2524 ae-

428 2567 628 2623 currat,
660 2575 688 2612 a
717 2574 821 2628 quo
846 2559 1042 2614 damno
1085 2560 1270 2615 fuisset
1308 2559 1548 2614 affectus.
1583 2560 1650 2614 Et
1673 2562 1806 2615 sicut
1838 2563 2009 2631 pisca-

433 2660 516 2705 tor
542 2649 755 2704 hamum
811 2651 1062 2706 illccebra
1090 2652 1322 2722 contegit
1375 2653 1638 2722 undique,
1683 2661 1899 2723 ttnnque
1937 2653 2014 2723 pi-

429 2742 604 2798 scibus
643 2743 858 2813 objicit,
892 2751 949 2798 ut
993 2744 1058 2797 ad
1091 2755 1404 2798 consuetum
1433 2744 1608 2800 cibum
1637 2756 2008 2810 occurrentes,

429 2835 518 2890 illo
554 2833 709 2889 facile
754 2835 1030 2906 capiantur
1055 2852 1118 2890 ac
1155 2835 1493 2891 detineantur
1523 2836 1637 2890 :sic
1682 2837 1930 2890 nimirum
1959 2845 2012 2890 ct

429 2926 653 2993 Paulus,
681 2941 800 2980 cum
851 2926 1098 2981 affectum
1155 2927 1342 2997 injuria
1375 2928 1532 2982 vellet
1575 2927 1641 2982 ad
1693 2927 2010 2983 beneﬁcium

425 3016 805 3072 conferendum
835 3019 1052 3073 incitare
1081 3017 1134 3071 in
1165 3019 1310 3072 illum
1343 3019 1435 3088 qui
1467 3018 1710 3088 injuriam
1739 3019 2007 3084 intulerat,

429 3125 534 3164 non
589 3109 791 3164 nudum
843 3109 1190 3180 phil050phia:
1235 3110 1418 3178 objicit
1472 3109 1718 3177 hamum,
1750 3110 1844 3165 sed
1877 3119 2012 3166 tam-

424 3215 581 3270 quam
610 3199 860 3255 illecebra
887 3199 1112 3270 quadam
1139 3199 1459 3254 carbonibus
1480 3201 1615 3270 ignis
1637 3200 1928 3268 obtectum,
1958 3213 2011 3257 ct

421 3293 795 3347 contumeliam
845 3307 1057 3362 passum
1100 3307 1195 3360 spe
1224 3291 1468 3360 supplicii
1510 3291 1577 3345 ad
1606 3291 1921 3346 beneficium
1957 3293 2006 3346 in

421 3399 542 3439 cum
568 3382 950 3439 conferendum
976 3424 991 3449 ,
1017 3385 1102 3454 qui
1134 3384 1288 3448 laesit,
1323 3385 1510 3438 invitat
1540 3403 1553 3439 :
1587 3401 1706 3438 mox
1741 3395 1919 3443 autem
1953 3399 2011 3444 ιιι

421 3476 648 3541 venerit,
676 3475 868 3531 deinde
910 3476 1141 3542 retinet,
1174 3491 1344 3545 neque
1383 3477 1592 3531 resilire
1619 3477 1764 3546 sinit,
1790 3495 1909 3535 eum
1935 3482 2003 3535 ab

420 3569 529 3638 ipsa
553 3570 627 3623 rei
653 3578 836 3623 natura
863 3584 984 3626 cum
1026 3569 1240 3623 inimico
1276 3568 1550 3638 jungatur,
1577 3583 1738 3642 atque
1769 3572 1852 3627 his
1879 3588 2003 3641 pro-

421 3658 702 3731 teutodum
725 3659 904 3714 verbis
934 3659 1078 3713 illum
1101 3659 1294 3713 affatur
1317 3677 1330 3713 :
1362 3659 1476 3717 Non
1506 3663 1585 3718 vis
1613 3663 1822 3731 piezatis
1846 3678 2004 3718 causa

417 3755 596 3810 cihare
626 3755 770 3809 illuttt
796 3752 885 3825 qui
904 3761 953 3806 te
974 3751 1133 3805 laesit?
1152 3752 1341 3808 saltem
1371 3755 1440 3808 ob
1455 3769 1602 3824 Spem
1625 3755 1834 3808 ultionis
1863 3756 2000 3810 ciba.

417 3849 527 3904 Scit
553 3849 692 3904 enim
740 3850 888 3911 fore,
917 3857 974 3902 ιιι
1001 3849 1044 3901 si
1101 3845 1418 3902 beneﬁcium
1464 3847 1516 3900 in
1563 3847 1709 3900 illum
1761 3848 2005 3904 conferre

417 3939 754 4011 aggrediatur
775 3979 788 4004 ,
832 3940 941 4009 jam
970 3949 1080 3993 tum
1129 3938 1337 3993 initium
1366 3939 1491 4002 ﬁat,
1519 3952 1583 3991 ae
1610 3937 1693 3991 via
1735 3947 2006 3993 sternatur

417 4029 878 4086 reconciliationis.
911 4029 1078 4085 Nemo
1099 4029 1260 4095 enim,
1295 4043 1452 4084 nemo
1483 4043 1730 4099 umquam
1762 4031 2001 4098 poterlta

416 4135 476 4177 se
495 4121 748 4176 nutritum
773 4120 1040 4176 hominem
1069 4135 1132 4175 ac
1158 4129 1392 4190 potatum
1420 4119 1669 4175 infestum
1701 4120 1917 4185 habere,
1934 4121 2001 4175 li-

415 4224 502 4271 cet
526 4214 678 4270 iuitio
701 4229 798 4286 spe
821 4214 1034 4269 ultionis
1065 4213 1116 4268 id
1160 4214 1362 4269 fecerit.
1391 4212 1672 4284 Temporis
1714 4213 1855 4268 enim
1879 4229 2002 4283 pro-

417 4320 602 4378 gressu
625 4306 717 4361 iraa
745 4305 1016 4360 contentio
1052 4305 1358 4360 remittitur.
1400 4302 1468 4360 Ut
1497 4305 1656 4374 igitur
1679 4305 1930 4373 piscator,
1953 4305 2000 4360 si

418 4396 614 4452 nudum
635 4397 848 4450 hamum
872 4395 1150 4465 objiceret,
1171 4395 1368 4464 piscem
1391 4410 1720 4465 nequaquam
1740 4395 1998 4459 alliceret;

414 4489 521 4559 jam
548 4503 675 4543 vero
695 4496 971 4559 postquam
1002 4487 1148 4541 illum
1176 4487 1398 4550 obtexit,
1429 4487 1562 4540 clam
1597 4487 1648 4540 in
1676 4501 1737 4540 os
1756 4487 2000 4543 animalis

417 4580 720 4636 accedentis
762 4579 977 4647 hamum
1025 4579 1260 4632 immittit
1295 4578 1408 4632 :sic
1435 4578 1594 4632 etiam
1632 4577 1824 4632 Paulus
1851 4619 1866 4644 ,
1898 4578 2000 4632 nisi

418 4686 588 4741 pinna:
619 4669 1071 4740 expectationem
1098 4669 1381 4738 objecisset
1402 4709 1417 4734 ,
1447 4667 1650 4722 affectis
1679 4667 1868 4737 injuria
1894 4685 1998 4722 non

414 4764 788 4835 persuasisset,
818 4771 876 4816 ut
913 4761 978 4814 ad
1010 4762 1143 4815 bene
1172 4759 1484 4814 merendum
1531 4759 1597 4813 de
1624 4759 1728 4812 illis
1751 4774 1780 4812 a
1809 4759 2000 4828 quibus

416 4854 525 4908 lazsi
559 4853 801 4917 fuissent,
828 4853 1062 4907 animum
1105 4851 1450 4921 appellercnt.
1496 4849 1646 4916 Quod
1687 4849 1844 4920 igitur
1879 4850 1999 4905 illos

420 4943 742 5014 refugientes
768 4986 783 5010 ,
817 4959 958 5014 a-gre
982 4942 1235 5006 ferentes,
1262 4953 1314 4996 et
1344 4942 1423 4996 vel
1450 4943 1609 4996 etiam
1650 4943 1889 4996 inimicos
1919 4943 1998 4996 in-

415 5040 549 5092 tueri
573 5037 932 5092 detrectantes
974 5035 1190 5090 flectere
1219 5036 1409 5100 vellet,
1441 5045 1601 5106 atque
1643 5035 1709 5089 ad
1738 5036 1855 5090 illos
1883 5051 1997 5089 ma-

416 5127 572 5183 ximis
599 5127 870 5182 beneﬁciis
897 5126 1242 5181 eumulandos
1270 5127 1490 5180 incitare
1508 5167 1522 5190 ,
1547 5127 1834 5181 carbonum
1864 5127 1998 5198 ignis

416 5219 540 5275 fecit
585 5221 945 5284 mentionem,
979 5234 1083 5272 non
1124 5227 1179 5272 ut
1228 5218 1280 5271 in
1328 5218 1642 5286 supplicium
1694 5219 1998 5276 inevitabile

411 5315 537 5367 illos
558 5312 863 5381 conjiceret,
879 5309 971 5364 sed
991 5318 1046 5363 ut
1063 5324 1182 5362 cum
1207 5307 1310 5362 illis
1325 5309 1410 5376 qui
1431 5308 1638 5361 fuerant
1657 5308 1842 5378 injuria
1864 5309 1995 5377 laesi,

417 5403 764 5468 persuasisset
804 5400 1162 5471 exspectando
1189 5399 1504 5469 supplicium
1539 5399 1672 5454 bene
1715 5400 1906 5455 mereri
1931 5401 1998 5458 de

417 5493 663 5559 inimicis,
685 5494 894 5549 laudent
925 5510 1202 5564 progressu
1234 5493 1487 5562 temporis
1516 5493 1676 5547 etiam
1707 5492 1995 5563 persuade-

416 5593 495 5638 rct
519 5585 642 5650 illis,
668 5593 725 5638 ut
752 5585 881 5640 iram
907 5600 1117 5640 onmem
1142 5584 1487 5654 deponerent.

486 5680 541 5733 ὃ.
574 5683 744 5748 Atque
771 5680 915 5734 illum
943 5678 1152 5749 quidem
1183 5678 1269 5748 qui
1308 5693 1495 5746 passus
1520 5677 1764 5747 injuriam
1798 5678 1988 5742 fuerat,

421 5773 495 5831 sic
545 5772 838 5845 mitigavit;
875 5773 990 5829 vide
1019 5783 1194 5827 autem
1214 5787 1323 5850 quo
1346 5785 1497 5841 pacto
1528 5773 1672 5828 illum
1713 5772 1869 5828 etiam
1899 5774 1988 5842 qui

1399 340 1465 397 ΙΝ
1506 339 1725 406 ll.LUD,
1767 340 1825 394 SI
1859 339 2218 396 ESL'RIlCRlT
2262 343 2576 411 lNllllCUS,
2621 347 2767 403 ETC.

439 459 689 524 nutritur,
714 467 964 529 congerat
992 457 1250 512 carbones
1293 455 1470 526 ignis?
1499 454 1622 509 l‘lzec
1647 454 1802 523 igitur
1822 464 1902 508 est
1931 454 2026 506 οι.-

3627 369 3728 424 1Ηῖ

2141 455 2386 522 injuriam
2437 457 2721 527 intulerat,
2765 479 2884 519 cum
2939 468 3068 525 larso
3112 477 3433 533 reconciliet.
3488 481 3723 541 l‘riuunn

2137 545 2350 614 quidem
2379 548 2493 618 ipso
2516 565 2715 620 genere
2742 553 2984 613 beneﬁcii
3011 578 3024 614 :
3057 563 3234 620 nullus
3255 569 3396 626 enim
3423 581 3527 626 tam
3557 575 3724 632 miser

2136 644 2188 728 ει
2219 637 2464 728 stupidus
2503 651 2603 703 est,
2634 645 2724 712 qui
2771 655 2980 714 potatus
3018 665 3082 706 ac
3120 654 3241 708 cibo
3293 657 3520 715 refectus
3547 702 3563 728 ,
3593 667 3718 720 nolit

2137 723 2253 792 ejus
2281 725 2394 780 ﬁeri
2421 742 2608 784 servus
2632 743 2685 786 et
2715 735 2938 800 amicus,
2972 754 2999 792 a
3025 755 3130 810 quo
3154 743 3203 796 in
3232 744 3376 801 illum
3399 748 3496 806 ista
3525 723 3716 808 collata

2134 827 2295 915 sunt;
2328 820 2521 876 deinde
2545 840 2670 879 vero
2705 830 2948 897 supplicii
2977 844 3138 888 metu.
3187 836 3317 892 Nam
3356 841 3564 898 videtur
3603 846 3710 915 qui-

2131 908 2251 1007 dem
2275 910 2522 968 insectari
2555 931 2674 970 eum
2702 919 2796 996 qui
2821 921 2992 989 cibat,
3021 925 3146 980 dum
3195 929 3269 983 ait
3297 948 3314 990 ξ
3341 930 3452 992 Hoc
3476 908 3722 1007 enimvfa-

2130 999 2264 1055 cicns
2284 1003 2522 1058 carbones
2543 1006 2672 1076 ignis
2693 1025 2927 1080 congeres
2953 1029 3105 1083 super
3130 1031 3282 1085 caput
3304 1024 3411 1092 ejus
3433 1039 3452 1077 :
3473 1027 3565 1080 sed
3594 999 3718 1084 eam

2127 1091 2216 1159 qui
2250 1092 2384 1148 la-sit
2411 1097 2721 1166 perstringit
2751 1101 3016 1168 maxime,
3045 1115 3102 1158 ut
3132 1107 3290 1176 hujus
3322 1091 3493 1180 pinna:
3527 1117 3724 1171 timore

2131 1185 2406 1251 perculsus
2453 1197 2738 1256 perpetuas
2782 1191 3083 1250 inimicitias
3133 1198 3352 1256 minime
3383 1203 3590 1273 foveat,
3622 1210 3718 1264 sed

2128 1274 2428 1368 intelligens
2474 1277 2626 1348 fore,
2665 1292 2722 1336 ιιι
2767 1287 3002 1340 maximo
3043 1288 3306 1354 afﬁciatur
3353 1294 3716 1368 detrimento,
3799 1306 3806 1314 '

2126 1367 2267 1436 quod
2305 1370 2510 1426 cibatus
2539 1388 2602 1427 ac
2628 1384 2838 1443 potatus
2868 1378 3022 1433 fuerit
3045 1423 3058 1448 ,
3087 1382 3130 1436 si
3170 1398 3384 1458 semper
3412 1367 3723 1449 inimicitias

2125 1471 2391 1525 exerceat,
2421 1461 2550 1516 irattt
2579 1464 2828 1536 deponat.
2859 1468 2947 1524 Sic
2967 1487 3194 1546 namque
3219 1461 3408 1545 poterit
3436 1479 3572 1554 ignis
3597 1500 3716 1539 car-

2126 1551 2291 1607 bones
2308 1555 2660 1626 exstinguere.
2692 1559 2868 1630 Itaque
2888 1578 3040 1632 parua
3067 1577 3116 1620 et
3141 1551 3713 1647 suppliciumiproposi-

2128 1652 2236 1696 tum
2261 1655 2366 1698 tum
2381 1663 2500 1701 eum
2521 1650 2608 1718 qui
2632 1649 2848 1706 affectus
2866 1663 2947 1708 est
2962 1656 3148 1725 injuria
3167 1659 3233 1714 ad
3256 1661 3567 1720 beneficium
3585 1683 3716 1724 con-

2126 1733 2401 1790 ferendum
2433 1739 2620 1794 invitat
2646 1740 2696 1794 in
2726 1758 2845 1797 cum
2869 1746 2956 1814 qui
2979 1747 3148 1812 lmsit,
3178 1758 3288 1804 tmn
3320 1767 3448 1819 eum
3467 1759 3552 1826 qui
3585 1758 3706 1817 irri-

2131 1824 2258 1877 tavit
2289 1833 2452 1880 tcrrct
2473 1837 2526 1882 ct
2550 1830 2770 1897 excit-it,
2797 1842 2956 1904 atque
2985 1836 3050 1890 ad
3074 1824 3562 1902 reconciliationem
3589 1864 3711 1906 cum

2126 1931 2192 2015 eo
2231 1917 2320 2015 qui
2369 1919 2488 1973 cibo
2519 1921 2705 1976 refecit
2727 1939 2790 1978 ac
2822 1927 3041 1994 potavit,
3075 1929 3316 2000 impellit.
3354 1933 3556 2006 Duplici
3585 1954 3714 2015 ergo

2126 2008 2334 2064 vinculo
2374 2013 2560 2066 ambos
2605 2015 2741 2070 inter
2769 2032 2828 2072 se
2873 2021 3176 2089 copulavit,
3208 2025 3378 2083 altero
3428 2008 3712 2104 beneﬁcii,

2124 2099 2294 2196 altero
2339 2105 2603 2174 supplicii.
2661 2107 2886 2164 Difﬁcile
2917 2113 3113 2182 quippe
3148 2126 3228 2170 est
3258 2117 3519 2190 incipere,
3552 2099 3712 2196 atque

2125 2191 2324 2247 aditum
2359 2196 2596 2253 invenire
2621 2203 3035 2259 reconciliationi
3067 2223 3080 2258 :
3115 2207 3200 2262 ubi
3225 2225 3352 2265 vero
3381 2224 3565 2284 aperta
3593 2191 3711 2277 hinc

2122 2299 2336 2356 quoquo
2385 2289 2543 2341 modo
2581 2288 2776 2358 fuerit,
2809 2309 2930 2362 qua:
2978 2308 3274 2365 sequuntur
3317 2300 3488 2356 facilia
3518 2316 3708 2368 cuncta

2123 2389 2279 2432 erunt
2306 2390 2358 2435 et
2400 2383 2666 2452 expedita.
2695 2384 2947 2453 Quamvis
2974 2390 3116 2444 enim
3161 2392 3311 2448 initio
3341 2410 3439 2466 spe
3465 2399 3707 2469 supplicii

2123 2471 2212 2539 qui
2244 2470 2401 2525 lzesus
2429 2483 2508 2527 est
2535 2475 2641 2530 alat
2663 2477 2934 2533 inimicum
2960 2521 2974 2545 ,
3009 2491 3184 2538 tamen
3210 2483 3336 2540 dum
3358 2489 3482 2556 alet,
3505 2493 3708 2548 amicus

2121 2561 2343 2654 evadet,
2373 2575 2426 2619 et
2471 2581 2642 2635 pmnzc
2667 2570 3009 2638 cupiditatem
3044 2576 3239 2642 poterit
3286 2592 3353 2633 ex
3393 2581 3574 2637 animo
3595 2586 3708 2654 pel-

2123 2651 2255 2706 lere.
2286 2653 2419 2708 Cum
2447 2656 2590 2710 enim
2627 2659 2830 2714 amicus
2873 2661 3110 2718 redditus
3140 2663 3321 2734 fuerit,
3348 2684 3452 2722 non
3477 2651 3706 2740 jam-tali

2118 2756 2239 2796 cum
2285 2749 2689 2815 exspectatione
2716 2751 2914 2820 poterit
2955 2767 3135 2808 secum
3175 2759 3574 2815 reconciliatum
3603 2780 3704 2824 nu-

2119 2836 2266 2892 trire.
2296 2837 2500 2893 Rursus
2528 2840 2571 2895 is
2597 2842 2688 2911 qui
2716 2843 2940 2899 offendit
2982 2861 3104 2900 cum
3144 2848 3337 2906 viderit
3361 2868 3480 2906 cum
3513 2855 3600 2920 qui
3627 2859 3706 2910 af.

2117 2925 2286 3001 fectus
2319 2928 2487 2983 fuerat
2515 2931 2702 3000 injuria
2728 2976 2742 3000 ,
2770 2935 2942 3004 ipsum
2977 2937 3121 2993 alere
3157 2954 3220 2994 ac
3250 2951 3430 3010 potare
3459 2943 3664 3012 dignari
3686 2989 3701 3013 ,

2115 3018 2303 3072 saltem
2327 3021 2397 3073 ob
2438 3020 2537 3076 hoc
2578 3022 2751 3092 ipsum
2777 3065 2792 3090 ,
2825 3035 2874 3080 et
2921 3027 2990 3082 ob
3031 3037 3230 3083 metum
3265 3035 3432 3101 parati
3460 3035 3702 3107 sitppltcii

2114 3107 2294 3162 odium
2334 3125 2492 3165 omne
2533 3113 2799 3182 deponet,
2830 3121 3170 3186 quantumvis
3199 3120 3422 3190 ferreus,
3453 3124 3700 3183 inhuma-

2115 3217 2214 3258 nus
2246 3210 2294 3258 et
2319 3202 2534 3260 adamas
2559 3205 2743 3272 fuerit,
2773 3207 2912 3278 quod
2945 3217 3000 3264 et
3029 3208 3416 3268 humanitatem
3454 3231 3702 3274 reverea-

2116 3306 2199 3351 tur
2220 3299 2334 3366 ejns
2360 3315 2388 3353 a
2415 3315 2519 3369 quo
2546 3301 2799 3365 nutritur,
2831 3311 2885 3356 et
2911 3303 3050 3371 quod
3081 3303 3181 3358 sibi
3223 3317 3465 3375 paratum
3491 3309 3699 3378 suppli-e

2113 3390 2254 3444 cium
2284 3389 2630 3458 reformidet,
2657 3391 2701 3447 si
2735 3401 2853 3461 post
2873 3392 3122 3448 alimenta
3155 3407 3405 3466 percepta
3450 3397 3697 3458 inimicus

2113 3496 2232 3536 esse
2262 3497 2366 3535 non
2394 3481 2626 3537 desinat.

2193 3571 2479 3629 Vincendus
2520 3576 2752 3629 inimicus
2793 3575 3064 3647 quomodo.
3107 3576 3275 3632 David
3311 3578 3364 3632 in
3401 3581 3552 3634 veteri
3592 3582 3700 3654 lege

2109 3667 2312 3720 inimico
2341 3667 2600 3737 bertcfecil.
2621 3698 2694 3708 —
2723 3667 2922 3724 Idcirco
2961 3685 3132 3740 neque
3161 3669 3262 3726 ltuc
3302 3687 3467 3742 ttsque
3495 3682 3696 3728 tantum

2110 3757 2528 3812 cohortationem
2550 3760 2819 3828 provexit,
2843 3759 2937 3813 sed
2967 3769 3242 3830 postquam
3268 3762 3538 3834 utriusque
3563 3766 3694 3820 iram

2109 3847 2366 3915 mitigavit
2387 3889 2403 3915 ,
2431 3848 2682 3917 deinceps
2703 3849 2864 3902 animi
2885 3851 3205 3904 sententiam
3235 3853 3454 3925 corrigit
3476 3854 3694 3910 dicens:

2113 3938 2236 3992 Noli
2251 3939 2423 3992 vincia
2439 3939 2573 3992 malo
2592 3940 2764 4009 (Rom.
2784 3939 2866 3994 12.
2880 3939 2940 3994 2|
2959 3942 2994 4007 ).
3012 3943 3066 3996 Si
3079 3941 3220 3996 enim
3239 3955 3467 4013 accepta:
3489 3946 3695 4015 injuriae

2107 4032 2419 4087 memoriam
2449 4032 2852 4086 conservaveris
2868 4074 2882 4096 ,
2907 4040 2960 4087 et
2985 4032 3164 4088 ulcisci
3187 4034 3420 4090 volueris
3441 4077 3456 4103 ,
3479 4037 3695 4093 vincere

2105 4123 2320 4193 quidem
2353 4121 2621 4176 inimicum
2660 4121 2888 4187 videris,
2929 4123 3024 4178 sed
3051 4139 3080 4178 a
3111 4125 3252 4180 malo
3282 4126 3508 4182 vinceris
3528 4169 3544 4194 ,
3591 4129 3694 4186 hoc

2105 4222 2222 4278 est,
2275 4212 2342 4266 ab
2373 4213 2468 4267 ira.
2514 4212 2696 4283 Itaque
2728 4214 2775 4268 si
2820 4214 3033 4270 vincere
3074 4215 3260 4284 cupis,
3308 4218 3690 4286 reconciliare,

2107 4320 2205 4359 nec
2233 4303 2506 4358 ulciscere.
2529 4302 2652 4358 [hcc
2668 4304 2809 4358 enim
2839 4315 2919 4359 est
2937 4305 3187 4374 pneelara
3206 4305 3422 4361 victoria
3441 4347 3456 4373 ,
3477 4308 3694 4378 quando

2106 4396 2158 4451 in
2198 4396 2369 4461 bono,
2403 4397 2504 4452 hoc
2546 4406 2659 4462 est,
2707 4396 2960 4466 patientia
3004 4396 3201 4451 malum
3240 4397 3439 4466 vincis,
3483 4399 3690 4468 abjccta

2106 4504 2326 4560 prorsus
2352 4489 2619 4544 iracundia
2644 4499 2697 4544 et
2715 4488 3022 4558 injuriarum
3049 4489 3324 4544 memoria.
3349 4490 3543 4545 Verum
3575 4490 3691 4547 lucc

2105 4581 2264 4636 verba
2291 4597 2394 4635 non
2419 4581 2624 4636 tulisset
2659 4596 2689 4635 a
2730 4579 3022 4650 principio,
3062 4581 3151 4650 qui
3191 4581 3351 4636 ltesus
3389 4579 3598 4650 fuerat,
3635 4593 3692 4638 et

2104 4671 2180 4725 ira
2226 4670 2479 4725 tumebat.
2519 4670 2811 4739 Propterea
2859 4684 2979 4724 cum
3026 4669 3252 4740 primum
3294 4670 3410 4741 ejus
3454 4670 3688 4727 furorem

2103 4762 2463 4825 exsaturavit,
2507 4770 2615 4815 tum
2660 4761 2727 4816 ad
2764 4762 3019 4830 optimam
3063 4761 3210 4816 illum
3242 4763 3691 4819 reconciliationis

2103 4868 2315 4908 causam
2353 4852 2614 4918 traduxit,
2649 4868 2820 4922 neque
2861 4869 3020 4922 prava
3049 4854 3292 4924 supplicii
3323 4869 3416 4924 spc
3459 4853 3688 4910 detineri

2102 4946 2364 5016 permisit.
2399 4945 2561 5000 Vides
2615 4945 2928 5015 sapientiam
2991 4946 3346 5016 legislatoris?
3396 4951 3569 5018 Atque
3634 4958 3691 5002 ιιι

2103 5036 2368 5106 intelligas
2390 5045 2606 5106 preptcr
2633 5037 2991 5091 infirmitatem
3013 5051 3198 5092 eorum
3216 5080 3230 5103 ,
3259 5039 3345 5108 qui
3368 5038 3522 5092 aliter
3553 5039 3690 5093 inter

2103 5141 2162 5182 se
2191 5143 2296 5182 non
2326 5136 2572 5197 poterant
2613 5127 2882 5197 copulari,
2915 5128 3084 5197 legem
3125 5127 3262 5182 hanc
3293 5127 3361 5181 ab
3392 5128 3482 5181 illo
3527 5128 3689 5182 fuisse

2104 5219 2404 5284 invectam,
2431 5219 2554 5273 audi
2576 5235 2682 5288 quo
2703 5228 2858 5289 pacto
2886 5215 3131 5272 Christus
3161 5217 3262 5273 hoc
3289 5219 3458 5287 ipsum
3492 5219 3687 5288 ιιι-ωει-

2103 5313 2284 5384 piens,
2337 5328 2440 5366 non
2487 5313 2585 5366 hoc
2636 5313 2808 5381 ipsum
2858 5313 3134 5381 praemium
3180 5312 3553 5381 proposuerit;
3593 5309 3692 5366 sed

2100 5421 2222 5460 cum
2268 5404 2525 5459 dixisset:
2562 5402 2767 5474 Diligite
2806 5402 3034 5456 inimicos
3067 5411 3276 5465 vestros,
3311 5400 3582 5471 benefacite
3612 5402 3698 5455 Itis

2101 5500 2186 5569 qui
2206 5498 2417 5554 oderunt
2444 5515 2526 5552 vos
2553 5498 2570 5568 (
2597 5497 2780 5550 Matth.
2810 5497 2864 5551 5'.
2900 5496 3014 5567 Η),
3050 5495 3151 5550 Ιιοε
3175 5505 3278 5561 εει,
3307 5494 3478 5550 eihate
3505 5509 3566 5549 ac
3597 5510 3700 5564 po-

2103 5599 2212 5645 tum
2239 5589 2382 5656 date,
2407 5605 2511 5644 non
2533 5587 2783 5658 adjecerit
2810 5606 2821 5640 :
2851 5587 2960 5642 iloc
2987 5586 3128 5641 enim
3154 5586 3408 5642 facientes
3430 5586 3695 5640 carbones

2103 5683 2239 5752 ignis
2267 5681 2565 5752 congeretis
2608 5695 2767 5749 super
2805 5679 2979 5749 capita
3008 5678 3254 5744 illorum;
3295 5677 3387 5734 sed
3429 5678 3590 5748 quid!
3636 5675 3698 5762 ζῖι

2101 5773 2289 5839 similes
2319 5773 2451 5842 [iatis
2484 5772 2625 5827 Patri
2657 5783 2836 5841 vestro,
2865 5774 2947 5839 qui
2981 5774 3030 5828 in
3061 5772 3196 5829 aclis
3221 5781 3310 5829 cst.
3362 5770 3570 5827 Merito.
3603 5767 3694 5822 Pc-
