4096 6222
340 314 440 370 £83

337 438 474 482 trum
501 427 665 491 enim,
695 426 948 482 Jacobum
971 435 1022 481 et
1042 426 1299 482 Joannem
1326 443 1389 483 ac
1416 427 1673 498 reliquttm
1700 436 1913 496 aposto-

338 518 508 570 lorum
541 529 735 571 eoetnm
756 516 1120 587 alloquebatur
1148 535 1161 571 :
1198 528 1473 587 propterea
1498 517 1771 587 prtemium
1796 516 1922 573 illud

339 608 629 677 proposuit.
677 606 827 674 Quod
873 608 916 661 si
948 607 1098 662 dicas
1128 607 1227 663 hac
1257 623 1467 678 quoque
1514 609 1722 663 ratione
1761 622 1924 678 grave

336 713 456 752 esse
482 707 826 767 prarceptum,
851 697 1106 767 majorem
1130 707 1184 753 tu
1208 699 1420 770 quidem
1448 700 1600 754 nobis
1620 698 1924 769 suppeditas

335 787 704 842 defensionem
750 804 844 857 pro
891 788 1074 851 Paulo,
1103 798 1154 843 te
1188 804 1314 844 vero
1342 804 1556 858 prorsus
1584 790 1727 843 omni
1770 788 1925 842 venia

342 879 536 948 privas.
561 879 699 948 Quid
743 878 849 933 ita?
878 879 1026 948 Quod
1054 880 1302 935 nimirum
1327 880 1429 935 hoc
1455 879 1597 951 quod
1627 894 1746 935 esse
1764 893 1925 948 grave

340 968 568 1035 videtur,
598 970 650 1022 in
677 967 854 1023 Veteri
880 970 1222 1025 Testamento
1246 970 1336 1025 libi
1366 971 1639 1025 ostendam
1666 985 1786 1025 esse
1804 984 1928 1038 per-

343 1060 581 1128 fectum,
635 1077 741 1132 quo
797 1069 1036 1131 tempore
1088 1062 1322 1118 nondum
1373 1073 1530 1118 tanta:
1580 1062 1928 1133 philosolihize

343 1153 617 1225 specimen
661 1154 860 1209 editum
906 1155 1094 1210 fuerat.
1137 1155 1418 1225 Propterea
1466 1170 1694 1225 uanique
1736 1154 1929 1209 Paulus

221 1305 231 1314 ,
291 1264 299 1272 ·
345 1245 504 1300 etiam
539 1260 645 1300 non
673 1246 786 1301 suis
822 1247 998 1301 verbis
1033 1247 1200 1316 legem
1242 1248 1571 1312 introduxit,
1604 1248 1697 1301 sed
1740 1246 1926 1300 iisdem

345 1336 473 1405 ipsis
518 1339 700 1394 verbis
743 1353 869 1392 usus
916 1347 1017 1401 est,
1051 1339 1242 1408 quibus
1292 1340 1403 1404 ille,
1452 1340 1541 1409 qui
1591 1356 1621 1394 a
1669 1340 1930 1410 principio

347 1427 512 1493 ipsam
545 1443 575 1481 a
597 1443 655 1481 se
683 1428 844 1482 latam
876 1427 1093 1495 invexit,
1125 1438 1181 1483 ut
1207 1430 1383 1483 nullus
1408 1430 1576 1484 venite
1598 1429 1746 1484 locus
1771 1430 1934 1484 relin-

345 1526 599 1585 queretur
624 1518 708 1581 iis,
742 1519 829 1587 qui
871 1535 977 1573 non
1005 1519 1145 1573 illam
1174 1519 1573 1576 observassent.
1602 1519 1733 1574 Illud
1763 1521 1927 1587 enim,

347 1610 409 1662 Si
434 1611 661 1665 esurierit
690 1612 922 1668 inimicus
952 1622 1088 1680 tuus,
1111 1612 1221 1667 ciba
1242 1613 1425 1678 illum;
1445 1613 1487 1667 si
1513 1613 1635 1678 sitit,
1666 1621 1840 1683 potum
1866 1614 1934 1666 da

345 1702 457 1767 illi,
489 1718 593 1756 non
643 1704 786 1757 Pauli
832 1706 1062 1775 primum
1104 1714 1186 1760 est
1228 1705 1458 1773 dictum,
1490 1706 1584 1761 sed
1632 1705 1933 1761 Salomonis

352 1792 532 1861 (Prov.
551 1793 746 1850 25.9.l.
767 1796 1171 1866 29.).Pr0pterea
1199 1797 1358 1852 verba
1389 1798 1578 1867 posuit,
1610 1807 1666 1852 ut
1705 1796 1934 1851 auditori

349 1885 723 1954 persuaderet,
774 1888 1136 1957 turpissimum
1191 1903 1310 1944 esse
1337 1898 1569 1944 veterem
1620 1890 1824 1959 legem,
1881 1896 1937 1943 et

348 1990 506 2044 quam
535 1978 738 2047 antiqui
766 1976 1071 2048 frequenter
1093 1979 1532 2049 adimpleverunt,
1559 1996 1677 2050 qua)
1703 1995 1841 2034 nunc
1868 1979 1934 2033 ad

350 2073 547 2120 tantam
576 2077 756 2123 evecta
785 2079 864 2123 est
896 2069 1307 2139 philosophiam,
1335 2085 1549 2141 gravem
1578 2080 1632 2126 et
1656 2070 1935 2124 molestam

350 2159 543 2225 putari.
589 2158 654 2212 Et
682 2159 801 2229 quis
851 2160 994 2214 illam
1040 2176 1107 2215 ex
1153 2162 1384 2232 antiquis
1425 2161 1752 2231 adimplevit,
1798 2161 1939 2218 dicet

350 2248 579 2320 aliquis?
600 2249 745 2305 Multi
774 2265 903 2307 sane
927 2251 1037 2317 alii,
1065 2252 1158 2305 sed
1182 2251 1345 2306 David
1369 2253 1662 2322 prmsertim
1681 2252 1937 2321 majorem

352 2340 404 2394 in
437 2341 673 2395 modum.
702 2341 815 2397 Non
841 2341 981 2397 enim
1012 2342 1207 2397 eibavit
1228 2343 1521 2407 inimicum,
1555 2358 1726 2413 neque
1759 2354 1937 2412 putum

348 2430 500 2486 dedit
527 2434 575 2486 ei
624 2442 851 2499 tantum,
892 2432 986 2488 sed
1032 2433 1194 2489 etiam
1240 2434 1626 2504 periclitantem
1673 2434 1867 2503 smpius
1908 2449 1939 2488 a

356 2532 528 2577 morte
559 2523 821 2590 liberavit,
849 2533 1044 2578 etcum
1068 2534 1248 2594 posset
1275 2525 1447 2593 ip~um
1478 2524 1742 2591 occidere,
1773 2525 1940 2580 semel

351 2625 399 2670 et
434 2617 510 2669 bis
539 2624 592 2670 et
639 2617 833 2685 sapius
879 2617 1134 2687 pepercit.
1181 2618 1258 2672 Ae
1296 2615 1423 2671 Sat'tl
1448 2615 1661 2687 quidem
1704 2617 1782 2672 sic
1817 2632 1939 2672 eum

351 2705 541 2760 oderat
568 2714 623 2760 et
658 2708 1004 2762 aversabatur
1035 2716 1157 2777 post
1199 2708 1475 2763 innumera
1502 2707 1779 2773 beneficia,
1823 2717 1943 2777 post

355 2805 552 2865 tropaea
586 2799 858 2867 prmclara,
885 2806 938 2853 et
981 2809 1183 2868 partam
1210 2798 1467 2855 adversus
1496 2799 1706 2856 Goliath
1746 2802 1942 2871 populo

355 2886 603 2952 salutem,
634 2897 691 2942 ut
711 2904 778 2942 ne
798 2888 1027 2943 nominis
1051 2888 1267 2960 quidem
1292 2890 1458 2960 ipsius
1483 2891 1803 2945 mentionem
1829 2890 1941 2945 lieri

353 2980 668 3046 sustineret,
695 2979 787 3035 sed
826 2982 996 3050 ipsum
1040 2997 1070 3037 a
1102 2992 1251 3053 patre
1278 2981 1602 3053 designaret.
1638 2982 1767 3037 Cum
1800 2982 1941 3037 enim

356 3071 666 3127 Solemnitas
690 3072 1012 3138 advenisset,
1054 3073 1304 3144 quoniam
1329 3088 1449 3129 cum
1490 3072 1644 3130 dolos
1688 3075 1945 3130 texuisset

354 3163 562 3234 aliquos
602 3173 656 3218 et
695 3179 883 3235 graves
928 3165 1148 3222 insidias
1197 3165 1250 3221 in
1281 3181 1403 3222 eum
1446 3166 1747 3231 struxisset,
1796 3166 1943 3222 illum

357 3253 567 3308 venisse
586 3269 690 3308 non
717 3255 948 3321 videbat,
977 3255 1073 3311 Ubi
1099 3266 1190 3323 est,
1215 3257 1404 3327 inquit,
1428 3257 1565 3326 ﬁlius
1579 3255 1723 3312 Iesse
1742 3258 1789 3328 (Ι
1813 3256 1941 3329 Reg.

355 3342 445 3398 90.
485 3342 798 3414 27)?lllum
850 3346 1062 3417 quidem
1114 3362 1144 3400 a
1204 3356 1352 3416 patre
1398 3346 1728 3418 designabat,
1788 3348 1944 3403 simul

359 3434 574 3502 quidem
617 3451 722 3490 non
764 3436 1036 3490 sustinens
1066 3441 1180 3505 ejus
1214 3438 1443 3491 nominis
1482 3454 1590 3507 prze
1619 3438 1742 3493 odio
1781 3439 1944 3494 nimio

361 3525 691 3590 meminisse,
723 3525 879 3579 simul
911 3541 1038 3580 vero
1070 3526 1381 3581 existimans
1410 3528 1738 3597 ignobilitate
1780 3531 1944 3598 patris

360 3628 516 3682 posse
540 3614 667 3682 justi
715 3616 1005 3671 claritatem
1045 3616 1341 3686 obscurari,
1372 3634 1490 3689 qua:
1528 3620 1710 3689 opinio
1750 3623 1943 3677 misera

360 3705 514 3772 plane
536 3705 630 3757 fuit
652 3713 706 3759 et
735 3704 945 3771 infelix;
974 3708 1266 3776 prmsertim
1290 3724 1410 3764 cum
1436 3709 1567 3765 nibil
1598 3710 1698 3766 hoc
1724 3710 1946 3768 deberet

360 3811 552 3852 nocere
581 3797 781 3864 Davidi,
809 3799 1050 3868 quamvis
1072 3799 1287 3870 aliquod
1316 3802 1521 3871 parenti
1550 3803 1751 3857 crimen
1783 3803 1942 3872 objici

359 3895 555 3954 posset.
584 3886 780 3943 Rerum
811 3889 953 3943 enim
980 3905 1009 3943 a
1039 3904 1098 3944 se
1123 3899 1390 3961 gestarum
1422 3891 1684 3948 rationem
1718 3894 1943 3950 reddere

356 3975 517 4032 debet
546 3979 929 4050 unusquisque,
949 3990 1107 4050 atque
1129 3997 1194 4036 ex
1222 3982 1328 4037 illis
1356 3984 1437 4039 vel
1469 3984 1676 4043 laudem
1700 4028 1714 4051 ,
1743 3986 1828 4040 vel
1862 3987 1944 4040 vi-

360 4072 621 4142 tuperium
650 4086 903 4129 meretur.
936 4073 1055 4129 Jam
1081 4091 1209 4130 vero
1229 4091 1349 4131 cum
1378 4078 1579 4132 nullum
1612 4079 1787 4134 scelus
1816 4094 1943 4149 pos-

356 4170 437 4216 set
467 4163 729 4233 objicere,
770 4167 980 4232 generis
1023 4165 1401 4235 ignobilitatem
1444 4167 1497 4221 in
1543 4169 1774 4224 medium
1818 4185 1943 4238 pro-

358 4252 508 4305 tulit:
540 4260 594 4306 et
621 4252 717 4306 hac
745 4254 951 4309 ratione
976 4254 1209 4323 Speravit
1232 4270 1291 4310 se
1324 4271 1479 4324 posse
1506 4257 1801 4313 claritatem
1825 4259 1942 4327 ejus

358 4340 663 4407 obscurare,
695 4344 837 4413 quod
864 4353 1122 4399 extrema:
1152 4344 1249 4399 fuit
1274 4346 1576 4401 dementim.
1618 4348 1768 4414 Quod
1800 4350 1941 4404 enim

354 4431 555 4487 crimen
582 4444 665 4487 est
691 4448 754 4490 ex
785 4434 972 4489 vilibus
1009 4444 1062 4490 et
1094 4434 1379 4491 humilibus
1404 4448 1576 4492 ortum
1607 4454 1724 4495 esse
1753 4456 1945 4509 paren-

357 4521 538 4577 tibus?
590 4523 660 4577 At
712 4524 803 4579 ille
857 4533 1056 4580 tantam
1105 4526 1492 4596 phiIOSOphiam
1547 4544 1650 4583 non
1695 4530 1940 4584 callebat.

355 4612 481 4669 Saul
527 4614 685 4684 igitur
725 4630 847 4671 eum
892 4617 1045 4673 Jesse
1072 4619 1239 4673 lilium
1266 4620 1518 4686 vocabat;
1564 4621 1726 4676 David
1765 4631 1945 4677 autem

355 4719 477 4760 cum
507 4706 651 4761 illum
681 4708 822 4764 intus
851 4710 901 4764 iu
933 4712 1182 4781 spelunca
1215 4712 1567 4771 dormientem
1598 4716 1939 4785 olfendissct,

356 4812 464 4853 non
491 4814 614 4854 eum
647 4799 811 4855 lilium
855 4801 963 4867 Cis,
1015 4805 1108 4860 sed
1135 4805 1410 4877 dignitatis
1448 4809 1664 4864 nomine
1704 4810 1937 4865 vocavit:

357 4887 483 4945 Non
513 4892 646 4945 enim
673 4893 899 4964 injiciam
939 4914 1145 4951 eranum
1185 4915 1366 4967 meam,
1398 4900 1585 4971 inquit,
1615 4903 1667 4957 iu
1703 4902 1945 4958 christum

360 4980 567 5037 Domini
598 4983 673 5055 (l.
700 4984 809 5056 Reg
851 4986 941 5041 26.
968 4988 1075 5058 ll).
1105 4988 1195 5047 Sic
1218 4989 1285 5044 ab
1305 4989 1382 5044 ira
1404 4991 1634 5047 mundus
1657 5001 1774 5048 erat
1798 5000 1851 5048 ct
1876 4994 1945 5049 ab

359 5070 673 5140 injuriarum
715 5075 859 5130 omni
901 5078 1195 5132 memoria:
1225 5078 1485 5136 christum
1530 5082 1741 5138 Domini
1788 5092 1945 5140 vocat

356 5176 501 5229 eum,
532 5179 561 5217 a
591 5182 695 5234 quo
727 5176 805 5222 tot
832 5168 1052 5225 allectus
1096 5179 1211 5225 erat
1242 5170 1473 5243 injuriis,
1513 5175 1600 5246 qui
1632 5178 1942 5246 sanguinem

352 5251 470 5317 eius
513 5254 746 5324 sitiebat,
790 5267 845 5313 et
893 5269 1009 5329 post
1055 5260 1329 5321 innumera
1376 5262 1634 5320 beneficia
1673 5267 1944 5324 multoties

356 5345 505 5398 tilum
537 5361 818 5418 aggressus
845 5360 927 5405 est
966 5351 1295 5410 interimere.
1323 5353 1441 5411 Non
1464 5356 1605 5412 enim
1647 5358 1939 5428 spectabat,

355 5437 484 5505 quid
534 5440 623 5494 ille.
670 5441 776 5509 pati
821 5444 1256 5513 commcruisset;
1309 5447 1405 5503 sed
1456 5450 1760 5519 spectabat,
1818 5452 1943 5522 quid

356 5529 529 5595 ipsmn
576 5532 750 5588 facere
782 5535 864 5591 vel
913 5535 1092 5593 dicere
1139 5541 1482 5607 conveniret,
1530 5542 1619 5612 qui
1662 5558 1945 5613 supremus

358 5618 513 5673 limes
548 5631 629 5676 est
667 5626 1036 5698 philosophiae.
1065 5630 1339 5697 Quodnam
1370 5631 1495 5687 illud
1525 5633 1779 5689 tandem?
1805 5644 1943 5689 tatu-

358 5725 517 5779 quam
561 5713 611 5767 iu
657 5729 870 5774 carcere
917 5727 1105 5776 tenens
1156 5721 1423 5777 inimicum
1469 5721 1660 5793 duplici
1709 5724 1939 5780 vinctum

1043 314 1100 371 S.
1139 314 1419 372 JOANNIS
1457 309 1936 372 CHRYSOSTOMI
1968 308 2289 367 ARCIIIEP.
2316 311 2849 372 CONSTANTINOP.

3515 320 3618 376 1κὸ

2031 423 2290 494 compede
2314 426 2397 481 vel
2422 427 2612 497 triplici
2642 429 2836 498 potius,
2868 438 2921 484 et
2951 430 3209 500 angustiis
3233 430 3357 499 loci,
3389 438 3443 486 et
3461 432 3615 486 auxi-

2028 516 2277 571 liatorum
2304 517 2501 588 inopia,
2541 529 2595 574 et
2624 523 2797 575 somni
2844 523 3184 590 necessitate,
3211 538 3317 578 non
3353 526 3520 596 exigis
3547 527 3617 583 ab

2030 607 2122 660 illo
2144 621 2331 677 pmnas
2369 624 2467 664 nec
2492 611 2851 680 supplicium?
2879 611 3243 683 Nequaquam,
3270 616 3460 685 inquit.
3499 616 3615 673 Non

2028 697 2171 751 enim
2213 698 2342 769 quid
2392 700 2480 755 ille
2533 701 2640 771 pati
2671 712 2938 758 mereatur
2979 720 3119 759 nunc
3164 707 3469 775 considero,
3521 710 3615 765 sed

2029 788 2156 856 quid
2182 789 2370 845 fecisse
2399 806 2484 847 me
2508 791 2778 848 decuerat.
2806 792 2920 848 Non
2950 796 3269 864 respiciebat
3293 798 3455 852 caedis
3484 798 3615 853 faci-

2032 879 2253 948 litatem,
2282 881 2377 937 sed
2397 885 2767 940 convenientis
2783 887 2881 940 sibi
2903 886 3253 957 philosophia!
3279 890 3614 945 sanetitatem

2032 971 2368 1040 respiciebat.
2400 973 2633 1029 Tametsi
2685 976 2809 1044 quid
2858 992 3042 1031 eorum
3082 994 3200 1047 qme
3230 986 3358 1034 tunc
3396 981 3621 1036 aderant

2034 1076 2139 1119 non
2181 1062 2429 1119 idoneum
2457 1074 2573 1121 erat
2599 1067 2664 1121 ad
2696 1068 2841 1121 illum
2873 1069 2939 1123 ad
2967 1069 3170 1124 eaedem
3199 1071 3620 1142 impellendum?

2033 1152 2185 1219 Quod
2229 1154 2438 1211 vinctus
2480 1157 2529 1211 ei
2569 1157 2791 1212 traditus
2828 1168 2942 1213 erat
2968 1160 3253 1216 inimicus?
3285 1163 3443 1217 Scitis
3471 1164 3614 1219 enim

2039 1244 2140 1299 hoc
2161 1246 2432 1314 nimirum,
2453 1264 2551 1304 nos
2580 1250 2646 1304 ad
2674 1266 2735 1305 ea
2767 1253 3106 1323 exsequenda
3131 1255 3427 1323 promptius
3453 1255 3621 1311 advo-

2035 1336 2168 1401 lare,
2218 1354 2336 1408 quze
2387 1341 2653 1396 facilitatis
2707 1342 2862 1410 plena
2907 1354 3050 1408 sunt,
3105 1354 3159 1400 et
3209 1348 3448 1417 prosperi
3500 1362 3626 1419 spes

2034 1443 2315 1484 successus
2342 1430 2527 1497 efficit,
2579 1442 2637 1486 ut
2659 1433 2726 1487 ad
2765 1449 2877 1487 rem
2906 1435 3165 1504 agendam
3195 1436 3381 1505 majori
3415 1436 3622 1507 cupitli-

2022 1528 2145 1575 .tate
2173 1520 2599 1587 cxardescamus,
2627 1522 2769 1593 quod
2796 1535 2851 1578 et
2880 1523 2933 1578 in
2966 1524 3058 1578 illo
3089 1534 3199 1581 tum
3229 1526 3443 1581 accidit.

2107 1609 2213 1664 Cur
2237 1609 2398 1665 Satilo
2421 1613 2697 1682 pepercerit
2716 1612 2897 1666 David.
2925 1612 3139 1669 Davidis
3163 1625 3350 1682 quanta
3374 1617 3619 1671 virtus.—

2037 1699 2302 1770 Numquid
2330 1711 2438 1756 tum
2465 1704 2733 1758 exercitus
2759 1703 2865 1758 dux
2907 1705 3218 1759 consulebat
3247 1715 3301 1760 et
3328 1706 3625 1762 incitabat?

2040 1791 2293 1861 numquid
2323 1793 2712 1861 praeteritarum
2742 1809 2919 1848 rerum
2948 1795 3243 1850 memoria?
3270 1794 3374 1851 Sed
3406 1796 3537 1852 nihil
3558 1797 3627 1853 ad

2039 1882 2238 1937 eaedem
2270 1883 2414 1936 illum
2442 1884 2679 1953 impulit;
2711 1885 2817 1939 imo
2844 1885 2958 1955 ipsa
2994 1885 3158 1940 etedis
3182 1885 3407 1941 facilitas
3430 1902 3621 1943 avoca-

2040 1973 2158 2028 vit:
2213 1973 2457 2028 veniebat
2501 1975 2644 2030 enim
2701 1975 2775 2030 illi
2833 1977 2887 2030 in
2944 1986 3179 2031 mentem
3232 1976 3433 2033 idcirco
3461 1979 3630 2035 Deum

2043 2065 2188 2118 illum
2220 2064 2498 2119 tradidisse
2521 2106 2537 2128 .
2582 2074 2640 2120 ut
2681 2065 2941 2134 majorem
2975 2067 3047 2120 illi
3076 2067 3428 2136 philoSOpbize
3456 2080 3628 2124 mate-

2044 2156 2175 2210 riam
2221 2166 2273 2210 et
2317 2156 2653 2212 occasionem
2699 2157 2977 2226 praeberet.
3010 2159 3089 2212 Ae
3115 2173 3211 2212 vos
3235 2158 3447 2228 quidem
3480 2159 3629 2215 illum

2044 2246 2267 2302 fortasse
2312 2247 2599 2313 miramini,
2645 2250 2785 2318 quod
2833 2250 3027 2305 nullius
3056 2265 3119 2305 ex
3150 2251 3437 2319 praeteritis
3479 2252 3632 2307 malis

2044 2338 2353 2392 recordatus
2399 2337 2505 2392 sit:
2537 2354 2636 2409 ego
2676 2355 2802 2394 vero
2849 2351 3063 2410 propter
3091 2341 3233 2395 aliud
3261 2342 3427 2396 multo
3461 2342 3631 2414 majus

2045 2428 2219 2496 ipsum
2250 2430 2590 2498 obstupesco.
2620 2430 2758 2495 Quid
2786 2430 2914 2485 illud
2940 2431 3017 2485 rei
3046 2432 3165 2486 est?
3195 2431 3347 2499 Quod
3372 2449 3471 2487 nec
3496 2433 3631 2486 futu-

2044 2535 2224 2573 rorum
2260 2519 2472 2588 quidem
2519 2528 2693 2575 metus
2737 2535 2856 2574 eum
2899 2520 2966 2575 ad
3016 2520 3287 2575 inimicum
3335 2522 3630 2576 necandum

2044 2609 2332 2677 impulerit.
2381 2609 2587 2680 Quippe
2634 2611 2722 2679 qui
2754 2610 2919 2679 probe
2966 2620 3187 2666 naverat
3211 2628 3333 2666 eum
3374 2612 3538 2667 semel
3568 2628 3633 2668 ex

2046 2700 2212 2771 ipsius
2238 2702 2483 2757 manibus
2521 2701 2784 2771 elapsum,
2827 2717 3010 2758 rursus
3037 2704 3110 2758 illi
3149 2710 3472 2759 structorum
3504 2705 3634 2759 insi-

2045 2793 2207 2849 dias:
2237 2794 2330 2849 sed
2376 2794 2558 2848 maluit
2599 2794 2963 2850 adversarium
3008 2795 3230 2850 liberum
3275 2795 3541 2851 dimittere
3570 2812 3634 2851 ac

2049 2886 2339 2955 periculum
2388 2888 2587 2951 subire,
2631 2903 2813 2957 quam,
2863 2897 2920 2942 ut
2960 2888 3149 2943 salutis
3199 2903 3310 2942 sua:
3361 2888 3632 2943 securitati

2045 2978 2371 3047 consuleret,
2404 2978 2608 3034 hostem
2641 2994 2850 3035 necare.
2893 2979 3029 3048 Quid
3050 2995 3172 3036 eum
3198 2996 3388 3051 magno
3417 2980 3505 3034 illo
3534 2994 3632 3050 ge-

2049 3083 2345 3139 DCI‘OSOQUG
2389 3069 2569 3124 animo
2610 3068 2840 3125 conferri
2888 3071 3075 3140 possit,
3118 3072 3230 3141 qui,
3274 3087 3394 3126 cum
3422 3071 3631 3125 oculum

2048 3161 2205 3218 effodi
2249 3162 2334 3218 lex
2367 3178 2462 3232 pro
2504 3163 2660 3217 oculo
2697 3163 2900 3233 jubeat,
2927 3172 2980 3217 et
3008 3163 3220 3218 dentem
3250 3179 3345 3233 pro
3371 3162 3548 3228 dente,
3572 3176 3635 3217 ac

2048 3268 2145 3322 par
2173 3253 2283 3323 pari
2324 3255 2509 3310 referri
2539 3254 2712 3324 (Deut.
2743 3254 2830 3309 l9.
2859 3253 2971 3323 2i),
3005 3271 3111 3309 non
3142 3254 3302 3310 modo
3352 3255 3401 3309 id
3430 3271 3532 3309 non
3559 3253 3636 3309 fe-

2048 3344 2140 3409 cit,
2169 3343 2261 3398 sed
2288 3352 2341 3398 et
2364 3344 2529 3401 multo
2558 3344 2811 3413 majorem
2843 3344 3235 3415 philosophiam
3269 3360 3378 3414 prte
3404 3361 3463 3400 se
3491 3345 3635 3399 tulit?

2048 3434 2379 3504 Quamquam
2423 3436 2608 3490 situm
2651 3435 2869 3491 Saulem
2916 3444 3178 3498 necasset,
3220 3436 3298 3488 sic
3321 3449 3532 3504 quoque
3561 3436 3635 3490 illi

2050 3524 2397 3594 philoSOphia:
2441 3526 2554 3580 laus
2599 3526 2761 3581 illam
2815 3527 3119 3593 mansisset,
3168 3540 3274 3579 non
3306 3524 3465 3580 modo
3493 3524 3634 3594 quod

2051 3615 2189 3669 ultus
2215 3624 2376 3681 esset,
2412 3631 2532 3668 cum
2570 3631 2668 3671 nec
2713 3615 2827 3686 ipse
2871 3616 3015 3685 prior
3056 3616 3427 3685 percussisset,
3451 3630 3636 3671 verum

2049 3704 2207 3757 etiam
2262 3704 2399 3775 quod
2455 3703 2653 3759 dictum
2707 3705 2853 3770 illud,
2910 3704 3126 3761 Oculum
3153 3721 3244 3775 pro
3282 3704 3448 3768 oculo,
3482 3705 3640 3774 longe

2049 3796 2236 3866 majori
2285 3797 2541 3852 modestia
2592 3797 2826 3852 vicisset.
2870 3797 2985 3852 Non
3043 3799 3185 3854 enim
3218 3812 3314 3867 pro
3359 3813 3460 3851 uua
3491 3796 3637 3853 crede

2050 3903 2207 3942 uuam
2239 3888 2588 3959 rependissct,
2619 3886 2711 3943 sed
2739 3904 2831 3957 pro
2860 3887 3049 3942 multis
3070 3886 3349 3952 mortibus,
3381 3902 3512 3957 quas
3550 3887 3639 3942 ille

2052 3978 2321 4042 intulerat,
2372 3980 2494 4033 dum
2540 3995 2643 4034 non
2687 3980 2872 4044 semel,
2925 3995 3030 4033 non
3082 3979 3183 4040 bis.
3232 3978 3324 4033 sed
3371 3977 3639 4032 nmltutics

2052 4069 2222 4138 ipsum
2253 4071 2499 4126 occidere
2542 4080 2763 4125 conatus
2787 4080 2920 4135 erat,
2955 4084 3058 4123 uua
3082 4088 3110 4121 n
3146 4068 3385 4125 illaturos
3413 4076 3638 4122 mortem

2050 4158 2234 4214 fuisset
2263 4178 2276 4214 :
2312 4159 2417 4213 imo
2446 4176 2571 4215 vero
2601 4176 2704 4215 non
2734 4161 2927 4215 idcirco
2953 4168 3172 4224 tantum,
3199 4158 3292 4213 sed
3317 4159 3476 4213 etiam
3501 4156 3638 4227 quod

2049 4260 2193 4306 metu
2239 4251 2398 4305 futuri
2428 4252 2649 4307 adactus
2678 4256 2741 4307 ad
2769 4253 3024 4308 ultionem
3073 4251 3504 4322 progrederetur,
3532 4249 3635 4304 hoc

2049 4356 2259 4414 quoque
2307 4353 2502 4413 praeter
2546 4359 2629 4405 ea,
2661 4360 2780 4414 quae
2805 4344 2942 4398 dicta
2973 4353 3119 4408 sunt,
3148 4342 3409 4413 integram
3449 4341 3521 4396 illi
3552 4349 3636 4396 to-

2048 4433 2286 4488 lerantia:
2314 4449 2569 4490 coronam
2598 4437 2844 4505 acquirit.
2875 4435 2973 4504 Qui
3002 4435 3143 4490 enim
3189 4444 3407 4504 propter
3426 4448 3487 4490 ea
3516 4448 3637 4503 qua:

2048 4524 2375 4594 acciderant,
2420 4527 2471 4581 in
2516 4543 2636 4582 eum
2682 4528 2849 4583 iratus
2876 4536 3018 4582 esset
3040 4541 3104 4581 ac
3143 4540 3327 4596 pinnas
3354 4527 3638 4593 exegisset,

2052 4616 2346 4671 tolerantia:
2373 4617 2581 4673 laudem
2608 4618 2861 4689 consequi
2888 4618 3106 4673 minime
3123 4625 3339 4687 posset:
3363 4631 3484 4673 eum
3512 4632 3641 4672 vero

2049 4710 2139 4779 qui
2172 4710 2436 4780 praeterita
2462 4710 2623 4764 multa
2650 4725 2817 4781 eaque
2844 4710 3024 4781 gravia
3057 4710 3467 4780 prmtermittens
3494 4717 3640 4764 metu

2052 4802 2440 4859 imminentium
2491 4804 2846 4873 periculorum
2902 4804 3061 4859 saluti
3133 4819 3246 4861 sua:
3292 4802 3639 4872 prospicere,

2049 4901 2209 4963 atque
2255 4892 2452 4948 idcirco
2489 4893 2555 4949 ad
2588 4895 2840 4950 ultionem
2869 4893 3114 4966 progredi
3141 4901 3451 4965 cogeretur,
3480 4907 3641 4948 nemo

2049 4992 2232 5054 posset
2261 4984 2532 5041 modestus
2561 4999 2757 5040 corona
2792 4985 3018 5055 privare.

2121 5077 2175 5132 7.
2212 5075 2594 5132 Verumtamen
2639 5076 2805 5131 David
2850 5091 2919 5131 ne
2967 5075 3069 5131 hoc
3097 5072 3311 5146 quidem
3354 5073 3498 5142 fecit,
3540 5071 3637 5128 sed

2050 5185 2246 5225 novum
2273 5170 2537 5238 quoddam
2583 5178 2636 5224 et
2681 5169 2950 5224 insolitum
2979 5167 3327 5238 philosophiae
3349 5181 3521 5237 genus
3542 5164 3640 5219 ad-

2050 5259 2270 5323 invenit.
2313 5270 2368 5315 et
2407 5275 2579 5330 neque
2625 5261 2883 5316 memoria
2914 5258 3323 5330 praeteritorum,
3355 5273 3527 5328 neque
3552 5254 3639 5311 fu-

2053 5361 2292 5407 turorum
2322 5361 2510 5418 metus,
2545 5368 2717 5423 neque
2742 5352 2893 5407 ducis
2912 5352 3176 5408 exercitus
3196 5350 3515 5412 cohortatio.
3543 5364 3642 5404 nec

2052 5445 2283 5502 solitudo
2308 5444 2431 5509 loci,
2459 5461 2565 5500 non
2595 5444 2821 5500 facilitas
2840 5442 3024 5510 aedis,
3049 5458 3156 5499 non
3180 5442 3323 5498 aliud
3349 5441 3636 5511 quidquam

2052 5538 2116 5590 ad
2147 5535 2491 5591 homicidium
2521 5535 2669 5592 illum
2696 5535 2940 5607 impulit:
2969 5534 3064 5591 sed
3091 5543 3356 5605 tamquam
3387 5532 3544 5589 alicui
3568 5531 3640 5587 de

2051 5642 2110 5684 se
2156 5629 2290 5683 bene
2338 5628 2550 5695 merito,
2591 5628 2783 5697 cuique
2811 5641 2997 5698 magna
3027 5625 3283 5682 beneficia
3308 5624 3515 5679 tulisset
3543 5637 3637 5678 ac-

2056 5731 2229 5792 cepta,
2257 5720 2334 5778 sic
2363 5720 2576 5777 inimico
2605 5719 2823 5787 homini,
2849 5735 2887 5774 a
2913 5734 3017 5789 quo
3044 5718 3214 5774 fuerat
3239 5717 3460 5773 alie-ctus
3499 5714 3639 5793 inju-
