4096 6222
337 175 442 232 185

333 290 450 356 riis,
503 289 759 359 pepercit.
807 289 1098 356 Quamnam
1148 289 1306 359 igitur
1347 291 1554 344 veniam
1603 291 1925 347 merebimur

333 395 454 444 nos,
484 379 572 449 qui
602 380 993 449 praeteritorum
1024 379 1338 434 delictorum
1369 395 1634 435 memores
1661 396 1844 436 smnus
1871 391 1924 436 et

335 487 428 525 eos
461 472 786 536 ulciscimur,
822 473 910 542 qui
954 487 1050 525 nos
1093 471 1346 537 ltcserinl,
1391 487 1510 526 cum
1540 473 1794 527 innocens
1835 474 1925 529 ille

339 571 415 616 tot
456 561 594 616 mala
621 577 830 632 passus,
861 564 1056 632 quique
1079 563 1226 631 plura
1257 574 1308 616 et
1337 565 1580 632 graviora
1609 566 1729 626 sibi,
1757 566 1799 620 si
1831 565 1926 618 ho-

335 663 470 708 stem
503 662 762 719 servaret,
793 654 1134 722 exspectabat
1179 663 1453 719 eventura,
1504 653 1580 710 sic
1627 656 1926 724 pepercisse

337 744 600 811 videatur,
643 752 703 797 ut
731 743 1022 813 periculum
1049 744 1161 812 ipse
1190 745 1368 798 subire
1393 745 1656 810 maluerit,
1689 753 1847 814 atque
1873 746 1922 800 in

337 846 480 890 metu
513 850 576 889 ac
608 845 840 889 tremore
872 835 1070 899 vivere,
1112 849 1267 902 quam
1299 850 1419 888 eum
1447 850 1602 903 quem
1637 835 1734 889 sibi
1767 835 1924 889 innu-

337 941 513 980 meras
541 925 844 980 moliturum
871 923 1092 979 insidias
1118 924 1338 990 sciebat,
1361 924 1482 994 jure
1511 924 1794 980 occidere?

406 1015 620 1071 Daeidis
649 1017 944 1086 patientiam
979 1024 1265 1087 exaggerat.
1286 1044 1357 1054 -
1381 1014 1509 1084 Ejus
1547 1015 1721 1084 itaque
1751 1015 1922 1085 philo-

335 1113 579 1186 50phiam
623 1129 689 1168 ex
732 1113 813 1168 his
842 1128 1064 1168 cernere
1089 1114 1229 1179 licet,
1261 1113 1400 1184 quod
1451 1129 1554 1168 non
1588 1112 1746 1168 modo
1782 1120 1924 1166 tanta

337 1208 648 1264 imminente
695 1209 1013 1263 necessitate
1065 1223 1170 1263 non
1228 1207 1575 1271 interemerit,
1623 1206 1716 1260 sed
1753 1219 1925 1274 neque

336 1300 654 1356 maledicum
692 1301 741 1354 in
782 1316 903 1354 eum
945 1299 1163 1356 verbum
1209 1300 1371 1354 ullum
1399 1298 1695 1371 protulerit,
1734 1297 1856 1352 licet
1882 1298 1926 1352 is

336 1407 497 1459 quem
544 1393 767 1447 laesurus
817 1388 1020 1458 fuisset,
1073 1391 1292 1447 minime
1335 1392 1611 1447 audiisset.
1639 1391 1796 1460 Atqui
1830 1405 1925 1445 nos

337 1482 495 1536 ctiam
522 1481 726 1536 amicos
750 1495 1118 1552 saepenumero
1146 1483 1396 1538 absentes
1423 1482 1678 1537 conviciis
1700 1481 1926 1536 incessi—

339 1587 492 1639 mus;
523 1583 577 1628 at
624 1574 712 1628 ille
757 1590 823 1628 ne
867 1575 1136 1630 inimicum
1167 1575 1404 1646 quidem,
1449 1591 1479 1630 a
1509 1591 1616 1646 quo
1650 1583 1726 1630 tot
1756 1573 1928 1629 fuerat

339 1663 559 1720 allectus
586 1665 813 1734 injuriis.
845 1668 920 1720 Ac
946 1666 1334 1736 philosophiam
1362 1667 1576 1738 quidem
1605 1683 1668 1722 ex
1694 1667 1777 1722 his
1802 1667 1927 1721 licet

337 1769 705 1826 cognoscere:
736 1755 1114 1831 benignitatem
1159 1768 1334 1812 autem
1379 1772 1442 1812 ac
1479 1759 1738 1829 reliquam
1779 1757 1926 1810 solli-

339 1845 628 1900 citudinem
675 1847 868 1913 exiis,
915 1862 1032 1917 qum
1079 1855 1262 1918 postea
1309 1843 1570 1917 prmstilit.
1603 1846 1754 1912 Quod
1785 1846 1926 1901 enim

341 1935 600 1991 fimbriam
632 1937 795 1991 vestis
823 1937 1129 2004 absciderit,
1161 1938 1299 2008 quod
1330 1953 1481 2008 aquze
1515 1937 1772 2009 scyphum
1804 1936 1930 1990 sub-

341 2027 581 2095 traxerit,
613 2027 751 2096 quod
797 2027 950 2098 longe
988 2028 1246 2084 secedens
1281 2039 1333 2082 et
1359 2039 1508 2084 stans
1550 2028 1791 2082 elamarit
1823 2027 1840 2095 (
1874 2027 1925 2081 1.

341 2119 469 2189 Reg.
491 2118 583 2173 21.
614 2121 667 2174 5.
696 2131 743 2173 et
774 2120 863 2174 26.
892 2122 976 2175 13.
1009 2121 1166 2191 sqq.),
1195 2133 1353 2191 atque
1395 2137 1425 2176 a
1456 2135 1515 2176 se
1540 2129 1751 2176 servato
1783 2121 1928 2176 inco-

340 2210 466 2264 lnmi
497 2213 610 2265 luce
652 2211 980 2281 significat-it,
1012 2227 1114 2267 nou
1149 2212 1211 2265 ad
1243 2212 1650 2267 ostentationem
1681 2223 1735 2267 et
1755 2211 1928 2266 ambi-

337 2301 537 2355 tionem
588 2301 639 2355 id
680 2302 825 2369 fecit,
872 2318 1054 2356 verum
1105 2311 1161 2356 ιιι
1185 2302 1436 2372 operibus
1469 2303 1596 2372 ipsis
1625 2303 1674 2358 ei
1702 2317 1926 2372 persua-

335 2391 511 2458 deret,
545 2407 604 2447 se
648 2393 916 2448 immerito
965 2409 1028 2447 ac
1071 2393 1188 2447 sine
1235 2407 1392 2447 causa
1425 2403 1690 2462 tamquam
1722 2393 1927 2446 hostem

339 2482 412 2535 illi
455 2481 620 2537 fuisse
663 2493 988 2553 suspectum,
1018 2492 1072 2538 et
1101 2483 1200 2537 hac
1229 2483 1434 2537 ratione
1461 2483 1661 2536 studuit
1687 2483 1833 2536 illum
1861 2481 1926 2536 ad

331 2573 623 2627 amicitiam
654 2589 966 2643 provocare.
990 2573 1360 2628 Verumtamen
1379 2589 1497 2640 cum
1516 2591 1582 2628 ne
1612 2576 1688 2630 sic
1714 2574 1926 2645 quidem

340 2665 488 2719 illum
517 2664 732 2720 flectere
759 2665 1040 2736 potuisset,
1072 2676 1232 2736 atque
1257 2681 1287 2720 e
1305 2666 1481 2721 medio
1507 2675 1687 2735 posset
1716 2667 1926 2734 tollere,

339 2772 526 2812 rursus
554 2759 720 2828 patria
750 2772 937 2813 carere
964 2758 1170 2824 maluit,
1203 2769 1254 2814 et
1290 2750 1514 2829 peregre
1544 2760 1742 2825 vivere,
1769 2768 1928 2830 atque

340 2851 394 2906 in
426 2851 579 2906 malis
621 2851 858 2921 quotidie
897 2852 1116 2916 versari,
1149 2851 1277 2905 dum
1310 2853 1668 2907 necessarium
1715 2851 1813 2905 sibi
1846 2852 1928 2905 vi-

340 2954 485 2999 ctum
515 2953 871 3013 compararet.
901 2961 1058 3015 quam
1089 2943 1232 2998 denti
1265 2942 1529 2998 manendo
1560 2942 1925 2997 insidiatorent

344 3052 499 3090 suum
532 3036 744 3090 laedere.
765 3036 900 3104 Quid
933 3035 1074 3090 illius
1100 3035 1272 3089 anima
1298 3037 1466 3090 lenius
1493 3035 1716 3105 reperiri
1741 3035 1929 3106 possit?

341 3126 527 3182 Merito
555 3140 683 3181 sane
712 3126 941 3192 dicebat,
975 3125 1244 3189 Memento,
1278 3125 1512 3190 Domine,
1541 3124 1728 3192 David,
1752 3136 1797 3178 et
1823 3143 1929 3178 om-

340 3218 419 3271 nis
445 3217 844 3273 mansuetudinis
875 3219 984 3288 ejus
1019 3215 1186 3288 (Psal.
1219 3218 1342 3271 151.
1374 3217 1447 3284 1).
1483 3216 1634 3272 llunc
1661 3217 1930 3270 imitentur

342 3321 440 3361 nos
468 3320 698 3376 quoque,
745 3321 807 3360 ac
837 3321 1009 3376 neque
1039 3305 1298 3369 dicamus,
1343 3320 1515 3376 neque
1542 3305 1796 3360 faciamus
1829 3305 1929 3359 ini-

341 3397 494 3452 micis
518 3397 805 3467 quidquam
833 3397 980 3462 mali,
1013 3395 1106 3450 sed
1139 3405 1190 3450 et
1221 3412 1314 3464 pro
1338 3396 1537 3449 viribus
1557 3395 1623 3450 de
1663 3395 1765 3449 illis
1794 3395 1928 3449 bene

343 3502 645 3540 mercamur
676 3503 689 3541 :
721 3486 982 3556 siquidem
1013 3485 1077 3538 de
1105 3485 1261 3538 nubis
1292 3485 1418 3554 ipsis
1449 3485 1642 3555 potius,
1671 3501 1829 3554 quam
1862 3485 1928 3538 de

341 3577 447 3632 illis
476 3577 608 3632 lene
635 3577 978 3632 merebimur.
1014 3577 1075 3631 Si
1099 3577 1249 3639 enim,
1281 3577 1470 3647 inquit,
1519 3577 1806 3630 dimisert'tis
1831 3578 1928 3629 ini-

341 3670 482 3722 micis
510 3670 702 3736 vestris,
750 3670 1025 3723 dimittetur
1067 3669 1202 3722 vobis
1248 3669 1457 3739 (.llattlt.
1483 3670 1534 3723 6.
1570 3670 1652 3740 14)
1681 3688 1693 3722 :
1721 3669 1929 3725 dimitte

341 3760 554 3815 servilia
601 3767 835 3830 peccata,
870 3770 925 3813 ιιι
955 3760 1163 3815 veniam
1205 3759 1424 3814 herilem
1456 3759 1697 3814 obtincas
1741 3776 1929 3830 pecca-

345 3861 518 3908 torum
545 3871 558 3907 :
589 3853 729 3923 quod
775 3854 818 3908 si
855 3869 1099 3924 magnam
1145 3852 1381 3906 intulerit
1429 3852 1697 3921 injuriam.
1731 3865 1929 3921 quanto

341 3945 541 4015 majora
583 3945 871 4011 dimiseris,
918 3955 1064 4000 tanto
1095 3946 1352 4014 majorem
1404 3945 1609 3998 veniam
1642 3945 1926 3999 obtinebis.

341 4036 629 4106 Propterea
663 4052 892 4107 namque
909 4038 1085 4091 dicere
1107 4037 1280 4090 edocti
1299 4049 1504 4101 sumus,
1533 4034 1739 4088 Dimitte
1765 4035 1926 4099 nobis,

340 4130 467 4182 sicut
497 4145 586 4184 nos
603 4129 900 4182 dimittimus
923 4127 1066 4201 (Ibid
1113 4145 1161 4182 v.
1197 4125 1293 4199 l2)
1315 4169 1329 4192 ,
1364 4136 1421 4182 ut
1448 4126 1714 4181 discamus
1737 4127 1926 4181 remis-

339 4219 506 4274 sionis
532 4221 746 4274 modum
769 4219 974 4274 initium
1001 4234 1028 4271 a
1049 4219 1201 4273 nobis
1220 4217 1481 4288 accipere.
1507 4217 1709 4288 Itaque,
1734 4230 1930 4286 qranto

339 4313 582 4381 graviora
634 4312 768 4365 mala
815 4312 1054 4366 intulerit
1104 4311 1384 4374 inimicus,
1441 4319 1588 4364 tanto
1643 4309 1930 4378 majoribts

335 4400 503 4455 afficit
552 4401 844 4456 beneficiis.
897 4402 1251 4470 Properemus
1281 4401 1460 4471 igitur,
1509 4409 1562 4455 ct
1600 4415 1719 4454 cum
1751 4400 1812 4453 iis
1839 4400 1927 4470 qui

340 4506 438 4544 nos
465 4491 718 4556 laeserint,
761 4493 1094 4547 reconciliari
1135 4491 1469 4555 festinemus,
1513 4492 1624 4546 sive
1647 4491 1789 4560 jure,
1818 4491 1930 4546 siie

338 4582 530 4650 injuria
575 4583 682 4638 sint
724 4584 862 4639 irati.
904 4583 958 4639 Si
1001 4584 1141 4638 enim
1188 4583 1274 4639 hic
1317 4583 1479 4638 fueris
1524 4583 1924 4642 reconciliatus.

339 4671 447 4729 illic
486 4689 517 4728 a
551 4673 754 4744 judicio
799 4674 1148 4730 liberaberis:
1182 4675 1263 4729 sin
1308 4683 1485 4729 autem
1536 4673 1769 4737 interim,
1799 4672 1925 4725 dum

337 4764 628 4822 inimicitia:
673 4775 1037 4837 perseverant,
1087 4780 1230 4821 mors
1279 4765 1640 4821 interveniens
1684 4763 1862 4818 odium
1890 4778 1922 4816 e

1283 176 1348 232 IN
1391 176 1615 244 ILLUD,
1657 175 1718 232 Sl
1759 175 2126 234 ESURIERIT
2170 179 2482 252 INIMICUS,
2526 182 2681 243 ΕΠΖ.

3519 188 3620 242 180

2035 294 2212 350 medio
2263 296 2448 362 tollat,
2504 298 2608 353 illic
2655 298 2906 369 deinceps
2951 297 3206 370 judicium
3270 299 3589 353 constituant

2032 398 2250 440 necesse
2277 396 2378 440 est.
2410 387 2477 442 Ut
2500 389 2656 458 igitur
2689 389 2934 445 homines
2961 391 3110 446 multi
3129 391 3218 463 qui
3247 392 3386 447 inter
3412 408 3470 446 se
3489 407 3592 447 con

2034 483 2419 545 trovcrsantur,
2472 481 2514 534 si
2555 481 2768 551 quidem
2820 495 2968 537 extra
3025 483 3196 538 forum
3249 485 3422 539 amice
3472 486 3616 540 litem

2032 565 2171 621 inter
2221 583 2280 622 se
2331 581 2690 640 componant,
2739 572 2976 638 damno,
3026 584 3208 642 metu,
3265 576 3622 646 periculisque

2032 657 2214 711 multis
2257 673 2314 712 se
2365 661 2610 726 liberant,
2644 663 2768 716 dum
2802 680 2866 718 ex
2911 665 3071 720 animi
3117 667 3378 722 sententia
3412 668 3517 721 litis
3543 669 3621 722 eis

2033 747 2335 802 terminatio
2381 752 2618 806 succedit
2649 771 2662 805 :
2695 753 2836 823 quod
2885 756 2929 808 si
2955 756 3120 825 judici
3150 759 3418 826 negotium
3462 774 3622 813 suum

2031 840 2358 907 permittant,
2391 842 2520 897 nihil
2547 844 2687 898 aliud
2715 845 2836 900 inde
2867 857 3060 916 praeter
3087 849 3322 918 pecuniae
3355 849 3619 920 jaetttratn

2031 943 2085 988 et
2115 949 2326 1004 ptrnam
2370 951 2629 1006 persmpe,
2675 946 2836 1008 atque
2884 939 3264 994 immortalium
3309 941 3619 996 inimicitiao

2031 1041 2147 1079 rum
2173 1025 2623 1081 continuationem
2651 1029 2999 1098 reportabuut
3024 1049 3037 1084 :
3069 1031 3136 1084 ita
3169 1031 3256 1087 hic
3284 1048 3494 1103 quoque
3514 1075 3528 1099 ,
3573 1033 3619 1087 si

2029 1117 2156 1171 dum
2203 1117 2256 1172 in
2304 1118 2400 1172 hac
2429 1120 2532 1173 vita
2558 1134 2853 1186 versamur,
2899 1121 3020 1176 lites
3047 1137 3448 1191 componamus,
3473 1123 3617 1176 omni

2031 1221 2129 1261 nos
2155 1208 2413 1277 supplicio
2445 1209 2786 1264 liberabimus
2815 1229 2828 1265 :
2861 1211 2940 1266 sin
2971 1221 3148 1266 autem
3194 1213 3243 1266 in
3276 1213 3399 1267 οι]ἱο
3435 1227 3619 1282 perse-

2030 1308 2295 1363 verantes,
2321 1300 2386 1354 ad
2411 1301 2741 1355 tremendum
2760 1302 3155 1371 illudjudicium
3179 1303 3454 1366 abeamus,
3478 1303 3616 1358 illius

2025 1389 2219 1459 judicis
2239 1391 2445 1445 calculo
2459 1391 2713 1459 damnati,
2732 1403 2974 1449 extremo
2990 1395 3143 1464 plane
3156 1395 3414 1465 supplicio
3430 1395 3621 1465 plecte.

2031 1496 2172 1548 mur,
2192 1491 2246 1538 et
2263 1482 2471 1554 utrique
2487 1499 2672 1554 pcenas
2698 1483 3031 1567 inevitabiles
3055 1487 3452 1549 sustinebimus,
3481 1495 3617 1540 mins

2031 1575 2241 1644 quidem
2283 1576 2478 1646 injuste
2515 1577 2700 1645 iratus,
2753 1588 3031 1648 propterea
3063 1579 3204 1649 quod
3233 1579 3446 1648 injuste,
3483 1577 3618 1631 alter

2031 1667 2367 1734 autemjuste
2397 1669 2582 1736 iratus,
2611 1669 2752 1738 quod
2774 1670 2916 1737 juste
2936 1671 3246 1724 memoriam
3265 1669 3470 1738 injuriae
3495 1683 3618 1723 eun-

2033 1758 2275 1812 servarit.
2298 1759 2442 1814 Licet
2459 1761 2601 1814 enim
2627 1760 2824 1828 injuste
2847 1759 3118 1830 quidpiam
3139 1760 3261 1814 mali
3283 1760 3422 1829 passi
3445 1757 3614 1813 fueri-

2033 1864 2172 1916 tnus,
2195 1849 2400 1902 veniam
2418 1849 2531 1904 dari
2553 1864 2646 1920 par
2662 1859 2744 1905 est
2761 1849 2845 1916 iis,
2871 1867 2900 1903 a
2917 1851 3110 1920 quibus
3127 1850 3319 1921 injuria
3338 1850 3448 1905 ltesi
3465 1849 3621 1904 fueri-

2032 1954 2170 1994 mus.
2222 1941 2299 1993 Ac
2340 1939 2460 1997 vide
2506 1953 2610 2011 quo
2651 1949 2805 2011 pacto
2833 1955 2943 2005 eos,
2979 1942 3066 2012 qui
3108 1953 3301 2012 praeter
3321 1941 3409 2012 jus
3437 1940 3621 2010 fasque

2034 2030 2332 2086 molestiam
2359 2031 2671 2099 intulerunt,
2703 2033 2940 2102 impellat
2969 2041 3024 2086 et
3065 2042 3246 2102 urgeat
3286 2032 3352 2085 ad
3384 2031 3619 2086 reconci-

2033 2123 2302 2178 liationem
2346 2137 2466 2179 cum
2516 2125 2620 2179 illis
2661 2139 2796 2195 quos
2839 2124 3094 2178 lmserint.
3127 2123 3188 2178 Si
3217 2122 3402 2190 offeras
3436 2138 3618 2174 manus

2033 2224 2173 2268 tuum
2215 2215 2282 2266 ad
2335 2215 2514 2282 altare,
2570 2225 2615 2269 et
2669 2216 2735 2269 ibi
2788 2216 3080 2270 recordatus
3110 2215 3282 2286 fueris,
3314 2215 3430 2284 quia
3460 2217 3619 2286 frater

2034 2316 2148 2362 tuus
2179 2308 2324 2361 habet
2353 2308 2547 2379 aliquid
2564 2308 2828 2362 adversum
2852 2317 2936 2362 te:
2959 2308 3104 2373 vade,
3126 2307 3265 2377 prius
3294 2307 3618 2360 reconciliare

2033 2397 2182 2469 fratri
2205 2406 2290 2450 tuo
2308 2396 2519 2469 (Matth.
2549 2397 2601 2452 5.
2629 2395 2721 2453 23.
2745 2397 2857 2468 24).
2876 2395 2990 2452 Νοιι
3019 2397 3173 2462 dixit,
3205 2396 3423 2465 Collige,
3453 2396 3620 2449 sacri-

2033 2487 2211 2541 licium
2239 2486 2388 2553 oll'er,
2423 2486 2535 2551 sed,
2579 2485 2942 2550 Reconciliare,
2975 2500 3038 2541 ac
3080 2483 3272 2540 deinde
3313 2485 3464 2540 oll'cr.
3493 2483 3621 2538 Sine

2033 2578 2103 2633 ibi
2122 2578 2316 2648 jaceat,
2349 2578 2539 2647 inquit,
2589 2586 2644 2632 ιιι
2668 2577 2952 2633 oblationis
2981 2577 3273 2631 necessitas
3297 2575 3454 2630 etiam
3483 2575 3618 2628 invi-

2033 2679 2144 2725 tum
2195 2669 2525 2726 reConeiliari
2573 2676 2724 2740 cogat
2766 2684 2919 2734 cum,
2951 2667 3040 2738 qui
3067 2669 3210 2737 thSte
3238 2665 3395 2720 fuerit
3433 2666 3616 2719 iratus.

2035 2762 2166 2817 Vide
2213 2777 2319 2832 quo
2361 2770 2516 2833 pacto
2555 2775 2744 2816 rursus
2784 2760 3024 2814 hortetur
3069 2769 3128 2813 ut
3155 2757 3220 2812 ad
3249 2773 3368 2813 eum
3404 2757 3492 2828 qui
3523 2773 3620 2810 nos

2033 2852 2571 2918 ol'l'endit,vcniamus,
2591 2852 2796 2906 dicens:
2823 2850 3069 2904 Dimittite
3099 2849 3402 2905 debitoribus
3424 2849 3619 2912 vestris,

2033 2954 2087 2997 ut
2117 2954 2164 2997 et
2218 2943 2370 2996 Pater
2413 2952 2570 2997 vester
2615 2942 2836 2994 dimittat
2891 2941 3072 2994 delicta
3121 2949 3282 2993 vestra
3309 2938 3496 3010 (Marc.
3534 2940 3618 2992 ll.

2031 3035 2144 3107 25).
2166 3035 2278 3090 Non
2307 3033 2446 3089 cnint
2477 3033 2718 3102 exiguam
2747 3030 3045 3086 mercedem
3071 3031 3360 3099 proposuit,
3390 3029 3481 3084 sed
3504 3043 3622 3082 eam

2031 3127 2190 3180 etiam
2237 3140 2355 3194 qua:
2401 3123 2527 3177 boni
2559 3122 2734 3191 operis
2760 3120 3174 3189 magnitudinem
3207 3121 3359 3189 longe
3393 3119 3621 3174 ext-ede-

2033 3227 2134 3272 ret.
2179 3217 2303 3270 llam
2348 3216 2503 3286 igitur
2545 3213 2720 3269 omnia
2765 3213 2918 3268 nobis
2949 3211 3016 3266 ob
3045 3211 3227 3265 oculos
3252 3221 3532 3280 ponentes,
3561 3225 3622 3263 ac

2034 3307 2516 3363 remunerationem
2537 3304 2634 3359 hac
2653 3303 2720 3359 de
2745 3317 2902 3359 causa
2931 3302 3082 3356 ttobis
3101 3302 3421 3372 propositam
3446 3309 3623 3353 mente

2033 3407 2327 3463 versantes,
2373 3410 2638 3468 quamque
2683 3411 2786 3449 non
2815 3394 2988 3464 magni
3016 3394 3086 3446 sit
3113 3393 3307 3446 laboris
3341 3401 3433 3446 aut
3461 3391 3622 3445 studii

2035 3499 2250 3560 peccata
2277 3489 2479 3554 delere,
2511 3488 2594 3543 his
2623 3504 2651 3541 a
2681 3488 2872 3558 quibus
2901 3485 3010 3540 [tesi
3040 3484 3254 3549 fuimus,
3287 3486 3494 3540 veniam
3522 3483 3619 3537 deo

2036 3602 2176 3638 mus.
2207 3583 2358 3650 Quod
2391 3582 2532 3636 enim
2583 3581 2672 3635 alii
2719 3579 2939 3650 jejunio,
2990 3578 3308 3648 planctibus,
3355 3576 3620 3647 precibus,

2033 3689 2209 3740 sacco,
2241 3675 2441 3739 cinere,
2473 3687 2537 3727 ac
2565 3671 2755 3726 millies
2787 3671 3006 3739 repetita
3029 3669 3361 3723 confessione
3393 3667 3474 3722 vix
3506 3683 3624 3737 per-

2035 3765 2236 3830 ficiunt,
2281 3773 2338 3818 ut
2383 3763 2632 3816 nimirum
2682 3775 2775 3814 sua
2824 3769 3035 3828 peccata
3077 3758 3308 3821 deleant,
3342 3758 3440 3812 hoc
3472 3757 3624 3812 ttobis

2034 3857 2148 3909 sine
2184 3869 2340 3908 sacco
2387 3861 2442 3907 et
2485 3851 2664 3906 cinere
2695 3866 2756 3904 ac
2791 3849 2994 3918 jejunio
3021 3848 3172 3902 facile
3199 3847 3322 3901 licet
3349 3859 3622 3916 praestare,

2034 3947 2079 4000 si
2111 3945 2267 3999 modo
2297 3961 2363 3998 ex
2392 3946 2570 3996 animo
2601 3943 2731 3995 imm
2761 3941 3054 4004 deleamus,
3083 3939 3263 4006 eisque
3293 3939 3380 4006 qui
3411 3952 3508 3990 nos
3537 3939 3620 3990 itt-

2029 4037 2167 4107 juria
2199 4034 2451 4100 keserint,
2484 4033 2692 4088 sincere
2719 4031 3065 4085 dimittamus.
3098 4030 3236 4083 Deus
3263 4038 3439 4083 autem
3481 4032 3622 4098 pacis

2034 4137 2088 4184 et
2116 4127 2352 4183 caritatis
2378 4140 2592 4180 omnem
2638 4123 2894 4187 furorem,
2927 4131 2977 4176 et
3005 4120 3369 4182 acerbitatem,
3401 4128 3452 4174 et
3490 4119 3622 4173 iram

2035 4237 2097 4276 ex
2129 4221 2301 4274 anima
2329 4230 2509 4274 nostra
2535 4216 2894 4274 exterminans
2919 4214 3072 4268 nobis
3091 4213 3362 4282 largiantur,
3394 4219 3450 4264 ttt
3470 4211 3619 4281 juxta

2037 4312 2399 4367 membrorum
2428 4310 2670 4364 ordinem
2701 4309 2837 4361 inter
2878 4321 2975 4359 nos
3006 4318 3250 4372 nexuque
3282 4302 3501 4356 firmiter
3521 4315 3617 4355 co-

2038 4401 2220 4471 pulati,
2255 4400 2592 4463 unanimiter,
2639 4411 2746 4451 uno
2784 4410 2879 4450 ore
2906 4408 3114 4463 unaque
3139 4392 3338 4455 anima,
3367 4399 3624 4461 perpetuo

2033 4494 2320 4562 gratiarum
2369 4476 2591 4545 actionis
2635 4487 2861 4559 hymnos
2903 4485 3002 4554 ipsi
3055 4482 3264 4539 debitos
3312 4481 3620 4544 offeramus,

2033 4587 2279 4656 quoniam
2328 4583 2425 4653 ipsi
2467 4581 2632 4652 gloria
2678 4589 2730 4634 ct
2761 4577 3063 4650 imperium,
3099 4575 3151 4630 in
3178 4573 3371 4630 smcula
3399 4572 3626 4628 Sirenio-

2036 4691 2172 4730 rtnn.
2204 4675 2392 4728 Amen.

1762 5141 2247 5169 ----.o.——~
