4096 6222
1134 190 1192 244 S.
1232 188 1519 246 JOANNIS
1556 187 2051 245 CHRYSOSTOMI
2091 186 2411 244 ARCINEP.
2449 186 2993 244 CONSTANTINOP.

3588 192 3690 248 188

1316 512 1665 574 MONITUM
1697 511 1797 572 AD
1824 511 2018 571 DUAS
2047 510 2411 571 HOMILIAS
2442 511 2521 570 ΙΝ
2557 511 2781 571 ILLUD
2806 558 2819 585 ,

522 678 599 735 Bx
632 678 780 737 hisce
809 679 1025 736 duabus
1055 677 1294 734 bomiliis
1319 678 1408 734 vix
1444 680 1743 750 quidquam
1779 693 1973 736 eruere
2009 694 2323 749 possumus,
2365 678 2507 734 unde
2544 693 2654 748 quo
2699 678 2898 733 habitae
2934 687 3178 749 tempore
3210 680 3412 737 fuerint
3451 687 3696 755 expisce-

451 811 577 850 mur
599 838 615 864 ,
651 795 754 851 hoc
784 809 951 851 unum
1000 801 1083 848 sat
1112 791 1380 863 probabili
1411 791 1722 862 conjectura
1767 792 1888 847 fulti
1932 792 2187 859 dicimus,
2220 794 2479 848 nimirum
2530 792 2825 848 verisimile
2854 808 2975 850 esse
3003 796 3121 853 illas
3147 798 3446 857 Antiochia
3480 804 3692 861 bahitas

451 914 641 969 fuisse.
671 912 881 968 Etenim
918 910 1068 967 illum
1097 912 1151 966 in
1184 910 1511 968 sacerdotali
1542 909 1722 964 adhuc
1757 909 1946 965 ordine
1987 908 2157 966 fuisse
2190 911 2344 980 argui
2386 910 2599 966 videtur
2635 925 2701 964 ex
2745 909 2810 964 iis
2845 926 2967 980 qua:
2995 910 3061 967 tle
3100 913 3478 973 sacerdotibus
3510 919 3690 984 isliust

451 1026 504 1078 in
540 1041 647 1094 qua
679 1024 927 1097 degebat,
951 1026 1103 1082 urbis
1132 1026 1340 1097 aliquot
1367 1026 1419 1080 in
1456 1024 1591 1081 locis
1620 1025 1735 1092 ait;
1771 1024 2008 1080 maxime
2035 1041 2164 1081 vero
2189 1025 2246 1081 in
2278 1026 2517 1082 secunda
2554 1027 2800 1092 bomilia,
2835 1043 2987 1085 num.
3015 1029 3068 1094 5,
3109 1029 3202 1086 ubi
3247 1033 3526 1090 auditores
3569 1049 3690 1092 ear-

450 1154 608 1209 peos,
640 1139 783 1210 quod
821 1140 1038 1211 quidam
1067 1154 1254 1195 eorum
1291 1139 1346 1194 in
1373 1138 1684 1194 sacerdotes
1715 1138 1910 1207 probra
1942 1146 1997 1194 et
2030 1140 2279 1194 convicia
2314 1139 2557 1209 iacerent
2581 1179 2597 1205 ,
2637 1137 2730 1196 alii
2774 1155 2904 1196 vero
2945 1144 3058 1197 haec
3080 1142 3362 1198 audientes
3393 1144 3688 1200 maledicos

453 1253 582 1309 illos
614 1268 723 1308 non
752 1262 1180 1323 compescerent,
1215 1253 1342 1307 talia
1370 1252 1551 1307 fatur:
1586 1250 1727 1317 Quid
1761 1253 1873 1306 illis
1909 1253 2070 1322 fuerit
2111 1253 2338 1319 beatius,
2379 1255 2505 1324 quid
2538 1266 2711 1309 autem
2737 1254 2885 1310 nobis
2931 1258 3171 1311 miserius
3193 1260 3220 1312 .’
3261 1257 3690 1330 Quandoquidem

451 1364 535 1419 illi
561 1366 867 1436 sanguinem
896 1373 945 1418 et
974 1366 1207 1418 animam
1234 1381 1329 1435 pro
1360 1366 1766 1434 prwceptoribus
1802 1366 2214 1437 profundebant,
2243 1384 2337 1422 nos
2372 1377 2547 1422 autem
2580 1385 2742 1439 neque
2768 1368 2976 1423 verbum
3004 1385 3098 1439 pro
3129 1371 3488 1425 communibus
3515 1374 3689 1443 patri-

453 1496 570 1542 ous,
602 1480 741 1550 ὑπὲρ
780 1477 888 1531 τῶν
920 1477 1112 1532 κοινῶν
1145 1479 1413 1548 πατέρων,
1440 1480 1676 1534 emittere
1702 1481 1979 1548 audemus,
2016 1524 2017 1527 η

2142 1498 2262 1537 cum
2304 1482 2586 1535 audiamus
2624 1482 2699 1536 eis
2744 1481 2987 1535 maledici
3027 1492 3073 1536 et
3111 1482 3355 1536 conviciis
3394 1499 3480 1537 eos
3528 1482 3690 1538 deita—

452 1592 648 1646 nestari
677 1604 726 1645 et
753 1609 785 1645 α
816 1594 925 1646 suis
954 1600 1006 1647 et
1039 1593 1102 1646 ab
1131 1594 1341 1661 alienis,
1376 1594 1659 1649 maledicos
1683 1610 1845 1665 neque
1871 1595 2267 1664 compescimus,
2301 1610 2461 1665 neque
2494 1594 2940 1664 reprehendimus,
2983 1611 3142 1664 neque
3182 1596 3539 1664 prohibemus.
3566 1595 3690 1652 Haec

457 1716 602 1761 certe
632 1724 740 1762 non
767 1709 1022 1763 videntur
1050 1725 1173 1765 esse
1201 1711 1343 1766 dicta
1376 1712 1756 1783 Clirysostomi
1779 1713 1889 1782 jam
1922 1712 2160 1783 episcopi
2189 1710 2775 1781 ConstantinOpolitani
2809 1726 2822 1763 :
2854 1726 3026 1781 neque
3055 1712 3198 1766 enim
3230 1712 3318 1767 ille
3346 1711 3454 1782 jam
3479 1712 3692 1781 episco~~

455 1839 557 1892 pus
586 1827 893 1883 sacerdotes
917 1825 1060 1895 illos,
1094 1825 1188 1896 qui
1226 1826 1485 1882 conviciis
1520 1826 1936 1896 impetebantur,
1982 1842 2296 1881 communes
2341 1834 2520 1896 patres
2561 1826 2920 1895 appellasset;
2974 1824 3082 1879 veri
3134 1833 3310 1879 autem
3343 1825 3578 1881 similius
3610 1835 3692 1882 est

455 1949 601 2000 eum,
630 1952 755 1994 cum
789 1939 1031 1996 seniores
1066 1938 1320 1997 Ecclesia:
1355 1939 1709 1994 Autiocbenae
1738 1938 2047 1994 sacerdotes
2081 1940 2297 2010 probris
2328 1946 2583 1994 oneratos
2625 1946 2905 2003 cerneret,
2930 1936 3149 1992 eosdem
3190 1946 3402 2008 patrum
3449 1939 3567 1994 loco
3596 1940 3691 1993 ba-

458 2158 3165 2183 *Μ

3208 2161 3713 2191 —-——_-d

1832 2253 1941 2324 IN
1986 2253 2330 2339 ILLUD,

665 2422 988 2468 suumn:
1033 2420 1401 2468 PRISCILLAM
1447 2420 1527 2466 nr
1570 2423 1847 2476 squruu
1898 2403 2123 2485 (Rom.
2174 2403 2270 2464 16.
2316 2401 2430 2483 3),
2469 2422 2548 2464 nr
2590 2422 2731 2476 quas
2774 2423 3186 2480 sequunrun,
3231 2425 3438 2471 SERMO
3473 2428 3519 2470 ι.

1728 2562 2018 2579 h—

514 2664 564 2718 l.
596 2662 660 2718 In
684 2663 949 2733 Scriptura
976 2663 1105 2717 nihil
1118 2663 1449 2733 superﬂuum.
1478 2661 1623 2717 Unde
1658 2663 1868 2718 Iucreses
1889 2672 2023 2717 natm

444 2766 678 2811 suut.—
708 2756 896 2811 Multos
944 2754 1177 2810 arbitror
1230 2769 1293 2810 ex
1342 2754 1497 2810 vobis
1547 2755 1728 2810 mirari
1784 2755 2027 2811 lectionis

447 2849 756 2919 apostolica:
784 2849 955 2903 locum
982 2849 1162 2911 istum,
1204 2847 1287 2902 vel
1331 2847 1509 2918 potius
1555 2848 1729 2902 minus
1776 2864 2025 2903 necessa-

443 2940 574 2992 riam
597 2954 659 2993 ac
679 2953 1127 3007 supervacaneam
1145 2937 1341 2992 ducere
1362 2947 1564 3006 partem
1589 2938 1741 2993 istam
1765 2938 2024 3007 cpistolm,

445 3030 585 3098 quod
631 3030 976 3085 salutationes
1031 3039 1232 3084 tantum
1288 3029 1593 3099 frequentes
1629 3029 1901 3085 hahcatac
1927 3029 2025 3083 sibi

448 3122 673 3177 invicem
725 3121 1093 3178 succedentes.
1126 3123 1294 3187 Quam
1325 3119 1395 3176 ob
1439 3136 1653 3176 causam
1685 3130 1736 3175 et
1777 3121 1890 3191 ipse
1928 3120 2026 3177 ho-

442 3212 628 3268 dierno
677 3212 764 3268 die
812 3229 1027 3269 cursum
1071 3212 1327 3269 orationis
1373 3212 1481 3268 alio
1534 3211 1776 3278 ﬂectens,
1830 3213 1898 3268 ab
1938 3213 2028 3268 illo

440 3301 711 3372 digressus
735 3313 1052 3371 argumento
1078 3303 1144 3356 ad
1194 3303 1293 3358 hoc
1322 3303 1587 3358 divertere
1615 3318 1731 3356 sum
1787 3313 2023 3372 paratus,

444 3402 497 3447 ut
529 3393 579 3446 in
612 3394 778 3447 sacris
806 3393 1090 3462 Scripturis
1117 3393 1246 3447 nihil
1296 3408 1747 3461 supervacaneum
1776 3408 1895 3448 esse
1939 3394 2022 3447 in-

444 3482 688 3551 telligatis
736 3490 791 3535 et
844 3499 948 3536 non
1003 3483 1382 3547 necessarium,
1445 3485 1555 3539 sive
1606 3500 1763 3537 unum
1810 3484 1911 3538 iota
1936 3486 2023 3549 sit,

446 3572 560 3626 sive
586 3588 717 3641 apex
747 3588 899 3637 unus,
929 3573 1036 3626 imo
1066 3575 1224 3627 etiam
1252 3574 1477 3642 simplex
1504 3575 1753 3627 salutatio
1774 3590 2022 3644 magnum

443 3662 597 3716 nobis
649 3663 864 3731 pelagus
918 3664 1093 3733 aperit
1122 3665 1527 3718 sententiarum.
1552 3664 1687 3733 Quid
1718 3665 1858 3727 dico,
1892 3665 2023 3717 sim-

444 3752 563 3821 plex
590 3753 877 3808 salutatio?
901 3752 1056 3823 Sa'pe
1089 3754 1171 3807 vel
1224 3754 1391 3810 litera:
1422 3754 1576 3809 unius
1619 3755 1855 3809 accessio
1887 3755 2024 3808 intc-

442 3858 593 3912 grum
641 3860 827 3915 agmen
875 3845 1261 3901 sententiarum
1309 3847 1534 3901 invexit.
1591 3846 1764 3917 Atque
1807 3846 1909 3902 hoc
1968 3847 2020 3901 in

445 3935 659 3988 nomine
686 3934 913 3990 Abrahae
947 3935 1129 3990 videre
1151 3935 1291 3990 licet.
1323 3938 1400 3989 An
1432 3951 1535 3990 non
1564 3938 1703 3991 enim
1734 3934 2021 3992 absurdum

440 4035 520 4080 est
544 4042 663 4078 cum
697 4026 932 4095 quidem,
963 4027 1051 4096 qui
1079 4027 1355 4096 epistolam
1402 4026 1669 4098 acceperit
1710 4028 1776 4081 ab
1824 4029 2017 4095 amico,

443 4132 548 4170 non
570 4132 763 4185 corpus
794 4125 994 4172 tantum
1022 4118 1260 4185 epistola:
1290 4118 1488 4187 legere,
1517 4119 1611 4174 sed
1637 4120 1797 4173 etiam
1824 4119 1875 4172 in
1918 4122 2021 4174 fine

443 4208 666 4275 positam
696 4208 1087 4271 salutationem,
1118 4218 1275 4277 atque
1310 4209 1430 4263 inde
1475 4211 1705 4265 maxime
1744 4212 2019 4281 scriptoris

438 4296 681 4351 aﬂ'ectum
711 4299 974 4368 eonjicere
994 4337 1009 4362 ,
1040 4314 1161 4352 cum
1192 4314 1319 4352 vi-ro
1346 4300 1543 4354 scribat
1574 4301 1786 4368 Paulus,
1812 4303 1891 4356 vel
1921 4319 2017 4372 po-

438 4390 541 4445 tius
562 4406 666 4444 non
697 4391 911 4455 Paulus,
941 4390 1035 4445 sed
1080 4390 1306 4460 Spiritus
1350 4393 1518 4462 gratia
1546 4392 1709 4447 dictet
1736 4394 2015 4463 epistolam

434 4482 501 4534 ad
543 4482 797 4551 integram
828 4482 1095 4537 civitatem
1149 4497 1211 4536 ac
1239 4492 1437 4537 tantum
1495 4484 1765 4553 populum,
1820 4495 1875 4539 ct
1922 4500 2017 4554 per

438 4573 558 4627 illos
582 4574 696 4626 orbi
720 4584 979 4627 terrarum
1029 4573 1298 4638 universo,
1332 4589 1785 4644 supervacaneum
1816 4575 2014 4644 aliquid

435 4678 646 4727 eorum,
669 4680 787 4733 quin
811 4666 861 4717 in
893 4680 956 4719 ea
986 4674 1130 4728 sunt,
1162 4667 1410 4720 arbitrari
1456 4683 1627 4737 caque
1656 4667 2017 4738 perfunctorie

434 4767 768 4823 percurrere,
799 4770 968 4824 neque
993 4758 1228 4826 cogitare
1282 4756 1419 4813 banc
1471 4759 1540 4813 ob
1583 4773 1796 4813 causam
1837 4762 2013 4814 omnia

431 4859 630 4914 susque
661 4844 834 4915 deque
880 4846 1054 4900 verti?
1085 4848 1192 4903 Hoc
1238 4850 1378 4903 enim
1408 4859 1505 4913 est,
1539 4849 1639 4905 hoc
1664 4851 1841 4919 plane,
1872 4852 2011 4921 quod

433 4950 680 5008 magnam
711 4936 1082 5006 negligentiam
1112 4938 1263 4992 nobis
1309 4953 1373 4993 ac
1419 4949 1685 5008 torporem
1720 4943 2008 5011 ingenerat,

429 5030 570 5099 quod
604 5045 707 5083 non
756 5044 942 5083 omnes
986 5029 1287 5098 S:ripturas
1331 5031 1588 5100 legamus,
1636 5032 1729 5087 sed
1783 5048 1844 5087 ea
1893 5049 2012 5103 qua:

428 5134 716 5176 censemus
760 5106 1069 5175 dilucidiora
1119 5122 1426 5191 scligamus,
1458 5131 1773 5177 cmterorum
1815 5124 2011 5179 nullam

430 5212 689 5266 rationem
742 5210 1051 5266 habeamus.
1088 5212 1197 5267 Hoc
1224 5212 1382 5267 etiam
1438 5212 1671 5269 luereScs
1699 5216 2005 5277 introduxit,

428 5305 567 5374 quod
600 5315 767 5358 totum
795 5312 988 5375 corpus
1030 5305 1258 5359 nolimus
1303 5306 1593 5376 perlegere,
1645 5308 1890 5379 quodque
1916 5324 2008 5364 su-

428 5395 686 5464 perfluum
743 5396 939 5466 aliquid
990 5411 1049 5451 es
1078 5412 1109 5451 e
1151 5400 1429 5467 minusque
1481 5399 1834 5453 necessarium
1865 5400 2007 5455 arbi-

429 5495 650 5540 tremur.
683 5487 966 5558 Propterea
1000 5504 1094 5542 nos
1118 5488 1168 5542 in
1199 5488 1299 5543 alia
1324 5489 1537 5558 quidem
1568 5491 1743 5543 omnia
1775 5490 2007 5546 studium

430 5591 585 5631 onme
611 5577 969 5649 conferimus,
1013 5596 1117 5636 non
1147 5580 1197 5635 in
1247 5580 1511 5651 superﬂua
1543 5591 1766 5648 tantum,
1811 5582 1904 5637 sed
1950 5593 2005 5639 et

2026 2542 2440 2593 m—

2138 2660 2190 2714 in
2220 2674 2281 2715 ea
2303 2675 2420 2729 quae
2449 2657 2651 2713 inutilia
2678 2665 2802 2710 sunt
2823 2667 2876 2712 et
2898 2657 3054 2711 noxia
3079 2675 3091 2711 :
3121 2654 3513 2728 Seripturarum
3538 2666 3713 2716 autem

2139 2752 2323 2820 peritia
2355 2750 2638 2821 negligitur
2655 2764 2716 2803 ac
2742 2749 3053 2819 despicitur.
3088 2751 3260 2820 Atque
3291 2752 3362 2805 illi
3387 2752 3711 2823 quidemqui

2135 2844 2444 2899 certaminis
2500 2857 2757 2913 cquormn
2810 2842 3108 2912 spectacula
3144 2842 3207 2896 ad
3255 2853 3522 2912 stuporem
3552 2858 3716 2915 usque

2134 2936 2410 3000 mirantur,
2435 2945 2488 2990 et
2504 2949 2716 2999 nomen,
2735 2942 2787 2988 et
2802 2949 3036 3003 gregem,
3057 2942 3110 2989 et
3125 2949 3310 3004 genus,
3325 2943 3377 2988 et
3400 2936 3643 3004 patriam,
3662 2947 3717 2992 et.

2132 3026 2498 3082 educationem
2521 3040 2778 3094 equorum
2807 3023 3211 3094 diligentissime
3240 3034 3459 3095 possunt
3486 3025 3711 3091 referre,

2131 3126 2290 3189 atque
2329 3132 2498 3172 annos
2538 3119 2678 3184 vitae,
2709 3131 3000 3186 cursusque
3033 3116 3441 3185 vehementiam,
3491 3128 3545 3173 et
3595 3120 3715 3190 quis

2131 3226 2250 3267 cum
2283 3227 2389 3283 quo
2413 3212 2457 3266 si
2504 3210 2663 3265 fuerit
2684 3210 2981 3280 copulatus,
3008 3210 3283 3266 victoriam
3324 3211 3633 3282 reportabit,
3661 3219 3715 3266 et

2130 3304 2250 3373 quis
2279 3318 2447 3372 equus
2486 3319 2551 3357 cx
2582 3302 2666 3357 bis
2690 3302 2773 3356 vel
2823 3301 2924 3355 illis
2954 3303 3181 3356 emissus
3210 3304 3535 3373 carceribus,
3580 3311 3635 3357 et
3682 3316 3713 3356 a

2130 3408 2235 3463 quo
2260 3395 2305 3449 si
2331 3394 2591 3463 agitatore
2617 3403 2851 3462 regatur,
2884 3392 3058 3446 vincet
3090 3394 3340 3459 incursu,
3371 3402 3425 3446 et
3461 3394 3713 3447 adversa-

2128 3485 2264 3536 rium
2315 3484 2611 3538 antecedet.
2653 3482 2731 3536 llli
2766 3484 2922 3537 etiam
2971 3481 3059 3550 qui
3092 3481 3457 3536 saltationibus
3502 3490 3711 3549 vacant,

2130 3574 2297 3628 nihilo
2323 3575 2583 3629 minorem
2615 3588 2770 3643 qttam
2816 3574 2931 3638 isti,
2960 3570 3052 3626 sed
3083 3579 3139 3625 et
3164 3571 3418 3640 majorem
3440 3586 3562 3641 erga
3590 3571 3712 3626 illos

2129 3665 2218 3733 qui
2247 3665 2299 3718 in
2332 3664 2552 3719 theatris
2606 3662 2855 3717 indecore
2885 3677 2943 3716 se
2971 3670 3179 3731 gerunt,
3220 3660 3475 3715 insaniam
3504 3674 3615 3730 pra:
3651 3674 3713 3716 se

2128 3754 2323 3818 terunt,
2374 3755 2565 3809 mimos
2613 3754 2733 3809 dico
2783 3763 2836 3808 et
2886 3752 3259 3819 saltatriculas,
3294 3752 3420 3807 dum
3456 3760 3510 3807 et
3542 3767 3712 3821 genus

2127 3848 2357 3917 ipsarum
2388 3856 2441 3902 ct
2478 3848 2701 3917 patriam
2748 3856 2802 3900 et
2843 3846 3211 3902 educationem
3261 3857 3314 3901 et
3367 3846 3468 3900 alia
3521 3855 3710 3901 cuncta

2125 3947 2550 3997 commemorant
2579 3958 2591 3994 :
2620 3955 2721 3994 nos
2747 3947 2920 3993 autem
2970 3938 3012 3993 si
3045 3939 3449 4008 interrogemur,
3488 3948 3611 4009 quot
3657 3947 3712 3992 et

2125 4049 2245 4104 qua:
2269 4034 2416 4087 Pauli
2441 4033 2547 4086 sint
2568 4030 2829 4099 epistolae,
2861 4045 2926 4084 ne
2952 4045 3231 4085 numerum
3263 4028 3475 4097 quidem
3509 4030 3709 4084 scimus

2124 4124 2444 4194 exprimere.
2478 4121 2629 4187 Quod
2654 4120 2697 4175 si
2726 4120 2834 4175 sint
2864 4118 3101 4174 nonnulli
3120 4121 3206 4191 qui
3232 4136 3510 4174 numerum
3542 4128 3708 4175 nove-

2122 4220 2247 4278 rint,
2274 4229 2516 4285 quamam
2550 4220 2728 4267 tamen
2775 4213 2938 4267 urbes
2965 4212 3218 4281 epistolas
3271 4214 3594 4280 acceperint,
3658 4214 3707 4268 si

2123 4306 2533 4373 interrogentur,
2566 4302 2690 4373 quid
2719 4303 2788 4357 sit
2835 4302 3264 4372 respondendum
3312 4303 3573 4373 ignorant.
3611 4304 3707 4358 At-

2120 4412 2225 4466 que
2256 4396 2415 4448 homo
2462 4394 2675 4464 quidem
2704 4393 2978 4449 eunuchus
3024 4402 3079 4448 et
3115 4393 3374 4448 barbarus
3414 4394 3705 4448 innumeris

2119 4488 2263 4543 curis
2324 4488 2655 4557 negetiisque
2706 4486 2992 4539 distractus
3045 4485 3375 4549 innumeris,
3431 4484 3499 4538 ita
3555 4484 3705 4539 libris

2118 4580 2306 4634 affixus
2345 4589 2481 4644 erat,
2534 4587 2593 4633 ut
2637 4593 2704 4632 ne
2751 4577 2956 4630 itiner's
2993 4576 3205 4645 quidem
3257 4585 3493 4644 tempore
3536 4575 3703 4631 inter-

2117 4674 2434 4742 quiesceret,
2465 4671 2558 4726 sed
2585 4671 2638 4725 in
2680 4686 2844 4726 curru
2901 4668 3093 4726 sedeas
3139 4668 3446 4747 diligentem
3486 4666 3715 4733 lectioni,

2119 4764 2407 4835 Scripturie
2464 4777 2680 4833 operam
2733 4761 2886 4816 daret
2934 4759 3083 4831 (Act.
3124 4758 3178 4814 8.
3221 4759 3311 4813 27.
3354 4757 3528 4829 seqq.)
3562 4775 3575 4810 :
3604 4774 3703 4813 nos

2117 4864 2294 4911 autem
2332 4856 2421 4925 qui
2454 4869 2520 4909 ne
2545 4854 2761 4907 minima
2787 4852 3000 4922 quidem
3032 4859 3181 4919 parte
3224 4849 3361 4904 illius
3400 4850 3700 4918 occupatio.

2116 4961 2242 5000 num
2274 4958 2543 5012 urgemur,
2568 4941 2649 4996 vel
2680 4941 2806 5010 ipsis
2833 4939 3134 4994 nominibus
3159 4937 3502 5007 epistolarqu
3530 4946 3698 4991 terte-

2113 5051 2252 5099 mur,
2282 5032 2439 5103 idque
2472 5047 2591 5085 cum
2634 5030 2851 5100 singulis
2880 5029 3069 5084 diebus
3097 5025 3376 5081 dominicis
3418 5026 3519 5079 huc
3572 5040 3699 5080 con-

2116 5124 2415 5186 vcniamus,
2462 5129 2514 5175 et
2557 5120 2722 5174 sacris
2756 5117 3071 5173 lectionibus
3098 5113 3377 5169 audiendis
3423 5127 3697 5168 vacemus.

2114 5214 2308 5271 V‘erum
2349 5214 2491 5267 enim
2541 5225 2669 5265 vero
2698 5225 2765 5265 ne
2796 5209 2848 5263 in
2883 5208 3049 5263 solam
3080 5205 3549 5276 reprehensionem
3580 5213 3729 5259 scr-‘

2113 5322 2324 5361 mouem
2372 5303 2762 5373 impendamus,
2813 5316 2911 5372 age
2963 5300 3334 5355 salutationem
3366 5300 3552 5366 ipsam,
3582 5312 3700 5368 qua:

2110 5409 2503 5466 supervacanea
2534 5394 2742 5448 videtur
2769 5406 2888 5446 esse
2928 5400 3089 5459 atque
3127 5389 3448 5457 importuna,
3498 5388 3550 5442 in
3582 5402 3697 5441 me-

2110 5488 2256 5543 dium
2300 5484 2645 5540 adducamus.
2698 5482 2753 5539 Si
2807 5482 2949 5537 enim
3002 5480 3317 5550 explicetur,
3380 5491 3434 5534 et
3498 5479 3697 5534 utilitas

2110 5579 2443 5647 ostendatur,
2473 5591 2630 5650 quam
2658 5575 2794 5647 parit
2826 5575 2911 5632 iis.
2933 5575 3021 5648 qui
3049 5574 3331 5647 diligenter
3350 5572 3693 5636 attenderint,
