4096 6222
444 275 545 336 139

450 395 668 464 σαυρῶν
689 435 703 459 ,
749 395 842 449 καὶ
871 397 966 451 τὸν
1016 401 1384 470 πνευματικὸν
1421 402 1531 457 ἀπὸ
1565 401 1675 458 τῶν
1707 403 1907 476 χειρῶν
1935 401 2018 472 ρί-

450 508 640 547 πτουσι
669 493 916 549 πλοῦτον.
950 495 1043 560 Τίς
1073 492 1165 550 οὖν
1196 499 1344 554 ἐστιν
1376 501 1408 571 η
1436 501 1771 574 πρόσρησιςς
1815 500 2026 556 Ἀσπά-

447 585 635 655 ᾱσθε,
668 591 820 661 φησὶ,
846 591 1226 658 Πρίσκιλλαν
1253 595 1351 650 καὶ
1387 597 1637 652 Ἀκύλαν
1656 596 1796 664 τοὺς
1819 613 2029 666 συνερ-

445 687 591 752 γούς
615 703 735 754 μου
764 687 833 740 ἐν
869 690 1082 758 Κυρίῳ.
1125 687 1272 762 Ἀρα
1317 694 1377 746 οὐ
1408 693 1557 748 δοκεῖ
1587 695 1716 768 ψιλή
1771 713 1855 760 τις
1887 692 2026 750 εἶναι

447 782 772 855 πρόσρησις,
792 786 887 839 καὶ
918 787 1084 858 μηδὲν
1115 791 1279 860 μέγα,
1300 793 1434 864 μηδὲ
1451 797 1697 862 γενναῖον
1717 796 1846 866 ἡμῖν
1858 794 1993 848 ἐνδεί
2007 823 2026 835 -

450 878 673 934 κνυσθαι
693 898 708 948 ς
729 882 865 953 Φέρε
882 878 994 949 οὖν,
1013 886 1094 949 είς
1111 888 1284 959 αὐτὴν
1307 888 1474 960 μόνην
1489 892 1708 946 ἃπασαν
1733 892 1829 963 τὴν
1851 892 2026 946 διάλε-

447 974 530 1040 ξιν
549 971 934 1049 ἀναλώσωμεν,
957 981 1158 1051 μᾶλλον
1173 984 1229 1038 δὲ
1244 985 1364 1039 οὐδὲ
1384 986 1689 1059 ἀρκέσομεν
1707 990 1944 1060 σήμερον
1959 991 2027 1043 τὰ

446 1071 743 1143 ὶγκείμενα
760 1076 972 1131 ἅπαντα
986 1080 1098 1144 τοῖς
1112 1081 1312 1151 ὀλίγοις
1334 1084 1544 1151 τούτοις
1574 1089 1813 1159 ῥήμασιν
1837 1089 2028 1159 άνιμή-

451 1172 644 1227 σασθαι
671 1175 1072 1244 σπουδάσαντες
1097 1181 1230 1251 ὐμῖν
1251 1185 1515 1255 νοήματα,
1535 1187 1671 1242 ἀλλὰ
1693 1189 1904 1260 ἀνάγκη
1935 1187 2028 1243 καὶ

450 1269 531 1334 είς
551 1270 757 1343 ’ἑτέραν
774 1273 901 1345 ὑμῖν
939 1275 1153 1348 ἡμέραν
1178 1281 1539 1354 ταμιευθῆναι
1571 1284 1670 1356 τὴν
1691 1285 1798 1339 τῶν
1827 1285 2030 1357 θεωρη·

455 1367 639 1436 μάτων
693 1371 1032 1440 περιουσίαν,
1061 1373 1172 1428 τῶν
1202 1379 1536 1447 τικτομένων
1571 1382 1679 1435 ἀπὸ
1713 1382 1812 1453 τῆς
1843 1383 2029 1454 ὀλίγης

448 1461 652 1535 ταύτης
689 1468 1062 1538 προσρήσεως.
1092 1472 1226 1527 Οὐδὲ
1251 1475 1360 1546 γὰρ
1390 1477 1610 1531 ἅπασαν
1657 1481 1825 1552 αὐτὴν
1870 1480 2030 1534 ἐπελ-

444 1558 561 1612 θεῖν
595 1562 1103 1636 παρασκευάζομαι.
1138 1568 1276 1624 ἀλλά
1308 1571 1472 1643 μέρος
1509 1575 1678 1642 αὐτῆς
1718 1577 1811 1630 καὶ
1859 1575 2032 1648 ἀρχὴν

448 1656 544 1711 καὶ
576 1658 1075 1732 προοίμιονμόνονο
1121 1666 1503 1724 Ἀσπάσασθε
1535 1672 1913 1740 Πρίσκιλλαν
1934 1673 2033 1728 καὶ

461 1754 728 1812 Ἀκύλαν.

519 1851 586 1923 β’.
616 1854 837 1926 Πρῶτόν
877 1859 1020 1911 ἐστιν
1042 1859 1384 1933 ἐκπλαγῆναι
1415 1864 1506 1919 τοῦ
1538 1866 1749 1921 Παύλου
1780 1869 1878 1939 τὴν
1906 1869 2033 1941 ἀρε-

445 1948 565 2020 τὴν,
591 1951 672 2006 ὃτι
698 1953 796 2023 τὴν
826 1958 1150 2031 οἰκουμένην
1179 1959 1397 2016 ἃπασαν
1424 1958 1918 2036 ἐγκεχειρισμένος,
1941 1969 2033 2020 καὶ

447 2048 551 2118 γῆν
581 2050 672 2102 καὶ
707 2050 994 2120 θάλατταν,
1044 2059 1136 2110 καὶ
1168 2058 1266 2123 τὰς
1295 2060 1386 2130 ὐφ’
1413 2061 1546 2132 ήλίῳ
1574 2063 1759 2129 πόλεις
1793 2065 2029 2130 ἁπάσας,

448 2143 543 2196 καὶ
574 2144 904 2217 βαρϐάρους,
937 2153 1030 2205 καὶ
1066 2153 1358 2226 Ἕλληνας,
1391 2159 1486 2211 καὶ
1513 2158 1720 2230 δήμους
1744 2162 2032 2227 τοσούτους

447 2239 507 2292 ἐν
532 2240 715 2314 ἐαυτῷ
741 2247 1074 2320 περιφέρων,
1106 2251 1224 2316 ἐνὸς
1250 2251 1442 2323 ἀνδρὸς
1475 2256 1571 2308 καὶ
1615 2260 1746 2327 μιᾶς
1774 2262 2031 2327 γυναικὸς

446 2336 717 2410 τοσαύτην
742 2341 979 2398 ἐποιεῖτο
1004 2347 1261 2417 φροντίδα
1282 2366 1296 2378 ·
1331 2350 1424 2403 καὶ
1437 2351 1690 2423 δεύτερον
1718 2355 1878 2409 τοῦτο
1900 2357 2033 2411 θαυ⁴

450 2433 645 2506 μάσαι,
676 2437 793 2502 πῶς
837 2438 1115 2512 άγρυπνόν
1165 2461 1224 2497 τε
1265 2447 1359 2499 καὶ
1394 2451 1886 2522 μεμεριμνημένην
1917 2449 2030 2525 εἶχε

447 2531 648 2604 ψυχὴν,
678 2534 800 2605 οὐχὶ
830 2540 983 2609 κοινῇ
1018 2540 1236 2594 πάντων
1273 2543 1623 2612 μόνον,,ἀλλὰ
1651 2549 1744 2602 καὶ
1789 2550 1897 2622 ίδίᾳ
1933 2569 2031 2622 με-

452 2643 559 2699 μνη
567 2629 726 2699 μένος
748 2631 976 2687 ἑκάστου
996 2635 1103 2689 τῶν
1124 2637 1361 2709 δοκίμων
1387 2642 1482 2696 καὶ
1501 2645 1782 2713 γενναίων.
1801 2648 1915 2702 Νῦν
1932 2649 2031 2720 μὲν

448 2723 560 2796 γάρ
577 2727 728 2780 οὐδὲν
752 2727 1061 2800 θαυμαστὸν
1089 2735 1213 2799 τούς
1241 2736 1350 2789 τῶν
1387 2739 1723 2812 Ἐκκλησιῶν
1749 2747 2028 2816 προεστῶ-

449 2838 550 2884 τας
569 2822 726 2877 τοῦτο
750 2830 941 2895 ποιεῖν,
971 2829 1048 2900 τῷ
1079 2832 1172 2885 καὶ
1209 2834 1337 2898 τούς
1370 2835 1634 2908 θορύϐους
1669 2843 2030 2899 κατεστάλθαι

451 2914 712 3008 ἐκείνους,
747 2919 840 2972 καὶ
867 2923 996 2992 μιᾶς
1023 2923 1227 2989 πόλεως
1272 2927 1617 3002 άναδεδέχθαι
1647 2935 1902 3004 πρόνοιαν
1933 2938 2030 3008 μό-

451 3021 540 3057 νον
561 3021 575 3034 ο
596 3005 719 3060 τότε
756 3008 892 3063 δὲού
923 3012 984 3066 τὸ
1007 3012 1114 3068 τῶν
1143 3017 1402 3074 κινδύνων
1431 3022 1661 3093 μέγεθος
1685 3025 1866 3097 μόνον,
1890 3005 2030 3082 ἀλλὰ

451 3098 546 3192 καὶ
573 3099 759 3192 τὸτῆς
771 3102 890 3156 ὀδοῦ
917 3103 1210 3178 διάστημα,
1241 3111 1416 3166 καὶτὸ
1441 3115 1550 3168 τῶν
1572 3119 1868 3188 φροντίδων
1891 3121 2031 3192 πλῆ-

442 3185 542 3251 θος
565 3190 663 3244 καὶ
710 3191 777 3246 τὰ
815 3194 1093 3267 ἐπάλληλα
1130 3199 1372 3270 κύματα,
1404 3205 1498 3257 καὶ
1541 3185 1628 3260 τύ-
1652 3209 1726 3279 μὴ
1793 3185 2032 3282 συνεχῶς

453 3282 656 3374 ἅπασιν
703 3287 1090 3360 ἐπιχωριάζειν
1119 3293 1224 3360 ἀεὶ,
1260 3297 1353 3350 καὶ
1399 3299 1569 3353 πολλὰ
1616 3302 1780 3374 ἕτερα
1813 3304 2032 3360 πλείονα

452 3373 871 3471 τούτωνςίκανά
899 3382 997 3451 τῆς
1024 3385 1245 3457 μνήμης
1268 3388 1517 3445 ἐκϐαλεῖν
1552 3393 1643 3447 καὶ
1674 3373 1800 3460 τοὺς
1831 3399 2049 3471 σφόδρα⁴
2079 3440 2081 3443 τ

453 3468 808 3541 ἐπιτηδείους.
846 3472 986 3525 ’Ἀλλ’
1011 3475 1110 3527 οὐκ
1136 3477 1356 3541 ἐξέϐαλε
1393 3482 1634 3548 τούτους.
1666 3486 1791 3550 Πῶς
1816 3485 1908 3542 οὖν
1937 3468 2036 3544 οὐκ

454 3556 853 3649 agamagam;
887 3564 985 3618 Διά
1014 3565 1112 3635 τὴν
1135 3569 1226 3622 τοῦ
1248 3571 1460 3626 Παύλου
1490 3576 1917 3649 μεγαλοψυχίαν,
1943 3584 2036 3635 καὶ

455 3648 553 3744 τήν
587 3647 794 3744 θερμὴν
831 3653 996 3708 αὐτοῦ
1030 3659 1123 3711 καὶ
1173 3661 1403 3730 γνησίαν
1456 3665 1698 3737 ἀγάπην.
1737 3647 1894 3724 Οὐτω
1928 3675 2037 3744 γάρ

455 3737 651 3803 αὐτοὺς
687 3737 831 3812 εἶχεν
876 3745 934 3796 ἐν
980 3746 1211 3821 διανοίᾳ,
1253 3752 1329 3816 ὡς
1378 3756 1472 3808 καὶ
1511 3758 1568 3810 ἐν
1599 3760 1909 3827 ἐπιστολαῖς
1940 3737 2037 3818 αὐζ

455 3831 564 3884 τῶν
596 3835 905 3907 μεμνῆσθαι
939 3838 1092 3912 [174]
1149 3843 1428 3912 πολλάκις.
1468 3850 1607 3903 Ἀλλ’
1657 3851 1855 3924 ἴδωμεν
1891 3857 2037 3922 τίνες

456 3925 550 3978 καὶ
581 3928 752 3984 ὁποῖοι
791 3925 930 4002 ἦσαν
954 3927 1120 4001 οῦτοι,
1156 3937 1206 3989 οί
1238 3939 1330 3993 τὸν
1364 3941 1575 3998 Παῦλον
1604 3943 1746 4000 οὕτω
1771 3933 2036 4020 χειρωσά-

453 4031 631 4108 μενοι,
660 4021 754 4072 καὶ
801 4022 935 4093 πρὸς
989 4026 1078 4080 τὸν
1128 4029 1327 4084 οίκεῖον
1380 4035 1817 4108 ἐπισπασάμενοι
1843 4042 2032 4097 πόθον.

632 4109 828 4166 ὕπατοί
855 4132 997 4182 τινες
1022 4120 1116 4174 καὶ
1146 4125 1443 4196 στρατηγοὶ
1466 4122 1625 4199 ἦσαν,
1657 4102 1750 4184 καὶ
1781 4133 2034 4207 ὕπαρχοι,

451 4198 486 4270 ἢ
507 4201 672 4274 ἄλλην
682 4206 800 4260 τινὰ
817 4211 1173 4280 περιφάνειαν
1191 4232 1357 4289 κεκτη
1367 4220 1583 4294 μένοι,ἢ
1614 4223 1841 4280 πλοῦτον

457 4295 933 4392 περιϐεϐλημένοι,
972 4303 1065 4357 καὶ
1106 4305 1212 4360 τῶν
1248 4308 1344 4381 τὴν
1385 4312 1538 4366 πόλιν
1566 4315 1838 4392 άγόντων;
1872 4321 2038 4374 Οὐδὲν

457 4387 663 4444 τούτων
710 4392 856 4449 ἐστιν
882 4399 1075 4462 εἰπεῖν,
1128 4399 1262 4454 ἀλλὰ
1297 4404 1606 4460 τούναντίον
1633 4387 1798 4477 ἅπαν,
1833 4419 2036 4486 πτωχοὶ

457 4483 555 4563 καί
591 4486 838 4572 πένητες,
869 4490 962 4545 καὶ
991 4494 1056 4545 ἐκ
1108 4493 1206 4564 τῆς
1240 4495 1348 4549 τῶν
1376 4498 1574 4569 χειρῶν
1602 4503 1862 4571 ἐργασίας
1903 4483 2037 4572 ζῶν-

457 4592 571 4638 τες.
604 4571 785 4632 ’Ἦσαν
814 4580 941 4652 γὰρ,
965 4583 1119 4652 φησὶ,
1155 4590 1469 4656 σκηνοποιοὶ
1495 4593 1560 4661 τῇ
1595 4592 1757 4665 τέχνῃ
1779 4611 1790 4623 ·
1824 4571 1923 4650 καί
1940 4599 2038 4652 οὐκ

457 4666 723 4736 ᾐσχύνετο
764 4671 793 4722 ό
845 4669 1078 4734 Παῦλος,
1102 4673 1222 4726 οὐδέ
1252 4675 1450 4742 ὄνειδος
1480 4675 1615 4734 εἶναι
1646 4683 1862 4755 ἐνόμιζε
1891 4687 2042 4757 βασι-

460 4758 733 4829 λικωτάτῃ
782 4761 936 4813 πόλει
970 4763 1064 4814 καὶ.
1100 4763 1256 4835 δήμῳ
1284 4767 1427 4837 μέγα
1463 4773 1768 4842 φρονοῦντι,
1806 4779 2040 4835 κελεύων

459 4850 587 4945 τοὺς
611 4851 956 4935 χειροτέχνας
980 4855 1220 4921 ἐκείνους
1244 4859 1604 4930 ἀσπάζεσθαι,
1628 4867 1747 4922 οὐδὲ
1781 4871 2040 4945 καθυϐρὶο

463 4941 581 5036 ζειν
610 4944 806 5009 αὐτοὺς
854 4948 1038 5018 ἡγεῖτο
1069 4953 1138 5022 τῇ
1195 4953 1332 5025 πρὸς
1363 4956 1604 5024 ἐκείνους
1645 4961 1828 5036 φιλίᾳ·
1869 4941 2043 5033 οὕτως

464 5031 536 5108 ἦν
586 5037 831 5103 ἅπαντας
888 5042 1267 5108 πεπαιδευκώς
1325 5047 1446 5102 τότε
1485 5031 1818 5123 φιλοσοφεῖν.
1851 5031 2044 5114 Καίτοι

465 5147 530 5200 γε
575 5133 736 5204 ἡμεῖς
791 5133 1048 5199 πολλάκις
1096 5141 1377 5206 συγγενεῖς
1426 5140 1637 5212 ἔχοντες
1690 5147 2047 5220 πενεστέρους

463 5225 649 5298 ὀλίγῳ,
684 5229 783 5300 τῆς
819 5228 952 5298 πρὸς
984 5230 1180 5294 αὐτοὺς
1221 5233 1550 5304 οἰκειότητος
1591 5237 2043 5310 άλλοτριούμεθα,

467 5320 562 5374 καὶ
611 5319 811 5384 ὀνειδος
855 5317 995 5375 εἶναι
1044 5322 1430 5395 νομίζομεν,εί
1493 5330 1876 5402 φωραθείημέν
1916 5350 2047 5388 ποτε

467 5414 696 5480 ἐκείνοις
729 5417 1097 5487 προσήκοντες
1119 5436 1132 5448 ο
1169 5419 1198 5471 ὁ
1219 5418 1275 5472 δὲ
1307 5421 1519 5484 Παῦλος
1559 5423 1655 5492 οὐχ
1682 5425 1873 5492 οὓτως,
1911 5427 2048 5482 ἀλλὰ

468 5506 565 5558 καὶ
619 5507 1085 5575 ἐγκαλλωπίζεται
1116 5510 1194 5582 τῷ
1239 5513 1547 5584 πράγματι,
1584 5515 1678 5569 καὶ
1705 5518 1767 5569 οὐ
1793 5520 1904 5580 τοῖς
1931 5519 2048 5572 τότε

477 5597 655 5666 μόνον,
690 5598 827 5652 ἀλλὰ
860 5601 953 5653 καλ⁵
985 5605 1097 5666 τοῖς
1132 5602 1269 5674 μετὰ
1310 5605 1487 5658 ταῦτα
1518 5609 1652 5660 πᾶσι
1677 5607 1834 5680 δῆλον
1865 5611 2050 5681 ἐποίη-

473 5708 584 5756 σεν,
620 5694 700 5747 ὅτι
730 5696 809 5756 είς
853 5699 979 5760 τοὺς
1011 5711 1259 5768 πρώτους
1292 5700 1442 5773 αὐτῷ
1471 5703 1570 5773 τὴν
1619 5703 1800 5772 φιλίαν
1834 5702 2050 5760 ἐτέλουν

1149 281 1204 337 S.
1247 283 1532 344 JOANNI'S
1571 286 2062 348 CHRYSOSTOMI
2102 284 2418 351 ARCHIEP.
2461 290 3005 353 CONSTANTINOP.

3614 295 3716 352 190

2130 405 2325 463 ἐκεῖνοι
2349 411 2398 463 οί
2424 413 2756 483 σκηνοποιοί.
2786 413 2894 466 Καὶ
2930 411 3003 482 μή
3035 427 3123 481 μοι
3157 409 3362 480 λεγέτω
3392 426 3494 476 τις,
3523 411 3632 466 Καὶ
3661 411 3717 466 τί

2130 503 2237 575 γὰρ
2269 504 2412 575 μέγα
2447 507 2543 562 καὶ
2573 507 2904 579 θαυμαστὸν,
2942 506 3036 560 καὶ
3073 506 3257 572 αὐτὸν,
3280 507 3388 560 ἀπὸ
3411 506 3509 579 τῆς
3543 506 3717 576 αὐτῆς

2128 601 2256 654 ὄντα
2288 603 2504 676 τέχνης,
2541 604 2616 676 μὴ
2658 604 3082 676 ἐπαισχύνεσθαι
3126 606 3238 668 τοῖς
3266 605 3619 676 ὁμοτέχνοιςς
3653 605 3716 658 Τί

2129 699 2334 767 λέγεις;
2366 701 2536 754 Τοῦτο
2572 700 2681 772 γὰρ
2729 701 2859 756 αὐτὸ
2905 700 3158 772 μέγιστόν
3186 702 3301 755 ἐστι
3362 702 3458 755 καὶ
3513 701 3717 772 θαυμα-

2133 795 2274 848 στόν.
2312 796 2386 848 Οὐ
2415 796 2523 867 γάρ
2551 795 2724 861 οὕτως
2760 798 2810 851 οἱ
2851 797 3131 869 προγόνων
3157 798 3373 869 ἔχοντες
3408 798 3585 851 εἰπεῖν
3629 814 3718 850 πι-

2133 891 2415 963 ριφάνειαν
2456 892 2876 963 ἐπαισχύνονται
2931 896 3046 957 τοῖς
3116 893 3585 964 καταδεεστέροις,
3641 892 3716 958 ώς

2129 989 2176 1040 οἱ
2229 988 2508 1059 γενόμενοί
2565 1007 2695 1044 ποτε
2753 989 2845 1044 ἐπὶ
2917 989 3015 1060 τῆς
3052 990 3223 1061 αὐτῆς
3262 975 3557 1053 εὐτελείας,
3599 983 3716 1042 εἶτα

2129 1084 2323 1155 ἀθρόον
2356 1087 2436 1150 εἰς
2485 1087 2849 1158 λαμπρότητά
2881 1105 3004 1142 τινα
3062 1088 3158 1142 καὶ
3187 1087 3545 1160 περιφάνειαν
3583 1086 3716 1140 ἀνα·

2132 1179 2344 1246 ϐάντες.
2382 1183 2501 1237 Ὀτι
2533 1184 2591 1237 δὲ
2626 1184 2840 1238 Παύλου
2873 1183 3252 1257 λαμπρότερον
3296 1183 3449 1238 οὐδὲν
3477 1177 3568 1256 ἦν,
3595 1182 3718 1237 οὐδὲ

2131 1278 2610 1350 περιφανέστερον,
2641 1278 2776 1332 άλλά
2815 1280 2910 1333 καὶ
2943 1279 3123 1333 αὐτῶν
3167 1278 3276 1333 τῶν
3307 1279 3568 1350 βασιλέων
3598 1281 3718 1332 ἐπι-

2133 1391 2197 1444 ση
2209 1374 2434 1445 μότερος
2460 1371 2548 1446 ἦν,
2577 1375 2740 1429 παντί
2772 1393 2876 1429 που
2913 1376 3070 1448 δῆλόν
3094 1377 3262 1431 ἐστιν.
3299 1376 3358 1429 ’0
3399 1377 3508 1448 γὰρ
3528 1375 3717 1446 δαίμο-

2134 1486 2218 1523 σιν
2261 1469 2587 1537 ἐπιτάττων,
2632 1472 2726 1524 καὶ
2767 1471 2994 1542 νεκροὺς
3025 1469 3273 1542 ἐγείρων,
3305 1471 3400 1525 καὶ
3431 1470 3491 1536 ἐξ
3531 1471 3719 1524 ἐπιτά-

2133 1581 2342 1637 γματος
2364 1568 2458 1620 καὶ
2481 1567 2755 1639 πηρῶσαι,
2777 1567 2868 1622 καὶ
2887 1565 3221 1637 θεραπεῦσαι
3240 1566 3367 1630 τοὺς
3385 1566 3722 1638 πεπηρωμέο

2134 1678 2257 1726 νους
2300 1661 2616 1732 δυνάμενος,
2657 1657 2718 1717 οὗ
2753 1663 2822 1716 τὰ
2859 1662 3051 1733 ἱμάτια
3076 1661 3168 1714 καὶ
3189 1662 3245 1714 αί
3267 1660 3419 1716 σκιαὶ
3453 1661 3598 1715 ἅπαν
3633 1678 3718 1715 νο·

2136 1758 2398 1831 σημάτων
2419 1755 2557 1823 εἶδος
2591 1759 2762 1825 ἔλυον,
2801 1757 3022 1830 εὕδηλον
3051 1759 3131 1812 ὅτι
3154 1757 3273 1811 οὐδέ
3297 1756 3583 1828 ἄνθρωπος
3612 1757 3719 1810 λοι-

2135 1851 2235 1905 πδν
2268 1845 2408 1904 εἶναι
2433 1850 2732 1922 ἐνομίζετο,
2756 1849 2870 1904 ἀλλ’
2891 1850 3122 1920 ἄγγελός
3149 1867 3232 1913 τις
3273 1849 3332 1914 ἐξ
3364 1849 3596 1921 οὐρανοῦ
3628 1865 3720 1902 κα-

2132 1943 2324 2008 ταϐάς.
2363 1943 2501 1997 Ἀλλ’
2533 1944 2685 2013 ὅμως
2729 1942 3002 2014 τοσαύτης
3055 1940 3345 1996 ἀπολαύων
3394 1940 3574 2012 δόξης,
3627 1940 3720 1993 καὶ

2135 2034 2409 2106 πανταχοῦ
2460 2034 2905 2107 θαυμαζόμενος,
2943 2033 3039 2088 καὶ
3091 2034 3337 2103 ὅπουπερ
3394 2033 3461 2086 ἃν
3526 2032 3720 2102 φανείη

2134 2126 2345 2190 πάντας
2371 2125 2738 2197 ἐπιστρέφων,
2771 2125 2871 2179 οὐκ
2887 2123 3224 2198 ἐπῃσχύνετο
3253 2123 3345 2176 τὸν
3377 2121 3720 2192 σκηνοποιδν,

2134 2218 2254 2272 οὐδὲ
2276 2217 2628 2272 ἐλαττοῦσθαι
2651 2218 2868 2289 ἐνόμιζε
2891 2217 3014 2281 τούς
3035 2218 3093 2270 ἐν
3121 2216 3394 2278 τοσούτοις
3413 2213 3723 2285 ἀξιώμασιν

2133 2310 2311 2374 ὄντας.
2347 2311 2455 2364 Καὶ
2487 2310 2594 2382 γὰρ
2635 2310 2784 2372 είκδς
2811 2311 2869 2362 ἐν
2891 2311 2958 2380 τῇ
2995 2307 3294 2378 Ἐκκλησία
3331 2309 3399 2378 τῇ
3435 2305 3725 2377 Ῥωμαίων

2134 2401 2360 2466 πολλοὺς
2403 2396 2545 2455 εἶναι
2591 2403 2933 2475 περιφανεῖς,
2965 2398 3060 2464 οὒς
3115 2398 3395 2469 ἠνάγκαζε
3421 2399 3545 2461 τοὺς
3579 2415 3723 2451 πτω-

2134 2492 2262 2561 χοῦς
2299 2491 2540 2556 ἐκείνους
2594 2491 2966 2546 ἀσπάσασθαι.
2997 2490 3152 2562 ’ῌδει
3208 2488 3337 2560 γὰρ,
3360 2489 3477 2561 ᾔδει
3514 2488 3722 2560 σαφῶς,

2133 2584 2214 2636 ὅτι
2261 2584 2540 2652 εὐγένειαν
2589 2584 2648 2637 οὐ
2691 2584 2925 2638 πλούτου
2971 2582 3316 2655 περιφάνεια,
3347 2583 3469 2636 οὐδὲ
3514 2581 3723 2653 χρημά-

2133 2691 2240 2727 των
2265 2675 2570 2746 περιουσία,
2605 2674 2743 2730 άλλά
2771 2676 2989 2747 τρόπων
3017 2674 3287 2728 ἐπιείκεια
3309 2675 3483 2727 ποιεῖν
3503 2672 3723 2726 εἴωθεν·

2131 2765 2207 2832 ώς
2229 2767 2282 2820 οῖ
2307 2782 2370 2835 γε
2410 2766 2616 2837 ταύτης
2654 2767 2755 2838 μὲν
2786 2767 3244 2838 ἀπεστερημένοι,
3276 2764 3382 2818 ἀπὸ
3416 2763 3472 2817 δέ
3497 2763 3594 2833 τῆς
3617 2762 3726 2815 τῶν

2129 2857 2541 2927 ’γεγεννηκότων
2558 2857 2754 2919 αὐτοὺς
2776 2855 2935 2926 δόξης
2961 2853 3510 2926 μεγαλοφρονοῦντες,
3531 2852 3718 2923 ὀνόμα-

2134 2966 2188 3003 τι
2207 2949 2366 3018 μόνον
2389 2948 2668 3017 εὐγενείας
2695 2947 2856 3019 ψιλῷ,
2877 2947 2992 3001 ἀλλ’
3009 2948 3130 3017 οὐχί
3151 2947 3432 3018 πράγματι
3454 2944 3724 2998 καλλωπίο

2136 3040 2318 3105 ζονται
2335 3057 2348 3072 ο
2375 3040 2573 3111 μᾶλλον
2597 3041 2651 3093 δὲ
2676 3039 2806 3093 αὐτὸ
2819 3040 2879 3092 τὸ
2899 3039 3070 3110 ὄνομα
3103 3041 3349 3111 φωρᾶται
3373 3036 3652 3099 πολλάκις,
3675 3035 3726 3088 εί

2135 3151 2218 3197 τις
2235 3134 2325 3186 ἐπ)⁸
2353 3134 2477 3196 τοὺς
2499 3132 2757 3203 ἀνωτέρω
2775 3131 3072 3203 προγόνους
3089 3131 3194 3184 τῶν
3223 3127 3460 3198 εὐγενῶν
3486 3127 3723 3197 ἀναϐαίη

2137 3225 2360 3285 τούτων.
2397 3225 2503 3277 Τὸν
2523 3226 2630 3295 γὰρ
2671 3225 2944 3295 περιφανῆ
2977 3225 3073 3276 καὶ
3093 3222 3366 3294 λαμπρὸν,
3391 3220 3483 3275 καὶ
3514 3220 3726 3292 πατέρα

2138 3316 2328 3388 ἔχοντα
2354 3317 2625 3387 ἐπίσημον
2657 3318 2832 3370 εἰπεῖν
2865 3317 2960 3370 καὶ
2995 3316 3240 3380 πάππον,
3297 3315 3363 3369 ἂν
3400 3313 3540 3386 μετά
3570 3315 3716 3386 ἀκρι-

2138 3409 2291 3472 ϐείας
2325 3409 2607 3482 ἐξετάσῃς,
2632 3409 2891 3473 πολλάκις
2921 3409 3175 3482 εὑρήσεις
3197 3408 3518 3462 ἐπίπαππον
3538 3407 3728 3478 εὐτελῆ

2138 3518 2258 3554 τινα
2288 3501 2381 3555 καὶ
2408 3501 2693 3572 ἀνώνυμον
2719 3502 2993 3571 ἐσχηκότα
3015 3517 3027 3528 ·
3071 3499 3323 3569 καθάπερ
3346 3498 3456 3550 τῶν
3494 3497 3728 3551 εὐτελῶν

2139 3587 2277 3644 εἶναι
2313 3590 2612 3645 δοκούντων
2641 3591 2706 3645 ἂν
2731 3590 2888 3663 [175]
2927 3588 2986 3643 τὸ
3029 3588 3186 3657 γένος
3216 3587 3363 3648 ἅπαν
3411 3586 3729 3641 ἀναϐαίνον-

2138 3701 2230 3748 τες
2285 3682 2427 3737 κατά
2481 3682 2676 3754 μικρὸν
2733 3677 3232 3754 διερευνησώμεϐα,
3299 3676 3580 3748 ὑπάρχους
3635 3679 3728 3732 καὶ

2143 3775 2480 3845 στρατηγοὺς
2507 3774 2814 3845 εὑρήσομεν
2836 3770 3014 3824 αὐτῶν
3033 3769 3296 3832 πολλάκις
3318 3769 3446 3832 τοὺς
3475 3768 3729 3840 ἀνωτέρω

2142 3866 2464 3938 προγόνους,
2503 3865 2596 3920 καὶ
2619 3866 2699 3928 είς
2748 3861 3122 3932 ίπποφορϐοὐς
3158 3861 3253 3914 καὶ
3279 3859 3615 3929 συοφορϐοὐς
3642 3857 3729 3910 εὐ-

2144 3976 2226 4030 ροι
2257 3976 2339 4023 τις
2374 3957 2439 4012 ἂν
2464 3954 2884 4027 γεγενημένους.
2923 3955 3102 4024 "Amp
3153 3949 3246 4005 οὖν
3283 3951 3496 4005 ἅπαντα
3523 3947 3728 4010 Παῦλος

2141 4051 2315 4116 εἰδὼς,
2351 4050 2554 4104 τούτων
2605 4048 2703 4120 μὲν
2730 4047 2791 4100 οὐ
2843 4044 3008 4098 πολὺν
3055 4045 3290 4096 ἐποιεῖτο
3334 4040 3511 4109 λόγον,
3557 4039 3728 4109 ψυχῆς

2141 4144 2195 4196 δὲ
2232 4142 2509 4211 εὐγένειαν
2537 4140 2740 4210 ἐζήτει,
2769 4139 2864 4192 καὶ
2889 4137 3015 4200 τούς
3042 4135 3235 4199 ἄλλους
3267 4133 3472 4204 ταύτην
3515 4131 3726 4201 θαυμά-

2143 4234 2256 4299 ζειν
2286 4233 2625 4287 ἐπαίδευσεν.
2657 4231 2731 4284 Οὐ
2768 4230 2965 4301 μικρὸν
2987 4224 3079 4282 οὖν
3124 4225 3283 4280 τοῦτο
3315 4225 3453 4290 τέως
3483 4223 3728 4278 ἐντεῦθεν

2142 4325 2526 4399 καρπούμεθα,
2558 4324 2619 4376 τὸ
2651 4322 2840 4394 μηδενὶ
2875 4321 2982 4376 τῶν
3035 4319 3431 4389 εὐτελεστέρων
3476 4315 3726 4386 ἐπαισχύο

2141 4418 2349 4483 νεσθαι,
2383 4418 2443 4470 τὸ
2490 4415 2668 4486 ψυχῆς
2717 4414 2919 4487 ἀρετὴν
2967 4412 3266 4481 ἐπιζητεῖν,
3319 4411 3379 4464 τὺ
3431 4409 3606 4463 πάντα
3662 4409 3733 4462 τὰ

2142 4511 2342 4577 ἔξωθεν
2379 4512 2511 4581 ἡμῖν
2539 4506 2899 4579 περικείμενα
2921 4503 3152 4577 περιττὰ
3192 4498 3332 4556 εἶναι
3376 4500 3616 4572 νομίζειν
3639 4501 3730 4554 καὶ

2141 4603 2392 4674 ἀνόνητα.

2213 4707 2285 4770 γ’.
2306 4701 2460 4753 Ἔστι
2489 4699 2584 4752 καὶ
2611 4696 2797 4766 ἕτερον
2819 4694 2919 4747 οὐκ
2955 4692 3176 4748 ἔλαττον
3210 4692 3402 4744 τούτου
3434 4685 3732 4760 καρπώσα-

2148 4791 2271 4846 σθαι
2309 4790 2500 4862 κέρδος
2530 4787 2802 4850 ἐντεῦθεν,
2843 4787 2938 4838 καὶ
2979 4784 3008 4837 ὃ
3043 4782 3277 4852 μάλιστα
3317 4779 3531 4851 συνέχει
3569 4775 3732 4848 ήμῶν

2144 4880 2242 4955 τὴν
2269 4882 2413 4952 ζωὴν
2445 4877 2809 4951 κατορθωθέν.
2830 4876 2895 4930 Τί
2918 4875 2974 4929 δὲ
2999 4873 3157 4928 τοῦτό
3189 4877 3303 4927 ἐστι
3324 4888 3338 4938 ;
3363 4871 3436 4924 Τὸ
3460 4870 3534 4942 μή
3561 4884 3731 4937 κατη-

2148 4978 2330 5048 γορεῖν
2351 4973 2445 5028 τοῦ
2465 4972 2668 5042 γάμου,
2698 4969 2832 5040 μηδὲ
2858 4967 3100 5040 νομίζειν
3122 4965 3435 5035 ἐμπόδισμα
3469 4957 3609 5016 εἶναι
3637 4958 3732 5012 καὶ

2152 5068 2380 5138 κώλυμα
2411 5065 2507 5136 τῆς
2546 5065 2626 5128 είς
2677 5061 2878 5134 ἀρετὴν
2933 5057 3200 5129 φερούσης
3234 5055 3377 5121 ὁδοῦ,
3403 5053 3465 5106 τδ
3496 5053 3732 5122 γυναῖκα

2150 5161 2313 5230 ἔχειν,
2347 5159 2439 5211 καὶ¹
2476 5155 2668 5219 παῖδας
2711 5154 2952 5224 τρέφειν,
2994 5151 3088 5204 καὶ
3121 5149 3297 5211 οίκίας
3343 5142 3729 5218 προΐστασθαι,

2149 5253 2243 5306 καὶ
2268 5251 2460 5322 τέχνην
2491 5245 2904 5318 μεταχειρίζειν.
2957 5243 3088 5298 Ἰδοὺ
3117 5241 3210 5294 καὶ
3245 5237 3479 5292 ἐνταῦθα
3508 5234 3649 5306 ἀνὴρ
3665 5230 3734 5304 ἦν

2151 5345 2245 5398 καὶ
2275 5341 2433 5413 γυνὴ,
2473 5341 2568 5393 καὶ
2598 5334 2976 5408 ἐργαστηρίων
3015 5331 3464 5404 προειστήκεσαν,
3498 5327 3592 5381 καὶ
3614 5325 3735 5396 τέχ-

2150 5449 2249 5502 νην
2278 5427 2731 5501 μετεχειρίζοντο,
2757 5425 2852 5478 καὶ
2879 5423 2987 5477 τῶν
3015 5423 3073 5474 ἐν
3107 5417 3488 5491 μοναστηρίοις
3515 5413 3732 5481 ζώντων

2152 5521 2549 5595 ἀκριϐεστέραν
2602 5516 2946 5582 ἐπεδείξαντο
3003 5511 3183 5582 πολλῷ
3233 5510 3334 5581 τὴν
3387 5504 3727 5605 φιλοσοφίαὶι.

2153 5612 2321 5666 Πόθεν
2349 5609 2508 5663 τοῦτο
2535 5607 2720 5678 δῆλον;
2755 5605 2869 5674 Ἀφ’
2901 5598 2976 5657 ὧν
3002 5604 3297 5676 προσεῖπεν
3317 5601 3513 5662 αὐτους
3531 5600 3558 5650 ὁ
3579 5597 3730 5650 Παῦο

2152 5705 2262 5769 λος,
2321 5702 2520 5775 μᾶλλον
2560 5701 2616 5755 δὲ
2655 5700 2756 5754 οὐκ
2809 5698 2902 5767 ἀφ’
2932 5690 3006 5753 ὧν
3065 5697 3380 5768 προσεῖπεν,
3440 5689 3575 5746 ἀλλὰ
3634 5685 3735 5744 καὶ
