4096 6222
419 315 520 379 189

415 446 525 490 tum
574 430 746 503 majus
783 444 967 488 eorum
1022 432 1224 487 crimen
1268 431 1546 502 apparebit
1590 439 1644 484 et
1685 429 1838 498 culpa
1862 470 1876 492 ,
1917 429 2005 495 qui

417 535 596 583 tantos
615 535 962 581 contemnunt
992 524 1292 590 thesauros,
1316 536 1368 580 et
1390 525 1694 595 spirituales
1717 539 1747 576 e
1766 521 2010 575 manibus

417 634 550 690 opes
569 618 846 687 abjiciunt.
873 618 1127 686 Quaenam
1153 618 1310 687 igitur
1337 625 1420 670 est
1447 615 1724 670 salutatio?
1755 613 2009 676 Salutate,

420 711 610 780 inquit,
645 709 934 764 Priscillam
959 721 1004 764 et
1026 710 1256 775 Aquilam
1277 709 1534 778 adjutores
1559 724 1694 762 meos
1718 706 1770 760 in
1797 705 2014 759 Domino

421 803 611 872 (llam.
641 801 726 856 16.
775 800 870 873 5).
914 801 1100 856 Nonne
1153 801 1363 856 videtur
1410 798 1548 854 nuda
1595 798 1836 868 qua‘datn
1893 811 2014 851 esse

420 892 704 954 salutatio.
758 907 932 962 neque
979 873 1264 962 quidquam
1311 906 1559 961 magnum
1619 899 1711 944 aut
1757 887 2010 942 eximium

419 983 574 1037 nobis
599 981 873 1037 indicare?
899 983 1010 1053 Age
1052 983 1210 1052 igitur
1255 982 1305 1037 in
1329 997 1447 1036 eam
1475 980 1642 1034 solam
1678 988 1840 1033 totam
1878 977 2014 1032 hanc

420 1073 923 1128 sermocinationem
956 1073 1365 1143 impendamus:
1396 1073 1504 1126 imo
1561 1085 1690 1126 vero
1745 1086 1811 1124 ne
1856 1069 2016 1124 hodie

421 1163 638 1234 quidem
680 1163 976 1233 poterimus
1004 1162 1155 1217 vobis
1183 1163 1448 1217 involutas
1476 1161 1682 1230 exiguis
1720 1160 1838 1214 istis
1865 1159 2014 1214 voci-

424 1255 522 1309 bus
549 1254 819 1325 explicare
840 1256 1154 1318 sententias,
1179 1255 1272 1311 sed
1304 1255 1356 1309 in
1387 1255 1617 1310 alterum
1659 1253 1799 1309 diem
1832 1269 2013 1309 reser-

420 1362 550 1402 vare
576 1347 729 1402 vobis
755 1362 976 1403 necesse
1003 1357 1084 1402 est
1103 1347 1610 1418 contemplationem
1637 1347 1874 1415 copiam,
1899 1359 2018 1415 qua:

422 1458 487 1498 ex
517 1443 676 1513 hujus
713 1443 916 1514 exigua:
945 1443 1280 1498 salutationis
1325 1440 1755 1496 consideratione
1797 1454 2021 1494 nascen-

427 1545 531 1590 tur.
557 1535 739 1606 Neque
756 1536 899 1590 enim
922 1545 1084 1590 totam
1110 1535 1251 1588 illam
1295 1548 1546 1588 enarrare
1568 1531 1748 1597 statui,
1777 1531 1870 1585 sed
1901 1545 2014 1599 par-

429 1637 534 1683 tem
557 1628 674 1698 ejus
705 1639 760 1683 et
790 1628 995 1682 initium
1029 1636 1188 1697 atque
1215 1625 1493 1682 exordium
1518 1633 1722 1678 tantum
1750 1640 1764 1675 :
1789 1621 2023 1678 Salutate

435 1719 725 1774 Priscillam
753 1729 802 1774 et
836 1717 1092 1789 Aquilam.

498 1809 553 1865 2.
574 1811 702 1879 Qum
718 1812 768 1865 in
786 1811 880 1865 hac
891 1811 1194 1866 salutatione
1203 1818 1320 1864 sunt
1335 1808 1722 1864 consideranda.
1744 1807 1787 1861 Ο
1791 1809 1843 1878 pi
1845 1807 1964 1876 ᾕρεε
1976 1816 2023 1861 et

433 1919 677 1974 pauperes
689 1902 875 1957 salutat
897 1901 1366 1956 Paulum—Primo
1379 1899 1592 1970 quidem
1610 1898 1758 1954 Pauli
1774 1898 2022 1952 virtutem

340 2010 346 2016 ‘
431 1996 994 2064 adntiremuroportet,
1015 1993 1154 2064 quod
1177 2009 1298 2048 cum
1318 1993 1388 2047 illi
1410 1993 1571 2047 totius
1587 1991 1732 2046 orbis
1762 1999 2023 2045 terrarum

431 2095 711 2142 easetcura
725 2083 1031 2150 commissa,
1051 2089 1839 2151 etterram,mare,cunctasque
1850 2080 2027 2135 civita-

432 2189 514 2234 tes
526 2194 642 2248 qua:
663 2179 762 2235 sub
778 2177 911 2233 cado
929 2186 1070 2241 sunt,
1085 2185 1140 2232 et
1154 2177 1409 2232 barbaros
1423 2183 1477 2231 et
1504 2173 1740 2236 Gnaeos.
1759 2181 1814 2228 et
1837 2181 1915 2229 tot
1934 2187 2027 2244 po-

434 2271 587 2340 pulos
607 2285 788 2326 secum
816 2268 1204 2333 circumferret,
1227 2267 1362 2322 adeo
1384 2267 1452 2322 de
1468 2266 1583 2321 viro
1606 2283 1711 2320 uno
1732 2265 1905 2337 deque
1921 2280 2026 2321 una

437 2361 661 2416 muliere
687 2361 948 2415 sullicitus
974 2367 1156 2426 esset;
1214 2357 1450 2414 secundo
1493 2356 1596 2413 hoc
1645 2359 1771 2412 item
1823 2357 2026 2412 miran-

432 2450 585 2517 dum,
608 2466 766 2521 quam
789 2451 1022 2521 vigilanti
1047 2465 1110 2506 ac
1129 2449 1362 2505 sollicito
1387 2458 1529 2506 esset
1551 2450 1728 2505 animo
1749 2449 2023 2520 praeditus,

433 2543 523 2612 qui
555 2557 659 2597 non
681 2543 920 2597 Omnium
960 2542 1116 2597 simul
1143 2550 1366 2609 tantum,
1399 2540 1493 2597 sed
1542 2550 1600 2598 et
1645 2541 1888 2612 privatim
1913 2542 2028 2596 sin-

434 2633 680 2703 gulornm
711 2647 775 2686 ex
796 2631 978 2702 probis
1005 2641 1059 2687 et
1083 2633 1294 2688 eximiis
1322 2631 1714 2686 recordaretur.
1739 2630 1856 2686 Jatn
1885 2632 2025 2685 enim

440 2725 697 2795 pra-sules
724 2724 1085 2780 Eeelesiarum
1136 2725 1188 2779 id
1238 2739 1398 2795 agere
1449 2723 1579 2778 nihil
1633 2739 1764 2780 sane
1811 2724 2027 2790 mirum,

436 2833 560 2873 cum
615 2827 670 2873 et
699 2819 958 2874 tumultus
998 2818 1071 2872 illi
1117 2818 1284 2873 sedati
1333 2818 1460 2884 sint,
1509 2826 1564 2872 et
1610 2817 1766 2872 unius
1804 2817 2032 2873 civitatis

440 2919 643 2964 tantum
670 2925 854 2965 curam
880 2910 1215 2980 susceperint
1247 2928 1260 2963 :
1291 2919 1400 2964 tum
1446 2925 1574 2964 vero
1613 2925 1717 2964 non
1767 2909 2034 2982 periculo-

441 3018 559 3058 rum
587 3012 788 3057 tantum
811 3003 1140 3072 magnitudo,
1187 3002 1282 3058 sed
1326 3013 1382 3058 ct
1433 3003 1640 3057 itineris
1669 3002 2030 3072 intercapedo,

441 3107 498 3152 et
539 3096 825 3152 multitudo
865 3111 1136 3162 curarum,
1181 3104 1235 3150 et
1258 3096 1493 3150 continui
1525 3094 1738 3160 ﬂuctus,
1783 3095 2034 3166 quodque

440 3205 545 3242 non
575 3203 788 3258 semper
829 3188 968 3258 apud
999 3203 1190 3244 omnes
1236 3187 1449 3243 assidue
1500 3195 1818 3252 moraretur,
1873 3197 2034 3258 atque

439 3280 539 3334 alia
589 3284 735 3350 plura
781 3289 1028 3350 poterant
1073 3280 1233 3334 etiam
1286 3279 1441 3335 valde
1494 3293 1648 3334 caros
1699 3293 1732 3335 e
1775 3279 2031 3335 memoria

440 3381 710 3426 excutere.
771 3371 1151 3427 Verumtamen
1190 3370 1290 3426 hos
1352 3385 1457 3427 non
1497 3378 1866 3426 excusserunt.
1917 3369 2035 3438 Quo

443 3461 657 3517 tandem
691 3471 846 3531 pacto
885 3478 990 3517 non
1017 3461 1226 3518 excussi
1265 3462 1426 3518 sunt?
1464 3460 1547 3518 0b
1577 3461 1724 3517 Pauli
1756 3461 2033 3532 magnanio

445 3554 685 3608 mitatem
716 3568 780 3609 ac
823 3553 1082 3609 fervidam
1125 3555 1498 3626 sinceramque
1524 3555 1689 3626 ipsius
1737 3555 2032 3611 caritatem.

444 3643 534 3701 Sic
559 3646 701 3701 enim
725 3647 886 3702 menti
916 3647 1033 3716 ejus
1078 3647 1430 3713 inhterebant,
1458 3659 1516 3702 ut
1538 3658 1593 3705 et
1638 3649 1690 3704 in
1719 3649 1886 3704 literis
1911 3663 2032 3704 ere—

446 3737 595 3792 bram
622 3752 808 3792 eorum
837 3737 1020 3794 fecerit
1064 3739 1411 3794 mentionem.
1443 3739 1547 3796 Sed
1589 3739 1865 3795 videamus
1915 3740 2033 3811 qni-

448 3844 569 3883 nam
593 3828 664 3882 illi
695 3829 983 3899 qualesque
1011 3829 1224 3885 tandem
1265 3838 1466 3895 essent,
1518 3831 1607 3902 qui
1638 3831 1860 3886 Paulum
1901 3831 2036 3885 adeo

445 3921 546 3974 sibi
569 3921 954 3991 manciparant,
1005 3931 1059 3977 et
1094 3923 1159 3977 ad
1190 3938 1427 3978 amorem
1484 3939 1638 3978 suum
1683 3925 2032 3994 pellexerant.

447 4009 582 4065 Num
614 4010 841 4066 fortasse
884 4013 1130 4068 consules
1173 4014 1333 4083 aliqui
1384 4013 1467 4070 vel
1523 4015 1760 4083 magistri
1807 4015 2034 4070 militum

445 4111 600 4157 erant
623 4111 676 4156 et
705 4101 962 4172 pra-fecti,
990 4104 1076 4158 vel
1106 4105 1157 4158 in
1179 4104 1354 4174 aliqua
1382 4104 1575 4158 illustri
1606 4104 1862 4176 dignitate
1900 4121 2033 4161 con-

447 4191 637 4257 stituti,
684 4191 766 4246 vel
804 4192 994 4262 opibus
1041 4193 1488 4259 circumﬂuentes,
1545 4195 1740 4264 quique
1767 4195 2034 4253 civitatem

446 4284 730 4354 regerent?
755 4285 895 4340 Nihil
929 4285 1033 4340 tale
1073 4295 1248 4356 potest
1277 4285 1477 4352 aﬂ‘erri,
1514 4286 1608 4342 sed
1650 4287 1806 4357 plane
1827 4298 2036 4344 contra-

449 4375 622 4441 rium,
673 4391 934 4446 pauperes
983 4385 1039 4430 et
1089 4377 1265 4446 egeni,
1319 4377 1516 4448 quique
1571 4394 1734 4446 opere
1783 4396 2034 4436 manuum

448 4467 644 4521 victum
671 4475 992 4537 qumrerent.
1025 4467 1187 4520 Erant
1209 4468 1376 4533 enim,
1401 4468 1591 4538 inquit,
1638 4472 2038 4528 seeuofaetorize

447 4560 754 4630 artis(Act.
812 4560 895 4616 18.
928 4559 1035 4630 5):
1067 4575 1240 4629 neque
1289 4560 1506 4614 Paulum
1557 4560 1805 4629 pudebat,
1866 4580 2039 4634 neque

447 4653 838 4722 augustissima:
863 4653 1066 4709 civitati
1091 4653 1394 4724 populoque
1421 4653 1700 4718 magnifice
1723 4655 1790 4710 de
1818 4671 1876 4711 se
1914 4671 2038 4712 scn-

450 4741 599 4796 tienti
631 4743 826 4812 probro
851 4757 973 4799 esse
994 4742 1242 4808 ducebat,
1292 4742 1334 4796 si
1386 4743 1606 4812 opifices
1651 4744 1772 4800 illos
1819 4747 2036 4802 salutari

441 4832 674 4901 jnberct,
722 4849 895 4904 neque
933 4832 1277 4904 ignominiam
1333 4835 1438 4888 illis
1483 4835 1702 4889 conﬂari
1757 4852 1820 4892 ex
1853 4852 1948 4891 sua
1985 4839 2038 4892 in

448 4925 570 4979 illos
594 4927 826 4981 amicitia
850 4927 1066 4996 putabat
1096 4945 1110 4980 :
1141 4928 1217 4982 sic
1241 4942 1432 4982 omnes
1459 4938 1568 4982 tum
1611 4933 1866 5000 temporis
1909 4947 2035 4986 eru-

444 5016 658 5084 dierat,
707 5027 767 5072 ut
816 5017 884 5074 de
927 5033 986 5074 se
1027 5017 1269 5075 modeste
1323 5019 1703 5092 moderateque
1757 5025 2035 5079 sentirent.

445 5109 604 5178 Atqui
637 5125 736 5165 nos
759 5125 902 5182 saepe
923 5111 966 5165 si
997 5111 1320 5182 propinquos
1347 5113 1504 5181 paulo
1525 5114 1782 5168 tenuioris
1812 5113 2038 5171 furtnute

445 5201 778 5262 habeamus.
825 5202 895 5256 ab
949 5201 1163 5256 illorum
1233 5203 1590 5258 familiaritate
1645 5204 2036 5272 abhorrcmus,

444 5292 706 5362 nobisque
737 5293 930 5362 probro
959 5293 1232 5357 ducimus,
1292 5294 1336 5347 si
1389 5294 1602 5364 quando
1655 5296 1864 5350 illorum
1914 5312 2038 5366 pro-

446 5382 630 5452 pinqui
661 5383 1156 5454 deprchendemur;
1186 5384 1380 5438 Paulus
1405 5399 1534 5438 vero
1578 5400 1682 5439 non
1712 5387 1803 5449 ita,
1832 5387 1924 5441 sed
1973 5403 2034 5442 ea

447 5485 506 5525 re
548 5488 760 5544 quoque
801 5476 1088 5545 gloriatur,
1149 5491 1248 5530 nec
1295 5476 1602 5532 hominibus
1640 5487 1843 5534 tantum
1898 5481 2038 5536 illius

446 5565 640 5631 etatis,
668 5567 762 5622 sed
794 5567 954 5622 etiam
995 5566 1244 5622 omnibus
1269 5568 1497 5638 posteris
1521 5569 1726 5623 curavit
1775 5579 1833 5624 ut
1879 5572 2031 5626 inno-

447 5664 697 5723 tesceret,
752 5658 893 5720 inter
938 5659 1104 5729 ipsius
1143 5660 1346 5713 amicos
1397 5659 1517 5714 illos
1570 5659 2034 5717 tabernaculorum

442 5747 665 5815 opiﬁces
699 5749 899 5819 primos
928 5748 1108 5806 fuisse.
1151 5749 1333 5822 Neque
1376 5751 1502 5806 mibi
1543 5754 1819 5824 quisquam
1867 5752 2032 5821 dicat.

1227 309 1292 372 lN
1327 309 1549 379 ILLUD,
1591 304 1955 370 SALUTATE
1998 301 2401 366 PRISCILLMI
2445 309 2531 368 ET
2573 305 2900 384 AQUILAM.
2946 313 2985 369 l.

3595 322 3695 379 190

2119 424 2253 490 Quid
2283 441 2410 480 vero
2443 441 2689 495 magnum
2730 429 3010 498 mirumve,
3044 429 3088 484 si
3115 431 3312 505 ipsum,
3345 431 3434 503 qui
3463 433 3705 490 eamdem

2118 527 2285 572 artem
2317 518 2598 584 factitaret,
2628 521 2865 590 ejusdem
2892 522 3088 592 opiﬂcii
3112 526 3439 579 consortium
3471 541 3575 581 non
3608 543 3707 597 pu-

2119 608 2306 663 deret?
2326 610 2460 678 Quid
2493 612 2615 666 ais?
2647 613 2757 668 lloc
2785 613 2925 668 enim
2965 615 3136 684 ipsum
3165 614 3377 685 plurimi
3407 615 3706 674 faciendum

2119 709 2281 754 estet
2314 701 2668 759 admiratione
2696 703 2936 774 dignum.
2967 705 3082 760 Non
3109 706 3249 761 enim
3279 720 3374 762 eos
3421 708 3509 778 qui
3554 709 3712 763 clari-

2123 799 2282 844 tatem
2328 804 2550 860 possunt
2590 809 3010 850 commemorare
3037 797 3298 866 majorum
3349 814 3502 868 teque
3549 798 3713 868 pudet

2122 881 2452 949 inferiorum,
2485 892 2642 954 atque
2675 885 2792 939 illos
2824 887 2912 956 qui
2945 887 2994 940 iu
3025 888 3212 943 eadem
3238 889 3366 943 olitn
3388 890 3528 961 vulgi
3581 891 3712 946 [εισι-ο

2115 973 2403 1043 jacuerint,
2433 986 2487 1030 et
2525 977 2591 1030 ad
2623 977 2882 1034 illustrem
2913 994 2976 1034 ac
3017 981 3250 1036 nubilem
3295 983 3470 1039 subito
3518 984 3713 1040 fuerint

2121 1066 2429 1138 dignitatem
2457 1069 2647 1123 evecti.
2681 1070 2848 1126 Porro
2875 1072 3008 1126 nihil
3037 1071 3200 1128 fuisse
3240 1075 3498 1131 illustrius
3551 1077 3714 1131 Paulo

2122 1159 2204 1214 vel
2237 1160 2486 1227 nobilius,
2518 1162 2610 1216 sed
2639 1163 2768 1234 ipsis
2805 1179 2928 1218 ettm
2970 1167 3183 1236 regibus
3208 1165 3373 1224 fuisse
3407 1170 3711 1236 clariorem,

2122 1251 2314 1320 cuivis,
2345 1261 2428 1308 sat
2456 1254 2590 1320 scio,
2640 1254 2979 1310 manifestum
3029 1266 3136 1312 est.
3183 1258 3315 1313 Nam
3343 1260 3431 1330 qui
3459 1261 3715 1316 du'moni-

2124 1340 2225 1396 bus
2251 1342 2568 1413 imperabat,
2590 1345 2679 1415 qui
2711 1355 2952 1402 mortuos
2973 1348 3284 1414 suscitabat,
3309 1351 3400 1421 qni
3427 1353 3542 1405 solo
3561 1352 3716 1423 jussu

2123 1448 2395 1489 excaecare
2421 1445 2627 1505 poterat
2658 1445 2713 1491 et
2738 1451 2913 1493 czecos
2952 1453 3164 1505 sanare,
3192 1440 3342 1510 cujus
3367 1453 3543 1498 vestes
3569 1459 3716 1500 mor-

2125 1526 2314 1584 borum
2355 1543 2525 1599 genus
2567 1544 2726 1584 omne
2765 1529 3125 1601 depellehant,
3153 1531 3292 1588 baud
3317 1533 3557 1601 dubium,
3586 1537 3714 1608 quin

2126 1639 2230 1678 non
2261 1624 2371 1695 jam
2397 1624 2578 1690 homo,
2605 1625 2698 1682 sed
2724 1627 2944 1697 angelus
2973 1626 3042 1683 de
3093 1628 3227 1684 caelo
3253 1628 3502 1701 delapsus
3526 1647 3716 1688 cense-

2127 1726 2293 1771 retur.

2200 1807 2458 1864 Nobilitas
2487 1809 2623 1864 unde
2649 1819 2905 1864 nascatur.
2934 1809 3052 1865 Non
3074 1821 3149 1866 est
3176 1812 3562 1883 vituperandum
3607 1831 3712 1868 ma-

2129 1900 2442 1954 lrimonium.
2480 1930 2553 1940 —
2596 1901 2976 1959 Verumtamen
3022 1902 3146 1960 licet
3207 1905 3259 1959 in
3329 1906 3718 1961 existimatione

2129 1998 2277 2044 tanta
2300 1999 2463 2055 esset,
2498 1998 2555 2046 et
2581 1991 2778 2062 ubique
2801 1993 3162 2062 admirationi,
3192 2003 3249 2050 et
3276 1995 3327 2048 in
3357 2011 3721 2068 quascumque

2130 2096 2188 2136 se
2217 2096 2340 2136 oras
2365 2083 2659 2150 conferret,
2692 2099 2881 2140 omnes
2901 2085 2966 2140 ad
3000 2099 3060 2141 se
3085 2097 3442 2154 converteret,
3473 2091 3720 2146 taberna-

2131 2175 2374 2229 culorum
2427 2175 2671 2246 opificem
2731 2193 2838 2232 non
2882 2177 3271 2244 erubescebat,
3317 2195 3417 2236 nec
3463 2180 3718 2237 honorem

2131 2278 2316 2318 eorum
2348 2264 2588 2319 imminui
2629 2265 2907 2333 censebat,
2955 2267 3128 2337 quiin
3170 2269 3519 2338 dignitatibus
3561 2273 3720 2328 tantis

2132 2363 2284 2410 erant
2323 2370 2388 2411 ac
2441 2357 2840 2428 magistratibus
2886 2360 3182 2415 constituti.
3218 2361 3522 2419 Verisimile
3565 2381 3718 2420 nam-

2133 2461 2237 2515 que
2255 2431 2339 2501 est
2355 2446 2546 2501 multos
2564 2446 2617 2502 in
2642 2447 2872 2504 Ecclesia
2897 2447 3062 2505 fuisse
3085 2450 3442 2506 Romanorum
3467 2454 3722 2518 illustres,

2133 2551 2268 2606 quos
2295 2537 2519 2608 cogebat
2545 2554 2802 2610 pauperes
2828 2539 2946 2595 illos
2974 2541 3229 2598 salutare.
3256 2542 3485 2600 Noverat
3505 2547 3721 2616 quippe.

2136 2638 2356 2685 noverat
2381 2630 2547 2700 probe
2575 2647 2678 2686 non
2722 2647 2881 2702 opum
2922 2634 3288 2703 splendorem,
3341 2652 3515 2708 neque
3563 2653 3724 2708 pecu-

2137 2722 2340 2777 niarum
2371 2722 2720 2789 afﬂuentiam,
2764 2725 2861 2782 sed
2917 2742 3126 2782 morum
3171 2729 3486 2786 modestiam
3540 2747 3726 2801 parere

2137 2814 2466 2871 nobilitatem
2519 2815 2695 2872 solere
2725 2835 2738 2872 :
2763 2817 2940 2889 itaque
2999 2818 3073 2874 illi
3103 2819 3190 2889 qui
3221 2820 3320 2876 hac
3355 2822 3541 2892 privati
3567 2835 3724 2887 sunt,

2135 2904 2230 2960 sed
2273 2905 2533 2975 majorum
2586 2907 2829 2963 claritate
2884 2908 3232 2979 superbiant,
3284 2915 3499 2969 nomine
3551 2916 3726 2984 potius

2139 2995 2429 3051 nobilitatis
2459 2996 2622 3061 nudo,
2665 3011 2770 3052 non
2800 3013 2860 3054 re
2890 2999 3001 3068 ipsa
3045 3001 3338 3071 gloriantur
3367 3021 3379 3058 :
3420 3004 3528 3060 imo
3553 3007 3724 3076 ipsum

2139 3100 2331 3141 nomen
2363 3086 2675 3157 plerumque
2696 3088 3046 3150 subtrahitur.
3070 3091 3113 3144 si
3150 3093 3271 3162 quis
3297 3093 3364 3147 ad
3401 3097 3728 3167 antiquiores

2139 3177 2396 3232 nobilium
2430 3176 2650 3232 istorum
2691 3178 2921 3248 majores
2949 3181 3274 3238 ascenderit.
3310 3184 3443 3240 Nam
3488 3202 3610 3242 eum
3638 3192 3727 3258 qui

2138 3268 2318 3323 clarus
2341 3277 2395 3323 et
2443 3266 2663 3323 illuStris
2690 3277 2793 3337 est,
2820 3283 2882 3324 ac
2913 3269 3146 3326 nobilem
3185 3287 3609 3334 commemorare
3632 3294 3728 3349 pa-

2141 3368 2275 3415 trem
2303 3368 2358 3414 et
2387 3375 2543 3414 avum
2589 3368 2802 3430 potest,
2839 3363 2884 3416 si
2915 3364 3213 3418 accuratius
3240 3368 3534 3432 examines.
3566 3371 3727 3427 vilem

2139 3449 2444 3520 quempiam
2485 3459 2540 3504 et
2585 3450 2872 3506 obscurum
2924 3467 3179 3523 proavum
3211 3454 3461 3514 habuisse
3493 3476 3729 3533 persmpe

2139 3541 2480 3610 comperies-z
2506 3543 2949 3612 quemadmodum
2980 3553 3035 3600 et
3060 3561 3244 3602 eorum
3279 3551 3366 3619 qui
3400 3558 3583 3608 tenues
3607 3568 3731 3612 esse

2141 3630 2411 3698 videntur,
2457 3633 2502 3687 si
2553 3643 2721 3689 totum
2771 3650 2941 3704 genus
2987 3637 3244 3708 paulatim
3287 3655 3499 3696 sursum
3547 3660 3732 3702 versus

2139 3724 2479 3781 ascendendo
2509 3728 2963 3799 pervestigemus,
3017 3731 3299 3801 praefectos
3352 3745 3407 3790 et
3451 3739 3730 3809 magistros

2143 3817 2369 3871 militum
2392 3832 2536 3886 sazpe
2565 3817 2819 3876 habuisse
2861 3821 3091 3890 majores
3119 3825 3466 3890 inveniemus,
3499 3832 3588 3900 qui
3617 3843 3730 3886 tan-

2142 3907 2263 3962 dcm
2295 3909 2346 3963 in
2375 3910 2664 3979 equisone:
2681 3920 2737 3967 et
2778 3912 3028 3968 subulcos
3054 3916 3300 3970 conversi
3350 3918 3564 3975 fuerint.
3603 3923 3734 3989 Quae

2141 4015 2262 4055 cum
2288 4001 2562 4069 explorata
2589 4002 2756 4057 Paulo
2785 4012 2965 4058 essent
2997 4006 3196 4069 omnia,
3225 4022 3327 4060 non
3361 4025 3605 4080 magnam
3639 4015 3735 4069 Ito-

2143 4107 2260 4146 rum
2298 4093 2560 4147 rationem
2591 4092 2846 4160 habebat,
2890 4094 2983 4148 sed
3015 4097 3207 4152 anima:
3238 4099 3563 4156 nobilitatem
3583 4119 3733 4174 quae-

2142 4186 2312 4249 rebat,
2337 4200 2401 4240 ac
2429 4195 2674 4250 caeteros,
2700 4194 2757 4240 ut
2777 4185 2914 4240 hanc
2938 4187 3148 4256 plurimi
3190 4188 3455 4257 facerent,
3501 4194 3733 4252 instrue-

2144 4279 2252 4334 bat.
2309 4278 2442 4334 lline
2495 4279 2654 4347 igitur
2697 4293 2803 4333 non
2866 4279 3190 4335 mediocrem
3236 4282 3448 4338 interim
3501 4285 3731 4342 fructum

2145 4371 2502 4442 percipimus,
2557 4382 2614 4425 ut
2657 4371 2858 4426 vilioris
2902 4373 3125 4426 fortuna:
3166 4373 3438 4429 hominum
3494 4393 3594 4434 nos
3633 4381 3737 4434 mi-

2146 4465 2288 4520 nime
2314 4465 2528 4536 pudeat,
2581 4473 2639 4519 ut
2689 4465 2882 4519 aninue
2939 4466 3188 4519 virtutem
3237 4467 3627 4538 disquiramus,
3678 4483 3738 4528 ut

2145 4567 2364 4612 externa
2395 4556 2572 4611 omnia
2599 4555 2790 4625 quibus
2833 4555 3066 4610 ditamur
3107 4558 3371 4628 superﬂua
3426 4571 3480 4616 et
3529 4562 3734 4619 inutilia

2144 4663 2478 4704 censeamus.

2218 4742 2270 4796 3.
2302 4740 2457 4795 Aliud
2488 4755 2697 4810 quoque
2739 4742 2941 4796 lucrum
2993 4757 3270 4810 puSsumus
3324 4744 3426 4801 hoc
3464 4746 3729 4802 nihilomi-

2146 4849 2246 4888 nus
2307 4834 2431 4888 hinc
2472 4833 2782 4902 decerpere,
2832 4835 2974 4904 quod
3022 4835 3064 4888 si
3096 4836 3197 4890 rite
3229 4847 3498 4905 peractum
3523 4854 3551 4892 a
3584 4841 3736 4894 nobis

2147 4927 2324 4989 fuerit,
2348 4927 2511 4980 vitam
2541 4926 2779 4981 maxime
2805 4935 3041 4981 nostram
3075 4937 3271 4983 tnctnr.
3302 4930 3580 4996 Quodnam
3609 4932 3734 4987 illud

2147 5018 2362 5073 tandem
2400 5019 2519 5074 est?
2565 5017 2631 5073 Ut
2680 5032 2748 5073 ne
2800 5019 3103 5089 conjugium
3139 5020 3522 5092 vituperemus,
3563 5039 3735 5093 neque

2148 5109 2301 5164 nobis
2324 5109 2654 5166 obstaculum
2682 5119 2736 5165 et
2781 5109 3220 5180 impedimentum
3263 5126 3383 5168 esse
3419 5115 3735 5170 arbitremur

2147 5201 2198 5254 iu
2252 5202 2356 5264 via,
2408 5217 2526 5272 quze
2579 5201 2644 5255 ad
2690 5202 2940 5257 virtutem
2979 5202 3214 5267 deducit,
3245 5218 3464 5258 uxorem
3495 5205 3735 5268 habere.

2149 5292 2285 5349 filios
2314 5293 2566 5355 educare.
2610 5293 2790 5348 domui
2823 5308 3073 5364 praeesse,
3114 5305 3280 5350 artem
3310 5293 3568 5351 factitare.
3598 5297 3734 5354 Ecce

2147 5386 2233 5442 hic
2263 5401 2474 5457 quoque
2511 5387 2592 5440 vir
2621 5397 2736 5441 erat
2764 5395 2820 5442 et
2870 5387 3082 5451 mulier,
3113 5397 3165 5442 et
3193 5387 3421 5442 ofﬁcinis
3450 5404 3735 5458 prtem-ant,

2146 5489 2202 5534 et
2226 5491 2394 5534 artem
2434 5479 2762 5547 factitabant,
2794 5489 2849 5534 et
2897 5479 3276 5550 perfwtiorem
3303 5480 3470 5535 multo
3499 5483 3735 5551 probita-

2147 5580 2254 5626 tem
2308 5586 2517 5626 morum
2565 5570 2908 5638 exhibebant,
2950 5585 3108 5641 quam
3165 5571 3253 5642 qui
3306 5572 3358 5626 in
3403 5577 3741 5630 monaetcriis

2145 5661 2364 5731 degunt.
2416 5661 2570 5718 Unde
2614 5662 2666 5717 id
2713 5661 2956 5718 constat?
3002 5660 3082 5717 Ex
3128 5662 3192 5717 iis
3217 5663 3393 5718 verbis
3428 5664 3621 5734 quibus
3645 5680 3740 5722 eos

2149 5753 2343 5811 Paulus
2368 5753 2674 5828 alloquitur,
2713 5755 2796 5812 vel
2822 5754 3000 5826 potius
3041 5769 3146 5812 non
3177 5769 3242 5811 ex
3297 5754 3360 5809 iis
3406 5753 3598 5826 quibus
3648 5768 3742 5810 eos
