  <div class='ocr_page' id='page_1' title='image "/cluster/home/n/w/nwhite01/storage/ocr_20150623/51/hvd.32044073501900/189.png"; bbox 0 0 4096 6222; ppageno 0'>
   <div class='ocr_carea' id='block_1_1' title="bbox 419 229 508 282">
    <p class='ocr_par' dir='ltr' id='par_1_1' title="bbox 419 229 508 282">
     <span class='ocr_line' id='line_1_1' title="bbox 419 229 508 282; baseline 0 -1"><span class='ocrx_word' id='word_1_1' title='bbox 419 229 508 282; x_wconf 70' lang='grc'><strong>101</strong></span> 
     </span>
    </p>
   </div>
   <div class='ocr_carea' id='block_1_2' title="bbox 418 337 1993 411">
    <p class='ocr_par' dir='ltr' id='par_1_2' title="bbox 418 337 1993 411">
     <span class='ocr_line' id='line_1_2' title="bbox 418 337 1993 411; baseline -0.003 -16"><span class='ocrx_word' id='word_1_2' title='bbox 418 351 499 396; x_wconf 82' lang='lat' dir='ltr'><strong>est</strong></span> <span class='ocrx_word' id='word_1_3' title='bbox 551 340 867 411; x_wconf 84' lang='lat' dir='ltr'><strong>allnqttutus,</strong></span> <span class='ocrx_word' id='word_1_4' title='bbox 924 339 1017 410; x_wconf 79' lang='lat' dir='ltr'><strong>sed</strong></span> <span class='ocrx_word' id='word_1_5' title='bbox 1064 337 1223 394; x_wconf 90' lang='lat' dir='ltr'><strong>etiam</strong></span> <span class='ocrx_word' id='word_1_6' title='bbox 1250 353 1314 394; x_wconf 93' lang='lat' dir='ltr'><strong>ex</strong></span> <span class='ocrx_word' id='word_1_7' title='bbox 1346 339 1430 404; x_wconf 90' lang='lat' dir='ltr'><strong>iis,</strong></span> <span class='ocrx_word' id='word_1_8' title='bbox 1479 337 1668 408; x_wconf 84' lang='lat' dir='ltr'><strong>quibus</strong></span> <span class='ocrx_word' id='word_1_9' title='bbox 1695 351 1787 392; x_wconf 87' lang='lat' dir='ltr'><strong>eos</strong></span> <span class='ocrx_word' id='word_1_10' title='bbox 1815 346 1993 406; x_wconf 86' lang='lat' dir='ltr'><strong>postea</strong></span> 
     </span>
    </p>
   </div>
   <div class='ocr_carea' id='block_1_3' title="bbox 416 429 1995 487">
    <p class='ocr_par' dir='ltr' id='par_1_3' title="bbox 416 429 1995 487">
     <span class='ocr_line' id='line_1_3' title="bbox 416 429 1995 487; baseline -0.002 -3"><span class='ocrx_word' id='word_1_11' title='bbox 416 430 734 487; x_wconf 73' lang='lat' dir='ltr'><strong>testimoniis</strong></span> <span class='ocrx_word' id='word_1_12' title='bbox 759 429 1168 484; x_wconf 80' lang='lat' dir='ltr'><strong>commendavit.</strong></span> <span class='ocrx_word' id='word_1_13' title='bbox 1209 429 1340 484; x_wconf 91' lang='lat' dir='ltr'><strong>Cum</strong></span> <span class='ocrx_word' id='word_1_14' title='bbox 1367 430 1507 484; x_wconf 89' lang='lat' dir='ltr'><strong>enim</strong></span> <span class='ocrx_word' id='word_1_15' title='bbox 1533 429 1759 483; x_wconf 82' lang='lat' dir='ltr'><strong>dixisset</strong></span> <span class='ocrx_word' id='word_1_16' title='bbox 1787 447 1800 482; x_wconf 91' lang='lat'><strong>:</strong></span> <span class='ocrx_word' id='word_1_17' title='bbox 1837 429 1995 483; x_wconf 86' lang='lat' dir='ltr'><strong>Salu-</strong></span> 
     </span>
    </p>
   </div>
   <div class='ocr_carea' id='block_1_4' title="bbox 418 517 1994 589">
    <p class='ocr_par' dir='ltr' id='par_1_4' title="bbox 418 517 1994 589">
     <span class='ocr_line' id='line_1_4' title="bbox 418 517 1994 589; baseline -0.002 -15"><span class='ocrx_word' id='word_1_18' title='bbox 418 531 518 575; x_wconf 83' lang='lat' dir='ltr'><strong>tate</strong></span> <span class='ocrx_word' id='word_1_19' title='bbox 556 518 845 574; x_wconf 70' lang='lat' dir='ltr'><strong>Priscillam</strong></span> <span class='ocrx_word' id='word_1_20' title='bbox 876 530 923 574; x_wconf 88' lang='lat' dir='ltr'><strong>et</strong></span> <span class='ocrx_word' id='word_1_21' title='bbox 953 519 1208 588; x_wconf 79' lang='lat' dir='ltr'><strong>Aquilam,</strong></span> <span class='ocrx_word' id='word_1_22' title='bbox 1240 519 1449 572; x_wconf 88' lang='lat' dir='ltr'><strong>illorum</strong></span> <span class='ocrx_word' id='word_1_23' title='bbox 1478 518 1640 573; x_wconf 89' lang='lat' dir='ltr'><strong>etiam</strong></span> <span class='ocrx_word' id='word_1_24' title='bbox 1686 517 1994 589; x_wconf 88' lang='lat' dir='ltr'><strong>dignitatem</strong></span> 
     </span>
    </p>
   </div>
   <div class='ocr_carea' id='block_1_5' title="bbox 417 605 1995 679">
    <p class='ocr_par' dir='ltr' id='par_1_5' title="bbox 417 605 1995 679">
     <span class='ocr_line' id='line_1_5' title="bbox 417 605 1995 679; baseline -0.003 -15"><span class='ocrx_word' id='word_1_25' title='bbox 417 610 626 679; x_wconf 80' lang='lat' dir='ltr'><strong>adjecit.</strong></span> <span class='ocrx_word' id='word_1_26' title='bbox 653 609 821 676; x_wconf 84' lang='lat' dir='ltr'><strong>Quam</strong></span> <span class='ocrx_word' id='word_1_27' title='bbox 851 623 976 663; x_wconf 90' lang='lat' dir='ltr'><strong>vero</strong></span> <span class='ocrx_word' id='word_1_28' title='bbox 999 607 1250 662; x_wconf 88' lang='lat' dir='ltr'><strong>tandem?</strong></span> <span class='ocrx_word' id='word_1_29' title='bbox 1272 607 1385 661; x_wconf 84' lang='lat' dir='ltr'><strong>Non</strong></span> <span class='ocrx_word' id='word_1_30' title='bbox 1417 606 1551 661; x_wconf 84' lang='lat' dir='ltr'><strong>dixit</strong></span> <span class='ocrx_word' id='word_1_31' title='bbox 1577 607 1768 662; x_wconf 76' lang='lat' dir='ltr'><strong>divites</strong></span> <span class='ocrx_word' id='word_1_32' title='bbox 1797 617 1848 661; x_wconf 85' lang='lat' dir='ltr'><strong>et</strong></span> <span class='ocrx_word' id='word_1_33' title='bbox 1877 605 1995 660; x_wconf 85' lang='lat' dir='ltr'><strong>illu-</strong></span> 
     </span>
    </p>
   </div>
   <div class='ocr_carea' id='block_1_6' title="bbox 419 697 1992 770">
    <p class='ocr_par' dir='ltr' id='par_1_6' title="bbox 419 697 1992 770">
     <span class='ocr_line' id='line_1_6' title="bbox 419 697 1992 770; baseline -0.002 -16"><span class='ocrx_word' id='word_1_34' title='bbox 419 713 554 755; x_wconf 89' lang='lat' dir='ltr'><strong>stres</strong></span> <span class='ocrx_word' id='word_1_35' title='bbox 577 711 628 754; x_wconf 94' lang='lat' dir='ltr'><strong>et</strong></span> <span class='ocrx_word' id='word_1_36' title='bbox 652 700 885 763; x_wconf 82' lang='lat' dir='ltr'><strong>nobiles;</strong></span> <span class='ocrx_word' id='word_1_37' title='bbox 911 699 1002 754; x_wconf 90' lang='lat' dir='ltr'><strong>sed</strong></span> <span class='ocrx_word' id='word_1_38' title='bbox 1037 698 1194 768; x_wconf 89' lang='lat' dir='ltr'><strong>quid?</strong></span> <span class='ocrx_word' id='word_1_39' title='bbox 1234 698 1502 770; x_wconf 83' lang='lat' dir='ltr'><strong>Adjutores</strong></span> <span class='ocrx_word' id='word_1_40' title='bbox 1527 715 1658 752; x_wconf 89' lang='lat' dir='ltr'><strong>meos</strong></span> <span class='ocrx_word' id='word_1_41' title='bbox 1678 699 1728 750; x_wconf 89' lang='lat' dir='ltr'><strong>in</strong></span> <span class='ocrx_word' id='word_1_42' title='bbox 1759 697 1992 751; x_wconf 88' lang='lat' dir='ltr'><strong>Domino.</strong></span> 
     </span>
    </p>
   </div>
   <div class='ocr_carea' id='block_1_7' title="bbox 416 786 1997 858">
    <p class='ocr_par' dir='ltr' id='par_1_7' title="bbox 416 786 1997 858">
     <span class='ocr_line' id='line_1_7' title="bbox 416 786 1997 858; baseline -0.004 -14"><span class='ocrx_word' id='word_1_43' title='bbox 416 791 556 844; x_wconf 68' lang='lat' dir='ltr'><strong>Nihil</strong></span> <span class='ocrx_word' id='word_1_44' title='bbox 583 800 757 844; x_wconf 86' lang='lat' dir='ltr'><strong>autem</strong></span> <span class='ocrx_word' id='word_1_45' title='bbox 789 807 909 844; x_wconf 89' lang='lat' dir='ltr'><strong>cum</strong></span> <span class='ocrx_word' id='word_1_46' title='bbox 938 789 1036 843; x_wconf 91' lang='lat' dir='ltr'><strong>hoc</strong></span> <span class='ocrx_word' id='word_1_47' title='bbox 1080 786 1310 843; x_wconf 87' lang='lat' dir='ltr'><strong>conferri</strong></span> <span class='ocrx_word' id='word_1_48' title='bbox 1351 795 1542 858; x_wconf 80' lang='lat' dir='ltr'><strong>potest,</strong></span> <span class='ocrx_word' id='word_1_49' title='bbox 1575 787 1713 857; x_wconf 91' lang='lat' dir='ltr'><strong>quod</strong></span> <span class='ocrx_word' id='word_1_50' title='bbox 1740 787 1802 841; x_wconf 91' lang='lat' dir='ltr'><strong>ad</strong></span> <span class='ocrx_word' id='word_1_51' title='bbox 1832 788 1997 842; x_wconf 80' lang='lat' dir='ltr'><strong>virtu-</strong></span> 
     </span>
    </p>
   </div>
   <div class='ocr_carea' id='block_1_8' title="bbox 410 878 1995 944">
    <p class='ocr_par' dir='ltr' id='par_1_8' title="bbox 410 878 1995 944">
     <span class='ocr_line' id='line_1_8' title="bbox 410 878 1995 944; baseline -0.003 -8"><span class='ocrx_word' id='word_1_52' title='bbox 410 883 485 936; x_wconf 79' lang='lat' dir='ltr'><strong>‘tis</strong></span> <span class='ocrx_word' id='word_1_53' title='bbox 512 880 1023 936; x_wconf 73' lang='lat' dir='ltr'><strong>commendationem</strong></span> <span class='ocrx_word' id='word_1_54' title='bbox 1048 882 1237 934; x_wconf 90' lang='lat' dir='ltr'><strong>attinet</strong></span> <span class='ocrx_word' id='word_1_55' title='bbox 1266 897 1279 932; x_wconf 91' lang='lat'><strong>:</strong></span> <span class='ocrx_word' id='word_1_56' title='bbox 1304 894 1401 934; x_wconf 92' lang='lat' dir='ltr'><strong>nec</strong></span> <span class='ocrx_word' id='word_1_57' title='bbox 1428 889 1630 933; x_wconf 89' lang='lat' dir='ltr'><strong>tantum</strong></span> <span class='ocrx_word' id='word_1_58' title='bbox 1661 894 1725 934; x_wconf 87' lang='lat' dir='ltr'><strong>ex</strong></span> <span class='ocrx_word' id='word_1_59' title='bbox 1753 878 1873 944; x_wconf 89' lang='lat' dir='ltr'><strong>hoc,</strong></span> <span class='ocrx_word' id='word_1_60' title='bbox 1903 879 1995 934; x_wconf 90' lang='lat' dir='ltr'><strong>sed</strong></span> 
     </span>
    </p>
   </div>
   <div class='ocr_carea' id='block_1_9' title="bbox 415 971 2002 1043">
    <p class='ocr_par' dir='ltr' id='par_1_9' title="bbox 415 971 2002 1043">
     <span class='ocr_line' id='line_1_9' title="bbox 415 971 2002 1043; baseline -0.002 -16"><span class='ocrx_word' id='word_1_61' title='bbox 415 982 471 1027; x_wconf 87' lang='lat' dir='ltr'><strong>ct</strong></span> <span class='ocrx_word' id='word_1_62' title='bbox 516 989 580 1027; x_wconf 83' lang='lat' dir='ltr'><strong>ex</strong></span> <span class='ocrx_word' id='word_1_63' title='bbox 609 988 675 1028; x_wconf 92' lang='lat' dir='ltr'><strong>eo</strong></span> <span class='ocrx_word' id='word_1_64' title='bbox 703 973 842 1043; x_wconf 91' lang='lat' dir='ltr'><strong>quod</strong></span> <span class='ocrx_word' id='word_1_65' title='bbox 899 972 1036 1041; x_wconf 87' lang='lat' dir='ltr'><strong>apud</strong></span> <span class='ocrx_word' id='word_1_66' title='bbox 1089 975 1230 1042; x_wconf 89' lang='lat' dir='ltr'><strong>ipsos</strong></span> <span class='ocrx_word' id='word_1_67' title='bbox 1286 971 1538 1026; x_wconf 80' lang='lat' dir='ltr'><strong>manserit</strong></span> <span class='ocrx_word' id='word_1_68' title='bbox 1587 985 1690 1024; x_wconf 90' lang='lat' dir='ltr'><strong>non</strong></span> <span class='ocrx_word' id='word_1_69' title='bbox 1739 985 1899 1024; x_wconf 92' lang='lat' dir='ltr'><strong>unum</strong></span> <span class='ocrx_word' id='word_1_70' title='bbox 1948 976 2002 1024; x_wconf 88' lang='lat' dir='ltr'><strong>et</strong></span> 
     </span>
    </p>
   </div>
   <div class='ocr_carea' id='block_1_10' title="bbox 411 1062 1998 1136">
    <p class='ocr_par' dir='ltr' id='par_1_10' title="bbox 411 1062 1998 1136">
     <span class='ocr_line' id='line_1_10' title="bbox 411 1062 1998 1136; baseline 0 -21"><span class='ocrx_word' id='word_1_71' title='bbox 411 1063 552 1118; x_wconf 84' lang='lat' dir='ltr'><strong>duos</strong></span> <span class='ocrx_word' id='word_1_72' title='bbox 573 1071 628 1118; x_wconf 89' lang='lat' dir='ltr'><strong>et</strong></span> <span class='ocrx_word' id='word_1_73' title='bbox 657 1074 763 1117; x_wconf 92' lang='lat' dir='ltr'><strong>tres</strong></span> <span class='ocrx_word' id='word_1_74' title='bbox 790 1063 926 1128; x_wconf 90' lang='lat' dir='ltr'><strong>dics,</strong></span> <span class='ocrx_word' id='word_1_75' title='bbox 959 1062 1050 1118; x_wconf 89' lang='lat' dir='ltr'><strong>sed</strong></span> <span class='ocrx_word' id='word_1_76' title='bbox 1083 1062 1215 1136; x_wconf 83' lang='lat' dir='ltr'><strong>duos</strong></span> <span class='ocrx_word' id='word_1_77' title='bbox 1251 1077 1418 1116; x_wconf 90' lang='lat' dir='ltr'><strong>annos</strong></span> <span class='ocrx_word' id='word_1_78' title='bbox 1445 1062 1698 1131; x_wconf 83' lang='lat' dir='ltr'><strong>integros,</strong></span> <span class='ocrx_word' id='word_1_79' title='bbox 1753 1062 1998 1116; x_wconf 79' lang='lat' dir='ltr'><strong>virtutem</strong></span> 
     </span>
    </p>
   </div>
   <div class='ocr_carea' id='block_1_11' title="bbox 412 1151 1998 1224">
    <p class='ocr_par' dir='ltr' id='par_1_11' title="bbox 412 1151 1998 1224">
     <span class='ocr_line' id='line_1_11' title="bbox 412 1151 1998 1224; baseline -0.002 -17"><span class='ocrx_word' id='word_1_80' title='bbox 412 1154 632 1208; x_wconf 79' lang='lat' dir='ltr'><strong>illorum</strong></span> <span class='ocrx_word' id='word_1_81' title='bbox 691 1163 935 1223; x_wconf 90' lang='lat' dir='ltr'><strong>spectare</strong></span> <span class='ocrx_word' id='word_1_82' title='bbox 1006 1167 1302 1224; x_wconf 85' lang='lat' dir='ltr'><strong>possumus.</strong></span> <span class='ocrx_word' id='word_1_83' title='bbox 1363 1152 1492 1207; x_wconf 84' lang='lat' dir='ltr'><strong>Nam</strong></span> <span class='ocrx_word' id='word_1_84' title='bbox 1555 1151 1998 1222; x_wconf 86' lang='lat' dir='ltr'><strong>quemadmodum</strong></span> 
     </span>
    </p>
   </div>
   <div class='ocr_carea' id='block_1_12' title="bbox 421 1241 2001 1314">
    <p class='ocr_par' dir='ltr' id='par_1_12' title="bbox 421 1241 2001 1314">
     <span class='ocr_line' id='line_1_12' title="bbox 421 1241 2001 1314; baseline -0.001 -15"><span class='ocrx_word' id='word_1_85' title='bbox 421 1241 703 1300; x_wconf 84' lang='lat' dir='ltr'><strong>saecula-res</strong></span> <span class='ocrx_word' id='word_1_86' title='bbox 724 1245 1056 1314; x_wconf 77' lang='lat' dir='ltr'><strong>magistratus</strong></span> <span class='ocrx_word' id='word_1_87' title='bbox 1089 1244 1228 1314; x_wconf 84' lang='lat' dir='ltr'><strong>apud</strong></span> <span class='ocrx_word' id='word_1_88' title='bbox 1255 1244 1386 1300; x_wconf 83' lang='lat' dir='ltr'><strong>viles</strong></span> <span class='ocrx_word' id='word_1_89' title='bbox 1418 1252 1472 1298; x_wconf 91' lang='lat' dir='ltr'><strong>et</strong></span> <span class='ocrx_word' id='word_1_90' title='bbox 1501 1243 1732 1314; x_wconf 89' lang='lat' dir='ltr'><strong>abjectos</strong></span> <span class='ocrx_word' id='word_1_91' title='bbox 1759 1243 2001 1298; x_wconf 91' lang='lat' dir='ltr'><strong>homines</strong></span> 
     </span>
    </p>
   </div>
   <div class='ocr_carea' id='block_1_13' title="bbox 421 1336 1999 1407">
    <p class='ocr_par' dir='ltr' id='par_1_13' title="bbox 421 1336 1999 1407">
     <span class='ocr_line' id='line_1_13' title="bbox 421 1336 1999 1407; baseline -0.001 -16"><span class='ocrx_word' id='word_1_92' title='bbox 421 1353 528 1391; x_wconf 83' lang='lat' dir='ltr'><strong>non</strong></span> <span class='ocrx_word' id='word_1_93' title='bbox 557 1337 843 1407; x_wconf 81' lang='lat' dir='ltr'><strong>dignantur</strong></span> <span class='ocrx_word' id='word_1_94' title='bbox 883 1337 1167 1401; x_wconf 87' lang='lat' dir='ltr'><strong>divertere,</strong></span> <span class='ocrx_word' id='word_1_95' title='bbox 1215 1337 1308 1391; x_wconf 89' lang='lat' dir='ltr'><strong>sed</strong></span> <span class='ocrx_word' id='word_1_96' title='bbox 1366 1337 1672 1406; x_wconf 86' lang='lat' dir='ltr'><strong>magnificas</strong></span> <span class='ocrx_word' id='word_1_97' title='bbox 1719 1336 1999 1392; x_wconf 87' lang='lat' dir='ltr'><strong>illustrium</strong></span> 
     </span>
    </p>
   </div>
   <div class='ocr_carea' id='block_1_14' title="bbox 417 1427 2002 1498">
    <p class='ocr_par' dir='ltr' id='par_1_14' title="bbox 417 1427 2002 1498">
     <span class='ocr_line' id='line_1_14' title="bbox 417 1427 2002 1498; baseline -0.001 -16"><span class='ocrx_word' id='word_1_98' title='bbox 417 1428 770 1498; x_wconf 82' lang='lat' dir='ltr'><strong>quorumdam</strong></span> <span class='ocrx_word' id='word_1_99' title='bbox 807 1428 1038 1482; x_wconf 86' lang='lat' dir='ltr'><strong>virorum</strong></span> <span class='ocrx_word' id='word_1_100' title='bbox 1089 1427 1277 1482; x_wconf 91' lang='lat' dir='ltr'><strong>domos</strong></span> <span class='ocrx_word' id='word_1_101' title='bbox 1305 1438 1570 1496; x_wconf 64' lang='lat' dir='ltr'><strong>quaerunt,</strong></span> <span class='ocrx_word' id='word_1_102' title='bbox 1613 1443 1680 1481; x_wconf 91' lang='lat' dir='ltr'><strong>ne</strong></span> <span class='ocrx_word' id='word_1_103' title='bbox 1733 1427 2002 1496; x_wconf 86' lang='lat' dir='ltr'><strong>dignitatis</strong></span> 
     </span>
    </p>
   </div>
   <div class='ocr_carea' id='block_1_15' title="bbox 424 1518 2004 1589">
    <p class='ocr_par' dir='ltr' id='par_1_15' title="bbox 424 1518 2004 1589">
     <span class='ocr_line' id='line_1_15' title="bbox 424 1518 2004 1589; baseline 0.001 -18"><span class='ocrx_word' id='word_1_104' title='bbox 424 1534 533 1573; x_wconf 66' lang='lat' dir='ltr'><strong>sua:</strong></span> <span class='ocrx_word' id='word_1_105' title='bbox 563 1518 867 1589; x_wconf 81' lang='lat' dir='ltr'><strong>magnitudo</strong></span> <span class='ocrx_word' id='word_1_106' title='bbox 913 1533 1096 1574; x_wconf 88' lang='lat' dir='ltr'><strong>eorum</strong></span> <span class='ocrx_word' id='word_1_107' title='bbox 1138 1533 1167 1571; x_wconf 87' lang='lat' dir='ltr'><strong>a</strong></span> <span class='ocrx_word' id='word_1_108' title='bbox 1208 1518 1399 1587; x_wconf 87' lang='lat' dir='ltr'><strong>quibus</strong></span> <span class='ocrx_word' id='word_1_109' title='bbox 1443 1519 1774 1588; x_wconf 90' lang='lat' dir='ltr'><strong>excipiuntur</strong></span> <span class='ocrx_word' id='word_1_110' title='bbox 1801 1518 2004 1572; x_wconf 83' lang='lat' dir='ltr'><strong>vilitate</strong></span> 
     </span>
    </p>
   </div>
   <div class='ocr_carea' id='block_1_16' title="bbox 415 1609 2002 1680">
    <p class='ocr_par' dir='ltr' id='par_1_16' title="bbox 415 1609 2002 1680">
     <span class='ocr_line' id='line_1_16' title="bbox 415 1609 2002 1680; baseline 0 -17"><span class='ocrx_word' id='word_1_111' title='bbox 415 1610 645 1664; x_wconf 58' lang='lat' dir='ltr'><strong>imitatur</strong></span> <span class='ocrx_word' id='word_1_112' title='bbox 678 1628 690 1664; x_wconf 93' lang='lat'>:</span> <span class='ocrx_word' id='word_1_113' title='bbox 722 1611 790 1664; x_wconf 88' lang='lat' dir='ltr'><strong>ita</strong></span> <span class='ocrx_word' id='word_1_114' title='bbox 827 1625 1036 1679; x_wconf 90' lang='lat' dir='ltr'><strong>quoque</strong></span> <span class='ocrx_word' id='word_1_115' title='bbox 1088 1609 1349 1665; x_wconf 85' lang='lat' dir='ltr'><strong>faciebant</strong></span> <span class='ocrx_word' id='word_1_116' title='bbox 1394 1610 1652 1680; x_wconf 85' lang='lat' dir='ltr'><strong>apostoli;</strong></span> <span class='ocrx_word' id='word_1_117' title='bbox 1707 1624 1811 1664; x_wconf 92' lang='lat' dir='ltr'><strong>non</strong></span> <span class='ocrx_word' id='word_1_118' title='bbox 1865 1609 2002 1679; x_wconf 86' lang='lat' dir='ltr'><strong>apud</strong></span> 
     </span>
    </p>
   </div>
   <div class='ocr_carea' id='block_1_17' title="bbox 421 1697 2004 1770">
    <p class='ocr_par' dir='ltr' id='par_1_17' title="bbox 421 1697 2004 1770">
     <span class='ocr_line' id='line_1_17' title="bbox 421 1697 2004 1770; baseline 0.003 -23"><span class='ocrx_word' id='word_1_119' title='bbox 421 1698 609 1752; x_wconf 80' lang='lat' dir='ltr'><strong>obvios</strong></span> <span class='ocrx_word' id='word_1_120' title='bbox 648 1698 861 1766; x_wconf 80' lang='lat' dir='ltr'><strong>quosvis</strong></span> <span class='ocrx_word' id='word_1_121' title='bbox 891 1699 1309 1768; x_wconf 78' lang='lat' dir='ltr'><strong>hoSpitabantur,</strong></span> <span class='ocrx_word' id='word_1_122' title='bbox 1343 1701 1434 1754; x_wconf 91' lang='lat' dir='ltr'><strong>sed</strong></span> <span class='ocrx_word' id='word_1_123' title='bbox 1472 1707 1529 1754; x_wconf 92' lang='lat' dir='ltr'><strong>ut</strong></span> <span class='ocrx_word' id='word_1_124' title='bbox 1553 1697 1637 1754; x_wconf 80' lang='lat' dir='ltr'><strong>illi</strong></span> <span class='ocrx_word' id='word_1_125' title='bbox 1659 1700 2004 1770; x_wconf 81' lang='lat' dir='ltr'><strong>magniﬁcen-</strong></span> 
     </span>
    </p>
   </div>
   <div class='ocr_carea' id='block_1_18' title="bbox 417 1785 2004 1859">
    <p class='ocr_par' dir='ltr' id='par_1_18' title="bbox 417 1785 2004 1859">
     <span class='ocr_line' id='line_1_18' title="bbox 417 1785 2004 1859; baseline 0.001 -18"><span class='ocrx_word' id='word_1_126' title='bbox 417 1785 552 1842; x_wconf 65' lang='lat' dir='ltr'><strong>tiim</strong></span> <span class='ocrx_word' id='word_1_127' title='bbox 581 1787 792 1850; x_wconf 72' lang='lat' dir='ltr'><strong>mdium,</strong></span> <span class='ocrx_word' id='word_1_128' title='bbox 822 1788 899 1842; x_wconf 90' lang='lat' dir='ltr'><strong>sic</strong></span> <span class='ocrx_word' id='word_1_129' title='bbox 940 1789 1130 1843; x_wconf 72' lang='lat' dir='ltr'><strong>anima:</strong></span> <span class='ocrx_word' id='word_1_130' title='bbox 1158 1789 1404 1844; x_wconf 59' lang='lat' dir='ltr'><strong>Virtutem</strong></span> <span class='ocrx_word' id='word_1_131' title='bbox 1433 1789 1518 1844; x_wconf 87' lang='lat' dir='ltr'><strong>isti</strong></span> <span class='ocrx_word' id='word_1_132' title='bbox 1544 1789 1902 1859; x_wconf 85' lang='lat' dir='ltr'><strong>requirebant,</strong></span> <span class='ocrx_word' id='word_1_133' title='bbox 1952 1797 2004 1842; x_wconf 88' lang='lat' dir='ltr'><strong>et</strong></span> 
     </span>
    </p>
   </div>
   <div class='ocr_carea' id='block_1_19' title="bbox 415 1876 2002 1949">
    <p class='ocr_par' dir='ltr' id='par_1_19' title="bbox 415 1876 2002 1949">
     <span class='ocr_line' id='line_1_19' title="bbox 415 1876 2002 1949; baseline -0.001 -18"><span class='ocrx_word' id='word_1_134' title='bbox 415 1877 702 1947; x_wconf 76' lang='lat' dir='ltr'><strong>diligenter</strong></span> <span class='ocrx_word' id='word_1_135' title='bbox 743 1877 976 1946; x_wconf 55' lang='lat' dir='ltr'><strong>quaesitis</strong></span> <span class='ocrx_word' id='word_1_136' title='bbox 1005 1878 1103 1932; x_wconf 85' lang='lat' dir='ltr'><strong>sibi</strong></span> <span class='ocrx_word' id='word_1_137' title='bbox 1135 1877 1495 1946; x_wconf 86' lang='lat' dir='ltr'><strong>familiaribus,</strong></span> <span class='ocrx_word' id='word_1_138' title='bbox 1524 1878 1663 1949; x_wconf 88' lang='lat' dir='ltr'><strong>apud</strong></span> <span class='ocrx_word' id='word_1_139' title='bbox 1690 1893 1782 1933; x_wconf 89' lang='lat' dir='ltr'><strong>eos</strong></span> <span class='ocrx_word' id='word_1_140' title='bbox 1819 1876 2002 1933; x_wconf 80' lang='lat' dir='ltr'><strong>diver-</strong></span> 
     </span>
    </p>
   </div>
   <div class='ocr_carea' id='block_1_20' title="bbox 415 1966 2003 2038">
    <p class='ocr_par' dir='ltr' id='par_1_20' title="bbox 415 1966 2003 2038">
     <span class='ocr_line' id='line_1_20' title="bbox 415 1966 2003 2038; baseline 0.001 -18"><span class='ocrx_word' id='word_1_141' title='bbox 415 1967 626 2022; x_wconf 78' lang='lat' dir='ltr'><strong>tebant.</strong></span> <span class='ocrx_word' id='word_1_142' title='bbox 661 1966 790 2022; x_wconf 86' lang='lat' dir='ltr'><strong>Nam</strong></span> <span class='ocrx_word' id='word_1_143' title='bbox 818 1974 873 2021; x_wconf 91' lang='lat' dir='ltr'><strong>et</strong></span> <span class='ocrx_word' id='word_1_144' title='bbox 901 1982 927 2020; x_wconf 90' lang='lat' dir='ltr'><strong>a</strong></span> <span class='ocrx_word' id='word_1_145' title='bbox 961 1967 1176 2023; x_wconf 83' lang='lat' dir='ltr'><strong>Christo</strong></span> <span class='ocrx_word' id='word_1_146' title='bbox 1201 1968 1302 2021; x_wconf 88' lang='lat' dir='ltr'><strong>lata</strong></span> <span class='ocrx_word' id='word_1_147' title='bbox 1333 1969 1415 2022; x_wconf 84' lang='lat' dir='ltr'><strong>lex</strong></span> <span class='ocrx_word' id='word_1_148' title='bbox 1443 1979 1557 2024; x_wconf 90' lang='lat' dir='ltr'><strong>erat</strong></span> <span class='ocrx_word' id='word_1_149' title='bbox 1579 1985 1696 2038; x_wconf 75' lang='lat' dir='ltr'><strong>qua:</strong></span> <span class='ocrx_word' id='word_1_150' title='bbox 1721 1968 1823 2022; x_wconf 89' lang='lat' dir='ltr'><strong>hoc</strong></span> <span class='ocrx_word' id='word_1_151' title='bbox 1845 1967 2003 2037; x_wconf 90' lang='lat' dir='ltr'><strong>jube-</strong></span> 
     </span>
    </p>
   </div>
   <div class='ocr_carea' id='block_1_21' title="bbox 427 2056 2004 2128">
    <p class='ocr_par' dir='ltr' id='par_1_21' title="bbox 427 2056 2004 2128">
     <span class='ocr_line' id='line_1_21' title="bbox 427 2056 2004 2128; baseline 0 -20"><span class='ocrx_word' id='word_1_152' title='bbox 427 2058 536 2110; x_wconf 87' lang='lat' dir='ltr'><strong>hat.</strong></span> <span class='ocrx_word' id='word_1_153' title='bbox 556 2056 619 2110; x_wconf 86' lang='lat' dir='ltr'><strong>In</strong></span> <span class='ocrx_word' id='word_1_154' title='bbox 635 2073 996 2126; x_wconf 82' lang='lat' dir='ltr'><strong>quamcumque</strong></span> <span class='ocrx_word' id='word_1_155' title='bbox 1010 2057 1173 2124; x_wconf 90' lang='lat' dir='ltr'><strong>enim,</strong></span> <span class='ocrx_word' id='word_1_156' title='bbox 1203 2057 1390 2128; x_wconf 89' lang='lat' dir='ltr'><strong>inquit,</strong></span> <span class='ocrx_word' id='word_1_157' title='bbox 1413 2059 1658 2112; x_wconf 81' lang='lat' dir='ltr'><strong>civitatem</strong></span> <span class='ocrx_word' id='word_1_158' title='bbox 1685 2068 1773 2111; x_wconf 87' lang='lat' dir='ltr'><strong>aut</strong></span> <span class='ocrx_word' id='word_1_159' title='bbox 1801 2057 2004 2111; x_wconf 84' lang='lat' dir='ltr'><strong>domum</strong></span> 
     </span>
    </p>
   </div>
   <div class='ocr_carea' id='block_1_22' title="bbox 421 2147 2006 2221">
    <p class='ocr_par' dir='ltr' id='par_1_22' title="bbox 421 2147 2006 2221">
     <span class='ocr_line' id='line_1_22' title="bbox 421 2147 2006 2221; baseline -0.001 -20"><span class='ocrx_word' id='word_1_160' title='bbox 421 2150 759 2216; x_wconf 58' lang='lat' dir='ltr'><strong>introiret-itis,</strong></span> <span class='ocrx_word' id='word_1_161' title='bbox 791 2150 1112 2221; x_wconf 78' lang='lat' dir='ltr'><strong>interrogate,</strong></span> <span class='ocrx_word' id='word_1_162' title='bbox 1147 2150 1259 2220; x_wconf 87' lang='lat' dir='ltr'><strong>quis</strong></span> <span class='ocrx_word' id='word_1_163' title='bbox 1293 2151 1348 2203; x_wconf 85' lang='lat' dir='ltr'><strong>in</strong></span> <span class='ocrx_word' id='word_1_164' title='bbox 1401 2166 1460 2204; x_wconf 86' lang='lat' dir='ltr'><strong>ea</strong></span> <span class='ocrx_word' id='word_1_165' title='bbox 1505 2150 1691 2221; x_wconf 82' lang='lat' dir='ltr'><strong>dignus</strong></span> <span class='ocrx_word' id='word_1_166' title='bbox 1733 2150 1817 2215; x_wconf 89' lang='lat' dir='ltr'><strong>sit,</strong></span> <span class='ocrx_word' id='word_1_167' title='bbox 1858 2157 1904 2203; x_wconf 89' lang='lat' dir='ltr'><strong>et</strong></span> <span class='ocrx_word' id='word_1_168' title='bbox 1935 2147 2006 2200; x_wconf 86' lang='lat' dir='ltr'><strong>ibi</strong></span> 
     </span>
    </p>
   </div>
   <div class='ocr_carea' id='block_1_23' title="bbox 425 2239 2002 2312">
    <p class='ocr_par' dir='ltr' id='par_1_23' title="bbox 425 2239 2002 2312">
     <span class='ocr_line' id='line_1_23' title="bbox 425 2239 2002 2312; baseline -0.001 -18"><span class='ocrx_word' id='word_1_169' title='bbox 425 2250 620 2295; x_wconf 70' lang='lat' dir='ltr'><strong>maele</strong></span> <span class='ocrx_word' id='word_1_170' title='bbox 652 2239 811 2312; x_wconf 85' lang='lat' dir='ltr'><strong>(Luc.</strong></span> <span class='ocrx_word' id='word_1_171' title='bbox 842 2239 895 2296; x_wconf 89' lang='lat'><strong>9.</strong></span> <span class='ocrx_word' id='word_1_172' title='bbox 928 2241 1019 2312; x_wconf 74' lang='grc'><strong>4).</strong></span> <span class='ocrx_word' id='word_1_173' title='bbox 1052 2239 1216 2311; x_wconf 81' lang='lat' dir='ltr'><strong>igitur</strong></span> <span class='ocrx_word' id='word_1_174' title='bbox 1257 2241 1422 2296; x_wconf 89' lang='lat' dir='ltr'><strong>Paulo</strong></span> <span class='ocrx_word' id='word_1_175' title='bbox 1465 2241 1607 2312; x_wconf 80' lang='lat' dir='ltr'><strong>digiti</strong></span> <span class='ocrx_word' id='word_1_176' title='bbox 1661 2249 1815 2297; x_wconf 89' lang='lat' dir='ltr'><strong>erant</strong></span> <span class='ocrx_word' id='word_1_177' title='bbox 1858 2240 1944 2295; x_wconf 84' lang='lat' dir='ltr'><strong>isti</strong></span> <span class='ocrx_word' id='word_1_178' title='bbox 1986 2255 2002 2293; x_wconf 89' lang='lat'><strong>:</strong></span> 
     </span>
    </p>
   </div>
   <div class='ocr_carea' id='block_1_24' title="bbox 423 2333 2008 2406">
    <p class='ocr_par' dir='ltr' id='par_1_24' title="bbox 423 2333 2008 2406">
     <span class='ocr_line' id='line_1_24' title="bbox 423 2333 2008 2406; baseline 0.003 -22"><span class='ocrx_word' id='word_1_179' title='bbox 423 2333 566 2400; x_wconf 91' lang='lat' dir='ltr'><strong>quod</strong></span> <span class='ocrx_word' id='word_1_180' title='bbox 597 2335 639 2387; x_wconf 91' lang='lat' dir='ltr'><strong>si</strong></span> <span class='ocrx_word' id='word_1_181' title='bbox 667 2333 851 2399; x_wconf 86' lang='lat' dir='ltr'><strong>Paulo,</strong></span> <span class='ocrx_word' id='word_1_182' title='bbox 880 2333 1082 2403; x_wconf 89' lang='lat' dir='ltr'><strong>angelis</strong></span> <span class='ocrx_word' id='word_1_183' title='bbox 1107 2342 1261 2388; x_wconf 89' lang='lat' dir='ltr'><strong>erant</strong></span> <span class='ocrx_word' id='word_1_184' title='bbox 1285 2333 1448 2404; x_wconf 91' lang='lat' dir='ltr'><strong>digni.</strong></span> <span class='ocrx_word' id='word_1_185' title='bbox 1481 2333 1595 2406; x_wconf 86' lang='lat' dir='ltr'><strong>Ego</strong></span> <span class='ocrx_word' id='word_1_186' title='bbox 1624 2349 1752 2390; x_wconf 75' lang='lat' dir='ltr'><strong>vero</strong></span> <span class='ocrx_word' id='word_1_187' title='bbox 1776 2334 2008 2399; x_wconf 79' lang='lat' dir='ltr'><strong>domun-</strong></span> 
     </span>
    </p>
   </div>
   <div class='ocr_carea' id='block_1_25' title="bbox 421 2423 2004 2498">
    <p class='ocr_par' dir='ltr' id='par_1_25' title="bbox 421 2423 2004 2498">
     <span class='ocr_line' id='line_1_25' title="bbox 421 2423 2004 2498; baseline 0.004 -22"><span class='ocrx_word' id='word_1_188' title='bbox 421 2423 598 2477; x_wconf 88' lang='lat' dir='ltr'><strong>culam</strong></span> <span class='ocrx_word' id='word_1_189' title='bbox 627 2423 767 2477; x_wconf 86' lang='lat' dir='ltr'><strong>illam</strong></span> <span class='ocrx_word' id='word_1_190' title='bbox 794 2431 848 2477; x_wconf 93' lang='lat' dir='ltr'><strong>et</strong></span> <span class='ocrx_word' id='word_1_191' title='bbox 873 2423 1060 2478; x_wconf 66' lang='lat' dir='ltr'><strong>caelum</strong></span> <span class='ocrx_word' id='word_1_192' title='bbox 1085 2431 1139 2479; x_wconf 90' lang='lat' dir='ltr'><strong>et</strong></span> <span class='ocrx_word' id='word_1_193' title='bbox 1165 2423 1456 2478; x_wconf 84' lang='lat' dir='ltr'><strong>Ecclesiatn</strong></span> <span class='ocrx_word' id='word_1_194' title='bbox 1479 2423 1735 2480; x_wconf 82' lang='lat' dir='ltr'><strong>audacter</strong></span> <span class='ocrx_word' id='word_1_195' title='bbox 1759 2428 2004 2498; x_wconf 87' lang='lat' dir='ltr'><strong>appella-</strong></span> 
     </span>
    </p>
   </div>
   <div class='ocr_carea' id='block_1_26' title="bbox 421 2513 2002 2578">
    <p class='ocr_par' dir='ltr' id='par_1_26' title="bbox 421 2513 2002 2578">
     <span class='ocr_line' id='line_1_26' title="bbox 421 2513 2002 2578; baseline 0.004 -12"><span class='ocrx_word' id='word_1_196' title='bbox 421 2514 550 2567; x_wconf 72' lang='lat' dir='ltr'><strong>rim.</strong></span> <span class='ocrx_word' id='word_1_197' title='bbox 574 2513 674 2569; x_wconf 87' lang='lat' dir='ltr'><strong>Ubi</strong></span> <span class='ocrx_word' id='word_1_198' title='bbox 721 2515 863 2568; x_wconf 86' lang='lat' dir='ltr'><strong>enim</strong></span> <span class='ocrx_word' id='word_1_199' title='bbox 895 2513 1086 2568; x_wconf 85' lang='lat' dir='ltr'><strong>Paulus</strong></span> <span class='ocrx_word' id='word_1_200' title='bbox 1109 2522 1247 2578; x_wconf 89' lang='lat' dir='ltr'><strong>erat,</strong></span> <span class='ocrx_word' id='word_1_201' title='bbox 1277 2513 1346 2568; x_wconf 88' lang='lat' dir='ltr'><strong>ibi</strong></span> <span class='ocrx_word' id='word_1_202' title='bbox 1383 2515 1542 2568; x_wconf 88' lang='lat' dir='ltr'><strong>etiam</strong></span> <span class='ocrx_word' id='word_1_203' title='bbox 1571 2513 1816 2570; x_wconf 83' lang='lat' dir='ltr'><strong>Christus</strong></span> <span class='ocrx_word' id='word_1_204' title='bbox 1842 2526 1962 2572; x_wconf 90' lang='lat' dir='ltr'><strong>erat</strong></span> <span class='ocrx_word' id='word_1_205' title='bbox 1989 2536 2002 2573; x_wconf 91' lang='lat'><em>:</em></span> 
     </span>
    </p>
   </div>
   <div class='ocr_carea' id='block_1_27' title="bbox 428 2602 2004 2675">
    <p class='ocr_par' dir='ltr' id='par_1_27' title="bbox 428 2602 2004 2675">
     <span class='ocr_line' id='line_1_27' title="bbox 428 2602 2004 2675; baseline 0.004 -20"><span class='ocrx_word' id='word_1_206' title='bbox 428 2605 506 2655; x_wconf 77' lang='lat' dir='ltr'><strong>An</strong></span> <span class='ocrx_word' id='word_1_207' title='bbox 547 2603 958 2672; x_wconf 75' lang='lat' dir='ltr'><strong>experimentum,</strong></span> <span class='ocrx_word' id='word_1_208' title='bbox 1011 2602 1200 2672; x_wconf 87' lang='lat' dir='ltr'><strong>inquit,</strong></span> <span class='ocrx_word' id='word_1_209' title='bbox 1250 2604 1476 2673; x_wconf 65' lang='lat' dir='ltr'><strong>quarritis</strong></span> <span class='ocrx_word' id='word_1_210' title='bbox 1525 2605 1652 2674; x_wconf 86' lang='lat' dir='ltr'><strong>ejus,</strong></span> <span class='ocrx_word' id='word_1_211' title='bbox 1703 2606 1789 2675; x_wconf 71' lang='lat' dir='ltr'><strong>qui</strong></span> <span class='ocrx_word' id='word_1_212' title='bbox 1835 2607 1887 2661; x_wconf 88' lang='lat' dir='ltr'><strong>in</strong></span> <span class='ocrx_word' id='word_1_213' title='bbox 1923 2625 2004 2663; x_wconf 89' lang='lat' dir='ltr'><strong>me</strong></span> 
     </span>
    </p>
   </div>
   <div class='ocr_carea' id='block_1_28' title="bbox 425 2693 2006 2766">
    <p class='ocr_par' dir='ltr' id='par_1_28' title="bbox 425 2693 2006 2766">
     <span class='ocr_line' id='line_1_28' title="bbox 425 2693 2006 2766; baseline 0.004 -17"><span class='ocrx_word' id='word_1_214' title='bbox 425 2697 669 2766; x_wconf 71' lang='lat' dir='ltr'><strong>loquitur,</strong></span> <span class='ocrx_word' id='word_1_215' title='bbox 692 2694 878 2750; x_wconf 76' lang='lat' dir='ltr'><strong>Christi</strong></span> <span class='ocrx_word' id='word_1_216' title='bbox 903 2694 992 2766; x_wconf 74' lang='lat'><strong>(2.</strong></span> <span class='ocrx_word' id='word_1_217' title='bbox 1033 2693 1150 2749; x_wconf 88' lang='lat' dir='ltr'><strong>Cor.</strong></span> <span class='ocrx_word' id='word_1_218' title='bbox 1181 2695 1269 2750; x_wconf 75' lang='grc'><strong>15.</strong></span> <span class='ocrx_word' id='word_1_219' title='bbox 1291 2695 1326 2750; x_wconf 77' lang='grc'><strong>5</strong></span> <span class='ocrx_word' id='word_1_220' title='bbox 1349 2694 1406 2765; x_wconf 73' lang='grc' dir='ltr'><strong>)ἳ</strong></span> <span class='ocrx_word' id='word_1_221' title='bbox 1429 2694 1531 2751; x_wconf 79' lang='lat' dir='ltr'><strong>Ubi</strong></span> <span class='ocrx_word' id='word_1_222' title='bbox 1559 2705 1737 2751; x_wconf 89' lang='lat' dir='ltr'><strong>autem</strong></span> <span class='ocrx_word' id='word_1_223' title='bbox 1767 2694 2006 2755; x_wconf 78' lang='lat' dir='ltr'><strong>Christus</strong></span> 
     </span>
    </p>
   </div>
   <div class='ocr_carea' id='block_1_29' title="bbox 420 2786 1789 2856">
    <p class='ocr_par' dir='ltr' id='par_1_29' title="bbox 420 2786 1789 2856">
     <span class='ocr_line' id='line_1_29' title="bbox 420 2786 1789 2856; baseline 0.001 -16"><span class='ocrx_word' id='word_1_224' title='bbox 420 2795 563 2850; x_wconf 76' lang='lat' dir='ltr'><strong>erat,</strong></span> <span class='ocrx_word' id='word_1_225' title='bbox 591 2787 715 2840; x_wconf 92' lang='lat' dir='ltr'><strong>illuc</strong></span> <span class='ocrx_word' id='word_1_226' title='bbox 742 2789 900 2840; x_wconf 82' lang='lat' dir='ltr'><strong>etiam</strong></span> <span class='ocrx_word' id='word_1_227' title='bbox 923 2787 1225 2856; x_wconf 85' lang='lat' dir='ltr'><strong>frequenter</strong></span> <span class='ocrx_word' id='word_1_228' title='bbox 1244 2786 1418 2856; x_wconf 81' lang='lat' dir='ltr'><strong>angeli</strong></span> <span class='ocrx_word' id='word_1_229' title='bbox 1447 2787 1789 2844; x_wconf 84' lang='lat' dir='ltr'><strong>ventilabam.</strong></span> 
     </span>
    </p>
   </div>
   <div class='ocr_carea' id='block_1_30' title="bbox 498 2875 2008 2942">
    <p class='ocr_par' dir='ltr' id='par_1_30' title="bbox 498 2875 2008 2942">
     <span class='ocr_line' id='line_1_30' title="bbox 498 2875 2008 2942; baseline 0.002 -10"><span class='ocrx_word' id='word_1_230' title='bbox 498 2876 803 2932; x_wconf 84' lang='lat' dir='ltr'><strong>Sanctorum</strong></span> <span class='ocrx_word' id='word_1_231' title='bbox 827 2891 927 2930; x_wconf 87' lang='lat' dir='ltr'><strong>non</strong></span> <span class='ocrx_word' id='word_1_232' title='bbox 954 2875 1116 2930; x_wconf 86' lang='lat' dir='ltr'><strong>oratio</strong></span> <span class='ocrx_word' id='word_1_233' title='bbox 1141 2885 1333 2930; x_wconf 80' lang='lat' dir='ltr'><strong>tantum</strong></span> <span class='ocrx_word' id='word_1_234' title='bbox 1351 2917 1365 2942; x_wconf 95' lang='lat'><strong>,</strong></span> <span class='ocrx_word' id='word_1_235' title='bbox 1399 2877 1487 2932; x_wconf 84' lang='lat' dir='ltr'><strong>sed</strong></span> <span class='ocrx_word' id='word_1_236' title='bbox 1516 2887 1565 2932; x_wconf 87' lang='lat' dir='ltr'><strong>et</strong></span> <span class='ocrx_word' id='word_1_237' title='bbox 1605 2878 1707 2932; x_wconf 78' lang='lat' dir='ltr'><strong>vita</strong></span> <span class='ocrx_word' id='word_1_238' title='bbox 1741 2879 1906 2934; x_wconf 81' lang='lat' dir='ltr'><strong>docet.</strong></span> <span class='ocrx_word' id='word_1_239' title='bbox 1936 2911 2008 2922; x_wconf 94' lang='lat'><strong><em>—</em></strong></span> 
     </span>
    </p>
   </div>
   <div class='ocr_carea' id='block_1_31' title="bbox 423 2966 2007 3036">
    <p class='ocr_par' dir='ltr' id='par_1_31' title="bbox 423 2966 2007 3036">
     <span class='ocr_line' id='line_1_31' title="bbox 423 2966 2007 3036; baseline 0.004 -15"><span class='ocrx_word' id='word_1_240' title='bbox 423 2968 595 3021; x_wconf 83' lang='lat' dir='ltr'><strong>Porro</strong></span> <span class='ocrx_word' id='word_1_241' title='bbox 619 2966 708 3036; x_wconf 89' lang='lat' dir='ltr'><strong>qui</strong></span> <span class='ocrx_word' id='word_1_242' title='bbox 736 2967 942 3036; x_wconf 89' lang='lat' dir='ltr'><strong>seipsos</strong></span> <span class='ocrx_word' id='word_1_243' title='bbox 967 2976 1124 3023; x_wconf 85' lang='lat' dir='ltr'><strong>antea</strong></span> <span class='ocrx_word' id='word_1_244' title='bbox 1154 2966 1301 3022; x_wconf 86' lang='lat' dir='ltr'><strong>Pauli</strong></span> <span class='ocrx_word' id='word_1_245' title='bbox 1342 2968 1487 3024; x_wconf 90' lang='lat' dir='ltr'><strong>cultu</strong></span> <span class='ocrx_word' id='word_1_246' title='bbox 1513 2984 1576 3024; x_wconf 88' lang='lat' dir='ltr'><strong>ac</strong></span> <span class='ocrx_word' id='word_1_247' title='bbox 1606 2970 1904 3028; x_wconf 89' lang='lat' dir='ltr'><strong>ministerio</strong></span> <span class='ocrx_word' id='word_1_248' title='bbox 1921 2973 2007 3028; x_wconf 86' lang='lat' dir='ltr'><strong>di-</strong></span> 
     </span>
    </p>
   </div>
   <div class='ocr_carea' id='block_1_32' title="bbox 421 3059 2004 3130">
    <p class='ocr_par' dir='ltr' id='par_1_32' title="bbox 421 3059 2004 3130">
     <span class='ocr_line' id='line_1_32' title="bbox 421 3059 2004 3130; baseline 0.005 -17"><span class='ocrx_word' id='word_1_249' title='bbox 421 3073 557 3128; x_wconf 85' lang='lat' dir='ltr'><strong>gnos</strong></span> <span class='ocrx_word' id='word_1_250' title='bbox 587 3059 940 3129; x_wconf 83' lang='lat' dir='ltr'><strong>praebuerant,</strong></span> <span class='ocrx_word' id='word_1_251' title='bbox 969 3060 1140 3130; x_wconf 88' lang='lat' dir='ltr'><strong>cogita</strong></span> <span class='ocrx_word' id='word_1_252' title='bbox 1161 3059 1343 3130; x_wconf 82' lang='lat' dir='ltr'><strong>quales</strong></span> <span class='ocrx_word' id='word_1_253' title='bbox 1369 3070 1669 3130; x_wconf 84' lang='lat' dir='ltr'><strong>evaserant,</strong></span> <span class='ocrx_word' id='word_1_254' title='bbox 1696 3063 1821 3118; x_wconf 90' lang='lat' dir='ltr'><strong>dum</strong></span> <span class='ocrx_word' id='word_1_255' title='bbox 1852 3065 2004 3121; x_wconf 89' lang='lat' dir='ltr'><strong>annis</strong></span> 
     </span>
    </p>
   </div>
   <div class='ocr_carea' id='block_1_33' title="bbox 363 3149 2009 3222">
    <p class='ocr_par' dir='ltr' id='par_1_33' title="bbox 363 3149 2009 3222">
     <span class='ocr_line' id='line_1_33' title="bbox 363 3149 2009 3222; baseline 0.004 -19"><span class='ocrx_word' id='word_1_256' title='bbox 363 3159 370 3165; x_wconf 85' lang='lat'><strong>&#39;</strong></span> <span class='ocrx_word' id='word_1_257' title='bbox 418 3150 629 3204; x_wconf 87' lang='lat' dir='ltr'><strong>duobus</strong></span> <span class='ocrx_word' id='word_1_258' title='bbox 652 3165 772 3204; x_wconf 91' lang='lat' dir='ltr'><strong>cum</strong></span> <span class='ocrx_word' id='word_1_259' title='bbox 804 3150 894 3204; x_wconf 93' lang='lat' dir='ltr'><strong>illo</strong></span> <span class='ocrx_word' id='word_1_260' title='bbox 923 3149 1199 3218; x_wconf 87' lang='lat' dir='ltr'><strong>degerent,</strong></span> <span class='ocrx_word' id='word_1_261' title='bbox 1227 3159 1279 3204; x_wconf 89' lang='lat' dir='ltr'><strong>et</strong></span> <span class='ocrx_word' id='word_1_262' title='bbox 1310 3150 1547 3205; x_wconf 84' lang='lat' dir='ltr'><strong>habitum</strong></span> <span class='ocrx_word' id='word_1_263' title='bbox 1567 3151 1715 3222; x_wconf 89' lang='lat' dir='ltr'><strong>ejus,</strong></span> <span class='ocrx_word' id='word_1_264' title='bbox 1749 3161 1802 3209; x_wconf 90' lang='lat' dir='ltr'><strong>et</strong></span> <span class='ocrx_word' id='word_1_265' title='bbox 1840 3153 2009 3211; x_wconf 86' lang='lat' dir='ltr'><strong>inces-</strong></span> 
     </span>
    </p>
   </div>
   <div class='ocr_carea' id='block_1_34' title="bbox 418 3241 2000 3315">
    <p class='ocr_par' dir='ltr' id='par_1_34' title="bbox 418 3241 2000 3315">
     <span class='ocr_line' id='line_1_34' title="bbox 418 3241 2000 3315; baseline 0.003 -21"><span class='ocrx_word' id='word_1_266' title='bbox 418 3256 540 3294; x_wconf 84' lang='lat' dir='ltr'><strong>sum</strong></span> <span class='ocrx_word' id='word_1_267' title='bbox 569 3249 624 3295; x_wconf 90' lang='lat' dir='ltr'><strong>et</strong></span> <span class='ocrx_word' id='word_1_268' title='bbox 650 3250 959 3311; x_wconf 86' lang='lat' dir='ltr'><strong>aspectum,</strong></span> <span class='ocrx_word' id='word_1_269' title='bbox 983 3249 1036 3296; x_wconf 90' lang='lat' dir='ltr'><strong>et</strong></span> <span class='ocrx_word' id='word_1_270' title='bbox 1064 3241 1288 3295; x_wconf 89' lang='lat' dir='ltr'><strong>vestium</strong></span> <span class='ocrx_word' id='word_1_271' title='bbox 1319 3241 1533 3296; x_wconf 89' lang='lat' dir='ltr'><strong>modum</strong></span> <span class='ocrx_word' id='word_1_272' title='bbox 1554 3283 1569 3308; x_wconf 90' lang='lat'><strong>,</strong></span> <span class='ocrx_word' id='word_1_273' title='bbox 1600 3251 1653 3297; x_wconf 91' lang='lat' dir='ltr'><strong>et</strong></span> <span class='ocrx_word' id='word_1_274' title='bbox 1698 3244 2000 3315; x_wconf 79' lang='lat' dir='ltr'><strong>ingressus,</strong></span> 
     </span>
    </p>
   </div>
   <div class='ocr_carea' id='block_1_35' title="bbox 415 3331 2000 3403">
    <p class='ocr_par' dir='ltr' id='par_1_35' title="bbox 415 3331 2000 3403">
     <span class='ocr_line' id='line_1_35' title="bbox 415 3331 2000 3403; baseline 0.003 -17"><span class='ocrx_word' id='word_1_275' title='bbox 415 3342 477 3386; x_wconf 84' lang='lat' dir='ltr'><strong>ct</strong></span> <span class='ocrx_word' id='word_1_276' title='bbox 502 3346 748 3401; x_wconf 82' lang='lat' dir='ltr'><strong>egressus</strong></span> <span class='ocrx_word' id='word_1_277' title='bbox 767 3371 782 3396; x_wconf 87' lang='lat'><strong>,</strong></span> <span class='ocrx_word' id='word_1_278' title='bbox 816 3339 877 3386; x_wconf 86' lang='lat' dir='ltr'><strong>et</strong></span> <span class='ocrx_word' id='word_1_279' title='bbox 906 3331 1008 3386; x_wconf 86' lang='lat' dir='ltr'><strong>alia</strong></span> <span class='ocrx_word' id='word_1_280' title='bbox 1035 3341 1223 3386; x_wconf 89' lang='lat' dir='ltr'><strong>cuncta</strong></span> <span class='ocrx_word' id='word_1_281' title='bbox 1249 3331 1614 3386; x_wconf 82' lang='lat' dir='ltr'><strong>observarent.</strong></span> <span class='ocrx_word' id='word_1_282' title='bbox 1647 3332 1916 3403; x_wconf 87' lang='lat' dir='ltr'><strong>Siquidem</strong></span> <span class='ocrx_word' id='word_1_283' title='bbox 1949 3335 2000 3390; x_wconf 89' lang='lat' dir='ltr'><strong>in</strong></span> 
     </span>
    </p>
   </div>
   <div class='ocr_carea' id='block_1_36' title="bbox 421 3424 2004 3492">
    <p class='ocr_par' dir='ltr' id='par_1_36' title="bbox 421 3424 2004 3492">
     <span class='ocr_line' id='line_1_36' title="bbox 421 3424 2004 3492; baseline 0.002 -15"><span class='ocrx_word' id='word_1_284' title='bbox 421 3425 620 3478; x_wconf 82' lang='lat' dir='ltr'><strong>sanctis</strong></span> <span class='ocrx_word' id='word_1_285' title='bbox 645 3439 748 3478; x_wconf 91' lang='lat' dir='ltr'><strong>non</strong></span> <span class='ocrx_word' id='word_1_286' title='bbox 777 3424 934 3480; x_wconf 89' lang='lat' dir='ltr'><strong>verba</strong></span> <span class='ocrx_word' id='word_1_287' title='bbox 960 3432 1185 3490; x_wconf 87' lang='lat' dir='ltr'><strong>tantum,</strong></span> <span class='ocrx_word' id='word_1_288' title='bbox 1216 3439 1387 3492; x_wconf 89' lang='lat' dir='ltr'><strong>neque</strong></span> <span class='ocrx_word' id='word_1_289' title='bbox 1414 3424 1654 3480; x_wconf 86' lang='lat' dir='ltr'><strong>doctrina</strong></span> <span class='ocrx_word' id='word_1_290' title='bbox 1680 3435 1733 3481; x_wconf 89' lang='lat' dir='ltr'><strong>et</strong></span> <span class='ocrx_word' id='word_1_291' title='bbox 1759 3425 2004 3482; x_wconf 90' lang='lat' dir='ltr'><strong>cohorta-</strong></span> 
     </span>
    </p>
   </div>
   <div class='ocr_carea' id='block_1_37' title="bbox 415 3513 2002 3582">
    <p class='ocr_par' dir='ltr' id='par_1_37' title="bbox 415 3513 2002 3582">
     <span class='ocr_line' id='line_1_37' title="bbox 415 3513 2002 3582; baseline 0.004 -15"><span class='ocrx_word' id='word_1_292' title='bbox 415 3515 598 3568; x_wconf 70' lang='lat' dir='ltr'><strong>tiones</strong></span> <span class='ocrx_word' id='word_1_293' title='bbox 615 3555 630 3578; x_wconf 87' lang='lat'><strong>,</strong></span> <span class='ocrx_word' id='word_1_294' title='bbox 661 3513 754 3568; x_wconf 92' lang='lat' dir='ltr'><strong>sed</strong></span> <span class='ocrx_word' id='word_1_295' title='bbox 783 3521 838 3568; x_wconf 86' lang='lat' dir='ltr'><strong>et</strong></span> <span class='ocrx_word' id='word_1_296' title='bbox 880 3514 1078 3582; x_wconf 88' lang='lat' dir='ltr'><strong>reliqua</strong></span> <span class='ocrx_word' id='word_1_297' title='bbox 1105 3516 1281 3568; x_wconf 87' lang='lat' dir='ltr'><strong>omnis</strong></span> <span class='ocrx_word' id='word_1_298' title='bbox 1307 3516 1429 3568; x_wconf 77' lang='lat' dir='ltr'><strong>vitte</strong></span> <span class='ocrx_word' id='word_1_299' title='bbox 1453 3516 1789 3572; x_wconf 87' lang='lat' dir='ltr'><strong>conversatio</strong></span> <span class='ocrx_word' id='word_1_300' title='bbox 1818 3517 1882 3572; x_wconf 85' lang='lat' dir='ltr'><strong>ad</strong></span> <span class='ocrx_word' id='word_1_301' title='bbox 1909 3533 2002 3574; x_wconf 88' lang='lat' dir='ltr'><strong>eos</strong></span> 
     </span>
    </p>
   </div>
   <div class='ocr_carea' id='block_1_38' title="bbox 419 3601 2001 3675">
    <p class='ocr_par' dir='ltr' id='par_1_38' title="bbox 419 3601 2001 3675">
     <span class='ocr_line' id='line_1_38' title="bbox 419 3601 2001 3675; baseline 0.003 -18"><span class='ocrx_word' id='word_1_302' title='bbox 419 3604 476 3657; x_wconf 84' lang='lat' dir='ltr'><strong>in</strong></span> <span class='ocrx_word' id='word_1_303' title='bbox 503 3603 833 3672; x_wconf 82' lang='lat' dir='ltr'><strong>philosOphia</strong></span> <span class='ocrx_word' id='word_1_304' title='bbox 867 3601 1060 3658; x_wconf 88' lang='lat' dir='ltr'><strong>sufficit</strong></span> <span class='ocrx_word' id='word_1_305' title='bbox 1097 3602 1418 3660; x_wconf 89' lang='lat' dir='ltr'><strong>erudiendos</strong></span> <span class='ocrx_word' id='word_1_306' title='bbox 1442 3645 1456 3670; x_wconf 94' lang='lat'><strong>,</strong></span> <span class='ocrx_word' id='word_1_307' title='bbox 1481 3604 1569 3675; x_wconf 92' lang='lat' dir='ltr'><strong>qui</strong></span> <span class='ocrx_word' id='word_1_308' title='bbox 1594 3605 1793 3661; x_wconf 89' lang='lat' dir='ltr'><strong>fuerint</strong></span> <span class='ocrx_word' id='word_1_309' title='bbox 1825 3615 2001 3662; x_wconf 85' lang='lat' dir='ltr'><strong>atten-</strong></span> 
     </span>
    </p>
   </div>
   <div class='ocr_carea' id='block_1_39' title="bbox 416 3692 2002 3765">
    <p class='ocr_par' dir='ltr' id='par_1_39' title="bbox 416 3692 2002 3765">
     <span class='ocr_line' id='line_1_39' title="bbox 416 3692 2002 3765; baseline 0.006 -21"><span class='ocrx_word' id='word_1_310' title='bbox 416 3693 605 3747; x_wconf 85' lang='lat' dir='ltr'><strong>tiores.</strong></span> <span class='ocrx_word' id='word_1_311' title='bbox 632 3692 820 3747; x_wconf 82' lang='lat' dir='ltr'><strong>Veniat</strong></span> <span class='ocrx_word' id='word_1_312' title='bbox 846 3693 936 3748; x_wconf 90' lang='lat' dir='ltr'><strong>tibi</strong></span> <span class='ocrx_word' id='word_1_313' title='bbox 967 3694 1020 3747; x_wconf 92' lang='lat' dir='ltr'><strong>in</strong></span> <span class='ocrx_word' id='word_1_314' title='bbox 1049 3701 1282 3749; x_wconf 83' lang='lat' dir='ltr'><strong>mentem</strong></span> <span class='ocrx_word' id='word_1_315' title='bbox 1308 3693 1462 3765; x_wconf 82' lang='lat' dir='ltr'><strong>quale</strong></span> <span class='ocrx_word' id='word_1_316' title='bbox 1483 3704 1630 3751; x_wconf 89' lang='lat' dir='ltr'><strong>esset</strong></span> <span class='ocrx_word' id='word_1_317' title='bbox 1652 3697 1870 3754; x_wconf 88' lang='lat' dir='ltr'><strong>Paulum</strong></span> <span class='ocrx_word' id='word_1_318' title='bbox 1893 3714 2002 3753; x_wconf 85' lang='lat' dir='ltr'><strong>cer-</strong></span> 
     </span>
    </p>
   </div>
   <div class='ocr_carea' id='block_1_40' title="bbox 422 3782 1999 3856">
    <p class='ocr_par' dir='ltr' id='par_1_40' title="bbox 422 3782 1999 3856">
     <span class='ocr_line' id='line_1_40' title="bbox 422 3782 1999 3856; baseline 0.005 -20"><span class='ocrx_word' id='word_1_319' title='bbox 422 3797 552 3837; x_wconf 90' lang='lat' dir='ltr'><strong>nere</strong></span> <span class='ocrx_word' id='word_1_320' title='bbox 571 3822 586 3849; x_wconf 90' lang='lat'><strong>,</strong></span> <span class='ocrx_word' id='word_1_321' title='bbox 614 3791 667 3838; x_wconf 89' lang='lat' dir='ltr'><strong>et</strong></span> <span class='ocrx_word' id='word_1_322' title='bbox 688 3782 965 3853; x_wconf 86' lang='lat' dir='ltr'><strong>prandium</strong></span> <span class='ocrx_word' id='word_1_323' title='bbox 997 3791 1294 3839; x_wconf 88' lang='lat' dir='ltr'><strong>sumentem</strong></span> <span class='ocrx_word' id='word_1_324' title='bbox 1313 3827 1328 3853; x_wconf 92' lang='lat'><strong>,</strong></span> <span class='ocrx_word' id='word_1_325' title='bbox 1356 3794 1410 3841; x_wconf 90' lang='lat' dir='ltr'><strong>et</strong></span> <span class='ocrx_word' id='word_1_326' title='bbox 1436 3785 1915 3856; x_wconf 86' lang='lat' dir='ltr'><strong>reprehendentem</strong></span> <span class='ocrx_word' id='word_1_327' title='bbox 1947 3801 1999 3844; x_wconf 91' lang='lat' dir='ltr'><strong>et</strong></span> 
     </span>
    </p>
   </div>
   <div class='ocr_carea' id='block_1_41' title="bbox 417 3872 1996 3947">
    <p class='ocr_par' dir='ltr' id='par_1_41' title="bbox 417 3872 1996 3947">
     <span class='ocr_line' id='line_1_41' title="bbox 417 3872 1996 3947; baseline 0.006 -21"><span class='ocrx_word' id='word_1_328' title='bbox 417 3872 787 3928; x_wconf 89' lang='lat' dir='ltr'><strong>cohortantem</strong></span> <span class='ocrx_word' id='word_1_329' title='bbox 841 3883 895 3928; x_wconf 90' lang='lat' dir='ltr'><strong>et</strong></span> <span class='ocrx_word' id='word_1_330' title='bbox 936 3884 1215 3941; x_wconf 87' lang='lat' dir='ltr'><strong>orantem,</strong></span> <span class='ocrx_word' id='word_1_331' title='bbox 1245 3884 1300 3930; x_wconf 90' lang='lat' dir='ltr'><strong>et</strong></span> <span class='ocrx_word' id='word_1_332' title='bbox 1346 3876 1610 3947; x_wconf 84' lang='lat' dir='ltr'><strong>lacrymas</strong></span> <span class='ocrx_word' id='word_1_333' title='bbox 1658 3877 1996 3946; x_wconf 86' lang='lat' dir='ltr'><strong>fundentem,</strong></span> 
     </span>
    </p>
   </div>
   <div class='ocr_carea' id='block_1_42' title="bbox 421 3963 2000 4038">
    <p class='ocr_par' dir='ltr' id='par_1_42' title="bbox 421 3963 2000 4038">
     <span class='ocr_line' id='line_1_42' title="bbox 421 3963 2000 4038; baseline 0.006 -22"><span class='ocrx_word' id='word_1_334' title='bbox 421 3977 703 4018; x_wconf 76' lang='lat' dir='ltr'><strong>exeuntem</strong></span> <span class='ocrx_word' id='word_1_335' title='bbox 733 3973 788 4018; x_wconf 91' lang='lat' dir='ltr'><strong>et</strong></span> <span class='ocrx_word' id='word_1_336' title='bbox 816 3963 1191 4020; x_wconf 87' lang='lat' dir='ltr'><strong>introeuntem.</strong></span> <span class='ocrx_word' id='word_1_337' title='bbox 1235 3965 1289 4021; x_wconf 90' lang='lat' dir='ltr'><strong>Si</strong></span> <span class='ocrx_word' id='word_1_338' title='bbox 1321 3967 1493 4034; x_wconf 92' lang='lat' dir='ltr'><strong>enim,</strong></span> <span class='ocrx_word' id='word_1_339' title='bbox 1525 3981 1646 4022; x_wconf 91' lang='lat' dir='ltr'><strong>cum</strong></span> <span class='ocrx_word' id='word_1_340' title='bbox 1678 3969 2000 4038; x_wconf 72' lang='lat' dir='ltr'><strong>quatuor-de-</strong></span> 
     </span>
    </p>
   </div>
   <div class='ocr_carea' id='block_1_43' title="bbox 414 4054 1996 4128">
    <p class='ocr_par' dir='ltr' id='par_1_43' title="bbox 414 4054 1996 4128">
     <span class='ocr_line' id='line_1_43' title="bbox 414 4054 1996 4128; baseline 0.004 -21"><span class='ocrx_word' id='word_1_341' title='bbox 414 4055 524 4108; x_wconf 86' lang='lat' dir='ltr'><strong>cim</strong></span> <span class='ocrx_word' id='word_1_342' title='bbox 570 4063 772 4108; x_wconf 89' lang='lat' dir='ltr'><strong>tantum</strong></span> <span class='ocrx_word' id='word_1_343' title='bbox 822 4054 977 4110; x_wconf 86' lang='lat' dir='ltr'><strong>nobis</strong></span> <span class='ocrx_word' id='word_1_344' title='bbox 1025 4064 1226 4111; x_wconf 89' lang='lat' dir='ltr'><strong>restent</strong></span> <span class='ocrx_word' id='word_1_345' title='bbox 1253 4056 1492 4124; x_wconf 78' lang='lat' dir='ltr'><strong>epistola:</strong></span> <span class='ocrx_word' id='word_1_346' title='bbox 1519 4098 1534 4123; x_wconf 95' lang='lat'><strong>,</strong></span> <span class='ocrx_word' id='word_1_347' title='bbox 1569 4072 1996 4128; x_wconf 89' lang='lat' dir='ltr'><strong>quoquoversum</strong></span> 
     </span>
    </p>
   </div>
   <div class='ocr_carea' id='block_1_44' title="bbox 422 4143 1993 4217">
    <p class='ocr_par' dir='ltr' id='par_1_44' title="bbox 422 4143 1993 4217">
     <span class='ocr_line' id='line_1_44' title="bbox 422 4143 1993 4217; baseline 0.003 -21"><span class='ocrx_word' id='word_1_348' title='bbox 422 4157 516 4213; x_wconf 87' lang='lat' dir='ltr'><strong>per</strong></span> <span class='ocrx_word' id='word_1_349' title='bbox 539 4143 722 4197; x_wconf 88' lang='lat' dir='ltr'><strong>orbem</strong></span> <span class='ocrx_word' id='word_1_350' title='bbox 751 4152 1011 4198; x_wconf 88' lang='lat' dir='ltr'><strong>terrarum</strong></span> <span class='ocrx_word' id='word_1_351' title='bbox 1043 4144 1159 4199; x_wconf 89' lang='lat' dir='ltr'><strong>illas</strong></span> <span class='ocrx_word' id='word_1_352' title='bbox 1187 4145 1610 4201; x_wconf 79' lang='lat' dir='ltr'><strong>circumferimus</strong></span> <span class='ocrx_word' id='word_1_353' title='bbox 1635 4165 1648 4200; x_wconf 89' lang='lat'><strong>:</strong></span> <span class='ocrx_word' id='word_1_354' title='bbox 1680 4149 1767 4217; x_wconf 93' lang='lat' dir='ltr'><strong>qui</strong></span> <span class='ocrx_word' id='word_1_355' title='bbox 1796 4148 1993 4204; x_wconf 86' lang='lat' dir='ltr'><strong>fontem</strong></span> 
     </span>
    </p>
   </div>
   <div class='ocr_carea' id='block_1_45' title="bbox 421 4231 1994 4304">
    <p class='ocr_par' dir='ltr' id='par_1_45' title="bbox 421 4231 1994 4304">
     <span class='ocr_line' id='line_1_45' title="bbox 421 4231 1994 4304; baseline 0.003 -18"><span class='ocrx_word' id='word_1_356' title='bbox 421 4231 686 4287; x_wconf 86' lang='lat' dir='ltr'><strong>habebant</strong></span> <span class='ocrx_word' id='word_1_357' title='bbox 725 4232 1068 4301; x_wconf 80' lang='lat' dir='ltr'><strong>epistolarum</strong></span> <span class='ocrx_word' id='word_1_358' title='bbox 1093 4272 1109 4298; x_wconf 96' lang='lat'><strong>,</strong></span> <span class='ocrx_word' id='word_1_359' title='bbox 1137 4233 1226 4303; x_wconf 85' lang='lat' dir='ltr'><strong>qui</strong></span> <span class='ocrx_word' id='word_1_360' title='bbox 1249 4233 1486 4304; x_wconf 82' lang='lat' dir='ltr'><strong>linguam</strong></span> <span class='ocrx_word' id='word_1_361' title='bbox 1525 4234 1671 4289; x_wconf 88' lang='lat' dir='ltr'><strong>orbis</strong></span> <span class='ocrx_word' id='word_1_362' title='bbox 1695 4243 1994 4302; x_wconf 86' lang='lat' dir='ltr'><strong>terrarum,</strong></span> 
     </span>
    </p>
   </div>
   <div class='ocr_carea' id='block_1_46' title="bbox 419 4321 1995 4397">
    <p class='ocr_par' dir='ltr' id='par_1_46' title="bbox 419 4321 1995 4397">
     <span class='ocr_line' id='line_1_46' title="bbox 419 4321 1995 4397; baseline 0.003 -22"><span class='ocrx_word' id='word_1_363' title='bbox 419 4322 511 4392; x_wconf 89' lang='lat' dir='ltr'><strong>qui</strong></span> <span class='ocrx_word' id='word_1_364' title='bbox 549 4323 724 4378; x_wconf 90' lang='lat' dir='ltr'><strong>lumen</strong></span> <span class='ocrx_word' id='word_1_365' title='bbox 758 4321 1147 4390; x_wconf 87' lang='lat' dir='ltr'><strong>Eeclesiarum,</strong></span> <span class='ocrx_word' id='word_1_366' title='bbox 1174 4323 1262 4392; x_wconf 85' lang='lat' dir='ltr'><strong>qui</strong></span> <span class='ocrx_word' id='word_1_367' title='bbox 1308 4323 1430 4379; x_wconf 84' lang='lat' dir='ltr'><strong>fidei</strong></span> <span class='ocrx_word' id='word_1_368' title='bbox 1453 4322 1880 4393; x_wconf 87' lang='lat' dir='ltr'><strong>fundamentum,</strong></span> <span class='ocrx_word' id='word_1_369' title='bbox 1905 4328 1995 4397; x_wconf 89' lang='lat' dir='ltr'><strong>qui</strong></span> 
     </span>
    </p>
   </div>
   <div class='ocr_carea' id='block_1_47' title="bbox 417 4413 2000 4487">
    <p class='ocr_par' dir='ltr' id='par_1_47' title="bbox 417 4413 2000 4487">
     <span class='ocr_line' id='line_1_47' title="bbox 417 4413 2000 4487; baseline 0.004 -19"><span class='ocrx_word' id='word_1_370' title='bbox 417 4413 719 4470; x_wconf 86' lang='lat' dir='ltr'><strong>columnam</strong></span> <span class='ocrx_word' id='word_1_371' title='bbox 746 4423 801 4470; x_wconf 92' lang='lat' dir='ltr'><strong>et</strong></span> <span class='ocrx_word' id='word_1_372' title='bbox 824 4415 1215 4470; x_wconf 79' lang='lat' dir='ltr'><strong>firmamentum</strong></span> <span class='ocrx_word' id='word_1_373' title='bbox 1244 4416 1504 4482; x_wconf 80' lang='lat' dir='ltr'><strong>veritatis,</strong></span> <span class='ocrx_word' id='word_1_374' title='bbox 1527 4417 1714 4487; x_wconf 87' lang='lat' dir='ltr'><strong>quales</strong></span> <span class='ocrx_word' id='word_1_375' title='bbox 1742 4433 1846 4473; x_wconf 90' lang='lat' dir='ltr'><strong>non</strong></span> <span class='ocrx_word' id='word_1_376' title='bbox 1874 4434 2000 4474; x_wconf 85' lang='lat' dir='ltr'><strong>eva-</strong></span> 
     </span>
    </p>
   </div>
   <div class='ocr_carea' id='block_1_48' title="bbox 417 4503 1995 4578">
    <p class='ocr_par' dir='ltr' id='par_1_48' title="bbox 417 4503 1995 4578">
     <span class='ocr_line' id='line_1_48' title="bbox 417 4503 1995 4578; baseline 0.006 -22"><span class='ocrx_word' id='word_1_377' title='bbox 417 4503 546 4560; x_wconf 87' lang='lat' dir='ltr'><strong>dere</strong></span> <span class='ocrx_word' id='word_1_378' title='bbox 576 4513 828 4574; x_wconf 91' lang='lat' dir='ltr'><strong>possent,</strong></span> <span class='ocrx_word' id='word_1_379' title='bbox 868 4504 993 4560; x_wconf 90' lang='lat' dir='ltr'><strong>dum</strong></span> <span class='ocrx_word' id='word_1_380' title='bbox 1022 4520 1145 4561; x_wconf 91' lang='lat' dir='ltr'><strong>cum</strong></span> <span class='ocrx_word' id='word_1_381' title='bbox 1191 4505 1293 4562; x_wconf 89' lang='lat' dir='ltr'><strong>hoc</strong></span> <span class='ocrx_word' id='word_1_382' title='bbox 1338 4508 1530 4578; x_wconf 81' lang='lat' dir='ltr'><strong>angelo</strong></span> <span class='ocrx_word' id='word_1_383' title='bbox 1558 4509 1832 4565; x_wconf 86' lang='lat' dir='ltr'><strong>viverent?</strong></span> <span class='ocrx_word' id='word_1_384' title='bbox 1863 4508 1995 4565; x_wconf 87' lang='lat' dir='ltr'><strong>Nam</strong></span> 
     </span>
    </p>
   </div>
   <div class='ocr_carea' id='block_1_49' title="bbox 418 4593 2000 4666">
    <p class='ocr_par' dir='ltr' id='par_1_49' title="bbox 418 4593 2000 4666">
     <span class='ocr_line' id='line_1_49' title="bbox 418 4593 2000 4666; baseline 0.006 -20"><span class='ocrx_word' id='word_1_385' title='bbox 418 4593 464 4647; x_wconf 83' lang='lat' dir='ltr'><strong>si</strong></span> <span class='ocrx_word' id='word_1_386' title='bbox 492 4604 666 4649; x_wconf 88' lang='lat' dir='ltr'><strong>vestes</strong></span> <span class='ocrx_word' id='word_1_387' title='bbox 691 4595 807 4662; x_wconf 87' lang='lat' dir='ltr'><strong>ejus</strong></span> <span class='ocrx_word' id='word_1_388' title='bbox 835 4594 1164 4650; x_wconf 56' lang='lat' dir='ltr'><strong>daemonibus</strong></span> <span class='ocrx_word' id='word_1_389' title='bbox 1188 4605 1342 4651; x_wconf 87' lang='lat' dir='ltr'><strong>erant</strong></span> <span class='ocrx_word' id='word_1_390' title='bbox 1369 4596 1750 4666; x_wconf 77' lang='lat' dir='ltr'><strong>formidabiles,</strong></span> <span class='ocrx_word' id='word_1_391' title='bbox 1779 4608 2000 4655; x_wconf 84' lang='lat' dir='ltr'><strong>tantam-</strong></span> 
     </span>
    </p>
   </div>
   <div class='ocr_carea' id='block_1_50' title="bbox 416 4683 1993 4761">
    <p class='ocr_par' dir='ltr' id='par_1_50' title="bbox 416 4683 1993 4761">
     <span class='ocr_line' id='line_1_50' title="bbox 416 4683 1993 4761; baseline 0.008 -28"><span class='ocrx_word' id='word_1_392' title='bbox 416 4699 520 4752; x_wconf 93' lang='lat' dir='ltr'><strong>que</strong></span> <span class='ocrx_word' id='word_1_393' title='bbox 554 4684 659 4736; x_wconf 81' lang='lat' dir='ltr'><strong>vim</strong></span> <span class='ocrx_word' id='word_1_394' title='bbox 685 4683 1040 4751; x_wconf 87' lang='lat' dir='ltr'><strong>obtinebant,</strong></span> <span class='ocrx_word' id='word_1_395' title='bbox 1070 4684 1446 4744; x_wconf 87' lang='lat' dir='ltr'><strong>habitationem</strong></span> <span class='ocrx_word' id='word_1_396' title='bbox 1476 4703 1596 4744; x_wconf 90' lang='lat' dir='ltr'><strong>cum</strong></span> <span class='ocrx_word' id='word_1_397' title='bbox 1628 4689 1720 4745; x_wconf 91' lang='lat' dir='ltr'><strong>illo</strong></span> <span class='ocrx_word' id='word_1_398' title='bbox 1744 4702 1993 4761; x_wconf 89' lang='lat' dir='ltr'><strong>quantam</strong></span> 
     </span>
    </p>
   </div>
   <div class='ocr_carea' id='block_1_51' title="bbox 419 4773 1994 4848">
    <p class='ocr_par' dir='ltr' id='par_1_51' title="bbox 419 4773 1994 4848">
     <span class='ocr_line' id='line_1_51' title="bbox 419 4773 1994 4848; baseline 0.006 -22"><span class='ocrx_word' id='word_1_399' title='bbox 419 4790 523 4827; x_wconf 86' lang='lat' dir='ltr'><strong>non</strong></span> <span class='ocrx_word' id='word_1_400' title='bbox 553 4773 780 4842; x_wconf 82' lang='lat' dir='ltr'><strong>Spiritus</strong></span> <span class='ocrx_word' id='word_1_401' title='bbox 806 4775 1028 4843; x_wconf 85' lang='lat' dir='ltr'><strong>gratiam</strong></span> <span class='ocrx_word' id='word_1_402' title='bbox 1054 4777 1344 4833; x_wconf 88' lang='lat' dir='ltr'><strong>conciliare</strong></span> <span class='ocrx_word' id='word_1_403' title='bbox 1391 4780 1628 4848; x_wconf 88' lang='lat' dir='ltr'><strong>potuisse</strong></span> <span class='ocrx_word' id='word_1_404' title='bbox 1671 4780 1994 4836; x_wconf 89' lang='lat' dir='ltr'><strong>credendum</strong></span> 
     </span>
    </p>
   </div>
   <div class='ocr_carea' id='block_1_52' title="bbox 410 4863 1992 4940">
    <p class='ocr_par' dir='ltr' id='par_1_52' title="bbox 410 4863 1992 4940">
     <span class='ocr_line' id='line_1_52' title="bbox 410 4863 1992 4940; baseline 0.006 -22"><span class='ocrx_word' id='word_1_405' title='bbox 410 4875 494 4918; x_wconf 84' lang='lat' dir='ltr'><strong>est</strong></span> <span class='ocrx_word' id='word_1_406' title='bbox 525 4868 541 4934; x_wconf 87' lang='lat'>(</span> <span class='ocrx_word' id='word_1_407' title='bbox 563 4866 675 4918; x_wconf 81' lang='lat' dir='ltr'><strong>Aet.</strong></span> <span class='ocrx_word' id='word_1_408' title='bbox 703 4865 787 4920; x_wconf 84' lang='lat' dir='ltr'><strong>l9.</strong></span> <span class='ocrx_word' id='word_1_409' title='bbox 815 4864 902 4939; x_wconf 74' lang='grc'><strong>12)</strong></span> <span class='ocrx_word' id='word_1_410' title='bbox 925 4866 948 4920; x_wconf 87' lang='lat'><strong>?</strong></span> <span class='ocrx_word' id='word_1_411' title='bbox 977 4863 1108 4922; x_wconf 87' lang='lat' dir='ltr'><strong>Cum</strong></span> <span class='ocrx_word' id='word_1_412' title='bbox 1129 4869 1274 4923; x_wconf 89' lang='lat' dir='ltr'><strong>enim</strong></span> <span class='ocrx_word' id='word_1_413' title='bbox 1302 4868 1452 4925; x_wconf 86' lang='lat' dir='ltr'><strong>Pauli</strong></span> <span class='ocrx_word' id='word_1_414' title='bbox 1475 4872 1648 4927; x_wconf 88' lang='lat' dir='ltr'><strong>cubile</strong></span> <span class='ocrx_word' id='word_1_415' title='bbox 1673 4887 1951 4929; x_wconf 86' lang='lat' dir='ltr'><strong>cernerent</strong></span> <span class='ocrx_word' id='word_1_416' title='bbox 1977 4916 1992 4940; x_wconf 92' lang='lat'><strong>,</strong></span> 
     </span>
    </p>
   </div>
   <div class='ocr_carea' id='block_1_53' title="bbox 415 4957 1994 5027">
    <p class='ocr_par' dir='ltr' id='par_1_53' title="bbox 415 4957 1994 5027">
     <span class='ocr_line' id='line_1_53' title="bbox 415 4957 1994 5027; baseline 0.008 -18"><span class='ocrx_word' id='word_1_417' title='bbox 415 4973 533 5010; x_wconf 72' lang='lat' dir='ltr'><strong>eum</strong></span> <span class='ocrx_word' id='word_1_418' title='bbox 577 4957 1053 5026; x_wconf 45' lang='lat' dir='ltr'><strong>stragulum,»cum</strong></span> <span class='ocrx_word' id='word_1_419' title='bbox 1093 4961 1492 5027; x_wconf 86' lang='lat' dir='ltr'><strong>calceamenta,</strong></span> <span class='ocrx_word' id='word_1_420' title='bbox 1528 4980 1705 5019; x_wconf 91' lang='lat' dir='ltr'><strong>nonne</strong></span> <span class='ocrx_word' id='word_1_421' title='bbox 1748 4965 1848 5020; x_wconf 87' lang='lat' dir='ltr'><strong>hoc</strong></span> <span class='ocrx_word' id='word_1_422' title='bbox 1892 4967 1994 5021; x_wconf 90' lang='lat' dir='ltr'><strong>illis</strong></span> 
     </span>
    </p>
   </div>
   <div class='ocr_carea' id='block_1_54' title="bbox 412 5049 1992 5125">
    <p class='ocr_par' dir='ltr' id='par_1_54' title="bbox 412 5049 1992 5125">
     <span class='ocr_line' id='line_1_54' title="bbox 412 5049 1992 5125; baseline 0.007 -23"><span class='ocrx_word' id='word_1_423' title='bbox 412 5049 681 5104; x_wconf 80' lang='lat' dir='ltr'><strong>sufficiens</strong></span> <span class='ocrx_word' id='word_1_424' title='bbox 706 5049 808 5104; x_wconf 82' lang='lat' dir='ltr'><strong>fuit</strong></span> <span class='ocrx_word' id='word_1_425' title='bbox 835 5066 896 5103; x_wconf 86' lang='lat' dir='ltr'><strong>ac</strong></span> <span class='ocrx_word' id='word_1_426' title='bbox 919 5062 1232 5122; x_wconf 87' lang='lat' dir='ltr'><strong>perpetuum</strong></span> <span class='ocrx_word' id='word_1_427' title='bbox 1263 5053 1330 5107; x_wconf 89' lang='lat' dir='ltr'><strong>ad</strong></span> <span class='ocrx_word' id='word_1_428' title='bbox 1367 5056 1830 5125; x_wconf 87' lang='lat' dir='ltr'><strong>eompunctionem</strong></span> <span class='ocrx_word' id='word_1_429' title='bbox 1861 5057 1992 5112; x_wconf 88' lang='lat' dir='ltr'><strong>inci-</strong></span> 
     </span>
    </p>
   </div>
   <div class='ocr_carea' id='block_1_55' title="bbox 412 5142 1993 5218">
    <p class='ocr_par' dir='ltr' id='par_1_55' title="bbox 412 5142 1993 5218">
     <span class='ocr_line' id='line_1_55' title="bbox 412 5142 1993 5218; baseline 0.006 -26"><span class='ocrx_word' id='word_1_430' title='bbox 412 5142 744 5196; x_wconf 77' lang='lat' dir='ltr'><strong>tatttcnttltlt?</strong></span> <span class='ocrx_word' id='word_1_431' title='bbox 772 5143 826 5198; x_wconf 93' lang='lat' dir='ltr'><strong>Si</strong></span> <span class='ocrx_word' id='word_1_432' title='bbox 857 5144 998 5198; x_wconf 91' lang='lat' dir='ltr'><strong>enim</strong></span> <span class='ocrx_word' id='word_1_433' title='bbox 1026 5143 1295 5200; x_wconf 75' lang='lat' dir='ltr'><strong>daemones</strong></span> <span class='ocrx_word' id='word_1_434' title='bbox 1333 5145 1498 5215; x_wconf 86' lang='lat' dir='ltr'><strong>ipsius</strong></span> <span class='ocrx_word' id='word_1_435' title='bbox 1528 5148 1836 5202; x_wconf 89' lang='lat' dir='ltr'><strong>vestimenta</strong></span> <span class='ocrx_word' id='word_1_436' title='bbox 1869 5165 1993 5218; x_wconf 80' lang='lat' dir='ltr'><strong>per-</strong></span> 
     </span>
    </p>
   </div>
   <div class='ocr_carea' id='block_1_56' title="bbox 412 5235 1993 5310">
    <p class='ocr_par' dir='ltr' id='par_1_56' title="bbox 412 5235 1993 5310">
     <span class='ocr_line' id='line_1_56' title="bbox 412 5235 1993 5310; baseline 0.006 -25"><span class='ocrx_word' id='word_1_437' title='bbox 412 5235 786 5289; x_wconf 84' lang='lat' dir='ltr'><strong>hnrresecbant</strong></span> <span class='ocrx_word' id='word_1_438' title='bbox 808 5276 825 5302; x_wconf 91' lang='lat'><strong>,</strong></span> <span class='ocrx_word' id='word_1_439' title='bbox 855 5235 1022 5290; x_wconf 87' lang='lat' dir='ltr'><strong>multo</strong></span> <span class='ocrx_word' id='word_1_440' title='bbox 1053 5235 1220 5306; x_wconf 86' lang='lat' dir='ltr'><strong>magis</strong></span> <span class='ocrx_word' id='word_1_441' title='bbox 1249 5235 1468 5302; x_wconf 79' lang='lat' dir='ltr'><strong>ﬁdeles,</strong></span> <span class='ocrx_word' id='word_1_442' title='bbox 1495 5247 1548 5294; x_wconf 92' lang='lat' dir='ltr'><strong>et</strong></span> <span class='ocrx_word' id='word_1_443' title='bbox 1576 5240 1665 5309; x_wconf 86' lang='lat' dir='ltr'><strong>qui</strong></span> <span class='ocrx_word' id='word_1_444' title='bbox 1708 5253 1828 5294; x_wconf 90' lang='lat' dir='ltr'><strong>cum</strong></span> <span class='ocrx_word' id='word_1_445' title='bbox 1874 5239 1993 5310; x_wconf 87' lang='lat' dir='ltr'><strong>ipso</strong></span> 
     </span>
    </p>
   </div>
   <div class='ocr_carea' id='block_1_57' title="bbox 409 5324 1993 5402">
    <p class='ocr_par' dir='ltr' id='par_1_57' title="bbox 409 5324 1993 5402">
     <span class='ocr_line' id='line_1_57' title="bbox 409 5324 1993 5402; baseline 0.008 -26"><span class='ocrx_word' id='word_1_446' title='bbox 409 5324 711 5394; x_wconf 79' lang='lat' dir='ltr'><strong>degebant,</strong></span> <span class='ocrx_word' id='word_1_447' title='bbox 741 5340 862 5379; x_wconf 91' lang='lat' dir='ltr'><strong>eum</strong></span> <span class='ocrx_word' id='word_1_448' title='bbox 905 5339 968 5380; x_wconf 90' lang='lat' dir='ltr'><strong>ea</strong></span> <span class='ocrx_word' id='word_1_449' title='bbox 1012 5336 1295 5383; x_wconf 89' lang='lat' dir='ltr'><strong>cernerent</strong></span> <span class='ocrx_word' id='word_1_450' title='bbox 1317 5369 1332 5392; x_wconf 86' lang='lat'><strong>,</strong></span> <span class='ocrx_word' id='word_1_451' title='bbox 1360 5331 1870 5402; x_wconf 84' lang='lat' dir='ltr'><strong>compungebantur.</strong></span> <span class='ocrx_word' id='word_1_452' title='bbox 1902 5333 1993 5388; x_wconf 83' lang='lat' dir='ltr'><strong>Est</strong></span> 
     </span>
    </p>
   </div>
   <div class='ocr_carea' id='block_1_58' title="bbox 409 5413 1994 5488">
    <p class='ocr_par' dir='ltr' id='par_1_58' title="bbox 409 5413 1994 5488">
     <span class='ocr_line' id='line_1_58' title="bbox 409 5413 1994 5488; baseline 0.008 -22"><span class='ocrx_word' id='word_1_453' title='bbox 409 5415 567 5469; x_wconf 85' lang='lat' dir='ltr'><strong>etiam</strong></span> <span class='ocrx_word' id='word_1_454' title='bbox 613 5413 742 5470; x_wconf 90' lang='lat' dir='ltr'><strong>illud</strong></span> <span class='ocrx_word' id='word_1_455' title='bbox 789 5431 967 5484; x_wconf 82' lang='lat' dir='ltr'><strong>operae</strong></span> <span class='ocrx_word' id='word_1_456' title='bbox 1012 5417 1240 5486; x_wconf 87' lang='lat' dir='ltr'><strong>pretium</strong></span> <span class='ocrx_word' id='word_1_457' title='bbox 1285 5420 1711 5488; x_wconf 82' lang='lat' dir='ltr'><strong>scrutari,quam</strong></span> <span class='ocrx_word' id='word_1_458' title='bbox 1758 5421 1827 5476; x_wconf 89' lang='lat' dir='ltr'><strong>ob</strong></span> <span class='ocrx_word' id='word_1_459' title='bbox 1867 5436 1994 5477; x_wconf 83' lang='lat' dir='ltr'><strong>cau-</strong></span> 
     </span>
    </p>
   </div>
   <div class='ocr_carea' id='block_1_59' title="bbox 408 5508 1992 5583">
    <p class='ocr_par' dir='ltr' id='par_1_59' title="bbox 408 5508 1992 5583">
     <span class='ocr_line' id='line_1_59' title="bbox 408 5508 1992 5583; baseline 0.006 -25"><span class='ocrx_word' id='word_1_460' title='bbox 408 5519 561 5572; x_wconf 89' lang='lat' dir='ltr'><strong>sam,</strong></span> <span class='ocrx_word' id='word_1_461' title='bbox 591 5521 714 5562; x_wconf 91' lang='lat' dir='ltr'><strong>cum</strong></span> <span class='ocrx_word' id='word_1_462' title='bbox 742 5521 835 5562; x_wconf 88' lang='lat' dir='ltr'><strong>eos</strong></span> <span class='ocrx_word' id='word_1_463' title='bbox 883 5508 1172 5573; x_wconf 72' lang='lat' dir='ltr'><strong>salutaret,</strong></span> <span class='ocrx_word' id='word_1_464' title='bbox 1207 5509 1496 5567; x_wconf 84' lang='lat' dir='ltr'><strong>Priscillam</strong></span> <span class='ocrx_word' id='word_1_465' title='bbox 1541 5514 1732 5567; x_wconf 87' lang='lat' dir='ltr'><strong>marito</strong></span> <span class='ocrx_word' id='word_1_466' title='bbox 1768 5523 1992 5583; x_wconf 80' lang='lat' dir='ltr'><strong>antepo-</strong></span> 
     </span>
    </p>
   </div>
   <div class='ocr_carea' id='block_1_60' title="bbox 408 5597 1988 5676">
    <p class='ocr_par' dir='ltr' id='par_1_60' title="bbox 408 5597 1988 5676">
     <span class='ocr_line' id='line_1_60' title="bbox 408 5597 1988 5676; baseline 0.006 -27"><span class='ocrx_word' id='word_1_467' title='bbox 408 5597 590 5649; x_wconf 87' lang='lat' dir='ltr'><strong>suerit.</strong></span> <span class='ocrx_word' id='word_1_468' title='bbox 612 5597 725 5652; x_wconf 83' lang='lat' dir='ltr'><strong>Non</strong></span> <span class='ocrx_word' id='word_1_469' title='bbox 749 5600 891 5654; x_wconf 90' lang='lat' dir='ltr'><strong>enim</strong></span> <span class='ocrx_word' id='word_1_470' title='bbox 915 5601 1064 5667; x_wconf 80' lang='lat' dir='ltr'><strong>dixit,</strong></span> <span class='ocrx_word' id='word_1_471' title='bbox 1081 5600 1315 5659; x_wconf 83' lang='lat' dir='ltr'><strong>Salutate</strong></span> <span class='ocrx_word' id='word_1_472' title='bbox 1332 5603 1574 5676; x_wconf 79' lang='lat' dir='ltr'><strong>Aquilam</strong></span> <span class='ocrx_word' id='word_1_473' title='bbox 1596 5613 1649 5658; x_wconf 89' lang='lat' dir='ltr'><strong>et</strong></span> <span class='ocrx_word' id='word_1_474' title='bbox 1675 5603 1988 5671; x_wconf 84' lang='lat' dir='ltr'><strong>Priscillam,</strong></span> 
     </span>
    </p>
   </div>
   <div class='ocr_carea' id='block_1_61' title="bbox 1125 176 2931 291">
    <p class='ocr_par' dir='ltr' id='par_1_61' title="bbox 1125 176 2931 291">
     <span class='ocr_line' id='line_1_61' title="bbox 1125 176 2931 291; baseline 0.004 -13"><span class='ocrx_word' id='word_1_475' title='bbox 1125 222 1182 278; x_wconf 90' lang='lat' dir='ltr'><strong>s.</strong></span> <span class='ocrx_word' id='word_1_476' title='bbox 1223 219 1500 278; x_wconf 68' lang='lat' dir='ltr'><strong>JOANNIS</strong></span> <span class='ocrx_word' id='word_1_477' title='bbox 1537 217 2008 278; x_wconf 72' lang='lat' dir='ltr'><strong>cunvsosrosu</strong></span> <span class='ocrx_word' id='word_1_478' title='bbox 2048 176 2360 281; x_wconf 66' lang='lat' dir='ltr'><strong>taeniae.</strong></span> <span class='ocrx_word' id='word_1_479' title='bbox 2402 224 2931 291; x_wconf 62' lang='lat' dir='ltr'><strong>consummes.</strong></span> 
     </span>
    </p>
   </div>
   <div class='ocr_carea' id='block_1_62' title="bbox 2100 337 3673 426">
    <p class='ocr_par' dir='ltr' id='par_1_62' title="bbox 2100 337 3673 426">
     <span class='ocr_line' id='line_1_62' title="bbox 2100 337 3673 426; baseline 0.013 -35"><span class='ocrx_word' id='word_1_480' title='bbox 2100 337 2191 393; x_wconf 85' lang='lat' dir='ltr'><strong>sed</strong></span> <span class='ocrx_word' id='word_1_481' title='bbox 2221 338 2510 396; x_wconf 87' lang='lat' dir='ltr'><strong>Priscillam</strong></span> <span class='ocrx_word' id='word_1_482' title='bbox 2551 352 2604 398; x_wconf 91' lang='lat' dir='ltr'><strong>et</strong></span> <span class='ocrx_word' id='word_1_483' title='bbox 2643 345 2905 415; x_wconf 84' lang='lat' dir='ltr'><strong>Aquilam.</strong></span> <span class='ocrx_word' id='word_1_484' title='bbox 2939 346 3044 402; x_wconf 86' lang='lat' dir='ltr'><strong>Nec</strong></span> <span class='ocrx_word' id='word_1_485' title='bbox 3086 347 3202 404; x_wconf 87' lang='lat' dir='ltr'><strong>sine</strong></span> <span class='ocrx_word' id='word_1_486' title='bbox 3244 363 3402 406; x_wconf 84' lang='lat' dir='ltr'><strong>causa</strong></span> <span class='ocrx_word' id='word_1_487' title='bbox 3437 354 3486 408; x_wconf 85' lang='lat' dir='ltr'><strong>id</strong></span> <span class='ocrx_word' id='word_1_488' title='bbox 3517 355 3673 426; x_wconf 78' lang='lat' dir='ltr'><strong>fecit,</strong></span> 
     </span>
    </p>
   </div>
   <div class='ocr_carea' id='block_1_63' title="bbox 2100 427 3672 514">
    <p class='ocr_par' dir='ltr' id='par_1_63' title="bbox 2100 427 3672 514">
     <span class='ocr_line' id='line_1_63' title="bbox 2100 427 3672 514; baseline 0.015 -34"><span class='ocrx_word' id='word_1_489' title='bbox 2100 427 2191 482; x_wconf 87' lang='lat' dir='ltr'><strong>sed</strong></span> <span class='ocrx_word' id='word_1_490' title='bbox 2219 430 2358 499; x_wconf 90' lang='lat' dir='ltr'><strong>quod</strong></span> <span class='ocrx_word' id='word_1_491' title='bbox 2391 432 2575 501; x_wconf 88' lang='lat' dir='ltr'><strong>majori</strong></span> <span class='ocrx_word' id='word_1_492' title='bbox 2605 449 2721 490; x_wconf 90' lang='lat' dir='ltr'><strong>eam</strong></span> <span class='ocrx_word' id='word_1_493' title='bbox 2752 436 2912 492; x_wconf 85' lang='lat' dir='ltr'><strong>sciret</strong></span> <span class='ocrx_word' id='word_1_494' title='bbox 2931 479 2947 505; x_wconf 91' lang='lat'><strong>,</strong></span> <span class='ocrx_word' id='word_1_495' title='bbox 2978 453 3135 508; x_wconf 90' lang='lat' dir='ltr'><strong>quam</strong></span> <span class='ocrx_word' id='word_1_496' title='bbox 3167 441 3336 496; x_wconf 87' lang='lat' dir='ltr'><strong>virum</strong></span> <span class='ocrx_word' id='word_1_497' title='bbox 3355 483 3370 509; x_wconf 90' lang='lat'><strong>,</strong></span> <span class='ocrx_word' id='word_1_498' title='bbox 3403 448 3672 514; x_wconf 66' lang='lat' dir='ltr'><strong>praeditam</strong></span> 
     </span>
    </p>
   </div>
   <div class='ocr_carea' id='block_1_64' title="bbox 2103 517 3674 606">
    <p class='ocr_par' dir='ltr' id='par_1_64' title="bbox 2103 517 3674 606">
     <span class='ocr_line' id='line_1_64' title="bbox 2103 517 3674 606; baseline 0.015 -35"><span class='ocrx_word' id='word_1_499' title='bbox 2103 517 2264 573; x_wconf 89' lang='lat' dir='ltr'><strong>fuisse</strong></span> <span class='ocrx_word' id='word_1_500' title='bbox 2293 521 2504 588; x_wconf 87' lang='lat' dir='ltr'><strong>pietate.</strong></span> <span class='ocrx_word' id='word_1_501' title='bbox 2528 523 2698 594; x_wconf 89' lang='lat' dir='ltr'><strong>Atque</strong></span> <span class='ocrx_word' id='word_1_502' title='bbox 2722 525 2824 581; x_wconf 90' lang='lat' dir='ltr'><strong>hoc</strong></span> <span class='ocrx_word' id='word_1_503' title='bbox 2849 542 2952 581; x_wconf 92' lang='lat' dir='ltr'><strong>non</strong></span> <span class='ocrx_word' id='word_1_504' title='bbox 2976 542 3095 584; x_wconf 88' lang='lat' dir='ltr'><strong>esse</strong></span> <span class='ocrx_word' id='word_1_505' title='bbox 3114 529 3473 600; x_wconf 87' lang='lat' dir='ltr'><strong>conjecturam</strong></span> <span class='ocrx_word' id='word_1_506' title='bbox 3498 576 3513 599; x_wconf 93' lang='lat'><strong>,</strong></span> <span class='ocrx_word' id='word_1_507' title='bbox 3534 537 3674 606; x_wconf 90' lang='lat' dir='ltr'><strong>quod</strong></span> 
     </span>
    </p>
   </div>
   <div class='ocr_carea' id='block_1_65' title="bbox 2102 611 3675 694">
    <p class='ocr_par' dir='ltr' id='par_1_65' title="bbox 2102 611 3675 694">
     <span class='ocr_line' id='line_1_65' title="bbox 2102 611 3675 694; baseline 0.013 -32"><span class='ocrx_word' id='word_1_508' title='bbox 2102 623 2129 662; x_wconf 91' lang='lat' dir='ltr'><strong>a</strong></span> <span class='ocrx_word' id='word_1_509' title='bbox 2156 625 2240 664; x_wconf 93' lang='lat' dir='ltr'><strong>me</strong></span> <span class='ocrx_word' id='word_1_510' title='bbox 2268 611 2466 665; x_wconf 85' lang='lat' dir='ltr'><strong>dictum</strong></span> <span class='ocrx_word' id='word_1_511' title='bbox 2494 621 2599 680; x_wconf 87' lang='lat' dir='ltr'><strong>est,</strong></span> <span class='ocrx_word' id='word_1_512' title='bbox 2629 629 2694 668; x_wconf 84' lang='lat' dir='ltr'><strong>ex</strong></span> <span class='ocrx_word' id='word_1_513' title='bbox 2723 616 2868 672; x_wconf 84' lang='lat' dir='ltr'><strong>Actis</strong></span> <span class='ocrx_word' id='word_1_514' title='bbox 2894 616 3017 672; x_wconf 90' lang='lat' dir='ltr'><strong>licet</strong></span> <span class='ocrx_word' id='word_1_515' title='bbox 3039 634 3379 689; x_wconf 87' lang='lat' dir='ltr'><strong>cognoscere.</strong></span> <span class='ocrx_word' id='word_1_516' title='bbox 3405 622 3675 694; x_wconf 88' lang='lat' dir='ltr'><strong>Siquidem</strong></span> 
     </span>
    </p>
   </div>
   <div class='ocr_carea' id='block_1_66' title="bbox 2103 698 3674 785">
    <p class='ocr_par' dir='ltr' id='par_1_66' title="bbox 2103 698 3674 785">
     <span class='ocr_line' id='line_1_66' title="bbox 2103 698 3674 785; baseline 0.014 -35"><span class='ocrx_word' id='word_1_517' title='bbox 2103 698 2314 785; x_wconf 77' lang='lat' dir='ltr'><strong>Apollo,</strong></span> <span class='ocrx_word' id='word_1_518' title='bbox 2329 700 2512 785; x_wconf 77' lang='lat' dir='ltr'><strong>_virum</strong></span> <span class='ocrx_word' id='word_1_519' title='bbox 2543 702 2877 773; x_wconf 87' lang='lat' dir='ltr'><strong>eloquentem</strong></span> <span class='ocrx_word' id='word_1_520' title='bbox 2908 707 3036 762; x_wconf 92' lang='lat' dir='ltr'><strong>etin</strong></span> <span class='ocrx_word' id='word_1_521' title='bbox 3065 708 3354 779; x_wconf 87' lang='lat' dir='ltr'><strong>Scripturis</strong></span> <span class='ocrx_word' id='word_1_522' title='bbox 3384 723 3674 785; x_wconf 89' lang='lat' dir='ltr'><strong>potentem,</strong></span> 
     </span>
    </p>
   </div>
   <div class='ocr_carea' id='block_1_67' title="bbox 2098 780 3682 860">
    <p class='ocr_par' dir='ltr' id='par_1_67' title="bbox 2098 780 3682 860">
     <span class='ocr_line' id='line_1_67' title="bbox 2098 780 3682 860; baseline 0.015 -27"><span class='ocrx_word' id='word_1_523' title='bbox 2098 780 2294 851; x_wconf 83' lang='lat' dir='ltr'><strong>quique</strong></span> <span class='ocrx_word' id='word_1_524' title='bbox 2320 781 2538 838; x_wconf 85' lang='lat' dir='ltr'><strong>Joannis</strong></span> <span class='ocrx_word' id='word_1_525' title='bbox 2564 794 2763 840; x_wconf 89' lang='lat' dir='ltr'><strong>tantum</strong></span> <span class='ocrx_word' id='word_1_526' title='bbox 2792 787 3048 857; x_wconf 88' lang='lat' dir='ltr'><strong>baptisma</strong></span> <span class='ocrx_word' id='word_1_527' title='bbox 3075 793 3294 860; x_wconf 88' lang='lat' dir='ltr'><strong>sciebat,</strong></span> <span class='ocrx_word' id='word_1_528' title='bbox 3321 780 3435 852; x_wconf 63' lang='grc' dir='ltr'><strong>Ι]ὲο</strong></span> <span class='ocrx_word' id='word_1_529' title='bbox 3461 812 3578 851; x_wconf 89' lang='lat' dir='ltr'><strong>cum</strong></span> <span class='ocrx_word' id='word_1_530' title='bbox 3600 780 3682 855; x_wconf 44' lang='lat' dir='ltr'><strong>as;</strong></span> 
     </span>
    </p>
   </div>
   <div class='ocr_carea' id='block_1_68' title="bbox 2103 871 3678 957">
    <p class='ocr_par' dir='ltr' id='par_1_68' title="bbox 2103 871 3678 957">
     <span class='ocr_line' id='line_1_68' title="bbox 2103 871 3678 957; baseline 0.013 -35"><span class='ocrx_word' id='word_1_531' title='bbox 2103 871 2436 943; x_wconf 85' lang='lat' dir='ltr'><strong>sumpsisset,</strong></span> <span class='ocrx_word' id='word_1_532' title='bbox 2458 876 2699 945; x_wconf 81' lang='lat' dir='ltr'><strong>exposuit</strong></span> <span class='ocrx_word' id='word_1_533' title='bbox 2725 877 2800 931; x_wconf 90' lang='lat' dir='ltr'><strong>illi</strong></span> <span class='ocrx_word' id='word_1_534' title='bbox 2821 877 2957 932; x_wconf 89' lang='lat' dir='ltr'><strong>viam</strong></span> <span class='ocrx_word' id='word_1_535' title='bbox 2978 879 3091 945; x_wconf 89' lang='lat' dir='ltr'><strong>Dei,</strong></span> <span class='ocrx_word' id='word_1_536' title='bbox 3113 889 3167 936; x_wconf 89' lang='lat' dir='ltr'><strong>et</strong></span> <span class='ocrx_word' id='word_1_537' title='bbox 3193 882 3484 951; x_wconf 88' lang='lat' dir='ltr'><strong>perfectum</strong></span> <span class='ocrx_word' id='word_1_538' title='bbox 3510 888 3678 957; x_wconf 82' lang='lat' dir='ltr'><strong>magi-</strong></span> 
     </span>
    </p>
   </div>
   <div class='ocr_carea' id='block_1_69' title="bbox 2103 963 3679 1048">
    <p class='ocr_par' dir='ltr' id='par_1_69' title="bbox 2103 963 3679 1048">
     <span class='ocr_line' id='line_1_69' title="bbox 2103 963 3679 1048; baseline 0.013 -35"><span class='ocrx_word' id='word_1_539' title='bbox 2103 967 2269 1015; x_wconf 91' lang='lat' dir='ltr'><strong>strmn</strong></span> <span class='ocrx_word' id='word_1_540' title='bbox 2301 963 2530 1018; x_wconf 89' lang='lat' dir='ltr'><strong>reddidit</strong></span> <span class='ocrx_word' id='word_1_541' title='bbox 2557 963 2689 1038; x_wconf 76' lang='lat' dir='ltr'><strong>(Act.</strong></span> <span class='ocrx_word' id='word_1_542' title='bbox 2712 968 2795 1022; x_wconf 89' lang='grc'><strong>18.</strong></span> <span class='ocrx_word' id='word_1_543' title='bbox 2824 967 2912 1023; x_wconf 69' lang='grc'><strong>24.</strong></span> <span class='ocrx_word' id='word_1_544' title='bbox 2946 969 3059 1041; x_wconf 71' lang='grc'><strong>25).</strong></span> <span class='ocrx_word' id='word_1_545' title='bbox 3091 970 3203 1026; x_wconf 88' lang='lat' dir='ltr'><strong>Non</strong></span> <span class='ocrx_word' id='word_1_546' title='bbox 3234 972 3374 1029; x_wconf 91' lang='lat' dir='ltr'><strong>enim</strong></span> <span class='ocrx_word' id='word_1_547' title='bbox 3401 975 3534 1042; x_wconf 91' lang='lat' dir='ltr'><strong>illis,</strong></span> <span class='ocrx_word' id='word_1_548' title='bbox 3559 993 3679 1048; x_wconf 77' lang='lat' dir='ltr'><strong>qute</strong></span> 
     </span>
    </p>
   </div>
   <div class='ocr_carea' id='block_1_70' title="bbox 2103 1053 3680 1127">
    <p class='ocr_par' dir='ltr' id='par_1_70' title="bbox 2103 1053 3680 1127">
     <span class='ocr_line' id='line_1_70' title="bbox 2103 1053 3680 1127; baseline 0.013 -23"><span class='ocrx_word' id='word_1_549' title='bbox 2103 1053 2462 1121; x_wconf 88' lang='lat' dir='ltr'><strong>apostolorum</strong></span> <span class='ocrx_word' id='word_1_550' title='bbox 2503 1065 2656 1112; x_wconf 68' lang='lat' dir='ltr'><strong>aitate</strong></span> <span class='ocrx_word' id='word_1_551' title='bbox 2695 1058 2977 1127; x_wconf 86' lang='lat' dir='ltr'><strong>vivebant,</strong></span> <span class='ocrx_word' id='word_1_552' title='bbox 3011 1061 3320 1119; x_wconf 90' lang='lat' dir='ltr'><strong>mulieribus</strong></span> <span class='ocrx_word' id='word_1_553' title='bbox 3348 1075 3499 1122; x_wconf 83' lang='lat' dir='ltr'><strong>erant</strong></span> <span class='ocrx_word' id='word_1_554' title='bbox 3538 1083 3680 1124; x_wconf 74' lang='lat' dir='ltr'><strong>cum</strong></span> 
     </span>
    </p>
   </div>
   <div class='ocr_carea' id='block_1_71' title="bbox 2104 1147 3679 1220">
    <p class='ocr_par' dir='ltr' id='par_1_71' title="bbox 2104 1147 3679 1220">
     <span class='ocr_line' id='line_1_71' title="bbox 2104 1147 3679 1220; baseline 0.015 -28"><span class='ocrx_word' id='word_1_555' title='bbox 2104 1157 2222 1210; x_wconf 77' lang='lat' dir='ltr'><strong>qute</strong></span> <span class='ocrx_word' id='word_1_556' title='bbox 2252 1159 2392 1198; x_wconf 92' lang='lat' dir='ltr'><strong>nunc</strong></span> <span class='ocrx_word' id='word_1_557' title='bbox 2417 1156 2538 1200; x_wconf 75' lang='lat' dir='ltr'><strong>sunt</strong></span> <span class='ocrx_word' id='word_1_558' title='bbox 2567 1147 2701 1213; x_wconf 87' lang='lat' dir='ltr'><strong>istis,</strong></span> <span class='ocrx_word' id='word_1_559' title='bbox 2735 1158 2790 1202; x_wconf 91' lang='lat' dir='ltr'><strong>ut</strong></span> <span class='ocrx_word' id='word_1_560' title='bbox 2820 1150 3112 1220; x_wconf 88' lang='lat' dir='ltr'><strong>splendidis</strong></span> <span class='ocrx_word' id='word_1_561' title='bbox 3149 1154 3386 1210; x_wconf 88' lang='lat' dir='ltr'><strong>vestibus</strong></span> <span class='ocrx_word' id='word_1_562' title='bbox 3427 1158 3679 1215; x_wconf 86' lang='lat' dir='ltr'><strong>amician-</strong></span> 
     </span>
    </p>
   </div>
   <div class='ocr_carea' id='block_1_72' title="bbox 2106 1235 3676 1317">
    <p class='ocr_par' dir='ltr' id='par_1_72' title="bbox 2106 1235 3676 1317">
     <span class='ocr_line' id='line_1_72' title="bbox 2106 1235 3676 1317; baseline 0.013 -32"><span class='ocrx_word' id='word_1_563' title='bbox 2106 1240 2223 1299; x_wconf 90' lang='lat' dir='ltr'><strong>tur,</strong></span> <span class='ocrx_word' id='word_1_564' title='bbox 2249 1243 2302 1288; x_wconf 92' lang='lat' dir='ltr'><strong>et</strong></span> <span class='ocrx_word' id='word_1_565' title='bbox 2327 1235 2608 1306; x_wconf 88' lang='lat' dir='ltr'><strong>pigmentis</strong></span> <span class='ocrx_word' id='word_1_566' title='bbox 2646 1254 2708 1294; x_wconf 89' lang='lat' dir='ltr'><strong>ac</strong></span> <span class='ocrx_word' id='word_1_567' title='bbox 2745 1240 2876 1295; x_wconf 90' lang='lat' dir='ltr'><strong>fucis</strong></span> <span class='ocrx_word' id='word_1_568' title='bbox 2908 1241 3093 1297; x_wconf 87' lang='lat' dir='ltr'><strong>faciem</strong></span> <span class='ocrx_word' id='word_1_569' title='bbox 3123 1260 3270 1299; x_wconf 90' lang='lat' dir='ltr'><strong>suam</strong></span> <span class='ocrx_word' id='word_1_570' title='bbox 3296 1247 3676 1317; x_wconf 81' lang='lat' dir='ltr'><strong>condecorent,</strong></span> 
     </span>
    </p>
   </div>
   <div class='ocr_carea' id='block_1_73' title="bbox 2105 1325 3676 1408">
    <p class='ocr_par' dir='ltr' id='par_1_73' title="bbox 2105 1325 3676 1408">
     <span class='ocr_line' id='line_1_73' title="bbox 2105 1325 3676 1408; baseline 0.013 -31"><span class='ocrx_word' id='word_1_571' title='bbox 2105 1339 2223 1393; x_wconf 71' lang='lat' dir='ltr'><strong>quae</strong></span> <span class='ocrx_word' id='word_1_572' title='bbox 2249 1325 2392 1381; x_wconf 85' lang='lat' dir='ltr'><strong>viros</strong></span> <span class='ocrx_word' id='word_1_573' title='bbox 2410 1341 2534 1382; x_wconf 91' lang='lat' dir='ltr'><strong>suos</strong></span> <span class='ocrx_word' id='word_1_574' title='bbox 2564 1338 2755 1384; x_wconf 76' lang='lat' dir='ltr'><strong>vexant</strong></span> <span class='ocrx_word' id='word_1_575' title='bbox 2782 1345 2844 1385; x_wconf 87' lang='lat' dir='ltr'><strong>ac</strong></span> <span class='ocrx_word' id='word_1_576' title='bbox 2871 1341 3134 1402; x_wconf 90' lang='lat' dir='ltr'><strong>premunt,</strong></span> <span class='ocrx_word' id='word_1_577' title='bbox 3155 1345 3456 1408; x_wconf 88' lang='lat' dir='ltr'><strong>coguntque</strong></span> <span class='ocrx_word' id='word_1_578' title='bbox 3476 1349 3676 1397; x_wconf 88' lang='lat' dir='ltr'><strong>vestem</strong></span> 
     </span>
    </p>
   </div>
   <div class='ocr_carea' id='block_1_74' title="bbox 2107 1415 3676 1499">
    <p class='ocr_par' dir='ltr' id='par_1_74' title="bbox 2107 1415 3676 1499">
     <span class='ocr_line' id='line_1_74' title="bbox 2107 1415 3676 1499; baseline 0.012 -31"><span class='ocrx_word' id='word_1_579' title='bbox 2107 1415 2470 1482; x_wconf 89' lang='lat' dir='ltr'><strong>pretiosiorem</strong></span> <span class='ocrx_word' id='word_1_580' title='bbox 2503 1420 2688 1474; x_wconf 73' lang='lat' dir='ltr'><strong>vicina:</strong></span> <span class='ocrx_word' id='word_1_581' title='bbox 2712 1432 2859 1478; x_wconf 88' lang='lat' dir='ltr'><strong>veste</strong></span> <span class='ocrx_word' id='word_1_582' title='bbox 2887 1422 2985 1478; x_wconf 89' lang='lat' dir='ltr'><strong>sibi</strong></span> <span class='ocrx_word' id='word_1_583' title='bbox 3007 1438 3272 1491; x_wconf 88' lang='lat' dir='ltr'><strong>coemere,</strong></span> <span class='ocrx_word' id='word_1_584' title='bbox 3304 1429 3481 1486; x_wconf 89' lang='lat' dir='ltr'><strong>mulos</strong></span> <span class='ocrx_word' id='word_1_585' title='bbox 3505 1431 3676 1499; x_wconf 88' lang='lat' dir='ltr'><strong>albos,</strong></span> 
     </span>
    </p>
   </div>
   <div class='ocr_carea' id='block_1_75' title="bbox 2107 1504 3679 1593">
    <p class='ocr_par' dir='ltr' id='par_1_75' title="bbox 2107 1504 3679 1593">
     <span class='ocr_line' id='line_1_75' title="bbox 2107 1504 3679 1593; baseline 0.012 -35"><span class='ocrx_word' id='word_1_586' title='bbox 2107 1512 2160 1558; x_wconf 90' lang='lat' dir='ltr'><strong>et</strong></span> <span class='ocrx_word' id='word_1_587' title='bbox 2187 1504 2348 1559; x_wconf 65' lang='lat' dir='ltr'><strong>frasna</strong></span> <span class='ocrx_word' id='word_1_588' title='bbox 2375 1506 2645 1576; x_wconf 86' lang='lat' dir='ltr'><strong>deaurata,</strong></span> <span class='ocrx_word' id='word_1_589' title='bbox 2672 1509 2982 1580; x_wconf 91' lang='lat' dir='ltr'><strong>obsequium</strong></span> <span class='ocrx_word' id='word_1_590' title='bbox 3012 1517 3398 1585; x_wconf 85' lang='lat' dir='ltr'><strong>cunuchorum,</strong></span> <span class='ocrx_word' id='word_1_591' title='bbox 3430 1535 3679 1593; x_wconf 87' lang='lat' dir='ltr'><strong>magnum</strong></span> 
     </span>
    </p>
   </div>
   <div class='ocr_carea' id='block_1_76' title="bbox 2105 1595 3684 1682">
    <p class='ocr_par' dir='ltr' id='par_1_76' title="bbox 2105 1595 3684 1682">
     <span class='ocr_line' id='line_1_76' title="bbox 2105 1595 3684 1682; baseline 0.014 -35"><span class='ocrx_word' id='word_1_592' title='bbox 2105 1595 2413 1651; x_wconf 81' lang='lat' dir='ltr'><strong>ancillarum</strong></span> <span class='ocrx_word' id='word_1_593' title='bbox 2442 1612 2656 1670; x_wconf 88' lang='lat' dir='ltr'><strong>gregem</strong></span> <span class='ocrx_word' id='word_1_594' title='bbox 2697 1609 2754 1657; x_wconf 92' lang='lat' dir='ltr'><strong>et</strong></span> <span class='ocrx_word' id='word_1_595' title='bbox 2793 1603 3050 1673; x_wconf 88' lang='lat' dir='ltr'><strong>reliquam</strong></span> <span class='ocrx_word' id='word_1_596' title='bbox 3079 1619 3291 1662; x_wconf 91' lang='lat' dir='ltr'><strong>omnem</strong></span> <span class='ocrx_word' id='word_1_597' title='bbox 3333 1625 3579 1682; x_wconf 90' lang='lat' dir='ltr'><strong>pompam</strong></span> <span class='ocrx_word' id='word_1_598' title='bbox 3610 1614 3684 1670; x_wconf 89' lang='lat' dir='ltr'><strong>ri-</strong></span> 
     </span>
    </p>
   </div>
   <div class='ocr_carea' id='block_1_77' title="bbox 2106 1683 3682 1766">
    <p class='ocr_par' dir='ltr' id='par_1_77' title="bbox 2106 1683 3682 1766">
     <span class='ocr_line' id='line_1_77' title="bbox 2106 1683 3682 1766; baseline 0.014 -29"><span class='ocrx_word' id='word_1_599' title='bbox 2106 1683 2333 1739; x_wconf 89' lang='lat' dir='ltr'><strong>diculam</strong></span> <span class='ocrx_word' id='word_1_600' title='bbox 2380 1704 2393 1740; x_wconf 92' lang='lat'><strong>:</strong></span> <span class='ocrx_word' id='word_1_601' title='bbox 2439 1687 2533 1743; x_wconf 87' lang='lat' dir='ltr'><strong>sed</strong></span> <span class='ocrx_word' id='word_1_602' title='bbox 2576 1688 2660 1743; x_wconf 90' lang='lat' dir='ltr'><strong>his</strong></span> <span class='ocrx_word' id='word_1_603' title='bbox 2704 1691 2951 1747; x_wconf 88' lang='lat' dir='ltr'><strong>omnibus</strong></span> <span class='ocrx_word' id='word_1_604' title='bbox 2994 1697 3328 1766; x_wconf 86' lang='lat' dir='ltr'><strong>amandatis,</strong></span> <span class='ocrx_word' id='word_1_605' title='bbox 3361 1709 3416 1755; x_wconf 92' lang='lat' dir='ltr'><strong>et</strong></span> <span class='ocrx_word' id='word_1_606' title='bbox 3455 1716 3682 1759; x_wconf 80' lang='lat' dir='ltr'><strong>excusso</strong></span> 
     </span>
    </p>
   </div>
   <div class='ocr_carea' id='block_1_78' title="bbox 2107 1775 3680 1858">
    <p class='ocr_par' dir='ltr' id='par_1_78' title="bbox 2107 1775 3680 1858">
     <span class='ocr_line' id='line_1_78' title="bbox 2107 1775 3680 1858; baseline 0.014 -29"><span class='ocrx_word' id='word_1_607' title='bbox 2107 1775 2374 1832; x_wconf 89' lang='lat' dir='ltr'><strong>mundano</strong></span> <span class='ocrx_word' id='word_1_608' title='bbox 2394 1776 2531 1834; x_wconf 88' lang='lat' dir='ltr'><strong>fastu</strong></span> <span class='ocrx_word' id='word_1_609' title='bbox 2561 1796 2720 1835; x_wconf 93' lang='lat' dir='ltr'><strong>unum</strong></span> <span class='ocrx_word' id='word_1_610' title='bbox 2744 1782 2870 1838; x_wconf 93' lang='lat' dir='ltr'><strong>illud</strong></span> <span class='ocrx_word' id='word_1_611' title='bbox 2902 1785 3074 1839; x_wconf 90' lang='lat' dir='ltr'><strong>solum</strong></span> <span class='ocrx_word' id='word_1_612' title='bbox 3103 1789 3440 1858; x_wconf 58' lang='lat' dir='ltr'><strong>quaerebant,</strong></span> <span class='ocrx_word' id='word_1_613' title='bbox 3471 1803 3527 1848; x_wconf 90' lang='lat' dir='ltr'><strong>ut</strong></span> <span class='ocrx_word' id='word_1_614' title='bbox 3551 1809 3680 1852; x_wconf 90' lang='lat' dir='ltr'><strong>con-</strong></span> 
     </span>
    </p>
   </div>
   <div class='ocr_carea' id='block_1_79' title="bbox 2107 1868 3683 1954">
    <p class='ocr_par' dir='ltr' id='par_1_79' title="bbox 2107 1868 3683 1954">
     <span class='ocr_line' id='line_1_79' title="bbox 2107 1868 3683 1954; baseline 0.013 -34"><span class='ocrx_word' id='word_1_615' title='bbox 2107 1875 2278 1922; x_wconf 87' lang='lat' dir='ltr'><strong>sortes</strong></span> <span class='ocrx_word' id='word_1_616' title='bbox 2296 1868 2484 1924; x_wconf 89' lang='lat' dir='ltr'><strong>fierent</strong></span> <span class='ocrx_word' id='word_1_617' title='bbox 2501 1873 2882 1940; x_wconf 87' lang='lat' dir='ltr'><strong>apostolorum,</strong></span> <span class='ocrx_word' id='word_1_618' title='bbox 2902 1884 2957 1930; x_wconf 91' lang='lat' dir='ltr'><strong>et</strong></span> <span class='ocrx_word' id='word_1_619' title='bbox 2975 1878 3210 1947; x_wconf 89' lang='lat' dir='ltr'><strong>ejusdem</strong></span> <span class='ocrx_word' id='word_1_620' title='bbox 3227 1895 3345 1936; x_wconf 92' lang='lat' dir='ltr'><strong>cum</strong></span> <span class='ocrx_word' id='word_1_621' title='bbox 3370 1883 3472 1938; x_wconf 91' lang='lat' dir='ltr'><strong>illis</strong></span> <span class='ocrx_word' id='word_1_622' title='bbox 3493 1885 3683 1954; x_wconf 66' lang='lat' dir='ltr'><strong>praeda:</strong></span> 
     </span>
    </p>
   </div>
   <div class='ocr_carea' id='block_1_80' title="bbox 2110 1959 3680 2043">
    <p class='ocr_par' dir='ltr' id='par_1_80' title="bbox 2110 1959 3680 2043">
     <span class='ocr_line' id='line_1_80' title="bbox 2110 1959 3680 2043; baseline 0.014 -32"><span class='ocrx_word' id='word_1_623' title='bbox 2110 1959 2410 2029; x_wconf 89' lang='lat' dir='ltr'><strong>participes.</strong></span> <span class='ocrx_word' id='word_1_624' title='bbox 2443 1960 2560 2029; x_wconf 83' lang='lat' dir='ltr'><strong>Quo</strong></span> <span class='ocrx_word' id='word_1_625' title='bbox 2582 1962 2640 2017; x_wconf 88' lang='lat' dir='ltr'><strong>fit</strong></span> <span class='ocrx_word' id='word_1_626' title='bbox 2671 1973 2726 2018; x_wconf 92' lang='lat' dir='ltr'><strong>ut</strong></span> <span class='ocrx_word' id='word_1_627' title='bbox 2756 1981 2859 2020; x_wconf 93' lang='lat' dir='ltr'><strong>non</strong></span> <span class='ocrx_word' id='word_1_628' title='bbox 2899 1967 3014 2025; x_wconf 74' lang='lat' dir='ltr'><strong>htec</strong></span> <span class='ocrx_word' id='word_1_629' title='bbox 3041 1971 3211 2026; x_wconf 90' lang='lat' dir='ltr'><strong>solum</strong></span> <span class='ocrx_word' id='word_1_630' title='bbox 3242 1973 3361 2028; x_wconf 86' lang='lat' dir='ltr'><strong>talis</strong></span> <span class='ocrx_word' id='word_1_631' title='bbox 3397 1986 3560 2043; x_wconf 91' lang='lat' dir='ltr'><strong>esset,</strong></span> <span class='ocrx_word' id='word_1_632' title='bbox 3588 1993 3680 2033; x_wconf 83' lang='lat' dir='ltr'><strong>ve-</strong></span> 
     </span>
    </p>
   </div>
   <div class='ocr_carea' id='block_1_81' title="bbox 2109 2050 3681 2137">
    <p class='ocr_par' dir='ltr' id='par_1_81' title="bbox 2109 2050 3681 2137">
     <span class='ocr_line' id='line_1_81' title="bbox 2109 2050 3681 2137; baseline 0.014 -36"><span class='ocrx_word' id='word_1_633' title='bbox 2109 2062 2225 2102; x_wconf 92' lang='lat' dir='ltr'><strong>rum</strong></span> <span class='ocrx_word' id='word_1_634' title='bbox 2266 2050 2424 2104; x_wconf 89' lang='lat' dir='ltr'><strong>etiam</strong></span> <span class='ocrx_word' id='word_1_635' title='bbox 2463 2067 2650 2108; x_wconf 89' lang='lat' dir='ltr'><strong>omnes</strong></span> <span class='ocrx_word' id='word_1_636' title='bbox 2680 2055 2916 2126; x_wconf 72' lang='lat' dir='ltr'><strong>reliquae.</strong></span> <span class='ocrx_word' id='word_1_637' title='bbox 2946 2057 3076 2114; x_wconf 84' lang='lat' dir='ltr'><strong>Nam</strong></span> <span class='ocrx_word' id='word_1_638' title='bbox 3117 2061 3266 2118; x_wconf 90' lang='lat' dir='ltr'><strong>etde</strong></span> <span class='ocrx_word' id='word_1_639' title='bbox 3309 2062 3524 2120; x_wconf 89' lang='lat' dir='ltr'><strong>Perside</strong></span> <span class='ocrx_word' id='word_1_640' title='bbox 3554 2083 3681 2137; x_wconf 82' lang='lat' dir='ltr'><strong>qua-</strong></span> 
     </span>
    </p>
   </div>
   <div class='ocr_carea' id='block_1_82' title="bbox 2109 2140 3676 2226">
    <p class='ocr_par' dir='ltr' id='par_1_82' title="bbox 2109 2140 3676 2226">
     <span class='ocr_line' id='line_1_82' title="bbox 2109 2140 3676 2226; baseline 0.015 -33"><span class='ocrx_word' id='word_1_641' title='bbox 2109 2140 2230 2195; x_wconf 87' lang='lat' dir='ltr'><strong>dam</strong></span> <span class='ocrx_word' id='word_1_642' title='bbox 2257 2141 2405 2212; x_wconf 88' lang='lat' dir='ltr'><strong>dicit,</strong></span> <span class='ocrx_word' id='word_1_643' title='bbox 2439 2143 2566 2211; x_wconf 75' lang='grc' dir='ltr'><strong>ρυω</strong></span> <span class='ocrx_word' id='word_1_644' title='bbox 2591 2147 2803 2201; x_wconf 87' lang='lat' dir='ltr'><strong>multum</strong></span> <span class='ocrx_word' id='word_1_645' title='bbox 2834 2149 3077 2205; x_wconf 80' lang='lat' dir='ltr'><strong>laboravit</strong></span> <span class='ocrx_word' id='word_1_646' title='bbox 3107 2167 3228 2224; x_wconf 87' lang='lat' dir='ltr'><strong>erga</strong></span> <span class='ocrx_word' id='word_1_647' title='bbox 3252 2171 3343 2210; x_wconf 87' lang='lat' dir='ltr'><strong>nos</strong></span> <span class='ocrx_word' id='word_1_648' title='bbox 3369 2155 3554 2226; x_wconf 83' lang='lat' dir='ltr'><strong>(Rom.</strong></span> <span class='ocrx_word' id='word_1_649' title='bbox 3589 2160 3676 2217; x_wconf 87' lang='grc'><strong>16.</strong></span> 
     </span>
    </p>
   </div>
   <div class='ocr_carea' id='block_1_83' title="bbox 2113 2234 3683 2316">
    <p class='ocr_par' dir='ltr' id='par_1_83' title="bbox 2113 2234 3683 2316">
     <span class='ocr_line' id='line_1_83' title="bbox 2113 2234 3683 2316; baseline 0.011 -28"><span class='ocrx_word' id='word_1_650' title='bbox 2113 2234 2236 2304; x_wconf 75' lang='grc'><strong>12),</strong></span> <span class='ocrx_word' id='word_1_651' title='bbox 2263 2243 2318 2291; x_wconf 91' lang='lat' dir='ltr'><strong>et</strong></span> <span class='ocrx_word' id='word_1_652' title='bbox 2342 2235 2557 2293; x_wconf 84' lang='lat' dir='ltr'><strong>Mariam</strong></span> <span class='ocrx_word' id='word_1_653' title='bbox 2594 2253 2658 2294; x_wconf 87' lang='lat' dir='ltr'><strong>ac</strong></span> <span class='ocrx_word' id='word_1_654' title='bbox 2695 2239 3042 2312; x_wconf 81' lang='lat' dir='ltr'><strong>Tryphaenam</strong></span> <span class='ocrx_word' id='word_1_655' title='bbox 3071 2246 3140 2300; x_wconf 89' lang='lat' dir='ltr'><strong>ob</strong></span> <span class='ocrx_word' id='word_1_656' title='bbox 3171 2245 3430 2316; x_wconf 90' lang='lat' dir='ltr'><strong>ejusmodi</strong></span> <span class='ocrx_word' id='word_1_657' title='bbox 3476 2248 3683 2305; x_wconf 83' lang='lat' dir='ltr'><strong>labores</strong></span> 
     </span>
    </p>
   </div>
   <div class='ocr_carea' id='block_1_84' title="bbox 2113 2325 3681 2404">
    <p class='ocr_par' dir='ltr' id='par_1_84' title="bbox 2113 2325 3681 2404">
     <span class='ocr_line' id='line_1_84' title="bbox 2113 2325 3681 2404; baseline 0.012 -25"><span class='ocrx_word' id='word_1_658' title='bbox 2113 2325 2319 2392; x_wconf 79' lang='lat' dir='ltr'><strong>laudat,</strong></span> <span class='ocrx_word' id='word_1_659' title='bbox 2351 2328 2491 2399; x_wconf 89' lang='lat' dir='ltr'><strong>quod</strong></span> <span class='ocrx_word' id='word_1_660' title='bbox 2515 2345 2636 2385; x_wconf 92' lang='lat' dir='ltr'><strong>cum</strong></span> <span class='ocrx_word' id='word_1_661' title='bbox 2670 2333 2924 2402; x_wconf 90' lang='lat' dir='ltr'><strong>apostolis</strong></span> <span class='ocrx_word' id='word_1_662' title='bbox 2957 2335 3293 2404; x_wconf 87' lang='lat' dir='ltr'><strong>laborarent,</strong></span> <span class='ocrx_word' id='word_1_663' title='bbox 3323 2347 3379 2394; x_wconf 89' lang='lat' dir='ltr'><strong>et</strong></span> <span class='ocrx_word' id='word_1_664' title='bbox 3403 2339 3467 2395; x_wconf 90' lang='lat' dir='ltr'><strong>ad</strong></span> <span class='ocrx_word' id='word_1_665' title='bbox 3497 2341 3681 2398; x_wconf 89' lang='lat' dir='ltr'><strong>eadem</strong></span> 
     </span>
    </p>
   </div>
   <div class='ocr_carea' id='block_1_85' title="bbox 2110 2418 3681 2503">
    <p class='ocr_par' dir='ltr' id='par_1_85' title="bbox 2110 2418 3681 2503">
     <span class='ocr_line' id='line_1_85' title="bbox 2110 2418 3681 2503; baseline 0.013 -32"><span class='ocrx_word' id='word_1_666' title='bbox 2110 2418 2380 2474; x_wconf 88' lang='lat' dir='ltr'><strong>subeunda</strong></span> <span class='ocrx_word' id='word_1_667' title='bbox 2406 2422 2696 2479; x_wconf 88' lang='lat' dir='ltr'><strong>certamina</strong></span> <span class='ocrx_word' id='word_1_668' title='bbox 2723 2439 2784 2480; x_wconf 89' lang='lat' dir='ltr'><strong>se</strong></span> <span class='ocrx_word' id='word_1_669' title='bbox 2802 2427 3154 2497; x_wconf 87' lang='lat' dir='ltr'><strong>accingerent.</strong></span> <span class='ocrx_word' id='word_1_670' title='bbox 3185 2430 3289 2487; x_wconf 85' lang='lat' dir='ltr'><strong>Sed</strong></span> <span class='ocrx_word' id='word_1_671' title='bbox 3318 2433 3406 2503; x_wconf 91' lang='lat' dir='ltr'><strong>qui</strong></span> <span class='ocrx_word' id='word_1_672' title='bbox 3436 2433 3513 2498; x_wconf 86' lang='lat' dir='ltr'><strong>fit,</strong></span> <span class='ocrx_word' id='word_1_673' title='bbox 3543 2445 3599 2491; x_wconf 90' lang='lat' dir='ltr'><strong>ut</strong></span> <span class='ocrx_word' id='word_1_674' title='bbox 3617 2436 3681 2492; x_wconf 87' lang='lat' dir='ltr'><strong>ad</strong></span> 
     </span>
    </p>
   </div>
   <div class='ocr_carea' id='block_1_86' title="bbox 2112 2509 3682 2586">
    <p class='ocr_par' dir='ltr' id='par_1_86' title="bbox 2112 2509 3682 2586">
     <span class='ocr_line' id='line_1_86' title="bbox 2112 2509 3682 2586; baseline 0.014 -24"><span class='ocrx_word' id='word_1_675' title='bbox 2112 2509 2443 2567; x_wconf 84' lang='lat' dir='ltr'><strong>Timotheum</strong></span> <span class='ocrx_word' id='word_1_676' title='bbox 2474 2515 2713 2572; x_wconf 91' lang='lat' dir='ltr'><strong>scribens</strong></span> <span class='ocrx_word' id='word_1_677' title='bbox 2739 2517 2913 2586; x_wconf 90' lang='lat' dir='ltr'><strong>dicat,</strong></span> <span class='ocrx_word' id='word_1_678' title='bbox 2944 2518 3152 2576; x_wconf 77' lang='lat' dir='ltr'><strong>Mulieri</strong></span> <span class='ocrx_word' id='word_1_679' title='bbox 3188 2533 3355 2579; x_wconf 85' lang='lat' dir='ltr'><strong>autem</strong></span> <span class='ocrx_word' id='word_1_680' title='bbox 3384 2527 3561 2582; x_wconf 82' lang='lat' dir='ltr'><strong>docere</strong></span> <span class='ocrx_word' id='word_1_681' title='bbox 3584 2545 3682 2584; x_wconf 78' lang='lat' dir='ltr'><strong>non</strong></span> 
     </span>
    </p>
   </div>
   <div class='ocr_carea' id='block_1_87' title="bbox 2122 2600 3684 2688">
    <p class='ocr_par' dir='ltr' id='par_1_87' title="bbox 2122 2600 3684 2688">
     <span class='ocr_line' id='line_1_87' title="bbox 2122 2600 3684 2688; baseline 0.013 -37"><span class='ocrx_word' id='word_1_682' title='bbox 2122 2600 2353 2667; x_wconf 85' lang='lat' dir='ltr'><strong>permitto</strong></span> <span class='ocrx_word' id='word_1_683' title='bbox 2375 2642 2389 2666; x_wconf 92' lang='lat'><strong>,</strong></span> <span class='ocrx_word' id='word_1_684' title='bbox 2419 2618 2578 2674; x_wconf 84' lang='lat' dir='ltr'><strong>neque</strong></span> <span class='ocrx_word' id='word_1_685' title='bbox 2611 2605 2861 2661; x_wconf 83' lang='lat' dir='ltr'><strong>dominari</strong></span> <span class='ocrx_word' id='word_1_686' title='bbox 2898 2608 2949 2662; x_wconf 87' lang='lat' dir='ltr'><strong>in</strong></span> <span class='ocrx_word' id='word_1_687' title='bbox 2985 2609 3145 2664; x_wconf 80' lang='lat' dir='ltr'><strong>uirum</strong></span> <span class='ocrx_word' id='word_1_688' title='bbox 3175 2611 3194 2681; x_wconf 93' lang='lat'>(</span> <span class='ocrx_word' id='word_1_689' title='bbox 3218 2614 3267 2668; x_wconf 88' lang='grc'><strong>1.</strong></span> <span class='ocrx_word' id='word_1_690' title='bbox 3302 2612 3430 2668; x_wconf 85' lang='lat' dir='ltr'><strong>Tim.</strong></span> <span class='ocrx_word' id='word_1_691' title='bbox 3453 2615 3510 2670; x_wconf 73' lang='grc'><strong>2.</strong></span> <span class='ocrx_word' id='word_1_692' title='bbox 3535 2617 3600 2671; x_wconf 76' lang='grc'><strong>12</strong></span> <span class='ocrx_word' id='word_1_693' title='bbox 3623 2618 3684 2688; x_wconf 80' lang='lat'><strong>)?</strong></span> 
     </span>
    </p>
   </div>
   <div class='ocr_carea' id='block_1_88' title="bbox 2113 2687 3681 2775">
    <p class='ocr_par' dir='ltr' id='par_1_88' title="bbox 2113 2687 3681 2775">
     <span class='ocr_line' id='line_1_88' title="bbox 2113 2687 3681 2775; baseline 0.014 -34"><span class='ocrx_word' id='word_1_694' title='bbox 2113 2687 2337 2756; x_wconf 85' lang='lat' dir='ltr'><strong>Quando</strong></span> <span class='ocrx_word' id='word_1_695' title='bbox 2360 2692 2478 2759; x_wconf 90' lang='lat' dir='ltr'><strong>pius</strong></span> <span class='ocrx_word' id='word_1_696' title='bbox 2504 2702 2585 2747; x_wconf 88' lang='lat' dir='ltr'><strong>est</strong></span> <span class='ocrx_word' id='word_1_697' title='bbox 2609 2693 2707 2761; x_wconf 77' lang='lat' dir='ltr'><strong>vir,</strong></span> <span class='ocrx_word' id='word_1_698' title='bbox 2722 2704 2774 2749; x_wconf 88' lang='lat' dir='ltr'><strong>et</strong></span> <span class='ocrx_word' id='word_1_699' title='bbox 2793 2697 3031 2753; x_wconf 87' lang='lat' dir='ltr'><strong>eamdem</strong></span> <span class='ocrx_word' id='word_1_700' title='bbox 3054 2700 3360 2772; x_wconf 89' lang='lat' dir='ltr'><strong>religionem</strong></span> <span class='ocrx_word' id='word_1_701' title='bbox 3386 2687 3681 2775; x_wconf 89' lang='lat' dir='ltr'><strong>profitetur,</strong></span> 
     </span>
    </p>
   </div>
   <div class='ocr_carea' id='block_1_89' title="bbox 2113 2781 3681 2864">
    <p class='ocr_par' dir='ltr' id='par_1_89' title="bbox 2113 2781 3681 2864">
     <span class='ocr_line' id='line_1_89' title="bbox 2113 2781 3681 2864; baseline 0.013 -31"><span class='ocrx_word' id='word_1_702' title='bbox 2113 2790 2165 2834; x_wconf 89' lang='lat' dir='ltr'><strong>et</strong></span> <span class='ocrx_word' id='word_1_703' title='bbox 2194 2781 2434 2846; x_wconf 90' lang='lat' dir='ltr'><strong>ejusdem</strong></span> <span class='ocrx_word' id='word_1_704' title='bbox 2465 2784 2728 2856; x_wconf 90' lang='lat' dir='ltr'><strong>particeps</strong></span> <span class='ocrx_word' id='word_1_705' title='bbox 2774 2796 2856 2842; x_wconf 91' lang='lat' dir='ltr'><strong>est</strong></span> <span class='ocrx_word' id='word_1_706' title='bbox 2905 2789 3214 2859; x_wconf 84' lang='lat' dir='ltr'><strong>sapientiae:</strong></span> <span class='ocrx_word' id='word_1_707' title='bbox 3257 2794 3468 2864; x_wconf 88' lang='lat' dir='ltr'><strong>quando</strong></span> <span class='ocrx_word' id='word_1_708' title='bbox 3503 2806 3681 2855; x_wconf 88' lang='lat' dir='ltr'><strong>autem</strong></span> 
     </span>
    </p>
   </div>
   <div class='ocr_carea' id='block_1_90' title="bbox 2110 2871 3681 2949">
    <p class='ocr_par' dir='ltr' id='par_1_90' title="bbox 2110 2871 3681 2949">
     <span class='ocr_line' id='line_1_90' title="bbox 2110 2871 3681 2949; baseline 0.012 -24"><span class='ocrx_word' id='word_1_709' title='bbox 2110 2871 2346 2928; x_wconf 84' lang='lat' dir='ltr'><strong>infidelis</strong></span> <span class='ocrx_word' id='word_1_710' title='bbox 2374 2885 2454 2930; x_wconf 82' lang='lat' dir='ltr'><strong>est</strong></span> <span class='ocrx_word' id='word_1_711' title='bbox 2479 2884 2533 2930; x_wconf 90' lang='lat' dir='ltr'><strong>et</strong></span> <span class='ocrx_word' id='word_1_712' title='bbox 2572 2886 2754 2944; x_wconf 88' lang='lat' dir='ltr'><strong>errat,</strong></span> <span class='ocrx_word' id='word_1_713' title='bbox 2782 2879 2948 2949; x_wconf 86' lang='lat' dir='ltr'><strong>ipsam</strong></span> <span class='ocrx_word' id='word_1_714' title='bbox 2975 2880 3196 2937; x_wconf 89' lang='lat' dir='ltr'><strong>docendi</strong></span> <span class='ocrx_word' id='word_1_715' title='bbox 3226 2887 3536 2942; x_wconf 83' lang='lat' dir='ltr'><strong>auctoritate</strong></span> <span class='ocrx_word' id='word_1_716' title='bbox 3573 2905 3681 2944; x_wconf 90' lang='lat' dir='ltr'><strong>non</strong></span> 
     </span>
    </p>
   </div>
   <div class='ocr_carea' id='block_1_91' title="bbox 2111 2963 3680 3039">
    <p class='ocr_par' dir='ltr' id='par_1_91' title="bbox 2111 2963 3680 3039">
     <span class='ocr_line' id='line_1_91' title="bbox 2111 2963 3680 3039; baseline 0.01 -22"><span class='ocrx_word' id='word_1_717' title='bbox 2111 2963 2299 3032; x_wconf 88' lang='lat' dir='ltr'><strong>privat.</strong></span> <span class='ocrx_word' id='word_1_718' title='bbox 2329 2964 2489 3020; x_wconf 89' lang='lat' dir='ltr'><strong>Certe</strong></span> <span class='ocrx_word' id='word_1_719' title='bbox 2513 2981 2631 3020; x_wconf 91' lang='lat' dir='ltr'><strong>eum</strong></span> <span class='ocrx_word' id='word_1_720' title='bbox 2661 2967 2728 3022; x_wconf 90' lang='lat' dir='ltr'><strong>ad</strong></span> <span class='ocrx_word' id='word_1_721' title='bbox 2755 2967 3060 3026; x_wconf 86' lang='lat' dir='ltr'><strong>Corinthios</strong></span> <span class='ocrx_word' id='word_1_722' title='bbox 3088 2972 3361 3039; x_wconf 88' lang='lat' dir='ltr'><strong>scriberet,</strong></span> <span class='ocrx_word' id='word_1_723' title='bbox 3390 2975 3465 3030; x_wconf 91' lang='lat' dir='ltr'><strong>ait</strong></span> <span class='ocrx_word' id='word_1_724' title='bbox 3493 2993 3508 3031; x_wconf 85' lang='lat'><strong>:</strong></span> <span class='ocrx_word' id='word_1_725' title='bbox 3541 2976 3608 3030; x_wconf 84' lang='lat' dir='ltr'><strong>Et</strong></span> <span class='ocrx_word' id='word_1_726' title='bbox 3636 2978 3680 3033; x_wconf 87' lang='lat' dir='ltr'><strong>si</strong></span> 
     </span>
    </p>
   </div>
   <div class='ocr_carea' id='block_1_92' title="bbox 2108 3055 3674 3127">
    <p class='ocr_par' dir='ltr' id='par_1_92' title="bbox 2108 3055 3674 3127">
     <span class='ocr_line' id='line_1_92' title="bbox 2108 3055 3674 3127; baseline 0.01 -21"><span class='ocrx_word' id='word_1_727' title='bbox 2108 3069 2208 3122; x_wconf 81' lang='lat' dir='ltr'><strong>qua</strong></span> <span class='ocrx_word' id='word_1_728' title='bbox 2233 3055 2412 3108; x_wconf 87' lang='lat' dir='ltr'><strong>mulier</strong></span> <span class='ocrx_word' id='word_1_729' title='bbox 2440 3055 2586 3110; x_wconf 83' lang='lat' dir='ltr'><strong>habet</strong></span> <span class='ocrx_word' id='word_1_730' title='bbox 2619 3057 2778 3111; x_wconf 80' lang='lat' dir='ltr'><strong>virum</strong></span> <span class='ocrx_word' id='word_1_731' title='bbox 2803 3059 3086 3127; x_wconf 81' lang='lat' dir='ltr'><strong>inﬁdelem,</strong></span> <span class='ocrx_word' id='word_1_732' title='bbox 3120 3079 3219 3116; x_wconf 86' lang='lat' dir='ltr'><strong>non</strong></span> <span class='ocrx_word' id='word_1_733' title='bbox 3255 3065 3468 3119; x_wconf 86' lang='lat' dir='ltr'><strong>dimittat</strong></span> <span class='ocrx_word' id='word_1_734' title='bbox 3509 3067 3674 3123; x_wconf 86' lang='lat' dir='ltr'><strong>illum.</strong></span> 
     </span>
    </p>
   </div>
   <div class='ocr_carea' id='block_1_93' title="bbox 2113 3143 3678 3228">
    <p class='ocr_par' dir='ltr' id='par_1_93' title="bbox 2113 3143 3678 3228">
     <span class='ocr_line' id='line_1_93' title="bbox 2113 3143 3678 3228; baseline 0.01 -29"><span class='ocrx_word' id='word_1_735' title='bbox 2113 3143 2260 3199; x_wconf 79' lang='lat' dir='ltr'><strong>Unde</strong></span> <span class='ocrx_word' id='word_1_736' title='bbox 2291 3146 2422 3201; x_wconf 84' lang='lat' dir='ltr'><strong>enim</strong></span> <span class='ocrx_word' id='word_1_737' title='bbox 2445 3147 2544 3200; x_wconf 86' lang='lat' dir='ltr'><strong>scis</strong></span> <span class='ocrx_word' id='word_1_738' title='bbox 2561 3186 2577 3214; x_wconf 95' lang='lat'><strong>,</strong></span> <span class='ocrx_word' id='word_1_739' title='bbox 2601 3148 2799 3217; x_wconf 84' lang='lat' dir='ltr'><strong>mulier,</strong></span> <span class='ocrx_word' id='word_1_740' title='bbox 2825 3150 2868 3204; x_wconf 86' lang='lat' dir='ltr'><strong>si</strong></span> <span class='ocrx_word' id='word_1_741' title='bbox 2892 3151 3053 3205; x_wconf 78' lang='lat' dir='ltr'><strong>virum</strong></span> <span class='ocrx_word' id='word_1_742' title='bbox 3079 3153 3269 3208; x_wconf 81' lang='lat' dir='ltr'><strong>salvum</strong></span> <span class='ocrx_word' id='word_1_743' title='bbox 3289 3157 3443 3226; x_wconf 77' lang='lat' dir='ltr'><strong>facies</strong></span> <span class='ocrx_word' id='word_1_744' title='bbox 3466 3158 3540 3228; x_wconf 89' lang='grc'><strong>(1.</strong></span> <span class='ocrx_word' id='word_1_745' title='bbox 3558 3158 3678 3216; x_wconf 81' lang='lat' dir='ltr'><strong>Cor.</strong></span> 
     </span>
    </p>
   </div>
   <div class='ocr_carea' id='block_1_94' title="bbox 2108 3236 3680 3314">
    <p class='ocr_par' dir='ltr' id='par_1_94' title="bbox 2108 3236 3680 3314">
     <span class='ocr_line' id='line_1_94' title="bbox 2108 3236 3680 3314; baseline 0.011 -25"><span class='ocrx_word' id='word_1_746' title='bbox 2108 3236 2159 3290; x_wconf 80' lang='lat'><strong>7.</strong></span> <span class='ocrx_word' id='word_1_747' title='bbox 2189 3238 2272 3293; x_wconf 75' lang='grc'><strong>15.</strong></span> <span class='ocrx_word' id='word_1_748' title='bbox 2311 3237 2439 3308; x_wconf 70' lang='grc' dir='ltr'><strong>16)ἳ</strong></span> <span class='ocrx_word' id='word_1_749' title='bbox 2467 3237 2583 3305; x_wconf 84' lang='lat' dir='ltr'><strong>Quo</strong></span> <span class='ocrx_word' id='word_1_750' title='bbox 2611 3253 2740 3294; x_wconf 83' lang='lat' dir='ltr'><strong>vero</strong></span> <span class='ocrx_word' id='word_1_751' title='bbox 2765 3249 2917 3310; x_wconf 84' lang='lat' dir='ltr'><strong>pacto</strong></span> <span class='ocrx_word' id='word_1_752' title='bbox 2941 3241 3055 3298; x_wconf 82' lang='lat' dir='ltr'><strong>fieri</strong></span> <span class='ocrx_word' id='word_1_753' title='bbox 3088 3253 3296 3314; x_wconf 87' lang='lat' dir='ltr'><strong>potest,</strong></span> <span class='ocrx_word' id='word_1_754' title='bbox 3326 3256 3382 3303; x_wconf 91' lang='lat' dir='ltr'><strong>ut</strong></span> <span class='ocrx_word' id='word_1_755' title='bbox 3406 3249 3592 3304; x_wconf 88' lang='lat' dir='ltr'><strong>mulier</strong></span> <span class='ocrx_word' id='word_1_756' title='bbox 3613 3250 3680 3306; x_wconf 79' lang='lat' dir='ltr'><strong>ﬁ-</strong></span> 
     </span>
    </p>
   </div>
   <div class='ocr_carea' id='block_1_95' title="bbox 2105 3325 3680 3396">
    <p class='ocr_par' dir='ltr' id='par_1_95' title="bbox 2105 3325 3680 3396">
     <span class='ocr_line' id='line_1_95' title="bbox 2105 3325 3680 3396; baseline 0.01 -16"><span class='ocrx_word' id='word_1_757' title='bbox 2105 3325 2240 3383; x_wconf 85' lang='lat' dir='ltr'><strong>delis</strong></span> <span class='ocrx_word' id='word_1_758' title='bbox 2269 3327 2437 3383; x_wconf 88' lang='lat' dir='ltr'><strong>virum</strong></span> <span class='ocrx_word' id='word_1_759' title='bbox 2470 3328 2732 3385; x_wconf 81' lang='lat' dir='ltr'><strong>infidelem</strong></span> <span class='ocrx_word' id='word_1_760' title='bbox 2755 3331 2958 3386; x_wconf 85' lang='lat' dir='ltr'><strong>salvum</strong></span> <span class='ocrx_word' id='word_1_761' title='bbox 2994 3332 3188 3389; x_wconf 71' lang='lat' dir='ltr'><strong>faciat?</strong></span> <span class='ocrx_word' id='word_1_762' title='bbox 3216 3336 3488 3394; x_wconf 92' lang='lat' dir='ltr'><strong>lnstruens</strong></span> <span class='ocrx_word' id='word_1_763' title='bbox 3521 3341 3680 3396; x_wconf 82' lang='lat' dir='ltr'><strong>nimi-</strong></span> 
     </span>
    </p>
   </div>
   <div class='ocr_carea' id='block_1_96' title="bbox 2109 3417 3682 3496">
    <p class='ocr_par' dir='ltr' id='par_1_96' title="bbox 2109 3417 3682 3496">
     <span class='ocr_line' id='line_1_96' title="bbox 2109 3417 3682 3496; baseline 0.011 -26"><span class='ocrx_word' id='word_1_764' title='bbox 2109 3432 2222 3470; x_wconf 88' lang='lat' dir='ltr'><strong>rum</strong></span> <span class='ocrx_word' id='word_1_765' title='bbox 2262 3417 2407 3473; x_wconf 92' lang='lat' dir='ltr'><strong>illum</strong></span> <span class='ocrx_word' id='word_1_766' title='bbox 2433 3428 2486 3473; x_wconf 90' lang='lat' dir='ltr'><strong>et</strong></span> <span class='ocrx_word' id='word_1_767' title='bbox 2509 3419 2705 3474; x_wconf 89' lang='lat' dir='ltr'><strong>docens</strong></span> <span class='ocrx_word' id='word_1_768' title='bbox 2735 3431 2892 3491; x_wconf 89' lang='lat' dir='ltr'><strong>atque</strong></span> <span class='ocrx_word' id='word_1_769' title='bbox 2932 3422 2998 3477; x_wconf 86' lang='lat' dir='ltr'><strong>ad</strong></span> <span class='ocrx_word' id='word_1_770' title='bbox 3037 3423 3193 3479; x_wconf 85' lang='lat' dir='ltr'><strong>fidem</strong></span> <span class='ocrx_word' id='word_1_771' title='bbox 3219 3426 3484 3484; x_wconf 89' lang='lat' dir='ltr'><strong>adducens</strong></span> <span class='ocrx_word' id='word_1_772' title='bbox 3503 3472 3517 3496; x_wconf 93' lang='lat'><strong>,</strong></span> <span class='ocrx_word' id='word_1_773' title='bbox 3547 3431 3682 3488; x_wconf 89' lang='lat' dir='ltr'><strong>sicut</strong></span> 
     </span>
    </p>
   </div>
   <div class='ocr_carea' id='block_1_97' title="bbox 2106 3508 3680 3585">
    <p class='ocr_par' dir='ltr' id='par_1_97' title="bbox 2106 3508 3680 3585">
     <span class='ocr_line' id='line_1_97' title="bbox 2106 3508 3680 3585; baseline 0.009 -23"><span class='ocrx_word' id='word_1_774' title='bbox 2106 3517 2160 3562; x_wconf 87' lang='lat' dir='ltr'><strong>et</strong></span> <span class='ocrx_word' id='word_1_775' title='bbox 2191 3508 2289 3562; x_wconf 88' lang='lat' dir='ltr'><strong>ista</strong></span> <span class='ocrx_word' id='word_1_776' title='bbox 2321 3508 2557 3564; x_wconf 89' lang='lat' dir='ltr'><strong>Priscilla</strong></span> <span class='ocrx_word' id='word_1_777' title='bbox 2589 3511 2797 3580; x_wconf 84' lang='lat' dir='ltr'><strong>Apollo.</strong></span> <span class='ocrx_word' id='word_1_778' title='bbox 2829 3513 3095 3582; x_wconf 84' lang='lat' dir='ltr'><strong>Alioquin,</strong></span> <span class='ocrx_word' id='word_1_779' title='bbox 3123 3529 3242 3569; x_wconf 92' lang='lat' dir='ltr'><strong>cum</strong></span> <span class='ocrx_word' id='word_1_780' title='bbox 3279 3515 3441 3585; x_wconf 89' lang='lat' dir='ltr'><strong>dicit,</strong></span> <span class='ocrx_word' id='word_1_781' title='bbox 3476 3518 3680 3576; x_wconf 74' lang='lat' dir='ltr'><strong>Mulieri</strong></span> 
     </span>
    </p>
   </div>
   <div class='ocr_carea' id='block_1_98' title="bbox 2106 3599 3678 3682">
    <p class='ocr_par' dir='ltr' id='par_1_98' title="bbox 2106 3599 3678 3682">
     <span class='ocr_line' id='line_1_98' title="bbox 2106 3599 3678 3682; baseline 0.009 -31"><span class='ocrx_word' id='word_1_782' title='bbox 2106 3599 2283 3653; x_wconf 84' lang='lat' dir='ltr'><strong>docere</strong></span> <span class='ocrx_word' id='word_1_783' title='bbox 2309 3616 2409 3653; x_wconf 90' lang='lat' dir='ltr'><strong>non</strong></span> <span class='ocrx_word' id='word_1_784' title='bbox 2438 3602 2686 3671; x_wconf 83' lang='lat' dir='ltr'><strong>permitto,</strong></span> <span class='ocrx_word' id='word_1_785' title='bbox 2709 3601 2777 3656; x_wconf 92' lang='lat' dir='ltr'><strong>de</strong></span> <span class='ocrx_word' id='word_1_786' title='bbox 2800 3603 3126 3660; x_wconf 89' lang='lat' dir='ltr'><strong>institutione</strong></span> <span class='ocrx_word' id='word_1_787' title='bbox 3153 3621 3272 3675; x_wconf 71' lang='lat' dir='ltr'><strong>qua:</strong></span> <span class='ocrx_word' id='word_1_788' title='bbox 3300 3607 3357 3661; x_wconf 89' lang='lat' dir='ltr'><strong>fit</strong></span> <span class='ocrx_word' id='word_1_789' title='bbox 3381 3623 3413 3662; x_wconf 90' lang='lat' dir='ltr'><strong>e</strong></span> <span class='ocrx_word' id='word_1_790' title='bbox 3431 3622 3678 3682; x_wconf 85' lang='lat' dir='ltr'><strong>suggestu</strong></span> 
     </span>
    </p>
   </div>
   <div class='ocr_carea' id='block_1_99' title="bbox 2106 3687 3680 3767">
    <p class='ocr_par' dir='ltr' id='par_1_99' title="bbox 2106 3687 3680 3767">
     <span class='ocr_line' id='line_1_99' title="bbox 2106 3687 3680 3767; baseline 0.011 -27"><span class='ocrx_word' id='word_1_791' title='bbox 2106 3687 2371 3758; x_wconf 84' lang='lat' dir='ltr'><strong>loquitur,</strong></span> <span class='ocrx_word' id='word_1_792' title='bbox 2397 3689 2464 3745; x_wconf 91' lang='lat' dir='ltr'><strong>de</strong></span> <span class='ocrx_word' id='word_1_793' title='bbox 2488 3704 2734 3746; x_wconf 89' lang='lat' dir='ltr'><strong>sermone</strong></span> <span class='ocrx_word' id='word_1_794' title='bbox 2767 3692 2856 3763; x_wconf 91' lang='lat' dir='ltr'><strong>qui</strong></span> <span class='ocrx_word' id='word_1_795' title='bbox 2888 3693 3110 3749; x_wconf 87' lang='lat' dir='ltr'><strong>habetur</strong></span> <span class='ocrx_word' id='word_1_796' title='bbox 3133 3695 3200 3750; x_wconf 88' lang='lat' dir='ltr'><strong>ad</strong></span> <span class='ocrx_word' id='word_1_797' title='bbox 3232 3700 3481 3767; x_wconf 89' lang='lat' dir='ltr'><strong>populum</strong></span> <span class='ocrx_word' id='word_1_798' title='bbox 3503 3741 3517 3761; x_wconf 90' lang='lat'><strong>,</strong></span> <span class='ocrx_word' id='word_1_799' title='bbox 3547 3710 3680 3757; x_wconf 89' lang='lat' dir='ltr'><strong>etut</strong></span> 
     </span>
    </p>
   </div>
   <div class='ocr_carea' id='block_1_100' title="bbox 2105 3778 3675 3856">
    <p class='ocr_par' dir='ltr' id='par_1_100' title="bbox 2105 3778 3675 3856">
     <span class='ocr_line' id='line_1_100' title="bbox 2105 3778 3675 3856; baseline 0.01 -25"><span class='ocrx_word' id='word_1_800' title='bbox 2105 3778 2467 3835; x_wconf 87' lang='lat' dir='ltr'><strong>sacerdotibus</strong></span> <span class='ocrx_word' id='word_1_801' title='bbox 2514 3797 2579 3836; x_wconf 89' lang='lat' dir='ltr'><strong>ex</strong></span> <span class='ocrx_word' id='word_1_802' title='bbox 2632 3781 2809 3838; x_wconf 80' lang='lat' dir='ltr'><strong>oﬂicio</strong></span> <span class='ocrx_word' id='word_1_803' title='bbox 2855 3783 3111 3840; x_wconf 88' lang='lat' dir='ltr'><strong>incumbit</strong></span> <span class='ocrx_word' id='word_1_804' title='bbox 3151 3804 3164 3840; x_wconf 92' lang='lat'><strong>:</strong></span> <span class='ocrx_word' id='word_1_805' title='bbox 3211 3789 3451 3856; x_wconf 87' lang='lat' dir='ltr'><strong>privatim</strong></span> <span class='ocrx_word' id='word_1_806' title='bbox 3501 3802 3675 3846; x_wconf 90' lang='lat' dir='ltr'><strong>autem</strong></span> 
     </span>
    </p>
   </div>
   <div class='ocr_carea' id='block_1_101' title="bbox 2109 3867 3678 3951">
    <p class='ocr_par' dir='ltr' id='par_1_101' title="bbox 2109 3867 3678 3951">
     <span class='ocr_line' id='line_1_101' title="bbox 2109 3867 3678 3951; baseline 0.008 -29"><span class='ocrx_word' id='word_1_807' title='bbox 2109 3867 2375 3924; x_wconf 85' lang='lat' dir='ltr'><strong>cohortari</strong></span> <span class='ocrx_word' id='word_1_808' title='bbox 2417 3879 2473 3925; x_wconf 91' lang='lat' dir='ltr'><strong>et</strong></span> <span class='ocrx_word' id='word_1_809' title='bbox 2515 3872 2793 3928; x_wconf 90' lang='lat' dir='ltr'><strong>consilium</strong></span> <span class='ocrx_word' id='word_1_810' title='bbox 2835 3875 2964 3929; x_wconf 89' lang='lat' dir='ltr'><strong>dare</strong></span> <span class='ocrx_word' id='word_1_811' title='bbox 3015 3890 3121 3930; x_wconf 92' lang='lat' dir='ltr'><strong>non</strong></span> <span class='ocrx_word' id='word_1_812' title='bbox 3166 3877 3456 3947; x_wconf 85' lang='lat' dir='ltr'><strong>prohibuit.</strong></span> <span class='ocrx_word' id='word_1_813' title='bbox 3498 3881 3678 3951; x_wconf 83' lang='lat' dir='ltr'><strong>Neque</strong></span> 
     </span>
    </p>
   </div>
   <div class='ocr_carea' id='block_1_102' title="bbox 2105 3957 3678 4041">
    <p class='ocr_par' dir='ltr' id='par_1_102' title="bbox 2105 3957 3678 4041">
     <span class='ocr_line' id='line_1_102' title="bbox 2105 3957 3678 4041; baseline 0.009 -29"><span class='ocrx_word' id='word_1_814' title='bbox 2105 3957 2268 4026; x_wconf 86' lang='lat' dir='ltr'><strong>enim,</strong></span> <span class='ocrx_word' id='word_1_815' title='bbox 2293 3959 2336 4014; x_wconf 87' lang='lat' dir='ltr'><strong>si</strong></span> <span class='ocrx_word' id='word_1_816' title='bbox 2362 3958 2462 4016; x_wconf 93' lang='lat' dir='ltr'><strong>hoc</strong></span> <span class='ocrx_word' id='word_1_817' title='bbox 2489 3961 2808 4030; x_wconf 90' lang='lat' dir='ltr'><strong>prohibitum</strong></span> <span class='ocrx_word' id='word_1_818' title='bbox 2835 3963 3037 4032; x_wconf 90' lang='lat' dir='ltr'><strong>fuisset,</strong></span> <span class='ocrx_word' id='word_1_819' title='bbox 3067 3964 3205 4022; x_wconf 89' lang='lat' dir='ltr'><strong>hanc</strong></span> <span class='ocrx_word' id='word_1_820' title='bbox 3239 3983 3358 4038; x_wconf 81' lang='lat' dir='ltr'><strong>qua:</strong></span> <span class='ocrx_word' id='word_1_821' title='bbox 3399 3969 3449 4024; x_wconf 88' lang='lat' dir='ltr'><strong>id</strong></span> <span class='ocrx_word' id='word_1_822' title='bbox 3474 3972 3678 4041; x_wconf 67' lang='lat' dir='ltr'><strong>priesti-</strong></span> 
     </span>
    </p>
   </div>
   <div class='ocr_carea' id='block_1_103' title="bbox 2104 4052 2642 4108">
    <p class='ocr_par' dir='ltr' id='par_1_103' title="bbox 2104 4052 2642 4108">
     <span class='ocr_line' id='line_1_103' title="bbox 2104 4052 2642 4108; baseline 0.009 -5"><span class='ocrx_word' id='word_1_823' title='bbox 2104 4058 2242 4104; x_wconf 89' lang='lat' dir='ltr'><strong>terat</strong></span> <span class='ocrx_word' id='word_1_824' title='bbox 2267 4052 2642 4108; x_wconf 88' lang='lat' dir='ltr'><strong>collaudasset.</strong></span> 
     </span>
    </p>
   </div>
   <div class='ocr_carea' id='block_1_104' title="bbox 2173 4140 3676 4224">
    <p class='ocr_par' dir='ltr' id='par_1_104' title="bbox 2173 4140 3676 4224">
     <span class='ocr_line' id='line_1_104' title="bbox 2173 4140 3676 4224; baseline 0.011 -32"><span class='ocrx_word' id='word_1_825' title='bbox 2173 4140 2227 4194; x_wconf 75' lang='grc'><strong>4.</strong></span> <span class='ocrx_word' id='word_1_826' title='bbox 2261 4141 2491 4195; x_wconf 88' lang='lat' dir='ltr'><strong>Audiant</strong></span> <span class='ocrx_word' id='word_1_827' title='bbox 2517 4143 2634 4209; x_wconf 90' lang='lat' dir='ltr'><strong>viri,</strong></span> <span class='ocrx_word' id='word_1_828' title='bbox 2665 4143 2878 4199; x_wconf 88' lang='lat' dir='ltr'><strong>audiant</strong></span> <span class='ocrx_word' id='word_1_829' title='bbox 2902 4156 2956 4201; x_wconf 90' lang='lat' dir='ltr'><strong>et</strong></span> <span class='ocrx_word' id='word_1_830' title='bbox 2986 4146 3083 4202; x_wconf 87' lang='lat' dir='ltr'><strong>ista</strong></span> <span class='ocrx_word' id='word_1_831' title='bbox 3106 4149 3355 4205; x_wconf 88' lang='lat' dir='ltr'><strong>mulieres</strong></span> <span class='ocrx_word' id='word_1_832' title='bbox 3385 4168 3400 4204; x_wconf 91' lang='lat'><strong>:</strong></span> <span class='ocrx_word' id='word_1_833' title='bbox 3433 4153 3535 4208; x_wconf 79' lang='lat' dir='ltr'><strong>ilhc</strong></span> <span class='ocrx_word' id='word_1_834' title='bbox 3559 4155 3676 4224; x_wconf 81' lang='lat' dir='ltr'><strong>qui-</strong></span> 
     </span>
    </p>
   </div>
   <div class='ocr_carea' id='block_1_105' title="bbox 2103 4228 3676 4312">
    <p class='ocr_par' dir='ltr' id='par_1_105' title="bbox 2103 4228 3676 4312">
     <span class='ocr_line' id='line_1_105' title="bbox 2103 4228 3676 4312; baseline 0.013 -30"><span class='ocrx_word' id='word_1_835' title='bbox 2103 4228 2225 4284; x_wconf 91' lang='lat' dir='ltr'><strong>dem</strong></span> <span class='ocrx_word' id='word_1_836' title='bbox 2250 4270 2266 4297; x_wconf 92' lang='lat'><strong>,</strong></span> <span class='ocrx_word' id='word_1_837' title='bbox 2295 4240 2353 4285; x_wconf 91' lang='lat' dir='ltr'><strong>ut</strong></span> <span class='ocrx_word' id='word_1_838' title='bbox 2379 4246 2494 4286; x_wconf 89' lang='lat' dir='ltr'><strong>eam</strong></span> <span class='ocrx_word' id='word_1_839' title='bbox 2534 4233 2838 4303; x_wconf 89' lang='lat' dir='ltr'><strong>imitentur,</strong></span> <span class='ocrx_word' id='word_1_840' title='bbox 2864 4253 2982 4306; x_wconf 70' lang='lat' dir='ltr'><strong>qua:</strong></span> <span class='ocrx_word' id='word_1_841' title='bbox 3019 4253 3177 4295; x_wconf 88' lang='lat' dir='ltr'><strong>sexus</strong></span> <span class='ocrx_word' id='word_1_842' title='bbox 3215 4243 3450 4312; x_wconf 88' lang='lat' dir='ltr'><strong>ejusdem</strong></span> <span class='ocrx_word' id='word_1_843' title='bbox 3475 4257 3556 4301; x_wconf 89' lang='lat' dir='ltr'><strong>est</strong></span> <span class='ocrx_word' id='word_1_844' title='bbox 3577 4288 3591 4312; x_wconf 96' lang='lat'><strong>,</strong></span> <span class='ocrx_word' id='word_1_845' title='bbox 3619 4258 3676 4304; x_wconf 92' lang='lat' dir='ltr'><strong>et</strong></span> 
     </span>
    </p>
   </div>
   <div class='ocr_carea' id='block_1_106' title="bbox 2103 4322 3675 4397">
    <p class='ocr_par' dir='ltr' id='par_1_106' title="bbox 2103 4322 3675 4397">
     <span class='ocr_line' id='line_1_106' title="bbox 2103 4322 3675 4397; baseline 0.013 -25"><span class='ocrx_word' id='word_1_846' title='bbox 2103 4327 2308 4374; x_wconf 73' lang='lat' dir='ltr'><strong>natura:</strong></span> <span class='ocrx_word' id='word_1_847' title='bbox 2345 4322 2659 4384; x_wconf 75' lang='lat' dir='ltr'><strong>cognatione</strong></span> <span class='ocrx_word' id='word_1_848' title='bbox 2693 4325 2974 4396; x_wconf 86' lang='lat' dir='ltr'><strong>conjuncta</strong></span> <span class='ocrx_word' id='word_1_849' title='bbox 3003 4345 3018 4382; x_wconf 90' lang='lat'><strong>:</strong></span> <span class='ocrx_word' id='word_1_850' title='bbox 3050 4327 3103 4384; x_wconf 88' lang='lat' dir='ltr'><strong>hi</strong></span> <span class='ocrx_word' id='word_1_851' title='bbox 3134 4346 3293 4397; x_wconf 85' lang='lat' dir='ltr'><strong>vero,</strong></span> <span class='ocrx_word' id='word_1_852' title='bbox 3339 4349 3408 4389; x_wconf 88' lang='lat' dir='ltr'><strong>ne</strong></span> <span class='ocrx_word' id='word_1_853' title='bbox 3455 4339 3675 4392; x_wconf 88' lang='lat' dir='ltr'><strong>muliere</strong></span> 
     </span>
    </p>
   </div>
   <div class='ocr_carea' id='block_1_107' title="bbox 2105 4411 3672 4485">
    <p class='ocr_par' dir='ltr' id='par_1_107' title="bbox 2105 4411 3672 4485">
     <span class='ocr_line' id='line_1_107' title="bbox 2105 4411 3672 4485; baseline 0.011 -20"><span class='ocrx_word' id='word_1_854' title='bbox 2105 4411 2478 4467; x_wconf 87' lang='lat' dir='ltr'><strong>imbecilliores</strong></span> <span class='ocrx_word' id='word_1_855' title='bbox 2508 4427 2814 4485; x_wconf 86' lang='lat' dir='ltr'><strong>appareant.</strong></span> <span class='ocrx_word' id='word_1_856' title='bbox 2870 4417 3038 4484; x_wconf 85' lang='lat' dir='ltr'><strong>Quam</strong></span> <span class='ocrx_word' id='word_1_857' title='bbox 3088 4423 3228 4477; x_wconf 90' lang='lat' dir='ltr'><strong>enim</strong></span> <span class='ocrx_word' id='word_1_858' title='bbox 3274 4427 3672 4483; x_wconf 87' lang='lat' dir='ltr'><strong>excusationem</strong></span> 
     </span>
    </p>
   </div>
   <div class='ocr_carea' id='block_1_108' title="bbox 2103 4502 3675 4584">
    <p class='ocr_par' dir='ltr' id='par_1_108' title="bbox 2103 4502 3675 4584">
     <span class='ocr_line' id='line_1_108' title="bbox 2103 4502 3675 4584; baseline 0.013 -28"><span class='ocrx_word' id='word_1_859' title='bbox 2103 4502 2440 4571; x_wconf 88' lang='lat' dir='ltr'><strong>habebimus,</strong></span> <span class='ocrx_word' id='word_1_860' title='bbox 2468 4521 2625 4577; x_wconf 87' lang='lat' dir='ltr'><strong>quam</strong></span> <span class='ocrx_word' id='word_1_861' title='bbox 2653 4509 2859 4565; x_wconf 86' lang='lat' dir='ltr'><strong>veniam</strong></span> <span class='ocrx_word' id='word_1_862' title='bbox 2892 4512 3310 4584; x_wconf 85' lang='lat' dir='ltr'><strong>impetrabimus,</strong></span> <span class='ocrx_word' id='word_1_863' title='bbox 3341 4519 3385 4573; x_wconf 88' lang='lat' dir='ltr'><strong>si</strong></span> <span class='ocrx_word' id='word_1_864' title='bbox 3411 4535 3529 4574; x_wconf 88' lang='lat' dir='ltr'><strong>eum</strong></span> <span class='ocrx_word' id='word_1_865' title='bbox 3553 4530 3675 4576; x_wconf 83' lang='lat' dir='ltr'><strong>tan-</strong></span> 
     </span>
    </p>
   </div>
   <div class='ocr_carea' id='block_1_109' title="bbox 2102 4598 3675 4678">
    <p class='ocr_par' dir='ltr' id='par_1_109' title="bbox 2102 4598 3675 4678">
     <span class='ocr_line' id='line_1_109' title="bbox 2102 4598 3675 4678; baseline 0.012 -29"><span class='ocrx_word' id='word_1_866' title='bbox 2102 4604 2211 4651; x_wconf 90' lang='lat' dir='ltr'><strong>tum</strong></span> <span class='ocrx_word' id='word_1_867' title='bbox 2233 4598 2392 4652; x_wconf 91' lang='lat' dir='ltr'><strong>animi</strong></span> <span class='ocrx_word' id='word_1_868' title='bbox 2415 4600 2666 4666; x_wconf 90' lang='lat' dir='ltr'><strong>studium,</strong></span> <span class='ocrx_word' id='word_1_869' title='bbox 2690 4610 2994 4675; x_wconf 87' lang='lat' dir='ltr'><strong>tantamque</strong></span> <span class='ocrx_word' id='word_1_870' title='bbox 3015 4605 3398 4678; x_wconf 88' lang='lat' dir='ltr'><strong>philosophiam</strong></span> <span class='ocrx_word' id='word_1_871' title='bbox 3425 4612 3675 4668; x_wconf 83' lang='lat' dir='ltr'><strong>mulieres</strong></span> 
     </span>
    </p>
   </div>
   <div class='ocr_carea' id='block_1_110' title="bbox 2101 4690 3676 4770">
    <p class='ocr_par' dir='ltr' id='par_1_110' title="bbox 2101 4690 3676 4770">
     <span class='ocr_line' id='line_1_110' title="bbox 2101 4690 3676 4770; baseline 0.01 -26"><span class='ocrx_word' id='word_1_872' title='bbox 2101 4690 2462 4760; x_wconf 86' lang='lat' dir='ltr'><strong>exhibuerint,</strong></span> <span class='ocrx_word' id='word_1_873' title='bbox 2493 4708 2591 4747; x_wconf 90' lang='lat' dir='ltr'><strong>nos</strong></span> <span class='ocrx_word' id='word_1_874' title='bbox 2618 4708 2830 4764; x_wconf 90' lang='lat' dir='ltr'><strong>semper</strong></span> <span class='ocrx_word' id='word_1_875' title='bbox 2855 4697 3036 4751; x_wconf 90' lang='lat' dir='ltr'><strong>mundi</strong></span> <span class='ocrx_word' id='word_1_876' title='bbox 3059 4698 3199 4752; x_wconf 89' lang='lat' dir='ltr'><strong>affixi</strong></span> <span class='ocrx_word' id='word_1_877' title='bbox 3223 4701 3445 4770; x_wconf 83' lang='lat' dir='ltr'><strong>negotiis</strong></span> <span class='ocrx_word' id='word_1_878' title='bbox 3473 4703 3676 4759; x_wconf 72' lang='lat' dir='ltr'><strong>lucreti-</strong></span> 
     </span>
    </p>
   </div>
   <div class='ocr_carea' id='block_1_111' title="bbox 2102 4782 3676 4858">
    <p class='ocr_par' dir='ltr' id='par_1_111' title="bbox 2102 4782 3676 4858">
     <span class='ocr_line' id='line_1_111' title="bbox 2102 4782 3676 4858; baseline 0.009 -22"><span class='ocrx_word' id='word_1_879' title='bbox 2102 4782 2246 4836; x_wconf 83' lang='lat' dir='ltr'><strong>mus?</strong></span> <span class='ocrx_word' id='word_1_880' title='bbox 2265 4783 2388 4837; x_wconf 60' lang='lat' dir='ltr'><strong>Haec</strong></span> <span class='ocrx_word' id='word_1_881' title='bbox 2407 4782 2613 4838; x_wconf 89' lang='lat' dir='ltr'><strong>discant</strong></span> <span class='ocrx_word' id='word_1_882' title='bbox 2629 4793 2682 4838; x_wconf 90' lang='lat' dir='ltr'><strong>et</strong></span> <span class='ocrx_word' id='word_1_883' title='bbox 2703 4787 3038 4856; x_wconf 80' lang='lat' dir='ltr'><strong>magistratus</strong></span> <span class='ocrx_word' id='word_1_884' title='bbox 3057 4796 3110 4842; x_wconf 89' lang='lat' dir='ltr'><strong>et</strong></span> <span class='ocrx_word' id='word_1_885' title='bbox 3132 4790 3339 4858; x_wconf 89' lang='lat' dir='ltr'><strong>privati,</strong></span> <span class='ocrx_word' id='word_1_886' title='bbox 3357 4803 3410 4846; x_wconf 92' lang='lat' dir='ltr'><strong>et</strong></span> <span class='ocrx_word' id='word_1_887' title='bbox 3428 4794 3676 4849; x_wconf 86' lang='lat' dir='ltr'><strong>sacerdo-</strong></span> 
     </span>
    </p>
   </div>
   <div class='ocr_carea' id='block_1_112' title="bbox 2103 4875 3674 4954">
    <p class='ocr_par' dir='ltr' id='par_1_112' title="bbox 2103 4875 3674 4954">
     <span class='ocr_line' id='line_1_112' title="bbox 2103 4875 3674 4954; baseline 0.007 -25"><span class='ocrx_word' id='word_1_888' title='bbox 2103 4883 2202 4941; x_wconf 87' lang='lat' dir='ltr'><strong>tes,</strong></span> <span class='ocrx_word' id='word_1_889' title='bbox 2224 4885 2278 4930; x_wconf 92' lang='lat' dir='ltr'><strong>et</strong></span> <span class='ocrx_word' id='word_1_890' title='bbox 2301 4875 2390 4945; x_wconf 90' lang='lat' dir='ltr'><strong>qui</strong></span> <span class='ocrx_word' id='word_1_891' title='bbox 2409 4876 2458 4929; x_wconf 95' lang='lat' dir='ltr'><strong>in</strong></span> <span class='ocrx_word' id='word_1_892' title='bbox 2484 4875 2673 4931; x_wconf 87' lang='lat' dir='ltr'><strong>ordine</strong></span> <span class='ocrx_word' id='word_1_893' title='bbox 2698 4876 2950 4931; x_wconf 85' lang='lat' dir='ltr'><strong>Iaicorum</strong></span> <span class='ocrx_word' id='word_1_894' title='bbox 2971 4889 3268 4950; x_wconf 89' lang='lat' dir='ltr'><strong>versantur,</strong></span> <span class='ocrx_word' id='word_1_895' title='bbox 3290 4892 3343 4935; x_wconf 94' lang='lat' dir='ltr'><strong>ut</strong></span> <span class='ocrx_word' id='word_1_896' title='bbox 3364 4884 3434 4936; x_wconf 89' lang='lat' dir='ltr'><strong>illi</strong></span> <span class='ocrx_word' id='word_1_897' title='bbox 3460 4885 3674 4954; x_wconf 88' lang='lat' dir='ltr'><strong>quidem</strong></span> 
     </span>
    </p>
   </div>
   <div class='ocr_carea' id='block_1_113' title="bbox 2099 4963 3670 5044">
    <p class='ocr_par' dir='ltr' id='par_1_113' title="bbox 2099 4963 3670 5044">
     <span class='ocr_line' id='line_1_113' title="bbox 2099 4963 3670 5044; baseline 0.007 -26"><span class='ocrx_word' id='word_1_898' title='bbox 2099 4963 2291 5019; x_wconf 89' lang='lat' dir='ltr'><strong>divites</strong></span> <span class='ocrx_word' id='word_1_899' title='bbox 2323 4964 2450 5018; x_wconf 87' lang='lat' dir='ltr'><strong>tanti</strong></span> <span class='ocrx_word' id='word_1_900' title='bbox 2491 4980 2595 5018; x_wconf 93' lang='lat' dir='ltr'><strong>non</strong></span> <span class='ocrx_word' id='word_1_901' title='bbox 2629 4963 2850 5031; x_wconf 85' lang='lat' dir='ltr'><strong>faciant,</strong></span> <span class='ocrx_word' id='word_1_902' title='bbox 2877 4982 3047 5038; x_wconf 89' lang='lat' dir='ltr'><strong>neque</strong></span> <span class='ocrx_word' id='word_1_903' title='bbox 3077 4969 3308 5024; x_wconf 87' lang='lat' dir='ltr'><strong>illustres</strong></span> <span class='ocrx_word' id='word_1_904' title='bbox 3335 4971 3523 5027; x_wconf 91' lang='lat' dir='ltr'><strong>domos</strong></span> <span class='ocrx_word' id='word_1_905' title='bbox 3547 4989 3670 5044; x_wconf 58' lang='lat' dir='ltr'><strong>per;</strong></span> 
     </span>
    </p>
   </div>
   <div class='ocr_carea' id='block_1_114' title="bbox 2099 5056 3680 5136">
    <p class='ocr_par' dir='ltr' id='par_1_114' title="bbox 2099 5056 3680 5136">
     <span class='ocr_line' id='line_1_114' title="bbox 2099 5056 3680 5136; baseline 0.009 -28"><span class='ocrx_word' id='word_1_906' title='bbox 2099 5065 2385 5124; x_wconf 87' lang='lat' dir='ltr'><strong>sequantur</strong></span> <span class='ocrx_word' id='word_1_907' title='bbox 2403 5097 2418 5117; x_wconf 96' lang='lat'><strong>,</strong></span> <span class='ocrx_word' id='word_1_908' title='bbox 2446 5056 2538 5110; x_wconf 89' lang='lat' dir='ltr'><strong>sed</strong></span> <span class='ocrx_word' id='word_1_909' title='bbox 2567 5056 2812 5110; x_wconf 88' lang='lat' dir='ltr'><strong>virtutem</strong></span> <span class='ocrx_word' id='word_1_910' title='bbox 2851 5073 2972 5112; x_wconf 90' lang='lat' dir='ltr'><strong>cum</strong></span> <span class='ocrx_word' id='word_1_911' title='bbox 3013 5070 3320 5130; x_wconf 87' lang='lat' dir='ltr'><strong>paupertate</strong></span> <span class='ocrx_word' id='word_1_912' title='bbox 3347 5063 3639 5135; x_wconf 87' lang='lat' dir='ltr'><strong>disquirant</strong></span> <span class='ocrx_word' id='word_1_913' title='bbox 3663 5111 3680 5136; x_wconf 93' lang='lat'><strong>,</strong></span> 
     </span>
    </p>
   </div>
   <div class='ocr_carea' id='block_1_115' title="bbox 2099 5147 3675 5226">
    <p class='ocr_par' dir='ltr' id='par_1_115' title="bbox 2099 5147 3675 5226">
     <span class='ocr_line' id='line_1_115' title="bbox 2099 5147 3675 5226; baseline 0.008 -26"><span class='ocrx_word' id='word_1_914' title='bbox 2099 5161 2271 5216; x_wconf 89' lang='lat' dir='ltr'><strong>neque</strong></span> <span class='ocrx_word' id='word_1_915' title='bbox 2312 5148 2683 5216; x_wconf 88' lang='lat' dir='ltr'><strong>pauperiorum</strong></span> <span class='ocrx_word' id='word_1_916' title='bbox 2718 5147 2936 5203; x_wconf 88' lang='lat' dir='ltr'><strong>fratrum</strong></span> <span class='ocrx_word' id='word_1_917' title='bbox 2962 5150 3082 5204; x_wconf 89' lang='lat' dir='ltr'><strong>illos</strong></span> <span class='ocrx_word' id='word_1_918' title='bbox 3119 5151 3343 5219; x_wconf 87' lang='lat' dir='ltr'><strong>pudeat,</strong></span> <span class='ocrx_word' id='word_1_919' title='bbox 3378 5171 3551 5226; x_wconf 89' lang='lat' dir='ltr'><strong>neque</strong></span> <span class='ocrx_word' id='word_1_920' title='bbox 3593 5169 3675 5211; x_wconf 88' lang='lat' dir='ltr'><strong>ta-</strong></span> 
     </span>
    </p>
   </div>
   <div class='ocr_carea' id='block_1_116' title="bbox 2099 5240 3677 5319">
    <p class='ocr_par' dir='ltr' id='par_1_116' title="bbox 2099 5240 3677 5319">
     <span class='ocr_line' id='line_1_116' title="bbox 2099 5240 3677 5319; baseline 0.003 -24"><span class='ocrx_word' id='word_1_921' title='bbox 2099 5240 2502 5296; x_wconf 89' lang='lat' dir='ltr'><strong>bernaculorum</strong></span> <span class='ocrx_word' id='word_1_922' title='bbox 2535 5243 2798 5313; x_wconf 85' lang='lat' dir='ltr'><strong>opificem,</strong></span> <span class='ocrx_word' id='word_1_923' title='bbox 2826 5252 2882 5298; x_wconf 92' lang='lat' dir='ltr'><strong>et</strong></span> <span class='ocrx_word' id='word_1_924' title='bbox 2904 5245 3209 5309; x_wconf 88' lang='lat' dir='ltr'><strong>coriarium,</strong></span> <span class='ocrx_word' id='word_1_925' title='bbox 3231 5257 3287 5304; x_wconf 91' lang='lat' dir='ltr'><strong>et</strong></span> <span class='ocrx_word' id='word_1_926' title='bbox 3317 5263 3566 5319; x_wconf 67' lang='lat' dir='ltr'><strong>purpura:</strong></span> <span class='ocrx_word' id='word_1_927' title='bbox 3597 5248 3677 5301; x_wconf 84' lang='lat' dir='ltr'><strong>iu-</strong></span> 
     </span>
    </p>
   </div>
   <div class='ocr_carea' id='block_1_117' title="bbox 2097 5330 3674 5405">
    <p class='ocr_par' dir='ltr' id='par_1_117' title="bbox 2097 5330 3674 5405">
     <span class='ocr_line' id='line_1_117' title="bbox 2097 5330 3674 5405; baseline 0.004 -21"><span class='ocrx_word' id='word_1_928' title='bbox 2097 5330 2367 5394; x_wconf 86' lang='lat' dir='ltr'><strong>stitorem,</strong></span> <span class='ocrx_word' id='word_1_929' title='bbox 2399 5339 2453 5385; x_wconf 90' lang='lat' dir='ltr'><strong>et</strong></span> <span class='ocrx_word' id='word_1_930' title='bbox 2472 5333 2716 5386; x_wconf 81' lang='lat' dir='ltr'><strong>aerarium</strong></span> <span class='ocrx_word' id='word_1_931' title='bbox 2745 5335 3079 5400; x_wconf 89' lang='lat' dir='ltr'><strong>omittentes,</strong></span> <span class='ocrx_word' id='word_1_932' title='bbox 3103 5349 3197 5390; x_wconf 90' lang='lat' dir='ltr'><strong>eos</strong></span> <span class='ocrx_word' id='word_1_933' title='bbox 3225 5337 3312 5405; x_wconf 91' lang='lat' dir='ltr'><strong>qui</strong></span> <span class='ocrx_word' id='word_1_934' title='bbox 3339 5338 3674 5405; x_wconf 81' lang='lat' dir='ltr'><strong>magistratus</strong></span> 
     </span>
    </p>
   </div>
   <div class='ocr_carea' id='block_1_118' title="bbox 2098 5425 3689 5499">
    <p class='ocr_par' dir='ltr' id='par_1_118' title="bbox 2098 5425 3689 5499">
     <span class='ocr_line' id='line_1_118' title="bbox 2098 5425 3689 5499; baseline 0.004 -23"><span class='ocrx_word' id='word_1_935' title='bbox 2098 5433 2287 5488; x_wconf 84' lang='lat' dir='ltr'><strong>gerunt</strong></span> <span class='ocrx_word' id='word_1_936' title='bbox 2328 5425 2502 5478; x_wconf 86' lang='lat' dir='ltr'><strong>colant</strong></span> <span class='ocrx_word' id='word_1_937' title='bbox 2533 5442 2545 5476; x_wconf 94' lang='lat'><strong>:</strong></span> <span class='ocrx_word' id='word_1_938' title='bbox 2575 5425 2662 5495; x_wconf 89' lang='lat' dir='ltr'><strong>qui</strong></span> <span class='ocrx_word' id='word_1_939' title='bbox 2694 5441 2818 5479; x_wconf 89' lang='lat' dir='ltr'><strong>vero</strong></span> <span class='ocrx_word' id='word_1_940' title='bbox 2851 5426 3036 5495; x_wconf 88' lang='lat' dir='ltr'><strong>privati</strong></span> <span class='ocrx_word' id='word_1_941' title='bbox 3063 5435 3224 5492; x_wconf 88' lang='lat' dir='ltr'><strong>sunt,</strong></span> <span class='ocrx_word' id='word_1_942' title='bbox 3249 5442 3316 5482; x_wconf 92' lang='lat' dir='ltr'><strong>ne</strong></span> <span class='ocrx_word' id='word_1_943' title='bbox 3338 5442 3397 5483; x_wconf 88' lang='lat' dir='ltr'><strong>se</strong></span> <span class='ocrx_word' id='word_1_944' title='bbox 3425 5428 3689 5499; x_wconf 24' lang='lat' dir='ltr'><strong>impediri;</strong></span> 
     </span>
    </p>
   </div>
   <div class='ocr_carea' id='block_1_119' title="bbox 2098 5517 3687 5588">
    <p class='ocr_par' dir='ltr' id='par_1_119' title="bbox 2098 5517 3687 5588">
     <span class='ocr_line' id='line_1_119' title="bbox 2098 5517 3687 5588; baseline 0.006 -22"><span class='ocrx_word' id='word_1_945' title='bbox 2098 5522 2316 5584; x_wconf 88' lang='lat' dir='ltr'><strong>putent,</strong></span> <span class='ocrx_word' id='word_1_946' title='bbox 2343 5530 2454 5584; x_wconf 82' lang='lat' dir='ltr'><strong>quo</strong></span> <span class='ocrx_word' id='word_1_947' title='bbox 2495 5518 2666 5570; x_wconf 87' lang='lat' dir='ltr'><strong>minus</strong></span> <span class='ocrx_word' id='word_1_948' title='bbox 2706 5526 2918 5572; x_wconf 89' lang='lat' dir='ltr'><strong>sanctos</strong></span> <span class='ocrx_word' id='word_1_949' title='bbox 2951 5517 3247 5588; x_wconf 84' lang='lat' dir='ltr'><strong>excipiant,</strong></span> <span class='ocrx_word' id='word_1_950' title='bbox 3274 5517 3366 5573; x_wconf 83' lang='lat' dir='ltr'><strong>sed</strong></span> <span class='ocrx_word' id='word_1_951' title='bbox 3409 5529 3687 5576; x_wconf 80' lang='lat' dir='ltr'><strong>memores‘</strong></span> 
     </span>
    </p>
   </div>
   <div class='ocr_carea' id='block_1_120' title="bbox 2097 5605 3671 5683">
    <p class='ocr_par' dir='ltr' id='par_1_120' title="bbox 2097 5605 3671 5683">
     <span class='ocr_line' id='line_1_120' title="bbox 2097 5605 3671 5683; baseline 0.003 -22"><span class='ocrx_word' id='word_1_952' title='bbox 2097 5605 2290 5673; x_wconf 63' lang='lat' dir='ltr'><strong>vidum,</strong></span> <span class='ocrx_word' id='word_1_953' title='bbox 2320 5623 2435 5676; x_wconf 75' lang='lat' dir='ltr'><strong>quae</strong></span> <span class='ocrx_word' id='word_1_954' title='bbox 2469 5607 2669 5662; x_wconf 89' lang='lat' dir='ltr'><strong>fleliam</strong></span> <span class='ocrx_word' id='word_1_955' title='bbox 2697 5609 2950 5680; x_wconf 87' lang='lat' dir='ltr'><strong>suscepit,</strong></span> <span class='ocrx_word' id='word_1_956' title='bbox 2984 5625 3104 5664; x_wconf 90' lang='lat' dir='ltr'><strong>eum</strong></span> <span class='ocrx_word' id='word_1_957' title='bbox 3133 5610 3205 5666; x_wconf 91' lang='lat' dir='ltr'><strong>illi</strong></span> <span class='ocrx_word' id='word_1_958' title='bbox 3236 5610 3418 5666; x_wconf 78' lang='lat' dir='ltr'><strong>farinae</strong></span> <span class='ocrx_word' id='word_1_959' title='bbox 3447 5611 3671 5683; x_wconf 72' lang='lat' dir='ltr'><strong>pugillo:</strong></span> 
     </span>
    </p>
   </div>
  </div>
