4110 6198
477 255 583 316 i935

477 373 551 428 illi
585 371 728 428 Deus
765 384 958 426 arcana
996 367 1158 426 verba
1194 364 1679 422 communicaverat
1719 382 1732 417 :
1771 379 1872 420 nos
1901 379 2066 429 vero,

476 480 567 536 qui
607 480 674 521 ue
693 463 1174 522 calceamentorum
1196 458 1408 530 quidem
1431 459 1548 526 ejus
1567 472 1740 527 pretio
1766 454 2064 512 aastnnaudi

480 570 664 612 sumus
684 597 700 619 ,
739 553 894 612 nobis
926 567 990 608 ea
1027 551 1222 622 probro
1255 550 1533 615 ducimus,
1563 548 1755 620 quibus
1783 563 1842 604 se
1871 548 1963 603 ille
1979 545 2061 617 ja-

475 650 686 718 ctabat,
721 653 777 702 et
806 643 1026 715 singulis
1055 641 1270 714 quidem
1297 641 1487 698 diebus
1515 640 1641 695 dum
1668 638 2029 708 delinquimus
2047 677 2063 704 ,

475 755 582 794 non
621 737 1015 803 convertimur,
1067 750 1238 806 neque
1284 735 1536 806 probrum
1583 748 1703 788 esse
1743 747 2063 796 censemus;

474 847 538 886 rx
604 830 763 900 iustis
814 838 990 886 autem
1042 829 1312 884 laboribus
1361 827 1541 882 vivere
1593 836 1859 897 tamquam
1914 837 2067 895 turpe

473 939 537 980 ac
586 923 868 980 ridiculum
907 923 1190 978 evitamus.
1238 921 1368 989 Quae
1423 920 1638 976 tandem
1690 920 1876 991 igitur,
1913 935 2063 990 qum-

473 1029 570 1082 so,
623 1013 782 1070 nobis
829 1012 1020 1068 salutis
1071 1027 1194 1082 spes
1249 1011 1448 1081 reliqua
1496 1011 1635 1067 erit?
1683 1009 1850 1078 Quem
1919 1011 2063 1067 enim

475 1105 670 1176 pudet,
707 1115 918 1176 Oportet
949 1105 1150 1176 peccati
1193 1103 1411 1174 pudere,
1449 1118 1513 1158 ac
1559 1103 1724 1158 Deum
1759 1101 2062 1170 on‘endisse,

473 1208 636 1268 atque
676 1195 872 1269 aliquid
910 1210 1094 1252 eorum
1136 1211 1255 1266 qua:
1298 1194 1501 1266 agenda
1549 1209 1652 1249 non
1702 1203 1824 1249 sunt
1873 1210 2058 1265 agere,

473 1290 568 1347 sed
585 1290 786 1346 artibus
801 1300 856 1346 et
875 1289 1101 1359 opificiis
1125 1288 1359 1359 gloriari.
1390 1287 1480 1344 Sic
1493 1288 1634 1342 enim
1653 1288 1764 1356 fiet,
1789 1299 1844 1342 ut
1864 1297 1918 1344 et
1940 1304 2030 1358 pra

473 1398 570 1440 vas
588 1381 942 1454 cogitationes
967 1396 1190 1452 operum
1219 1380 1658 1451 occupationibus
1679 1395 1742 1435 ex
1771 1390 1951 1436 mente
1979 1380 2064 1436 fa-

472 1475 576 1534 cile.
594 1474 951 1545 depellamus,
979 1483 1034 1530 et
1053 1473 1236 1544 egenis
1261 1471 1500 1529 subsidio
1529 1473 1726 1539 simus,
1755 1480 1810 1528 et
1836 1472 2063 1527 aliorum

464 1564 648 1636 januis
682 1563 892 1620 molesti
928 1580 1035 1620 non
1073 1563 1243 1619 simus
1261 1605 1278 1629 ,
1303 1573 1358 1623 et
1380 1562 1578 1621 Christi
1606 1563 1775 1634 legem
1800 1561 2062 1633 adimple-

467 1671 658 1725 amus,
706 1657 796 1728 qui
839 1656 978 1711 dixit
1025 1674 1039 1710 :
1082 1654 1291 1709 Βεαιὶιιε
1334 1664 1408 1710 est
1441 1655 1603 1722 dare,
1647 1671 1799 1724 quam
1838 1656 2066 1724 accipere

472 1745 609 1818 (Act.
652 1747 744 1804 20.
794 1747 922 1816 55).
969 1747 1255 1816 Pr0pterea
1301 1761 1528 1816 namque
1570 1747 1725 1802 nobis
1765 1747 1902 1803 datae
1940 1756 2066 1802 sunt

473 1853 664 1894 manus
686 1880 704 1905 ,
727 1847 784 1892 ut
813 1853 911 1893 nos
939 1837 1082 1908 ipsos
1103 1836 1354 1907 juvemus
1370 1879 1384 1903 ,
1415 1846 1472 1892 et
1494 1837 1559 1894 iis
1586 1837 1674 1908 qui
1701 1853 1927 1906 corpore
1948 1855 2067 1893 mu-

474 1931 603 1987 tilati
629 1940 785 1997 sunt,
831 1947 898 1989 ex
930 1931 1088 1986 rebus
1121 1931 1354 1995 nostris,
1394 1945 1516 2000 quae
1558 1931 1859 1986 necessaria
1899 1940 2061 1995 sunt,

471 2023 654 2080 omnia
704 2037 802 2092 pro
841 2031 1024 2082 nostra
1067 2021 1318 2078 facultate
1353 2021 1752 2092 suppeditemus
1787 2039 1800 2076 :
1841 2022 1984 2093 quod
2017 2023 2064 2080 si

470 2114 592 2184 quis
630 2115 682 2169 in
724 2115 836 2168 otio
871 2123 1210 2184 perseveret,
1249 2113 1321 2169 sit
1347 2113 1473 2170 licet
1493 2127 1687 2179 mnus,
1715 2113 1782 2169 iis
1808 2115 1896 2186 qui
1929 2114 2062 2170 febri

472 2206 717 2262 labora-nt
737 2247 752 2272 ,
783 2215 868 2262 est
898 2205 1145 2262 miserior
1171 2223 1186 2260 :
1214 2206 1476 2276 siquidem
1509 2206 1586 2262 illi
1606 2217 1824 2277 propter
1848 2208 2065 2279 aegritu-

469 2297 650 2352 dinem
689 2295 928 2368 corporis
948 2297 1156 2357 veniam
1194 2308 1498 2362 merentur,
1538 2308 1592 2353 et
1620 2297 1773 2354 facile
1793 2299 1881 2369 qui
1904 2299 2065 2355 mise-

469 2398 650 2447 reatur
675 2390 913 2460 ipsorum
940 2389 1246 2445 invenient:
1273 2389 1324 2444 hi
1348 2405 1475 2446 vero
1493 2392 1582 2460 qui
1608 2390 1800 2446 bonam
1821 2393 2063 2460 corporis

470 2482 838 2539 habitudinem
863 2483 1060 2552 probro
1084 2481 1349 2549 afficiunt,
1374 2483 1568 2537 merito
1585 2483 1654 2538 ab
1674 2483 1919 2538 omnibus
1939 2482 2064 2538 odio

471 2573 763 2639 habentur,
797 2585 852 2628 ut
881 2573 970 2644 qui
1003 2581 1060 2628 et
1087 2573 1181 2628 Dei
1207 2572 1350 2643 leges
1377 2572 1607 2636 violent,
1635 2581 1690 2628 et
1712 2588 1954 2627 mensam
1981 2572 2061 2627 in.

471 2665 746 2718 firmorum
793 2663 1019 2730 lzedant,
1060 2670 1115 2718 et
1149 2677 1301 2718 suam
1344 2663 1574 2718 animam
1601 2662 1920 2721 deteriorem
1947 2661 2059 2717 effi-

475 2757 639 2810 ciant.
689 2755 872 2827 Neque
912 2757 1054 2811 enim
1095 2756 1197 2812 hoc
1235 2757 1407 2812 solum
1442 2764 1524 2812 est
1562 2755 1721 2824 mali,
1761 2755 1902 2826 quod
1942 2770 2062 2810 cum

1250 251 1308 308 S.
1347 249 1623 308 JOANNIS
1660 248 2136 308 CHRYSOSTOMI
2176 250 2496 309 ARClllEP.
2534 256 3070 314 ωΛδΙᾺΝΤΙΝΟΡ.

3663 267 3763 324 I96

2171 378 2272 419 suo
2315 365 2415 419 sibi
2469 364 2650 421 labore
2689 368 2882 424 victum
2922 384 3164 439 quaerere
3203 370 3491 443 deberent,
3537 375 3760 430 aliorum

2171 453 2377 512 aedibus
2416 455 2524 510 sint
2565 456 2884 526 importuni,
2921 461 3014 515 sed
3039 460 3179 530 quod
3206 462 3306 531 ipsi
3332 465 3582 524 omnibus
3631 482 3762 534 pem

2173 561 2264 602 res
2291 557 2537 603 evadant.
2569 549 2708 604 Nihil
2737 551 2878 605 enim
2907 562 3020 618 est,
3055 554 3182 612 nihil
3207 554 3362 624 plane
3390 558 3442 612 in
3474 559 3632 616 rebus
3667 562 3736 612 hn

2173 638 2343 692 manis
2363 677 2381 705 ,
2407 638 2547 709 quod
2575 654 2678 695 ιιοιι
2708 642 2820 695 otio
2849 643 3120 711 perdatur.
3149 644 3280 700 Nam
3309 655 3364 702 et
3387 663 3525 719 aqua
3549 651 3594 705 si
3620 661 3724 708 stet

2171 730 2566 798 corrumpitur;
2607 731 2654 784 si
2688 746 2818 787 vero
2849 745 3063 800 currat,
3097 751 3217 792 cum
3279 738 3473 809 ubique
3500 755 3719 812 vagetur
3739 785 3754 803 .

2171 837 2323 877 suam
2345 824 2594 878 virtutem
2619 834 2901 881 conservat
2930 846 2939 878 :
2965 837 3020 882 et
3049 827 3248 884 ferrum
3273 831 3487 902 quidem
3507 834 3554 889 si
3578 835 3630 889 in
3651 838 3758 891 otio

2173 925 2418 985 maneat,
2443 916 2657 977 mollius
2679 933 2744 973 ac
2767 919 3003 976 deterius
3031 920 3118 986 fit,
3148 931 3204 978 et
3226 923 3466 995 rubigine
3481 929 3758 983 cmsumi—
3794 927 3803 936 “

2174 1017 2295 1074 tur;
2335 1007 2476 1078 quod
2521 1017 2698 1064 autem
2741 1009 2808 1064 ad
2847 1010 3055 1080 opificia
3087 1013 3436 1084 transfertur,
3469 1017 3638 1074 multo
3661 1022 3762 1074 uti-

2173 1099 2280 1154 lius
2318 1099 2376 1154 iit
2395 1140 2412 1166 ,
2441 1109 2495 1156 et
2522 1100 2818 1170 elegantius
2836 1143 2852 1168 ,
2883 1101 3153 1175 nihiloque
3181 1107 3356 1162 minus
3380 1122 3540 1177 quam
3567 1123 3764 1180 argen-

2173 1199 2283 1245 tum
2309 1191 2532 1263 quodvis
2557 1191 2791 1263 effulget.
2822 1197 2901 1252 Ac
2927 1203 3124 1252 terram
3151 1198 3366 1268 quidem
3394 1201 3619 1256 otiosam
3644 1218 3760 1258 eer-

2171 1282 2346 1338 nimus
2376 1282 2504 1338 nihil
2529 1282 2857 1342 fructuosum
2885 1286 3180 1357 producere
3201 1328 3220 1356 ,
3245 1291 3338 1346 sed
3364 1293 3498 1347 mala
3519 1295 3760 1364 gramina

2170 1385 2225 1430 et
2263 1375 2477 1446 spinas,
2521 1385 2579 1434 et
2617 1377 2838 1437 tribulos
2860 1420 2877 1446 ,
2909 1390 2963 1436 et
2989 1379 3325 1452 iufrugiferas
3349 1387 3608 1442 arbores:
3640 1403 3759 1442 eam

2172 1485 2300 1524 vero
2324 1486 2443 1541 qua:
2481 1472 2650 1528 multo
2678 1471 2860 1533 labore
2883 1475 3076 1536 colitur
3097 1519 3112 1538 .
3135 1477 3319 1534 sativis
3337 1478 3576 1550 frugibus
3595 1480 3735 1536 abun
3751 1508 3765 1522 ο

2170 1564 2319 1621 dare.
2361 1564 2592 1636 Singulae
2629 1564 2860 1636 denique
2893 1582 3009 1635 res,
3048 1579 3106 1629 ut
3134 1585 3245 1626 uno
3269 1571 3434 1627 verbo
3451 1571 3622 1627 dicam
3648 1614 3663 1637 ,
3692 1573 3763 1628 ab

2169 1658 2285 1712 otio
2316 1666 2760 1727 corrumpuntur,
2788 1674 2818 1712 a
2847 1659 3060 1729 prapria
3090 1676 3220 1717 vero,
3240 1664 3548 1732 operatione
3573 1664 3754 1720 utilio-

2171 1766 2258 1806 res
2299 1749 2614 1810 redduntur.
2666 1750 2790 1808 Baio
2828 1752 2986 1820 igitur
3027 1755 3207 1810 omnia
3252 1771 3376 1811 cum
3411 1757 3677 1824 sciamus,
3706 1767 3762 1812 et

2169 1851 2424 1912 quantum
2449 1841 2517 1896 ab
2543 1843 2654 1900 otio
2679 1841 3072 1901 incommodum
3099 1843 3374 1914 afferetur,
3403 1859 3657 1918 quantum
3687 1850 3756 1904 ab

2169 1950 2334 2004 opere
2375 1935 2578 1990 lucrum
2622 1935 2933 2005 invehatur,
2970 1936 3097 1992 illud
3131 1938 3428 2011 fugiamus,
3459 1941 3558 1996 hoc
3587 1950 3760 1997 secte-

2169 2043 2325 2092 mur,
2357 2037 2415 2083 ut
2441 2037 2494 2082 et
2522 2027 2682 2085 vitam
2714 2037 3037 2096 praesentem;
3057 2028 3282 2087 honeste
3307 2031 3682 2100 traducamus,
3705 2043 3761 2091 et

2168 2119 2352 2188 egenis
2378 2116 2446 2172 de
2471 2117 2670 2174 nostris
2701 2118 3039 2176 facultatibus
3065 2119 3305 2178 subsidio
3331 2122 3497 2178 simus
3515 2164 3532 2190 ,
3562 2134 3615 2180 et
3637 2127 3756 2180 ani-

2169 2225 2316 2266 mam
2351 2219 2588 2266 nostram
2630 2209 2905 2270 meliorem
2934 2210 3220 2272 reddentes
3236 2222 3436 2270 eterna
3465 2215 3601 2271 bona
3626 2233 3758 2272 con-

2167 2317 2490 2372 sequamur:
2517 2317 2637 2371 quze
2667 2316 2764 2356 nos
2788 2316 2978 2358 omnes
3008 2303 3208 2360 utinam
3229 2307 3439 2376 assequi
3465 2308 3758 2379 contingat,

2167 2397 2335 2469 gratia
2361 2405 2416 2452 et
2443 2395 2770 2466 benignitate
2800 2395 3007 2450 Domini
3040 2397 3206 2452 nostri
3231 2397 3358 2454 Iesu
3376 2398 3608 2467 Christi,
3635 2415 3755 2456 cum

2167 2502 2273 2557 quo
2307 2486 2484 2554 Patri,
2518 2485 2780 2556 simulque
2822 2486 3040 2558 Spiritui
3083 2497 3270 2543 sancto
3309 2489 3516 2559 gloria,
3555 2499 3612 2546 et
3657 2492 3757 2546 im-

2169 2579 2373 2649 perium
2401 2619 2417 2645 ,
2457 2593 2599 2634 nunc
2637 2589 2692 2636 et
2736 2592 2951 2649 semper
2988 2587 3044 2634 et
3087 2578 3141 2634 in
3188 2580 3384 2636 saecula
3423 2580 3757 2640 saeculorum.

2167 2672 2360 2726 Amen.

1640 2980 1746 3054 IN
1795 2981 2162 3053 LOCUM
2222 2978 2571 3066 PAULI,

469 3155 791 3204 suum“
867 3155 1236 3204 passerum
1283 3154 1360 3197 ιςτ
1404 3153 1685 3208 aqua.“
1732 3135 1960 3216 (Rom.
2008 3135 2061 3196 11

2171 3135 2264 3214 ι),
2311 3152 2392 3194 ενι·
2432 3152 2516 3194 nl:
2581 3151 2883 3197 corners
2926 3153 3035 3197 mn
3078 3153 3561 3215 sacnnno'rtnus,
3604 3157 3758 3204 sna-

1949 3254 2042 3300 uo
2080 3236 2121 3296 2
2153 3235 2265 3316 (a).

1869 3393 2275 3433 «manemus

543 3527 593 3580 1.
620 3522 922 3579 Sollicitudo
957 3520 1108 3573 Pauli
1135 3528 1346 3590 quanta.
1388 3516 1630 3571 Priscilla
1657 3523 1706 3569 et
1739 3513 1919 3584 Aquila
1946 3528 2058 3581 pra

470 3613 702 3670 omnibus
730 3613 878 3668 beati.
910 3639 981 3651 --
1001 3609 1187 3665 Nonne
1212 3608 1354 3663 docti
1381 3608 1530 3671 estis,
1560 3605 1694 3660 nilnl
1725 3605 1778 3660 in
1803 3605 1970 3659 sacris
1993 3604 2060 3659 li-

471 3705 600 3762 teris
627 3703 765 3760 inter
784 3714 1179 3773 sut'icrv-aCanea
1205 3697 1506 3753 habendum
1536 3696 1560 3749 ?
1586 3695 1774 3751 Nonne
1796 3693 2058 3750 didicistis

467 3806 526 3855 et
553 3797 944 3866 inscriptiones,
971 3803 1027 3850 et
1046 3791 1284 3858 nomina,
1307 3803 1585 3860 merasque
1610 3787 1957 3846 salutationes
1975 3786 2058 3842 dio

470 3890 697 3960 ligenter
722 3888 774 3943 in
804 3885 1094 3956 Scripturis
1117 3878 1431 3940 excutienda
1451 3880 1474 3937 9
1498 3879 1611 3953 Ego
1633 3893 1765 3938 sane
1792 3876 2059 3934 studiosos

471 3981 704 4035 arbitror
732 3993 805 4033 ne
825 3978 1026 4034 laturos
1047 3975 1294 4047 quidem}
1327 3983 1384 4030 ut
1411 3973 1690 4030 verbulum
1743 3968 1955 4042 aliquod
2004 3967 2058 4026 in

471 4071 640 4128 sacris
662 4071 837 4126 Libris
858 4077 1220 4138 contemptum
1248 4075 1615 4138 prmtereatur,
1631 4064 1838 4121 etiamsi
1855 4071 2059 4117 tantum

474 4163 689 4218 nomina
715 4168 1118 4223 reconseantnr,
1143 4158 1224 4212 vel
1253 4167 1461 4226 tempus
1489 4163 1818 4218 numeretur,
1848 4154 1931 4209 vel
1963 4169 2062 4208 nu-

473 4255 540 4310 da
566 4255 634 4309 sit
661 4251 1012 4323 quorumdam
1040 4248 1308 4303 salutatio.
1356 4249 1602 4302 Attamen
1649 4254 1707 4300 ut
1744 4245 1916 4300 adhuc
1944 4258 2065 4299 cer-

474 4347 580 4401 tior
607 4347 723 4400 haec
751 4342 981 4399 monitio
1001 4342 1092 4396 fiat
1121 4358 1135 4394 :
1158 4355 1290 4412 age,
1317 4337 1475 4394 hodie
1503 4337 1567 4392 ad
1589 4352 1650 4392 ea
1675 4352 1794 4407 qua:
1820 4350 1992 4405 nuper
2010 4336 2060 4390 in

473 4437 796 4492 salutatione
837 4433 1094 4490 Priscilla:
1121 4441 1175 4486 et
1199 4429 1406 4501 Aquilae
1435 4428 1615 4484 relicta
1646 4436 1804 4488 sunt.
1842 4425 2064 4480 acceda-

476 4544 597 4584 mus
625 4547 639 4584 ε
663 4528 872 4585 tametsi
901 4543 1009 4583 non
1038 4540 1228 4596 parum
1253 4523 1408 4579 nobis
1444 4521 1699 4593 profuerit
1727 4519 1854 4577 illud
1888 4535 2064 4590 procn-

475 4622 666 4675 rnium.
714 4619 898 4674 Docuit
935 4620 1076 4673 enim
1123 4631 1254 4680 nos,
1284 4624 1539 4684 quantum
1570 4613 1768 4668 bonum
1799 4613 1869 4668 sit
1893 4627 2028 4682 opus
2047 4652 2062 4677 ,

474 4718 812 4781 etquantum
849 4709 1085 4773 malum,
1124 4688 1324 4771 otium,
1367 4715 1423 4761 et
1461 4706 1635 4776 qualis
1677 4704 1854 4759 anima
1881 4703 2064 4771 Pauli,

474 4816 642 4872 quam
661 4800 808 4869 vigit,
833 4815 994 4869 quatit
1021 4798 1269 4864 sollicita,
1291 4813 1409 4868 ιιιιω
1436 4813 1540 4852 non
1565 4806 1767 4852 tantum
1792 4796 2064 4852 civitatum

471 4903 531 4949 et
579 4891 893 4964 pupulortnn
913 4930 929 4956 ,
975 4898 1031 4945 et
1073 4890 1310 4959 gentium
1331 4931 1346 4956 ,
1375 4889 1471 4946 sed
1501 4899 1556 4945 et
1581 4889 1905 4960 singulorum
1936 4887 2065 4944 fide-

477 4985 607 5040 lium
638 4997 889 5054 magnam
915 4997 1100 5036 curans
1144 4990 1355 5052 gereret
1387 4999 1401 5034 :
1429 4981 1768 5052 ostenditque
1795 4981 2064 5052 quomodo

476 5073 819 5146 hospitalitas
855 5087 956 5128 nec
999 5073 1174 5142 inopia
1205 5071 1581 5141 praepediatur,
1607 5082 1662 5128 et
1701 5071 1846 5142 quod
1865 5073 2060 5129 virtute

473 5181 539 5222 ac
568 5167 656 5238 pia
682 5166 956 5222 voluntate
982 5163 1183 5235 ubique
1205 5177 1342 5236 opus
1389 5162 1490 5229 sit,
1541 5177 1648 5219 non
1679 5162 1876 5218 divitiis
1900 5173 1955 5220 et
1982 5164 2062 5218 fa-

473 5257 762 5316 cultatibus
780 5297 794 5323 ,
815 5267 872 5312 et
895 5256 1040 5328 quod
1057 5256 1339 5312 clarissimi
1356 5255 1596 5312 omuiu
1623 5264 1748 5311 sunt
1765 5257 1853 5327 qui
1878 5256 1972 5311 Dei
1999 5255 2064 5311 ti-

474 5366 678 5409 morem
709 5352 926 5418 habont,
943 5349 1150 5406 etiamsi
1175 5352 1231 5405 in
1252 5358 1544 5405 extremam
1565 5349 1674 5406 sint
1701 5358 2063 5420 paupertatem

474 5443 697 5515 delapsi.
732 5443 884 5499 Unde
908 5443 1148 5499 Priscilla
1170 5450 1227 5498 et
1249 5441 1436 5512 Aquila
1457 5440 1804 5497 tentoriorum
1819 5439 2062 5511 opifices,

479 5547 764 5604 patiperem
796 5543 1019 5605 agentes
1037 5534 1234 5599 vitam,
1265 5547 1376 5604 pne
1401 5531 1616 5603 regibus
1645 5531 1894 5588 omnibus
1925 5530 2065 5587 beati

539 5723 614 5787 ω
635 5725 846 5782 Collatus
860 5740 969 5777 omn
992 5729 1215 5780 Vaticano
1238 5741 1335 5780 uno
1356 5735 1408 5779 et
1430 5741 1541 5780 cura
1561 5726 1848 5780 Coishuiano
1867 5727 1979 5783 2.43.

2166 3511 2519 3580 prmdicantur
2546 3529 2560 3566 :
2590 3521 2645 3568 et
2672 3528 2794 3568 cum
2838 3515 2926 3570 alii
2953 3515 3296 3586 dignitatibus
3321 3527 3377 3574 et
3401 3520 3638 3590 potentia
3666 3521 3755 3576 in-

2167 3600 2314 3668 ﬂati,
2337 3601 2554 3658 silentio
2581 3613 2997 3674 pmtcreantur,
3044 3609 3392 3664 tentoriorum
3440 3611 3532 3666 ille
3577 3611 3755 3682 opifex

2185 3718 2294 3758 una
2319 3717 2444 3758 cum
2468 3717 2642 3759 uxore
2658 3711 2776 3759 toto
2792 3703 2925 3759 orbe
2940 3703 3303 3758 decantantur
3323 3702 3466 3774 (Act.
3487 3703 3755 3776 {8).Quod

2184 3790 2234 3848 si
2275 3800 2429 3847 tanta
2465 3807 2658 3847 eorum
2703 3792 2756 3846 in
2805 3793 3056 3862 praesenti
3088 3793 3196 3846 vita
3235 3801 3320 3847 est
3348 3793 3544 3862 gloria,
3574 3794 3753 3864 cogita

2182 3884 2406 3953 quantis
2428 3883 2522 3937 illo
2535 3883 2623 3938 die
2642 3883 3016 3954 dignabuntur
3039 3884 3491 3940 retributionibus
3510 3893 3565 3939 et
3589 3899 3750 3941 coro-

2179 3976 2286 4042 nis,
2310 3976 2404 4046 qui
2429 3985 2557 4031 ante
2580 3976 2732 4030 illum
2752 3975 2896 4031 diem
2917 3990 3024 4030 non
3044 3990 3265 4047 parvam
3284 3976 3635 4048 voluptatem,
3653 3977 3756 4032 uti-

2178 4067 2410 4133 litatem,
2427 4074 2483 4122 et
2496 4067 2726 4138 gloriam
2741 4077 3098 4137 acceperunt,
3112 4069 3312 4137 quibus
3331 4069 3470 4122 tanti
3491 4069 3753 4138 temporis

2178 4157 2520 4213 consuetudo
2534 4171 2658 4211 cum
2675 4157 2847 4211 Paulo
2865 4157 2970 4212 fuit
3015 4160 3061 4230 (Ι
3078 4158 3224 4215 .Cor.
3240 4159 3442 4232 l6.l9).
3463 4159 3753 4216 Enimvero

2176 4249 2322 4320 quod
2342 4248 2495 4319 prius
2507 4247 2753 4304 dicebam
2774 4258 2832 4306 et
2852 4252 3156 4316 nuucdico,
3171 4267 3273 4307 nec
3287 4251 3749 4317 diceredesiuam,

2175 4357 2294 4397 nou
2311 4341 2488 4396 solum
2511 4340 2783 4407 doctrina,
2805 4351 2859 4398 et
2884 4341 3216 4405 admonitio.
3239 4352 3292 4399 et
3315 4343 3628 4406 consilium,
3650 4341 3748 4398 sed

2172 4441 2230 4488 et
2249 4432 2367 4503 ipse
2391 4439 2710 4489 sanctorum
2736 4440 3012 4502 aspectus.
3036 4442 3198 4504 atque
3232 4434 3469 4488 vestium
3490 4433 3748 4500 amictus,

2171 4530 2230 4581 et
2266 4523 2577 4578 calceorum
2626 4523 2856 4588 modus,
2901 4524 3132 4578 multum
3186 4525 3352 4580 habet
3389 4523 3637 4580 utilitatis
3681 4537 3748 4579 ac

2173 4612 2495 4684 voluptatis.
2541 4611 2750 4668 Etenim
2795 4614 2924 4669 inde
2975 4630 3084 4669 non
3133 4617 3329 4686 exigua
3379 4615 3504 4670 vita:
3543 4623 3747 4670 nostrte

2166 4707 2522 4762 commoditas
2548 4707 2790 4768 accedit.
2821 4722 2942 4762 cum
2972 4708 3249 4777 discimus,
3283 4719 3548 4781 quatenus
3576 4713 3627 4767 bi
3657 4729 3757 4770 ne-

2167 4798 2415 4855 cessariis
2438 4799 2516 4852 usi
2545 4797 2760 4852 fuerint.
2793 4797 2908 4852 Non
2933 4800 3072 4854 enim
3111 4800 3282 4855 solum
3311 4802 3494 4857 utendi
3535 4803 3758 4861 modum

2169 4907 2276 4947 non
2302 4900 2429 4946 sunt
2458 4891 2798 4961 transgressi,
2826 4891 2920 4946 sed
2941 4892 3225 4964 aliquando
3248 4909 3314 4949 ne
3330 4894 3543 4962 quidem
3571 4913 3748 4954 neces-

2167 4983 2323 5040 sariis
2345 4981 2657 5038 fruebantur
2686 5000 2698 5037 :
2723 4983 2848 5052 quin
2875 4993 2930 5039 et
2955 4984 3007 5038 in
3038 4983 3179 5040 fume
3199 5027 3213 5050 ,
3253 4994 3308 5039 et
3335 4986 3388 5040 in
3417 4987 3504 5041 siti
3525 4998 3578 5042 et
3604 4985 3766 5042 nudi-

2169 5085 2278 5130 tute
2303 5073 2498 5131 versati
2529 5085 2671 5129 sunt.
2707 5075 2773 5129 Et
2801 5075 2996 5129 Paulus
3021 5076 3232 5146 quidem
3267 5077 3561 5146 imperabat
3604 5077 3764 5134 disci-

2169 5167 2330 5238 pulis,
2361 5166 2545 5221 dicens
2573 5183 2590 5221 :
2622 5165 2875 5220 Habentes
2905 5177 3072 5220 autem
3101 5169 3342 5222 alimenta
3360 5178 3407 5222 et
3431 5180 3714 5240 tegumenta
3737 5213 3752 5236 ,

2167 5259 2244 5314 his
2268 5259 2486 5313 contenti
2509 5259 2698 5313 erimus
2723 5257 2799 5330 (f.
2822 5257 2956 5312 Tim.
2978 5259 3031 5314 6.
3059 5259 3137 5325 8);
3187 5269 3241 5314 et
3268 5260 3334 5314 de
3378 5260 3554 5330 seipse
3584 5261 3710 5315 dicit
3739 5278 3754 5312 :

2171 5351 2340 5424 Usque
2359 5355 2412 5408 in
2443 5353 2573 5408 hanc
2615 5353 2793 5407 horam
2840 5363 2890 5406 et
2919 5354 3167 5408 esurimus
3187 5395 3201 5416 ,
3233 5367 3277 5408 et
3303 5355 3528 5416 sitimm.
3557 5364 3606 5408 et
3633 5355 3741 5407 and

2167 5459 2362 5511 sumas,
2393 5453 2440 5498 et
2479 5444 2706 5514 colaphis
2741 5443 2987 5498 credimur
3024 5443 3103 5515 (ι.
3149 5443 3268 5499 Cor.
3321 5445 3373 5499 4.
3407 5445 3514 5514 Η).
3567 5444 3757 5514 Operae

2169 5533 2400 5605 pretium
2445 5535 2532 5590 hic
2577 5535 2738 5590 fuerit
2780 5535 2833 5589 in
2875 5535 3110 5591 medium
3136 5536 3336 5607 aliquid
3361 5536 3589 5604 atferre,
3614 5538 3756 5606 quod

2169 5634 2296 5683 ante
2318 5625 2589 5689 dicebam,
2623 5634 2678 5681 et
2727 5627 2780 5681 in
2823 5642 3124 5683 sermonem
3170 5628 3388 5692 incidit.
3416 5629 3484 5685 de
3513 5647 3618 5700 quo
3658 5632 3757 5685 fre-

2171 5737 2343 5793 quens
2369 5731 2452 5776 est
2479 5721 2724 5791 quaestio.
2771 5718 2834 5776 Et
2872 5719 3125 5787 quidnam
3172 5720 3324 5776 hoc?
3365 5721 3608 5777 Dicebam
3641 5732 3751 5773 mu-
