4110 6198
325 307 426 364 195

324 430 504 500 ρήτων
523 428 599 498 τῷ
621 427 740 500 Θεῷ
759 447 772 462 ·
801 430 962 501 ήμεῖς
982 430 1061 494 δέ,
1083 431 1204 485 οὐδὲ
1227 431 1337 485 τῶν
1365 430 1726 502 ὑποδημάτων
1748 429 1900 494 ὄντες

321 522 462 586 ἄξιοι
512 521 622 574 τῶν
678 523 923 585 ἐκείνου,
970 523 1338 594 αἰσχυνόμεθα
1387 523 1633 589 τούτοις,
1686 523 1772 591 ἐφ’
1820 515 1901 584 οἷς

323 615 528 676 ἐκεῖνος
565 612 922 684 ἐνηὸρύνετο·
969 613 1064 666 καὶ
1110 613 1230 667 καθ’
1273 613 1510 684 ἐκάστην
1547 614 1645 685 μὲν
1685 612 1902 684 ήμέραν

324 703 806 774 πλημμελοῦντες,
849 704 969 758 οὐδὲ
1013 705 1488 778 ἐπιστρεφόμεθα,
1535 705 1656 759 οὐδέ
1702 705 1902 768 ὄνειδος

323 791 464 850 εἶναι
513 795 842 866 νομίζομεν·
871 794 933 848 10
976 795 1032 849 δὲ
1067 798 1132 850 ἐκ
1169 797 1395 850 δικαίων
1446 797 1624 850 πόνων
1670 795 1790 867 ζῇν,
1826 794 1903 858 ῶς

325 887 550 958 αἰσχρὸν
589 889 684 942 καὶ
725 887 1127 956 καταγέλαστον
1172 889 1466 959 φεύγομεν.
1497 889 1632 950 Τίνα
1659 883 1751 942 οὖν
1783 887 1901 953 ἐξο-

329 995 429 1048 μεν
455 979 645 1034 ἐλπίδα
673 979 968 1051 σωτηρίας,
995 980 1118 1034 εἰπέ
1151 997 1269 1052 μοι;
1303 980 1407 1033 Τὸν
1437 981 1543 1052 γὰρ
1577 980 1904 1049 αἰσχυνόμε-

325 1084 434 1135 νον,
460 1069 735 1142 ἁμαρτίαν
767 1071 1116 1141 αἰσχύνεσθαι
1142 1070 1240 1132 δεῖ,
1269 1071 1362 1124 καὶ
1388 1071 1450 1124 10
1477 1069 1556 1141 τῷ
1588 1070 1709 1142 Θεῷ
1735 1088 1904 1142 προσ⁴

325 1161 578 1234 κροῦσαι,
607 1163 703 1216 καὶ
751 1162 814 1216 10
855 1164 1080 1235 ποιῆσαί
1119 1181 1176 1217 τι
1198 1163 1306 1218 τῶν
1333 1162 1393 1216 οὐ
1431 1162 1680 1228 δεόντων,
1719 1164 1811 1216 ἐπὶ
1845 1163 1904 1216 δὲ

324 1253 544 1323 τέχναις
577 1253 671 1308 καὶ
712 1254 998 1326 ἐργασίαις
1027 1254 1122 1308 καὶ
1162 1253 1571 1326 ἐναϐρύνεσθαι.
1602 1253 1760 1308 Οὐτω
1799 1255 1904 1326 γὰρ

327 1346 422 1400 καὶ
455 1345 698 1418 πονηρὰν
737 1345 947 1401 ἐννοιαν
976 1348 1042 1416 τῇ
1084 1345 1182 1415 τῆς
1227 1344 1489 1415 ἐργασίας
1532 1345 1760 1415 ἀσχολία
1804 1348 1905 1415 τῆς

324 1435 562 1498 διανοίας
595 1435 935 1506 ἐκϐαλοῦμεν
969 1435 1188 1508 ῥᾳδίως,
1226 1436 1456 1499 καὶτοῖς
1483 1436 1759 1504 δεομένοις
1784 1437 1904 1489 ἐπι-

328 1528 694 1599 κουρήσομεν,
718 1527 812 1580 καὶ
842 1526 942 1590 τάς
967 1527 1168 1599 ἐτέρων
1193 1527 1294 1581 οὐκ
1323 1527 1684 1598 ἐνοχλήσομεν
1713 1526 1902 1600 θύρας,

329 1618 425 1671 καὶ
456 1619 549 1671 100
576 1619 739 1689 νόμον
757 1617 853 1671 τοῦ
879 1617 1114 1689 Χριστοῦ
1145 1617 1507 1689 πληρώσομεν
1537 1615 1629 1669 τὸν
1651 1616 1900 1668 εἰπόντα·

330 1706 640 1778 Μακάριόν
669 1708 802 1762 ἐστι
833 1706 1060 1762 διδόναι
1088 1705 1332 1778 μᾶλλον
1366 1707 1405 1776 ἢ
1438 1705 1783 1776 λαμϐάνειν.
1809 1705 1907 1760 Διά

329 1797 438 1870 1&9
471 1800 631 1852 τοῦτο
660 1802 846 1871 χεῖρας
873 1798 1086 1870 ἔχομεν,
1114 1799 1201 1852 ἵνα
1232 1800 1445 1862 ἑαυτοῖς
1483 1797 1785 1871 βοηθῶμεν,
1811 1798 1907 1851 καὶ

329 1892 442 1953 τοῖς
485 1890 555 1943 τὰ
611 1887 838 1960 σώματα
885 1889 1306 1962 πεπηρωμένοις
1352 1890 1417 1942 ἐκ
1471 1889 1580 1943 τῶν
1623 1887 1908 1960 ἡμετέρων

329 1980 672 2052 εἰσφέρωμεν
715 1980 784 2034 τά
817 1979 958 2034 κατά
1002 1979 1230 2050 δύναμιν
1257 1979 1503 2034 ἅπαντα·
1559 1979 1635 2043 ὡς
1686 1979 1782 2033 ἐάν
1825 1996 1912 2042 τις

329 2067 515 2138 ἀργῶν
541 2067 780 2139 διατελῇ,
809 2067 912 2122 κάν
944 2068 1182 2140 ὑγιαίνῃ,
1210 2069 1320 2122 τῶν
1357 2068 1732 2138 πυρεττόντων
1762 2069 1910 2121 ἐστὶν

330 2154 658 2225 ἀθλιώτερος
678 2175 692 2189 ·
727 2158 778 2210 οί
819 2158 917 2228 μὲν
950 2159 1060 2230 γὰρ
1095 2157 1246 2228 παρά
1275 2158 1374 2229 τῆς
1414 2158 1700 2222 ἀσθενείας
1726 2157 1911 2229 έχουσι

331 2243 683 2316 συγγνώμην,
727 2247 822 2300 καὶ
851 2246 1066 2319 τύχοιεν
1097 2248 1163 2301 ἂν
1201 2247 1385 2300 ἐλέου·
1429 2239 1574 2300 οὗτοι
1615 2246 1675 2300 δὲ
1717 2263 1910 2304 καται-

331 2337 618 2406 σχύνοντες
643 2337 741 2408 τὴν
765 2338 858 2392 τοῦ
889 2338 1140 2409 σώματος
1161 2339 1397 2405 εὐεξίαν,
1421 2340 1648 2403 εἰκότως
1669 2339 1736 2394 ἂν
1763 2338 1916 2411 παρά

331 2426 551 2480 πάντων
602 2427 907 2498 μισοῦνται,
951 2429 1028 2492 ὡς
1059 2430 1154 2482 καὶ
1194 2431 1322 2493 τούς
1351 2429 1447 2484 τοῦ
1474 2429 1610 2484 Θεοῦ
1641 2430 1914 2501 παραϐαί-

330 2533 518 2581 νοντες
569 2518 787 2589 νόμους,
837 2520 934 2573 καὶ
981 2523 1047 2592 τῇ
1103 2521 1351 2592 τραπέζῃ
1385 2521 1494 2575 τῶν
1546 2520 1916 2576 ἀσθενούντων

332 2607 754 2679 λυμαινόμενοι,
796 2611 890 2664 καὶ
922 2610 1020 2682 τὴν
1055 2611 1234 2682 ψυχὴν
1274 2611 1372 2684 τὴν
1411 2612 1621 2665 ἑαυτῶν
1661 2612 1917 2682 φαυλοτέ-

335 2713 446 2768 ραν
468 2697 772 2762 ποιοῦντες.
800 2700 935 2753 οὐδὲ
967 2700 1078 2772 γὰρ
1106 2700 1265 2754 τοῦτο
1300 2701 1459 2772 μόνον
1487 2702 1605 2756 ἐστὶ
1633 2703 1694 2756 τὸ
1722 2704 1914 2769 δεινὸν,

336 2788 418 2842 δτι
451 2788 569 2842 δέον
615 2788 827 2844 οἴκοθεν
880 2791 976 2844 καὶ
1013 2791 1150 2863 παρ’·
1184 2792 1392 2846 ἑαυτῶν
1438 2793 1765 2865 τρέφεσθαι,
1817 2794 1916 2860 τάς

1101 331 1168 386 ΙΝ
1203 327 1432 390 ιιιυυ,
1472 317 1839 378 SALUTA'I‘E
1878 311 2292 368 PBISCILLAM
2332 311 2421 368 ET
2461 313 2792 382 AQUILAM.
2831 313 2898 370 11.

3475 312 3577 368 196

2003 429 2204 500 ἐτέρων
2231 429 2540 500 ἐνοχλοῦσιν
2574 431 2771 495 οἰκίας,
2799 432 2914 485 ἀλλ’
2945 432 3027 485 ὅτι
3058 431 3152 487 καὶ
3182 431 3400 488 πάντων
3427 430 3583 485 αὐτοὶ

2000 521 2239 588 γίνονται
2272 522 2508 592 χείρους.
2535 523 2610 576 Οὐ
2640 523 2747 596 γάρ
2785 525 2952 589 ἐστιν,
2999 523 3102 576 οὐκ
3142 522 3257 576 ἐστι
3291 523 3401 576 τῶν
3445 522 3582 575 πάν-

1999 628 2108 664 των
2132 612 2305 677 οὐδὲν,
2331 613 2359 664 ὃ
2392 611 2466 684 μή
2491 613 2580 666 διά
2603 614 2702 683 τῆς
2726 613 2924 686 ἀργίας
2947 613 3265 668 ἀπόλλυται.
3293 615 3399 666 Καὶ
3429 611 3582 685 [180]

2000 701 2108 774 1&9
2151 701 2316 773 ὕδωρ,
2349 703 2409 755 τὸ
2448 703 2547 772 μὲν
2605 704 2835 775 ἑστηκὸς
2889 706 3153 775 σήπεται,
3201 705 3262 758 10
3293 705 3351 758 δὲ
3393 705 3586 776 τρέχον

2003 792 2096 845 καὶ
2130 793 2407 863 πανταχοῦ
2446 792 2797 864 πλανώμενον
2824 795 2924 866 τὴν
2957 796 3158 868 ἀρετὴν
3191 796 3446 861 διασώζει
3482 797 3582 868 τὴν

2003 882 2196 937 ἐαυτοῦ
2218 896 2232 910 ·
2265 883 2359 935 καὶ
2389 883 2626 955 σίδηρος,
2653 886 2682 939 ό
2714 886 2811 956 μὲν
2841 887 2897 939 ἐν
2926 885 3096 958 ἀργία
3140 887 3412 958 κείμενος,
3441 887 3580 940 άπα-

2002 972 2237 1044 λώτερός
2264 990 2322 1026 τε
2355 974 2449 1027 καὶ
2486 974 2835 1046 φαυλότερος,
2870 976 2933 1046 ἰῷ
2967 977 3148 1048 πολλῷ
3174 977 3584 1048 δαπανώμενος,

2003 1064 2241 1133 γίνεται·
2275 1065 2304 1117 ό
2347 1063 2404 1116 δὲ
2434 1065 2492 1117 ἐν
2531 1066 2814 1135 ἐργασίαις
2855 1065 2950 1128 ὣν,
3002 1067 3136 1122 πολὺ
3175 1067 3590 1141 χρησιμώτερος

2005 1154 2098 1208 καὶ
2131 1154 2592 1226 εὐπρεπέστερος,
2642 1154 2890 1226 ἀργύρου
2941 1156 3138 1219 παντὸς
3170 1157 3323 1210 οὐδὲν
3371 1156 3590 1211 ἔλαττον

2003 1243 2365 1298 ἀποστίλϐων.
2399 1246 2509 1299 Kal
2536 1245 2640 1316 γῆν
2681 1246 2780 1316 μὲν
2808 1245 2907 1316 τὴν
2939 1244 3221 1316 ἀργοῦσαν
3255 1245 3354 1298 ίδοι
3398 1262 3484 1309 τις
3521 1245 3592 1300 ἀν

2003 1336 2156 1390 οὐδὲν
2191 1336 2341 1404 ὐγιές
2372 1335 2730 1406 ἐκφέρουσαν,
2761 1337 2897 1391 ἀλλά
2943 1336 3187 1410 πονηρὰς
3235 1336 3466 1408 βοτάνας
3496 1339 3593 1392 καὶ

2006 1428 2246 1491 ἀκάνθας
2283 1429 2378 1481 καὶ
2423 1428 2703 1500 τριϐόλους
2736 1431 2831 1484 καὶ
2877 1430 3104 1502 ἄκαρπα
3148 1429 3361 1502 δένδρα,
3393 1430 3492 1501 τὴν
3531 1430 3592 1483 δέ

2005 1518 2266 1590 ἐργασίας
2297 1519 2694 1587 ἀπολαύουσαν,
2746 1525 2978 1594 καρποῖς
3025 1523 3251 1594 ἡμέροις
3305 1522 3585 1594 κομῶσαν.

2007 1613 2118 1665 Kal
2152 1612 2382 1668 ἕκαστον
2413 1613 2471 1667 δὲ
2505 1614 2614 1670 τῶν
2661 1615 2852 1681 ὄντων,
2882 1617 2957 1680 ώς
2991 1617 3168 1669 εἰπεῖν
3217 1615 3437 1680 ἁπλῶς,
3486 1617 3592 1670 ὑπὸ

2011 1703 2112 1773 μὲν
2141 1705 2240 1774 τῆς
2272 1705 2472 1779 ἀργίας
2516 1705 2834 1777 φθείρεται,
2879 1707 2986 1760 ὐπὸ
3017 1708 3074 1761 δέ
3119 1708 3218 1778 τῆς
3254 1708 3460 1771 οἰκείας
3505 1710 3596 1780 ἐρ⁴

2007 1795 2205 1864 Υασίπς
2262 1795 2678 1867 χρησιμώτερον
2727 1796 2956 1865 γίνεται.
3005 1796 3191 1853 Ταῦτα
3243 1793 3339 1852 οὖν
3398 1799 3597 1862 εἰδότες

2009 1887 2244 1950 ἃπαντα,
2290 1888 2385 1940 καὶ
2418 1886 2584 1941 πόσον
2631 1887 2728 1957 μὲν
2761 1887 2868 1940 ἀπὸ
2902 1887 3003 1958 τῆς
3047 1888 3246 1962 ἀργίας
3276 1889 3340 1942 10
3368 1887 3598 1959 βλάϐος,

2010 1976 2175 2030 πόσον
2201 1977 2259 2030 δὲ
2290 1978 2400 2030 ἀπὸ
2429 1977 2534 2047 τῆς
2562 1977 2833 2050 ἐργασίας,
2870 1978 2932 2032 10
2959 1979 3173 2051 κέρδος.
3205 1980 3308 2051 τὴν
3341 1981 3440 2050 μὲν
3469 1979 3602 2048 φεύο

2015 2083 2224 2137 γωμεν,
2250 2065 2348 2138 τὴν
2375 2067 2433 2120 δὲ
2461 2066 2767 2139 διώκωμεν,
2809 2069 2897 2122 ἴνα
2942 2069 3037 2122 καὶ
3065 2070 3156 2123 τὸν
3199 2068 3440 2142 παρόντα
3486 2069 3604 2140 βίον

2015 2157 2368 2230 εὐσχημόνως
2397 2160 2674 2230 ζήσωμεν,
2705 2161 2798 2213 καὶ
2829 2160 3106 2230 δεομένοις
3134 2162 3199 2214 ἐκ
3230 2161 3338 2214 τῶν
3373 2161 3604 2218 ἐνόντων

2015 2250 2488 2321 ἐπικουρήσωμεν,
2521 2252 2617 2304 καὶ
2652 2251 2752 2322 τὴν
2780 2250 2958 2322 ψυχὴν
2995 2251 3095 2322 τὴν
3141 2252 3350 2306 ἐαυτῶν
3393 2251 3604 2323 ἀμείνω

2017 2340 2525 2404 κατασκευάσαντες
2551 2338 2806 2411 τύχωμεν
2837 2342 2945 2394 τῶν
2979 2341 3214 2396 αἰωνίων
3239 2340 3492 2411 ἀγαθῶν·
3525 2335 3604 2397 ὧν

2013 2431 2224 2501 γένοιτο
2257 2431 2466 2496 πάντας
2520 2433 2669 2503 ἡμᾶς
2715 2433 3013 2505 ἐπιτυχεῖν,
3047 2435 3230 2505 χάριτι
3276 2434 3372 2488 καὶ
3409 2434 3602 2504 φιλαν-

2017 2522 2236 2595 θρωπία
2270 2522 2365 2577 τοῦ
2398 2524 2605 2595 Κυρίου
2651 2525 2809 2596 ἡμῶν
2844 2525 3020 2598 Ἰησοῦ
3050 2525 3308 2599 Χριστοῦ,
3336 2519 3382 2594 ᾧ
3408 2529 3442 2598 ή
3475 2526 3602 2591 δόξα

2019 2617 2115 2670 καὶ
2152 2615 2214 2670 10
2251 2616 2471 2690 κράτος,
2493 2617 2620 2688 ἀμα
2652 2615 2731 2688 τῷ
2773 2618 2948 2689 Πατρὶ
2995 2619 3088 2672 καὶ
3119 2616 3198 2689 τῷ
3245 2618 3385 2689 ἁγίῳ
3431 2617 3594 2672 Πνεύο

2024 2725 2174 2779 ματι,
2203 2707 2299 2762 νῦν
2337 2707 2434 2762 καὶ
2470 2708 2578 2774 ἀεὶ,
2609 2709 2704 2764 καὶ
2729 2710 2809 2774 εἰς
2833 2710 2959 2773 τούς
2987 2707 3190 2774 αἰῶνας
3216 2709 3327 2762 τῶν
3366 2708 3600 2764 αἰώνων.

2033 2797 2092 2849 Ἀ
2100 2797 2230 2866 μήν.

1243 3107 1416 3191 ΕΙΣ
1449 3107 1903 3194 ΑΚΥΛΑΝ
1955 3107 2151 3193 ΚΑΙ
2200 3106 2886 3196 ΠΡΙΣΚΙΛΛΑΝ

1041 3263 1151 3318 Καί
1175 3266 1262 3332 εἰς
1292 3266 1354 3321 τὸ
1387 3265 1474 3337 μὴ
1513 3267 1708 3333 κακῶς
1753 3267 1958 3339 λέγειν
1996 3269 2140 3335 τοὺς
2173 3269 2350 3338 ἱερεῖς
2393 3266 2502 3324 τοῦ
2543 3267 2713 3324 Θεοῦ.
2743 3268 2934 3338 Λόγος
2958 3267 3042 3333 β’.

411 3531 482 3580 α’.
510 3517 658 3592 Ἆρα
685 3519 1042 3591 ἐπαιδεύθητε
1079 3520 1246 3590 μηδὲν
1280 3517 1420 3576 εἶναι
1461 3523 1706 3594 νομίζειν
1738 3525 2017 3598 πάρεργον
2049 3481 2064 3490 ἢ,

342 3609 454 3663 τῶν
499 3609 557 3660 ἐν
603 3607 671 3676 τῇ
725 3604 846 3674 θεία
897 3603 1088 3675 Γραφῇ
1130 3604 1432 3674 κειμένων;
1464 3601 1576 3676 ἆρα
1633 3607 1867 3678 ἐμάθετε
1924 3607 2019 3660 καὶ

341 3687 651 3762 ἐπιγραφὰς
679 3685 776 3740 καὶ
791 3686 1031 3756 ὀνόματα
1057 3685 1152 3738 καὶ
1175 3685 1336 3754 ψιλὰς
1364 3688 1827 3760 περιεργάζεσθαι
1855 3706 2021 3761 προσ-

346 3775 535 3844 ρήσεις
552 3810 568 3834 ,
593 3773 693 3833 τὰς
713 3769 772 3822 ἐν
801 3769 916 3831 τοῖς
943 3766 1106 3830 θείοις
1129 3767 1345 3836 Λογίοις
1363 3771 1760 3841 γεγραμμένας
1788 3783 1846 3837 ις
1874 3769 2020 3839 Ἐγὼ

347 3856 448 3926 μὲν
480 3853 590 3924 γὰρ
621 3851 816 3905 οὐδένα
837 3846 993 3921 οἶμαι
1014 3848 1203 3902 λοιπὸν
1226 3849 1335 3904 τῶν
1365 3851 1671 3920 φιλοπόνων
1709 3853 1802 3907 100
1833 3854 2022 3920 ἀνεξό⁴

349 3952 509 4006 μενον
537 3931 916 4005 παραδραμεῖν
965 3948 1016 3983 τι
1048 3931 1157 3984 τῶν
1199 3932 1258 3983 ἐν
1306 3934 1428 3996 ταῖς
1463 3933 1706 4004 Γραφαῖς
1751 3936 2020 4006 κειμένων

347 4018 610 4090 ῥημάτων
635 4055 651 4079 ,
703 4013 809 4068 κάν
854 4012 1138 4082 ὀνομάτων
1267 4013 1566 4082 κατάλογος
1585 4055 1600 4079 ,
1654 4015 1760 4070 κᾶν
1813 4015 2022 4087 χρόνων

346 4099 617 4171 ἀριθμὸς,
662 4095 765 4154 κᾶν
809 4093 941 4165 ψιλὴ
993 4094 1129 4166 πρός
1177 4111 1331 4158 τινας
1366 4096 1687 4168 πρόσρησις.
1739 4097 1885 4169 Πλὴν
1936 4099 2022 4152 ἴνα

345 4181 733 4252 ἀσφαλεστέρα
760 4175 903 4248 αῦτη
951 4178 985 4248 ή
1014 4177 1297 4248 διόρθωσις
1328 4178 1576 4248 γένηται,
1629 4180 1762 4250 φέρε
1805 4182 1901 4234 καὶ
1927 4183 2024 4254 τή-

350 4279 517 4335 μερον
537 4261 606 4316 τά
630 4260 928 4331 λειπόμενα
953 4259 1054 4329 τῆς
1082 4260 1450 4332 προσηγορίας
1480 4264 1580 4332 τῆς
1606 4262 1742 4334 πρὸς
1768 4264 2025 4336 Πρίσκιλ.

350 4347 453 4401 λαν
507 4347 604 4402 καὶ
651 4345 882 4400 ’Δκύλαν
915 4342 1265 4412 ἐπέλθωμεν·
1322 4342 1498 4397 καίτοι
1531 4360 1598 4413 γε
1643 4346 1704 4398 οὐ
1749 4346 1922 4418 μικρά
1965 4348 2027 4402 10

349 4429 635 4500 προοίμιον
661 4427 830 4498 αὐτῆς
853 4425 1000 4496 ἡμᾶς
1019 4422 1290 4492 ὠφέλησε.
1321 4425 1432 4478 Kal
1456 4424 1565 4496 1&9
1590 4424 1823 4493 ἐδίδαξεν
1856 4429 2024 4498 ἡμᾶς,

349 4513 520 4566 πόσον
545 4512 572 4552 δ
609 4512 708 4581 μὲν
736 4508 968 4578 ἀγαθὸν,
1000 4506 1180 4578 ἔργον,
1206 4507 1370 4559 πόσον
1399 4506 1457 4558 δὲ
1487 4507 1679 4574 κακὸν,
1707 4509 1897 4581 ἀργία,
1935 4510 2029 4563 καὶ

349 4596 435 4660 τίς
462 4596 498 4666 ή
528 4589 742 4648 Παύλου
765 4591 912 4663 ψυχὴ
931 4631 948 4656 ,
981 4591 1095 4654 πῶς
1119 4591 1394 4661 ἄγρυπνος
1428 4591 1523 4645 καὶ
1550 4593 2027 4664 μεμεριμνημένη,

351 4678 413 4732 οὐ
452 4676 593 4732 κατά
620 4676 804 4740 πόλεις
825 4675 921 4728 καὶ
956 4674 1161 4744 δήμους
1185 4672 1280 4726 καὶ
1307 4671 1437 4743 εθνη
1459 4711 1474 4736 ,
1502 4671 1639 4726 ἀλλά
1663 4674 1756 4727 καὶ
1788 4674 1911 4727 καθ’
1934 4675 2031 4730 ἕνα

351 4762 582 4815 ἕκαστον
618 4759 729 4815 τῶν
763 4757 972 4812 πιστῶν
1020 4755 1223 4827 πολλὴν
1255 4755 1555 4826 ποιουμένη
1608 4755 1708 4826 τὴν
1749 4757 2025 4829 πρόνοιαν.

358 4841 566 4908 Ἔδειξε
609 4840 726 4905 πῶς
757 4839 912 4893 οὐδὲν
955 4839 1035 4900 εἰς
1067 4837 1373 4907 φιλοξενίαν
1399 4837 1434 4907 ἡ
1485 4838 1646 4890 πενία
1675 4838 1882 4906 γίνεται
1920 4839 2028 4893 κώ-

352 4921 498 4993 λυμα
521 4963 537 4988 ,
567 4923 662 4977 καὶ
699 4923 782 4976 ὄτι
812 4921 872 4974 οὐ
901 4919 1131 4972 πλούτου
1161 4920 1256 4972 καὶ
1283 4918 1583 4990 χρημάτων
1610 4959 1624 4982 ,
1655 4919 1790 4974 ἀλλά
1828 4921 2029 4992 ἀρετῆς

355 5005 632 5075 πανταχοῦ
685 5005 841 5076 χρεία
874 5004 966 5057 xal
1029 5002 1399 5074 προαιρέσεως
1453 5003 1739 5058 εὐλάϐειαν
1776 5003 2028 5075 ἐχούσης,

357 5089 452 5142 καὶ
493 5090 574 5142 ὅτι
611 5089 830 5142 πάντων
869 5087 975 5141 εἰσὶ
1029 5085 1400 5156 λαμπρότεροι
1433 5087 1483 5139 οί
1520 5088 1611 5139 τὸν
1645 5085 1740 5140 τοῦ
1779 5087 1915 5141 θεοῦ
1947 5092 2042 5158 φό-

357 5173 453 5224 6ον
484 5171 728 5242 ἔχοντες,
754 5171 857 5225 κάν
887 5171 968 5232 εἰς
1016 5167 1205 5221 πενίαν
1237 5169 1472 5240 ἐσχάτην
1502 5169 1886 5238 κατενεχθῶσι.
1925 5173 2039 5246 Τὴν

359 5253 492 5320 γοῦν
520 5253 849 5325 Πρίσκιλλαν
887 5252 980 5305 καί.
1021 5249 1250 5304 Ἀκύλαν
1271 5291 1289 5319 ,
1331 5252 1687 5321 σκηνοποιούς
1744 5251 1901 5318 ὄντας
1947 5259 2042 5312 καὶ

361 5342 705 5413 χειροτέχνας
728 5381 742 5405 ,
777 5342 871 5395 καὶ
920 5341 978 5392 ἐν
1018 5339 1260 5410 πτωχεία
1313 5337 1523 5402 ζῶντας
1559 5350 1606 5401 ο,
1635 5338 1744 5392 τῶν
1770 5339 2039 5410 βασιλέων

365 5427 581 5478 πάντων
619 5425 819 5494 μᾶλλον
847 5421 1253 5493 ἐμακαρίζομεν
1281 5419 1377 5475 νῦν
1395 5438 1410 5452 ·
1436 5421 1531 5474 καὶ
1551 5423 1601 5474 οί
1636 5420 1736 5492 μὲν
1767 5422 1826 5474 ἐν
1867 5424 2034 5490 ἀξιὼ-

365 5523 502 5577 μασι
529 5507 623 5559 καὶ
644 5505 985 5567 δυναστείαις
1011 5503 1327 5574 σεσίγηνται
1347 5543 1363 5567 ,
1395 5505 1426 5556 ό
1449 5503 1504 5556 δέ
1538 5505 1860 5574 σκηνοποιδς
1895 5507 2035 5579 μετά

429 5609 456 5671 _‘
484 5607 638 5671 Yalic.
657 5613 711 5657 et
727 5607 927 5671 Οοίβιίιι.
951 5607 1335 5671 ἐγγεγραμμένας.
1362 5604 1492 5657 Εῶιὶ
1517 5603 1848 5671 γεγραμμένας.

429 5669 460 5710 δ
489 5668 711 5730 Ulerque
736 5669 888 5719 codex
912 5668 1096 5717 ὁπόσον
1109 5668 1206 5719 διε.

430 5732 454 5763 ⁸
482 5731 638 5784 Vatic.
661 5732 710 5781 ἐν
728 5732 862 5794 πενία
887 5733 1076 5786 ζῶντας.

2117 3522 2220 3596 τῆς
2247 3518 2508 3588 γυναικὸς
2544 3517 2760 3589 ᾅδονται
2803 3516 3077 3588 πανταχοῦ
3123 3516 3225 3586 τῆς
3251 3515 3599 3586 οἰκουμένης.
3659 3518 3719 3571 Εἰ
3746 3518 3802 3572 δὲ

2119 3602 2354 3656 ἐνταῦθα
2383 3599 2650 3671 τοσαύτης
2672 3599 3004 3654 ἀπολαύουσι
3031 3596 3211 3669 δόξης,
3239 3597 3491 3668 ἐννόησον
3511 3598 3636 3652 ὅσον
3660 3601 3803 3654 κατά

2118 3686 2218 3756 τὴν
2255 3685 2472 3757 ἡμέραν
2505 3685 2724 3753 ἐκείνην
2775 3680 3167 3754 ἀξιωθήσονται
3202 3680 3312 3733 τῶν
3349 3680 3670 3734 ἀντιδόσεων
3705 3684 3802 3736 καὶ

2119 3769 2228 3822 τῶν
2261 3767 2414 3840 [181]
2445 3767 2724 3836 στεφάνων
2746 3785 2760 3798 ·
2796 3767 2891 3820 καὶ
2921 3765 3026 3839 1:90
3076 3765 3176 3836 τῆς
3220 3763 3434 3835 ἡμέρας
3463 3763 3520 3817 δέ
3565 3765 3800 3837 ἐκείνης,

2119 3853 2182 3904 οὐ
2212 3851 2414 3922 μικρὰν
2446 3850 2542 3903 καὶ
2585 3849 2776 3919 ἡδονὴν
2817 3849 2912 3901 καὶ
2932 3847 3202 3916 ὠφέλειαν
3241 3846 3336 3898 καὶ
3365 3844 3524 3909 δόξαν
3549 3847 3804 3915 ἐκαρπώ-

2123 3948 2286 3985 σαντο
2311 3930 2338 3970 (ι
2390 3931 2521 3993 νῦν,
2560 3929 2758 3999 Παύλῳ
2797 3929 3051 3982 τοσοῦτον
3093 3926 3428 3996 συζήσαντες
3463 3927 3671 3996 χρόνον.
3694 3930 3805 3983 Kal

2121 4013 2230 4084 1&9
2256 4053 2272 4078 ,
2302 4013 2440 4082 ὅπερ
2466 4011 2778 4082 ἔμπροσθεν
2812 4010 3018 4078 ἔλεγον,
3055 4009 3214 4062 τοῦτο
3240 4009 3338 4061 καὶ
3381 4009 3478 4062 νῦν
3506 4010 3648 4078 λέγω
3665 4053 3682 4077 ,
3709 4013 3806 4067 καὶ

2121 4097 2294 4165 λέγων
2323 4097 2383 4149 οὐ
2418 4093 2722 4165 παύσομαι,
2751 4095 2832 4147 ὃτι
2853 4093 2952 4163 οὐχ
2995 4094 3027 4164 ἠ
3055 4091 3373 4145 διδασκαλία
3402 4092 3582 4162 μόνον,
3614 4095 3736 4148 οὐδὲ
3766 4098 3802 4167 ή

2125 4179 2447 4251 παραίνεσις
2480 4177 2574 4231 καὶ
2620 4175 2900 4247 συμϐουλὴ
2919 4217 2936 4242 ,
2964 4175 3102 4229 ἀλλά
3148 4177 3242 4230 κα)⁵
3288 4174 3429 4248 αῦτη
3479 4179 3513 4247 ὴ
3540 4177 3664 4248 ὄψις
3692 4179 3810 4234 τῶν

2123 4266 2294 4334 ἀγίων
2351 4264 2551 4336 πολλὴν
2588 4259 2735 4335 εἶχεν
2767 4263 2960 4334 ἡδονὴν
2987 4263 3081 4317 καὶ
3108 4261 3398 4332 ὠφέλειαν,
3427 4263 3521 4316 καὶ
3559 4263 3721 4327 αὐτὸς
3748 4263 3808 4318 δέ

2124 4348 2234 4402 τῶν
2269 4349 2504 4420 ἰματίων
2526 4350 2554 4402 ό
2585 4345 2870 4417 στολισμδς
2894 4386 2909 4412 ,
2942 4347 3037 4399 καὶ
3065 4345 3229 4408 αὐτὸς
3254 4345 3364 4399 τῶν
3393 4345 3756 4416 ὑποδημάτων
3779 4348 3811 4400 ό

2125 4432 2346 4503 τρόπος.
2382 4432 2493 4485 Kal
2517 4431 2626 4502 1&9
2653 4429 2902 4483 ἐντεῦθεν
2945 4428 3112 4499 πολλή
3153 4445 3236 4491 τις
3288 4428 3368 4490 είς
3419 4427 3510 4480 τὸν
3539 4429 3810 4499 ἡμέτερον

2128 4514 2494 4586 εἰσενήνεκται
2526 4512 2640 4581 βίον
2666 4512 2932 4582 ὠφέλεια,
2976 4511 3038 4564 10
3086 4509 3278 4581 μαθεῖν
3331 4509 3493 4581 μέχρι
3544 4509 3646 4563 ποῦ
3691 4512 3808 4574 τοῖς

2128 4595 2444 4664 ἀναγκαίοις
2499 4593 2757 4665 ἐχρῶντο.
2792 4593 2927 4646 Οὐδέ
2982 4593 3089 4666 γὰρ
3141 4591 3300 4664 μόνον
3353 4593 3414 4646 10
3464 4592 3662 4664 μέτρον
3709 4592 3808 4662 οὐχ

2131 4678 2486 4750 ὑπερέϐαινον
2535 4678 2636 4748 τῆς
2691 4676 2916 4748 χρείας,
2977 4676 3092 4730 ἀλλ’
3144 4674 3293 4728 ἐστιν
3341 4676 3476 4729 ὃπου
3535 4673 3659 4728 οὔτε
3710 4675 3810 4744 τῆς

2132 4763 2320 4834 χρείας
2347 4761 2518 4831 αὐτῆς
2545 4760 2820 4814 ἀπέλαυον
2848 4759 3063 4830 ἀπάσης
3085 4775 3102 4789 ·
3141 4758 3278 4812 ἀλ·λά
3328 4759 3420 4812 καὶ
3453 4759 3512 4811 ἐν
3549 4757 3693 4829 λιμῷ
3720 4758 3812 4810 καὶ

2132 4843 2274 4912 δίψει
2305 4844 2397 4896 καὶ
2422 4843 2720 4914 γυμνότητι
2745 4842 3070 4896 διετέλεσαν.
3111 4842 3219 4894 Kal
3255 4843 3367 4904 τοῖς
3407 4839 3506 4912 μὲν
3543 4840 3811 4911 μαθηταῖς

2136 4927 2436 4981 ἐπιτάττων
2468 4929 2498 4980 ό
2550 4927 2763 4991 Παῦλος
2814 4925 2999 4996 ἔλεγεν
3020 4942 3033 4955 ·
3094 4927 3379 4994 Ἔχοντες
3432 4923 3654 4993 τροφὰς
3709 4924 3808 4977 καὶ

2135 5010 2567 5079 σκεπάσματα,
2593 5011 2830 5074 τούτοις
2869 5011 3392 5079 ἀρκεσθησόμεθα·
3426 5008 3556 5077 περὶ
3599 5005 3658 5058 δέ
3686 5007 3814 5058 ἐαυ-

2136 5091 2230 5144 τοῦ
2257 5091 2508 5160 φαίνεται
2535 5092 2708 5160 λέγων
2727 5130 2743 5153 ,
2765 5092 2849 5144 ὅτι
2885 5092 3047 5160 Ἄχρι
3079 5089 3189 5158 τῆς
3219 5091 3348 5158 ἄρτι
3380 5088 3537 5157 ὥρας
3561 5085 3662 5139 καὶ
3686 5100 3812 5138 πει-

2135 5172 2355 5242 νῶμεν,
2392 5173 2492 5229 καί
2523 5172 2794 5243 διψῶμεν
2814 5212 2829 5236 ,
2858 5173 2956 5228 καί
2983 5173 3436 5243 rupi-111013011811
3456 5208 3472 5232 ,
3497 5167 3596 5221 καὶ
3629 5169 3811 5220 κολα-

2134 5254 2433 5324 φιζόμεθα.
2483 5255 2642 5308 Ἀλλά
2669 5255 2778 5325 γὰρ
2804 5253 2840 5308 ἀ
2873 5254 3075 5324 μεταξύ
3109 5253 3315 5321 ἔλεγον,
3339 5250 3434 5304 καὶ
3471 5247 3608 5318 μετά
3638 5245 3816 5301 ταῦτα

2135 5337 2382 5407 εἰσῆλθεν
2405 5379 2421 5402 ,
2465 5338 2760 5406 ἀναγκαῖον
2813 5337 2890 5398 εἰς
2947 5335 3109 5406 μέσον
3164 5333 3491 5405 παραθεῖναι
3529 5341 3554 5369 ⁸
3608 5326 3816 5397 πολλὴν

2135 5416 2327 5487 έχοντα
2354 5419 2452 5490 τὴν
2477 5418 2723 5490 ζήτησιν.
2757 5416 2822 5470 Τί
2847 5417 2903 5470 δέ
2927 5417 3084 5470 τοῦτό
3111 5417 3258 5470 ἐστιν
3283 5433 3298 5482 ;
3331 5414 3578 5482 Ἔλεγον,
3606 5411 3688 5464 ὅτι
3719 5409 3816 5466 καὶ

2205 5535 2367 5600 dpuo
2391 5549 2508 5585 mss.
2532 5535 2881 5600 καρπώσονται
2953 5595 2966 5600 Α
3132 5599 3135 5600 ν
3439 5592 3451 5600 _
3502 5591 3513 5600 _
3593 5587 3617 5600 η

2209 5601 2232 5626 ⁸
2257 5597 2368 5664 Duo
2400 5611 2515 5664 ms_s.
2548 5591 2799 5664 προθεῖναι.
2850 5595 3002 5664 1⁵21)ιο
3017 5599 3144 5664 post
3182 5593 3331 5664 Iigiem
3377 5591 3521 5664 1103.0
3557 5591 3654 5664 τιῶν
3702 5592 3818 5664 ὐπο-

2146 5659 2369 5768 δημοὲιτων
2400 5659 2570 5722 τρόπος
2589 5652 2702 5706 ’τῶν
2743 5652 3075 5707 ἀποστολικῶν
3113 5657 3309 5722 παρέχει
3349 5653 3528 5712 πολλὴν
3568 5652 3681 5713 ἡμῖν
3737 5652 3820 5707 τήν

2144 5736 2243 5786 ωφε
2277 5737 2388 5770 ειαν.
