4110 6198
426 280 527 338 197

417 395 542 450 dum
569 393 978 462 apostolicarum
1024 391 1248 446 vestium
1298 391 1518 446 nmltnm
1564 392 1718 446 nobis
1757 391 2001 448 conferre

418 483 658 539 utilitatis
695 501 708 537 :
741 482 834 539 sed
861 497 982 537 cum
1014 482 1114 536 hoc
1140 482 1292 549 dico,
1335 483 1518 537 incidit
1548 484 1675 536 mibi
1728 485 1807 538 lex
1849 498 2007 554 quam

421 574 660 630 Christus
690 575 896 644 posuit,
924 573 1108 630 dicens
1137 592 1150 629 :
1196 573 1314 628 Non
1341 575 1592 644 possidete
1617 591 1830 637 aurum,
1856 591 2012 646 neque

418 674 698 736 argentum,
725 681 881 735 neque
906 681 976 719 tes
1002 666 1052 718 in
1083 666 1222 720 zonis
1259 669 1450 731 vestris,
1484 683 1642 735 neque
1661 667 1855 720 calceos
1879 707 1893 729 ,
1923 683 2012 720 ne-

417 773 510 823 que
535 756 727 827 virgam
747 757 800 809 in
822 757 900 810 via
925 755 1136 825 (Matth.
1175 757 1259 811 10.
1299 755 1354 812 9.
1384 755 1488 826 10)
1512 774 1523 810 :
1551 757 1885 810 manifestum
1916 773 2012 811 au-

418 859 522 904 tem
554 857 638 903 est
667 848 880 903 Petrum
909 846 1158 903 habuisse
1182 848 1438 902 sandalia.
1466 847 1616 904 Unde
1641 864 1761 904 cum
1788 848 2007 918 angelus

416 955 537 994 eum
585 938 942 994 dormientem
993 939 1288 1005 excitaret,
1321 948 1375 994 et
1401 955 1430 998 e
1474 954 1689 994 carcere
1719 939 2006 1004 educeret,-

415 1033 490 1085 ait
517 1048 532 1084 :
559 1031 740 1086 Calcea
761 1041 809 1086 te
836 1030 1084 1086 stutdaliis
1111 1033 1208 1086 tuis
1233 1075 1246 1098 ,
1271 1043 1318 1087 et
1344 1033 1605 1086 circumda
1633 1033 1720 1087 tibi
1739 1035 2007 1088 vestimen-

418 1131 522 1175 tum
551 1131 712 1188 tuum,
739 1129 785 1175 et
805 1138 1008 1191 sequere
1034 1139 1112 1176 me
1139 1120 1274 1194 (Act.
1300 1123 1385 1177 12.
1421 1122 1497 1196 8).
1523 1123 1590 1177 Ει
1611 1123 1807 1177 Paulus
1821 1123 2006 1179 Timo-

419 1213 543 1268 theo
563 1212 747 1268 scribit
773 1229 787 1264 :
813 1209 1063 1266 Penulam
1084 1228 1234 1284 quant
1264 1214 1444 1282 reliqui
1478 1212 1682 1267 Troade
1709 1214 1847 1281 apud
1876 1212 2005 1266 Car-

418 1321 537 1377 pum
561 1347 575 1370 ,
604 1321 716 1357 cum
743 1305 905 1358 venies
931 1303 1079 1370 a/fer,
1105 1315 1151 1358 et
1177 1306 1350 1372 libros,
1382 1307 1663 1374 prtzsertim
1690 1307 2007 1360 membranas

417 1396 493 1468 (2.
519 1395 649 1450 Tim.
674 1397 726 1451 4.
757 1397 865 1467 15).
883 1397 1019 1464 Quid
1039 1397 1213 1451 dicis?
1236 1397 1478 1452 Christus
1499 1398 1649 1468 jubet
1676 1414 1778 1452 non
1809 1398 2006 1453 habere

414 1488 658 1552 calceos,
693 1496 746 1541 tu
772 1496 948 1541 autem
979 1487 1224 1556 penulam
1261 1488 1447 1552 habes,
1476 1498 1528 1542 et
1557 1489 1692 1542 alius
1717 1488 1951 1542 sandalia
1982 1488 2006 1542 ?

415 1577 566 1646 Quod
613 1577 656 1632 si
703 1577 754 1631 hi
785 1587 970 1632 tenues
1017 1577 1225 1648 quidam
1255 1590 1466 1643 essent,
1497 1579 1750 1648 magistro
1776 1594 1880 1632 non
1913 1592 2027 1646 per,

417 1670 593 1724 omnia
614 1669 1066 1738 obtemperantes,
1092 1669 1232 1724 nulla
1248 1679 1361 1723 erat
1385 1669 1470 1724 hic
1486 1669 1726 1724 facienda
1749 1670 2001 1740 qumstio:

417 1759 510 1814 sed
538 1775 656 1814 cum
687 1759 784 1829 ipsi
815 1760 1068 1830 prtecipui
1099 1760 1224 1826 sint,
1246 1776 1310 1814 ac
1337 1761 1592 1829 primates
1611 1762 2000 1830 apostolorum,

416 1861 468 1904 et
495 1852 701 1906 animas
737 1865 863 1906 suas
903 1850 1307 1921 impenderent,
1336 1851 1657 1922 Christoque
1683 1869 1782 1923 per
1822 1856 2003 1908 omnia

415 1942 722 2009 obedirent,
754 1950 810 1997 et
859 1942 1055 1998 Paulus
1096 1957 1205 1997 non
1252 1943 1424 1997 solum
1479 1943 1736 2012 imperata
1783 1943 2002 2012 fecerit,

415 2033 514 2088 sed
536 2043 592 2089 et
615 2048 775 2104 supra
805 2043 1096 2089 scammata
1118 2034 1413 2100 saltaverit;
1435 2049 1662 2105 eumque
1692 2037 2006 2106 praeciperet

415 2140 480 2180 ex
521 2126 808 2199 Evangelio
837 2126 1156 2193 vivendum,
1201 2127 1397 2181 victum
1443 2128 1556 2196 ipse
1606 2127 1854 2183 manibus
1893 2128 2004 2185 suis

414 2217 760 2284 qutesiverit,
817 2217 967 2288 plus,
1015 2233 1173 2288 quam
1224 2219 1546 2289 imperatum
1603 2230 1751 2287 erat,
1801 2219 2004 2278 faciens

413 2307 490 2375 (1.
520 2306 638 2362 Cor.
671 2309 724 2362 6.
771 2308 856 2362 12.
886 2307 1001 2362 Act.
1031 2308 1121 2364 20.
1153 2310 1223 2366 5-1
1252 2309 1296 2382 ),
1335 2310 1533 2366 idcirco
1555 2310 1771 2382 dignum
1799 2323 1917 2382 est,
1946 2322 2005 2375 ut

410 2414 748 2470 quaeramus,
782 2416 949 2470 quare
975 2401 1064 2471 qui
1093 2401 1145 2455 in
1176 2403 1427 2458 onmihus
1474 2403 1686 2458 Christo
1716 2405 2002 2474 parebant.

413 2488 500 2542 hic
530 2488 703 2558 legem
729 2488 844 2558 ejus
873 2489 1156 2544 vidcantur
1183 2491 1479 2561 transgredi
1511 2492 1535 2546 ?
1563 2494 1630 2546 At
1655 2507 1761 2548 non
1800 2509 1858 2548 re
1890 2493 2003 2564 ipsa

413 2578 894 2648 transgrediuntur.
930 2579 1026 2635 Hic
1050 2595 1232 2636 sermo
1261 2597 1365 2635 non
1411 2582 1463 2636 in
1516 2582 1620 2639 hoc
1658 2585 1831 2642 solum
1859 2585 2003 2642 utilis

413 2669 547 2735 erit,
593 2678 650 2724 ut
691 2678 1013 2725 excusentur
1051 2672 1218 2726 sancti
1250 2671 1356 2737 illi,
1389 2673 1484 2728 sed
1529 2683 1584 2728 ut
1624 2684 1680 2730 et
1724 2675 2002 2746 gentllium

413 2764 763 2818 obstruantur
789 2778 903 2819 ora.
937 2763 1375 2836 Quandoquidem
1419 2763 1570 2822 multi
1599 2767 1876 2824 viduarum
1906 2769 2003 2824 do-

411 2869 528 2910 mos
553 2854 928 2911 subvertentes
944 2897 960 2922 ,
990 2855 1262 2926 orphanos
1279 2857 1542 2912 nudantes
1561 2899 1577 2925 ,
1603 2859 1809 2930 ipsique
1826 2861 2001 2916 omni-

410 2946 509 3001 bus
545 2946 734 3002 alienis
758 2946 1092 3002 abundantes
1112 2989 1129 3015 ,
1159 2956 1215 3003 et
1245 2947 1384 3018 lupis
1421 2949 1587 3004 nihilo
1619 2951 1905 3020 meliores,
1929 2967 1998 3009 ex

407 3040 700 3109 alienisque
726 3039 1003 3095 laboribus
1029 3040 1302 3108 viventes,
1344 3056 1466 3096 cum
1497 3041 1678 3097 vident
1723 3042 1996 3106 interdum

407 3130 642 3186 ﬁdelium
672 3131 878 3203 aliquos
901 3131 1142 3202 pluribus
1164 3133 1234 3186 oh
1262 3133 1644 3203 aegritudinem
1663 3135 1842 3190 vestiri
1864 3136 1999 3192 ami-

405 3223 574 3288 culis,
599 3222 852 3277 continuo
891 3221 1046 3276 nobis
1075 3223 1248 3293 legem
1276 3221 1474 3278 Christi
1501 3223 1795 3293 objiciunt,
1837 3235 1894 3281 et
1917 3225 2000 3283 di-

405 3323 536 3368 cunt
569 3332 582 3368 :
614 3311 804 3368 Nonne
834 3303 1086 3384 przecepit
1130 3313 1282 3368 vobis
1319 3313 1598 3380 Christus,
1649 3331 1718 3371 ne
1757 3315 1998 3373 habeatis

405 3407 538 3461 duas
570 3407 810 3470 tunicas,
844 3406 927 3460 vel
955 3405 1316 3461 calceamenta
1350 3405 1497 3474 (Luc.
1541 3407 1592 3464 9.
1627 3408 1726 3479 5)?
1764 3409 1998 3477 Quomo-

404 3499 476 3555 do
503 3514 633 3569 crgo
659 3515 752 3554 vos
778 3500 949 3568 legem
981 3497 1124 3552 illam
1154 3497 1572 3568 prscvaricamiui
1591 3499 1616 3553 ?
1636 3499 1702 3554 Et
1725 3510 1843 3570 post
1859 3499 1992 3571 htcc,

402 3606 525 3646 cum
574 3589 785 3646 abunde
835 3589 1050 3645 fratrem
1101 3590 1352 3657 riserint,
1401 3598 1456 3646 et
1499 3591 1909 3659 subsannarint,
1941 3601 1998 3653 et

406 3685 614 3755 probris
661 3682 973 3749 affecerint,
1029 3682 1330 3738 discedunt.
1380 3681 1544 3752 Igitur
1571 3699 1639 3739 ne
1666 3683 1792 3739 talia
1833 3685 1992 3750 (iant,

401 3794 502 3850 age
530 3789 583 3834 et
609 3779 823 3834 illorutn
850 3779 1162 3834 obturemus
1189 3777 1596 3848 impudentiam.
1625 3779 1691 3833 Et
1717 3793 1994 3848 possemus

401 3870 614 3940 quidem
639 3871 706 3925 ab
732 3870 811 3925 eis
838 3869 989 3924 facile
1007 3869 1256 3934 liberari,
1283 3869 1328 3923 si
1357 3868 1459 3923 hoc
1489 3884 1650 3923 unum
1675 3869 1755 3923 eis
1783 3869 1994 3925 dicere-

403 3977 541 4016 mus.
575 3961 743 4029 Quale
771 3960 915 4017 hoc?
945 3959 1004 4016 Si
1029 3959 1301 4015 Christum
1330 3968 1388 4014 ut
1415 3959 1519 4015 ﬁde
1537 3959 1754 4030 dignum
1775 3961 1993 4031 probas,

403 4053 596 4107 merito
639 4051 757 4108 hmo
806 4051 995 4122 objicis
1016 4093 1032 4119 ,
1065 4059 1117 4107 et
1149 4067 1178 4106 a
1225 4051 1382 4106 nobis
1407 4052 1603 4121 quaeris
1631 4069 1644 4105 :
1675 4051 1757 4106 sin
1807 4053 1856 4107 ei
1886 4068 1995 4109 non

401 4143 578 4198 credis
597 4186 612 4206 ,
643 4159 809 4214 quare
845 4144 1014 4214 legem
1040 4143 1158 4212 ejus
1186 4142 1412 4212 opponis
1437 4141 1460 4195 Ἰ
1487 4142 1792 4214 Atquando
1833 4158 1993 4199 accu—

400 4250 525 4290 sare
549 4249 646 4289 nos
671 4235 753 4289 vis
775 4275 789 4299 ,
830 4233 1023 4304 dignus
1054 4233 1147 4288 tibi
1175 4233 1383 4288 videtur
1409 4231 1513 4288 ﬁde
1543 4233 1812 4303 legislalor
1834 4233 1992 4289 Chri-

400 4335 516 4379 stus
551 4343 566 4380 :
608 4324 821 4396 quando
863 4337 1039 4379 autem
1071 4339 1192 4379 eum
1238 4322 1490 4378 admirari
1535 4331 1750 4392 oportet
1795 4333 1849 4379 et
1896 4323 1992 4379 ad-

401 4431 578 4483 orare,
605 4415 800 4470 nullius
822 4423 904 4470 est
929 4413 1068 4485 apud
1097 4423 1148 4469 te
1176 4413 1431 4469 momenti
1447 4412 1608 4468 totius
1631 4413 1780 4469 orbis
1807 4413 1990 4470 Domi-

401 4522 503 4563 nus
525 4508 550 4562 ?

470 4599 525 4653 2.
568 4600 794 4655 Solvitur
819 4599 1048 4670 quintio,
1078 4614 1169 4652 cur
1197 4597 1426 4654 Christus
1443 4597 1657 4668 jusserit
1685 4612 1784 4650 non
1812 4597 1994 4652 habere

401 4693 530 4747 duas
576 4691 791 4746 tunicas.
830 4720 893 4731 —
924 4689 1118 4745 Verum
1165 4705 1232 4744 ne
1285 4689 1400 4744 haec
1444 4688 1619 4759 inopia
1665 4687 1993 4744 delensionis

399 4783 582 4839 dicere
611 4797 708 4838 nos
739 4790 944 4853 putent,
971 4782 1038 4836 ad
1085 4781 1404 4836 solutionem
1431 4779 1570 4850 ejus,
1597 4779 1736 4851 quod
1781 4795 1992 4850 quaere-

402 4877 579 4942 batur,
609 4877 908 4932 veniamus.
952 4875 1208 4942 Qumnam
1237 4889 1366 4944 ergo
1387 4875 1490 4929 erit
1518 4872 1760 4928 solutio?
1794 4872 1991 4928 Viden-

401 4969 530 5023 dum
554 4977 639 5024 est
663 4968 714 5022 in
746 4966 1070 5038 lmjusmodi,
1102 4965 1316 5036 quibus,
1339 4974 1394 5020 et
1417 4964 1651 5035 quando,
1670 4973 1903 5035 etquare
1928 4981 1991 5020 ea

399 5059 646 5114 Christus
670 5059 969 5129 imperavit.
999 5055 1116 5112 Non
1141 5057 1285 5112 enim
1320 5056 1510 5121 obiter,
1535 5067 1589 5111 et
1633 5055 1774 5111 nude
1814 5055 1992 5125 inqui-

402 5149 564 5206 renda
592 5148 912 5222 sunthaec:
940 5148 1035 5204 sed
1074 5163 1251 5218 opera:
1285 5148 1513 5218 pretium
1557 5146 1715 5203 fuerit
1749 5146 1909 5201 simul
1939 5160 1994 5202 et

403 5258 708 5312 personam,
737 5251 791 5297 et
819 5251 1046 5310 tempus,
1074 5248 1128 5294 ct
1151 5254 1366 5294 causam
1418 5248 1474 5292 et
1499 5238 1676 5293 omnia
1725 5238 1841 5293 hsce
1879 5239 1994 5294 dili-

401 5345 590 5404 genter
612 5334 953 5404 perscrutari.
977 5333 1072 5388 His
1119 5333 1262 5389 enim
1291 5331 1576 5402 diligenter
1616 5331 1990 5397 consideratis,

405 5428 760 5490 inveniemus,
789 5425 933 5496 quod
962 5425 1074 5495 ipsa
1114 5439 1223 5480 non
1273 5424 1378 5478 sint
1419 5423 1666 5476 omnibus
1711 5424 1991 5493 imperata,

402 5519 497 5575 sed
540 5519 671 5573 solis
718 5519 1092 5589 apostolis:et
1131 5530 1303 5584 neque
1343 5515 1444 5570 illis
1489 5515 1540 5569 iu
1589 5529 1767 5580 omne,
1793 5515 1887 5570 sed
1924 5516 1991 5570 ad

405 5609 774 5679 pnescriptum
818 5619 869 5665 et
895 5610 1304 5664 determinatam
1336 5617 1565 5678 tempus.
1603 5607 1666 5662 Et
1715 5607 1856 5662 unde
1887 5607 1990 5662 hoc

408 5700 747 5756 manifestum
775 5703 797 5755 ’ἒ
845 5701 918 5756 Ex
971 5701 1124 5755 dictis
1171 5701 1298 5772 ipsis
1335 5719 1346 5755 :
1380 5701 1602 5767 ctenim,
1633 5700 1830 5756 vocatis
1857 5699 1990 5756 duo-

1202 272 1267 332 IN
1307 270 1532 344 ILLUD,
1573 273 1936 334 SALUTATE
1977 277 2381 334 PliiSClLl..\.\l
2422 277 2509 336 ET
2549 278 2878 349 AQUILAM.
2921 281 2982 338 II.

3619 286 3644 340 1
3654 289 3717 345 93

2118 393 2292 449 decim
2322 393 2615 465 discipulis,
2644 396 2779 450 dixit
2807 397 2886 451 eis
2912 415 2926 450 :
2961 395 3025 452 In
3053 397 3186 452 viam
3207 397 3442 454 Gentium
3469 415 3534 454 ne
3581 399 3718 452 abis-

2115 488 2253 552 ritis,
2287 495 2334 540 et
2363 487 2413 539 in
2441 488 2689 541 civitatem
2713 488 3159 544 Samaritanorum
3190 506 3254 545 ne
3280 488 3603 546 intrarentin}.
3637 488 3716 543 Ite

2115 578 2280 647 potius
2325 578 2394 630 ad
2436 595 2548 632 oves
2588 579 2768 634 domus
2798 579 2966 634 Israel
3008 596 3121 651 qua:
3157 581 3410 653 perierunt
3438 580 3720 650 :inﬁrmos

2113 677 2284 720 curate
2300 708 2315 732 ,
2348 667 2570 737 leprosos
2592 669 2849 732 inundate,
2880 669 3130 723 daemonia
3159 671 3323 739 ejicite
3343 685 3362 724 .°
3381 671 3539 740 gratis
3564 685 3710 722 acce-

2113 759 2278 827 pistis,
2306 758 2462 828 gratis
2489 758 2606 812 date
2635 775 2652 812 :
2681 776 2744 813 ne
2767 759 3063 829 possidentis
3097 777 3275 813 aurum
3316 761 3390 814 vel
3418 771 3705 832 argentum,

2113 853 2189 904 vel
2211 866 2281 904 aes
2305 852 2358 904 in
2386 852 2527 904 zonis
2557 852 2729 904 vestris
2769 851 3222 924 (Mttttlt.iO.6—9).
3249 851 3476 908 Attende
3505 864 3700 921 quanta

2114 941 2349 1010 magistri
2379 942 2659 1010 sapientia,
2693 943 2964 1012 quomodo
2992 943 3108 998 leve
3144 944 3245 998 hoc
3268 952 3586 1014 pra-ceptum
3626 943 3698 995 l'e-

2112 1031 2267 1085 ccrit.
2319 1031 2451 1084 Nam
2493 1047 2612 1085 cum
2644 1033 2791 1101 prius
2823 1032 3046 1087 dixisset
3073 1050 3086 1086 :
3118 1031 3363 1103 Inﬁrmos
3405 1043 3599 1099 curate,
3628 1034 3693 1086 le.

2113 1140 2288 1194 prosos
2337 1123 2572 1178 inundate
2597 1164 2610 1188 ,
2645 1125 2898 1178 daemones
2926 1124 3087 1194 cjicite
3109 1122 3215 1195 (Ib.
3241 1141 3289 1178 υ.
3313 1123 3390 1191 8),
3425 1139 3696 1192 magnam-

2112 1228 2217 1282 que
2242 1213 2320 1267 eis
2349 1213 2571 1283 gratiam
2594 1215 2887 1268 liberaliter
2913 1213 3168 1277 dedisset,
3203 1224 3328 1268 tunc
3353 1215 3566 1268 tandem
3588 1213 3706 1267 h-.ee

2113 1302 2411 1372 imperavit,
2441 1305 2690 1357 nimirntn
2723 1314 3089 1374 paupertatem
3117 1305 3390 1374 signorum
3443 1314 3705 1373 potestate

2113 1394 2283 1449 levem
2314 1405 2368 1449 et
2412 1395 2617 1450 facilem
2648 1397 2894 1451 reddens.
2927 1396 3110 1466 Neque
3139 1411 3202 1451 ex
3239 1397 3323 1450 his
3350 1397 3522 1451 solum
3543 1438 3557 1462 ,
3607 1396 3702 1451 sed

2111 1501 2175 1540 ex
2206 1486 2386 1540 multis
2432 1485 2551 1540 aliis
2601 1488 2938 1541 manifestum
2984 1495 3086 1552 est,
3114 1488 3240 1541 solis
3266 1487 3542 1557 discipulis
3582 1502 3704 1542 esse

2110 1575 2447 1644 imperatum.
2478 1575 2610 1629 Nam
2642 1585 2696 1630 et
2738 1577 2991 1647 virgines,
3019 1578 3142 1647 quia
3194 1577 3372 1632 oleum
3416 1578 3467 1630 in
3505 1578 3703 1646 lampa-

2110 1664 2268 1718 dibus
2296 1665 2408 1720 suis
2434 1681 2539 1719 non
2575 1667 2860 1734 habebant,
2892 1668 3096 1735 punivit
3148 1666 3362 1739 (Matth.
3389 1667 3480 1723 25.
3511 1669 3698 1736 1-12):

2113 1765 2168 1810 et
2197 1757 2332 1811 alios
2355 1773 2567 1826 quoque
2607 1758 2784 1828 arguit
2823 1768 2877 1813 et
2919 1759 3180 1829 increpat,
3212 1761 3332 1830 quia
3373 1761 3698 1815 esurientem

2113 1846 2286 1916 ipsum
2327 1847 2599 1912 viderunt,
2631 1857 2684 1903 et
2711 1864 2818 1903 non
2869 1858 3148 1919 paverunt,
3177 1859 3234 1905 et
3267 1850 3538 1905 sitientem
3591 1865 3699 1905 non

2108 1946 2362 2007 putarunt
2391 1936 2497 2008 (Ib.
2549 1955 2594 1992 υ.
2623 1939 2713 1994 41.
2741 1939 2899 2010 sqq.).
2931 1940 3100 1995 Porro
3136 1940 3183 1995 is
3210 1941 3294 1995 cui
3344 1955 3451 1996 non
3500 1949 3584 1996 est
3623 1956 3700 1997 tea

2108 2045 2283 2101 neque
2327 2033 2749 2088 ealceamentnm
2775 2073 2790 2099 ,
2821 2041 2916 2089 sed
2971 2041 3076 2089 una
3128 2045 3332 2090 tantum
3361 2036 3546 2102 vestis,
3568 2050 3702 2105 quo-

2109 2121 2270 2176 modo
2296 2122 2457 2178 alium
2505 2139 2744 2194 pascere,
2775 2125 3043 2195 quomodo
3070 2127 3268 2182 nudum
3297 2129 3528 2193 vestire,
3565 2144 3698 2199 quo-

2109 2211 2270 2266 modo
2300 2212 2565 2283 hospitem
2595 2215 2645 2268 in
2671 2213 2889 2269 domum
2935 2216 3186 2272 inducere
3228 2219 3467 2287 poterit?
3492 2217 3596 2273 Sed
3627 2219 3696 2274 ad

2109 2300 2224 2357 base
2249 2311 2304 2356 et
2328 2302 2543 2358 aliunde
2569 2304 2770 2360 clarum
2799 2321 2919 2361 esse
2961 2317 3189 2378 poterat.
3225 2307 3358 2365 Nam
3405 2310 3696 2368 accedente

2106 2404 2164 2452 et
2215 2396 2429 2453 dicente
2476 2397 2748 2468 quodam:
2785 2397 3053 2472 Magister,
3099 2401 3223 2471 quid
3269 2401 3503 2471 faciendo
3543 2403 3696 2456 vitam

2107 2497 2348 2543 aeternam
2392 2489 2654 2560 possidebo
2705 2489 2918 2563 (Matth.
2965 2491 3051 2548 19.
3097 2491 3226 2564 t6)?
3263 2507 3385 2549 cum
3433 2493 3694 2548 recensita

2107 2589 2291 2638 essent
2319 2584 2518 2647 omnia,
2551 2598 2670 2653 qua:
2701 2583 2752 2636 in
2777 2583 2895 2653 lege
2923 2591 3211 2653 praecepta,
3235 2593 3290 2639 et
3319 2584 3409 2640 ille
3432 2585 3696 2640 curiosius

2108 2684 2549 2745 percontaretur,
2595 2685 2651 2731 et
2702 2675 2905 2732 diceret
2951 2695 2964 2730 :
3018 2675 3144 2733 Hec
3171 2679 3343 2733 omnia
3388 2680 3580 2733 servavi
3631 2680 3696 2734 ab

2107 2764 2448 2822 adolescentia
2499 2783 2610 2820 mea
2630 2809 2644 2832 ,
2679 2768 2803 2839 quid
2850 2768 3020 2823 adhuc
3069 2770 3194 2824 mihi
3246 2768 3425 2825 deest?
3449 2770 3579 2825 dicit
3624 2770 3692 2825 ad

2105 2855 2303 2928 ipsum,
2334 2856 2397 2912 Si
2420 2857 2494 2912 vis
2515 2857 2764 2927 perfectus
2783 2875 2911 2924 esse,
2935 2859 3080 2924 vade,
3112 2859 3268 2914 vende
3295 2876 3410 2932 quae
3440 2861 3612 2927 habes,
3643 2871 3694 2914 es

2103 2948 2174 3002 da
2222 2948 2563 3020 pauperibus,
2603 2959 2651 3005 et
2701 2951 2817 3004 aeni
2838 2992 2854 3017 ,
2887 2967 3093 3024 sequere
3128 2969 3208 3006 me
3229 2951 3337 3024 (Ib.
3385 2969 3432 3007 υ.
3457 2951 3549 3010 20.
3575 2953 3691 3025 21).

2104 3039 2202 3098 llic
2247 3041 2296 3096 si
2339 3041 2630 3112 przecipere
2665 3042 2939 3110 voluisset,
2968 3043 3252 3114 Oportebat
3279 3045 3380 3100 hoc
3431 3047 3692 3116 principio

2101 3132 2304 3198 dicere,
2333 3141 2388 3188 et
2410 3131 2581 3204 legem
2620 3131 2673 3188 in
2714 3133 2903 3188 ordine
2942 3143 3328 3205 praeceptorum
3375 3150 3606 3205 ponere,
3639 3146 3694 3192 et

2103 3239 2212 3279 non
2249 3232 2519 3295 tamquam
2557 3223 2840 3279 consilium
2885 3233 2940 3279 et
2988 3225 3415 3282 exhortationem
3447 3243 3689 3284 narrare.

2102 3317 2392 3373 Enimvero
2435 3332 2556 3372 cum
2601 3317 2752 3383 dicit,
2789 3316 2963 3372 Nolite
2988 3318 3244 3387 possidere
3269 3335 3474 3386 aurum,
3501 3321 3578 3374 vel
3603 3335 3690 3372 ar-

2101 3417 2304 3480 gentum
2348 3407 2566 3477 (Matth.
2608 3408 2694 3464 10.
2722 3408 2801 3477 9),
2835 3408 3146 3477 imperando
3193 3408 3353 3475 dicit;
3381 3425 3501 3466 cum
3559 3427 3688 3466 vero

2101 3500 2251 3568 dicit,
2286 3499 2348 3556 Si
2374 3501 2447 3554 vis
2470 3504 2722 3572 perfectus
2749 3499 3080 3571 esse(Matth.
3109 3501 3196 3558 19.
3217 3501 3336 3573 2|),
3363 3503 3691 3560 consulendo

2100 3600 2156 3647 et
2183 3591 2522 3647 admonendo
2550 3591 2698 3646 dicit.
2729 3591 2845 3646 Non
2877 3603 2956 3648 est
2993 3603 3172 3648 autem
3201 3593 3363 3662 idem,
3386 3595 3685 3662 consulere,

2100 3691 2156 3738 et
2182 3682 2352 3752 legem
2381 3697 2599 3752 ponere.
2624 3682 2752 3736 Nam
2775 3683 2866 3753 qui
2893 3683 3066 3754 legem
3091 3684 3294 3752 statuit,
3321 3684 3492 3741 modis
3516 3686 3691 3741 omni-

2100 3774 2201 3829 bus
2239 3773 2353 3829 tieri
2391 3774 2504 3828 vult
2550 3774 2691 3843 quod
2737 3775 2972 3844 prmcipit
3003 3792 3018 3829 :
3046 3775 3136 3845 qui
3187 3790 3316 3830 vero
3356 3779 3586 3832 consulit
3635 3787 3691 3835 et

2099 3865 2436 3929 adhortatur,
2463 3868 2742 3919 sententia:
2769 3875 2826 3919 et
2853 3865 3076 3920 arbitrio
3100 3865 3359 3922 auditoris
3390 3868 3685 3937 permittit,

2099 3963 2158 4010 ut
2184 3970 2248 4010 ex
2274 3953 2431 4010 dictis
2460 3954 2599 4021 quod
2629 3955 2854 4009 voluerit
2877 3955 3075 4025 eligat,
3106 3956 3288 4026 sicque
3317 3957 3683 4016 faciendorum

2099 4046 2374 4102 dominum
2398 4045 2694 4099 auditorem
2725 4045 2993 4116 relinquit.
3019 4045 3304 4116 Propterea
3340 4064 3446 4104 tton
3476 4049 3686 4120 sitnpii-

2097 4139 2233 4194 citer
2255 4137 2407 4202 dixit,
2453 4135 2623 4203 Vade,
2643 4138 2798 4191 vende
2822 4153 2934 4204 qtae
2962 4137 3134 4207 habes,
3164 4154 3231 4195 ne
3273 4140 3324 4196 id
3369 4141 3536 4212 legem
3565 4156 3688 4200 esse

2102 4239 2315 4302 putares
2344 4247 2358 4284 :
2391 4229 2484 4284 sed
2516 4230 2822 4300 quomodo?
2852 4230 2912 4285 Si
2964 4231 3038 4285 vis
3085 4235 3336 4302 perfectus
3361 4248 3496 4299 esse,
3523 4233 3684 4302 vade,

2097 4325 2254 4380 vende
2267 4340 2382 4396 qua:
2410 4323 2561 4378 habes
2583 4323 2794 4397 (Matth.
2825 4324 2912 4379 19.
2943 4323 3035 4395 9-1)
3060 4339 3075 4378 :
3107 4333 3166 4379 ut
3184 4324 3361 4380 discas
3384 4328 3437 4380 in
3465 4327 3686 4382 arbitrio

2097 4415 2425 4473 audientium
2455 4430 2544 4470 res
2570 4429 2711 4470 esse.

2172 4505 2292 4562 Non
2321 4522 2517 4576 semper
2543 4507 2651 4577 lege
2680 4505 2922 4577 obstringi
2947 4506 3099 4560 coluit
3125 4504 3355 4562 Christus
3379 4508 3676 4578 discipulos.

2098 4596 2461 4666 -—Apo'stolis
2495 4597 2626 4650 solis
2671 4611 2800 4666 ergo
2843 4595 2960 4652 bam
3011 4596 3177 4652 fuisse
3206 4607 3466 4668 pta-cepta
3513 4601 3686 4669 palam

2097 4697 2180 4746 est
2200 4703 2215 4753 ;
2238 4702 2421 4743 verum
2448 4687 2672 4758 quaestio
2703 4687 2938 4742 nondum
2962 4688 3134 4743 soluta
3165 4699 3270 4744 est.
3312 4690 3443 4745 Nam
3472 4691 3516 4746 si
3546 4709 3683 4762 prae-

2096 4789 2250 4850 cepta
2272 4789 2397 4834 sunt
2424 4778 2539 4833 haec
2565 4778 2694 4833 solis
2731 4779 3017 4850 apostolis,
3047 4795 3144 4835 cur
3163 4780 3298 4851 jussi
3333 4799 3438 4837 non
3486 4782 3684 4840 habere

2097 4872 2327 4935 calceos.
2345 4870 2433 4927 vel
2449 4870 2690 4941 geminas
2716 4880 2914 4935 vestes,
2942 4871 3146 4925 inventi
3173 4881 3298 4926 sunt
3321 4873 3458 4928 alius
3482 4873 3681 4930 habere

2098 4964 2357 5031 sandalio,
2386 4963 2522 5017 alius
2560 4977 2690 5017 vero
2736 4962 3024 5031 penulam?
3053 4962 3190 5030 Quid
3239 4962 3400 5033 igitur
3446 4963 3513 5017 ad
3566 4963 3680 5020 h:ec

2102 5057 2374 5113 dicemus?
2425 5054 2673 5110 Christus
2720 5069 2896 5125 neque
2947 5056 3220 5126 apostolos
3261 5071 3474 5127 semper
3526 5055 3684 5127 hujus

2099 5151 2232 5221 legis
2259 5149 2576 5205 necessitate
2599 5147 2855 5216 obstringi
2886 5147 3080 5212 voluit,
3112 5147 3205 5202 sed
3237 5162 3331 5202 eos
3355 5148 3589 5204 absolvit
3615 5149 3684 5202 ab

2100 5240 2200 5300 hac
2234 5241 2369 5310 lege,
2395 5254 2516 5294 cum
2537 5240 2644 5308 jam
2675 5239 2741 5293 ad
2763 5239 3050 5293 salutarem
3081 5252 3294 5294 crucem
3326 5239 3496 5293 iturus
3516 5249 3666 5295 esset

2099 5336 2165 5395 Et
2193 5334 2331 5390 unde
2357 5333 2460 5388 hoc
2489 5332 2690 5402 liquet?
2723 5331 2798 5386 Ex
2832 5331 3121 5386 Salvatoris
3153 5332 3510 5386 sermonibus.
3546 5331 3679 5387 Nam

2099 5429 2400 5499 passionem
2429 5437 2774 5494 aggressurus
2798 5463 2813 5488 ,
2847 5423 3047 5477 vocatis
3092 5421 3196 5476 illis
3241 5421 3408 5487 dixit,
3436 5419 3563 5477 Cum
3590 5439 3674 5479 vos

2099 5519 2342 5576 mitterent
2362 5517 2469 5569 sine
2497 5514 2755 5582 marsupio
2779 5521 2824 5568 et
2845 5529 2986 5584 pera,
3014 5512 3273 5582 aliquidue
3291 5513 3462 5568 deerat
3481 5513 3508 5569 ἵ
3539 5514 3601 5567 At
3627 5514 3681 5570 hi

2099 5614 2455 5680 respondentes
2495 5606 2728 5658 dixerunt
2760 5619 2779 5658 :
2823 5602 2990 5658 Nihil.
3016 5601 3135 5673 Ipse
3164 5613 3330 5658 autem
3351 5602 3545 5658 dicebat
3567 5604 3676 5665 eis;

2105 5701 2205 5757 Sed
2227 5720 2358 5758 nam
2391 5699 2472 5769 qui
2500 5697 2642 5753 habet
2665 5696 3000 5769 mursupium,
3029 5695 3196 5766 tollat,
3220 5706 3264 5750 et
3289 5713 3458 5768 peram
3485 5705 3572 5754 :st
3593 5693 3681 5763 frti

3679 5837 3690 5864 1
