4110 6198
443 275 550 334 I99

441 415 542 457 non
569 400 735 466 habet,
767 395 949 457 vendat
994 405 1178 452 uestem
1223 409 1389 458 suam,
1419 401 1468 446 et
1513 399 1759 446 mercetur
1803 386 2034 460 gladium

438 488 598 563 (Luc.
623 487 714 544 22.
736 488 828 545 55.
849 486 964 554 56).
988 485 1106 542 lam
1148 483 1287 539 forte
1331 482 1478 538 dicet
1519 479 1733 550 aliquis,
1758 476 2034 548 apostolos

440 579 656 650 quidem
702 577 787 635 his
825 576 985 634 dictis
1029 592 1062 632 s
1111 573 1341 631 crimine
1390 571 1667 628 absolutos
1699 587 1713 623 :
1742 568 1838 624 sed
1895 567 2034 622 ultra

441 671 719 742 qual'ritttt',
746 683 914 740 quare
941 665 1188 723 Christus
1220 663 1486 720 contraria
1529 659 1878 732 praeceperit:
1907 672 2032 712 nam

442 759 710 815 interdum
743 759 893 825 dicit,
921 755 1007 813 Ne
1033 755 1330 827 possidentis
1352 769 1526 825 peram
1551 751 1765 824 (Matth.
1785 749 1872 806 l0.
1902 748 2030 820 ltl):

442 850 710 907 interdum
737 860 942 918 autem,
972 848 1074 918 Qui
1105 849 1252 904 habet
1293 846 1638 917 marsupium,
1665 843 1840 907 tollat,
1866 851 1914 896 et
1940 857 2033 912 pe-

441 959 552 996 ram
582 942 736 1016 (Luc.
765 941 857 996 22.
888 939 1004 1015 56).
1021 941 1199 1009 Quare
1221 938 1322 993 hoc
1352 937 1515 994 fecit?
1541 937 1683 992 Sane
1709 935 1824 990 haec
1847 933 2034 989 admo-

439 1034 568 1088 dum
616 1033 777 1104 digne
825 1031 951 1088 (erit
994 1046 1092 1087 sna
1134 1029 1420 1100 sapientia,
1449 1041 1719 1098 curaque,
1743 1039 1902 1096 quam
1935 1037 2034 1094 pro

442 1125 720 1195 discipulis
745 1123 987 1196 gerebat.
1017 1123 1102 1178 Ab
1127 1121 1282 1177 initio
1309 1120 1453 1176 enim
1485 1118 1588 1174 hoc
1617 1117 1932 1190 imperavit,
1978 1124 2036 1172 ut

441 1233 608 1287 opere
657 1227 715 1272 et
757 1215 1130 1286 experimento
1186 1212 1441 1283 potentia:
1489 1226 1604 1267 sure
1652 1209 2033 1265 documentum

440 1310 748 1378 acciperent
770 1345 790 1375 ,
831 1322 896 1362 ac
919 1304 1114 1361 deinde
1137 1319 1260 1360 cum
1290 1302 1480 1358 fiducia
1510 1316 1607 1372 per
1634 1309 1804 1356 totum
1847 1298 2034 1354 orbem

443 1411 708 1457 terrarum
772 1405 1140 1470 peragrarent.
1198 1395 1393 1451 Verum
1445 1393 1535 1449 ubi
1578 1392 1692 1463 jam
1740 1390 2033 1461 potentiam

441 1493 608 1564 ipsius
657 1497 1026 1564 agnoverunt,
1055 1489 1259 1559 optavit
1298 1497 1356 1542 ut
1381 1493 1438 1542 et
1479 1485 1579 1554 ipsi
1601 1500 1669 1538 ex
1721 1498 1784 1539 se
1823 1481 2035 1536 virtutis

439 1585 713 1657 specimen
743 1583 1064 1654 pnebercnt,
1096 1595 1270 1651 neque
1294 1579 1440 1650 ipsos
1464 1577 1532 1634 ad
1560 1578 1717 1632 linem
1748 1591 1916 1646 usque
1941 1592 2036 1646 ge-

440 1687 585 1730 stare
637 1674 845 1740 voluit;
872 1672 968 1728 sed
1015 1673 1158 1742 ipsos
1197 1685 1343 1739 saepe
1391 1668 1645 1738 exposuit
1687 1666 2036 1736 permisitque

439 1781 567 1822 suas
620 1764 764 1820 terre
811 1765 1169 1829 tene-tiones,
1215 1776 1284 1816 ne
1325 1760 1530 1816 scilicet
1578 1768 1836 1829 perpetuo
1878 1756 2034 1812 otiosi

441 1857 741 1912 residerent
771 1875 786 1910 :
813 1865 867 1911 et
887 1853 1340 1926 quemadmodum
1376 1851 1464 1922 qui
1496 1859 1665 1906 artem
1692 1848 1910 1904 natandi
1937 1848 2036 1904 do-

440 1957 585 2014 cent,
617 1948 882 2018 principio
924 1947 1216 2018 suppositis
1254 1945 1502 2000 manibus
1549 1942 1716 1998 multa
1762 1941 2034 2011 diligentia

441 2037 738 2108 discipulos
765 2045 1015 2110 gestant;
1049 2046 1170 2107 post
1217 2051 1380 2090 unum
1414 2043 1590 2090 autem
1623 2042 1680 2088 et
1705 2033 1932 2088 alterum
1977 2039 2037 2089 et

443 2129 659 2184 tertium
685 2127 831 2184 diem
876 2127 1150 2184 subtracta
1196 2126 1420 2182 dextera
1463 2120 1571 2180 illis
1601 2124 1949 2195 praecipiunt,
1977 2132 2036 2178 ut

440 2222 649 2293 seipsos
668 2221 881 2293 iuvent,
911 2231 967 2277 et
997 2235 1380 2289 nonnunquam
1409 2218 1530 2273 illos
1555 2232 1842 2287 parumper
1867 2215 2036 2286 mergi

440 2315 659 2382 sinunt,
702 2314 774 2369 ita
824 2322 884 2370 ut
920 2321 978 2368 ct
1035 2313 1260 2367 multum
1303 2310 1589 2381 salsuginis
1640 2309 1893 2364 sorbeant
1925 2310 2034 2363 :ita

440 2420 572 2462 sam
598 2414 802 2462 etcum
843 2405 1124 2478 discipulis
1171 2405 1286 2460 suis
1327 2403 1573 2459 Christus
1622 2401 1867 2458 faciebat.
1901 2400 2035 2456 Nam

443 2499 598 2555 initio
645 2499 777 2554 nihil
813 2514 910 2555 eos
968 2498 1076 2568 pati
1123 2495 1354 2563 sinebat,
1387 2495 1470 2550 vel
1526 2510 1745 2566 parvum
1783 2495 1866 2549 vel
1918 2510 2034 2548 nia-

442 2606 630 2662 gnum,
659 2591 754 2646 sed
787 2591 981 2662 ubique
1008 2589 1197 2644 aderat
1224 2587 1494 2652 muniens,
1523 2597 1581 2642 et
1620 2586 2036 2642 circnmvallans

442 2697 561 2750 eos,
592 2682 898 2753 facimisqne
925 2691 983 2736 ut
999 2680 1179 2736 omnia
1201 2679 1432 2737 ubertim
1458 2679 1537 2734 eis
1555 2678 1839 2734 afﬂuerent
1867 2696 1880 2731 :
1910 2693 2034 2732 enm

444 2789 576 2831 vero
602 2783 813 2846 tempus
841 2783 1022 2840 esset,
1045 2784 1103 2829 ut
1124 2772 1432 2828 virilitatem
1479 2785 1633 2826 suam
1663 2768 1762 2840 ipsi
1792 2769 2035 2825 declara-

444 2876 588 2935 rent,
629 2866 893 2922 subtraxit
933 2864 1203 2920 modicum
1231 2862 1439 2935 gratim,
1471 2860 1794 2933 praecipiens
1828 2861 1908 2916 eis
1929 2901 1944 2926 ,
1980 2869 2037 2914 ut

441 2959 604 3014 etiam
636 2972 733 3028 per
774 2957 984 3028 seipsos
1021 2955 1186 3010 multa
1221 2953 1562 3025 perlicerent.
1593 2953 1766 3022 Atque
1796 2951 1936 3006 hanc
1965 2951 2037 3006 ob

442 3063 689 3114 causam,
716 3063 839 3104 cum
880 3063 986 3103 non
1014 3046 1283 3102 habebant
1310 3044 1523 3100 calceos
1544 3086 1560 3111 ,
1595 3044 1679 3098 vel
1699 3058 1888 3098 zonam
1909 3083 1922 3108 ,
1953 3042 2036 3097 vel

445 3141 717 3208 baculum,
742 3140 824 3196 vel
850 3156 956 3205 tes,
979 3138 1112 3194 nihil
1137 3138 1216 3195 eis
1240 3136 1425 3194 deerat
1457 3154 1472 3192 :
1504 3135 1634 3191 dicit
1677 3136 1820 3190 enim
1839 3175 1857 3202 ,
1894 3132 2036 3187 Nam

440 3235 636 3305 aliquid
667 3233 804 3289 nobis
837 3231 1045 3304 defuit!
1072 3229 1144 3285 Et
1171 3229 1529 3302 respondentes
1572 3227 1810 3283 dixerunt
1838 3241 1857 3279 :
1885 3223 2036 3278 Nihil

444 3326 606 3398 (Ibid.
651 3343 696 3381 υ.
733 3326 850 3394 55).
876 3324 995 3394 Quo
1043 3331 1287 3393 tempore
1336 3329 1516 3376 autem
1569 3319 1811 3391 permisit
1843 3318 1955 3384 eis,
1980 3325 2038 3372 ut

444 3419 772 3490 mrsupium
805 3417 1065 3472 baberent
1091 3424 1147 3471 et
1191 3429 1374 3484 peram
1419 3422 1474 3468 et
1513 3411 1758 3476 calceos,
1794 3409 2034 3465 invenie-

441 3512 638 3567 bantur
671 3519 726 3564 et
752 3509 1076 3572 esurientes,
1107 3513 1163 3560 et
1185 3505 1453 3572 sitientes,
1475 3512 1531 3559 et
1553 3501 1678 3557 nudi
1699 3501 2033 3557 incedentes.

445 3599 600 3656 Unde
629 3597 915 3668 liquidum,
945 3594 1088 3665 quod
1113 3595 1310 3664 passim
1341 3607 1437 3648 eos
1463 3591 1753 3662 periclitari
1779 3600 1836 3648 ct
1871 3591 2034 3662 afﬂigi

440 3693 639 3748 sineret
666 3708 682 3747 :
712 3703 927 3759 nempe,
959 3695 1018 3742 ut
1041 3685 1343 3742 mercedem
1370 3685 1603 3756 aliquam
1639 3683 1917 3740 baberent.
1944 3684 2034 3740 Sic

441 3783 693 3840 videlicet
719 3795 850 3837 aves
872 3779 1049 3852 pullos
1087 3792 1216 3833 suos
1268 3775 1512 3832 foventes
1556 3776 1761 3832 tamdiu
1808 3777 1860 3832 in
1907 3776 2034 3833 nido

441 3874 656 3942 sedent,
681 3872 858 3929 donec
886 3871 1099 3926 illorum
1139 3869 1337 3940 pluma:
1376 3866 1714 3934 increscant;
1745 3882 1880 3938 quas
1905 3868 2032 3923 dum

442 3968 735 4026 increvisse
756 3964 1006 4031 viderint,
1040 3964 1264 4034 illasque
1288 3975 1472 4018 aerem
1511 3975 1698 4018 secare
1724 3976 1912 4033 posse,
1941 3976 2036 4017 eos

442 4062 673 4132 primum
721 4059 866 4114 circa
913 4055 1100 4112 nidum
1146 4054 1372 4110 volitare
1398 4053 1617 4120 docent,
1652 4066 1835 4123 postea
1879 4053 2036 4124 paulo

442 4151 652 4224 longius
677 4167 693 4204 :
720 4148 872 4205 initio
897 4161 993 4204 eos
1016 4156 1309 4214 sequuntur
1335 4152 1750 4214 et-supportant,
1773 4143 1897 4201 dein
1935 4145 2035 4201 ad-

443 4242 698 4299 miniculo
721 4255 822 4294 suo
848 4247 990 4294 totos
1012 4237 1323 4293 destituunt.
1350 4236 1422 4290 Ita
1445 4234 1677 4291 faciebat
1699 4247 1752 4292 et
1766 4237 2034 4294 Christus.

448 4331 502 4391 In
532 4332 814 4388 Palaestina
840 4329 1008 4398 enim,
1033 4328 1184 4400 quasi
1222 4329 1274 4382 in
1307 4327 1432 4381 nido
1461 4327 1762 4382 nutricabat
1798 4327 2034 4397 discipu-

447 4427 567 4492 los;
598 4435 652 4481 et
680 4435 960 4496 postquam
998 4437 1093 4479 eos
1122 4421 1303 4477 volare
1333 4420 1516 4477 docuit
1552 4435 1822 4490 praesens,
1848 4429 1902 4475 et
1942 4435 2037 4491 ge-

445 4529 632 4584 stans,
699 4517 913 4572 tandem
955 4513 1160 4570 dimisit
1198 4527 1332 4578 eos,
1361 4521 1420 4568 ut
1469 4513 1710 4568 volarent
1761 4511 1812 4567 in
1869 4521 2035 4567 totum

445 4610 655 4672 orbem,
678 4607 807 4664 dato
829 4607 911 4663 eis
929 4605 1203 4669 mandato,
1227 4613 1284 4658 ut
1303 4617 1424 4659 sese
1449 4602 1740 4659 identidem
1765 4602 2032 4674 iuvarent.

450 4698 516 4753 ’ἐι
541 4695 686 4769 quod
716 4699 818 4752 hoc
841 4709 1025 4751 verum
1051 4695 1156 4761 sit,
1179 4693 1428 4764 quodque
1476 4693 1598 4751 ideo
1645 4708 1742 4751 eos
1781 4694 2034 4751 omnibus

447 4787 718 4856 nudatos,
754 4797 810 4843 et
846 4801 951 4842 una
1008 4794 1213 4841 tantum
1265 4793 1415 4841 veste
1455 4785 1679 4842 amictos
1730 4785 1953 4853 miserit,
1981 4794 2038 4842 et

445 4883 652 4952 absque
673 4879 871 4937 calceis
905 4877 1184 4933 ambulare
1209 4877 1453 4948 jusserit,
1482 4885 1542 4932 ut
1584 4892 1738 4933 suam
1779 4879 2031 4934 virtutem

447 4984 504 5031 et
529 4972 822 5045 potentiam
869 4979 1282 5041 cognoscerent,
1313 4969 1462 5024 clare
1506 4969 1774 5036 sciemus,
1818 4973 1863 5024 si
1904 4970 2036 5026 illud

446 5066 649 5123 dictum
697 5062 999 5119 audiamus.
1044 5060 1163 5116 Non
1207 5059 1351 5115 enim
1404 5059 1718 5130 simpliciter
1759 5061 1892 5116 dixit
1917 5063 2029 5126 eis,

449 5158 647 5216 Tollite
672 5155 1003 5228 marsupium
1022 5161 1078 5210 et
1100 5166 1284 5222 peram
1306 5167 1323 5217 ;
1345 5150 1439 5207 sed
1463 5151 1700 5220 priorum
1721 5153 2034 5208 meritoriam

448 5247 746 5305 relrieando
766 5247 844 5302 sic
867 5245 1081 5301 dicebat
1099 5283 1114 5306 ,
1143 5241 1272 5298 Cum
1301 5243 1548 5296 mitterem
1575 5258 1662 5297 vos
1686 5245 1796 5298 sine
1833 5261 2035 5301 marsu-

447 5342 534 5413 pio
565 5351 612 5397 et
645 5357 786 5413 pera,
813 5336 1073 5410 aliquidue
1105 5335 1324 5390 deerat?
1349 5336 1449 5391 hoc
1495 5343 1600 5402 est,
1636 5350 1816 5394 nonne
1855 5339 2032 5394 omnia

451 5431 681 5486 ubertim
711 5428 867 5484 vobis
886 5425 1214 5492 afﬂuebant,
1245 5426 1520 5497 multaque
1554 5426 1800 5498 largitate
1824 5427 2034 5486 frueba-

449 5522 621 5579 mini?
641 5520 748 5581 Sed
771 5536 914 5578 nunc
936 5520 1059 5576 volo
1075 5534 1174 5577 vos
1189 5535 1284 5590 per
1309 5535 1403 5574 vos
1419 5518 1565 5590 ipsos
1588 5529 1884 5588 certare,et
1903 5537 2005 5592 pan
2024 5553 2034 5563 -

453 5614 716 5678 pertatem
753 5613 989 5684 experiri
1015 5631 1030 5679 ;
1061 5622 1116 5669 et
1157 5622 1442 5682 capropler
1487 5611 1603 5681 lege
1633 5611 1797 5682 priori
1835 5614 2033 5670 obstri-

455 5689 574 5758 ctos
607 5703 751 5774 uolo,
778 5705 871 5761 sed
899 5706 1148 5775 permitto
1168 5743 1182 5770 ,
1210 5714 1265 5759 ut
1293 5711 1348 5758 et
1377 5703 1701 5774 marsupium
1747 5715 1800 5760 et
1845 5721 2032 5770 peram

1189 277 1246 336 S.
1285 275 1563 335 JOANNIS
1599 267 2077 330 CHRYSOSTOMI
2115 269 2434 328 ARCHIEP.
2475 271 3014 330 CONSTANTINOP.

3625 275 3729 333 200

2140 383 2401 451 habeatis,
2432 394 2586 442 utne
2631 386 2781 457 quasi
2828 401 2924 456 per
2968 387 3199 441 inanima
3233 386 3584 442 instrumenta
3638 407 3731 459 per

2138 495 2236 536 vos
2264 482 2473 550 operari
2504 482 2818 546 existimer;
2846 481 2940 536 sed
2985 490 3040 536 ct
3088 495 3182 536 vos
3214 489 3446 537 vestram
3492 481 3715 551 philoso-

2139 571 2317 642 phiam
2343 572 2596 629 exhibere
2621 582 2854 644 oportet.

2210 665 2263 720 5.
2303 663 2453 732 Quod
2478 666 2523 718 si
2544 663 2720 720 adhuc
2743 663 2878 719 dicis
2909 681 2924 720 :
2952 666 3030 720 An
3061 680 3168 720 non
3200 665 3373 734 major
3401 665 3510 720 visa
3546 665 3728 720 luisset

2137 755 2344 824 gratia,
2377 755 2422 808 si
2449 769 2664 826 semper
2692 754 2768 808 ita
2799 755 3000 809 versati
3028 756 3252 810 essent?
3285 753 3483 810 Verum
3525 771 3630 810 non
3662 757 3725 810 ita

2139 845 2346 915 probati
2391 843 2615 901 fuissent
2643 862 2656 898 :
2688 843 2735 900 si
2785 844 2927 900 enim
2973 845 3173 900 nullam
3217 845 3304 902 vel
3344 845 3727 910 afﬂictiunem,

2139 935 2223 991 vel
2252 935 2482 1006 inopiam
2501 977 2517 1002 ,
2542 936 2627 992 vel
2667 937 3134 1008 persequutionem
3157 979 3171 1002 ,
3195 937 3281 993 vel
3307 939 3604 1009 angustiam
3635 956 3720 993 ex-

2141 1029 2276 1098 perti
2306 1037 2524 1096 essent,
2569 1030 2895 1085 mansissent
2938 1029 3113 1100 ignavi
3152 1039 3208 1086 et
3249 1030 3385 1102 pigri
3416 1046 3430 1084 :
3464 1047 3606 1086 nunc
3635 1047 3722 1086 au-

2143 1129 2273 1188 tem,
2321 1135 2430 1174 non
2480 1120 2654 1176 solum
2706 1121 2934 1192 gratiam
2986 1121 3186 1176 Christi
3239 1122 3501 1189 relucere,
3531 1121 3624 1178 sed
3676 1135 3730 1179 et

2137 1212 2472 1267 subditorum
2504 1212 2875 1283 probationem
2913 1211 3155 1269 exhiberi
3188 1212 3420 1280 volebat,
3452 1228 3518 1268 ne
3548 1192 3726 1284 postea

2139 1305 2355 1376 quidam
2387 1305 2566 1361 dicere
2611 1315 2868 1376 possent,
2895 1321 2991 1362 eos
3017 1306 3149 1361 nihil
3173 1323 3203 1361 a
3233 1307 3425 1378 seipsis
3454 1308 3691 1363 attulisse
3710 1348 3727 1375 ,

2137 1397 2234 1452 sed
2261 1397 2398 1452 facta
2426 1412 2548 1452 esse
2571 1399 2748 1452 omnia
2774 1396 2973 1453 auxilio
3001 1398 3116 1452 Dei.
3152 1397 3362 1452 Poterat
3406 1399 3549 1452 enim
3591 1400 3729 1454 Deus

2138 1503 2236 1544 eos
2258 1503 2426 1559 usque
2475 1488 2543 1543 ad
2591 1488 2750 1543 linem
2775 1488 2829 1543 in
2853 1503 2918 1544 ea
2942 1489 3266 1544 abundantia
3294 1489 3562 1545 custodire
3593 1507 3608 1542 :
3636 1489 3728 1545 sed

2137 1579 2310 1634 noluit
2351 1580 2423 1634 ob
2464 1579 2638 1633 varias
2658 1621 2672 1645 ,
2705 1580 3143 1649 necessariasqne
3170 1593 3390 1645 causas,
3415 1593 3546 1649 quas
3587 1596 3731 1649 szepe

2137 1672 2344 1728 caritati
2375 1681 2570 1728 vestrae
2613 1671 2867 1727 diximus.
2903 1671 3014 1728 Una
3045 1672 3258 1742 quidem
3289 1672 3404 1726 haec
3447 1682 3531 1727 est
3573 1689 3728 1742 quam

2139 1765 2374 1821 diximus
2407 1765 2550 1820 :alia
2603 1775 2782 1822 autem
2836 1765 2936 1821 hac
2979 1781 3086 1822 non
3123 1767 3318 1832 minor,
3348 1777 3405 1822 ut
3455 1768 3730 1822 modestia:

2140 1857 2536 1912 assueﬂerent:
2589 1858 2744 1912 tertia
2782 1873 2950 1923 vero,
2995 1866 3055 1911 ut
3091 1873 3158 1913 ne
3203 1858 3375 1928 major
3421 1855 3526 1913 illis
3572 1874 3729 1930 quam

2142 1948 2448 2004 hominibus
2487 1949 2734 2017 debetur,
2766 1949 2937 2004 honor
2979 1950 3343 2006 exhiberetur.
3388 1951 3572 2022 Itaque
3607 1968 3728 2023 pro-

2140 2047 2258 2109 pter
2286 2040 2418 2103 hzec.
2453 2050 2508 2093 et
2533 2040 2616 2094 bis
2635 2041 2803 2096 multo
2832 2041 2982 2111 plura
3003 2083 3019 2106 ,
3041 2056 3162 2097 cum
3190 2042 3547 2111 permissurus
3583 2053 3729 2098 esset

2139 2129 2218 2186 eis
2253 2129 2417 2184 multa
2449 2131 2813 2200 inexspectata
2857 2129 3106 2186 accidere
3129 2173 3145 2199 ,
3173 2131 3340 2186 noluit
3382 2132 3612 2202 priorem
3655 2133 3729 2189 le-

2139 2235 2259 2288 gem
2290 2229 2398 2277 tam
2427 2231 2629 2277 arctam
2654 2238 2892 2289 manere,
2925 2222 3020 2278 sed
3047 2223 3163 2293 ejus
3193 2223 3546 2294 philosoiihia:
3574 2239 3729 2280 seve-

2141 2316 2351 2370 ritatem
2395 2315 2637 2370 nonnihil
2687 2314 2963 2382 relaxavit,
2997 2325 3052 2370 nt
3095 2325 3149 2371 et
3193 2318 3264 2370 ita
3316 2331 3421 2370 non
3464 2325 3610 2371 esset
3649 2317 3728 2372 eis

2139 2407 2318 2477 gravis
2365 2415 2420 2463 et
2470 2406 2824 2463 intolerabilis
2869 2407 3008 2475 vita,
3063 2407 3109 2461 si
3173 2421 3320 2477 saepe
3369 2406 3714 2477 derelinque-

2141 2507 2350 2566 rentur,
2376 2506 2431 2554 et
2456 2499 2616 2556 simul
2643 2499 2831 2554 duram
2885 2499 3028 2554 illam
3083 2499 3258 2570 legem
3306 2513 3522 2555 servare
3567 2516 3729 2572 coge-

2141 2600 2347 2648 rentur.
2379 2589 2643 2659 Quoniam
2685 2598 2867 2647 autcm
2909 2591 3192 2662 oportebat
3229 2590 3459 2648 obscure
3488 2592 3732 2662 proposi-

2143 2694 2253 2740 tum
2277 2685 2475 2740 clarius
2501 2683 2720 2752 docere,
2753 2684 2954 2740 idcirco
2983 2693 3264 2755 postquam
3310 2684 3480 2750 dixit,
3513 2684 3615 2750 Qui
3639 2685 3731 2737 lia-

2140 2775 2220 2830 bet
2246 2777 2579 2846 marsupium,
2611 2774 2778 2843 tollat,
2810 2785 2856 2830 et
2900 2792 3075 2846 peram
3101 2791 3122 2830 :
3153 2775 3364 2845 snbjicit
3383 2817 3399 2843 ,
3429 2775 3493 2829 Et
3515 2777 3600 2846 qui
3629 2793 3730 2830 non

2142 2865 2288 2921 liabet
2306 2907 2322 2933 ,
2347 2867 2528 2920 vendat
2555 2875 2740 2921 uestem
2767 2883 2935 2932 suam,
2967 2876 3012 2921 et
3046 2876 3179 2921 emat
3218 2866 3445 2938 gladium
3465 2865 3612 2939 (Luc.
3636 2866 3730 2922 22.

2143 2957 2261 3031 56).
2288 2957 2554 3027 Quidnam
2583 2956 2722 3013 hoc?
2751 2961 3011 3014 Armatne
3041 2958 3333 3028 discipulos
3361 2959 3450 3030 qui
3469 2959 3602 3015 dicit
3627 2978 3640 3013 :
3670 2961 3733 3016 Si

2143 3048 2257 3119 quis
2294 3058 2343 3103 te
2382 3049 2681 3119 percusserit
2727 3049 2778 3102 in
2832 3050 3089 3104 dexteram
3116 3049 3396 3116 maxillam,
3428 3060 3556 3105 verte
3599 3051 3644 3106 ei
3687 3062 3733 3106 et

2140 3143 2352 3196 alteram
2375 3141 2586 3214 (Matth.
2610 3141 2785 3222 5.\39,
2803 3151 2848 3195 et
2877 3140 3003 3196 Luc.
3026 3142 3080 3197 6.
3102 3141 3222 3212 29).
3251 3142 3352 3211 Qui
3381 3144 3654 3212 praecepit,
3677 3153 3735 3197 ut

2143 3233 2524 3290 benedicamus
2549 3234 2634 3299 iis,
2657 3233 2746 3303 qui
2774 3249 2874 3289 nos
2899 3234 3157 3289 conviciis
3187 3234 3478 3301 lacessunt,
3498 3233 3736 3288 feramus

2143 3325 2434 3393 laedentes,
2465 3340 2682 3382 oremus
2719 3340 2816 3395 pro
2864 3325 3328 3396 persequentibus,
3358 3340 3501 3380 nunc
3523 3323 3734 3379 armat?

2140 3424 2420 3488 armatque
2471 3431 2580 3472 uno
2654 3423 2860 3470 tantum
2907 3416 3132 3487 gladio?
3186 3417 3250 3472 Et
3297 3417 3568 3486 quomodo
3619 3416 3735 3472 huic

2141 3507 2337 3562 rationi
2366 3521 2605 3562 consona
2652 3509 2821 3562 sunt?
2846 3507 2981 3563 Nam
3032 3507 3079 3563 si
3129 3507 3350 3563 omnino
3392 3508 3558 3563 armis
3593 3523 3732 3578 opus

2138 3608 2277 3668 erat,
2300 3615 2406 3656 non
2433 3601 2550 3656 solo
2570 3600 2769 3672 gladio,
2793 3601 2889 3656 sed
2916 3609 2971 3657 et
2997 3610 3172 3667 scuto,
3201 3609 3257 3657 et
3274 3602 3447 3673 galea,
3469 3610 3524 3657 et
3547 3617 3733 3657 crura-

2140 3692 2278 3748 libus
2294 3708 2504 3748 armare
2527 3693 2830 3764 oportebat.
2852 3695 2918 3749 Et
2943 3694 3206 3764 profecto,
3233 3695 3278 3749 si
3302 3695 3536 3750 humano
3563 3711 3714 3752 more

2140 3783 2259 3839 haec
2281 3783 2594 3854 dispensare
2608 3793 2665 3840 et
2688 3798 2846 3856 agere
2879 3785 3156 3852 voluisset,
3170 3784 3312 3856 apud
3331 3801 3426 3842 vos
3454 3786 3734 3843 ridiculum

2140 3891 2247 3932 non
2265 3884 2382 3932 erat
2395 3875 2500 3932 hoc
2520 3875 2871 3947 praeceptum?
2882 3875 3319 3948 Quandoquidem
3343 3877 3467 3933 licet
3484 3887 3736 3934 sexcenta

2141 3968 2193 4024 id
2212 3985 2380 4041 genus
2404 3983 2553 4024 arma
2572 3969 2935 4040 possedissent
2947 3969 3202 4025 adversus
3223 3978 3302 4025 tot
3319 3970 3540 4026 insidias
3558 3981 3612 4027 et
3633 3971 3736 4026 im-

2144 4067 2300 4128 petus
2328 4059 2645 4130 populorum
2665 4099 2683 4126 ,
2729 4067 3106 4134 tyrannorum,
3143 4061 3435 4129 civitatum,
3459 4062 3692 4134 gentium
3712 4100 3735 4131 ,

2139 4150 2408 4220 quomodo
2426 4151 2493 4206 iis
2505 4151 2831 4221 potentiores
2845 4149 3072 4207 fuissent
3086 4151 3332 4208 undecim
3342 4151 3368 4206 ἳ
3380 4151 3516 4207 Num
3532 4154 3737 4223 potuis—

2141 4249 2259 4296 sent
2277 4241 2464 4297 audire
2479 4256 2666 4297 vocem
2685 4242 3037 4298 hinnientium
3059 4243 3345 4314 equorum?
3367 4259 3544 4298 annon
3559 4246 3643 4300 vel
3663 4247 3732 4300 ad

2141 4333 2314 4386 solum
2345 4331 2616 4389 exercitus
2647 4343 2923 4404 aspectum
2961 4333 3240 4390 conterriti
3267 4343 3452 4391 essent
3487 4336 3586 4390 viri
3623 4352 3732 4392 non

2142 4424 2245 4478 nisi
2266 4424 2322 4479 in
2343 4424 2548 4495 stagnis
2567 4432 2621 4479 et
2649 4423 2958 4481 ﬂuminibus
2991 4432 3047 4481 et
3073 4425 3265 4489 lembis
3290 4427 3529 4483 versati?
3547 4427 3727 4494 Quare

2142 4530 2271 4586 ergo
2301 4514 2404 4570 hoc
2427 4516 2599 4572 dicit?
2622 4515 2930 4572 Iudaeorum
2975 4517 3194 4573 insidias
3221 4518 3456 4576 indicare
3477 4519 3688 4576 volebat
3711 4561 3731 4588 ,

2144 4605 2370 4677 illosque
2409 4607 2584 4679 ipsum
2632 4591 3119 4678 comprehensuros
3159 4622 3281 4664 esse
3311 4627 3324 4664 :
3357 4609 3517 4680 idque
3561 4611 3732 4666 mani-

2141 4696 2278 4754 feste
2326 4698 2506 4754 dicere
2542 4698 2789 4766 nolebat,
2819 4698 2916 4754 sed
2954 4713 3051 4769 per
3079 4699 3398 4771 aenigmata,
3437 4717 3505 4757 ne
3536 4703 3730 4758 iterum

2142 4791 2609 4845 conturbarentur.
2643 4789 2824 4860 itaque
2854 4790 2993 4845 sicut
3019 4805 3142 4845 cum
3171 4791 3326 4846 audis
3351 4790 3620 4847 Christum
3651 4795 3732 4848 di-

2143 4891 2353 4938 centem
2392 4899 2409 4936 :
2461 4880 2610 4948 Quod
2657 4880 2872 4935 audistis
2917 4881 2971 4934 in
3012 4897 3206 4946 aurem,
3262 4882 3534 4952 praedicate
3581 4901 3734 4955 super

2141 4983 2310 5028 tecta:
2335 4983 2382 5027 et
2402 4971 2538 5042 quod
2556 4971 2769 5027 audistis
2797 4972 2848 5026 in
2879 4972 3112 5040 tenebris,
3134 4973 3286 5028 dicite
3305 4974 3355 5027 in
3379 4973 3491 5028 luce
3514 4975 3729 5044 (Matth.

2144 5065 2228 5121 10.
2265 5063 2356 5130 27,
2381 5073 2426 5117 et
2452 5061 2581 5117 Luc.
2601 5062 2689 5118 12.
2715 5063 2771 5134 5)
2797 5079 2812 5130 ;
2842 5078 2950 5118 non
2979 5063 3249 5133 intelligis,
3277 5066 3428 5135 quasi
3458 5066 3732 5135 prmcipiat

2141 5157 2346 5213 relictis
2375 5155 2504 5211 loris
2525 5164 2580 5210 et
2607 5155 2779 5210 triviis
2805 5169 2900 5212 eos
2926 5171 3091 5226 super
3130 5164 3268 5210 tecta
3295 5156 3492 5212 debere
3537 5157 3731 5229 praedi-

2141 5265 2303 5318 care;
2336 5265 2508 5321 neque
2561 5251 2704 5305 enim
2751 5249 2803 5306 id
2846 5250 3086 5306 fecerunt
3143 5250 3386 5321 discipuli
3418 5268 3431 5304 :
3462 5252 3558 5308 sed
3605 5268 3730 5307 cum

2141 5343 2309 5412 dicit,
2337 5342 2508 5415 Super
2531 5352 2682 5408 tecta,
2713 5351 2768 5398 et
2804 5340 2872 5397 In
2900 5342 3032 5407 luce,
3068 5341 3316 5397 ﬁduciam
3345 5351 3400 5398 et
3427 5343 3728 5399 libertatem

2145 5435 2353 5505 publice
2380 5434 2701 5504 praedicandi
2734 5434 3006 5501 insinuat;
3039 5449 3160 5489 cum
3189 5447 3320 5490 vero
3346 5433 3477 5489 dicit
3496 5472 3512 5497 ,
3535 5433 3605 5488 In
3627 5450 3728 5488 au-

2143 5541 2249 5581 rem
2300 5533 2356 5580 et
2392 5523 2458 5579 In
2501 5524 2752 5592 tenebris,
2786 5524 3048 5593 signiﬁcat
3069 5565 3086 5592 ,
3117 5533 3173 5579 ut
3221 5524 3414 5594 ubique
3448 5533 3729 5592 terrarum

2144 5624 2382 5683 narrent,
2407 5615 2622 5686 quodin
2649 5631 2806 5686 parva
2834 5616 3016 5670 mundi
3046 5625 3214 5684 parte,
3246 5625 3300 5672 et
3335 5615 3386 5670 in
3416 5631 3522 5669 uno
3549 5615 3723 5670 Palas-

2146 5707 2299 5766 stinac
2325 5709 2442 5766 loco
2467 5707 2762 5764 audierant.
2811 5706 2994 5779 Neque
3021 5707 3163 5762 enim
3211 5707 3266 5762 in
3313 5707 3547 5764 tenebris
3574 5716 3630 5764 ct
3667 5707 3726 5763 in
