4110 6198
265 243 369 300 199

255 374 411 425 ρανο
437 357 534 412 καὶ
581 360 614 412 ό
643 357 730 427 μὴ
761 359 948 427 ἔχων,
992 362 1330 427 πωλησάτω
1357 363 1424 417 τὸ
1455 363 1689 433 ἱμάτιον
1726 361 1935 427 αὐτοῦ,

264 441 363 495 καί
401 439 688 510 ἀγοράσει
729 441 1051 510 μάχαιραν.
1092 443 1231 497 Ἀλλ’
1280 446 1410 508 ι’σως
1441 447 1584 500 είποι
1614 465 1695 509 τις
1719 445 1786 499 ἂν
1812 485 1827 508 ,
1859 446 1940 498 ὅτι

260 527 396 593 Τοὺς
429 523 528 593 μὲν
553 523 884 589 ἀποστόλους
911 525 998 578 διά
1024 525 1133 580 τῶν
1157 528 1466 598 εἰρημένων
1493 528 1807 599 ἀπήλλαξας
1832 528 1941 580 τῶν

265 616 626 687 ἐγκλημάτων
645 634 656 646 ⁸
684 615 746 669 τὸ
780 617 836 669 δὲ
868 618 1197 689 ζητούμενόν
1236 621 1383 672 ἐστιν
1413 622 1588 673 εἰπεῖν
1609 660 1624 682 ,
1652 620 1794 683 τίνος
1827 620 1940 672 ἓνε-

265 715 363 751 κεν
407 699 628 752 ἐναντία
670 700 699 752 6
744 700 976 771 Χριστὸς
1007 702 1398 772 ἐνομοθέτησε,
1432 704 1561 756 ποτὲ
1601 704 1698 773 μὲν
1742 702 1937 769 λέγων,

265 791 363 858 Μὴ
390 791 699 860 κτήσησθε
735 793 970 861 πήραν,
1005 793 1134 846 ποτὲ
1171 793 1228 847 δέ
1275 794 1450 863 λέγων
1476 835 1490 858 ,
1536 795 1591 848 '0
1626 795 1782 864 ἔχων
1827 794 1941 856 ,βα-

264 873 548 940 λάντιον,
587 874 782 942 ἀράτω
807 913 820 936 ,
847 875 942 928 καί
977 876 1195 944 πήραν.
1230 878 1386 938 Τίνος
1423 874 1516 932 οὖν
1550 878 1736 930 ἕνεκεν
1784 876 1940 929 τοῦτο

266 956 568 1029 πεποίηκεν
594 974 608 1019 ;
650 956 840 1024 Ἀξίως
872 959 971 1028 τῆς
1001 959 1167 1013 αὑτοῦ
1197 960 1387 1030 σοφίας
1429 962 1522 1014 καὶ.
1556 959 1811 1032 προνοίας
1843 959 1941 1028 τῆς

267 1055 408 1126 ὑπὲρ
452 1055 560 1107 τῶν
605 1054 880 1124 μαθητῶν.
917 1056 1073 1126 Παρά
1124 1056 1222 1126 μὲν
1273 1057 1383 1128 γὰρ
1411 1057 1508 1126 τὴν
1545 1055 1719 1128 ἀρχὴν
1769 1054 1941 1108 ταῦτα

266 1137 529 1202 ἐπέταξεν
555 1177 568 1199 ,
601 1137 688 1190 Eva
736 1137 882 1208 ἔργῳ
913 1140 1007 1192 κα)⁸
1036 1138 1202 1210 πείρα
1225 1139 1324 1210 τὴν
1351 1141 1622 1206 ἀπόδειξιν
1647 1139 1748 1210 τῆς
1773 1139 1938 1192 αὐτοῦ

264 1217 548 1290 δυνάμεως
584 1219 822 1281 λάϐωσι,
854 1221 948 1272 καί
979 1220 1238 1284 λαϐόντες
1289 1221 1606 1293 θαρρήσωσι
1636 1222 1821 1274 λοιπὸν
1862 1221 1941 1282 εἰς

265 1299 365 1370 τὴν
415 1301 740 1371 οἰκουμένην
779 1301 1016 1365 ἐξελθεῖν
1069 1303 1305 1356 ἃπασαν.
1369 1302 1585 1372 Ἐπειδὴ
1647 1303 1704 1355 δὲ
1756 1301 1940 1355 λοιπὸν

271 1381 471 1444 ἱκανῶς
499 1380 743 1450 ἔγνωσαν
765 1382 930 1436 αὑτοῦ
946 1383 1044 1452 τὴν
1073 1383 1324 1454 δύναμιν,
1352 1382 1603 1436 ἐϐούλετο
1624 1384 1716 1437 καὶ
1745 1384 1938 1444 αὐτοὺς

266 1463 478 1517 οἴκοθεν
504 1465 604 1533 τὴν
645 1464 825 1518 αὐτῶν
854 1466 1058 1536 ἀρετὴν
1095 1466 1464 1532 ἐπιδείξασθαι
1490 1507 1504 1527 ,
1531 1468 1626 1520 καὶ
1658 1467 1730 1538 μὴ
1776 1466 1940 1537 μέχρι

266 1546 455 1609 τέλους
488 1545 684 1608 αὐτοὺς
711 1546 1194 1612 διαϐαστάζεσθαι,
1233 1547 1350 1600 ἀλλ’
1379 1548 1636 1601 ἐνδιδόναι
1672 1546 1940 1617 πολλαχοῦ

268 1628 363 1682 καί⁸
390 1630 693 1698 συγχωρεῖν
723 1667 737 1691 ,
767 1629 859 1682 καί
891 1632 1232 1702 πειρασμοὺς
1258 1631 1456 1695 αὐτοὺς
1495 1632 1788 1703 ὑπομένειν
1807 1671 1823 1694 ,
1855 1631 1941 1685 Eva

272 1711 349 1781 μὴ
377 1710 464 1764 διά
508 1711 693 1774 τέλους
723 1713 882 1783 ἀργοὶ
915 1714 1138 1783 μένωσι.
1172 1715 1281 1768 Kal
1309 1715 1560 1786 καθάπερ
1607 1719 1655 1769 οἰ
1683 1714 1940 1786 νήχεσθαι

268 1794 609 1857 διδάσκοντες
634 1833 649 1857 ,
704 1795 853 1866 παρά
904 1796 1000 1866 μὲν
1054 1796 1152 1860 τὰς
1195 1797 1372 1868 ἀρχάς
1407 1798 1506 1862 τὰς
1539 1798 1716 1852 αὐτῶν
1755 1799 1942 1851 ὑποτι-

269 1875 454 1938 θέντες
489 1877 676 1946 χεῖρας
721 1877 859 1946 μετά
905 1877 1105 1948 πολλῆς
1150 1879 1252 1947 τῆς
1284 1879 1566 1950 ἀκριϐείας
1610 1880 1734 1942 τοὺς
1769 1878 1943 1948 μαθη-

270 1953 368 2018 τάς
418 1957 542 2018 τοὺς
584 1956 792 2009 ἐαυτῶν
833 1957 1251 2020 διαϐαστάζουσι
1275 1999 1290 2024 ,
1323 1959 1460 2029 μετά
1506 1959 1562 2012 δὲ
1592 1958 1814 2030 πρώτην
1848 1957 1942 2011 καὶ

267 2038 526 2110 δευτέραν
559 2040 654 2092 καὶ
687 2040 877 2112 τρίτην
911 2042 1124 2113 ἡμέραν
1146 2041 1413 2112 πολλαχοῦ
1438 2042 1538 2113 τὴν
1562 2041 1743 2108 δεξιάν
1763 2041 1942 2096 αὐτῶν

272 2121 640 2192 ὑποσύραντες
668 2123 926 2186 ἐκείνοις,
965 2123 1278 2178 κελεύουσιν
1322 2125 1531 2186 ἐαυτοῖς
1567 2123 1812 2194 βοηθεῖν,
1850 2121 1942 2176 καί

270 2220 374 2257 που
411 2205 506 2258 καὶ
543 2205 740 2275 μικρὸν
784 2205 1138 2275 βαπτίζεσθαι
1190 2207 1578 2277 ἐπιτρέπουσι,
1625 2207 1718 2259 καὶ
1745 2205 1943 2276 πολλὴν

269 2285 350 2356 τῷ
375 2287 601 2357 στόματι
621 2288 873 2356 δέχεσθαι
903 2289 1002 2358 τὴν
1029 2288 1208 2359 ἀλμην
1233 2307 1244 2318 ·
1277 2287 1420 2342 οὕτω
1446 2289 1509 2358 δὴ
1541 2290 1632 2341 καὶ
1655 2291 1682 2342 6
1710 2288 1944 2359 Χριστὸς

269 2370 526 2440 ἐποίησεν
555 2371 648 2422 ἐπὶ
673 2370 779 2422 τῶν
813 2371 1091 2440 μαθητῶν.
1130 2374 1218 2425 Ἑν
1249 2374 1389 2442 ἀρχῇ
1425 2373 1519 2424 καί⁵
1555 2373 1613 2426 ἐν
1641 2370 1944 2443 προοιμίοις

270 2451 330 2504 ού
365 2452 561 2522 μικρὸν
580 2493 595 2517 ,
630 2453 692 2505 οὺ
727 2453 870 2522 μέγα
895 2455 1092 2518 αὐτοὺς
1111 2456 1293 2524 ἀφῆκε
1324 2455 1514 2508 παθεῖν
1533 2495 1546 2518 ,
1575 2454 1710 2508 ἀλλά
1741 2471 1944 2507 παντα-

272 2539 368 2609 χοῦ
396 2539 580 2609 παρῆν
610 2539 860 2608 τειχίζων
885 2541 1109 2604 αὐτοὺς,
1147 2542 1552 2612 περιφράττων,
1588 2541 1762 2594 πάντα
1791 2539 1943 2612 [184]

273 2621 411 2690 μετά
441 2620 700 2690 ἀφθονίας
743 2623 927 2686 αὐτοῖς
961 2625 1206 2695 ἐπιρρεῖν
1253 2623 1690 2694 παρασκευάζων
1716 2641 1728 2653 ⁸
1757 2624 1945 2695 ἐπειδὴ

270 2703 325 2755 δὲ
353 2703 460 2756 ἔδει
483 2705 576 2756 καὶ
610 2704 707 2774 τὴν
733 2704 983 2777 ἀνδρείαν
1010 2707 1205 2770 αὐτοὺς
1231 2709 1596 2774 ἐπιδείξασθαι
1626 2708 1724 2780 τὴν
1745 2707 1943 2772 αὐτῶν,

274 2784 610 2838 συνέστειλεν
658 2785 824 2856 ὀλίγῳ
861 2788 958 2858 τὴν
1009 2789 1200 2859 χάριν,
1249 2791 1710 2862 ἐγκελευσάμενος
1760 2791 1946 2854 αὐτοῖς

273 2867 445 2920 πολλά
473 2869 565 2920 καί
591 2867 656 2920 δι’
695 2869 904 2922 ἑαυτῶν
927 2871 1131 2926 ἀνύειν.
1166 2873 1265 2926 Διά
1290 2890 1370 2926 τοι
1397 2873 1575 2938 τοῦτο,
1609 2876 1696 2928 ὅτε
1726 2875 1824 2946 μὲν
1847 2875 1947 2926 οὐκ

273 2947 419 3020 εἶχον
453 2951 774 3022 ὑποδήματα
800 2994 812 3014 ,
843 2954 962 3007 οὐδὲ
990 2954 1168 3026 ζώνην
1195 2998 1208 3017 ,
1243 2957 1362 3010 ούδέ
1396 2957 1588 3028 ράϐδον
1608 2999 1622 3022 ,
1664 2957 1784 3011 οὐδὲ
1814 2957 1946 3028 χαλ-

273 3035 404 3100 κδν,
453 3035 664 3100 ούδενὺς
725 3037 1139 3109 ὑστερήθησαν·
1191 3039 1287 3105 Μή
1344 3057 1506 3106 τινος
1557 3041 1705 3110 γὰρ,
1761 3041 1944 3111 φησὶν,

274 3127 684 3196 ὑστερήσατες
731 3133 796 3183 Ol
849 3129 918 3182 δὲ
951 3130 1375 3198 ἀποκριθέντες
1421 3127 1625 3185 εἴπονο
1665 3131 1942 3198 Οὐδενός.

287 3210 504 3281 Ἐπειδὴ
556 3211 611 3264 δὲ
647 3212 845 3276 αὐτοὺς
888 3213 1142 3265 ἐκέλευσε
1176 3214 1292 3279 καὶ⁹
1319 3214 1602 3282 βαλάντιον
1633 3215 1805 3285 ἔχειν,
1854 3215 1948 3269 καὶ

277 3295 482 3363 πήραν,
511 3295 605 3348 καὶ
633 3295 978 3365 ὑποδήματα,
1015 3296 1357 3367 εὑρίσκονται
1397 3298 1490 3351 καί
1528 3298 1818 3362 πεινῶντες
1854 3297 1948 3352 καὶ

276 3375 538 3446 διψῶντες
559 3378 655 3431 καὶ
682 3395 750 3446 γυ
759 3379 1135 3448 μνητεύοντες.
1166 3379 1328 3432 Ὅθεν
1365 3379 1544 3450 δῆλον,
1573 3381 1653 3433 ὅτι
1679 3380 1948 3451 πολλαχοῦ

281 3457 574 3528 συνεχώρει
603 3461 696 3512 xal
731 3460 1214 3530 παρακινδυνεύειν
1248 3460 1442 3526 αὐτοὺς
1474 3465 1568 3516 καὶ
1600 3467 1949 3534 στενοχωρεῖ-

282 3539 428 3603 σθαι,
462 3541 549 3594 Eva
581 3542 700 3594 τινὰ
730 3542 919 3610 μισθὸν
954 3542 1148 3611 ἔχωσιν
1203 3544 1358 3596 (ὶῦτω
1397 3561 1497 3598 που
1535 3545 1628 3598 καί
1659 3547 1708 3597 οἰ
1740 3545 1952 3615 ὄρνιθες

279 3625 390 3686 τοῖς
411 3625 646 3687 νεοττοῖς
675 3621 884 3677 ποιοῦσι
921 3627 1032 3688 τοῖς
1059 3627 1263 3679 ἑαυτῶν
1286 3643 1300 3656 ·
1334 3627 1430 3680 καὶ
1461 3628 1568 3698 γὰρ
1598 3630 1817 3690 ἐκεῖνοι,
1847 3628 1951 3691 ἓως

284 3713 385 3784 μὲν
409 3715 478 3768 τά
515 3716 688 3788 πτερά
713 3717 898 3769 άπαλά
930 3717 1142 3787 ἔχουσιν
1165 3760 1180 3782 ,
1221 3719 1313 3771 ἐπὶ
1359 3722 1458 3789 τῆς
1481 3720 1674 3782 καλιᾶς
1704 3719 1950 3790 καθήμε-

281 3814 362 3850 νοι
391 3796 684 3851 θάλπουσιν
711 3816 724 3828 ·
764 3799 982 3852 ἐπειδὰν
1022 3801 1078 3852 δὲ
1119 3800 1268 3853 ἴδωσι
1302 3802 1791 3871 πτεροφυήσαντας
1813 3842 1825 3858 .
1861 3803 1953 3854 καὶ

279 3881 612 3952 δυναμένους
645 3882 734 3935 τὸν
779 3883 915 3953 ἀέρα
941 3883 1189 3953 τέμνειν,
1245 3885 1460 3954 πρῶτον
1495 3885 1592 3954 μὲν
1623 3885 1748 3956 περί
1785 3885 1952 3956 αὐτὴν

280 3966 382 4037 τὴν
414 3965 609 4020 καλιάν
645 3967 902 4021 ἵπτασθαι
951 3969 1495 4039 παρασκευάζουσιν,
1531 3969 1722 4023 ἔπειτα
1753 3969 1810 4022 δὲ
1859 3971 1953 4022 καί

284 4049 616 4120 πορρωτέρω
648 4051 1004 4122 περιάγουσι,
1041 4052 1192 4121 παρά
1237 4053 1332 4122 μὲν
1361 4053 1460 4122 τήν
1489 4053 1663 4124 ἀρχὴν
1691 4053 1952 4124 ἑπόμεναι

283 4133 379 4184 καὶ
431 4131 916 4201 διαϐαστάζουσαι,
973 4135 1108 4205 μετά
1159 4135 1214 4187 δὲ
1271 4135 1444 4189 ταῦτα
1497 4136 1692 4200 αὐτοὺς
1743 4137 1952 4200 ἑαυτοῖς

283 4214 526 4282 ἀφιεῖσαι
556 4216 790 4286 βοηθεῖν.
815 4215 972 4269 Οὕτω
1001 4217 1095 4269 καί
1115 4217 1144 4269 6
1168 4217 1403 4287 Χριστὸς
1426 4219 1670 4288 ἐποίησε,
1703 4218 1955 4289 καθάπερ

284 4299 344 4350 ἐν
368 4297 562 4370 καλιᾷ,
596 4301 660 4370 τῇ
694 4299 1023 4372 Παλαιστίνῃ
1046 4299 1260 4370 τρέφων
1288 4301 1415 4364 τοὺς
1451 4301 1701 4371 μαθητάς
1726 4317 1737 4331 °
1767 4302 1953 4373 ἐπειδὴ

281 4380 340 4433 δέ
372 4379 629 4434 πέτεσθαι
683 4381 886 4446 ἐδίδαξε
927 4380 1118 4452 παρὼν
1174 4380 1267 4435 καὶ
1317 4382 1692 4447 διαϐαστάξων
1735 4383 1952 4446 αὐτοὺς,

281 4471 435 4534 τέλος
467 4472 678 4541 ἀφῆκεν
704 4474 783 4536 εἰς
826 4474 926 4544 τήν
963 4474 1289 4543 οἰκουμένην
1336 4475 1556 4544 πτῆναι,
1579 4475 1838 4539 κελεύσας
1863 4477 1956 4529 καὶ

284 4556 496 4619 ἑαυτοῖς
530 4555 798 4627 πολλαχοῦ
830 4557 1064 4626 βοηθεῖν.
1098 4557 1204 4610 Καὶ
1229 4558 1310 4610 ὃτι
1342 4556 1500 4611 τοῦτό
1551 4558 1698 4611 ἐστιν
1734 4557 1952 4628 ἀληθὲς,

284 4637 379 4689 καὶ
425 4638 514 4692 ἵνα
555 4638 652 4710 τὴν
713 4640 944 4710 δύναμιν
997 4639 1161 4693 αὐτοῦ
1201 4639 1413 4708 μάθωσι
1439 4681 1452 4704 ,
1507 4641 1722 4694 πάντων
1759 4641 1958 4706 αὐτοὺς

283 4719 569 4790 ἐγύμνωσε
590 4761 604 4786 ,
637 4722 731 4775 καὶ
761 4721 1121 4793 μονοχίτωνας
1151 4722 1467 4784 ἀπέστειλε,
1498 4723 1592 4777 καὶ
1621 4723 1790 4794 χωρὶς
1827 4724 1958 4776 ὑπο-

283 4803 541 4873 δημάτων
591 4805 841 4858 ἐκέλευσε
896 4805 1167 4874 βαδίζειν,
1220 4807 1390 4876 αὐτῆς
1447 4803 1541 4860 οὖν
1598 4808 1697 4878 τῆς
1747 4809 1958 4878 ρήσεως

284 4884 620 4949 ἀκούσαντες
671 4886 854 4954 σαφῶς
893 4888 1170 4956 εἰσόμεθα.
1203 4889 1278 4941 Οὐ
1313 4890 1418 4960 γὰρ
1452 4889 1638 4954 ἁπλῶς
1682 4885 1835 4943 εἶπεν
1865 4891 1960 4944 αύ-

285 4968 398 5028 τοῖς
425 4983 438 4998 ·
471 4967 674 5037 Ἀρατε
704 4967 987 5039 βαλάντιον
1016 4969 1111 5023 καὶ
1145 4971 1345 5040 πήραν,
1381 4971 1496 5024 ἀλλ’
1527 4972 1832 5031 ἀνέμνησεν
1863 4973 1958 5024 αύ-

283 5060 414 5122 τους
469 5059 578 5112 τῶν
625 5062 904 5132 προτέρων
927 5099 942 5122 ,
976 5059 1149 5123 οὓτως
1203 5060 1373 5115 εἰπών
1397 5079 1411 5094 ν
1451 5064 1581 5116 Ὅτε
1629 5067 1959 5118 amanda

286 5139 447 5211 ὑμᾶς
468 5142 610 5211 ἄτερ
638 5145 976 5208 βαλαντίου
1013 5144 1110 5196 καί
1142 5145 1337 5212 πήρας
1358 5185 1371 5207 ,
1397 5145 1482 5214 μή
1513 5164 1676 5214 τινος
1703 5148 1956 5216 ὑστερή-

287 5240 473 5290 σατε;
505 5228 780 5281 τουτέστιν
801 5271 815 5294 ,
851 5231 924 5284 Ou
956 5227 1130 5280 πάντα
1171 5229 1307 5298 μετά
1341 5228 1599 5295 ἀφθονίας
1632 5231 1761 5301 ὑμῖν
1804 5231 1960 5302 ἐπέρ-

289 5313 410 5381 ρει,
439 5310 532 5363 καί
565 5311 768 5380 πολλῆς
801 5309 1140 5364 ἀπελαύσατε
1170 5309 1483 5380 δαψιλείας;
1520 5312 1654 5366 ἀλλά
1707 5313 1802 5367 νῦν
1833 5312 1956 5384 βούο

288 5391 457 5462 λομαι
492 5393 634 5463 ὑμᾶς
665 5395 759 5447 καὶ
787 5394 853 5448 δι’
880 5394 1084 5447 ἑαυτῶν
1118 5393 1499 5461 ἀγωνίζεσθαι·
1527 5393 1784 5466 βούλομαι
1817 5398 1961 5466 ὑμᾶς

291 5477 389 5529 καὶ
439 5477 630 5540 πενίας
659 5480 852 5548 πεῖραν
895 5477 1108 5530 λαϐεῖν’
1163 5477 1249 5530 διὰ
1295 5476 1454 5530 τοῦτο
1501 5477 1685 5532 λοιπὸν
1726 5481 1818 5534 ἐπὶ
1861 5480 1961 5549 τὴν

292 5560 542 5632 ἀνάγκην
565 5564 666 5616 οὐκ
708 5565 826 5631 ἀγω
856 5562 948 5617 τοῦ
977 5564 1242 5632 προτέρου
1295 5563 1460 5634 νόμου
1479 5606 1494 5630 ,
1517 5565 1634 5620 ἀλλ’
1680 5565 1962 5637 ἐπιτρέπω

295 5644 390 5698 καὶ
429 5642 710 5713 βαλάντιον
748 5645 890 5714 ἔχειν
928 5648 1019 5700 καὶ
1074 5648 1253 5713 πήραν
1279 5687 1295 5711 ,
1339 5645 1425 5699 ἴνα
1461 5647 1561 5714 μή,
1610 5648 1861 5710 καθάπερ
1889 5648 1956 5702 δι’

1088 255 1156 312 ΙΝ
1195 253 1422 319 ILLUD,
1465 251 1839 311 SALUTATE
1880 251 2293 311 PRISCILLAM
2335 257 2420 312 ET
2462 252 2796 324 AQUILAM.
2833 252 2900 307 ll.

3603 248 3707 309 :oo

2041 363 2262 434 ἀψύχων
2298 365 2580 436 ὀργάνων,
2634 367 2877 435 ἐνεργεῖν
2919 363 2987 416 τὰ
3031 361 3150 416 καθ’
3192 363 3332 434 ὑμᾶς
3378 365 3705 434 νομίζωμαι.

2041 447 2174 500 ἀλλὰ
2205 448 2299 500 καὶ
2329 449 2484 518 ὑμεῖς
2522 450 2621 518 τὴν
2649 449 2856 501 οἰκείαν
2882 447 3041 517 ἔχητε
3070 445 3473 500 ἐπιδείκνυσθαι
3505 459 3530 486 ιι
3561 447 3708 516 φιλο-

2043 530 2256 597 σοφίαν.

2113 647 2180 706 γ’.
2199 641 2306 694 Καὶ
2328 641 2397 703 τί,
2424 641 2605 711 φησὶν,
2629 643 2729 694 οὐκ
2749 640 2814 693 ἂν
2844 639 3045 710 μείζων
3069 641 3241 710 ἐφάνη
3266 641 3298 709 ή
3325 639 3504 710 χάρις,
3527 639 3574 690 εἰ
3594 637 3710 690 δια-

2042 725 2239 787 παντὸς
2278 725 2448 788 οὕτως
2481 727 2730 780 ἐτέλεσαν
2760 726 2946 790 δντεςς
2991 726 3128 778 Ἀλλ’
3156 725 3312 778 αύτολ¹
3337 724 3436 777 οὐκ
3463 723 3711 791 ἐγένοντο

2039 806 2181 860 οὓτω
2205 807 2446 878 δόκιμοι·
2489 811 2536 862 εἰ
2565 810 2672 878 γάρ
2711 810 2979 879 μηδεμιᾶς
3002 808 3192 860 ἔλαϐον
3221 807 3452 877 θλίψεως
3491 809 3707 875 πεῖραν,

2043 887 2118 959 μὴ
2150 889 2334 952 πενίας
2355 929 2367 949 ,
2400 889 2475 960 μὴ
2499 890 2738 960 διωγμοῦ
2763 931 2778 954 ,
2831 890 2905 961 μὴ
2945 890 3303 962 στενοχωρίας
3327 931 3342 953 ,
3390 890 3610 958 ἔμειναν
3643 887 3710 942 ἂν

2041 969 2198 1036 ἀργοὶ
2224 971 2324 1024 καὶ
2347 972 2537 1034 νωθείς
2557 989 2570 1002 ο
2597 973 2692 1026 νῦν
2717 972 2774 1024 δὲ
2805 973 2926 1040 ούχί
2962 973 3060 1042 τὴν
3085 973 3243 1043 χάριν
3285 969 3585 1041 διαλάμψαι
3616 969 3709 1038 μό-

2041 1067 2149 1114 νον,
2185 1052 2321 1106 άλλά
2361 1054 2454 1106 καὶ
2483 1054 2578 1124 τὴν
2613 1055 2720 1106 τῶν
2769 1053 3150 1106 ὑπακουόντων
3191 1053 3420 1123 δοκιμήν
3448 1052 3712 1122 ἠθέλησεν

2041 1133 2409 1205 ἐπιδειχθῆναι
2428 1136 2476 1200 ὶι,
2517 1137 2602 1189 ἵνα
2649 1136 2724 1208 μὴ
2757 1135 2896 1206 μετά
2935 1134 3110 1188 ταῦτά
3139 1151 3282 1198 τινες
3311 1134 3477 1204 ἔχωσι
3505 1135 3709 1202 λέγειν,

2039 1216 2120 1267 ὃτι
2151 1215 2312 1269 Οὐδέν
2343 1220 2471 1288 παρ’
2499 1219 2708 1272 ἑαυτῶν
2737 1220 3062 1289 εἰσήνεγκαν
3089 1219 3310 1283 ἐκεῖνοι,
3343 1217 3481 1270 ἀλλὰ
3511 1216 3572 1270 τὸ
3601 1219 3712 1270 πᾶν

2037 1298 2136 1368 τῆς
2163 1298 2258 1352 τοῦ
2288 1299 2422 1354 Θεοῦ
2453 1302 2626 1374 ροπῆς
2660 1302 2896 1370 ἐγένετο.
2939 1300 3200 1354 Ἦδύνατο
3249 1301 3347 1370 μέν
3373 1299 3484 1370 γάρ
3514 1299 3714 1363 αὐτοὺς

2038 1383 2066 1433 ὁ
2113 1381 2245 1444 Θεὸς
2293 1382 2453 1454 μέχρι
2483 1383 2671 1446 τέλους
2709 1385 2768 1436 ὲν
2801 1383 3030 1455 ἀφθονίᾳ
3078 1383 3418 1454 καταστῆσαι
3451 1381 3711 1453 τοσαύτῃ,

2039 1463 2154 1516 ἀλλ’
2177 1465 2278 1518 οὐκ
2315 1467 2545 1536 ἠθέλησε
2578 1467 2664 1520 διὰ
2694 1467 2896 1530 πολλάς
2925 1468 3018 1520 καὶ
3044 1467 3351 1535 ἀναγκαίας
3386 1465 3711 1537 προφάσεις,

2040 1545 2105 1610 εις
2140 1547 2397 1612 πολλάκις
2428 1551 2563 1621 πρὸς
2609 1551 2708 1621 τὴν
2759 1551 3030 1622 ὑμετέραν
3063 1550 3282 1620 ἀγάπην
3318 1550 3620 1621 είρήκαμεν
3645 1558 3669 1587 ο
3693 1562 3709 1578 ⁸

2044 1630 2172 1700 μίαν
2217 1633 2313 1701 μὲν
2337 1632 2402 1704 δὴ
2439 1632 2644 1702 ταύτην
2665 1673 2679 1696 ,
2707 1634 2901 1704 ἑτέραν
2947 1633 3004 1685 δὲ
3052 1633 3152 1686 οὐκ
3199 1631 3458 1686 ἐλάττονα
3486 1629 3709 1700 ταύτης,

2043 1713 2129 1766 ἵνα
2151 1715 2246 1767 καὶ
2275 1715 2589 1786 μετριάζειν
2622 1715 2805 1768 εἰδῶσι
2851 1729 2868 1747 ο
2899 1715 3092 1786 τρίτην
3123 1715 3214 1778 δέ,
3241 1714 3330 1767 Eva
3369 1712 3444 1784 μὴ
3490 1711 3714 1780 μείζονα

2041 1793 2073 1862 ἦ
2105 1795 2248 1847 κατά
2287 1795 2573 1867 ἄνθρωπον
2634 1795 2788 1869 [185]
2827 1796 3034 1850 λάϐωσι
3061 1795 3238 1860 δόξαν.
3274 1795 3374 1848 Διά
3417 1794 3482 1865 δὴ
3519 1793 3715 1860 ταῦτα,

2041 1877 2136 1928 καὶ
2164 1877 2345 1948 πολλῷ
2369 1879 2592 1932 πλείονα
2632 1878 2837 1933 τούτων
2858 1920 2871 1940 ,
2901 1880 3064 1948 ἀφεὶς
3100 1878 3298 1942 αὐτοὺς
3341 1877 3557 1942 πολλοῖς
3602 1876 3717 1931 τῶν

2041 1959 2320 2030 ἀδοκήτων
2346 1961 2726 2032 περιπίπτειν,
2749 1961 2850 2014 ούκ
2873 1959 3148 2031 ἠϐουλήθη
3171 1960 3276 2013 ὑπὸ
3299 1960 3400 2030 τήν
3429 1957 3718 2030 ἀκρίϐειαν

2043 2040 2142 2110 τῆς
2171 2041 2488 2111 νομοθεσίας
2516 2042 2617 2112 τῆς
2643 2043 2914 2114 προτέρας
2943 2043 3182 2112 ἀφεῖναι,
3213 2041 3327 2095 ἀλλ’
3359 2039 3592 2112 ἐχάλασε
3621 2041 3716 2092 καί

2043 2123 2210 2194 ἀνῆκε
2234 2123 2330 2194 τῆς
2365 2124 2680 2194 φιλοσοφίας
2720 2124 2810 2179 τὸν
2833 2125 2984 2178 τόνον
3019 2124 3232 2194 ἐκείνης
3257 2165 3272 2189 ,
3315 2123 3454 2176 ὥστε
3509 2121 3585 2194 μὴ
3620 2120 3716 2192 βα-

2045 2205 2142 2275 ρύν
2167 2223 2288 2258 τινα
2333 2208 2424 2260 καί
2448 2207 2721 2279 ἀφόρητον
2768 2209 2952 2270 αὐτοῖς
2981 2206 3233 2275 γενέσθαι
3266 2207 3359 2259 τὸν
3389 2204 3504 2275 βίον
3526 2245 3543 2271 ,
3588 2203 3715 2257 πολ-

2042 2287 2206 2358 λαχοῦ
2234 2290 2862 2360 ἐγκαταλιμπανομένοις
2883 2330 2897 2354 ,
2923 2291 3017 2344 καί
3046 2289 3137 2344 τὸν
3164 2289 3366 2360 ἀκριϐῆ
3394 2288 3559 2359 νόμον
3578 2287 3715 2340 ἐκεῖ·

2043 2387 2132 2423 νον
2161 2372 2619 2442 ἀναγκαζομένοις
2647 2375 2856 2444 τηρεῖν.
2899 2372 3120 2443 Ἐπειδὴ
3148 2372 3202 2425 δέ
3229 2370 3336 2442 χρὴ
3364 2371 3459 2424 καὶ
3497 2369 3560 2423 τδ
3581 2387 3716 2441 προ-

2043 2451 2292 2522 κείμενον
2323 2454 2530 2523 ἀσαφὲς
2555 2452 2614 2507 δν
2648 2455 2871 2525 ποιῆσαι
2903 2455 3212 2525 καταφανὲς
3232 2495 3246 2517 ,
3278 2455 3574 2522 ἀναγκαῖον
3620 2453 3716 2506 καὶ

2043 2534 2200 2587 τοῦτο
2226 2537 2416 2590 εἰπεῖν.
2446 2535 2628 2590 Εἰπὼν
2656 2538 2766 2609 γὰρ
2783 2579 2798 2604 ,
2838 2539 2890 2590 ’0
2914 2539 3072 2607 ἔχων
3097 2535 3435 2601 ,βαλάντιον
3457 2575 3472 2599 ,
3496 2534 3714 2603 ἀράτω,

2043 2617 2140 2670 καί
2172 2617 2391 2686 πήραν,
2435 2621 2682 2694 ἐπήγαγε
2711 2638 2726 2652 ο
2759 2621 2869 2674 Καὶ
2913 2624 2946 2676 ὁ
2992 2620 3080 2690 μὴ
3114 2621 3271 2690 ἔχων
3297 2659 3312 2684 ,
3348 2618 3617 2686 πωλήσει
3646 2619 3717 2672 τὸ

2045 2697 2276 2766 ἱμάτιον
2302 2701 2508 2766 αὐτοῦ,
2536 2703 2632 2756 καί
2663 2702 2945 2773 ἀγοράσει
2967 2701 3287 2772 μάχαιραν.
3309 2702 3375 2755 Τί
3401 2718 3531 2755 ποτε
3557 2700 3718 2754 τοῦτό

2045 2781 2190 2848 ἑστι;
2223 2784 2539 2850 καθοπλίζει
2584 2786 2710 2850 τοὺς
2762 2786 3008 2857 μαθητὰς
3041 2789 3070 2840 6
3105 2785 3312 2855 λέγων,
3349 2785 3486 2839 Ἐάν
3521 2783 3614 2851 τις
3641 2799 3718 2837 σε

2036 2865 2274 2933 ραπίσῃ
2313 2869 2401 2932 εις
2431 2867 2546 2934 τὴν
2570 2867 2779 2932 δεξιὰν
2805 2870 3083 2939 σιαγόνα,
3117 2867 3389 2936 στρέψον
3417 2865 3580 2933 αὐτῷ
3617 2865 3718 2920 καί

2045 2945 2160 3012 τὴν
2191 2947 2390 3016 ἀλλην
2406 2964 2425 3011 ;
2453 2949 2482 3000 ό
2526 2949 2765 3003 κελεύων
2818 2951 3059 3019 εὐλογεῖν
3089 2952 3215 3014 τοὺς
3248 2947 3714 3020 λοιδορουμένους.

2046 3027 2333 3099 ἀνέχεσθαι
2372 3030 2474 3084 τῶν
2503 3032 2920 3105 ἐπηρεαζόντων
2947 3074 2960 3097 ,
2993 3033 3249 3104 εὔχεσθαι
3280 3033 3420 3106 ὑπὲρ
3457 3033 3566 3085 τῶν
3591 3029 3716 3084 διωο

2045 3111 2270 3175 κόντων,
2306 3107 2425 3166 εἶτα
2448 3114 2785 3182 καθοπλίζει,
2817 3117 2913 3170 καὶ
2941 3117 3029 3170 διά
3061 3115 3337 3187 μαχαίρας
3369 3116 3570 3186 μόνης;
3607 3113 3720 3167 Kal

2047 3196 2196 3248 ποῖον
2221 3194 2287 3249 ἂν
2315 3196 2426 3267 ἐχοι
2452 3196 2608 3250 τοῦτο
2641 3197 2836 3267 λόγον;
2868 3199 2931 3252 Εἰ
2973 3198 3080 3269 γάρ
3122 3197 3258 3260 δλως
3307 3197 3416 3250 ἔδει
3458 3192 3720 3250 καθοπλί-

2048 3291 2159 3339 σαι,
2187 3277 2248 3330 ού
2283 3278 2555 3350 μαχαίρας
2579 3279 2684 3332 ἔδει
2705 3279 3004 3350 κτήσασθαι
3029 3279 3212 3349 μόνον.
3237 3277 3374 3332 ἀλλά
3395 3278 3488 3330 καὶ
3513 3280 3717 3335 ἀσπίδα

2047 3358 2143 3411 καὶ
2173 3360 2368 3431 κράνος
2396 3362 2492 3414 καὶ
2527 3360 2814 3432 κνημῖδας.
2847 3361 3024 3424 Ὂλως
3048 3361 3134 3424 δὲ,
3171 3361 3224 3414 εῐ
3265 3377 3327 3428 γε
3359 3359 3717 3430 ἀνθρωπίνως

2046 3439 2114 3493 τά
2141 3439 2365 3496 τοιαῦτα
2407 3442 2631 3514 ἔμελλεν
2666 3446 2968 3510 οἰκονομεῖν
2993 3483 3009 3507 ,
3039 3444 3225 3508 πόσοις
3263 3443 3361 3496 οὐκ
3393 3438 3462 3512 ἦν
3499 3444 3561 3496 τὸ
3599 3445 3718 3498 ἐπί-

2047 3542 2235 3595 ταγμα
2256 3525 2470 3595 γέλως;
2514 3529 2578 3581 Εἰ
2610 3527 2718 3600 γὰρ
2773 3531 2942 3599 μυρία
2977 3526 3200 3581 τοιαῦτα
3235 3527 3374 3580 ὅπλα
3420 3527 3720 3597 ἐκτήσαντο

2050 3609 2186 3679 πρὸς
2215 3610 2484 3682 τοσαύτην
2515 3613 2700 3682 ἔφοδον
2731 3615 2823 3666 καὶ
2845 3613 3135 3683 ἐπιϐουλὴν
3169 3612 3357 3683 δήμων
3379 3653 3392 3674 ,
3420 3613 3718 3683 τυράννων,

2053 3693 2279 3757 πόλεων,
2314 3693 2504 3758 ἐθνῶν,
2531 3696 2673 3758 τίνες
2697 3696 2920 3766 ἔμελλον
2945 3697 2994 3748 οἰ
3022 3697 3213 3748 ἕνδεκα
3246 3696 3528 3764 φανεῖσθαι
3557 3712 3572 3760 ;
3604 3697 3720 3748 Φω·

2051 3777 2146 3845 νῆς
2171 3777 2280 3846 γὰρ
2303 3776 2529 3830 ἀκοῦσαι
2551 3778 2964 3848 χρεμετίζοντος
2992 3779 3159 3830 ἵππου
3180 3777 3403 3830 δυνατὸν
3423 3775 3489 3847 ἢν
3513 3777 3718 3843 αύτοῖςς

2053 3864 2186 3934 πρὸς
2217 3864 2274 3916 δὲ
2295 3865 2393 3932 τὴν
2408 3864 2530 3933 ὄψιν
2562 3867 2730 3935 μόνην
2753 3865 2852 3918 οὐκ
2878 3865 2943 3918 ἂν
2969 3864 3394 3934 κατεπλάγησαν
3423 3863 3533 3916 τῶν
3564 3881 3722 3936 στραο

2053 3951 2310 4016 τοπέδων,
2339 3953 2395 4004 ἐν
2430 3953 2644 4038 λίμναις
2677 3953 2769 4004 καὶ
2801 3954 3063 4021 ποταμοῖς
3093 3952 3185 4004 καὶ
3211 3952 3456 4013 ἀκατίοις
3488 3950 3722 4020 τραφέν-

2052 4055 2141 4100 τες
2179 4041 2422 4108 μικροῖς;
2446 4035 2601 4101 Τίνος
2640 4035 2732 4091 οὗν
2761 4039 2947 4092 ἕνεκεν
2987 4040 3142 4090 τοίτο
3170 4037 3346 4105 λέγει;
3381 4039 3492 4106 Τὴν
3535 4038 3721 4104 ἔφοδον

2053 4125 2158 4178 τῶν
2213 4125 2478 4179 Ἰουδαίων
2525 4125 2860 4190 ἐνδείξασθαι
2917 4125 3268 4196 βουλόμενος,
3321 4126 3414 4178 καὶ
3465 4126 3548 4178 ὃτι
3593 4125 3724 4196 μέλα

2051 4212 2233 4265 λουσιν
2261 4211 2422 4264 αὑτὸν
2446 4211 2862 4283 συλλαμϐάνειν.
2894 4213 3000 4266 Kal
3029 4211 3186 4265 τοῦτο
3215 4211 3466 4282 φανερῶς
3493 4212 3590 4282 μὲν
3618 4212 3722 4265 οὐκ

2051 4299 2316 4370 ἠθέλησεν
2343 4301 2535 4364 εἰπεῖν,
2566 4298 2633 4352 δι’
2659 4299 2995 4370 αἰνιγμάτων
3016 4299 3071 4352 δὲ
3090 4340 3105 4364 ,
3139 4299 3278 4352 ὥστε
3315 4299 3389 4369 μὴ
3418 4297 3721 4371 θορυϐῆσαι

2055 4385 2214 4440 πάλιν
2253 4385 2468 4450 αύτούς.
2511 4388 2721 4458 Ὠσπερ
2768 4383 2858 4440 οὖν
2900 4387 3027 4439 ὅταν
3056 4383 3293 4458 ἀκούσῃς
3337 4384 3502 4438 αὑτοῦ
3534 4385 3721 4454 λέγον-

2055 4491 2173 4539 τος,
2212 4475 2294 4527 ὃτι
2343 4477 2413 4527 Ὅ
2443 4475 2740 4542 ἠκούσατε
2769 4475 2858 4540 εἰς
2887 4474 2953 4527 τὸ
2993 4468 3123 4539 οὖς,
3154 4473 3452 4540 κηρύξατε
3475 4473 3574 4526 ἐπὶ
3604 4473 3724 4526 τῶν

2054 4560 2357 4630 δωμάτων,
2394 4561 2493 4614 καί
2533 4560 2564 4614 δ
2596 4561 2899 4628 ἠκούσατε
2927 4561 2996 4614 ἐν
3031 4557 3106 4628 τῇ
3143 4559 3376 4627 σκοτίᾳ,
3417 4560 3622 4614 almus
3653 4560 3724 4613 ἐν

2056 4645 2136 4711 τῷ
2178 4646 2354 4714 φωτὶ,
2404 4647 2466 4700 ού
2509 4647 2668 4700 τοῦτο
2703 4646 3050 4712 ὑποπτεύεις,
3095 4647 3177 4701 ὅτι
3212 4646 3420 4700 κελεύει
3449 4649 3575 4712 τοὺς
3603 4664 3724 4702 στε-

2057 4735 2269 4796 νωποὺς
2291 4733 2382 4786 καὶ
2409 4734 2507 4804 τὴν
2539 4733 2745 4805 ἀγοράν
2791 4733 3027 4802 ἀφέντας
3061 4733 3154 4786 ἐπὶ
3180 4733 3287 4787 τῶν
3326 4733 3592 4805 δωμάτων
3621 4751 3723 4805 κη-

2059 4817 2272 4888 ρύττειν
2293 4835 2306 4848 ·
2355 4819 2475 4872 οὐδὲ
2506 4819 2615 4890 γάρ
2663 4820 2943 4889 φαίνονται
2983 4819 3143 4874 τοῦτο
3177 4823 3498 4892 ποιήσαντες
3534 4822 3584 4873 οἱ
3618 4838 3726 4891 μαο

2058 4905 2246 4976 θηταί·
2289 4907 2424 4960 ἀλλά
2469 4907 2548 4968 τὸ,
2573 4908 2697 4960 Ἐπί
2744 4907 2864 4960 τῶν
2907 4907 3218 4976 δωμάτων,
3258 4909 3352 4962 καὶ
3379 4908 3470 4972 τὸ,
3515 4911 3617 4963 Ἐν
3644 4906 3725 4975 τῷ

2056 4997 2237 5063 φωτὶ,
2276 4995 2338 5048 τὸ
2384 4995 2521 5064 μετά
2569 4995 2875 5067 παρρησίας
2922 4997 3250 5049 αἰνίττεταιο
3287 4996 3346 5049 τὸ
3386 4997 3474 5058 δέ,
3507 4998 3612 5059 Εἰς
3654 4995 3723 5049 τὸ

2056 5075 2200 5147 οὖς,
2233 5082 2328 5135 καί
2361 5082 2452 5146 τὸ,
2495 5083 2598 5135 Ἐν
2639 5081 2714 5150 τῇ
2747 5083 2994 5149 σκοτίᾳ,
3031 5081 3188 5136 τοῦτο
3234 5082 3414 5154 δηλοῖ,
3449 5083 3726 5155 ὅτι’οπερ

2058 5171 2116 5222 ἐν
2145 5169 2324 5242 μικρῷ
2372 5169 2527 5241 μέρει
2559 5171 2659 5241 τῆς
2691 5170 3043 5242 οἰκουμένης,
3084 5172 3178 5224 καὶ
3210 5171 3268 5224 ἐν
3305 5171 3386 5223 ἐνὶ
3415 5167 3599 5240 χωρίῳ
3621 5169 3725 5237 τῆς

2059 5257 2422 5327 Παλαιστίνης
2463 5255 2732 5326 ἠκούσατε
2752 5297 2767 5321 ,
2831 5257 2990 5310 τοῦτο
3034 5255 3306 5326 πανταχοῦ
3365 5256 3464 5327 τῆς
3504 5255 3607 5328 γῆς
3631 5254 3723 5324 ἐξ-

2124 5401 2149 5429 ⁸
2177 5400 2283 5449 Duo
2303 5398 2412 5446 Mss.
2440 5397 2732 5460 φιλοσοφίαν.
2756 5396 3062 5460 Εἶτα-οὒκγῷ
3085 5395 3272 5458 μείζων.

2120 5461 2148 5502 1³
2175 5458 2760 5525 Α’βπιδειχθῇναι-ἀεειιιξη
2782 5458 2974 5525 Quobus
2995 5458 3130 5525 1199.Δ
3404 5517 3416 5525 ι
3482 5512 3507 5525 η

2123 5527 2145 5554 ε
2172 5523 2260 5570 Hic
2302 5513 2571 5590 in"l_furel._
2597 5526 2651 5590 ςι
2692 5519 2842 5590 Savil.
2884 5525 2994 5578 post
3036 5519 3305 5590 εἰρήκαμενζ
3339 5513 3615 5590 καὶογῦνδέ
3658 5514 3729 5590 εξ-

2058 5595 2378 5654 talpam-(lue
2401 5584 2580 5654 ᾳεειμοι
2602 5580 2650 5630 in
2673 5575 3018 5654 uquque:.ms.
3040 5575 3091 5627 ei
3108 5575 3370 5654 ,ειιιξετίἰυα
3393 5577 3640 5634 videnlur.
3681 5575 3734 5627 In

2060 5601 2246 5647 ποιμεν,
2267 5598 2378 5693 (Ἕω
2401 5598 2580 5651 063an
2602 5598 2650 5630 In
2673 5598 2881 5641 utroque
2927 5598 3018 5628 ms.
3040 5598 3091 5627 ει
3123 5598 3370 5652 ειῳιςτιιυι

2060 5646 2290 5710 εριιιιοοιί
2327 5657 2385 5694 us
2405 5645 2650 5694 levassima
2669 5649 2782 5692 sum
2807 5642 3067 5692 lectionum
3090 5640 3383 5691 discrimina.
