4110 6198
397 373 657 445 ηχήσατε.
689 373 765 426 οὑ
788 373 896 444 γάρ
923 372 986 443 δὴ
1014 373 1072 425 ἐν
1101 371 1311 443 σκοτίᾳ.
1334 370 1461 425 οὑδὲ
1494 372 1574 436 εἰς
1600 370 1661 425 16
1683 367 1776 435 οὖς
1807 370 2075 439 διελέγετο

403 451 613 515 αὑτοῖς,
654 451 767 506 ἀλλ’
800 452 884 518 ἐφ’
915 450 1132 520 ὑψηλῶν
1156 450 1265 503 τῶν
1309 449 1514 521 ὀρέων,
1568 452 1661 503 καὶ
1704 451 1760 503 ἐν
1788 451 1908 512 ταῖς
1946 467 2074 503 συν-

404 534 653 598 αγωγαῖς
713 530 992 592 πολλάκις.
1075 529 1231 583 Οῦτω
1279 530 1373 583 καὶ
1426 528 1659 582 ἐνταῦθα
1714 528 2068 596 ὑποληπτέον.

402 609 613 679 Ὠσπερ
644 605 736 663 οὖν
758 612 874 662 ἐκεῖ
903 607 1130 679 δώματα
1164 608 1458 672 ἀκούοντες
1478 649 1490 668 .
1517 608 1719 679 ἑτέρως
1747 608 2069 677 ὲνοήσαμεν,

403 686 542 741 οὕτω
580 688 673 740 καὶ
722 686 952 741 ἐνταῦθα
1001 686 1277 758 μαχαίρας
1317 686 1640 749 ἀκούοντες,
1695 685 1769 755 μὴ
1801 683 1956 738 τοῦτο
1985 702 2069 737 νο-

401 765 676 833 μίσωμεν,
718 767 798 818 61:
850 763 1080 829 ἐπέταξε
1142 765 1414 838 μαχαίρας
1467 763 1797 833 κεκτῆσθαι,
1850 762 2071 816 ἀλλ’ὅτι

399 840 486 893 διὰ
520 841 628 893 τῶν
654 842 938 913 μαχαιρῶν
969 842 1065 913 τὴν
1090 841 1398 895 ἐνεστῶσαν
1431 842 1723 894 αἰνίττεται
1749 838 2066 908 ἐπιϐουλήν,

397 921 491 971 καὶ
536 921 616 973 ὅτι
676 922 861 991 μέλλει
920 920 1150 990 πάσχειν
1208 919 1360 989 παρὰ
1404 920 1514 973 τῶν
1574 918 1872 981 Ἰουδαίων,
1925 919 2069 989 ἅπερ

397 998 586 1056 ἔπαθε.
652 1000 757 1053 Kal
800 1001 956 1054 τοῦτο
1011 1001 1077 1052 ἐκ
1114 999 1223 1053 τῶν
1281 999 1407 1068 ἑξῆς
1459 998 1635 1067 δῆλον.
1695 997 1878 1050 Εἰπὼν
1936 996 2063 1064 γάρ,

409 1076 701 1146 Ἀγοράσει
741 1078 1048 1148 μάχαιραν,
1084 1077 1329 1147 ἐπήγαγε
1353 1094 1364 1105 ·
1423 1076 1522 1129 Δεῖ
1544 1075 1653 1145 γὰρ
1700 1074 1772 1128 τὰ
1820 1090 2065 1144 fama}!-

389 1156 546 1225 μένα
569 1158 700 1224 περὶ
733 1157 879 1225 ἐμοῦ
904 1156 1280 1222 τελεσθῆναι,
1308 1155 1399 1209 ὅτι
1423 1157 1492 1209 ἐν
1523 1155 1647 1221 τοῖς
1670 1155 1915 1223 ἀνόμοις
1935 1156 2068 1207 ἐλο·

391 1236 630 1303 γε’σοην.
671 1236 945 1288 Εἱπόντων
988 1235 1044 1288 δὲ
1086 1233 1328 1299 ὲκείνων,
1360 1235 1442 1286 ὅτι
1482 1232 1656 1287 Είσίν
1683 1226 1799 1285 ὧδε
1823 1231 1933 1284 δύο
1954 1230 2067 1300 μά-

393 1329 596 1380 χαιραι
618 1353 633 1375 ,
668 1314 764 1367 καὶ
804 1313 864 1366 16
894 1312 1083 1382 λεχθὲν
1127 1312 1202 1381 μὴ
1245 1311 1563 1373 συνιέντων,
1599 1310 1784 1381 φησὶν,
1833 1308 2068 1362 Ἱκανόν

389 1392 532 1445 ἐστι.
586 1393 774 1446 Καίτοι
819 1408 881 1459 γε
914 1393 1014 1444 οὑκ
1056 1386 1124 1461 ἦν
1154 1391 1336 1444 ἱκανόν
1362 1391 1382 1421 ·’
1408 1392 1456 1443 εί
1488 1390 1585 1460 μὲν
1614 1389 1722 1459 γάρ
1751 1387 2065 1458 ἀνθρωπίνῃ

378 1468 616 1541 βοηθείᾳ
659 1469 960 1540 κεχρῆσθαι
999 1469 1195 1531 αὑτοὺς
1244 1467 1516 1526 ἐϐούλετο,
1551 1466 1612 1518 οὑ
1661 1466 1819 1536 μόνον
1848 1464 1940 1516 δύο
1972 1466 2065 1517 καὶ

390 1549 575 1616 τρεῖς,
610 1547 724 1599 ἀλλ’
768 1547 888 1600 οὑδὲ
941 1546 1136 1599 ἑκατὸν
1179 1542 1320 1617 ἦσαν
1367 1544 1547 1598 ίκαναὶ
1595 1545 1890 1615 μάχαιραι·
1922 1544 1971 1595 εί
2008 1543 2065 1596 δὲ

389 1626 492 1678 οὑκ
518 1624 768 1678 ἐϐούλετο
799 1624 1115 1697 ἀνθρωπίνῃ
1147 1623 1368 1694 βοηθείᾳ
1396 1623 1595 1685 αὑτοὺς
1617 1621 1916 1692 κεχρῆσθαι
1935 1659 1951 1683 ,
1971 1621 2064 1673 καὶ

389 1706 444 1757 al
471 1704 564 1758 δύο
607 1704 876 1775 περιτταί.
938 1703 1077 1756 Ἀλλ’
1127 1704 1273 1772 ὅμως
1307 1700 1460 1775 [I86]
1503 1701 1604 1755 οὑκ
1660 1699 1959 1769 ἐξεκάλυψε
2003 1699 2064 1752 16

390 1782 658 1852 αἴνιγμα·
711 1781 943 1852 καὶγὰρ
1006 1779 1272 1850 πολλαχοῦ
1339 1779 1585 1847 φαίνεται
1656 1778 1815 1831 τοῦτο
1872 1775 2059 1830 ποιῶν·

391 1858 610 1912 ἐπειδὰν
639 1859 715 1931 μή
749 1860 983 1930 νοήσωσι
1018 1858 1078 1910 τὸ
1109 1858 1313 1927 λεχθὲν,
1344 1854 1678 1927 παρατρέχει
1710 1856 1805 1908 καὶ
1834 1855 2060 1924 ἀφίησι,

392 1942 461 2009 τῇ
491 1939 599 1992 τῶν
637 1939 978 2010 πραγμάτων
1006 1937 1230 1992 ἐκϐάσει
1263 1936 1371 1990 τῶν
1402 1936 1539 2007 μετά
1561 1933 1730 1987 ταῦτα
1760 1934 1857 2003 τὴν
1885 1950 2060 2010 κατα-

394 2007 582 2088 νόησιν
606 2007 715 2071 τῶν
746 2007 1049 2088 εἰρημένων
1089 2014 1398 2084 ἐπιτρέπων
1440 2012 1627 2066 λοιπόν
1645 2031 1658 2044 ·
1685 2013 1822 2082 ὅπερ
1849 2007 1942 2065 οὑν
1968 2013 2062 2066 καὶ

392 2094 623 2165 ἀλλαχοῦ
670 2094 914 2165 ἐποίησε.
950 2093 1059 2147 Kal
1084 2092 1188 2164 γὰρ
1221 2093 1349 2162 περὶ
1380 2091 1480 2162 τῆς
1512 2090 1863 2155 ἀναστάσεως
1895 2090 2059 2143 αὑτοῦ

391 2172 805 2244 διαλεγόμενος.
859 2171 1000 2226 οὕτω
1049 2188 1166 2233 πως
1212 2170 1398 2238 ἔλεγε·
1459 2171 1698 2223 Λύσατε
1747 2170 1854 2221 τὸν
1911 2169 2062 2222 ναὸν

392 2249 636 2314 τοῦτον,
696 2249 794 2302 καὶ
834 2251 905 2303 ἐν
951 2248 1149 2316 τρισὶν
1195 2247 1442 2317 ἡμέραις
1489 2246 1671 2316 ἐγερῶ
1707 2248 1915 2301 αὑτὸν.
1952 2247 2061 2300 Καὶ

389 2329 538 2398 ὅμως
563 2328 664 2381 οὑκ
685 2327 906 2399 ᾔδεισαν
937 2329 985 2380 οί
1018 2326 1256 2397 μαθηταὶ
1290 2326 1351 2379 16
1377 2325 1666 2396 λεγόμενον
1691 2341 1704 2355 ·
1736 2327 1832 2379 καὶ
1857 2327 1937 2381 ὅτι
1960 2326 2060 2378 οὑκ

389 2407 627 2477 ᾔδεισαν,
660 2409 688 2459 6
715 2406 1104 2474 εὑαγγελιστὴς
1140 2406 1560 2474 ἐπεσημήνατο,
1590 2403 1763 2472 λέγων
1782 2420 1796 2434 ·
1828 2404 1966 2457 Ὅτε
1993 2403 2061 2456 δὲ

389 2484 616 2552 ἀνέστη
652 2487 684 2538 ὁ
720 2484 979 2550 Ἰησοῦς,
1011 2485 1142 2536 τότε
1168 2484 1541 2536 ἐπίστευσαν
1560 2480 1639 2547 τῷ
1666 2484 1825 2552 λόγῳ
1848 2481 2055 2545 αὑτοῦ,

392 2562 492 2615 καί
524 2561 599 2629 τῇ
629 2560 858 2630 Γραφῆ.
912 2560 1022 2614 Kal
1060 2560 1220 2614 πάλιν
1268 2559 1499 2629 ἀλλαχοῦ
1518 2578 1531 2591 ·
1573 2558 1727 2613 Οὐδὲ
1762 2560 1871 2627 γὰρ
1902 2559 2059 2629 i768:-

392 2657 515 2694 σαν
531 2680 547 2704 ,
580 2639 667 2692 ὅτι
698 2639 794 2692 δεῖ
816 2638 1003 2692 αὑτὸν
1029 2638 1097 2691 ἐκ
1124 2637 1356 2705 νεκρῶν
1380 2636 1738 2704 ἀναστῆναι.

457 2727 520 2782 δ’.
552 2726 713 2779 Ἀλλά
743 2726 803 2779 τὸ
833 2725 930 2796 μὲν
958 2724 1177 2795 ζήτημα
1214 2723 1402 2794 ἱκανήν
1427 2722 1540 2794 ἔχει
1562 2722 1661 2794 τὴν
1689 2722 1864 2775 λύσιν·
1896 2723 2058 2793 ἡμεῖς

389 2806 446 2859 δὲ
474 2805 567 2858 ἐπὶ
587 2804 648 2857 16
679 2803 998 2873 λειπόμενον
1025 2802 1128 2872 τῆς
1164 2803 1516 2873 προσρήσεως
1536 2813 1561 2841 ι
1599 2800 1760 2872 μέρος
1788 2800 1877 2853 16v
1904 2801 2058 2869 λόγον

390 2883 706 2954 ἀγάγωμεν.
748 2883 814 2935 Τί
854 2880 973 2934 ποτ’
1004 2877 1097 2935 οῦν
1146 2884 1261 2935 ἐστι
1298 2881 1359 2934 τὸ
1406 2880 1728 2951 λεγόμενον,
1769 2879 1864 2933 καὶ
1893 2880 2056 2935 πόθεν

389 2964 471 3024 είς
519 2961 693 3014 ταῦτα
744 2959 1045 3030 ἑξέϐημεν;
1102 2957 1538 3030 Ἐμακαρίζομεν
1578 2958 1675 3030 τὴν
1728 2958 2057 3029 Πρίσκιλλαν

389 3040 486 3093 καὶ
513 3040 606 3094 τὸν
657 3038 887 3093 ’Δκύλαν
909 3076 924 3101 ,
951 3038 1033 3090 ὃτι
1068 3037 1342 3108 συνῴκουν
1365 3037 1442 3109 τῷ
1475 3038 1669 3108 Παύλῳ
1688 3077 1702 3097 ,
1734 3039 1816 3090 ὅτι
1846 3040 1939 3091 καὶ
1966 3040 2058 3093 τὸν

390 3118 591 3187 τρόπον
629 3120 729 3188 τῆς
763 3116 953 3186 στολῆς
975 3156 991 3179 ,
1043 3118 1137 3170 καὶ
1167 3116 1257 3169 16v
1298 3117 1496 3187 τρόπον
1524 3117 1633 3169 τῶν
1663 3116 2053 3187 ὑποδημάτων,

391 3196 485 3249 καὶ
531 3195 599 3250 τά
637 3197 769 3250 ἀλλα
807 3195 1021 3249 ἅπαντα
1067 3195 1206 3265 μετά
1256 3195 1541 3266 ἀκριϐείας
1587 3194 1751 3248 αὑτοῦ
1785 3196 2057 3266 κατεμάνο

389 3273 570 3328 θανον.
632 3272 911 3326 Ἐντεῦθεν
942 3273 1001 3325 16
1027 3271 1247 3344 ζήτημα
1286 3275 1419 3344 ἡμῖν
1446 3273 1638 3344 ἐτέχθη
1680 3272 1858 3327 τοῦτο.
1900 3274 2057 3347 Ἐξη-

388 3351 589 3424 τοῦμεν
622 3352 760 3423 γάρ,
794 3352 940 3415 τινος
975 3350 1182 3416 ἕνεκεν,
1212 3351 1305 3405 τοῦ
1346 3352 1580 3422 Χριστοῦ
1623 3352 2056 3424 ἀπαγορεύοντος

395 3432 560 3502 μηδὲν
584 3429 721 3493 ὅλως
764 3429 940 3500 ἔχειν,
986 3430 1035 3482 εί
1076 3429 1152 3501 μὴ
1187 3429 1346 3499 μόνον
1377 3431 1618 3501 ἱμάτιον,
1649 3430 1932 3498 ἐφαίνοντο
1960 3433 2056 3486 καὶ

391 3508 715 3578 ὑποδήματα
762 3509 856 3560 καὶ
910 3506 1139 3577 φελόνην
1190 3506 1425 3577 ἔχοντες.
1482 3503 1616 3560 Εἶτα
1664 3507 1694 3558 6
1744 3506 1903 3576 λόγος
1947 3511 2056 3564 ἀπο

389 3583 592 3649 ἔδειξεν
608 3626 622 3651 ,
655 3585 736 3636 ὃτι
760 3584 822 3636 οὑ
846 3583 1274 3654 παραϐαίνοντες
1300 3584 1392 3638 τὸν
1414 3584 1599 3654 νόμον,
1634 3583 1771 3637 ἀλλά
1798 3586 1893 3638 καὶ
1930 3587 2055 3655 σφό-

388 3661 490 3731 δρα
537 3659 831 3733 τηροῦντες
880 3659 1091 3723 τούτοις
1138 3659 1396 3731 ἐχρῶντο.
1445 3659 1630 3714 Ταῦτα
1675 3661 1732 3713 δὲ
1767 3662 2055 3733 ἐλέγομεν,

387 3739 489 3791 οὑκ
521 3741 601 3803 είς
649 3737 964 3808 περιουσίαν
1012 3738 1309 3809 χρημάτων
1357 3738 1501 3809 ὑμᾶς
1552 3738 1894 3808 ἀλείφοντες,
1933 3744 2054 3796 οὑδὲ

390 3816 833 3888 παρακαλοῦντες
876 3816 1047 3870 πλείω
1090 3816 1191 3886 τῆς
1222 3816 1410 3887 χρείας
1447 3818 1779 3888 κεκτῆσθαι,
1814 3819 1928 3873 ἀλλ’
1967 3822 2053 3875 ἴνα

389 3895 547 3966 ἔχητε
578 3896 714 3967 πρὸς
763 3896 890 3959 τοὺς
920 3895 1186 3958 ἀπίστους
1210 3894 1508 3963 ἀντιλέγειν
1534 3897 1658 3956 τοὺς
1679 3896 2053 3968 διαχλευάζον-

386 3990 485 4037 τας
506 3973 575 4027 τά
595 3974 855 4045 ἡμέτερα.
885 3973 993 4026 Καὶ
1020 3972 1129 4043 γάρ
1162 3975 1191 4026 6
1217 3973 1452 4042 Χριστὸς
1479 3972 1646 4037 λύσας
1671 3975 1761 4028 τὸν
1788 3978 2052 4050 πρότερον

387 4053 584 4125 νόμον,
609 4053 728 4124 οὑχὶ
764 4054 974 4116 οίκίας,
1001 4052 1121 4106 οὐδὲ
1154 4051 1493 4124 ἀνδράποδα,
1534 4054 1657 4107 οὑδὲ
1692 4054 1898 4119 κλίνας,
1931 4058 2050 4112 οὑδὲ

387 4134 762 4209 ἀργυρώματα
781 4175 795 4196 .
841 4135 960 4188 οὑδὲ
1009 4133 1136 4188 ἄλλο
1179 4151 1232 4187 τι
1279 4134 1514 4188 τοιοῦτον
1568 4136 1718 4189 οὐδὲν
1769 4137 2051 4192 ἐκέλευσεν

389 4213 550 4284 ἔχειν,
581 4214 715 4268 άλλά
735 4213 831 4282 τῆς
857 4213 1103 4283 ἀνάγκης
1119 4212 1455 4283 ἀπηλλάχθαι
1478 4213 1585 4265 τῶν
1617 4214 1878 4286 πρότερον
1902 4218 2052 4287 εἰρη-

392 4293 585 4361 μένων.
618 4291 728 4345 Kal
763 4292 791 4343 6
826 4288 1032 4352 Παῦλος
1062 4289 1117 4342 δὲ
1156 4290 1299 4343 οὕτω
1331 4290 1559 4360 παρῄνει
1597 4289 1801 4358 λέγων·
1839 4294 2050 4362 Ἔχον-

389 4388 487 4438 τες
531 4371 750 4439 τροφὰς
799 4371 893 4423 καί
935 4368 1361 4437 σκεπάσματα.
1404 4370 1637 4436 τούτοις
1681 4370 2050 4441 ἀρκεσθησό-

383 4452 555 4519 μεθα.
602 4449 675 4502 T6
715 4448 825 4519 γὰρ
856 4448 1107 4520 περιττὸν
1133 4447 1229 4517 τῆς
1260 4447 1448 4517 χρείας
1495 4448 1577 4510 εἰς
1607 4448 1732 4511 τοὺς
1762 4448 2048 4520 δεομένους

390 4526 772 4591 ἀναλίσκεσθαι
799 4526 907 4578 δεῖ·
934 4519 1190 4594 καθάπερ
1220 4520 1311 4577 οὖν
1342 4524 1435 4577 καὶ
1464 4519 1607 4578 οὗτοι
1641 4519 1875 4592 ἐποίουν,
1910 4529 2045 4600 Πρί-

391 4604 579 4660 σκιλλα
626 4606 720 4658 καὶ
778 4602 1023 4664 Ἀκύλας.
1061 4602 1258 4673 Διόπερ
1305 4602 1502 4665 αὑτοὺς
1528 4604 1741 4656 ἐπαινεῖ
1782 4605 1876 4658 καὶ
1915 4605 2040 4660 θαυ-

392 4683 582 4754 μάζει,
622 4683 718 4736 καὶ
760 4680 1012 4752 μέγιστον
1053 4679 1232 4732 αὑτῶν
1283 4679 1594 4751 συντίθησιν
1627 4681 1920 4753 ἐγκώμιον.
1959 4686 2049 4739 Εί-

389 4773 507 4826 ﬁt.”
526 4771 656 4840 γὰρ,
701 4765 1083 4822 Ἀσπάσασθε
1114 4762 1491 4828 Πρίσκιλλαν
1514 4762 1613 4815 καί
1647 4761 1901 4819 Ἀκύλαν
1919 4766 2058 4835 τοὺς

390 4849 727 4919 συνεργούς
769 4863 888 4915 μου
923 4844 995 4898 ἐν
1031 4842 1245 4910 Κυρίῳ,
1275 4841 1369 4894 καὶ⁸
1399 4841 1499 4911 τὴν
1534 4841 1712 4893 αἰτίαν
1750 4842 1930 4915 τίθησι
1961 4846 2062 4915 τῆς

393 4928 643 4997 τοιαύτης
682 4926 921 4995 ἀγάπης.
958 4921 1124 4976 Ποίαν
1159 4921 1224 4991 δὴ
1250 4919 1740 4997 ταύτηνςοῖτινες
1772 4923 1924 4991 ὑπὲρ
1950 4925 2062 4992 τῆς

394 4996 609 5078 ψυχῆς·
629 5021 771 5075 μου,
811 5001 965 5072 φησὶ,
998 4999 1106 5053 τὸν
1136 4997 1366 5078 ἑαυτῶν
1397 4996 1704 5078 τρᾴχητίον
1730 4999 2058 5078 ὑπέθηκαν.

394 5075 605 5142 ὸὺκοῦν
627 5084 715 5137 διὰ
745 5080 905 5136 τοῦτο
934 5078 1131 5141 αὑτοὺς
1158 5077 1376 5147 ἀγαπᾷς
1406 5076 1501 5129 καὶ
1531 5075 1726 5147 φιλεῖς,
1761 5077 1891 5142 ἴσως
1916 5078 2059 5137 εἴποι

379 5168 548 5234 τιςδς
580 5166 830 5222 Μάλιστα
862 5164 961 5235 μὲν
984 5159 1077 5217 οῦν
1097 5180 1112 5194 ·
1144 5164 1193 5215 εί
1219 5162 1314 5215 καὶ
1340 5159 1499 5214 τοῦτο
1527 5162 1687 5231 μόνον
1706 5158 1776 5234 ἣν
1796 5205 1811 5228 ,
1842 5164 2046 5235 ἀρκοῦν

387 5249 657 5321 ἐγκώμιον
679 5244 767 5320 ἦν.
818 5247 876 5300 '0
903 5245 1009 5314 γὰρ
1038 5244 1126 5297 τὸν
1151 5243 1452 5315 στρατηγὸν
1486 5242 1694 5310 σώσας,
1725 5246 1851 5310 τοὺς
1879 5264 2043 5320 στρα-

388 5332 586 5395 τιώτας
628 5330 884 5384 διέσωσεν
922 5328 986 5382 ἀν
1005 5344 1019 5358 ·
1063 5328 1091 5380 6
1117 5326 1205 5379 16v
1249 5326 1432 5398 la106v
1460 5326 1775 5395 ἀπαλλάξας
1798 5330 1906 5384 τῶν
1938 5349 2046 5386 κιν.

385 5416 582 5480 δύνων,
631 5414 756 5478 τοὺς
806 5411 1111 5483 κάμνοντας
1158 5410 1239 5473 είς
1262 5408 1448 5478 ὑγείαν
1493 5411 1868 5482 ἐπανήγαγεν·
1897 5416 1927 5468 6
1954 5416 2048 5471 16v

386 5498 723 5569 κυϐερνήτην
763 5494 1073 5567 ἐξαρπάσας
1104 5492 1199 5547 τοῦ
1246 5492 1542 5562 κλύδωνος,
1592 5495 1652 5549 τὸ
1698 5497 1878 5551 πλοῖον
1923 5497 2045 5553 ὅλον

446 5619 477 5651 ⁸
499 5618 580 5667 Sic
601 5616 796 5669 Coislin.
817 5622 968 5667 recte.
996 5614 1049 5666 In
1070 5614 1239 5665 Morel.
1264 5615 1427 5725 nwv
1446 5616 1647 5683 ρἧεως,
1669 5631 1950 5683 perperam.

446 5676 475 5722 ι
496 5679 642 5725 Forte
665 5678 925 5725 legendum
943 5676 1062 5725 ῖσωε
1087 5676 1210 5725 duo:
1226 5694 1296 5725 τις
1383 5711 1398 5725 .

443 5676 475 5722 δ
496 5679 642 5729 Forle
665 5678 925 5741 legendum
943 5676 1062 5733 ῐσως
1087 5676 1210 5725 duo:
1226 5694 1296 5735 τις
1305 5676 1398 5726 ἀν.

1199 266 1254 323 S.
1296 267 1582 327 JOANNIS
1614 270 2105 329 CHRYSOSTOMI
2142 271 2460 334 ARCHIEP.
2498 270 3046 333 CONSTANTINOP.

3747 269 3859 329 20!

2186 375 2296 432 τῶν
2336 377 2595 450 κυμάτων
2645 375 2974 451 ἀπήλλαξεν·
3000 375 3146 433 οὑτω
3195 379 3288 434 xal
3322 380 3372 435 σί
3413 380 3505 436 16v
3533 379 3859 441 διδάσκαλον

2185 463 2283 533 τῆς
2334 462 2656 535 οἰκουμένης
2707 464 3100 528 διασώσαντες,
3133 464 3229 516 καὶ
3275 460 3336 517 16
3375 457 3518 536 αἷμα
3552 466 3614 518 16
3648 464 3857 524 ἑαυτῶν

2184 545 2472 615 ἐκχέαντες
2498 546 2641 616 ὑπὲρ
2672 545 2771 616 τῆς
2800 546 3009 599 ἐκείνου
3040 546 3333 618 σωτηρίας.
3362 545 3532 600 κοινοὶ
3554 543 3654 618 τῆς
3674 551 3858 603 οἰκουο

2186 627 2352 697 μένης
2388 622 2526 699 ἦσαν
2564 626 2848 698 εὐεργέται
2869 668 2886 693 ,
2915 629 2972 680 ἐν
2994 630 3060 699 τῇ
3097 628 3226 697 περὶ
3262 627 3355 681 16v
3374 625 3692 684 διδάσκαλον
3718 649 3854 704 προ-

2182 709 2300 780 νοίᾳ
2350 712 2478 774 τοὺς
2542 710 2791 783 μαθητὰς
2859 709 3105 775 ἃπαντας
3159 708 3545 775 διασώσαντες.
3597 712 3715 768 Ἵνα
3795 715 3851 768 δὲ

2184 794 2361 867 μάθῃς
2381 833 2396 859 ,
2429 797 2510 849 δτι
2536 791 2597 848 οὑ
2631 796 2761 866 περὶ
2790 790 2884 848 16v
2910 793 3227 849 διδάσκαλον
3253 790 3393 865 ἦσαν
3416 793 3644 848 τοιοῦτοι
3671 796 3849 865 μόνον,

2179 876 2314 929 ἀλλὰ
2351 877 2443 929 καὶ
2494 877 2623 948 περὶ
2661 877 2772 929 τῶν
2821 875 3064 944 ἀδελφῶν
3113 877 3213 946 τὴν
3259 876 3429 949 αὑτήν
3474 876 3853 935 ἐπεδείκνυντο

2179 959 2435 1027 πρόνοιαν
2454 999 2469 1023 ,
2498 959 2729 1013 ἄκουσον
2760 958 2868 1011 τῶν
2893 957 3041 1028 ἑξῆς.
3069 956 3253 1011 Εἰπὼν
3278 958 3408 1028 γάρ,
3442 960 3672 1027 Οἵτινες
3700 961 3852 1031 ὑπὲρ

2176 1040 2289 1108 τῆς
2330 1041 2541 1112 ψυχῆς
2576 1060 2696 1111 μου
2745 1042 2855 1095 τὸν
2881 1038 3111 1094 ἑαυτῶν
3155 1039 3465 1109 τράχηλον
3511 1043 3850 1112 ὑπέθηκαν,

2177 1125 2420 1194 ἐπήγαγε
2453 1124 2659 1192 λέγων·
2688 1118 2789 1189 Οἷς
2815 1124 2927 1177 οὐκ
2947 1122 3063 1192 ἐγὼ
3088 1123 3277 1191 μόνος
3303 1124 3663 1193 εὐχαριστῶ,
3684 1127 3852 1182 ἀλλὰ

2175 1207 2271 1260 καί
2305 1205 2496 1261 πᾶσαι
2513 1209 2573 1261 al
2616 1206 2958 1272 Ἑκκλησίαι
2983 1204 3103 1259 τῶν
3131 1204 3345 1260 ἐθνῶν.
3365 1204 3514 1278 [187]
3545 1207 3610 1259 Τί
3631 1207 3849 1276 λέγειςς

2176 1293 2537 1361 σκηνοποιοῖς,
2556 1293 2791 1361 πτωχοῖς
2805 1289 3190 1360 χειροτέχναις,
3212 1288 3364 1343 οὐδὲν
3383 1289 3544 1343 πλέον
3557 1291 3657 1361 τῆς
3679 1293 3851 1360 ἀναγ-

2174 1373 2335 1436 καίας
2366 1371 2546 1444 έχουσι
2586 1373 2820 1444 τροφῆς.
2863 1373 3035 1425 πᾶσαι
3083 1372 3141 1424 αί
3187 1372 3505 1442 Ἐκκλησίαι
3536 1373 3644 1426 τῶν
3678 1374 3850 1428 ἐθνῶν

2173 1455 2585 1526 εὑχαριστοῦσις
2625 1456 2721 1508 καὶ
2750 1455 2803 1508 τί
2846 1453 3099 1508 τοσοῦτον
3127 1454 3176 1506 οἱ
3203 1453 3296 1508 δύο
3330 1446 3479 1509 οῦτοι
3517 1456 3849 1528 Ἑκκλησίας

2171 1539 2439 1601 τοσαύτας
2463 1538 2734 1609 ὠφελῆσαι
2767 1538 3025 1607 Equo-av;
3061 1536 3219 1591 ποίαν
3241 1537 3540 1610 χρημάτων
3572 1536 3720 1609 εἶχον
3742 1555 3846 1591 πε-

2174 1621 2454 1693 ριουσίαν;
2478 1623 2629 1674 ποῖον
2652 1618 2972 1683 δυναστείας
3003 1619 3265 1690 μέγεθος;
3290 1620 3414 1675 τίνα
3445 1620 3595 1691 παρά
3616 1620 3846 1692 ἀρχουσι

2174 1704 2519 1777 παρῤησίανς
2565 1703 2878 1773 Χρημάτων
2910 1702 3011 1772 μὲν
3052 1702 3369 1773 περιουσίαν
3398 1704 3493 1757 καὶ
3524 1703 3846 1757 δυναστείαν

2172 1791 2323 1860 παρά
2358 1791 2470 1851 τοῖς
2502 1786 2795 1857 κρατοῦσιν
2816 1787 2917 1840 οὑκ
2950 1787 3262 1856 ἐκέκτηντο·
3295 1787 3325 1840 6
3355 1786 3413 1840 δὲ
3434 1785 3638 1840 τούτων
3670 1787 3847 1840 ἀπάν-

2169 1889 2278 1925 των
2327 1871 2509 1942 μείζον
2549 1867 2638 1941 ἦν,
2683 1870 2993 1941 προθυμίαν
3033 1869 3288 1938 γενναίαν
3340 1869 3436 1922 καὶ
3485 1868 3663 1940 ψυχὴν
3706 1869 3844 1939 πρὸς

2170 1954 2446 2018 κινδύνους
2470 1952 2957 2024 παρατεταγμένην
2987 1952 3127 2024 μετά
3154 1951 3353 2022 πολλῆς
3390 1951 3489 2022 τῆς
3516 1950 3842 2021 περιουσίας

2169 2034 2333 2107 εἶχον.
2357 2037 2456 2090 Διά
2466 2035 2625 2090 τοῦτο
2650 2034 2859 2088 πολλῶν
2880 2033 3165 2106 εὐεργέται
3188 2034 3433 2102 ἐγένοντο
3454 2033 3551 2086 καὶ
3572 2035 3839 2105 σωτῆρες.

2169 2126 2244 2178 Οὑ
2265 2123 2374 2195 γάρ
2406 2123 2577 2187 οὑτως
2605 2125 2655 2176 οί
2674 2122 3037 2184 πλουτοῦντες
3069 2121 3163 2174 καὶ
3182 2119 3464 2190 ψοφοδεεῖς
3494 2119 3570 2182 ὡς
3595 2120 3643 2171 οἱ
3676 2117 3842 2189 πενία

2169 2211 2440 2276 συζῶντες
2460 2211 2554 2264 καὶ
2588 2208 2954 2280 μεγαλόψυχοι
2991 2208 3091 2272 τὰς
3132 2207 3462 2277 Ἐκκλησίας
3487 2205 3716 2275 ὠφελεῖν
3741 2204 3839 2257 δύο

2167 2300 2336 2352 ναιντ’
2377 2299 2461 2354 ἀν.
2495 2296 2605 2350 Kal
2637 2296 2824 2368 μηδεὶς
2855 2294 3151 2367 παράδοξον
3182 2290 3323 2347 εἶναι
3365 2292 3632 2364 νομιζέτω
3658 2291 3721 2345 16
3744 2290 3838 2365 λε·-

2167 2387 2435 2458 γόμενον·
2482 2384 2679 2455 ἀληθὲς
2730 2383 2839 2455 γάρ
2890 2384 3037 2447 ἐστι,
3087 2381 3184 2436 καὶ
3232 2381 3326 2435 ἀπ’
3355 2379 3536 2435 αὑτῶν
3567 2380 3837 2434 δείκνυται

2166 2474 2276 2527 τῶν
2306 2473 2667 2544 πραγμάτων.
2711 2472 2771 2524 ’0
2809 2471 2905 2538 μὲν
2930 2469 3041 2540 γὰρ
3077 2466 3332 2531 πλούσιος
3364 2466 3564 2532 πολλὰς
3594 2467 3708 2538 ἔχει
3737 2465 3833 2520 τοῦ

2168 2559 2653 2630 παραϐλάπτεσθαι
2678 2558 2777 2622 τὰς
2799 2556 2992 2620 λαϐάς.
3025 2555 3272 2610 Δέδοικεν
3294 2555 3436 2626 ὑπὲρ
3456 2552 3659 2618 οίκίας,
3694 2553 3837 2623 ὑπὲρ

2166 2648 2413 2710 οἰκετῶν,
2447 2646 2585 2719 ὑπὲρ
2616 2645 2821 2717 ἀγρῶν,
2848 2644 2990 2715 ὑπὲρ
3021 2644 3353 2715 χρημάτων,
3387 2642 3461 2714 μή
3487 2657 3571 2705 τις
3593 2640 3753 2694 αὑτόν
3782 2658 3837 2693 τι

2163 2734 2370 2789 τούτων
2398 2733 2691 2805 ἀφέληται.
2731 2731 2838 2785 Kal
2863 2731 2924 2785 16
2950 2729 3164 2784 πολλῶν
3207 2724 3347 2782 εἶναι
3370 2727 3587 2799 κύριον,
3625 2726 3839 2780 πολλῶν

2166 2815 2305 2874 εἶναι
2352 2818 2534 2872 δοῦλον
2576 2819 2740 2872 ποιεῖ.
2803 2817 2864 2870 '0
2916 2816 3100 2886 μέντοι
3140 2813 3343 2886 πένης.
3373 2811 3605 2877 εῦζωνός
3635 2829 3721 2877 τις
3757 2811 3838 2865 ῶν

2165 2909 2261 2961 καλ⁸
2303 2907 2482 2970 πάσας
2527 2904 2733 2969 ταύτας
2778 2903 3111 2974 ἀποθέμενος
3153 2900 3255 2966 τὰς
3299 2899 3503 2966 λαϐάς,
3545 2899 3682 2953 λέων
3716 2900 3840 2953 ἐστὶ

2166 2994 2277 3067 πῦρ
2304 2994 2502 3057 πνέων,
2542 2992 2639 3046 καὶ⁵
2669 2991 2848 3064 ψυχὴν
2876 2991 2990 3062 ἔχει
3022 2989 3310 3059 γενναίαν,
3356 2986 3452 3043 καὶ
3498 2987 3716 3041 πάντων
3750 2984 3840 3053 ἐξ-
3915 2980 3928 2989 ’

2164 3079 2520 3151 ἀνιστάμενος
2549 3078 2747 3150 ῥᾳδίως
2789 3077 3004 3131 ἅπαντα
3048 3074 3279 3144 πράττει
3323 3073 3392 3129 τά
3428 3073 3701 3143 δυνάμενα
3735 3071 3840 3135 τὰς

2177 3167 2501 3239 Ἐκκλησίας
2529 3165 2787 3235 ὠφελεῖν,
2817 3163 2919 3218 κᾶν
2947 3161 3163 3233 ἐλέγξαι
3185 3162 3279 3233 δὲῃ
3302 3201 3317 3226 ,
3343 3159 3446 3214 κᾶν
3479 3159 3836 3230 ἐπιτιμῆσαι,

2165 3254 2269 3307 κᾶν
2314 3252 2514 3325 μυρίας
2554 3250 2643 3306 διά
2678 3251 2768 3304 τὸν
2815 3249 3049 3322 Χριστὸν
3094 3247 3455 3314 ἀναδέξασθαι
3499 3244 3836 3317 ἐπαχθείαςο

2163 3342 2256 3395 καὶ
2307 3341 2496 3413 ἐπειδὴ
2540 3338 2690 3406 ἅπαξ
2741 3339 2841 3410 τῆς
2893 3337 3041 3408 ζωῆς
3079 3336 3328 3409 ὑπερεῖδε
3370 3335 3471 3407 τῆς
3518 3334 3836 3407 παρούσης,

2164 3428 2342 3482 πάντα
2381 3426 2579 3500 ῥᾳδίως
2612 3426 2705 3481 καὶ
2740 3424 2881 3497 μετά
2925 3424 3128 3497 πολλῆς
3155 3425 3303 3477 ποιεῖ
3323 3422 3422 3495 τῆς
3455 3420 3727 3484 εὑκολίας.
3767 3420 3838 3474 Τί

2162 3515 2270 3586 γάρ
2305 3518 2399 3570 καὶ
2425 3514 2694 3579 δέδοικεν,
2736 3514 2856 3567 είπέ
2887 3529 3008 3583 μοις
3043 3510 3136 3583 Μή
3177 3528 3262 3576 τις
3287 3508 3451 3565 αὑτοῦ
3476 3508 3547 3563 τὰ
3575 3509 3839 3580 χρήματα

2161 3603 2464 3673 ἀφέληταις
2519 3599 2660 3654 Ἀλλ’
2703 3599 2805 3653 οὑκ
2835 3598 2952 3653 ἐστι
2999 3597 3157 3651 τοῦτο
3185 3599 3382 3653 εἰπεῖν.
3429 3595 3589 3650 Ἀλλά
3624 3594 3699 3665 μὴ
3731 3594 3836 3664 τῆς

2163 3690 2417 3760 πατρίδος
2456 3686 2695 3759 ἐκπέσης
2761 3685 2923 3739 Ἀλλά
2976 3687 3126 3739 πᾶσα
3172 3687 3206 3755 ή
3260 3685 3352 3738 ὑπ’
3386 3683 3615 3755 οὑρανδν
3674 3683 3837 3745 πόλις

2161 3776 2309 3848 αὑτῷ
2344 3778 2490 3830 ἐστιν
2509 3787 2557 3831 ⁸.
2599 3774 2759 3828 Ἀλλά
2790 3774 2864 3845 μὴ
2889 3773 2985 3841 τῆς
3011 3772 3225 3844 τρυφῆς
3253 3771 3414 3825 αὑτόν
3443 3788 3529 3835 τις
3557 3770 3832 3842 περικόψῃ

2162 3867 2255 3921 καὶ
2296 3866 2394 3936 τῆς
2434 3863 2796 3936 δορυφορίας;
2845 3862 3008 3915 Ἀλλά
3043 3862 3136 3915 καὶ
3167 3860 3382 3923 τούτοις
3413 3859 3585 3913 ἅπασι
3615 3858 3835 3928 χαίρειν

2160 3954 2331 4009 είπὼν
2348 3995 2365 4021 ,
2391 3954 2449 4006 ὲν
2478 3950 2692 4025 οὐρανῷ
2719 3949 3080 4012 πολιτεύεται,
3109 3949 3204 4002 καὶ
3236 3947 3372 4019 πρὸς
3399 3946 3498 4018 τὴν
3529 3946 3834 4014 μέλλουσαν

2159 4042 2440 4110 ἐπείγεται
2484 4038 2651 4109 ζωήν.
2678 4037 2798 4090 Κᾶν
2834 4036 3005 4106 αὑτὴν
3037 4034 3314 4089 ἐπιδοῦναι
3339 4033 3434 4105 δέῃ
3471 4034 3572 4102 τὴν
3611 4032 3831 4103 ψυχὴν.

2158 4130 2253 4183 καὶ
2287 4128 2348 4180 τὸ
2375 4122 2515 4195 αἷμα
2549 4125 2900 4191 είσενεγκεῖν,
2929 4124 2990 4176 οὑ
3031 4123 3448 4194 παραιτήσεται.
3491 4118 3773 4173 Ἐντεῦθεν
3799 4120 3832 4171 ὁ

2156 4216 2395 4277 τοιοῦτος
2437 4213 2532 4265 καὶ
2572 4211 2848 4281 τυράννων
2866 4251 2881 4273 ,
2916 4211 3012 4265 καὶ
3039 4209 3334 4279 βασιλέων,
3359 4209 3452 4263 καὶ
3497 4208 3707 4278 δήμων,
3733 4206 3829 4260 καὶ

2157 4302 2373 4355 πάντων
2418 4300 2535 4353 ἐστὶ
2564 4295 2933 4369 δυνατώτερός
2958 4314 3018 4350 τε
3051 4297 3146 4351 καὶ
3177 4295 3571 4366 εὐπορώτερος.
3596 4294 3706 4347 Kal
3743 4294 3827 4346 ἵνα

2160 4386 2337 4459 μάθῃς
2365 4387 2447 4441 ὅτι
2486 4385 2547 4440 οὑ
2588 4384 2846 4439 κολακεία
2877 4385 2939 4438 16
2981 4385 3295 4455 λεγόμενον,
3337 4382 3452 4435 ἀλλ’
3491 4379 3745 4447 ἀληθῶς,
3777 4380 3826 4432 οἱ

2159 4475 2324 4545 μηδὲν
2356 4473 2680 4545 κεκτημένοι
2700 4513 2714 4534 ,
2750 4467 2895 4526 οῦτοι
2926 4471 3162 4540 μάλιστα
3194 4471 3415 4529 πάντων
3449 4469 3824 4542 ἐλευθεροστο-

2158 4567 2278 4633 μεῖν
2304 4562 2537 4616 δύναιντ’
2562 4562 2656 4623 ἂν,
2693 4559 2850 4613 πόσοι
2886 4558 3129 4612 πλούσιοι
3158 4559 3298 4612 κατὰ
3329 4558 3421 4610 τὸν
3459 4558 3650 4627 καιρὸν
3678 4551 3825 4626 ἦσαν

2167 4648 2437 4721 Ἠρώδους
2483 4648 2637 4700 πόσοι
2685 4646 2977 4711 δυνάσται;
3018 4645 3103 4709 τίς
3164 4644 3443 4715 παρῆλθεν
3489 4644 3570 4707 είς
3618 4643 3822 4712 μέσον;

2153 4737 2234 4799 τίς
2281 4735 2578 4805 ἐπετίμησε
2621 4733 2700 4804 τῷ
2743 4734 3023 4805 τυράννῳ;
3080 4732 3161 4797 τίς
3198 4733 3405 4803 ήμυνεν
3452 4728 3822 4799 ἀδικουμένοις

2151 4827 2261 4886 τοῖς
2315 4822 2404 4876 τοῦ
2462 4819 2595 4874 θεοῦ
2648 4820 2870 4891 νόμοις;
2917 4820 3038 4873 Τῶν
3082 4820 3181 4889 μὲν
3240 4818 3486 4890 εὐπόρων
3534 4815 3739 4878 οὐδείς·
3796 4817 3821 4868 ι

2152 4909 2207 4962 δὲ
2257 4908 2423 4981 πένης
2471 4906 2563 4961 καὶ
2598 4906 2830 4976 πτωχὸς,
2869 4907 2898 4958 6
2934 4906 3011 4978 μὴ
3056 4905 3278 4978 κλίνην,
3334 4908 3470 4976 μήτε
3517 4904 3819 4975 τράπεζαν,

2156 4998 2289 5069 μήτε
2356 4995 2553 5065 στέγην
2603 4993 2762 5065 ἔχων,
2812 4996 2842 5047 ὁ
2875 4994 2974 5065 τῆς
3028 4995 3235 5066 ἐρήμου
3271 4993 3494 5064 πολίτης
3531 4993 3820 5062 Ἰωάννης.

2151 5078 2305 5147 οὗτος
2378 5081 2539 5153 μόνος
2598 5081 2692 5133 καὶ⁵
2746 5079 2958 5152 πρῶτος
3021 5080 3160 5151 μετά
3224 5080 3536 5154 παρρησίας
3602 5080 3820 5149 ἁπάσης

2151 5170 2241 5224 16v
2297 5167 2556 5239 τύραννον
2611 5167 2839 5238 ήλεγχε,
2910 5169 3002 5221 καὶ
3062 5170 3187 5233 τοὺς
3242 5168 3555 5240 μοιχαλίους
3623 5166 3817 5230 ἐξεκά-

2151 5256 2317 5311 λυπτε
2358 5255 2602 5327 γάμους,
2641 5256 2728 5309 καὶ
2780 5256 3062 5328 παρόντων
3128 5256 3525 5333 ἀπάντωνὶκαὶ
3591 5255 3812 5307 ἀκουόν-

2150 5363 2287 5411 των,
2318 5343 2416 5416 τὴν
2452 5342 2919 5407 καταδικάζουσαν
2966 5342 3128 5397 αὑτὸν
3175 5342 3398 5414 ἐξέφερε
3449 5341 3650 5411 ψῆφον.
3706 5337 3818 5393 Kal

2153 5443 2260 5517 πρὸ
2310 5438 2497 5496 τούτου
2554 5440 2611 5493 δὲ
2666 5439 2824 5496 πάλιν
2860 5443 2889 5495 ὀ
2943 5440 3115 5511 μέγας
3160 5440 3381 5505 Ἠλίας,
3427 5440 3524 5511 τῆς
3557 5436 3815 5508 μηλωτῆς

2154 5549 2323 5623 μηδὲν
2364 5545 2700 5620 κεκτημένος
2756 5545 2918 5600 πλέον
2939 5587 2954 5613 ,
3004 5546 3094 5600 16v
3137 5546 3312 5617 ἀσεϐῆ
3363 5547 3458 5600 καὶ
3498 5546 3814 5618 παράνομον

2217 5680 2243 5711 ⁸
2261 5676 2411 5728 Savil.
2432 5677 2485 5727 in
2506 5687 2658 5740 marg.
2681 5673 2803 5725 ἀλλὰ
2826 5674 2934 5739 μίαν
2957 5674 3073 5725 εἶναι
3096 5676 3273 5741 νομίζει
3297 5675 3384 5736 τὴν
3398 5675 3517 5724 ἀνω.
