4110 6198
410 293 511 351 901

408 419 594 461 aurem
641 401 1080 472 eisloquebatnr,
1114 400 1207 455 sed
1246 413 1391 470 sa-pe
1434 400 1487 453 in
1537 397 1660 452 altis
1708 396 1998 461 montibus,

407 505 464 550 et
495 495 548 548 in
579 493 882 565 synagogis.
929 491 1002 546 Ita
1029 498 1087 546 et
1129 489 1218 544 hic
1261 489 1518 559 intellige.
1561 487 1692 542 Nam
1748 488 1887 541 sicut
1932 486 2000 540 ibi

406 585 688 642 audientes
725 591 883 644 tecta.
914 582 1021 636 alio
1064 580 1225 636 modo
1279 580 1664 641 intelleximus.
1694 579 1766 632 ita
1814 585 1866 632 et
1913 575 2002 632 bic

407 694 529 735 cum
553 677 763 748 gladios
791 675 1038 729 audimus
1058 714 1071 738 ,
1102 688 1172 728 ne
1201 681 1446 742 putemus
1472 686 1596 727 eum
1635 669 1862 740 jussisse
1902 669 2000 723 ba-

407 769 519 825 beri
545 766 785 838 gladios,
817 765 911 819 sed
964 779 1061 834 per
1103 763 1310 836 gladios
1361 761 1661 816 insinuasse
1719 761 2001 815 imminere

406 860 650 925 insidias,
675 869 729 914 et
754 851 1033 928 pasSurum
1061 871 1120 913 se
1149 871 1179 909 a
1205 853 1405 911 Judzeis
1434 871 1549 924 qua:
1579 863 1634 908 et
1683 867 1869 922 passus
1895 861 1997 908 est.

407 955 582 1024 Atque
629 951 732 1006 hoc
769 966 834 1005 ex
884 949 1230 1018 sequentibus
1275 944 1612 1000 manifestum
1659 953 1758 998 est.
1783 943 1912 996 Nam
1945 952 2002 996 ιιι

405 1037 538 1099 dixit
581 1041 866 1098 emendum
905 1039 1163 1111 gladium,
1195 1053 1319 1093 mox
1370 1037 1606 1106 adjecit:
1635 1035 1767 1100 Quia
1806 1043 2000 1107 oportet

407 1135 676 1205 adimpleri
724 1149 783 1187 ea
816 1147 932 1204 qua:
969 1132 1032 1185 de
1079 1147 1159 1184 me
1203 1139 1319 1184 sunt
1359 1129 1549 1198 scripta
1572 1126 1722 1195 (Luc.
1748 1127 1838 1180 29..
1863 1128 1995 1196 57),

408 1225 559 1295 Quod
577 1242 691 1280 cum
720 1223 904 1294 iniquis
931 1231 1193 1293 reputatus
1226 1236 1339 1274 sum
1380 1217 1531 1290 (lsai.
1561 1218 1648 1273 55.
1668 1216 1736 1271 12
1761 1219 1800 1286 ).
1832 1216 1998 1270 Disci-

406 1320 542 1389 pulis
568 1327 744 1373 autem
774 1313 1094 1379 dicentibus,
1127 1311 1225 1366 Hic
1239 1320 1355 1366 sunt
1373 1310 1474 1364 duo
1497 1309 1677 1380 gladii,
1707 1319 1886 1364 etnon
1913 1309 1997 1361 in-

406 1409 764 1481 telligentibus
790 1406 840 1462 id
869 1404 1010 1476 quod
1029 1403 1229 1458 dictum
1260 1400 1453 1466 fuerat,
1475 1400 1569 1467 ait,
1593 1398 1734 1454 Satis
1752 1408 1823 1452 est
1841 1397 1992 1468 (Luc.

402 1501 494 1556 ἓξ.
528 1498 638 1570 58).
671 1497 906 1554 Tametsi
950 1510 1056 1550 non
1103 1493 1232 1549 satis
1257 1499 1374 1547 erat
1400 1508 1415 1545 :
1444 1503 1618 1561 neque
1657 1488 1801 1543 enim
1831 1486 1996 1542 suffe-

403 1597 604 1650 cissent
621 1591 703 1648 vel
726 1590 854 1653 duo,
869 1587 953 1643 vel
978 1595 1105 1652 tres,
1129 1585 1212 1640 vel
1235 1595 1470 1647 centum,
1485 1582 1530 1636 si
1553 1580 1785 1635 humano
1799 1578 1996 1634 auxilio

405 1701 500 1740 eos
527 1685 603 1740 uti
635 1682 930 1745 voluisset;
962 1677 1104 1750 quod
1134 1678 1178 1730 si
1209 1675 1378 1731 noluit
1403 1687 1500 1729 eos
1541 1672 1774 1728 humano
1805 1670 1996 1741 przesi-

406 1775 496 1830 dio
523 1775 596 1830 uti
623 1814 638 1838 ,
668 1781 790 1828 sunt
818 1770 999 1841 utique
1024 1777 1081 1823 et
1109 1767 1163 1822 hi
1192 1766 1300 1822 duo
1327 1763 1606 1836 superilui.
1637 1757 1868 1818 Prainde
1910 1761 1997 1815 hic

407 1868 632 1938 aenigma
677 1879 781 1920 non
807 1860 1088 1932 exposuit;
1121 1858 1172 1914 id
1200 1856 1342 1928 quod
1384 1871 1530 1927 szepe
1579 1854 1754 1909 facere
1801 1853 1996 1923 depre-

407 1957 694 2021 henditur,
732 1963 787 2008 nt
818 1952 1028 2024 quoties
1078 1949 1222 2004 dicta
1269 1948 1448 2001 minus
1491 1944 1795 2014 intelligunt
1838 1942 1998 1998 disci-

407 2049 538 2120 puli,
567 2045 779 2102 eventui
832 2056 1009 2098 rerum
1049 2040 1311 2095 dictorum
1351 2035 1762 2106 intelligentiam
1809 2033 1996 2102 expla-

407 2138 634 2194 nandam
679 2125 986 2204 relinquens
1009 2173 1025 2199 ,
1055 2137 1355 2200 praetereat.
1386 2127 1461 2182 Ita
1491 2135 1545 2181 et
1579 2124 1706 2204 alibi
1735 2122 1880 2180 facit.
1920 2123 1998 2177 De

407 2229 798 2286 resurrectione
845 2225 987 2280 enim
1044 2222 1346 2286 disserens,
1391 2219 1468 2274 sic
1517 2185 1772 2273 dicebgt:
1806 2216 1999 2271 Solvite

404 2322 650 2394 templum
677 2321 771 2373 hoc
790 2359 805 2384 ,
832 2326 878 2371 et
907 2317 960 2370 in
1005 2314 1165 2368 tribus
1206 2313 1382 2366 diebus
1407 2311 1633 2364 excitabo
1659 2309 1790 2364 illud
1812 2306 1992 2382 (Joan.

403 2415 458 2469 2.
492 2413 584 2482 l9)
614 2430 628 2465 :
661 2421 714 2466 et
764 2423 872 2463 non
902 2405 1270 2475 intelligebant
1297 2401 1544 2472 discipuli
1587 2400 1712 2471 quid
1759 2400 1994 2466 diceret,

401 2511 545 2564 sicut
583 2515 636 2562 et
684 2501 1008 2574 evangelista
1051 2505 1298 2563 testatur,
1326 2495 1511 2550 dicens
1539 2511 1553 2548 :
1585 2491 1804 2558 Quando
1831 2502 1998 2546 autem

402 2599 676 2657 resurrexit
707 2597 882 2661 Iesus,
909 2593 1227 2648 crediderunt
1280 2587 1423 2644 verba
1461 2587 1590 2658 ejus,
1634 2593 1680 2641 et
1710 2583 1999 2652 Scriptum

403 2691 511 2762 (Ib.
539 2705 589 2743 υ.
617 2687 735 2759 22).
769 2686 836 2740 Ει
861 2685 1052 2739 iterum
1094 2681 1220 2734 alibi
1252 2696 1266 2732 :
1305 2678 1550 2732 Nondum
1590 2677 1723 2731 enim
1751 2675 1992 2742 sciebant,

402 2783 538 2856 quod
561 2779 817 2853 oportebat
845 2778 1010 2848 ipsum
1031 2791 1060 2828 e
1077 2773 1288 2828 mortuis
1313 2787 1571 2850 resurgere
1593 2768 1771 2843 (Joan.
1795 2769 1884 2824 20.
1916 2767 1994 2840 9).

474 2877 527 2930 4.
557 2873 663 2929 Sed
683 2870 907 2941 qtuestio
922 2867 1052 2923 satis
1067 2866 1242 2922 soluta
1258 2872 1358 2921 est.
1377 2863 1485 2919 Nos
1499 2877 1640 2918 nunc
1653 2862 1719 2918 ad
1737 2863 1995 2932 reliquam

403 2964 739 3022 salutationis
786 2970 990 3034 partem
1035 2971 1342 3014 sermonem
1386 2955 1686 3011 ﬂectamus.
1730 2953 1996 3022 Quidnam

403 3075 534 3131 ergo
575 3065 658 3112 est
693 3097 709 3123 ,
739 3053 879 3126 quod
927 3051 1128 3108 dictum
1153 3057 1237 3106 est
1260 3091 1277 3116 ,
1323 3056 1378 3104 et
1427 3047 1567 3103 unde
1597 3047 1736 3102 istuc
1771 3046 1999 3118 digressi

403 3150 631 3208 sumus?
657 3147 953 3204 Priscillam
995 3153 1048 3200 et
1075 3142 1320 3214 Aquilam
1350 3141 1536 3197 beatos
1561 3139 1792 3194 diximus
1809 3180 1825 3206 ,
1855 3137 1998 3209 (ιιιρά

403 3261 527 3302 eum
557 3242 723 3300 Paulo
748 3240 1088 3302 habitarent,
1119 3235 1403 3305 diligenter
1429 3232 1766 3287 addiscentes
1793 3244 1998 3285 morem

403 3339 616 3397 habitus
639 3344 694 3392 et
718 3334 1221 3392 calceamentorum,
1254 3337 1412 3397 atque
1434 3324 1613 3381 omnia
1641 3339 1762 3394 qua:
1783 3323 1995 3393 agebat.

405 3430 540 3486 Hinc
581 3427 734 3483 nobis
780 3434 933 3481 enata
981 3429 1066 3477 est
1095 3419 1321 3490 quazstio
1353 3437 1366 3472 :
1399 3417 1550 3485 cujus
1593 3415 1760 3486 gratia
1788 3413 2000 3469 Christo

404 3520 721 3592 prohibente
748 3513 950 3585 aliquid
985 3519 1181 3582 praeter
1209 3524 1368 3563 unam
1413 3515 1612 3562 vestem
1639 3504 1824 3559 ltaberi
1851 3546 1869 3570 ,
1898 3504 1998 3559 visi

403 3621 531 3668 sunt
580 3610 634 3665 bi
691 3608 890 3663 habere
934 3601 1170 3660 sandalia
1217 3610 1272 3656 et
1311 3597 1609 3670 penulam?
1641 3597 1708 3651 Et
1752 3610 2002 3652 sermone

402 3705 827 3760 demonstratum
854 3705 937 3752 est
963 3737 978 3761 ,
1007 3693 1282 3764 apostolos
1327 3691 1410 3746 his
1440 3689 1639 3744 utendo
1679 3689 1850 3759 legem
1891 3702 1998 3742 non

405 3806 768 3865 transgressos
813 3804 933 3845 esse
958 3830 973 3855 ,
1019 3786 1114 3843 sed
1145 3786 1428 3854 diligenter
1489 3783 1825 3836 observasse.
1879 3781 2002 3835 Ilaec

402 3894 582 3942 autem
604 3882 930 3944 dicebamus,
962 3893 1068 3933 non
1095 3887 1152 3930 ut
1173 3889 1270 3930 vos
1293 3873 1358 3926 ad
1379 3871 1768 3927 coacervandas
1791 3870 2002 3925 divitias

404 3977 813 4032 exhortarcmur
834 4013 848 4035 ,
881 3979 930 4024 et
964 3957 1380 4040 provocarentus
1412 3973 1468 4016 nt
1488 3963 1604 4032 plus
1630 3978 1787 4031 quam
1817 3976 2005 4015 ncces-

405 4071 538 4125 sitas
561 4066 808 4138 postulat,
830 4060 1166 4133 possideatis,
1191 4059 1283 4114 sed
1303 4059 1352 4112 in
1382 4066 1628 4128 promptu
1659 4057 1765 4111 sint
1785 4072 1902 4125 qum
1919 4056 1996 4110 in-

409 4161 660 4218 fidelibus
741 4168 922 4213 nostra
978 4153 1273 4210 ridentibus
1338 4149 1730 4222 respondeatis.
1788 4146 2002 4204 Etenim

406 4256 650 4312 Christus
691 4252 1020 4322 superiorem
1052 4249 1219 4317 legem
1267 4244 1518 4307 solvens,
1571 4257 1674 4296 non
1701 4240 1860 4310 jussit
1907 4229 2003 4294 nos

409 4348 609 4402 habere
634 4344 844 4408 domos,
869 4353 1074 4401 servos,
1096 4338 1284 4397 lectos.
1309 4349 1430 4389 vasa
1454 4341 1724 4404 argentea,
1753 4331 1830 4385 vel
1851 4330 2005 4400 quid-

409 4439 551 4510 piam
601 4437 789 4491 horum
820 4452 833 4488 ε
861 4432 954 4488 sed
1002 4445 1098 4485 nos
1123 4445 1152 4483 a
1185 4430 1327 4520 prius
1373 4426 1636 4482 dictorum
1687 4423 2004 4478 necessitate

411 4532 609 4586 liberos
637 4543 758 4584 esse
787 4525 969 4581 voluit.
1001 4521 1153 4578 Unde
1189 4515 1251 4575 et
1295 4518 1488 4573 Paulus
1529 4517 1606 4571 sic
1641 4515 2000 4579 admonebat,

409 4622 638 4676 dicens:
672 4617 926 4671 Habentes
969 4615 1155 4668 rictum
1199 4621 1245 4664 et
1291 4618 1596 4680 tegumenta,
1653 4607 1731 4660 Itis
1787 4607 2005 4660 contenti

411 4727 586 4766 sumus
607 4709 626 4775 (
651 4710 702 4766 l.
725 4708 856 4762 Tim.
873 4707 924 4762 6.
947 4709 980 4761 8
1005 4705 1047 4775 ).
1066 4702 1431 4759 Tribuendum
1450 4699 1590 4754 enim
1620 4699 1897 4769 egentibus
1915 4738 1932 4764 ,
1959 4699 2002 4751 si

410 4803 538 4874 quid
563 4801 683 4856 usui
709 4810 892 4855 nostro
919 4803 1194 4866 superest:
1219 4794 1270 4848 id
1295 4791 1435 4862 quod
1467 4790 1701 4845 Priscilla
1733 4798 1788 4842 ct
1816 4789 2005 4858 Aquila

415 4908 669 4966 perquam
698 4891 938 4948 studiose
982 4888 1264 4943 faciebant.
1295 4885 1362 4938 Et
1388 4882 1587 4938 idcirco
1613 4895 1707 4936 eos
1750 4879 1927 4934 laudat
1952 4888 2008 4934 ct

411 4987 708 5043 admiratur
735 4983 1029 5056 apostolus,
1062 4980 1270 5048 insigne
1301 4977 1515 5032 illorum
1548 4973 1877 5044 praeconium
1906 4988 2004 5042 ap-

415 5090 641 5146 ponens.
667 5073 802 5130 Nam
829 5082 889 5128 ttt
913 5073 1047 5126 dixit
1067 5112 1081 5133 ,
1115 5068 1350 5124 Salutate
1374 5065 1669 5122 Priscillam
1694 5075 1741 5119 et
1768 5065 2008 5136 Aquilam

412 5170 734 5241 cooperarios
778 5184 913 5222 meos
954 5166 1008 5219 in
1051 5162 1272 5218 Domino
1313 5160 1509 5231 (Rom.
1560 5159 1646 5213 l6.
1694 5157 1803 5228 ὃ),
1844 5158 2006 5212 etiam

412 5277 630 5318 causam
669 5260 816 5332 ponit
854 5265 1012 5313 tantm
1039 5254 1298 5310 caritatis.
1329 5250 1590 5318 Qualem?
1620 5248 1719 5314 Qui
1755 5265 1845 5318 pro
1872 5263 2000 5312 nica,

417 5358 530 5420 ait,
562 5356 734 5410 anima
789 5352 1028 5407 ceruicem
1077 5364 1220 5404 suam
1259 5360 1568 5417 supposuere
1613 5344 1632 5414 (
1661 5343 1798 5396 Ibid.
1829 5358 1878 5396 υ.
1905 5341 1939 5395 4
1961 5340 2004 5410 ).

424 5448 604 5518 Igitur,
635 5447 778 5500 dicet
807 5443 1032 5498 fortasse
1055 5441 1247 5510 aliquis
1267 5480 1281 5504 ,
1311 5436 1410 5491 hac
1435 5435 1502 5490 de
1527 5449 1686 5489 eausa
1715 5447 1809 5488 eos
1835 5432 2008 5503 diligis

417 5549 472 5592 et
499 5551 648 5590 amas
676 5533 700 5587 τ
729 5533 956 5589 Maxime
983 5549 995 5584 :
1038 5531 1160 5600 quia
1195 5529 1310 5583 etsi
1346 5528 1394 5580 id
1439 5542 1598 5580 unum
1630 5525 1894 5595 egissent,
1925 5523 2007 5578 vel

419 5627 544 5680 hinc
572 5623 726 5678 laude
753 5623 896 5693 digni
927 5631 1097 5676 erant.
1122 5618 1220 5686 Qui
1243 5618 1382 5672 enim
1405 5617 1594 5670 ducem
1621 5613 1887 5669 exercitus
1906 5614 2010 5667 sal-

418 5731 545 5772 vum
574 5715 695 5771 fecit
717 5759 730 5782 ,
757 5725 812 5771 et
839 5714 1034 5769 milites
1061 5711 1184 5766 fecit
1215 5708 1394 5763 salvos
1423 5708 1550 5780 :qui
1581 5706 1845 5763 medicum
1873 5705 2004 5761 libe-

1157 289 1224 346 ΙΝ
1266 286 1490 356 ILLUD,
1529 284 1896 344 SALUTATE
1937 280 2341 350 PBISCILLAM
2382 290 2470 349 ET
2511 292 2843 362 AQUILAM.
2887 295 2950 353 ll.

3586 305 3694 358 202

2122 400 2260 453 ravit
2285 402 2558 471 periculis,
2590 413 2646 461 et
2672 405 2960 463 liberantes
2987 407 3186 465 morbis
3215 410 3281 466 ad
3306 413 3585 470 sanitatem
3616 434 3699 472 re-

2107 488 2290 545 duxit:
2308 492 2395 562 qui
2417 495 2823 564 gubernatorem
2841 496 3088 553 ﬂuctibus
3103 501 3317 570 eripuit,
3333 518 3518 558 navem
3538 515 3699 562 totum

2107 594 2170 633 ex
2201 583 2356 637 undis
2381 584 2622 641 liberavit
2641 604 2656 641 :
2674 589 2752 643 sic
2776 590 2958 660 utique
2978 591 3066 661 qui
3097 593 3406 664 magistrum
3434 597 3577 651 orbis
3600 599 3700 655 salo

2108 679 2315 735 varunt,
2338 683 2387 727 et
2419 690 2513 744 pro
2530 675 2671 730 illius
2687 677 2856 733 salute
2872 681 3184 751 sanguinem
3209 699 3361 739 suum
3376 685 3696 754 ell'udcrunt.

2106 761 2252 816 orbis
2276 777 2488 834 quoque
2519 767 2682 822 totius
2708 767 2923 824 fuerunt
2969 771 3367 840 benefactores,
3399 787 3582 846 utpote
3607 780 3698 850 qtti

2109 864 2206 905 sua
2247 867 2372 922 erga
2423 867 2804 927 praeceptorem
2838 862 3166 930 providentia
3194 864 3484 936 discipulos
3510 885 3696 926 onines

2105 945 2451 998 servaverint.
2482 945 2548 1000 Ut
2567 956 2745 1003 autem
2772 949 2966 1018 discas,
2998 967 3092 1008 eos
3114 969 3218 1009 non
3240 956 3410 1010 solum
3433 973 3555 1027 erga
3581 975 3696 1013 ma-

2103 1031 2325 1099 gistrum
2364 1034 2496 1089 tales
2526 1034 2687 1092 fuisse
2709 1079 2725 1104 ,
2753 1039 2847 1094 sed
2879 1049 2932 1094 et
2961 1041 3213 1098 fratribus
3239 1046 3480 1101 eamdem
3511 1063 3694 1105 curam

2109 1121 2437 1192 impendisse
2463 1168 2477 1192 ,
2507 1129 2628 1182 audi
2650 1131 2949 1200 sequentia.
2974 1132 3104 1188 Nam
3135 1149 3256 1191 cum
3286 1136 3506 1194 dixisset
3531 1180 3546 1202 .
3585 1141 3690 1194 Pro

2101 1217 2272 1268 anima
2305 1235 2414 1271 mea
2465 1221 2707 1276 ceruicem
2761 1236 3174 1294 supposuerunt,
3219 1227 3458 1298 adjecit:
3505 1231 3697 1298 Quibus

2103 1322 2201 1358 non
2229 1324 2320 1378 ego
2347 1309 2485 1366 solus
2508 1314 2697 1382 gratias
2723 1331 2822 1385 ago
2846 1357 2860 1380 ,
2891 1317 2982 1370 sed
3009 1327 3055 1370 et
3097 1334 3270 1374 omnes
3296 1318 3539 1376 Ecclesia
3575 1334 3696 1394 gen-

2102 1400 2246 1455 tium.
2292 1403 2425 1471 Quid
2471 1407 2590 1461 ais?
2631 1407 3005 1464 Tcntoriornm
3050 1412 3331 1480 epiticibus
3365 1454 3381 1478 ,
3445 1417 3694 1485 pauperi-

2103 1491 2203 1547 bus
2224 1534 2239 1560 ,
2271 1496 2596 1564 artificibus,
2627 1501 2817 1570 quibus
2848 1501 2975 1556 nihil
3008 1515 3200 1573 prmter
3227 1506 3422 1561 victum
3450 1523 3698 1564 necessa-

2104 1583 2242 1639 rium
2294 1589 2634 1659 suppetebat,
2681 1607 2870 1647 omnes
2916 1593 3171 1650 Ecclesia:
3215 1597 3452 1667 gentium
3498 1600 3698 1666 gratias

2101 1677 2308 1745 agunt?
2357 1677 2425 1732 Et
2453 1679 2578 1748 quid
2625 1689 2824 1735 tantum
2865 1681 2973 1736 duo
3003 1682 3074 1737 illi
3119 1683 3375 1751 prodesse
3414 1695 3699 1757 potuerunt

2104 1777 2181 1823 tot
2210 1768 2503 1823 Ecclesiis?
2532 1785 2636 1839 qua
2685 1785 2846 1840 epam
2889 1772 3252 1841 abundantia,
3299 1791 3400 1845 qua
3449 1779 3697 1845 potentia:

2103 1858 2489 1927 magnitudine,
2522 1874 2628 1928 quo
2659 1859 2800 1930 apud
2834 1861 3107 1932 principes
3134 1860 3322 1918 favore
3348 1865 3701 1921 claruerunt?

2103 1948 2272 2016 Opnm
2299 1947 2512 2019 quidem
2540 1949 2886 2017 abundantia,
2919 1960 2973 2006 ct
2997 1953 3255 2022 potentia,
3285 1963 3337 2008 et
3362 1955 3529 2025 gratia
3557 1957 3699 2026 apud

2104 2040 2426 2108 imperantes
2449 2040 2576 2094 nihil
2602 2041 2901 2108 valuerunt,
2936 2043 3028 2097 sed
3061 2054 3173 2098 erat
3218 2045 3316 2110 eis,
3345 2045 3432 2115 qni
3453 2047 3701 2102 omnibus

2104 2132 2274 2200 major
2321 2140 2403 2186 est
2431 2174 2445 2199 ,
2477 2133 2688 2188 animus
2714 2135 2777 2188 ad
2807 2134 3038 2203 pericula
3079 2135 3366 2192 admodum
3400 2149 3695 2208 promptus.

2105 2223 2237 2278 llioc
2274 2233 2354 2278 cst
2386 2225 2526 2294 quod
2557 2223 2624 2279 dc
2653 2227 2834 2281 multis
2861 2227 2996 2282 bene
3022 2239 3328 2282 meruerunt
3352 2269 3368 2294 ,
3400 2229 3700 2299 multosque

2103 2323 2405 2370 servarunt.
2437 2315 2623 2386 Neque
2647 2317 2790 2370 enim
2824 2317 3074 2372 Ecclesiis
3100 2326 3206 2372 tam
3238 2317 3492 2388 prodesse
3522 2319 3700 2376 valent

2102 2406 2294 2461 divites
2320 2405 2392 2461 illi
2427 2405 2607 2461 fastosi
2628 2446 2644 2472 ,
2677 2416 2734 2461 ut
2762 2421 3021 2476 pauperes
3050 2408 3390 2479 magnanimi.
3419 2408 3588 2464 Nemo
3612 2410 3696 2464 di-

2102 2506 2244 2552 ctum
2274 2497 2373 2553 hoc
2405 2499 2626 2552 miretur
2652 2515 2666 2552 :
2696 2513 2880 2552 verum
2911 2499 3054 2553 enim
3093 2508 3177 2554 est
3202 2540 3217 2565 ,
3247 2500 3392 2570 quod
3421 2500 3648 2556 dicimus
3670 2543 3688 2566 ,

2103 2589 2261 2662 idque
2291 2591 2452 2648 rebus
2483 2588 2612 2662 ipsis
2640 2589 3018 2662 comprobatur
3046 2612 3059 2648 :
3091 2607 3211 2649 nam
3239 2595 3418 2651 multa:
3446 2603 3571 2652 sunt
3613 2595 3696 2649 di-

2103 2686 2224 2740 vitis
2261 2686 2519 2741 molestia:
2549 2693 2603 2740 et
2630 2686 2888 2756 pericula.
2927 2686 3103 2742 Timet
3135 2703 3230 2759 pro
3260 2688 3452 2756 domo,
3489 2706 3583 2760 pro
3615 2692 3696 2746 fat-

2103 2779 2262 2834 mulis
2286 2819 2300 2844 ,
2330 2794 2426 2849 pro
2454 2779 2594 2849 agris
2618 2818 2633 2841 ,
2681 2794 2776 2848 pro
2807 2780 2998 2850 Opibus
3020 2821 3036 2846 ,
3065 2796 3132 2836 ne
3172 2782 3292 2852 quis
3320 2783 3516 2854 aliquid
3543 2800 3606 2840 cx
3636 2786 3700 2842 iis

2103 2870 2331 2926 auferat.
2361 2870 2427 2923 Et
2453 2870 2541 2940 qui
2583 2870 2872 2924 multorum
2903 2881 2985 2925 est
3013 2869 3293 2938 dominus,
3324 2873 3462 2930 idem
3507 2877 3702 2930 multo-

2104 2975 2220 3013 rum
2246 2973 2434 3014 servus
2462 2975 2582 3015 esse
2604 2961 2829 3031 cogitur.
2859 2960 3067 3032 Pauper
3095 2971 3272 3017 autem
3297 2964 3380 3020 his
3399 2967 3699 3036 expeditus,

2104 3059 2158 3105 et
2185 3050 2326 3104 curis
2355 3051 2606 3105 omnibus
2633 3065 2844 3115 carens,
2877 3051 2960 3107 leo
2986 3061 3090 3118 est,
3116 3053 3289 3124 ignem
3323 3056 3509 3126 spirat,
3538 3073 3704 3128 gene-

2106 3158 2228 3196 reso
2250 3150 2305 3197 et
2325 3141 2446 3197 forti
2472 3152 2554 3199 est
2576 3143 2777 3210 animo,
2799 3143 2868 3199 de
2887 3145 3135 3200 omnibus
3154 3161 3272 3202 sese
3292 3149 3525 3218 expedit,
3549 3151 3702 3208 facile

2104 3227 2283 3289 omnia
2308 3233 2439 3304 agit,
2470 3234 2864 3304 quae‘prodesse
2886 3244 3108 3304 possunt
3137 3236 3407 3304 Ecclesiis,
3437 3240 3548 3295 sive
3568 3256 3701 3312 opus

2104 3327 2174 3382 sit
2194 3336 2250 3381 ιιι
2274 3335 2561 3398 arguantur
2589 3327 2772 3396 aliqui,
2804 3328 2919 3382 sive
2949 3333 3005 3380 ιιι
3032 3326 3376 3398 increpentur
3395 3369 3413 3396 ,
3443 3330 3557 3386 sive
3581 3347 3703 3387 sex-

2105 3430 2260 3501 centa
2290 3431 2505 3492 propter
2524 3421 2793 3477 Christum
2815 3435 2974 3492 opera
3003 3420 3275 3477 subeunda
3303 3422 3409 3476 sint
3441 3441 3455 3478 :
3481 3439 3544 3479 ac
3569 3440 3704 3495 quo.

2106 3513 2249 3566 niam
2275 3512 2441 3566 semel
2469 3513 2630 3566 vitam
2659 3511 2899 3581 deSpexit
2929 3520 3246 3582 praesentem
3267 3555 3284 3581 ,
3313 3528 3503 3584 magna
3524 3512 3701 3570 facili-

2109 3612 2218 3659 tate
2241 3603 2456 3658 coniicit
2480 3604 2679 3659 omnia.
2712 3601 2848 3670 Quid
2875 3603 3018 3658 enim
3050 3602 3283 3668 timeret,
3307 3602 3413 3670 dic,
3446 3605 3704 3661 obsecro?

2107 3694 2241 3749 Num
2271 3711 2338 3750 ne.
2362 3711 2493 3766 opes
2519 3695 2636 3765 ejus
2673 3694 3026 3750 auferantur?
3066 3693 3178 3748 lloc
3207 3709 3365 3750 nemo
3394 3694 3573 3752 dicere
3612 3712 3707 3768 po-

2109 3789 2251 3845 terit.
2282 3787 2418 3843 Num
2455 3803 2523 3844 ne
2554 3788 2784 3858 pellatur
2809 3802 2841 3842 e
2873 3786 3081 3857 patria?
3109 3787 3216 3843 Sed
3245 3790 3518 3845 universus
3561 3791 3708 3846 orbis

2109 3888 2369 3934 terrarum
2395 3879 2442 3933 ei
2487 3878 2676 3932 civitas
2704 3887 2788 3932 est
2816 3877 3030 3932 “tNum
3076 3893 3146 3933 ne
3185 3880 3306 3948 quis
3345 3879 3624 3935 imminuat
3652 3881 3704 3935 ei

2109 3969 2332 4024 delicias
2365 3977 2418 4023 et
2447 3968 2794 4023 satellitium?
2822 3967 2927 4022 Sed
2955 3969 3038 4022 his
3072 3969 3322 4024 omnibus
3345 3970 3522 4025 valere
3541 3970 3707 4040 jussis

2110 4059 2160 4112 in
2197 4057 2331 4112 ca‘lo
2380 4055 2621 4123 habitat,
2666 4066 2720 4112 et
2748 4056 2814 4110 ad
2857 4056 3084 4110 futuram
3119 4055 3334 4113 festinat
3380 4059 3563 4113 vitam.
3590 4059 3704 4114 Non

2109 4149 2483 4217 deprecahitnr
2511 4147 2662 4214 item,
2696 4146 2740 4202 si
2771 4147 2946 4201 anima
2989 4147 3100 4217 ipsa
3133 4148 3389 4204 tradenda
3417 4151 3506 4216 sit,
3539 4159 3593 4204 et
3619 4150 3702 4205 ef-

2111 4239 2406 4294 fundendus
2426 4237 2660 4310 smgnis.
2687 4238 2818 4293 llinc
2839 4245 2941 4306 est,
2969 4239 3109 4309 quod
3131 4240 3249 4294 talis
3275 4240 3434 4295 etiam
3457 4250 3510 4297 et
3525 4253 3706 4312 tyran-

2113 4334 2193 4385 nis
2216 4373 2231 4397 ,
2259 4338 2312 4385 ct
2338 4329 2582 4399 regibus,
2610 4338 2662 4383 et
2695 4328 2900 4398 populis
2925 4369 2939 4393 ,
2972 4338 3026 4383 et
3052 4328 3301 4384 omnibus
3329 4338 3598 4400 potentior
3626 4342 3707 4386 est

2110 4440 2172 4480 ac
2201 4423 2379 4479 ditior.
2413 4420 2477 4476 Et
2505 4429 2558 4473 ut
2584 4419 2780 4484 discis,
2803 4418 2942 4488 quod
2973 4434 3096 4473 vere
3119 4417 3252 4483 lucc,
3276 4429 3330 4473 et
3356 4435 3462 4475 non
3484 4420 3708 4475 adulan-

2113 4527 2193 4572 ter
2222 4515 2327 4570 sint
2351 4512 2512 4576 dicta,
2543 4519 2597 4566 et
2625 4509 2764 4580 quod
2789 4509 2876 4595 qui
2905 4508 3034 4562 nihil
3067 4508 3358 4578 possident,
3385 4509 3437 4565 bi
3468 4512 3706 4567 omnium

2111 4607 2368 4662 liberrimi
2389 4605 2494 4657 sint
2521 4603 2586 4656 ad
2617 4599 2938 4671 loquendum
2972 4618 2985 4654 :
3017 4611 3146 4670 quot
3171 4599 3362 4656 divites
3391 4612 3542 4658 erant
3571 4613 3706 4658 tem-

2113 4714 2242 4772 pore
2271 4694 2514 4761 Herodis,
2537 4704 2667 4764 quot
2696 4693 2988 4763 potentes?
3014 4702 3069 4748 et
3095 4693 3213 4762 quis
3241 4693 3293 4748 in
3323 4693 3556 4749 medium
3583 4709 3708 4765 pro-

2113 4787 2299 4859 rupit?
2345 4785 2465 4856 quis
2524 4793 2806 4855 tyrannum
2859 4780 3345 4854 increpavitiquis
3370 4794 3705 4856 contemptus

2112 4883 2258 4953 leges
2288 4880 2376 4934 Dei
2407 4877 2547 4933 ultus
2573 4886 2656 4932 est
2679 4875 2704 4928 τ
2727 4875 2957 4929 Divitum
2985 4875 3200 4945 quidem
3229 4876 3428 4943 nullus,
3460 4877 3553 4933 sed
3583 4892 3711 4947 pan-

2113 4988 2209 5043 per
2235 4972 2326 5026 ille
2355 4981 2408 5024 et
2433 4983 2609 5040 inops,
2639 4970 2729 5038 qui
2760 4982 2930 5036 neque
2959 4967 3152 5021 lectum
3177 5008 3194 5034 ,
3223 4981 3395 5038 amne
3432 4983 3672 5024 mensam
3691 5010 3707 5028 .

2115 5079 2288 5133 neque
2316 5071 2516 5116 tectum
2547 5059 2779 5114 habebat
2809 5075 2822 5112 :
2853 5058 2940 5113 ille
2964 5098 2979 5122 ,
3013 5059 3231 5127 inquant
3249 5099 3264 5124 ,
3297 5057 3596 5113 solitudinis
3625 5059 3708 5111 in-

2114 5153 2352 5224 quilinns
2381 5150 2617 5206 Joannes
2639 5190 2653 5215 ,
2687 5149 2776 5204 ille
2814 5148 2962 5202 solus
2987 5157 3042 5203 et
3069 5147 3270 5218 primus
3295 5148 3440 5204 omni
3471 5147 3711 5205 libertate

2116 5254 2398 5316 tyrannum
2436 5241 2640 5312 arguit,
2687 5248 2742 5295 et
2783 5239 3116 5294 adulterinas
3151 5238 3362 5308 nuptias
3387 5237 3627 5304 detexit,
3659 5249 3712 5294 et

2116 5336 2467 5410 praesentibus
2494 5333 2745 5390 omnibus
2771 5346 2834 5387 ac
2860 5330 3205 5386 audientibus
3225 5328 3564 5399 pronuntiata
3593 5343 3715 5384 sen-

2118 5430 2278 5486 tentia
2295 5442 2418 5483 eum
2435 5423 2828 5482 condemnavit.
2855 5422 2921 5478 Et
2939 5431 3062 5478 ante
3086 5421 3229 5477 hunc
3253 5432 3476 5491 magnus
3498 5435 3712 5492 quoque

2177 5647 2194 5680 ι
2228 5643 2368 5696 Savil.
2395 5644 2444 5694 in
2465 5642 2686 5705 margine
2709 5641 2779 5690 sic
2802 5638 2972 5701 habet,
2995 5634 3080 5689 sed
3107 5648 3249 5687 unam
3273 5631 3481 5700 patrimi
3509 5648 3695 5705 reputat

2114 5721 2224 5767 Μ
2247 5718 2433 5760 sursum
2457 5711 2545 5756 ρει.
