4110 6198
425 248 533 304 203

431 359 629 425 llelias,
646 357 735 431 qui
760 355 890 414 nihil
909 364 1102 428 praeter
1123 355 1352 410 tneloten
1374 352 1701 424 possidebat,
1730 350 1948 420 impium
1975 357 2030 402 et

436 451 901 525 prmvaricatorem
931 449 1081 504 illum
1110 446 1296 502 Achab
1324 446 1470 500 solus
1497 444 1719 498 viriliter
1749 442 2025 510 corripuit.

426 541 570 598 Nihil
601 542 741 597 enim
773 538 1024 610 loquendi
1063 538 1364 594 libertatem
1390 577 1408 602 ,
1454 545 1509 590 et
1535 534 1586 589 in
1617 547 1794 589 rerum
1837 529 2028 586 discri-

431 633 576 689 mine
599 633 845 689 ﬁduciam
870 631 940 684 ita
965 628 1185 699 praebet,
1214 627 1342 682 nihil
1368 626 1614 681 homines
1642 624 1777 679 adeo
1797 621 2029 677 munitos

424 733 479 778 et
510 723 674 776 fortes
700 720 884 787 efﬁcit,
931 729 988 773 ιιι
1019 717 1151 773 nihil
1189 732 1313 787 poss
1339 716 1466 772 dere
1488 758 1506 782 ,
1536 725 1592 770 et
1617 714 1778 769 nullis
1803 711 2029 767 saecula-

426 817 574 872 ribus
616 813 966 869 circumvolvi
1000 811 1252 882 negotiis.
1285 812 1459 878 Atque
1483 807 1621 862 adeo
1641 849 1657 873 ,
1691 807 1736 861 si
1764 805 1882 875 quis
1924 805 2031 858 vir-

424 915 589 960 tutem
604 905 822 960 multam
839 902 1110 971 possidere
1125 901 1660 971 copit,paupertatem
1671 894 2026 964 amplexetur,

428 1006 751 1069 praasenlem
782 995 947 1050 vitam
978 992 1260 1063 despiciat,
1293 990 1424 1044 nihil
1455 1002 1577 1043 esse
1607 995 1752 1057 putet
1779 996 2026 1039 mortem.

428 1088 523 1141 Hic
550 1101 654 1142 nou
686 1085 859 1140 solum
889 1084 1008 1154 plus
1031 1097 1189 1152 quam
1223 1081 1415 1136 divites
1445 1089 1498 1133 et
1525 1078 1822 1148 principes,
1851 1075 1944 1130 sed
1973 1085 2028 1128 et

427 1179 545 1248 plus
568 1193 725 1249 quam
758 1191 912 1249 reges
938 1175 1038 1246 ipsi
1071 1174 1326 1230 Ecclesiis
1367 1172 1620 1244 prodesse
1649 1170 1864 1242 poterit.
1897 1168 2028 1223 Nam

436 1281 726 1341 regnantes
756 1271 830 1325 illi
855 1279 908 1325 et
935 1267 1269 1323 abundantes
1298 1279 1647 1336 qumcumque
1691 1262 1888 1318 faciunt
1911 1303 1926 1326 ,
1977 1260 2026 1314 id

429 1363 622 1432 opibus
642 1361 840 1421 faciunt
868 1379 882 1415 :
911 1359 997 1414 hic
1021 1367 1202 1413 autem
1227 1372 1414 1427 magna
1439 1356 1747 1425 plerumque
1776 1361 2028 1423 operatur

427 1469 520 1524 per
554 1454 790 1524 pericula
819 1462 874 1508 et
917 1459 1146 1506 mortem
1194 1450 1385 1520 ipsam.
1427 1447 1640 1515 Quanto
1683 1452 1863 1499 autem
1893 1456 2027 1496 auro

424 1546 570 1602 onnii
613 1546 898 1616 pretiosior
926 1553 1009 1600 est
1053 1541 1311 1614 sanguis,
1363 1548 1511 1595 tanto
1553 1546 1838 1609 paupertas
1865 1551 2027 1606 quam

424 1641 755 1697 abundantia
789 1640 999 1695 melior.

496 1775 550 1830 5.
591 1773 750 1828 Tales
777 1770 992 1842 quidam
1020 1777 1174 1826 erant
1199 1768 1274 1822 illi
1323 1766 1470 1822 Pauli
1513 1764 1756 1835 hoSpites
1784 1761 2023 1817 Priscilla

431 1879 488 1926 et
512 1869 724 1940 Aquila,
749 1869 835 1939 qui
858 1882 1019 1938 opum
1046 1865 1304 1922 carebant
1330 1863 1674 1926 abundantia,
1703 1869 1757 1917 et
1779 1859 2027 1916 omnibus

425 1961 627 2015 divitiis
669 1959 1071 2029 locupletiorem
1100 1957 1335 2011 animum
1365 1955 1748 2026 possidebant,
1797 1965 2024 2011 mortem

425 2059 802 2122 exspectantes
827 2049 1086 2120 quotidie,
1119 2047 1172 2102 in
1197 2045 1348 2102 caade
1375 2054 1432 2100 et
1457 2045 1716 2117 sanguine
1745 2045 1985 2100 viventes
2010 2087 2023 2110 ,

430 2152 590 2214 atque
615 2151 876 2212 perpetuo
899 2139 1212 2212 martyrium
1244 2138 1529 2209 patientes.
1562 2137 1684 2192 Ideo
1711 2152 1799 2192 res
1829 2145 2026 2192 nostra!

426 2235 531 2290 illis
557 2234 887 2305 temporibus
908 2233 1190 2298 florebant,
1218 2232 1340 2301 quia
1363 2233 1441 2285 sic
1466 2231 1710 2301 discipuli
1735 2231 2022 2300 magistris,

425 2336 479 2383 ct
507 2327 743 2398 magistri
775 2325 1051 2395 discipulis
1076 2323 1309 2394 colligati
1334 2333 1510 2379 erant.
1540 2322 1670 2377 Nam
1700 2323 1893 2377 Paulus
1925 2322 2026 2377 hoc

425 2433 532 2473 non
558 2419 728 2474 solum
751 2418 819 2472 de
847 2417 949 2482 his,
979 2415 1073 2470 sed
1096 2423 1150 2470 et
1170 2416 1236 2470 de
1263 2415 1444 2468 multis
1473 2414 1592 2468 aliis
1617 2423 1862 2470 testatur.
1892 2413 2024 2468 Nam

427 2509 690 2572 llchricis,
722 2518 778 2564 et
797 2506 1370 2563 Thessalonicensibus
1401 2547 1416 2571 ,
1450 2514 1502 2560 el
1535 2505 1738 2560 Calatis
1759 2504 2022 2569 scribens,

425 2603 617 2656 asserit
641 2615 830 2656 omnes
853 2600 1033 2655 multis
1063 2598 1449 2654 tentationihus
1477 2596 1724 2665 afﬂictos,
1756 2607 1811 2652 et
1832 2598 2026 2653 indicat

426 2692 480 2746 in
509 2691 748 2760 epistolis
776 2692 888 2744 suis
919 2691 1066 2760 ipsos
1089 2689 1238 2760 pelli,
1271 2687 1440 2758 patria
1469 2687 1741 2754 excidere,
1769 2689 2021 2744 substan-

427 2783 529 2838 tias
553 2783 784 2854 perdere
809 2824 824 2850 ,
847 2792 902 2836 et
923 2781 990 2835 ad
1021 2781 1332 2850 sanguinem
1360 2793 1526 2849 usque
1551 2780 1839 2848 periclitari
1873 2798 1888 2835 :
1916 2790 2022 2836 tota

427 2890 614 2929 eorum
659 2874 765 2928 vita
813 2873 863 2927 iu
908 2873 1163 2943 gravibus
1207 2870 1590 2926 certaminibus
1620 2880 1776 2938 erat,
1804 2881 1859 2926 ct
1898 2873 2026 2943 ipsis

427 2965 659 3020 mutilari
682 2965 936 3020 membris
959 2980 1054 3030 pro
1071 2965 1488 3034 praeceptoribus
1509 2979 1612 3018 non
1635 2965 2022 3021 detrectabant.

432 3056 582 3112 Unde
609 3056 812 3112 Calatis
840 3056 1082 3112 scribens
1105 3097 1120 3120 ,
1167 3056 1299 3110 dicit
1330 3071 1347 3110 ε
1371 3053 1552 3111 Testor
1575 3059 1707 3111 enim
1731 3101 1746 3124 ,
1793 3059 1950 3128 quod,
1982 3061 2025 3113 si

429 3147 665 3220 possibile
692 3148 870 3217 [uisset
895 3191 909 3210 ,
931 3147 1104 3201 oculos
1132 3161 1320 3201 uestros
1363 3146 1571 3214 cﬂ'ossos
1601 3150 1723 3202 milii
1763 3150 2027 3206 dedissetis

429 3239 641 3306 (Colat.
674 3240 726 3294 4.
749 3239 870 3311 15).
894 3239 955 3294 Ει
987 3240 1284 3311 Epaphram
1313 3240 1400 3310 qui
1422 3238 1659 3295 Colossis
1679 3250 1812 3304 erat,
1838 3243 2026 3298 eadem

429 3332 498 3388 de
523 3348 582 3387 re
611 3332 789 3387 laudat
821 3331 906 3386 his
943 3332 1120 3386 verbis
1152 3348 1164 3385 :
1199 3331 1490 3404 zEgrotavit
1520 3349 1677 3402 usque
1698 3333 1766 3386 ad
1796 3345 2023 3398 mortem,

428 3436 477 3480 et
509 3425 647 3481 Deus
672 3427 780 3494 eius
810 3425 1044 3480 misertus
1073 3435 1142 3477 est
1172 3441 1192 3478 :
1219 3441 1318 3478 non
1349 3425 1512 3478 solum
1541 3436 1711 3478 autem
1757 3426 1867 3494 ejus
1891 3426 2028 3492 ,.sed

426 3529 474 3572 et
496 3520 611 3581 mei,
630 3535 692 3572 ne
714 3519 965 3571 tristitiam
987 3533 1138 3586 super
1157 3517 1411 3570 tristitiam
1438 3517 1668 3570 haberem
1690 3517 1949 3588 (Philipp.
1968 3519 2023 3572 2.

427 3610 497 3664 27
523 3610 558 3680 ).
609 3609 711 3664 Uhi
750 3609 894 3661 clare
923 3606 1257 3661 demonstrat
1285 3623 1344 3661 se
1368 3607 1488 3675 jure
1527 3606 1831 3661 habiturum
1866 3608 2028 3661 fuissis

428 3701 666 3755 dolorem
696 3699 762 3754 de
808 3707 978 3753 morte
1023 3698 1285 3768 discipuli.
1334 3695 1496 3767 Cujus
1539 3698 1790 3754 virtutem
1837 3699 2026 3755 aliculii

429 3790 676 3845 omnibus
704 3790 891 3843 iterum
923 3787 1123 3859 detegit
1149 3789 1352 3854 dicens,
1382 3789 1600 3843 Accessit
1624 3805 1781 3858 usque
1797 3790 1866 3844 ad
1895 3808 2023 3844 mor~

431 3890 550 3945 tem,
583 3880 809 3949 neglectu
831 3881 1000 3933 anima
1026 3896 1138 3943 sua,
1163 3889 1219 3932 ut
1245 3880 1492 3950 impleret,
1521 3880 1656 3946 quod
1677 3882 1727 3932 in
1757 3881 1894 3936 vobis
1913 3900 2030 3954 erga

433 3986 512 4024 me
528 3972 695 4024 deerat
717 3971 1048 4023 ministerium
1081 3969 1337 4041 (Philipp.
1363 3970 1418 4022 2.
1441 3971 1556 4039 30).
1587 3971 1723 4036 Quid
1749 3972 1853 4026 illis
1877 3971 2032 4029 luctat

435 4064 642 4118 beatius
665 4106 680 4128 ,
713 4062 838 4133 quid
883 4073 1061 4116 autem
1099 4062 1250 4116 nobis
1280 4061 1524 4116 miserius
1550 4063 1572 4116 ’ἒ
1602 4063 2029 4134 quandoquidem

437 4157 509 4211 illi
535 4157 846 4226 sanguinem
893 4164 947 4210 et
974 4155 1203 4209 animam
1238 4169 1335 4223 pro
1367 4155 1784 4224 prmceptorihus
1815 4156 2032 4226 profun-

434 4245 633 4302 debant
655 4287 671 4312 ,
701 4260 800 4300 nos
842 4255 1018 4300 autem
1051 4259 1223 4314 neque
1271 4244 1490 4298 verbum
1532 4260 1628 4314 pro
1660 4247 2032 4302 communibus

437 4337 674 4408 patribus
690 4338 934 4392 emittere
955 4335 1234 4401 audemus,
1258 4334 1350 4390 sed
1376 4349 1498 4390 cum
1517 4335 1792 4391 audiamus
1810 4338 1891 4391 eis
1916 4353 2030 4392 ma-

434 4429 590 4485 ledici
614 4467 632 4494 ,
675 4437 730 4483 et
771 4427 1023 4483 conviciis
1049 4442 1140 4481 eos
1172 4425 1552 4491 dehonestari,
1583 4435 1636 4480 et
1663 4441 1694 4480 a
1723 4427 1856 4492 suis,
1884 4436 1939 4482 et
1965 4429 2033 4484 ab

436 4519 627 4576 alienis
644 4560 659 4585 ,
691 4518 1072 4574 maledicentes
1098 4531 1274 4586 neque
1301 4515 1724 4587 compescimus,
1750 4531 1922 4588 neque
1949 4533 2033 4575 re-

434 4609 834 4681 prehendimus,
868 4623 1040 4679 neque
1067 4607 1432 4678 prohibemus.

515 4742 775 4811 Quantum
797 4741 861 4796 sit
885 4750 1143 4812 peccatum
1157 4739 1400 4796 Ecclesia:
1419 4740 1691 4798 rectoribus
1714 4743 2031 4800 maledicere.

438 4865 510 4878 —
527 4834 741 4892 Utinam
763 4849 832 4890 ne
851 4833 950 4904 ipsi
971 4833 1129 4905 primi
1151 4834 1531 4891 maledicorum
1552 4835 1738 4892 simus.
1765 4837 1906 4893 Sane
1926 4853 2031 4894 non

437 4938 587 4985 tanta
615 4929 684 4984 ah
707 4927 1009 4985 inﬁdelibus
1028 4928 1264 4984 convicia
1285 4937 1338 4983 et
1362 4929 1576 4998 probra,
1596 4939 1790 5000 quanta
1812 4930 1864 4984 in
1892 4931 2036 5001 prin-

439 5021 593 5090 cipes
618 5019 686 5075 ab
713 5019 812 5083 iis,
853 5019 945 5090 qui
991 5019 1143 5073 nobis
1162 5018 1332 5087 juncti
1373 5019 1628 5089 religione
1652 5028 1709 5075 et
1737 5019 1920 5076 fideles
1953 5021 2034 5074 vi-

433 5110 658 5177 dentur,
692 5110 917 5181 proferri
946 5111 1209 5166 videmus.
1240 5109 1386 5166 Ultra
1416 5109 1502 5165 hic
1527 5126 1829 5180 qumremus
1848 5154 1862 5177 ,
1893 5113 2035 5169 unde

437 5210 592 5258 tanta
624 5201 852 5272 ignavia,
880 5210 937 5257 et
958 5200 1096 5256 unde
1123 5201 1210 5255 hic
1233 5200 1443 5270 pietatis
1467 5211 1810 5272 contemptus
1833 5205 2031 5268 evenit,

434 5294 582 5365 quod
610 5295 691 5350 sic
716 5293 984 5349 hostiliter
1005 5307 1128 5362 erga
1159 5302 1335 5362 patres
1359 5301 1572 5348 nostros
1597 5295 1762 5350 simus
1787 5295 2000 5352 aﬁ‘ecti?

441 5386 580 5443 Nihil
611 5386 848 5459 wofecto
881 5394 966 5442 est
990 5384 1132 5455 quod
1179 5384 1471 5441 Ecclesiam
1515 5385 1610 5441 Dei
1661 5387 1732 5442 ita
1774 5387 2034 5444 destitue-

441 5492 506 5531 re
549 5489 613 5533 et
652 5477 981 5543 dissolvere,
1031 5476 1162 5531 nihil
1198 5475 1340 5546 quod
1375 5476 1446 5530 ita
1493 5475 1650 5532 facile
1691 5479 2036 5548 pessumdare

446 5567 635 5637 possit,
663 5577 722 5622 ut
746 5565 962 5640 quando
986 5565 1234 5638 discipuli
1260 5567 1552 5639 magistris,
1582 5577 1636 5623 et
1659 5569 1902 5639 patribus
1920 5569 2034 5636 ﬁlii,

446 5667 503 5715 ct
542 5659 862 5728 principibus
881 5658 1080 5715 subditi
1101 5699 1116 5725 ,
1149 5673 1254 5714 non
1292 5674 1486 5730 magno
1533 5658 1711 5716 studio
1739 5659 2032 5718 cohaerent.

1209 243 1267 300 S.
1307 239 1584 300 JOANNIS
1617 235 2091 296 CﬂRYSOSTOMI
2133 235 2450 294 ARCHIEP.
2489 237 3018 296 CONSTANTINOP.

3615 243 3718 301 901

2136 345 2193 404 Si
2220 351 2340 418 quis
2359 349 2581 406 fratrum
2610 352 2839 421 cuipiam
2878 351 3180 416 maledicit,
3207 364 3237 404 a
3265 366 3537 408 sacrarum
3581 353 3729 410 Scri-

2137 453 2410 508 pturarttm
2442 439 2671 496 lectione
2711 442 3028 496 excluditur.
3062 441 3130 497 Ut
3157 443 3280 512 quid
3303 444 3447 498 euitu
3477 448 3721 510 assumis,

2133 533 2208 586 ait
2233 532 2392 597 Deus,
2413 542 2762 588 testamentum
2789 550 2954 588 meum
2969 551 3057 602 per
3071 551 3128 589 os
3145 545 3286 590 tuum
3305 535 3476 606 (Psal.
3502 539 3728 593 49.16)?

2132 634 2188 678 et
2209 638 2369 679 causa
2407 625 2576 694 posita
2613 625 2741 681 dicit
2772 625 3006 681 :Sedens
3027 637 3206 681 contra
3237 628 3446 697 fratrem
3474 639 3614 684 tuum
3645 633 3722 684 lo-
3745 641 3756 660 '

2131 715 2366 782 quebaris
2390 713 2554 785 (Ibid.
2583 732 2632 769 υ.
2659 716 2776 786 11)).
2808 717 3024 771 Patrem
3060 732 3190 772 vero
3210 718 3544 789 spiritualem
3567 735 3726 774 acen-
3754 721 3762 727 ’

2133 819 2259 859 satis
2285 847 2302 871 ,
2349 813 2403 860 te
2443 805 2660 876 dignum
2710 815 2925 876 reputas
2949 849 2965 873 ,
2996 807 3087 878 qui
3127 808 3193 862 ad
3242 809 3422 864 divina
3468 813 3725 868 vestibula

2132 895 2395 951 accedas?
2421 897 2703 964 Quomodo
2724 897 2828 953 hoc
2851 899 3144 968 congruet?
3168 899 3300 954 Nam
3329 901 3373 954 si
3403 902 3724 958 maledicen-

2133 996 2215 1043 tes
2244 989 2378 1058 patri
2405 990 2488 1044 vel
2509 989 2663 1043 matri
2692 998 2865 1044 morte
2885 991 3185 1045 moriuntur
3204 991 3497 1047 secundum
3527 995 3704 1064 legem

2134 1078 2154 1147 (
2175 1077 2343 1133 Exod.
2373 1079 2466 1133 2|.
2500 1081 2564 1134 17
2589 1080 2629 1148 ),
2662 1080 2804 1150 quali
2827 1080 3033 1150 judicio
3056 1080 3246 1152 dignus
3273 1083 3378 1138 erit
3400 1125 3418 1150 ,
3445 1085 3534 1154 qui
3562 1087 3720 1140 male~

2132 1170 2311 1226 dicere
2345 1171 2507 1233 audet
2542 1173 2624 1237 ei,
2654 1173 2741 1243 qui
2773 1175 3083 1243 parentibus
3128 1173 3232 1230 illis
3273 1179 3441 1247 magis
3467 1192 3707 1235 necessa-

2135 1263 2246 1317 rius
2272 1273 2375 1330 est,
2401 1275 2457 1319 et
2484 1264 2719 1320 melior?
2738 1267 2931 1320 Annon
2963 1267 3132 1333 timet,
3153 1282 3220 1322 ne
3242 1269 3444 1338 aperiat
3473 1285 3532 1326 se
3558 1278 3721 1338 terra,

2131 1365 2187 1411 et
2217 1357 2388 1426 ipsum
2414 1357 2718 1424 absorbeat,
2746 1359 2831 1413 vel
2854 1358 3052 1413 fulmen
3080 1373 3313 1429 superne
3332 1360 3589 1418 decidens
3606 1377 3724 1418 nta-

2132 1447 2358 1503 ledicam
2398 1448 2540 1503 illam
2587 1450 2819 1520 linguam
2845 1452 3164 1507 comburat?
3191 1452 3306 1508 Non
3335 1454 3529 1510 audisti
3549 1497 3564 1522 ,
3596 1457 3725 1527 quid

2131 1555 2287 1611 passa
2306 1541 2372 1596 sit
2402 1541 2563 1598 Musis
2584 1557 2740 1599 soror
2762 1585 2777 1607 ,
2809 1545 3031 1616 principi
3059 1545 3426 1602 maledicens?
3450 1549 3724 1618 quomodo

2132 1630 2266 1686 facta
2287 1633 2357 1686 sit
2383 1633 2673 1697 immunda,
2696 1632 2943 1689 inciderit
2969 1634 3023 1688 in
3050 1635 3280 1706 lepram,
3306 1651 3568 1692 summam
3595 1652 3719 1694 sus-

2133 1726 2351 1781 tinuerit
2373 1726 2738 1798 ignominiam.
2766 1727 2932 1782 fratre
2963 1727 3353 1794 Deumorante,
3373 1729 3582 1784 veniam
3608 1746 3717 1786 non

2129 1818 2418 1873 obtinuerit
2438 1836 2454 1882 ς
2477 1819 2687 1874 tametsi
2715 1819 2802 1873 illa
2831 1820 2942 1888 ipsa
2969 1830 3132 1885 esset,
3158 1835 3278 1890 quae
3305 1829 3551 1876 sanctum
3576 1822 3721 1878 illum

2129 1921 2487 1981 exposuerat,
2519 1922 2572 1967 et
2610 1927 2706 1981 pro
2740 1913 2857 1982 ejus
2893 1912 3209 1969 educatione
3237 1914 3289 1968 id
3325 1914 3577 1970 effecerat
3606 1955 3623 1981 ,
3660 1921 3719 1971 ut

2130 2006 2246 2072 ejus
2275 2013 2448 2057 mater
2478 2002 2530 2056 in
2574 2003 2833 2057 nutricem
2867 2012 3231 2058 assumeretur
3257 2044 3273 2068 ,
3304 2016 3361 2058 et
3401 2020 3469 2059 ne
3511 2005 3722 2075 puellus

2131 2094 2182 2148 in
2209 2093 2488 2158 barbarico
2504 2093 2623 2147 sinu
2649 2093 3012 2158 enutriretur;
3041 2092 3234 2148 deinde
3255 2108 3384 2148 vero
3406 2094 3721 2151 feminarum

2128 2185 2398 2240 exercitus
2439 2151 2548 2239 dux
2590 2183 2686 2239 fuit
2728 2183 2868 2239 sicut
2913 2183 3088 2240 Moses
3128 2185 3398 2249 virorum;
3427 2200 3722 2257 omnesque

2128 2292 2249 2333 cum
2290 2278 2383 2333 illo
2418 2277 2538 2332 tulit
2577 2290 2844 2333 aerumnas
2871 2316 2888 2342 ,
2918 2292 3044 2332 vere
3071 2291 3227 2332 soror
3255 2277 3420 2333 Mosis
3451 2277 3716 2333 existens:

2129 2379 2496 2424 verumtamen
2529 2383 2650 2423 cum
2678 2367 2995 2432 maledixit,
3027 2367 3159 2422 nihil
3191 2368 3241 2422 ei
3269 2367 3582 2437 profuerunt
3607 2367 3722 2424 lucc

2129 2459 2307 2513 omnia
2328 2459 2394 2513 ad
2416 2457 2771 2528 effugiendam
2801 2459 2933 2512 iram
2968 2457 3094 2512 Dei:
3124 2459 3220 2514 sed
3263 2474 3361 2513 nec
3387 2458 3563 2514 Moses
3589 2502 3603 2521 ,
3624 2459 3714 2528 qui

2130 2557 2338 2624 tantum
2364 2549 2616 2619 populum
2645 2590 2659 2615 ,
2707 2557 2829 2619 post
2860 2549 3128 2619 ingentem
3161 2550 3302 2604 illam
3341 2550 3666 2618 impietatem
3699 2591 3716 2614 ,

2129 2640 2379 2709 precibus
2399 2640 2730 2710 expiaverat,
2765 2655 2866 2711 pro
2889 2654 3076 2696 sorore
3101 2641 3407 2712 supplicans
3432 2650 3487 2696 et
3506 2643 3716 2698 veniam

2135 2740 2343 2802 petens,
2374 2731 2585 2802 placare
2613 2731 2780 2786 Deum
2805 2732 2995 2802 potuit,
3023 2731 3120 2786 sed
3151 2732 3220 2786 ab
3243 2745 3311 2787 eo
3336 2731 3492 2787 valde
3517 2731 3603 2786 illa
3633 2733 3720 2787 iu-

2128 2832 2414 2892 crepatur:
2444 2837 2552 2893 quo
2587 2822 2857 2878 discamus
2879 2831 2936 2878 et
2969 2838 3068 2878 nos
3097 2864 3113 2888 ,
3135 2832 3392 2894 quantum
3423 2824 3619 2878 malum
3646 2822 3719 2878 sit

2131 2915 2458 2984 principibus
2483 2914 2802 2971 maledicere
2829 2956 2847 2984 ,
2875 2925 2932 2971 et
2960 2915 3030 2972 de
3054 2915 3279 2970 aliorum
3306 2915 3545 2987 judicare
3587 2917 3717 2972 vita.

2129 3005 2340 3060 Etenim
2363 3006 2416 3061 in
2441 3006 2528 3061 die
2549 3007 2641 3061 illo
2665 3021 2770 3062 non
2794 3008 2968 3062 solum
2991 3006 3062 3063 de
3088 3007 3153 3061 iis
3181 3022 3300 3078 qua:
3340 3022 3439 3063 nos
3465 3007 3712 3079 peccavi-

2133 3113 2271 3177 mus,
2298 3096 2393 3153 sed
2417 3106 2474 3152 et
2492 3097 2561 3152 de
2583 3098 2666 3162 iis,
2681 3098 2753 3153 ob
2775 3112 2895 3168 qua:
2919 3098 2970 3153 in
2989 3097 3123 3154 alios
3142 3097 3461 3154 sententiam
3482 3099 3720 3162 tulimus.

2129 3189 2350 3245 omnino
2370 3189 2630 3260 judicahit
2657 3204 2756 3245 nos
2785 3190 2943 3245 Deus.
2961 3189 3032 3245 Et
3057 3189 3200 3260 quod
3225 3204 3369 3260 saepe
3391 3199 3578 3245 natura
3600 3189 3726 3247 leve

2132 3289 2409 3350 peccatum
2441 3290 2546 3348 est,
2578 3281 2681 3336 hoc
2705 3295 2867 3351 grave
2894 3288 2949 3337 et
2987 3296 3094 3336 non
3136 3281 3446 3352 ignoscibile
3475 3281 3536 3336 ﬁt
3554 3321 3570 3348 ,
3593 3280 3723 3336 dum

2131 3385 2360 3440 peccans
2401 3371 2470 3427 de
2511 3371 2616 3426 alio
2637 3370 2862 3442 judicat.
2905 3370 3067 3427 Forte
3091 3388 3195 3426 non
3221 3373 3352 3427 satis
3391 3372 3559 3428 claret
3581 3373 3724 3444 quod

2129 3461 2384 3528 diximus,
2416 3462 2575 3533 igitur
2592 3463 2791 3518 clarius
2816 3461 3079 3518 dicemus.
3113 3463 3359 3518 Peccavit
3384 3464 3577 3535 aliquis
3607 3504 3623 3530 ,
3669 3473 3728 3518 et

2132 3554 2294 3607 alium
2319 3553 2461 3608 idem
2487 3554 2914 3610 committentem
2939 3561 3212 3624 peceatum
3229 3553 3645 3610 condemnavit:
3675 3554 3724 3610 is

2133 3642 2186 3697 in
2213 3642 2302 3697 die
2344 3642 2439 3697 illo
2478 3643 2633 3698 valde
2657 3659 2842 3698 amaro
2868 3658 2972 3699 non
3000 3659 3118 3699 eam
3144 3659 3358 3714 poenam
3385 3645 3496 3701 luet
3519 3685 3537 3707 .
3562 3660 3724 3716 quam

2134 3734 2338 3803 peccati
2369 3744 2552 3788 natura
2570 3735 2831 3806 exposcit,
2851 3735 2944 3790 sed
2971 3735 3225 3806 majorem
3251 3752 3411 3808 quam
3433 3737 3725 3808 duplicem.

2132 3838 2186 3882 et
2203 3827 2463 3897 triplicem
2488 3845 2502 3881 :
2523 3843 2629 3883 non
2645 3828 2788 3882 enim
2806 3827 2948 3898 quod
2973 3829 3086 3899 ipse
3108 3830 3428 3899 peccaverit,
3456 3829 3549 3885 sed
3579 3828 3724 3899 quod

2136 3919 2188 3973 in
2215 3919 2377 3975 alium
2405 3918 2656 3974 similiter
2695 3919 2902 3989 lapsum
2934 3928 3041 3974 tam
3077 3934 3294 3990 gravem
3339 3920 3605 3976 calculum
3637 3928 3725 3975 tu-

2139 4011 2261 4067 lerit
2284 4052 2300 4078 ,
2345 4011 2663 4082 supplicium
2697 4011 2775 4067 illi
2801 4010 3092 4068 destinabit
3134 4012 3292 4068 Deus.
3320 4011 3389 4067 Et
3410 4012 3513 4068 hoc
3536 4027 3721 4068 verum

2133 4117 2272 4166 esse,
2301 4117 2368 4158 ex
2397 4102 2460 4157 iis
2489 4117 2612 4172 qua:
2653 4101 2766 4172 jam
2798 4102 2933 4156 facta
2963 4111 3090 4158 sunt
3115 4113 3170 4159 et
3197 4104 3538 4174 contigerunt
3561 4145 3577 4166 ,
3607 4103 3726 4158 cla-

2134 4196 2281 4257 rius,
2322 4202 2382 4249 ut
2431 4194 2651 4265 promisi
2685 4234 2702 4260 ,
2740 4194 3147 4252 demonstrabo.
3192 4194 3326 4250 Nam
3385 4195 3726 4263 Pharisaus,

2134 4287 2380 4356 quamvis
2409 4286 2521 4356 ipse
2546 4285 2677 4341 nihil
2705 4296 3058 4356 peccaverat,
3089 4286 3184 4343 sed
3214 4295 3266 4342 et
3285 4286 3432 4357 justo
3467 4288 3674 4342 vixerat
3701 4325 3722 4354 ,

2134 4389 2190 4434 et
2219 4378 2382 4433 multa
2417 4379 2486 4434 de
2518 4393 2578 4434 sc
2602 4379 2741 4433 bona
2782 4379 3076 4448 prmdicare
3129 4388 3373 4448 poterat:
3397 4379 3519 4450 quia
3547 4388 3727 4435 tamen

2137 4470 2476 4542 publicanum
2499 4478 2792 4540 raptorem,
2820 4459 3066 4537 avaritm,
3097 4481 3152 4528 et
3177 4471 3569 4542 iniquissimum
3592 4484 3725 4528 :on-

2135 4561 2428 4626 detnnavit,
2458 4568 2633 4616 tantas
2659 4559 2807 4617 dedit
2828 4575 3046 4630 pmoas,
3075 4571 3134 4616 ut
3159 4562 3224 4616 ad
3254 4561 3574 4632 supplictum
3610 4574 3725 4614 ma-

2133 4652 2242 4723 jus,
2271 4667 2430 4723 quam
2453 4652 2738 4722 publicano
2758 4652 3054 4708 debebatur
3072 4694 3087 4717 ,
3121 4661 3427 4708 reservatus
3457 4652 3526 4707 sit
3549 4651 3569 4720 (
3593 4651 3724 4706 Luc.

2138 4744 2229 4802 18.
2271 4743 2343 4800 10
2365 4773 2394 4786 -
2422 4744 2530 4811 14).
2559 4744 2710 4811 Quod
2737 4745 2784 4799 si
2814 4744 2882 4811 is,
2909 4744 3001 4814 qui
3031 4743 3160 4798 nihil
3186 4743 3420 4812 peccavit
3451 4785 3468 4811 ,
3507 4751 3562 4798 et
3603 4757 3727 4812 pec.

2136 4843 2347 4890 cantem
2396 4834 2596 4898 alium,
2649 4834 2740 4902 qui
2783 4833 3100 4889 manifestus
3141 4844 3258 4889 erat
3298 4833 3548 4889 omnibus
3573 4873 3591 4898 ,
3623 4833 3728 4888 levi

2137 4925 2302 4980 verbo
2329 4923 2738 4989 condemnavit,
2769 4932 2974 4978 tantum
2991 4924 3091 4979 sibi
3115 4925 3334 4978 attraxit
3359 4923 3679 4994 supplicium
3707 4940 3724 4978 :

2138 5017 2232 5089 qui
2262 5016 2482 5072 multum
2521 5014 2762 5086 quotidie
2809 5030 3127 5086 peccamus,
3175 5018 3508 5085 aliorumque
3559 5017 3723 5070 vitam

2139 5109 2564 5166 condemnamus
2583 5149 2598 5173 ,
2629 5108 2791 5162 etiam
2819 5109 2936 5164 aliis
2974 5111 3276 5180 ignotorum
3298 5150 3312 5174 ,
3341 5108 3515 5179 cogita
3555 5122 3728 5178 quan-

2141 5211 2249 5256 tam
2279 5198 2660 5255 sustinebimus
2683 5213 2916 5269 pasnam,
2947 5199 3217 5270 quomodo
3236 5201 3381 5254 omni
3405 5200 3557 5256 venia
3585 5199 3731 5254 exei-

2139 5293 2350 5350 demus.
2382 5292 2449 5348 In
2473 5308 2572 5364 quo
2597 5292 2731 5348 enim
2765 5293 2964 5364 judicio
2988 5293 3239 5363 judicatis
3267 5333 3284 5360 ,
3319 5291 3491 5364 inquit
3518 5333 3534 5357 ,
3567 5301 3614 5346 et
3640 5306 3730 5347 eos

2133 5386 2495 5459 judicabimini
2523 5385 2736 5457 (Matth.
2766 5385 2818 5438 7.
2836 5383 2920 5457 Ξ).

2212 5477 2266 5532 6.
2296 5475 2523 5547 Propter
2549 5474 2664 5530 haec
2705 5473 2886 5545 utique
2913 5482 2968 5529 et
2993 5473 3236 5544 supplico
3263 5513 3279 5540 ,
3309 5487 3536 5546 precor,
3565 5481 3622 5528 et
3640 5486 3735 5528 ex-

2142 5571 2352 5634 hortor,
2383 5576 2444 5625 ut
2473 5567 2542 5623 ab
2566 5566 2668 5622 hac
2702 5567 2840 5622 mala
2864 5565 3250 5623 consuetudine
3275 5565 3565 5622 desistatis.
3587 5562 3732 5620 Nihil

2144 5662 2288 5718 enim
2313 5659 2628 5718 nocebimus
2656 5657 3027 5716 sacerdotibus
3044 5698 3061 5729 ,
3087 5657 3282 5730 quibus
3307 5656 3677 5717 maledicimus
3705 5693 3729 5726 .
