4110 6198
367 268 474 323 2θῦ

373 390 431 443 06
475 387 631 456 μόνον
683 383 749 438 ἂν
782 384 950 455 ψευδῆ
993 383 1062 437 τὰ
1107 383 1377 454 λεγόμενα
1410 380 1467 458 ᾗ,
1498 380 1634 436 ἀλλά
1683 380 1787 434 κᾶν
1833 379 2040 448 ἀληθῆ·

373 471 496 524 ἐπεὶ
540 471 636 524 καλ⁸
672 473 700 524 6
738 473 1030 542 Φαρισαῖος
1071 470 1164 524 τὸν
1212 470 1448 540 τελώνην
1495 469 1648 522 οὑδέν
1684 464 2043 534 κατέϐλαψεν,

371 559 508 612 ἀλλά
537 561 630 614 καὶ
659 559 928 629 ὠφέλησε,
963 560 1139 612 καίτοι
1169 575 1231 627 γε
1263 558 1438 628 ἀληθῆ
1468 557 1596 627 περὶ
1640 552 1806 608 αὑτοῦ
1833 552 2008 621 λέγων
2027 566 2040 581 ·

371 647 530 717 ἡμεῖς
575 646 629 699 δὲ
669 646 897 709 ἑαυτοὺς
930 648 1042 709 τοῖς
1085 647 1335 716 ἐσχάτοις
1381 643 1785 714 περιϐαλοῦμεν
1812 641 2040 702 κακοῖς·

369 733 490 785 ἐπεὶ
537 734 631 788 καὶ
680 734 708 786 ὁ
751 735 1038 804 Φαρισαῖος
1069 733 1192 787 καθ’
1221 731 1416 786 ἐαυτοῦ
1441 731 1501 784 τὸ
1532 731 1682 799 ξίφος
1709 727 1914 798 ῶθησε,
1950 727 2045 779 καὶ

369 821 590 891 καιρίαν
617 822 834 892 πληγὴν
864 820 1044 874 λαϐὼν
1082 821 1344 892 ἀπῆλθεν.
1371 822 1489 874 Ἵνα
1517 815 1611 874 οὖν
1650 819 1726 889 μὴ
1762 817 1856 870 καὶ
1881 817 2044 885 ἡμεῖς

367 910 434 964 τά
482 911 621 965 αὑτά
668 911 962 982 πάθωμεν,
995 912 1290 983 κρατῶμεν
1325 910 1623 964 ἀκολάστου
1673 907 1939 978 γλώττης.
1980 907 2042 959 Εἰ

367 998 476 1071 γάρ
505 999 596 1051 τὸν
626 997 869 1070 τελώνην
895 998 1065 1053 εἱπὼν
1098 999 1307 1063 κακῶς,
1337 999 1398 1051 06
1432 997 1686 1065 διέφυγεν
1725 996 1949 1057 ἐκεῖνος,
1991 994 2040 1046 οί

365 1087 492 1147 τοὺς
525 1086 766 1156 πατέρας
794 1084 952 1158 ἡμῶν
981 1085 1168 1148 κακῶς
1195 1084 1468 1154 λέγοντες,
1496 1087 1657 1137 ποίαν
1690 1081 1885 1152 ἕξομεν
1913 1082 2044 1133 ἀπο·
2069 1083 2097 1095 ”

366 1173 592 1241 λογίαν;
637 1174 686 1226 εἱ
728 1172 818 1225 τὸν
857 1172 1086 1241 ἀδελφὸν
1139 1172 1582 1243 βλασφημήσασα
1629 1168 1820 1240 Μαρία
1869 1165 2038 1231 ἅπαξ,

364 1261 636 1331 τοσαύτην
669 1260 836 1313 ἔδωκε
864 1261 1044 1332 δίκην,
1075 1261 1236 1323 ποίας
1259 1258 1530 1331 σωτηρίας
1553 1260 1686 1328 ἡμῖν
1718 1256 1893 1318 ἐλπὶς,
1911 1255 2040 1308 ὅταν

369 1349 592 1420 μυρίαις
636 1347 758 1402 καθ’
793 1349 1031 1418 ἐκάστην
1057 1348 1271 1420 ἡμέραν
1301 1347 1425 1411 τοὺς
1456 1346 1722 1418 ἀρχοντας
1749 1342 2039 1412 πλύνωμεν

365 1435 689 1507 λοιδορίαις;
740 1435 834 1506 Μὴ
871 1436 978 1509 γάρ
1011 1452 1101 1507 μοι
1133 1435 1291 1489 τοῦτο
1337 1433 1542 1502 λεγέτω
1578 1450 1663 1496 τις
1683 1472 1697 1493 ,
1723 1432 1804 1485 ὅτι
1833 1431 2038 1492 ἐκεῖνος

365 1523 612 1593 Μωῦσῆς
639 1519 730 1594 ἦν*
765 1523 1067 1594 δυνήσομαι
1088 1522 1197 1594 γὰρ
1222 1523 1394 1575 εἰπεῖν
1426 1522 1520 1574 καὶ
1540 1518 1672 1589 ἐγὼ,
1699 1519 1782 1573 ὅτι
1809 1516 2036 1588 κάκείνη

362 1611 553 1682 Μαρία
577 1605 666 1681 ἧν.
695 1610 906 1674 Ἀλλως
929 1609 1007 1675 δὲ,
1037 1611 1128 1665 ῖνα
1151 1610 1248 1663 καὶ
1279 1608 1439 1663 τοῦτο
1463 1608 1593 1661 αὑτὸ
1624 1606 1802 1678 μάθῃς
1829 1604 2035 1674 σαφῶς,

360 1698 446 1751 ὅτι
492 1699 540 1751 εί
582 1699 678 1751 καὶ
704 1697 1071 1768 ἐγκλημάτων
1099 1696 1394 1752 ὑπεύθυνοι
1435 1689 1570 1750 ὦσιν
1608 1696 1657 1748 οἱ
1689 1696 1876 1764 ἱερεῖς,
1916 1691 2038 1744 οὑδὲ

364 1785 506 1838 οὕτω
553 1801 636 1837 σοι
683 1783 840 1854 θέμις
881 1784 972 1837 τὸν
1007 1784 1231 1838 ἐκείνων
1283 1783 1399 1855 βίον
1451 1781 1677 1854 κρίνειν,
1720 1781 1949 1836 ἄκουσον
1983 1778 2037 1831 τί

363 1886 500 1941 φησι
552 1870 682 1941 περὶ
722 1869 831 1922 τῶν
869 1870 1148 1941 ἀρχόντων
1189 1868 1296 1922 τῶν
1348 1865 1656 1921 Ἰουδαϊκῶν
1697 1867 1727 1918 ό
1765 1864 2000 1937 Χριστός
2019 1881 2032 1895 ·

375 1958 502 2011 Ἐπὶ
523 1956 634 2027 τῆς
662 1957 958 2023 Μωυσέως
977 1955 1270 2025 καθέδρας
1291 1953 1581 2010 ἐκάθισαν
1603 1955 1658 2008 οἱ
1682 1950 2038 2023 γραμματεῖς

363 2047 462 2102 κίιὶ
503 2050 559 2102 οι
587 2044 928 2114 Φαρισαῖοι·
961 2044 1159 2099 πάντα
1183 2039 1318 2107 οὖν,
1346 2042 1463 2096 ὅσα
1488 2041 1564 2096 ἂν
1596 2040 1858 2112 λέγωσιν
1893 2039 2038 2109 ὑμῖν

357 2132 578 2200 ποιεῖν,
609 2133 863 2187 ποιεῖτε·
902 2132 1054 2187 κατὰ
1079 2131 1148 2185 δὲ
1179 2131 1252 2185 τὰ
1278 2131 1421 2201 ἔργα
1445 2127 1644 2184 αὐτῶν
1672 2127 1759 2199 μὴ
1794 2125 2034 2184 ποιεῖτε.

359 2224 471 2276 Καὶ
495 2222 547 2274 τί
577 2221 776 2291 γένοιτ’
819 2221 884 2276 ἂν
922 2223 1106 2293 χεῖρον
1134 2218 1356 2272 ἐκείνων
1371 2231 1419 2281 ι,
1460 2210 1535 2272 ὧν
1566 2219 1594 2271 ό
1623 2215 1784 2287 ζῆλος
1818 2215 2035 2287 ἔφθειρε

355 2312 488 2373 ’τοὺς
524 2309 1030 2382 μαθητευομένους;
1071 2307 1209 2361 Ἀλλ’
1239 2309 1388 2378 ὅμως
1419 2307 1540 2360 οὐδὲ
1567 2305 1711 2359 οὕτω
1744 2301 2037 2358 κατεϐίϐα-

363 2415 454 2450 σεν
483 2398 682 2462 αὑτοὺς
709 2399 816 2453 ἀπὸ
845 2399 943 2469 τῆς
965 2397 1145 2464 ἀξίας,
1169 2397 1291 2450 οὑδέ
1313 2396 1821 2466 εὐκαταφρονήτους
1849 2390 2036 2462 ἐποίη-

363 2501 454 2538 σεν
489 2479 628 2538 εἶναι
658 2487 771 2547 τοῖς
803 2483 1161 2555 ἀρχομένοις⁶
1215 2484 1308 2536 καὶ
1355 2483 1500 2554 μάλα
1529 2481 1773 2544 εἰκότως.
1820 2477 1884 2533 El
1923 2475 2034 2546 γὰρ

361 2570 566 2642 ταύτης
613 2570 958 2624 ἐπιλάϐοιντο
989 2570 1089 2641 τῆς
1128 2568 1380 2634 ἐξουσίας
1410 2571 1461 2622 οί
1500 2569 1829 2640 ἀρχόμενοι,
1866 2564 2035 2635 ὀφθή-

364 2675 548 2712 σονται
587 2659 798 2722 πάντας
834 2657 1407 2728 ἀποχειροτονοῦντες,
1441 2657 1535 2710 καὶ
1567 2657 1632 2709 ἐκ
1661 2653 1754 2707 τοῦ
1790 2652 2033 2723 βήματος

362 2745 840 2811 καταϐιϐάςοντες.
868 2745 968 2799 Διά
985 2745 1146 2799 τοῦτο
1168 2745 1263 2800 καὶ
1285 2742 1496 2809 Παῦλος
1524 2743 1615 2795 τδν
1638 2739 1902 2813 ἀρχιερέα
1923 2739 2034 2792 τῶν

374 2831 646 2886 Ἰουδαίων
684 2832 945 2904 ὑϐρίσας,
987 2832 1081 2885 καὶ
1113 2830 1316 2896 εἰπὼν,
1361 2832 1611 2886 Τύπτειν
1637 2844 1712 2884 σε
1749 2829 1964 2898 μέλλει
1999 2830 2034 2882 ό

363 2918 541 2985 Θεὸς,
595 2920 752 2990 τοῖχε
787 2917 1194 2991 κεκονιαμένε·
1235 2916 1332 2976 καί
1366 2921 1450 2975 σὺ
1487 2917 1636 2987 κάθῃ
1674 2918 1894 2986 κρίνων
1925 2933 2035 2987 με;

361 3005 551 3077 ἐπειδή
582 3023 743 3060 τινων
768 3007 1002 3079 ἤκουσεν
1033 3004 1493 3076 ἐπιπομιξὸντων
1519 3004 1706 3067 αὑτὸν,
1736 3005 1830 3057 καὶ
1855 3003 2037 3072 λεγόν-

360 3110 491 3159 των,
523 3093 634 3147 Τὸν
655 3092 933 3164 ἀρχιερέα
959 3094 1066 3150 τοῦ
1108 3095 1257 3151 Θεοῦ
1279 3093 1609 3162 λοιδορεῖς;
1640 3091 1811 3158 δεῖξαι
1853 3090 2036 3162 βουλόο

362 3197 544 3250 μνος,
573 3181 706 3252 ὅσην
733 3183 1030 3254 ἀπονέμειν
1050 3183 1128 3237 δεῖ
1149 3186 1262 3247 τοῖς
1287 3183 1514 3255 ἄρχουσι
1537 3180 1637 3253 τὴν
1657 3180 1790 3235 αίδῶ
1823 3182 1916 3234 καὶ
1936 3181 2034 3252 τὴν

355 3268 547 3340 τιμὴν,
580 3269 634 3323 τί
667 3287 867 3342 φησινς
895 3274 1017 3326 Οὐκ
1058 3272 1227 3342 ᾔδειν
1257 3271 1347 3325 ὅτι
1370 3271 1703 3340 ἀρχιερεὺς
1741 3269 1848 3323 τοῦ
1885 3269 2034 3324 Θεοῦ

356 3350 458 3424 ἦν.
513 3357 613 3410 Διά
655 3358 813 3412 τοῦτο
869 3361 964 3413 καὶ
1012 3359 1178 3413 Δαυὶδ
1241 3358 1664 3430 παρανομοῦντα
1716 3357 1898 3411 λαϐὼν
1944 3359 2034 3412 τὸν

358 3443 531 3496 Σαοὺλ
551 3483 565 3506 ,
607 3446 703 3496 καὶ
739 3449 902 3514 φόνου
933 3447 1200 3514 πνέοντα,
1233 3447 1328 3500 καὶ
1363 3448 1566 3518 μυρίας
1598 3447 1728 3500 ὄντα
1759 3446 2033 3512 κολάσεως

357 3528 530 3594 ἄξιον,
573 3531 634 3582 οὑ
683 3532 844 3600 μόνον
895 3533 1064 3586 αὑτοῦ
1098 3535 1198 3603 τῆς
1235 3533 1380 3604 ζωῆς
1411 3533 1703 3603 ἐφείσατο,
1747 3533 1863 3587 ἀλλ’
1910 3533 2032 3587 οὔτε

357 3615 514 3684 ῥῆμα
563 3617 819 3687 φορτικὸν
866 3621 945 3681 εἱς
978 3619 1142 3672 αὑτὸν
1190 3619 1441 3673 ἐκϐαλεῖν
1470 3619 1763 3690 ὑπέμεινε·
1809 3621 1904 3674 καὶ
1934 3621 2032 3693 τὴν

357 3701 536 3756 αἰτίαν
575 3703 756 3775 τίθησι
797 3706 1003 3774 λέγων,
1035 3708 1118 3761 ὃτι
1148 3707 1404 3776 Χριστὸς
1435 3708 1658 3774 Κυρίου
1691 3708 1885 3762 ἐστίν.
1919 3709 2034 3762 υὺκ

356 3791 607 3845 ἐντεῦθεν
644 3793 700 3845 δὲ
735 3793 915 3863 μόνον,
965 3795 1101 3849 ἀλλά
1145 3799 1240 3851 καὶ
1275 3795 1542 3869 ἑτέρωθεν
1584 3799 1649 3850 ἐκ
1690 3797 1892 3868 πολλῆς
1935 3801 2034 3869 τῆς

355 3881 675 3951 περιουσίας
720 3881 869 3936 ἐστιν
902 3884 1048 3946 ἱδεῖν,
1081 3884 1197 3948 πῶς
1226 3884 1417 3957 πόρρω
1445 3903 1549 3940 που
1579 3886 1650 3940 τὰ
1691 3885 1800 3939 τῶν
1841 3887 2032 3957 ἱερέων

351 3966 599 4039 διορθοῦν
629 3969 720 4023 τὸν
746 3970 1048 4041 ἀρχόμενον
1087 3973 1376 4044 ἐστηκέναι
1412 3976 1541 4047 χρή.
1581 3974 1693 4045 Τῆς
1723 3973 1831 4046 γάρ
1862 3974 2030 4028 κιϐω-

352 4052 446 4107 τοῦ
476 4072 606 4108 ποτε
636 4057 1200 4132 ἁναγόμένης,ἐπειδή
1229 4079 1372 4127 τινες
1395 4063 1504 4116 τῶν
1527 4064 1847 4134 ἀρχομένων
1870 4081 2030 4136 περι-

352 4142 698 4213 τρεπομένην
737 4145 830 4198 καὶ
865 4147 1234 4202 καταπίπτειν
1266 4149 1565 4220 μέλλουσαν
1613 4151 1812 4215 ἰδόντες
1855 4151 2032 4224 ἀνώρ-

355 4226 555 4294 θωσαν,
584 4231 642 4282 ἐν
669 4231 818 4302 αὑτῷ
844 4232 922 4302 τῷ
947 4235 1131 4306 χωρίῳ
1157 4235 1312 4306 δίκην
1337 4236 1547 4303 ἔδοσαν,
1577 4238 1682 4291 ὑπὸ
1702 4239 1796 4292 τοῦ
1821 4240 2030 4309 Κυρίου

357 4315 656 4388 πληγέντες
680 4321 775 4373 καὶ
799 4321 984 4391 νεκροὶ
1012 4322 1317 4392 μείναντες.
1355 4323 1549 4378 Καίτοι
1575 4343 1638 4395 γε
1660 4327 1812 4380 οὐδὲν
1832 4328 2030 4382 ἄτοπον

354 4408 569 4462 ἐποίουν
589 4425 603 4438 '
629 4411 752 4464 οὐδὲ
778 4409 888 4484 γὰρ
922 4412 1224 4485 ἀνέτρεπον
1249 4415 1348 4486 τὴν
1382 4415 1633 4481 κιϐωτὸν,
1661 4417 1778 4471 ἀλλ’
1809 4419 2032 4489 ἀνατρέ-

352 4496 550 4550 πεσθαι
585 4497 883 4566 μέλλουσαν
918 4501 1012 4552 καὶ.
1039 4501 1405 4556 καταπίπτειν
1430 4504 1728 4576 ἀνώρθουν.
1775 4505 1913 4559 Ἀλλ’
1942 4507 2030 4561 ἴνα

350 4578 425 4659 ἐκ,
451 4578 652 4648 πολλῆς
683 4583 1000 4651 περιουσίας
1030 4584 1208 4656 μάθῃς
1235 4587 1344 4639 τῶν
1377 4586 1569 4659 ἱερέων
1590 4588 1651 4642 τὸ
1673 4587 1911 4658 ἀξίωμα,
1934 4592 2029 4645 καὶ

351 4657 470 4722 πῶς
521 4661 582 4712 οὑ
629 4661 787 4732 θέμις
821 4663 911 4716 τὸν
957 4667 1402 4739 ὑποτεταγμένον
1432 4657 1526 4724 καὶ
1553 4672 1612 4724 ἐν
1645 4672 1796 4739 τάξει
1818 4657 2028 4727 λαῖκῶν

349 4743 478 4798 ϐντα
527 4745 753 4798 τοιαῦτα
777 4747 1130 4820 ἐπανορθοῦν,
1177 4752 1499 4811 ἀπέκτεινεν
1534 4756 1733 4819 αὐτοὺς
1778 4758 1836 4809 ἐν
1875 4757 2028 4827 μέσῳ

347 4827 428 4899 τῷ
471 4828 690 4899 πλήθει,
741 4832 864 4896 τοὺς
911 4833 1104 4898 ἄλλους
1136 4836 1340 4902 πάντας
1373 4839 1436 4893 ἐκ
1471 4839 1673 4910 πολλῆς
1705 4840 1886 4910 φοϐῶν
1928 4844 2026 4912 τῆς

349 4912 680 4986 ὑπερϐολῆς,
737 4916 832 4970 καὶ
874 4917 1079 4972 πείθων
1123 4921 1393 4992 μηδέποτε
1424 4925 1538 4986 τοῖς
1578 4924 1677 4994 τῆς
1727 4925 2027 4997 ἱερωσύνης

347 4998 632 5080 προσιέναι
658 4999 891 5059 ἀδύτοις.
925 5003 987 5056 Εἰ
1016 5003 1125 5075 γάρ
1155 5004 1218 5076 δὴ
1245 5004 1489 5074 μέλλοιεν
1520 5006 1742 5061 ἕκαστοι
1769 5009 1861 5061 ἐπὶ
1895 5025 2026 5080 προ-

348 5079 510 5148 φάσει
548 5081 643 5134 τοῦ
671 5081 739 5134 τά
768 5083 954 5145 κακῶς
987 5087 1247 5157 γινόμενα
1277 5087 1524 5158 διορθοῦν
1548 5091 1626 5153 εἱς
1653 5091 1714 5143 τὸ
1742 5091 1842 5161 τῆς
1869 5079 2025 5162 ἱερω-

350 5162 513 5235 σύνης
557 5166 798 5234 εἰσάγειν
843 5169 1069 5232 ἑαυτοὺς
1102 5170 1318 5242 ἀξίωμα
1340 5210 1354 5234 ,
1411 5171 1534 5225 οὔτε
1567 5172 1713 5246 [191]
1749 5175 2024 5244 πρόφασις

349 5246 616 5318 ἐπιλείψει
641 5248 982 5321 διορθώσεώς
1009 5268 1160 5318 ποτε,
1192 5251 1316 5306 οὔτε
1349 5254 1606 5325 ἄρχοντα,
1638 5255 1758 5310 οὔτε
1783 5257 2022 5329 ἀρχόμε-

349 5346 438 5383 νον
485 5331 920 5403 διαγνωσόμεθα,
972 5334 1438 5409 ἀναμεμιγμένων
1481 5339 1700 5394 πάντων
1747 5341 2018 5410 ἀλλήλοις.

351 5413 461 5465 Καὶ
497 5415 571 5485 μή
620 5415 688 5484 μέ
723 5433 808 5480 τις
841 5416 1036 5490 νομίσῃ
1079 5419 1188 5472 τῶν
1216 5421 1405 5493 ἱερέων
1439 5425 1824 5492 κατεγνωκότα
1848 5425 2021 5495 ταῦτα

347 5496 526 5567 λέγειν
563 5501 673 5571 (διὰ
715 5502 822 5574 γάρ
863 5503 961 5575 τὴν
994 5502 1089 5558 τοῦ
1118 5503 1257 5559 Θεοῦ
1297 5506 1488 5579 χάριν,
1529 5507 1765 5579 πολλὴν,
1808 5509 1884 5573 ώς
1926 5511 2021 5563 καὶ

350 5580 507 5652 ὑμεῖς
537 5584 672 5648 ι’στε,
697 5587 797 5656 τὴν
826 5587 1125 5643 ἐπιείκειαν
1153 5590 1212 5643 ἐν
1245 5591 1448 5645 ἅπασιν
1475 5591 1894 5662 ἐπιδείκνυνται,
1927 5593 2020 5646 καὶ

352 5722 538 5844 ﬁt"???
561 5719 760 5788 Coislin,
778 5725 971 5786 melius,
991 5739 1133 5788 quam
1174 5729 1347 5781 Morel.
1370 5731 1416 5781 τί
1441 5733 1491 5782 δὲ
1517 5725 1686 5808 γξιοιιδ
1720 5735 1777 5783 ἂν
1803 5735 1888 5786 τοῦ
1911 5737 2017 5800 βίον

1131 287 1190 345 S.
1232 287 1522 344 JOANNIS
1559 258 2422 344 CHRYSOSTOMfARCHIEP.
2463 272 3016 337 CONSTANTINOP.

3712 263 3816 325 206

2150 377 2409 448 οὐδεμίαν
2432 379 2607 434 οὑδενί
2631 399 2760 435 ποτε
2787 382 3170 453 παρεσχήκασι
3185 378 3402 451 λαϐὴν),
3420 379 3535 433 ἀλλ’
3553 379 3642 435 ἵνα
3661 379 3816 452 ὑμεῖς

2149 463 2380 536 μάθητε,
2418 467 2500 519 ὅτι
2533 470 2582 520 εί
2613 469 2707 522 καὶ
2740 469 3048 540 μοχθηροὺς
3083 467 3258 537 εἴχετε
3286 467 3530 537 πατέρας
3563 465 3657 522 καὶ
3683 486 3816 540 φορ-

2145 552 2329 615 τικοὺς
2362 552 2735 620 διδασκάλους,
2764 557 2884 610 οὑδὲ
2907 554 3080 619 οὕτως
3107 554 3390 608 ἀκίνδυνον
3425 555 3555 626 ὑμῖν
3582 551 3672 625 ἦν,
3698 555 3816 610 οὑδὲ

2145 639 2381 707 ἀσφαλὲς
2427 641 2766 714 βλασφημεῖν
2799 644 2997 707 αὐτοὺς
3041 643 3136 696 καὶ
3181 641 3557 714 λοιδορεῖσθαι.
3600 645 3660 696 Εἰ
3708 643 3813 715 γὰρ

2144 723 2236 778 ἐπὶ
2271 727 2378 780 τῶν
2413 731 2742 800 σωματικῶν
2777 731 2980 800 γονέων
3023 731 3184 799 σοφός
3210 730 3291 793 τίς
3325 747 3479 802 φησι,
3511 730 3640 786 Κάν
3674 731 3812 786 ἀπο-

2141 813 2291 882 λίπῃ
2327 817 2603 880 σύνεσιν,
2641 817 3009 889 συγγνώμην
3041 818 3174 887 ἔχε·
3219 818 3272 877 τί
3314 820 3424 888 γάρ
3471 819 3651 882 αὐτοῖς
3683 821 3818 872 ἀπο-

2141 898 2355 966 δώσεις,
2387 903 2569 968 καθῶς
2598 906 2753 960 αὑτοί
2789 923 2900 971 σοι;
2937 903 3119 975 πολλῷ
3160 904 3363 975 μᾶλλον
3394 906 3488 958 ἐπὶ⁸
3514 906 3622 958 τῶν
3652 923 3816 960 πνευ-

2145 990 2390 1057 ματικῶν
2442 992 2630 1047 τοῦτον
2677 993 3042 1063 φυλάττεσθαι
3082 995 3188 1065 χρὴ
3240 994 3332 1046 τὸν
3371 995 3554 1064 νόμον,
3597 995 3690 1048 καὶ
3724 995 3818 1049 τὸν

2141 1075 2374 1130 ἑκάστου
2408 1077 2522 1148 βίον
2553 1081 2745 1134 ἐαυτὸν
2775 1081 3004 1135 ἕκαστον
3033 1081 3496 1152 περιεργάζεσθαι
3527 1084 3620 1135 καὶ
3655 1081 3820 1136 πολυ-

2141 1159 2513 1234 πραγμονεῖν,
2548 1166 2636 1222 ἴνα
2669 1167 2744 1240 μὴ
2779 1167 3110 1238 ἀκούσωμεν
3147 1168 3266 1222 κατ’
3294 1169 3514 1240 ἐκείνην
3552 1171 3651 1242 τὴν
3677 1170 3820 1241 ἡμέ-

2141 1267 2260 1321 ραν,
2319 1252 2651 1322 Ὑποκριτὰ,
2709 1257 2768 1309 τί
2806 1256 3066 1322 βλέπεις
3110 1256 3178 1310 τὸ
3220 1256 3448 1324 κάρφος
3497 1256 3563 1310 τὸ
3615 1258 3686 1310 ὲν
3735 1256 3820 1324 τῷ

2140 1339 2426 1410 ὀφθαλμῷ
2442 1342 2548 1398 τοῦ
2577 1343 2846 1412 ἀδελφοῦ
2875 1360 3012 1408 σου,
3040 1343 3154 1413 τὴν
3185 1344 3252 1398 δὲ
3275 1345 3346 1398 ἐν
3375 1344 3457 1410 τῷ
3483 1343 3573 1410 σῷ
3594 1347 3820 1414 ὀφθαλ-

2136 1425 2228 1496 μῷ
2261 1429 2333 1481 οὐ
2366 1430 2681 1497 κατανοεῖς
2704 1431 2922 1495 δοκόν-ς
2949 1433 3057 1485 Καὶ
3080 1432 3190 1504 γὰρ
3216 1433 3524 1504 ὑποκριτῶν
3549 1434 3730 1505 ἔργον,
3755 1434 3820 1490 :6

2137 1510 2372 1587 δημοσίᾳ
2421 1518 2518 1587 μὲν
2565 1520 2662 1573 καὶ
2704 1521 2922 1574 πάντων
2955 1521 3211 1592 ὁρώντων
3253 1521 3356 1585 τὰς
3402 1525 3592 1593 χεῖρας
3638 1522 3818 1592 φιλεῖν

2135 1599 2246 1654 τῶν
2302 1603 2522 1672 ἱερέων,
2565 1607 2660 1660 καὶ
2704 1609 2946 1676 γονάτων
2979 1609 3246 1662 ἅπτεσθαι
3267 1651 3282 1676 ,
3335 1610 3428 1662 καὶ⁸
3479 1610 3817 1681 παρακαλεῖν

2137 1686 2280 1759 ὑπὲρ
2320 1690 2501 1746 αὑτῶν
2542 1692 2832 1764 εὔχεσθαι,
2866 1696 2958 1748 καὶ
2990 1695 3276 1766 δεομένους
3313 1696 3689 1767 βαπτίσματος
3721 1697 3818 1751 ἐπὶ⁵

2136 1771 2235 1836 τάς
2257 1775 2483 1830 ἐκείνων
2501 1779 2716 1851 τρέχειν
2747 1781 2940 1852 θύρας,
2971 1783 3110 1836 οῖκοι
3135 1783 3192 1836 δὲ
3219 1786 3315 1836 καὶ
3343 1785 3401 1836 ἐν
3432 1785 3661 1856 ἀγοραῖς
3687 1785 3818 1849 τοὺς

2134 1859 2406 1916 τοσούτων
2453 1865 2674 1934 ἀγαθῶν
2707 1869 2916 1934 αἰτίους
2949 1870 3079 1941 ἡμῖν
3129 1870 3224 1923 καὶ
3259 1870 3541 1935 διακόνους
3599 1872 3817 1942 μυρίοις

2137 1946 2360 2002 πλύνειν
2374 1950 2691 2025 όνείδεσιν,ἢ
2707 1955 2793 2008 ἑτέ
2801 1969 2908 2026 ρων
2923 1957 3289 2022 ὀνειδιζόντων
3304 1958 3614 2029 ἀνέχεσθαι.
3634 1961 3693 2012 Et
3714 1961 3816 2029 μέν

2135 2034 2242 2103 γάρ
2265 2035 2480 2108 ἀληθῶς
2515 2041 2683 2106 κακὸς
2710 2045 2740 2097 ό
2771 2045 2976 2116 πατὴρ,
3006 2045 3124 2108 πῶς
3148 2046 3311 2100 αὑτὸν
3332 2046 3644 2111 ἀξιόπιστον
3673 2043 3816 2102 εἶναι

2134 2123 2376 2193 νομίζεις
2389 2125 2634 2182 διάκονον
2649 2129 2750 2200 τῆς
2765 2131 2872 2184 τῶν
2892 2132 3134 2203 φρικτῶν
3149 2133 3375 2187 ἐκείνων
3390 2152 3459 2205 μυ
3467 2135 3780 2204 σταγωγίας
3795 2150 3813 2200 ὅ

2135 2208 2199 2263 Ei
2236 2211 2290 2264 δὲ
2329 2212 2642 2280 ἀξιόπιστος
2667 2218 2893 2272 ἐκείνων
2917 2215 3057 2274 εἷναί
3091 2237 3174 2274 σοι
3204 2221 3354 2275 δοκεῖ
3380 2221 3816 2286 διάκονος,τίνος

2134 2295 2318 2351 ἕνεκεν
2366 2300 2536 2375 ἀνέχῃ
2585 2304 2772 2369 κακῶς
2824 2306 3028 2378 ἐτέρων
3061 2306 3326 2376 λεγόντων
3367 2309 3551 2375 αὑτὸν,
3580 2311 3676 2362 καὶ
3712 2311 3814 2364 οὐκ

2134 2384 2508 2459 ὲπιστομίζεις
2528 2431 2542 2455 ,
2574 2392 2696 2445 οὑδὲ
2729 2395 3061 2462 ἀγανακτεῖς
3085 2435 3100 2460 ,
3128 2397 3249 2450 οὑδέ
3275 2397 3650 2470 δυσχεραίνεις
3669 2441 3684 2465 ,
3725 2398 3812 2451 ῖνα

2134 2474 2289 2543 παρὰ
2315 2475 2410 2528 τοῦ
2444 2476 2579 2530 Θεοῦ
2612 2479 2781 2534 πολὺν
2823 2481 2913 2535 τὸν
2949 2483 3143 2552 μισθὸν
3190 2484 3506 2559 ἀπολάϐῃς,
3545 2487 3638 2540 καὶ
3681 2489 3818 2556 παρ’

2135 2559 2315 2612 αὐτῶν
2362 2561 2584 2616 ἐκείνων
2619 2565 2730 2619 τῶν
2773 2569 3224 2641 κατηγορούντων
3257 2572 3348 2625 τὸν
3391 2573 3646 2641 ἐπαινον;
3694 2574 3812 2628 Κᾶν

2135 2647 2244 2718 γάρ
2275 2650 2536 2720 μυριάκις
2576 2645 2710 2706 ὦσιν
2748 2655 3036 2727 ὑϐρισταὶ,
3082 2659 3301 2723 πάντως
3337 2661 3712 2715 ἐπαινέσονταί
3752 2679 3812 2716 σε

2136 2734 2231 2788 καὶ
2273 2735 2626 2802 ἀποδέξονται
2675 2743 2775 2812 τῆς
2819 2745 2949 2815 περὶ
2995 2746 3124 2810 τοὺς
3173 2747 3414 2818 πατέρας
3455 2749 3810 2820 κηδεμονίαςο

2135 2821 2347 2896 ὥσπερ,
2377 2824 2443 2878 ἂν
2477 2828 2552 2900 μὴ
2575 2829 2735 2883 τοῦτο
2778 2831 3042 2902 ποιῶμεν,
3074 2833 3312 2897 ἅπαντες
3341 2835 3497 2905 ⁴ἡμῶν
3526 2836 3813 2906 καταγνώ-

2136 2927 2341 2975 σονται,
2379 2913 2474 2967 καὶ
2512 2917 2666 2970 αὑτοὶ
2697 2919 2746 2970 οἱ
2781 2919 2967 2983 κακῶς
2995 2919 3266 2989 λέγοντες.
3294 2923 3405 2976 Καὶ
3429 2923 3490 2976 οὑ
3523 2922 3684 2976 τοῦτο
3713 2925 3810 2995 μό-

2134 3015 2224 3051 νον
2246 3000 2366 3054 ἐστὶ
2391 3002 2451 3055 τὸ
2479 3002 2672 3071 δεινὸν,
2700 3005 2817 3059 ἀλλ’
2845 3008 2927 3059 ὅτι
2966 3007 3062 3060 καὶ
3095 3010 3214 3061 ἐκεῖ
3245 3008 3344 3080 τὴν
3376 3010 3613 3080 ἐσχάτην
3643 3010 3812 3065 δώσο-

2137 3103 2238 3157 μεν
2265 3089 2438 3162 δίκην.
2469 3091 2636 3144 Οὑδέν
2660 3092 2771 3165 γὰρ
2799 3093 2942 3147 οὑτω
2965 3095 3064 3158 τὰς
3104 3095 3432 3167 Ἐκκλησίας
3461 3097 3808 3169 λυμαίνεται,

2133 3174 2210 3240 ώς
2246 3178 2403 3232 τοῦτο
2428 3179 2492 3233 τὸ
2511 3180 2726 3252 νόσημα
2745 3198 2758 3211 ·
2787 3184 2879 3236 καὶ
2915 3182 3167 3255 καθάπερ
3191 3184 3351 3255 σῶμα
3394 3186 3467 3257 μὴ
3499 3186 3638 3256 μετά
3661 3189 3813 3258 ἀκριο

2135 3263 2288 3328 ϐείας
2322 3265 2700 3336 συνδεδεμένον
2742 3271 2809 3339 τῇ
2857 3269 2968 3323 τῶν
3015 3270 3223 3341 νευρῶν
3279 3272 3560 3343 περιϐολῇ,
3609 3274 3811 3340 πολλάς

2133 3351 2307 3405 τίκτει
2332 3353 2430 3417 τάς
2458 3355 2792 3425 ἀρρωστίας,
2823 3358 2917 3411 καὶ
2942 3357 3172 3412 ἀϐίωτον
3205 3362 3353 3413 ποιεῖ
3382 3360 3474 3414 τὸν
3502 3360 3638 3428 βίον·
3664 3362 3811 3418 οῦτω

2135 3437 2228 3490 καὶ
2265 3437 2585 3508 Ἐκκλησία,
2628 3440 2703 3510 μὴ
2736 3440 2941 3512 σφοδρᾷ
2971 3442 3067 3494 καὶ
3099 3444 3336 3514 ἀρραγεῖ
3366 3445 3430 3515 τῇ
3464 3446 3562 3514 τῆς
3595 3445 3810 3513 ἀγάπης

2137 3519 2327 3572 ἁλύσει
2353 3521 2820 3593 περιϐεϐλημένη,
2843 3523 3069 3594 μυρίους
3093 3517 3272 3578 τίκτεί
3284 3525 3571 3595 πολέμους,
3591 3533 3684 3580 καὶ
3711 3536 3811 3599 την

2135 3604 2306 3675 ὀργὴν
2340 3605 2432 3658 τοῦ
2477 3606 2612 3659 Θεοῦ
2661 3605 2837 3671 αὔξει,
2880 3608 2974 3662 καὶ
3007 3607 3217 3661 πολλῶν
3244 3610 3565 3680 πειρασμῶν
3598 3611 3810 3678 γίνεται

2135 3686 2408 3751 ὑπόθεσις.
2441 3689 2557 3742 Ἵνα
2583 3685 2675 3743 οῦν
2710 3690 2784 3761 μὴ
2819 3690 2993 3744 ταῦτα
3034 3692 3342 3764 συμϐαίνῃ,
3395 3692 3526 3763 μηδέ
3555 3693 3644 3746 τὸν
3675 3693 3810 3746 Θεὸν

2137 3770 2558 3842 παροξύνωμεν,
2599 3774 2692 3827 καὶ
2721 3772 2788 3826 τά
2815 3774 3062 3847 ἡμέτερα
3091 3774 3488 3845 ἐπαυξήσωμεν
3514 3776 3679 3838 κακά,
3710 3777 3808 3829 καὶ

2132 3853 2232 3924 τὴν
2261 3855 2481 3909 κόλασιν
2515 3857 2892 3928 ἀπαραίτητον
2927 3857 3445 3928 παρασκευάζωμεν,
3478 3859 3572 3912 καὶ
3603 3859 3808 3930 πελλῆς

2132 3939 2325 4009 ἀηδίας
2360 3938 2657 4011 πληρῶμεν
2687 3940 2786 4011 τὴν
2818 3940 2964 4010 ζωὴν
3004 3939 3100 4011 τὴν
3135 3940 3430 4012 ἡμετέραν,
3479 3941 3506 3980 ιο
3553 3941 3688 4010 πρῆς
3717 3942 3810 3994 εὑο

2133 4018 2346 4091 φημίαν
2372 4019 2470 4090 τὴν
2499 4020 2745 4088 γλῶτταν
2779 4019 3104 4090 μεταθέντες
3123 4061 3137 4084 ,
3165 4021 3256 4074 τὸν
3285 4021 3494 4074 ἑαυτῶν
3525 4021 3644 4072 καθ’
3673 4021 3807 4074 ἐκά-

2135 4118 2266 4172 στην
2291 4102 2504 4172 ἡμέραν
2522 4101 3020 4174 περιεργαζώμεθα
3046 4103 3180 4174 βίον,
3198 4103 3291 4156 καὶ
3317 4104 3416 4175 τὴν
3441 4103 3642 4175 ἐτέρων
3660 4103 3809 4176 ζωὴν

2130 4183 2209 4254 τῷ
2241 4184 2312 4238 τά
2339 4185 2631 4256 ἀπόρρητα
2666 4185 2806 4256 μετὰ
2839 4187 3124 4260 ἀκριϐείας
3155 4187 3316 4240 εἱδότι
3346 4189 3552 4257 κρίνειν
3587 4189 3808 4258 ἐπιτρέ-

2129 4266 2330 4336 ψαντες
2351 4309 2366 4330 ,
2394 4269 2547 4321 αὑτοὶ
2579 4267 2649 4322 τά
2677 4268 2885 4322 ἑαυτῶν
2917 4272 3290 4342 ἁμαρτήματα
3321 4273 3614 4343 κρίνωμεν.
3649 4271 3805 4324 ῦῦτω

2129 4346 2240 4416 γάρ
2282 4347 2373 4400 καὶ
2423 4348 2484 4401 τὸ
2532 4349 2631 4419 τῆς
2676 4349 2901 4421 γεέννης
2951 4350 3292 4421 δυνησόμεθα
3331 4351 3612 4420 διαφυγεῖν
3667 4349 3801 4419 πῦρ.

2132 4430 2344 4501 Ὥσπερ
2374 4432 2484 4502 γάρ
2523 4431 2674 4485 οἱ.τά
2715 4432 2969 4504 ἀλλότρια
3011 4433 3590 4506 πολυπραγμονοῦντες
3630 4432 3799 4501 κακὰ,

2127 4513 2236 4568 τῶν
2263 4514 2480 4567 οἱκείων
2502 4515 2690 4569 οὑδένα
2719 4516 2999 4570 ποιοῦνται
3029 4517 3215 4585 λόγον’
3263 4517 3413 4588 [I92]
3438 4517 3610 4581 οὕτως
3639 4519 3686 4569 οἱ
3711 4516 3796 4570 δε-

2127 4596 2365 4660 δοικότες
2413 4600 2492 4661 εἱς
2527 4597 2620 4652 τὸν
2663 4599 2864 4670 ἐτέρων
2904 4599 3229 4670 παρακύψαι
3273 4599 3404 4670 βίον,
3437 4597 3639 4668 πολλὴν
3673 4599 3802 4651 ἐαυυ

2125 4683 2237 4745 τοῖς
2278 4682 2385 4735 τῶν
2417 4681 2970 4753 πεπλημμελημένων
3015 4685 3334 4754 ποιήσονται
3382 4681 3479 4751 τὴν
3508 4681 3794 4751 φροντίδαο

2125 4767 2175 4816 οἱ
2214 4763 2271 4816 δέ
2318 4765 2386 4819 τά
2433 4766 2644 4818 ἑαυτῶν
2686 4765 3134 4836 ἀναλογιζόμενοι
3162 4765 3328 4828 κακά,
3354 4763 3648 4818 καὶταῦτα
3675 4763 3796 4817 καθ’

2125 4846 2362 4919 ἑκάστην
2393 4849 2668 4919 κρίνοντες
2691 4849 2790 4921 τὴν
2816 4851 3050 4920 ήιιέραν,
3080 4851 3173 4903 καὶ
3203 4849 3358 4912 δίκας
3382 4849 3607 4910 ἐαυτοὺς
3633 4849 3798 4900 ἀπαι-

2123 4928 2342 4993 τοῦντες
2362 4972 2376 4994 ,
2407 4932 2611 5004 ἥμερον
2640 4931 2822 4996 ἕξουσι
2854 4933 2975 4986 τότε
3007 4933 3098 4985 τὸν
3127 4933 3404 5001 δικαστήν.
3434 4931 3542 4984 Καὶ
3573 4929 3732 4983 τοῦτο
3766 4932 3797 4984 ό

2125 5011 2334 5076 Παῦλος
2360 5013 2532 5085 δηλῶν
2562 5015 2745 5083 ἔλεγεν
2765 5033 2778 5047 ⁸
2805 5017 2871 5069 El
2906 5017 3012 5085 γὰρ
3037 5014 3292 5078 ἑαυτοὺς
3322 5015 3656 5082 ἑκρίνομεν,
3681 5016 3794 5068 οὐκ

2123 5093 2200 5148 ἂν
2226 5095 2577 5165 ἐκρινόμεθα
2609 5098 2727 5152 ὑπὸ
2771 5099 3014 5166 Καρίου.
3052 5099 3146 5152 Ἱν’
3179 5092 3270 5150 οῦν
3305 5095 3658 5166 διαφύγωμεν
3694 5096 3794 5165 τὴν

2120 5177 2298 5249 ψῆφον
2325 5181 2561 5252 ἐκείνην.
2578 5181 2752 5235 πάντα
2778 5181 2846 5234 τά
2871 5181 3004 5236 ἄλλα
3030 5181 3281 5251 ἀφέντες,
3302 5179 3794 5252 περιεργαζώμεθα

2121 5264 2220 5334 τὴν
2268 5263 2476 5317 ἑαυτῶν
2527 5263 2701 5336 ζωὴν,
2749 5265 2842 5318 καὶ
2886 5263 3204 5336 κολάζωμεν
3250 5264 3343 5316 τὸν
3389 5263 3648 5332 λογισμὸν
3699 5261 3792 5314 τὸν

2123 5345 2454 5416 ἁμαρτάνειν
2505 5347 2896 5411 ἀναπείθοντα,
2939 5350 3032 5402 καὶ
3083 5347 3504 5417 κατανύττωμεν
3557 5345 3619 5399 :6
3663 5361 3791 5399 συν·

2121 5427 2257 5492 ειδὺς
2283 5468 2298 5492 ,
2340 5429 2433 5482 καὶ
2459 5428 2617 5499 λόγον
2645 5431 2869 5495 ἑαυτοὺς
2897 5431 3220 5502 ἀπαιτῶμεν
3245 5430 3353 5484 τῶν
3383 5427 3789 5501 πεπραγμένων

2121 5512 2269 5582 ἡμῖν.
2299 5511 2456 5566 Οὕτω
2484 5513 2592 5584 γάρ
2625 5513 2966 5586 δυνησόμεθα
2995 5514 3193 5585 κοῦφον
3221 5513 3332 5567 τῶν
3374 5513 3790 5584 ἁμαρτημάτων

2123 5595 2442 5664 ποιήσαντες
2475 5597 2534 5650 τὸ
2575 5598 2815 5668 φορτίον,
2858 5600 3186 5673 συγγνώμης
3231 5601 3533 5656 ἀπολαῦσαι
3566 5597 3788 5670 πολλῆς,

2121 5677 2328 5730 καὶτὸν
2358 5680 2600 5751 παρόντα
2627 5680 2740 5752 βίον
2769 5682 2886 5754 μεθ’
2916 5683 3110 5756 ἡδονῆς
3135 5685 3362 5754 διάγειν,
3397 5686 3493 5740 καὶ
3523 5681 3632 5735 τῶν
3670 5678 3792 5751 μελ-

2184 5797 2214 5842 b
2230 5798 2364 5863 Haec,
2386 5813 2496 5863 quae
2518 5804 2568 5855 in
2590 5803 2710 5855 Mor.
2732 5819 2900 5860 manca
2917 5813 3076 5874 erant,
3099 5813 3152 5862 in
3180 5811 3327 5865 Coisl.
3350 5811 3420 5861 sic
3437 5811 3769 5860 restituuntur
