4110 6198
421 346 532 404 205

424 463 538 518 sive
579 463 836 519 ementita
862 503 877 528 ,
906 463 1020 518 sive
1048 477 1172 519 vera
1213 465 1321 519 sint
1357 481 1478 536 quae
1507 465 1575 521 de
1617 466 1698 522 eis
1738 466 2008 522 dicimus:

430 553 683 625 quoniam
714 563 770 608 et
799 550 1100 609 Pharisaaus
1127 553 1410 624 publicano
1444 555 1577 611 nihil
1600 557 1802 624 nocuit,
1847 557 1940 612 sed
1967 566 2022 612 et

432 645 533 717 ipsi
560 644 778 716 profuit,
811 646 934 701 licet
953 662 1079 701 vera
1105 646 1172 702 de
1197 663 1264 703 eo
1287 648 1511 704 diceret.
1544 648 1807 705 Caeterum
1833 649 2018 705 nobis-

438 737 570 808 ipsis
597 736 732 791 mala
761 745 1001 793 extrema
1042 737 1141 808 ipsi
1177 741 1502 794 aceersimus
1522 781 1538 806 ,
1575 740 1715 795 sicut
1741 751 1796 795 et
1827 739 2016 796 Phari-

431 844 573 886 smus
603 829 656 886 in
685 828 921 900 seipsum
951 829 1184 901 gladium
1225 831 1438 901 impulit
1463 873 1478 894 .
1521 840 1577 887 et
1617 831 1764 887 letali
1803 840 2021 902 accepta

433 922 587 994 plaga
614 920 764 976 abiit.
798 917 866 978 Ut
892 921 1054 992 igitur
1078 937 1147 977 ne
1167 931 1222 977 et
1249 937 1346 977 nos
1365 921 1504 978 idem
1534 923 1818 992 patiamur,
1852 922 2020 991 impe-

433 1028 616 1068 remus
651 1012 925 1068 indomitae
976 1013 1188 1084 linguae.
1230 1012 1364 1068 Nam
1403 1014 1449 1069 si
1481 1014 1526 1068 is
1556 1055 1572 1080 ,
1615 1012 1705 1082 qui
1739 1013 2021 1082 publicano

435 1106 733 1172 maledixit,
760 1121 975 1176 pinnam
1003 1120 1112 1162 non
1139 1105 1325 1177 effugit
1348 1146 1364 1173 ,
1398 1121 1496 1161 nos
1517 1105 1606 1176 qui
1649 1105 1889 1175 patribus
1919 1119 2021 1160 no-

433 1198 561 1252 stris
604 1196 974 1252 maledicimus
999 1239 1017 1264 ,
1042 1212 1147 1268 qua
1200 1211 1299 1252 nos
1344 1197 1587 1266 apologis
1637 1195 1947 1251 tuebimur?
1977 1195 2022 1250 si

433 1286 594 1343 Maria
618 1327 634 1350 ,
666 1287 805 1356 quod
837 1285 985 1342 fratri
1010 1287 1178 1343 semel
1217 1286 1549 1342 maledixerit
1580 1326 1598 1353 ,
1644 1294 1844 1341 tantam
1873 1285 2022 1342 dedit

434 1393 646 1450 pinnam
669 1375 855 1450 (Nam.
890 1377 976 1433 12.
1005 1376 1122 1449 10);
1151 1376 1304 1446 cujus
1332 1376 1489 1434 nobis
1513 1376 1700 1432 salutis
1724 1391 1868 1446 spes,
1891 1390 2016 1431 cum

436 1482 537 1523 nos
566 1466 804 1537 quotidie
842 1467 1111 1538 principes
1149 1466 1370 1523 infinitis
1412 1466 1668 1523 conviciis
1710 1465 2024 1520 allicimus?

435 1557 514 1613 Ne
539 1557 612 1613 mi
627 1557 678 1611 lii
698 1556 801 1612 hoc
823 1556 944 1628 quis
963 1556 1174 1623 dixerit,
1201 1557 1291 1613 llle
1315 1555 1490 1614 Moses
1504 1565 1654 1613 erat:
1676 1567 1861 1627 potero
1877 1556 2022 1612 enim

434 1658 490 1705 et
509 1663 608 1719 ego
637 1647 836 1713 dicere,
864 1647 958 1703 llla
979 1646 1142 1703 Maria
1167 1655 1303 1704 erat.
1333 1647 1618 1714 Caeterum,
1647 1656 1705 1702 ut
1733 1655 1786 1703 et
1809 1645 1910 1701 alia
1934 1661 2018 1701 ra-

436 1739 582 1794 tione
610 1738 711 1793 hoc
739 1736 1021 1794 manifeste
1048 1751 1339 1808 cognoscas
1367 1778 1384 1804 ,
1432 1736 1574 1808 quod
1623 1751 1721 1792 nec
1753 1735 1799 1791 si
1839 1733 2023 1790 crimi-

437 1845 563 1886 num
587 1830 664 1884 rei
686 1829 792 1884 sint
813 1827 1122 1884 sacerdotes
1142 1868 1158 1895 ,
1189 1829 1256 1884 de
1286 1828 1496 1884 illorum
1527 1828 1622 1882 tibi
1653 1828 1758 1882 vita
1781 1825 2025 1896 judicare

437 1921 520 1979 fas
555 1921 662 1987 sit,
702 1920 827 1976 audi
875 1919 1004 1992 quid
1044 1920 1187 1976 dicat
1228 1918 1298 1976 de
1345 1918 1675 1989 principibus
1715 1917 2023 1973 Judzeorum

436 2013 715 2069 Christus:
747 2011 919 2084 Super
957 2011 1250 2066 cathedram
1300 2009 1461 2066 Hosis
1496 2011 1731 2065 sederunt
1771 2009 1950 2064 scribae
1977 2019 2026 2063 et

438 2101 691 2158 Pharisaei
717 2117 735 2157 :
762 2106 934 2157 omnia
959 2102 1113 2174 igitur
1132 2115 1458 2173 quacumque
1495 2100 1717 2155 dixerint
1746 2099 1888 2155 vobis
1917 2141 1932 2165 ,
1971 2108 2026 2153 ut

437 2196 669 2267 faciatis,
703 2194 856 2264 facite
880 2195 1067 2265 :juxta
1106 2210 1262 2264 opera
1306 2202 1474 2248 autem
1516 2209 1692 2247 eorum
1729 2208 1792 2247 ne
1821 2191 2024 2262 faciatis

440 2285 658 2356 (Matth.
684 2283 844 2340 23.2.
866 2282 943 2356 5).
977 2281 1115 2348 Jam,
1140 2282 1266 2352 quid
1289 2283 1393 2338 illis
1410 2282 1561 2352 pejus
1590 2281 1768 2348 fuerit,
1799 2296 2026 2353 quorum

437 2377 584 2431 zelus
612 2374 806 2430 futuris
829 2374 1104 2445 discipulis
1155 2375 1346 2430 noxius
1383 2375 1537 2429 erat?
1566 2375 1815 2430 Attamen
1849 2388 2021 2444 neque

437 2467 520 2522 sic
537 2479 632 2520 eos
651 2464 896 2536 deposuit
915 2479 946 2520 a
971 2464 1247 2536 dignitate,
1281 2480 1454 2535 neque
1475 2465 1700 2521 subditis
1713 2462 2018 2534 despicabi-

441 2555 522 2611 les
547 2555 707 2610 fecit:
735 2554 895 2624 idque
913 2554 1036 2626 jure
1062 2555 1274 2610 merito.
1300 2554 1432 2610 Nam
1466 2555 1513 2611 si
1542 2555 1708 2610 semel
1753 2554 1891 2610 hanc
1927 2569 2024 2625 po-

437 2653 684 2702 testatem
701 2643 1025 2715 arripuerint
1042 2643 1259 2711 subditi,
1271 2645 1447 2700 statim
1467 2644 1774 2716 magistratu
1792 2644 2028 2716 privatos

439 2738 710 2808 principes
749 2736 819 2793 de
849 2736 1108 2808 dignitate
1147 2736 1419 2793 deturbari
1467 2736 1787 2794 videbimus.
1819 2736 2027 2807 Eapro-

441 2841 560 2903 pter
589 2829 784 2886 Paulus
810 2843 932 2885 cum
981 2829 1276 2902 principem
1323 2829 1662 2886 sacerdotum
1717 2827 2028 2884 Iudaeorum

439 2923 762 2980 contumelia
791 2921 1090 2989 affecisset,
1119 2939 1182 2979 ac
1210 2921 1436 2979 dixisset
1466 2941 1480 2979 :
1508 2922 1761 2978 Percutiet
1790 2931 1838 2976 te
1864 2919 2024 2987 Deus,

441 3016 610 3093 paries
633 3015 903 3076 dealbate:
932 3025 978 3071 et
1006 3025 1059 3070 tu
1079 3016 1324 3090 judicans
1352 3033 1430 3071 me
1448 3014 1632 3089 sedes(
1659 3018 1774 3071 Act.
1797 3013 1888 3071 25.
1917 3013 2028 3084 3)?

446 3124 728 3184 postquam
754 3122 932 3168 autem
966 3109 1225 3183 quosdam
1246 3109 1448 3164 audivit
1479 3123 1539 3181 se
1562 3108 1901 3177 increpantes
1929 3149 1946 3173 ,
1973 3116 2030 3162 et

443 3204 684 3261 dicentes
707 3221 722 3258 :
754 3202 833 3258 Po
845 3203 1065 3273 nti/icem
1092 3200 1187 3255 Dei
1213 3199 1448 3254 conviciis
1474 3199 1678 3254 incessis
1721 3196 1827 3270 (Ib.
1853 3215 1900 3252 ιν.
1922 3198 1978 3269 4)
2003 3202 2027 3252 τ

444 3305 744 3352 monstrare
758 3295 977 3359 volens,
1005 3301 1260 3364 quantum
1292 3300 1502 3362 oportet
1530 3288 1898 3346 sacerdotibus
1935 3290 2030 3346 Dei

445 3385 700 3442 exhibere
733 3385 991 3440 honorem
1027 3392 1082 3439 et
1123 3382 1478 3439 reverentiam
1512 3422 1530 3449 ,
1567 3379 1695 3452 quid
1722 3379 1893 3436 dicit?
1921 3379 2024 3436 Ne-

446 3474 664 3530 sciebam
688 3474 823 3544 quod
861 3474 1089 3545 pontifex
1115 3471 1212 3528 Dei
1229 3481 1358 3528 esset
1391 3471 1410 3542 (
1439 3469 1520 3526 Ib.
1546 3487 1595 3526 υ.
1627 3470 1662 3527 5
1681 3469 1724 3542 ).
1744 3470 2031 3542 Propterea

447 3574 504 3620 et
529 3563 693 3618 David
718 3605 734 3629 ,
763 3578 882 3619 cum
923 3563 1138 3619 Saulem
1173 3561 1619 3633 apprehendisset
1657 3561 2031 3632 prscvaricato-

448 3669 586 3720 rem,
609 3663 665 3709 et
690 3655 983 3724 spirantem
1013 3652 1359 3708 homicidium
1378 3694 1393 3717 ,
1420 3652 1706 3724 multisque
1735 3651 1908 3722 pmnis
1955 3650 2035 3706 di-

447 3762 610 3819 gnum
632 3764 646 3800 :
672 3763 779 3801 non
810 3746 980 3800 solum
1008 3745 1125 3816 ejus
1156 3746 1278 3800 vita:
1302 3745 1544 3816 pepercit
1572 3785 1589 3812 ,
1638 3743 1734 3800 sed
1777 3758 1951 3814 neque
1977 3752 2035 3798 ut

451 3839 674 3894 verbum
702 3853 952 3909 asperum
994 3838 1046 3892 in
1081 3852 1202 3892 eum
1225 3837 1493 3907 jaceretur
1523 3879 1538 3903 ,
1579 3837 1830 3892 sustinuit
1857 3877 1872 3902 ,
1901 3851 2031 3892 cau-

451 3945 671 4001 samque
693 3946 894 4000 ponens
909 3929 1038 3984 dicit
1055 3947 1067 3982 :
1083 3927 1309 3984 Christus
1322 3928 1525 3983 Domini
1539 3937 1612 3982 est
1629 3928 1676 3998 (l
1690 3966 1704 3982 .
1724 3926 2030 3999 Reg.24.7).

452 4020 635 4092 Neque
655 4020 779 4076 hinc
803 4020 998 4087 solum,
1021 4019 1114 4075 sed
1145 4027 1198 4074 et
1221 4018 1437 4074 aliunde
1455 4017 1636 4074 videre
1657 4018 1779 4073 licet
1795 4018 2032 4087 copiose,

451 4113 720 4185 quomodo
745 4112 1016 4168 subditum
1053 4110 1237 4182 procul
1267 4125 1298 4165 a
1328 4110 1669 4166 sacerdotum
1695 4108 2036 4180 correptione

452 4206 643 4261 abesse
667 4213 896 4276 oportet.
914 4203 1045 4259 Nam
1062 4218 1182 4260 cum
1213 4203 1500 4275 aliquando
1523 4218 1648 4259 arca
1668 4202 2031 4269 reduceretur,

453 4306 510 4352 et
537 4297 870 4352 subditorum
890 4297 1052 4366 aliqui
1089 4295 1155 4350 ad
1181 4295 1387 4366 lapsum
1412 4294 1767 4351 declinantem
1796 4294 2038 4350 videntes

456 4389 741 4460 erigerent,
775 4403 841 4444 eo
866 4388 981 4458 ipso
1009 4387 1060 4442 in
1081 4387 1200 4442 loco
1223 4401 1434 4458 ptenam
1457 4385 1760 4451 dederunt,
1789 4394 1845 4441 et
1867 4400 1909 4467 τι
1929 4385 2037 4440 Do-

459 4480 608 4534 mino
651 4478 930 4549 percussi,
985 4477 1180 4532 mortui
1245 4485 1598 4544 manserunt,
1647 4475 1857 4532 tametsi
1909 4475 2040 4532 nihil

457 4579 677 4640 agerent
713 4569 1001 4626 absurdum
1031 4569 1110 4641 (ἓ.
1141 4567 1265 4640 Reg.
1296 4567 1350 4624 6.
1380 4568 1458 4639 7).
1487 4567 1604 4624 Non
1632 4567 1775 4623 enim
1801 4567 2033 4622 subver-

459 4663 642 4718 tebant
661 4705 676 4724 ,
698 4662 793 4717 sed
821 4662 1088 4732 lapsuram
1125 4660 1420 4732 erigebant.
1448 4660 1518 4716 Et
1555 4669 1614 4715 ut
1651 4675 1716 4717 ex
1744 4658 2038 4716 abundanti

457 4755 792 4810 sacerdotum
812 4753 1122 4824 dignitatem
1152 4751 1346 4819 discas,
1375 4760 1427 4807 et
1441 4750 1712 4822 quomodo
1731 4765 1836 4806 non
1863 4751 1935 4806 sit
1961 4751 2040 4805 fas

458 4845 728 4901 subditum
756 4886 772 4908 ,
795 4855 847 4900 et
875 4844 927 4899 in
948 4844 1137 4899 ordine
1155 4843 1412 4899 laicorum
1433 4843 1748 4900 existentem
1774 4841 1896 4898 talia
1917 4856 2040 4896 cor-

460 4937 666 5008 rigere:
707 4937 830 4991 illos
871 4937 922 4990 in
973 4934 1147 4990 media
1178 4934 1516 4992 multitudine
1554 4935 1751 4992 occidit
1778 4975 1794 5000 ,
1819 4943 2043 4990 czeteros

460 5041 652 5082 omnes
673 5025 775 5081 hoc
804 5025 1043 5095 prodigio
1066 5023 1352 5080 admodum
1379 5034 1606 5090 terrens.
1634 5034 1690 5081 et
1719 5022 2044 5096 persuadens

461 5119 541 5173 eis
563 5159 580 5184 ,
633 5134 700 5173 ne
737 5117 805 5173 ad
834 5117 994 5190 adyta
1032 5117 1318 5173 sacerdotii
1363 5117 1638 5174 accedant.
1666 5118 1722 5175 Si
1749 5117 1891 5174 etiim
1934 5117 2044 5172 sin-

461 5211 571 5280 guli
590 5210 813 5264 obtentu
845 5209 985 5264 male
1008 5217 1126 5264 acta
1147 5207 1444 5280 corrigendi
1473 5211 1524 5264 in
1554 5208 1837 5264 sacerdotii
1863 5207 2042 5277 digni-

465 5312 627 5358 tatem
649 5316 708 5357 se
727 5301 976 5368 inferant,
1002 5316 1290 5372 numquam
1308 5301 1480 5356 deerit
1494 5300 1791 5371 corrigendi
1809 5299 2040 5364 occasio,

462 5401 518 5447 et
545 5390 782 5446 confusis
806 5390 946 5446 inter
971 5405 1031 5446 se
1056 5391 1301 5446 omnibus
1319 5432 1334 5458 ,
1357 5391 1495 5446 inter
1525 5389 1816 5460 principem
1846 5396 1900 5444 et
1920 5388 2046 5442 sub.

463 5483 632 5539 ditum
659 5498 766 5537 non
794 5481 1182 5539 diseernemus.
1213 5481 1382 5537 Nemo
1409 5483 1522 5538 hate
1547 5497 1631 5538 me
1645 5482 1826 5538 dicere
1855 5482 2042 5552 opine-

466 5583 551 5630 tur
567 5616 582 5640 ,
603 5574 754 5645 quasi
783 5573 851 5629 ad
871 5573 1176 5630 sacerdotes
1203 5573 1531 5630 accusandos
1554 5574 1673 5643 (per
1698 5573 1790 5628 Dei
1816 5587 2045 5642 namque

464 5666 690 5737 gratiam
715 5666 766 5719 in
797 5665 1046 5720 omnibus
1073 5705 1089 5730 ,
1123 5673 1182 5719 ut
1208 5675 1262 5720 et
1286 5679 1381 5718 vos
1403 5664 1551 5720 scitis
1577 5704 1592 5730 ,
1622 5679 1866 5734 magnam
1888 5663 2042 5718 exhi-

464 5758 590 5814 bent
629 5756 954 5828 probitatem
976 5799 991 5826 ,
1019 5768 1073 5814 et
1101 5755 1296 5812 nemini
1325 5771 1572 5828 umquam
1601 5752 1914 5812 criminandi
1944 5769 2044 5810 au-

1171 346 1236 407 IN
1276 349 1498 420 ILLUD,
1540 351 1719 411 SALU
1735 353 1906 410 l‘ATE
1941 353 2345 412 PRISCILLAM
2379 355 2464 412 ET
2503 355 2831 426 AQUILAM.
2874 357 2935 413 ll.

3598 365 3702 420 ξοδ

2127 481 2242 523 sam
2265 467 2568 539 dederunt),
2597 469 2692 525 sed
2721 482 2780 526 ut
2807 471 3044 532 discatis.
3079 473 3287 528 etiamsi
3315 472 3587 544 improbos
3615 477 3711 532 ha-

2127 559 2325 615 beretis
2355 571 2534 630 patres
2557 603 2572 627 ,
2590 571 2646 617 et
2679 563 2936 618 molestos
2965 564 3252 634 magistros
3281 606 3295 629 ,
3337 580 3509 638 neque
3532 568 3610 622 sic
3633 570 3712 624 eis

2128 649 2453 705 maledicere
2493 651 2644 706 vobis
2669 667 2918 708 securum
2963 663 3018 708 et
3065 655 3268 724 absque
3295 656 3447 724 gravi
3479 658 3710 725 periculo

2127 741 2260 797 fore.
2288 742 2420 796 Nam
2449 744 2492 798 si
2520 745 2586 799 de
2621 745 2988 814 corporalibus
3013 747 3318 815 parentibus
3345 749 3560 816 sapiens
3585 749 3707 818 qui—

2126 834 2248 890 dam
2267 834 2395 889 dicit
2432 855 2446 891 :
2475 836 2538 890 Si
2560 853 2709 890 sensu
2735 837 2936 905 deficiat
2955 878 2970 900 ,
2993 838 3190 892 veniam
3215 839 3281 892 da
3300 836 3482 903 (Eccli.
3513 840 3566 894 5.
3594 839 3708 908 l5):

2127 924 2249 994 quid
2273 925 2416 979 enim
2440 926 2546 980 illis
2573 925 2754 991 dabis,
2777 927 2934 997 quale
2968 928 3065 994 ipsi
3090 928 3182 983 tibi
3210 928 3235 982 ?
3261 930 3429 984 multo
3458 930 3624 999 magis
3653 930 3704 982 in

2127 1017 2494 1086 spiritualibus
2533 1017 2653 1073 hzcc
2677 1018 2762 1074 lex
2794 1019 3166 1074 observanda:
3197 1035 3262 1074 ac
3286 1021 3705 1090 uniuscujusque

2126 1110 2361 1165 ofﬁcium
2389 1120 2467 1164 est
2488 1151 2504 1176 ,
2537 1119 2594 1164 ut
2632 1124 2783 1164 suam
2816 1110 2985 1180 ipsius
3010 1111 3169 1164 vitam
3207 1109 3490 1179 diligenter
3526 1110 3708 1166 consi-

2125 1203 2311 1268 deret,
2335 1212 2387 1258 et
2409 1203 2642 1258 excutiat
2663 1245 2679 1268 ,
2717 1218 2784 1258 ne
2810 1201 3058 1257 videlicet
3083 1202 3363 1257 audiamus
3385 1206 3436 1256 in
3457 1202 3544 1257 die
3575 1202 3668 1256 illo
3693 1221 3710 1257 :

2131 1291 2434 1363 Hypocrita,
2468 1293 2590 1360 quid
2610 1293 2747 1347 vides
2777 1296 3018 1364 festucam
3045 1292 3096 1346 in
3121 1293 3269 1347 oculo
3295 1292 3469 1362 fratris
3494 1292 3569 1346 tui
3599 1333 3614 1357 ,
3655 1293 3710 1346 in

2128 1393 2215 1438 tuo
2249 1393 2416 1438 autem
2448 1384 2592 1438 oculo
2619 1384 2806 1438 trabem
2827 1401 2928 1438 non
2955 1382 3243 1438 consideras
3273 1381 3500 1453 (Hatth.
3524 1382 3578 1437 7.
3608 1383 3711 1453 δη

2127 1472 2340 1529 Etenim
2381 1473 2784 1545 hypocritarum
2813 1489 2947 1545 opus
2973 1483 3096 1541 est,
3141 1473 3350 1544 publice
3389 1473 3605 1544 quidem
3652 1483 3712 1530 et

2125 1565 2378 1620 omnibus
2404 1564 2708 1621 videntibus
2737 1566 2965 1621 osculari
2993 1579 3182 1620 manus
3216 1567 3586 1630 sacerdotum,
3614 1580 3712 1636 ge-

2129 1670 2232 1709 nua
2265 1663 2503 1726 tangere,
2535 1656 2856 1726 supplicare,
2878 1665 2934 1710 ut
2959 1671 3056 1726 pro
3082 1671 3142 1721 se
3170 1666 3344 1721 orent,
3372 1664 3428 1711 et
3446 1656 3711 1727 baptismo

2129 1744 2425 1816 indigentes
2463 1745 2529 1800 ad
2560 1746 2770 1800 illorum
2791 1746 2986 1815 jauuas
3012 1761 3260 1802 currere:
3285 1745 3429 1801 domi
3458 1757 3635 1802 autem
3657 1758 3714 1804 et

2127 1833 2180 1888 in
2199 1833 2315 1890 foro
2337 1843 2604 1891 tantorum
2628 1836 2892 1892 bonorum
2915 1837 3069 1892 nobis
3085 1847 3331 1893 auctores
3355 1846 3408 1892 et
3439 1838 3713 1894 ministros

2129 1924 2308 1979 multis
2336 1923 2550 1980 afficere
2571 1925 2801 1996 probris,
2819 1927 2902 1982 vel
2919 1926 3371 1981 conviciatoribus
3385 1927 3712 1984 consentire.

2129 2014 2281 2082 Quod
2311 2017 2356 2070 si
2387 2030 2515 2072 vere
2544 2016 2716 2071 malus
2735 2026 2818 2073 est
2845 2026 3031 2086 pater,
3061 2017 3332 2089 quomodo
3361 2017 3464 2074 fide
3491 2017 3712 2085 dignum

2130 2115 2284 2177 putas
2311 2116 2414 2162 tam
2447 2108 2760 2163 terribilium
2793 2121 3248 2165 sacramentorum
3277 2110 3578 2165 ministrum
3605 2111 3629 2164 ?
3655 2111 3712 2167 Si

2128 2209 2306 2255 autem
2341 2198 2448 2255 fide
2489 2199 2676 2270 dignus
2703 2200 2796 2256 tibi
2830 2200 3073 2256 minister
3096 2215 3219 2257 esse
3265 2199 3477 2258 videtur
3501 2242 3517 2267 ,
3549 2215 3716 2271 quare

2130 2281 2239 2338 fers
2267 2281 2401 2338 alios
2424 2283 2472 2337 ei
2499 2283 2898 2347 maledicentes.
2929 2293 2982 2339 et
3005 2299 3107 2339 non
3136 2284 3354 2340 obturas
3381 2299 3567 2340 eorum
3596 2299 3714 2350 ora,

2131 2387 2306 2442 neque
2335 2370 2720 2435 stomacharis,
2745 2388 2918 2443 neque
2942 2388 3083 2443 aagre
3116 2371 3256 2439 fers,
3297 2383 3355 2428 ut
3397 2381 3453 2429 et
3493 2373 3714 2428 multum

2131 2461 2364 2534 accipias
2389 2478 2420 2516 a
2450 2462 2560 2518 Deo
2575 2463 2902 2528 mercedem,
2931 2471 2984 2519 et
3012 2462 3220 2517 laudem
3242 2462 3310 2519 ab
3338 2462 3470 2533 ipsis
3494 2461 3717 2518 maledi-

2130 2555 2246 2610 cis?
2284 2553 2416 2610 Nam
2452 2554 2575 2610 licet
2603 2563 2854 2611 sexcenta
2890 2555 3128 2611 convicia
3159 2554 3466 2626 proferant,
3499 2556 3718 2611 omnino

2131 2654 2311 2702 tamen
2339 2654 2390 2702 te
2419 2645 2710 2702 laudabunt
2732 2655 2790 2702 et
2812 2645 3256 2717 amplexabuntur
3272 2646 3342 2701 ob
3362 2645 3629 2717 egregiam
3661 2646 3714 2701 iu

2132 2747 2310 2810 patres
2343 2751 2760 2795 curamzcontra
2784 2755 2914 2795 vero
2937 2738 2984 2794 si
3007 2738 3108 2794 hoc
3139 2754 3244 2794 non
3275 2739 3532 2795 faciamus
3552 2780 3566 2802 ,
3595 2754 3718 2793 om-

2132 2845 2229 2885 nes
2247 2845 2346 2885 nes
2365 2829 2818 2897 condemnabunt,
2833 2830 2991 2885 etiam
3020 2830 3093 2884 illi
3125 2829 3224 2899 ipsi
3251 2829 3342 2900 qui
3366 2829 3712 2885 maledicunt.

2131 2922 2213 2978 Ad
2235 2922 2351 2978 haec
2387 2922 2594 2978 accedit
2619 2922 2745 2977 illud
2775 2921 2943 2977 multo
2967 2921 3181 2992 gravius
3208 2962 3224 2988 ,
3253 2921 3394 2992 quod
3421 2932 3716 2975 extremam

2132 3013 2239 3070 illic
2261 3013 2507 3068 dabimus
2528 3027 2760 3083 prauam.
2785 3013 2918 3082 Quia
2949 3012 3075 3067 nihil
3103 3012 3325 3082 perinde
3344 3012 3422 3068 sic
3453 3010 3718 3066 Ecclesias

2133 3104 2416 3163 labefactat
2449 3115 2610 3176 atque
2641 3106 2862 3160 morbus
2887 3105 3006 3162 ille:
3029 3115 3076 3160 et
3110 3105 3246 3160 sicut
3290 3121 3486 3174 corpus
3527 3121 3719 3160 nervo-

2134 3212 2252 3252 rum
2286 3195 2466 3251 debita
2503 3194 2817 3251 habitudine
2857 3209 3048 3250 carens
3076 3195 3273 3250 multas
3301 3195 3467 3265 gignit
3496 3196 3713 3264 agritu-

2132 3288 2316 3353 diues,
2340 3296 2394 3344 et
2422 3287 2583 3342 vitam
2608 3286 2734 3343 facit
2759 3286 3037 3341 molestam
3061 3304 3074 3340 :
3098 3285 3170 3340 ita
3203 3284 3444 3340 Ecclesia
3471 3301 3574 3339 non
3602 3285 3713 3340 cir-

2133 3381 2381 3438 cumdata
2411 3379 2533 3436 forti
2557 3381 2645 3436 illa
2667 3389 2719 3436 et
2741 3379 2961 3435 infracta
2989 3379 3225 3435 caritatis
3249 3385 3461 3445 catena,
3486 3376 3719 3448 plurima

2135 3473 2361 3543 parturit
2389 3472 2550 3538 bella,
2581 3471 2713 3526 iram
2745 3470 2839 3526 Dei
2861 3456 3050 3542 auget,
3089 3478 3144 3526 et
3163 3468 3445 3524 multarum
3469 3467 3720 3524 teutatio-

2135 3579 2264 3619 num
2317 3572 2400 3618 est
2449 3563 2682 3618 occasio.
2729 3561 2807 3618 Ne
2851 3563 3010 3634 igitur
3061 3561 3177 3616 haec
3223 3560 3718 3630 contingant,neve

2138 3656 2305 3713 Deum
2333 3656 2718 3713 exacerbemus
2747 3696 2763 3722 ,
2794 3672 2863 3712 ne
2904 3666 3085 3711 nostra
3132 3669 3422 3727 augeamus
3451 3655 3588 3709 mala
3619 3696 3635 3720 ,
3666 3666 3722 3710 et

2136 3762 2349 3820 ptenam
2405 3756 2605 3803 certam
2646 3746 3181 3817 indeclinabilemque
3227 3760 3619 3815 comparemus,
3646 3746 3726 3796 vi-

2137 3848 2354 3909 tamque
2401 3837 2541 3893 hanc
2589 3837 2768 3892 multis
2807 3837 3068 3893 molestiis
3115 3836 3454 3905 repleamus:
3486 3844 3722 3890 nostram

2136 3929 2204 3984 ad
2232 3930 2366 3985 bene
2396 3927 2720 3998 loquendum
2755 3927 2987 3998 linguam
3031 3924 3412 3980 transferentes
3436 3965 3452 3990 ,
3483 3933 3720 3978 nostram

2138 4021 2374 4092 ipsorum
2416 4019 2580 4074 vitam
2619 4017 2841 4088 singulis
2865 4016 3054 4071 diebus
3081 4015 3364 4086 diligenter
3388 4023 3719 4077 scrutemur;

2138 4111 2363 4166 aliorum
2391 4118 2567 4164 autem
2598 4109 2758 4163 vitam
2788 4111 2926 4176 ejus,
2958 4106 3047 4178 qui
3077 4105 3236 4162 etiam
3262 4104 3527 4177 incognita
3553 4118 3714 4159 aecu-

2140 4213 2256 4261 rate
2277 4202 2425 4258 novit
2453 4243 2468 4267 ,
2494 4201 2696 4272 judicio
2725 4200 3088 4271 relinquentes
3113 4238 3130 4264 ,
3158 4198 3259 4269 ipsi
3295 4206 3476 4252 nostra
3507 4205 3724 4268 peccata

2141 4298 2476 4354 damnemus.
2495 4295 2569 4350 ita
2600 4295 2752 4350 nobis
2776 4293 3032 4366 gehennae
3058 4293 3234 4363 ignem
3266 4291 3446 4346 licebit
3467 4289 3724 4360 effugere.

2141 4387 2273 4444 Nam
2291 4388 2427 4442 sicut
2457 4387 2512 4450 ii,
2540 4386 2628 4458 qui
2658 4385 2710 4440 in
2737 4385 2928 4440 alienis
2953 4383 3216 4439 curiosius
3240 4379 3582 4456 explorandis
3611 4395 3724 4435 ma-

2147 4479 2213 4535 lis
2242 4479 2485 4550 occupati
2510 4486 2655 4543 sunt,
2681 4491 2901 4532 suorum
2928 4483 3270 4546 peccatorum
3301 4472 3502 4528 nullam
3526 4470 3729 4526 habent

2145 4571 2445 4627 rationem:
2479 4569 2549 4624 ita
2579 4570 2669 4639 qui
2709 4569 2778 4624 ab
2821 4567 2993 4621 aliena
3029 4567 3136 4621 vita
3166 4563 3501 4621 discutienda
3525 4562 3724 4618 abhor-

2144 4671 2283 4728 rent,
2316 4675 2558 4732 magnam
2581 4674 2798 4715 suorum
2825 4657 3143 4714 delictorum
3172 4656 3445 4712 habebunt
3469 4655 3727 4710 sollicitu-

2143 4757 2322 4814 dinem
2350 4774 2362 4809 :
2395 4766 2448 4811 et
2473 4755 2563 4826 qui
2588 4769 2682 4809 sua
2712 4753 3052 4810 considerant
3079 4751 3237 4817 mala,
3269 4749 3464 4820 illaque
3490 4747 3729 4819 quotidie

2145 4847 2454 4914 discutiunt,
2484 4861 2514 4901 a
2543 4845 2736 4916 seipsis
2763 4853 3115 4916 exposcentes
3139 4858 3361 4914 pteuas,
3395 4843 3578 4899 mitem
3603 4852 3730 4897 tunc

2149 4942 2379 4999 habituri
2419 4951 2544 4997 sunt
2566 4940 2820 5010 judicent.
2857 4938 2910 4993 Id
2938 4937 3078 5012 quod
3122 4937 3317 4993 Paulus
3343 4936 3622 4992 declarans
3640 4933 3728 4989 di-

2145 5037 2331 5091 cebat:
2366 5033 2502 5089 Nam
2525 5035 2569 5088 si
2599 5033 2828 5103 nosipsos
2844 5031 3194 5102 judicaremus
3223 5072 3238 5097 ,
3265 5046 3366 5084 non
3396 5039 3568 5098 utique
3581 5026 3734 5098 judb-

2147 5141 2379 5179 caremur
2396 5141 2428 5178 a
2453 5121 2669 5177 Domino
2690 5123 2738 5189 (ι
2751 5163 2765 5176 .
2782 5119 2902 5177 Cor.
2924 5121 2980 5177 ll
2999 5119 3129 5193 λι).
3148 5119 3220 5177 Ut
3235 5128 3412 5175 autem
3441 5117 3585 5173 illam
3606 5130 3733 5172 sen-

2149 5219 2366 5274 tentiam
2403 5217 2718 5290 elfugiamus
2746 5258 2762 5284 ,
2802 5216 3001 5274 relictis
3049 5215 3298 5272 omnibus
3337 5213 3494 5278 aliis,
3537 5225 3732 5280 magno

2149 5309 2327 5364 studio
2355 5310 2519 5366 vitam
2548 5321 2785 5365 nostram
2807 5308 3195 5373 cxaminemus,
3223 5305 3553 5375 corrigamus
3580 5302 3728 5372 cogi-

2149 5402 2376 5458 taliones
2413 5401 2480 5456 ad
2524 5400 2848 5471 peccandum
2882 5399 3192 5455 indecentes
3221 5437 3236 5462 ,
3263 5393 3642 5450 conscientiam
3665 5391 3731 5446 ad

2149 5493 2612 5560 compunctioucm
2637 5490 2915 5547 ﬂectamus
2933 5532 2949 5557 ,
2970 5498 3207 5544 actorum
3234 5494 3539 5541 nostrorum
3561 5483 3731 5539 ratio-

2150 5599 2266 5639 nem
2303 5593 2624 5654 repetamus.
2643 5580 2733 5639 Sic
2755 5582 2894 5637 enim
2915 5579 3206 5652 poterimus
3223 5576 3375 5634 facile
3393 5585 3730 5647 peccatorum

2150 5677 2427 5733 exonerari
2459 5677 2665 5732 sarcina
2697 5718 2712 5742 ,
2746 5675 2909 5730 multa
2948 5672 3101 5728 vcuia
3144 5671 3277 5736 frui,
3310 5677 3734 5741 pra'senteiuque

2152 5772 2308 5828 simul
2331 5771 2492 5828 vitam
2529 5786 2650 5829 cum
2688 5771 2954 5842 voluptate
2995 5768 3354 5826 transmittere
3385 5806 3401 5832 ,
3430 5771 3486 5820 et
3524 5760 3736 5832 assequi
