4110 6198
399 372 495 429 ΞΟἹ

398 476 752 533 bonafutura
787 473 1000 547 :gratia
1040 486 1094 529 et
1140 471 1506 544 misericordia
1563 466 1775 524 Domini
1817 461 1985 518 nostri

395 568 524 624 Jesu
571 568 804 634 Christi;
838 582 945 638 per
987 580 1146 638 quem
1185 573 1246 620 et
1282 577 1405 619 cum
1439 575 1546 632 quo
1569 557 1717 615 Patri
1746 555 1904 612 simul
1926 564 1986 612 et

1124 360 1181 416 S.
1220 358 1501 417 JOANNIS
1533 346 2008 415 CIIRYSOSTOMI
2049 344 2369 402 ARCHIEP.
2404 336 2947 400 CONS’I‘ANTINOP.

3561 324 3666 380 20k

2095 458 2317 529 Spiritui
2371 468 2558 514 sancto
2609 456 2678 512 sit
2729 453 2932 525 gloria,
2985 451 3038 507 in
3087 446 3283 505 secula
3334 443 3679 500 saeculorum.

2094 557 2286 611 Amen.

443 882 1814 904 n——-—-—..-‘~-—————-———o-A._——-—-.————-..-———._”
1839 883 1862 886 ,γ
1887 881 1898 885 -
1961 879 2070 884 .-._..
2103 878 2109 882 .
2139 877 2158 881 ..

2207 877 2224 881 ._
2342 876 2388 880 _,,_
2495 874 2502 876 _
2549 872 2552 875 .
2611 871 2636 875 ν.
2655 871 2674 873 ν-
2755 870 2800 874 ...η
2825 868 2904 873 .-.κ
2940 867 2996 872 ...η
3017 861 3276 870 --,η.....,,.-,.-.
3321 851 3640 866 ,υ-η--..μ-...α

1876 1153 2226 1218 MONITUM

512 1387 686 1444 Hasce
714 1395 820 1441 tres
848 1382 1122 1450 homilias,
1152 1395 1384 1453 quarum
1413 1378 1560 1448 prior
1597 1375 1650 1430 in
1680 1372 1832 1436 illud,
1873 1369 2095 1437 Propter
2127 1364 2530 1436 fornicationes,
2561 1369 2695 1426 etc.,
2723 1358 2890 1414 altera
2919 1355 2986 1412 de
3016 1353 3218 1410 Libello
3240 1350 3473 1422 repudii,
3499 1350 3678 1414 tertia,

445 1525 643 1595 Quales
675 1523 926 1578 ducenda:
954 1523 1058 1576 sint
1087 1535 1295 1586 ucores,
1324 1519 1511 1574 eodem
1537 1523 1778 1584 tempore
1805 1516 2202 1578 consequenter
2249 1503 2461 1560 habitas
2501 1501 2668 1556 fuisse
2693 1497 3048 1569 conspicuum
3077 1502 3179 1550 est.
3213 1489 3515 1546 Secundam
3537 1473 3683 1543 enim

446 1669 640 1739 paucis
669 1677 786 1739 post
810 1666 1038 1736 primam
1060 1662 1250 1718 diebus
1279 1659 1680 1732 pronuntiatam
1705 1656 1874 1710 fuisse
1900 1654 2045 1709 clare
2072 1649 2271 1705 dicitur
2299 1645 2455 1702 initio
2481 1663 2495 1699 :
2530 1642 2669 1715 Περὶ
2702 1641 2884 1711 γάμου
2916 1635 3133 1709 πρῴην,
3173 1632 3252 1686 De
3279 1629 3474 1698 nuptiis
3503 1640 3684 1694 nuper,

453 1805 509 1861 id
531 1813 638 1871 est,
667 1803 857 1874 paucis
882 1809 1004 1857 ante
1027 1800 1216 1856 diebus
1241 1816 1256 1867 ;
1281 1799 1373 1853 ubi
1405 1797 1581 1852 locum
1607 1795 1786 1864 ipsum
1820 1768 1998 1857 Pauli,
2035 1788 2266 1859 Propter
2299 1784 2701 1856 fornicationes,
2733 1790 2865 1842 etc.,
2905 1787 3069 1846 quem
3103 1771 3157 1826 in
3183 1767 3351 1840 priori
3383 1765 3687 1834 explanan-

457 1944 588 1998 dum
615 1949 946 2012 susceperat,
975 1942 1041 1996 ad
1076 1939 1297 1996 verbum
1335 1935 1545 2007 repetit.
1573 1933 1812 1989 Tertiam
1845 1931 1961 2002 pari
1992 1929 2156 1986 modo
2183 1927 2368 1999 paucis
2400 1933 2523 1997 post
2544 1920 2840 1980 secundam
2870 1916 3062 1972 diebus
3104 1919 3346 1969 secutam
3395 1919 3518 1962 esse
3557 1901 3695 1958 indi-

460 2081 1155 2153 catChrysostomus,cum
1183 2081 1284 2134 sub
1309 2077 1522 2132 initium
1552 2075 1703 2139 dlCll,
1755 2087 1814 2128 se
1861 2084 2053 2139 nuper,
2111 2065 2325 2138 πρώην,
2373 2064 2440 2120 de
2481 2061 2662 2118 libello
2708 2055 2919 2128 repudii
2958 2056 3199 2110 locutum
3236 2062 3374 2104 esse.
3425 2044 3482 2099 lu
3517 2040 3689 2111 prima

465 2219 643 2289 agitur
669 2218 934 2287 praecipue
961 2216 1028 2270 de
1053 2214 1280 2284 nuptiis,
1315 2228 1424 2283 quo
1455 2220 1612 2284 pacto
1642 2210 1848 2268 scilicet
1872 2204 2251 2265 contrahenda:
2275 2201 2384 2259 sint
2410 2218 2424 2254 :
2464 2199 2642 2268 deque
2677 2192 2912 2250 vitandis
2953 2186 3354 2248 saltationibus,

3406 2176 3655 2250 tripudiis
3679 2214 3695 2241 ,

464 2353 746 2409 obscenis
769 2352 1020 2408 cantibus
1049 2350 1221 2408 solitis
1246 2349 1672 2420 hymenaeorum,
1706 2359 1828 2417 qua:
1859 2345 2044 2400 omnia
2073 2358 2289 2414 sponsa:
2315 2338 2551 2396 castitati
2585 2335 2746 2392 noxia
2772 2346 2892 2388 esse
2923 2334 3170 2400 possunt.
3207 2322 3484 2377 lnvehitur
3516 2324 3700 2386 postea

469 2499 900 2571 Chrysostomus
923 2501 976 2555 in
1006 2513 1124 2565 eos,
1151 2497 1243 2568 qui
1274 2495 1436 2551 etiam
1465 2499 1588 2564 post
1631 2491 1823 2545 initum
1868 2483 2277 2543 matrimonium
2325 2489 2505 2535 scorta
2553 2477 2703 2532 adire
2753 2489 2860 2529 non
2910 2476 3169 2528 cessant:
3223 2479 3286 2520 ac
3323 2460 3705 2517 nonnullorum

451 2646 791 2716 ~0pinionem
824 2641 1003 2698 evellit
1023 2639 1115 2710 qui
1145 2636 1408 2708 putabant
1437 2632 1742 2688 adulterum
1779 2643 1886 2682 non
1920 2637 2040 2680 esse
2072 2620 2459 2691 coniugatum,
2487 2616 2580 2686 qui
2622 2628 2747 2670 cum
2796 2611 2966 2667 libera
3009 2613 3359 2664 scortaretur.
3385 2600 3444 2654 ln
3473 2597 3709 2656 secunda

475 2783 1008 2858 ‘de‘libcllowepudii
1044 2788 1325 2843 tractatur,
1362 2786 1416 2832 et
1445 2783 1634 2830 contra
1667 2768 2057 2825 hodiernorum
2091 2763 2405 2820 Graecorum
2442 2753 2767 2812 sententiam
2801 2759 2855 2807 et
2894 2763 3053 2805 usum
3091 2745 3372 2810 statuitur,
3405 2755 3511 2796 non
3550 2740 3712 2794 licere

461 2930 770 2988 --mulierem
799 2928 1015 2990 ducere,
1045 2921 1207 2976 etiam
1241 2931 1341 2987 pro
1364 2929 1530 2972 causa
1551 2906 1802 2968 adulterii
1835 2904 2193 2976 repudiatam.
2219 2898 2416 2954 Tertiae
2462 2901 2842 2967 argumentum
2894 2887 3072 2959 prodit
3117 2886 3233 2956 ipse
3267 2883 3456 2938 titulus
3475 2922 3490 2946 ,
3519 2879 3715 2945 Quales

477 3074 738 3131 'dncen'dw
769 3073 874 3127 sint
905 3084 1091 3124 uxores
1119 3080 1138 3119 :
1171 3078 1294 3119 nam
1326 3075 1422 3132 per
1455 3066 1621 3114 totam
1667 3051 1986 3110 concionem
2021 3046 2198 3118 agitur
2246 3043 2311 3098 de
2353 3051 2567 3112 sponsae
2601 3035 2794 3091 futura:
2846 3030 3090 3087 moribus
3136 3021 3479 3098 explorandis
3511 3029 3565 3076 ct
3611 3019 3711 3074 ad-

464 3217 1101 3286 'discendis,~'antequam
1134 3205 1446 3280 coniugium
1484 3202 1713 3256 ineatur.

1090 3499 3582 3561 *ἐμ-ἢκ,

3585 3489 3702 3504 -.ἐ

1362 3823 1508 3893 DE
1553 3813 1938 3890 VERBIS
1981 3806 2248 3883 ILLIS
2302 3793 2852 3878 APOSTOLI,

556 3999 860 4050 "norma
905 3991 1402 4044 ronurn’rtouas
1447 3990 1665 4038 suum
1710 3981 2145 4038 ouusouxsous
2188 3976 2353 4021 sum
2402 3968 2663 4017 exonera
2710 3961 2962 4008 usus“
3010 3939 3028 4019 (
3064 3940 3119 3998 1.
3155 3936 3302 3996 Cor.
3333 3932 3395 3990 7.
3432 3929 3515 4010 2)
3564 3927 3665 3999 (α).

1969 4105 2229 4162 emata

541 4251 594 4307 l.
622 4248 704 4306 Ad
741 4247 916 4304 mellis
949 4245 1122 4301 fontes
1150 4241 1310 4297 etiam
1340 4238 1500 4294 hodie
1543 4233 1702 4292 statui
1745 4245 1842 4286 vos
1878 4226 2048 4283 dedu-

467 4358 613 4411 cere,
639 4341 814 4398 mellis
838 4338 980 4411 quod
1000 4335 1268 4393 fastidium
1289 4344 1575 4403 numquam
1597 4327 1755 4400 parit.
1780 4319 2058 4394 Ejusmodi

470 4433 873 4506 namque'Pauli
901 4430 1185 4486 verborum
1214 4433 1505 4483 est'natura
1533 4439 1547 4484 ξ
1578 4430 1631 4478 et
1656 4432 1785 4473 vero
1813 4415 2057 4487 quicum-

467 4543 571 4599 que
591 4542 692 4582 sua
704 4525 865 4582 corda
889 4523 1133 4580 laticibus
1154 4515 1582 4576 exhis'l‘on‘tibus
1602 4511 1807 4568 haustis
1830 4508 2055 4579 replent,

469 4635 566 4690 per
602 4618 858 4688 Spiritum
903 4624 1144 4670 sanctum
1190 4613 1524 4683 loquuntur:
1570 4605 1679 4660 imo
1719 4617 1848 4657 vero
1888 4599 2062 4655 mellis

469 4709 719 4762 virtutem
761 4706 971 4762 ‘etiam
1019 4718 1232 4760 onmem
1283 4705 1570 4769 exsuperat
1627 4708 1899 4752 sacrorum
1945 4691 2059 4747 elo-

471 4801 718 4870 quiorum
741 4799 1012 4869 voluptas.
1044 4797 1217 4866 Atque
1245 4795 1357 4849 hoc
1399 4801 1458 4848 ut
1495 4789 1756 4847 indicaret
1804 4784 2061 4858 propheta

471 4891 684 4948 dicebat
712 4910 726 4948 :
757 4889 924 4958 Quam
943 4884 1122 4944 Huicia
1149 4885 1380 4960 faucibus
1405 4885 1529 4940 meis
1553 4882 1756 4954 eloquia
1782 4889 1890 4945 tua,
1913 4893 2064 4947 super

474 4984 576 5039 me!
594 4985 670 5039 ori
694 4999 803 5038 meo
832 4981 1004 5056 (Psal.
1042 4980 1164 5036 ll8.
1201 4979 1342 5043 105).
1374 4976 1558 5046 Neque
1597 4988 1727 5030 vero
1754 4971 1911 5026 melle
1939 4967 2062 5023 dul-

475 5076 589 5130 cior
609 5082 836 5143 tantum,
864 5073 958 5129 sed
986 5080 1042 5128 et
1067 5084 1201 5126 auro
1238 5084 1302 5124 ac
1342 5066 1525 5138 lapillo
1550 5065 1738 5136 quovis
1761 5060 2061 5133 pretiosior,

475 5175 779 5239 et'argento
807 5167 988 5238 purior
1014 5175 1097 5220 est
1126 5164 1369 5232 voluptas
1397 5159 1728 5229 eloquiorum
1759 5167 2062 5211 sacrorum.

479 5259 696 5330 Eloquia
720 5258 914 5329 quippe
945 5255 1171 5320 Domini,
1218 5251 1418 5322 eloquia
1459 5259 1618 5314 casta,
1661 5254 1924 5317 argentum
1952 5243 2068 5312 igne

480 5353 840 5417 examinatum,
860 5347 1124 5420 probatum
1140 5356 1308 5410 terra,
1323 5351 1591 5415 purgatum
1605 5333 2063 5411 septuplum(Psal.

479 5446 503 5500 l
521 5446 539 5499 l
554 5443 627 5515 .7)
640 5442 946 5513 .Pr0pterca
957 5452 1168 5510 quoque
1180 5436 1388 5492 dicebat
1399 5445 1452 5490 et
1463 5433 1674 5504 sapiens
1687 5429 1897 5501 quidam
1911 5426 2069 5483 'Com-

479 5534 626 5589 edere
652 5532 751 5588 mei
775 5533 989 5586 multum
1021 5545 1121 5585 non
1141 5528 1327 5584 bonum
1351 5527 1636 5584 :Itonorare
1669 5533 1836 5576 autem
1876 5529 2067 5590 Oportet

544 5670 562 5700 ⁸
597 5675 744 5729 unus,
768 5665 1070 5729 voluptatem.

481 5729 619 5854 “Si:
641 5719 980 5846 gpmfum
1013 5726 1263 5778 codicibus
1297 5721 1587 5778 Colbcrtinis
1627 5719 1721 5771 970
1767 5719 1915 5781 [nunc
1953 5724 2070 5780 Heg.

2162 4230 2412 4275 sermones
2437 4210 2681 4284 gloriosos
2703 4199 2992 4275 (Prov.25.
3021 4197 3138 4266 ‘27).
3171 4194 3302 4249 Nam
3333 4207 3394 4246 ex
3422 4191 3512 4245 illo
3535 4185 3751 4260 quidem

2166 4307 2407 4370 morbus,
2436 4315 2542 4373 quo
2566 4311 2832 4359 caremus,
2863 4307 3006 4362 saepe
3042 4286 3307 4360 gignitur;
3347 4284 3535 4336 horum
3574 4289 3752 4334 autem

2164 4412 2327 4470 opem
2368 4367 2424 4452 et
2455 4367 2712 4462 'corporis
2753 4382 3159 4456 aegritudinem,
3215 4390 3317 4446 qua
3357 4382 3623 4435 tenemur,
3654 4367 3752 4422 de-

2166 4478 2363 4563 ponere
2414 4495 2696 4555 possumus
2739 4497 2752 4533 :
2799 4487 2854 4532 et
2896 4472 3003 4528 mel
3047 4468 3262 4541 quidem
3316 4465 3367 4519 in
3410 4459 3757 4517 concoctioue

2165 4579 2544 4650 corrumpitur,
2569 4587 2718 4630 sacra
2738 4583 2867 4624 vero
2886 4563 3096 4634 eloquia
3117 4575 3237 4616 cum
3265 4555 3458 4610 fuerint
3476 4557 3755 4613 concocta,

2169 4686 2278 4731 tum
2302 4645 2615 4744 iucundiora
2647 4665 2777 4719 ﬁunt
2799 4670 2853 4717 et
2888 4657 3096 4713 utiliora
3125 4667 3245 4707 cum
3273 4649 3398 4712 illis,
3425 4645 3513 4715 qui
3541 4657 3600 4696 ca
3631 4654 3756 4710 pos-

2168 4733 2364 4832 sident,
2399 4772 2509 4818 tum
2540 4758 2658 4813 aliis
2687 4752 2888 4809 multis.
2939 4749 3016 4803 Ac
3060 4757 3240 4800 mensa
3272 4738 3484 4810 quidem
3514 4733 3758 4790 sensibus

2168 4824 2407 4929 subjecta
2435 4853 2562 4908 dum
2589 4846 2789 4904 all'atim
2821 4840 3086 4914 quispiam
3131 4835 3344 4898 fruitur,
3376 4830 3418 4886 si
3460 4825 3654 4883 deinde
3694 4824 3756 4877 il-

2167 4918 2284 5004 linc
2300 4953 2565 5001 saturatus
2596 4945 2785 4999 ructet,
2815 4928 3131 5002 iniucundus
3175 4926 3232 4980 ﬁt
3259 4923 3309 4979 ei
3337 4920 3427 4992 qui
3455 4918 3603 4974 illum
3630 4929 3755 4970 con-

2169 5040 2310 5095 vivio
2340 5032 2584 5102 excepit:
2616 5029 2661 5084 si
2685 5041 2814 5083 vero
2833 5021 3090 5093 spirituali
3111 5016 3349 5074 doctrina
3373 5013 3616 5080 expletus
3637 5023 3760 5062 cru-

2167 5139 2299 5195 ctet,
2329 5101 2552 5183 multum
2586 5134 2804 5178 suavem
2832 5115 3051 5171 odorem
3079 5107 3320 5166 diffundit
3356 5105 3408 5158 in
3430 5101 3760 5173 proximum.

2174 5193 2338 5277 David
2378 5215 2590 5288 quidem
2622 5219 2768 5267 certe
2805 5222 2924 5262 cum
2968 5205 3049 5258 his
3090 5199 3314 5270 dapibus
3351 5210 3410 5250 se
3458 5193 3762 5262 frequenter

2174 5313 2434 5383 expleret,
2453 5305 2661 5363 dicebat
2691 5321 2703 5356 :
2736 5297 2996 5354 Eructauit
3023 5309 3110 5348 cor
3149 5305 3313 5344 meum
3342 5286 3544 5340 verbum
3580 5282 3764 5336 bonum

2177 5404 2348 5478 (Psal.
2377 5403 2464 5456 44.
2490 5398 2572 5468 2).
2600 5396 2732 5452 Nam
2759 5401 2813 5448 ct
2838 5390 3032 5445 malum
3068 5385 3288 5440 verbum
3333 5390 3616 5450 possumus
3643 5389 3766 5428 eruo

2176 5507 2342 5551 ctare.
2377 5494 2440 5547 Et
2485 5483 2934 5561 quemadmodum
2980 5480 3032 5534 in
3079 5476 3179 5531 hac
3217 5470 3400 5529 sensilt
3446 5480 3630 5523 mensa
3669 5477 3766 5533 pro

2177 5585 2482 5642 conditione
2523 5578 2842 5634 cibariorum
2885 5571 3190 5642 qualitatem
3230 5577 3435 5625 eorum,
3482 5574 3601 5629 quze
3640 5569 3765 5610 eru-

2178 5684 2412 5739 ctautur,
2439 5670 2708 5728 cernimus
2728 5678 2987 5735 apparere
3016 5676 3030 5716 :
3059 5659 3137 5713 sic
3157 5655 3404 5710 nimirum
3427 5662 3474 5707 eI
3497 5651 3548 5704 in
3571 5647 3768 5700 virtute

2183 5737 2495 5830 verberum,
2514 5759 2759 5832 qualibus
2778 5762 3083 5826 pascuntur,
3113 5748 3234 5804 talia
3262 5745 3499 5818 plerique
3525 5737 3767 5796 homines
