4110 6198
430 310 539 367 209

427 422 590 477 etiam
609 430 873 479 eructant.
906 422 1147 494 Exempli
1171 437 1353 489 causa,
1386 424 1431 479 si
1458 424 1511 479 in
1535 422 1798 479 theatrum
1826 436 2017 478 ascen-

427 511 598 572 deris.
629 524 687 569 et
710 514 1039 569 meretricias
1064 516 1361 571 cantilenas
1384 515 1675 580 audiveris,
1706 515 1826 569 talia
1858 513 2015 584 plane

426 604 586 659 verba
613 604 666 658 in
695 605 994 667 proximum
1020 606 1181 661 etiam
1212 606 1478 662 eructabis
1516 624 1530 661 :
1559 605 1700 676 quod
1730 606 1776 660 si
1816 606 1882 659 ad
1920 619 2014 661 ec-

428 695 651 751 clesiam
681 695 906 751 veniens
943 698 1233 767 spiritualis
1272 697 1537 769 particeps
1566 698 1728 752 lueris
1752 697 2014 765 lectionis,

422 786 689 856 ejusmodi
718 797 876 843 erunt
900 788 1060 844 etiam
1090 805 1210 861 qua:
1232 790 1517 846 eructabis.
1552 790 1841 859 Propterea
1881 804 2016 859 quo-

425 895 531 950 que
555 879 767 935 dicebat
790 881 1075 952 propheta,
1105 880 1366 936 Eructarit
1391 898 1480 935 cor
1512 898 1676 935 meum
1700 881 1901 934 uerbum
1928 880 2018 934 bo—

424 989 568 1038 num,
592 980 653 1027 ut
680 988 881 1028 menste
924 973 1104 1044 dapes,
1158 989 1258 1044 qua
1302 972 1574 1029 fruebatur
1600 986 1828 1041 semper,
1863 969 2018 1026 nobis

423 1062 751 1119 ostenderet.
801 1062 913 1118 Hoc
958 1064 1120 1119 etiam
1172 1064 1451 1129 incitatus,
1498 1078 1597 1117 nos
1642 1061 2017 1117 cohortabatur

425 1153 509 1209 his
535 1155 712 1210 verbis
740 1163 894 1211 utens
926 1155 1121 1211 Paulus
1152 1173 1167 1211 :
1203 1156 1380 1209 Omnis
1419 1171 1582 1209 sermo
1629 1154 1794 1209 malus
1836 1170 1900 1208 ea:
1928 1170 2016 1208 ore

423 1256 585 1302 vestro
611 1264 712 1302 non
736 1248 996 1319 procedat,
1023 1249 1113 1303 sed
1134 1250 1181 1303 si
1197 1249 1308 1319 quis
1331 1248 1491 1301 bonus
1514 1247 1676 1318 (Eph.
1717 1248 1769 1303 4.
1806 1246 1919 1318 29).
1947 1248 2013 1303 Et

422 1342 544 1411 quis
569 1350 652 1396 est
690 1341 896 1408 malus,
931 1341 1075 1396 dicet
1118 1340 1350 1411 aliquis?
1397 1340 1454 1396 Si
1504 1339 1700 1393 bonum
1738 1339 2008 1407 didiceris,

424 1439 537 1484 tum
564 1433 724 1486 etiam
753 1431 955 1487 malum
983 1432 1146 1494 scies,
1186 1446 1309 1485 nam
1340 1430 1407 1485 ad
1433 1430 1829 1485 distinctionem
1872 1431 2011 1486 illius

423 1518 567 1577 hunc
597 1522 793 1591 posuit.
814 1521 944 1590 Quis
972 1538 1099 1592 ergo
1130 1522 1301 1578 bonus
1326 1522 1417 1588 sit,
1440 1537 1546 1576 non
1576 1522 1676 1577 erit
1700 1536 1836 1591 opus
1866 1532 1918 1575 ut
1945 1536 2010 1576 ex

424 1627 513 1668 me
534 1612 712 1669 discas
741 1630 756 1667 :
801 1614 916 1683 ipse
943 1614 1140 1684 quippe
1167 1614 1321 1669 nobis
1353 1615 1470 1683 ejus
1498 1624 1739 1668 naturam
1774 1613 2012 1668 declara-

424 1704 519 1757 vit.
550 1703 682 1759 Cum
716 1703 860 1759 enim
905 1704 1145 1768 dixisset,
1191 1705 1255 1761 Si
1298 1706 1411 1776 quis
1450 1705 1629 1772 bonus,
1676 1705 1889 1775 adjecit,
1930 1704 2012 1759 Ad

423 1794 807 1862 trdiﬁcationem
827 1794 1069 1851 Ecclesia
1088 1794 1297 1868 (Ibid),
1327 1796 1521 1873 bonum
1548 1811 1670 1850 eum
1688 1810 1807 1850 esse
1825 1806 2007 1850 osten-

424 1884 577 1950 dens,
617 1887 707 1957 qui
736 1886 962 1942 tedilicat
1004 1888 1322 1957 proximum.
1366 1885 1437 1942 Ut
1483 1887 1642 1957 igitur
1687 1887 1732 1940 is
1761 1887 1847 1955 qui
1876 1886 2008 1940 tedi-

426 1976 582 2042 licat,
622 1974 794 2032 bonus
818 1986 902 2032 est
942 1993 959 2031 :
990 1977 1062 2032 ita
1102 1977 1193 2048 qui
1228 1976 1474 2044 destruit,
1513 1976 1684 2032 malus
1721 1984 1776 2031 et
1815 1990 2010 2046 pravus

423 2074 526 2120 εει.

495 2156 694 2229 Lingua
716 2161 964 2230 quomodo
985 2162 1275 2216 coercenda.
1304 2192 1376 2203 —-
1401 2160 1468 2216 Et
1496 2170 1551 2215 tu
1579 2161 1753 2231 igitur,
1771 2159 2010 2217 dilectis-

422 2248 579 2316 sime,
610 2250 657 2305 si
684 2251 897 2321 quidem
925 2251 1027 2308 tale
1052 2252 1177 2323 quid
1212 2252 1450 2322 proferre
1489 2254 1682 2322 possis,
1721 2253 1862 2323 quod
1890 2268 2008 2308 me-

425 2339 609 2395 liorem
638 2340 862 2396 reddere
894 2344 1059 2412 possit
1087 2343 1403 2409 auditorem,
1438 2359 1505 2397 ne
1535 2344 1768 2399 retineas
1789 2343 2007 2399 verbum

423 2431 477 2486 in
506 2440 746 2503 tempore
771 2434 956 2489 salutis
986 2452 998 2488 :
1027 2436 1168 2505 quod
1212 2437 1255 2491 si
1305 2436 1434 2491 nihil
1476 2436 1581 2490 tale
1618 2445 1883 2507 suppetat,
1914 2436 2008 2491 sed

422 2537 585 2593 prava
627 2532 830 2579 tantum
856 2535 911 2581 et
942 2536 1193 2598 corrupta
1223 2527 1406 2592 verba,
1440 2538 1576 2595 tace,
1616 2544 1684 2583 ne
1710 2530 2008 2599 proximum

421 2627 661 2687 accuses.
696 2614 794 2671 Hic
816 2617 961 2671 enim
991 2617 1163 2671 malus
1182 2626 1266 2673 est
1292 2632 1491 2684 sermo,
1521 2634 1621 2673 nec
1657 2618 1886 2674 aedificat
1910 2635 2007 2675 au-

421 2702 680 2770 dientem,
706 2705 799 2761 sed
826 2708 1103 2763 subvertit.
1135 2708 1258 2764 Sive
1283 2709 1425 2763 enim
1452 2708 1528 2763 illi
1557 2724 1700 2764 cum
1719 2709 1789 2765 sit
1816 2710 2010 2777 virtus,

422 2792 475 2848 in
516 2797 815 2864 superbiam
862 2800 1058 2868 saepius
1086 2798 1346 2854 eli‘ertur:
1386 2800 1500 2856 sive
1540 2801 1610 2856 sit
1640 2800 1877 2872 ignavus,
1908 2816 2006 2856 nc-

421 2884 704 2954 gligentior
723 2886 925 2942 evadit.
967 2888 1023 2944 Si
1067 2897 1218 2960 turpe
1256 2890 1562 2960 prolaturus
1585 2891 1659 2945 sis
1685 2891 1913 2947 verbum
1935 2906 2000 2947 ac

420 2974 724 3043 ridiculum,
748 2986 885 3035 tace.
912 2979 1043 3035 Nam
1083 2989 1139 3038 et
1162 2981 1250 3036 hic
1277 2982 1451 3038 malus
1471 2992 1555 3038 est
1588 2997 1791 3051 sermo,
1820 2999 1927 3055 quo
1952 2995 2011 3041 et

420 3063 468 3119 is
494 3066 585 3135 qui
610 3065 760 3132 dicit,
789 3078 844 3124 et
882 3069 928 3124 is
963 3071 1053 3141 qui
1092 3071 1240 3127 audit
1275 3073 1583 3128 lasciviores
1608 3073 1921 3143 redduntur,
1950 3085 2011 3132 etv

419 3154 812 3228 inunoquoqne
838 3174 1019 3230 pravae
1061 3161 1295 3217 libidinis
1332 3162 1750 3218 inﬂammantur.
1798 3163 1867 3220 Ut
1909 3165 2013 3235 igiu

419 3255 507 3302 tur
532 3248 667 3319 ignis
684 3251 992 3307 alimentum
1016 3252 1156 3324 ligna
1181 3262 1307 3309 sunt
1331 3263 1385 3309 et
1408 3265 1696 3322 sarmenta,
1729 3258 1801 3311 ita
1828 3273 2004 3328 prava:

416 3340 766 3409 cogitationes
792 3343 966 3400 verbis
1010 3346 1243 3400 aluntur.
1282 3345 1483 3403 Idcirco
1526 3364 1631 3404 non
1667 3350 1847 3406 omnia
1883 3368 2004 3420 qum

417 3440 597 3488 mente
624 3449 919 3503 versamus,
951 3438 1169 3493 omnino
1199 3438 1373 3509 eloqui
1409 3454 1508 3495 nos
1531 3448 1781 3510 oportet:
1813 3444 1907 3499 sed
1935 3459 2001 3500 ex

417 3521 530 3592 ipsa
562 3534 739 3582 mente
766 3543 955 3597 pravas
990 3531 1309 3601 cupiditates
1333 3548 1652 3604 omnemque
1676 3535 1875 3592 {cedam
1904 3552 2001 3593 co-
2038 3602 2053 3611 ~

414 3615 724 3685 gitationem
749 3619 1026 3677 eliminare
1063 3623 1383 3679 studendum
1416 3634 1518 3681 est.
1541 3625 1693 3694 Quod
1718 3627 1762 3682 si
1789 3628 2002 3699 quando

417 3706 571 3762 nobis
595 3723 694 3765 nec
719 3711 1056 3779 opinantibus
1078 3721 1260 3784 turpes
1300 3714 1612 3786 irrepserint
1640 3719 2002 3775 ratiocinatio-

417 3812 534 3864 nes,
558 3814 843 3871 numquam
869 3818 961 3859 eas
990 3803 1168 3875 lingua
1202 3807 1506 3873 efferamus,
1538 3810 1632 3865 sed
1657 3810 1868 3867 silentio
1886 3814 2000 3869 sul-

416 3887 672 3945 locemus.
713 3892 845 3947 Nam
880 3901 934 3949 et
966 3894 1155 3951 bellum
1196 3912 1260 3953 ac
1288 3910 1565 3968 serpentes
1610 3901 1656 3956 si
1690 3904 1900 3973 quando
1945 3905 2005 3961 in

412 3980 609 4039 fossam
638 3985 950 4056 inciderint,
995 3998 1051 4045 et
1077 3989 1277 4047 exitum
1303 3992 1585 4061 quemdam
1610 4008 1820 4049 sursum
1853 3996 2002 4052 inve-

412 4077 622 4143 nerint,
674 4079 1057 4148 ascendentes,
1106 4081 1395 4139 ferociores
1438 4079 1703 4151 evitdunt;
1758 4085 1900 4155 quod
1951 4088 1999 4144 si

408 4167 661 4223 deorsum
707 4170 971 4227 conclusa
1010 4182 1267 4244 perpetuo
1310 4177 1626 4243 manserint,
1656 4178 1800 4233 omni
1838 4180 1998 4236 modo

410 4258 709 4329 perduntur
746 4261 903 4318 facile
927 4272 1087 4334 atque
1115 4267 1548 4325 exterminanlur
1574 4286 1588 4323 :
1620 4271 1698 4326 sic
1744 4272 1995 4328 nimirum

410 4357 464 4403 et
492 4365 667 4419 prava:
698 4354 1068 4423 cogitationes,
1095 4356 1141 4411 si
1164 4359 1380 4428 quidem
1409 4361 1644 4432 aliquem
1675 4377 1771 4432 per
1802 4378 1865 4418 os
1898 4379 1998 4420 no-

408 4448 581 4496 strum
636 4443 837 4498 exitum
900 4446 1312 4516 nanciscantur,
1371 4449 1676 4506 interiorem
1724 4451 1993 4509 ﬂammam

408 4532 704 4588 accendunt
733 4552 748 4588 :
779 4536 861 4591 sin
890 4544 1066 4592 autem
1100 4552 1192 4594 eas
1221 4554 1319 4610 per
1344 4540 1613 4596 silentium
1642 4543 1991 4612 concluseris,

408 4623 783 4682 imbecilliores
812 4627 964 4692 llunt,
986 4638 1040 4685 et
1061 4638 1329 4700 tamquam
1359 4632 1503 4688 fame
1516 4632 1773 4689 conlecta:
1797 4650 1894 4707 per
1919 4636 1995 4692 si-

407 4714 653 4781 lentium,
681 4718 927 4774 celeriter
956 4720 1009 4775 in
1038 4731 1218 4776 mente
1258 4723 1579 4778 moriuntur.
1612 4724 1793 4795 Itaque
1820 4727 1989 4799 siqua

406 4813 460 4860 te
488 4808 736 4876 cogitatio
768 4810 935 4881 turpis
955 4810 1187 4877 invadat,
1229 4828 1403 4883 nequc
1433 4823 1590 4885 turpe
1616 4816 1835 4872 verbum
1876 4819 1992 4874 elo-

402 4897 605 4966 quaris,
653 4900 812 4954 etiam
854 4901 1193 4970 cupiditatem
1232 4904 1559 4977 exstingues.
1605 4904 1719 4961 Non
1765 4916 1849 4966 est
1895 4907 1988 4963 tibi

401 5003 558 5043 mens
585 4990 824 5045 munda?
851 4990 1048 5047 Saltem
1088 4994 1342 5050 mundum
1380 4997 1559 5063 sitos,
1608 5014 1780 5068 neque
1817 5000 1985 5056 lutum

403 5078 546 5134 foras
572 5081 773 5149 ejicias,
805 5098 873 5138 ne
894 5091 948 5138 et
983 5084 1143 5139 alium
1187 5094 1245 5141 et
1290 5095 1342 5141 te
1380 5086 1551 5157 ipsum
1577 5088 1835 5145 offendas.
1867 5090 1985 5147 Non

400 5168 545 5224 enim
566 5170 638 5226 illi
667 5180 869 5227 tantum
889 5174 977 5243 qui
996 5174 1197 5240 dicunt,
1228 5176 1321 5232 sed
1344 5178 1503 5233 etiam
1530 5179 1604 5234 illi
1627 5181 1715 5251 qui
1739 5181 1982 5251 audiunt,

405 5261 595 5315 multas
616 5263 937 5319 contrahunt
958 5265 1167 5333 sordes,
1193 5266 1319 5322 dum
1346 5268 1436 5323 alii
1464 5271 1634 5339 turpia
1672 5270 1980 5341 loquuntur.

400 5350 687 5421 Propterea
711 5354 981 5411 cohortari
1010 5365 1067 5412 et
1102 5359 1385 5414 consulere
1414 5374 1517 5414 non
1548 5360 1756 5429 desino,
1790 5372 1850 5417 ut
1876 5380 1982 5420 nou

396 5444 570 5499 solum
594 5447 663 5501 ah
689 5446 950 5516 ejusmodi
976 5450 1153 5505 verbis
1185 5448 1491 5517 eﬂerendis,
1522 5451 1615 5507 sed
1645 5456 1828 5520 etiam,
1853 5453 1982 5513 dum

394 5537 465 5592 ab
489 5540 608 5593 aliis
626 5540 936 5604 eﬂ‘eruntur,
977 5542 1256 5597 audiendis
1296 5543 1679 5611 abstineamus,
1707 5555 1761 5601 et
1788 5522 1981 5605 divin;

396 5627 498 5698 legi
526 5643 741 5700 semper
768 5631 965 5687 addicti
994 5633 1180 5687 simus.
1209 5635 1309 5702 Qui
1333 5633 1476 5690 enim
1506 5635 1767 5705 ejusmodi
1795 5639 1979 5706 fuerit,

397 5716 584 5778 beatus
621 5734 653 5776 a
700 5721 958 5794 propheta
1001 5722 1360 5794 prwdicatur:
1407 5725 1592 5785 Beatus
1614 5728 1719 5797 vir,
1760 5736 1851 5805 qui
1878 5752 1980 5793 non

1129 310 1199 367 iN
1237 310 1464 379 ILLUD,
1502 311 1820 369 PROPTER
1860 306 2401 371 FOBNICATIONES
2438 315 2750 385 UXOREM,
2789 314 2940 373 ETC.
2981 316 3023 373 Ι.

3602 320 3715 378 910

2132 423 2254 476 abii:
2294 424 2345 479 ir:
2385 428 2595 482 consilio
2639 428 2931 499 impiorum,
2961 436 3008 484 st
3046 429 3099 484 in
3141 429 3222 485 ria
3251 440 3568 501 peccatorum
3611 451 3713 489 non

2129 524 2282 578 stetit,
2314 527 2362 571 et
2382 518 2435 572 in
2468 519 2711 573 cathedra
2736 520 3035 591 pestilentia
3061 536 3161 575 non
3188 520 3318 576 sedit
3344 536 3365 577 :
3383 523 3472 577 sed
3516 524 3567 577 in
3605 524 3713 596 lege

2129 605 2337 660 Domini
2364 609 2595 663 voluntas
2619 612 2750 680 ejus,
2778 620 2825 665 et
2858 612 2910 666 in
2934 611 3044 682 lege
3065 613 3175 682 ejus
3200 612 3520 668 meditabitur
3548 615 3630 668 die
3652 631 3714 669 ac

2128 710 2268 752 nocte
2293 696 2462 772 (l’sal.
2491 701 2543 755 l.
2569 702 2617 755 l.
2641 700 2724 773 2).

2195 786 2253 842 2.
2284 792 2458 860 Atque
2496 791 2547 844 in
2580 791 2815 861 profanis
2835 792 3049 863 quidem
3079 794 3449 863 conventibus,
3470 795 3574 851 etsi
3610 795 3711 850 ali-

2124 878 2250 948 quid
2293 879 2521 935 fortasse
2547 882 2669 937 boni
2696 884 2982 952 aliquando
3008 884 3224 954 dicitur,
3255 886 3343 943 vix
3373 897 3549 943 tamen
3575 889 3715 943 inter

2124 972 2287 1025 multa
2310 986 2469 1041 prava
2497 989 2659 1028 unum
2682 974 2949 1046 quidpiam
2975 977 3199 1047 probum
3222 977 3459 1050 plerique
3483 979 3711 1050 loquun-

2124 1069 2250 1117 tur:
2281 1063 2406 1117 dum
2450 1073 2628 1119 autem
2672 1080 2839 1121 sacra:
2884 1066 3131 1138 leguntur
3172 1068 3497 1138 Scriptum,
3550 1069 3710 1140 plane

2118 1156 2442 1210 contrarium
2466 1157 2675 1212 evenit:
2701 1158 2901 1213 nullum
2924 1174 3226 1214 sermonem
3257 1174 3479 1229 pravum
3500 1161 3709 1228 audies,

2118 1258 2305 1301 omnes
2344 1247 2532 1301 salutis
2578 1263 2642 1302 ac
2690 1248 3039 1319 philosophiae
3090 1248 3471 1320 modestimque
3500 1242 3707 1318 plenos,

2117 1334 2415 1402 cujusmodi
2444 1346 2569 1391 sunt
2587 1353 2707 1407 qua:
2730 1337 2992 1394 hodierno
3016 1338 3103 1394 die
3129 1349 3254 1394 sunt
3274 1340 3428 1395 lecta.
3452 1339 3705 1408 Quaenam

2118 1424 2204 1478 illa
2237 1428 2433 1495 porro?
2454 1425 2532 1480 De
2547 1428 2726 1499 quibus
2754 1438 2919 1483 autem
2940 1430 3211 1499 scripsistis
3226 1430 3370 1498 mihi,
3397 1431 3588 1502 inquit,
3615 1431 3702 1487 ιιο-

2116 1529 2241 1568 num
2265 1525 2336 1570 est
2374 1517 2569 1570 homini
2610 1518 2870 1572 mulierem
2896 1534 2997 1572 non
3042 1528 3246 1589 tangere
3266 1534 3287 1574 :
3308 1530 3514 1590 propter
3540 1522 3701 1591 forni-

2116 1606 2336 1659 cationes
2362 1618 2531 1662 autem
2574 1608 2912 1677 unusquisque
2951 1624 3097 1662 suam
3139 1624 3351 1663 uxorem
3393 1610 3573 1664 habeat
3595 1650 3611 1678 ,
3657 1620 3707 1665 et

2116 1711 2424 1766 unaquaeque
2450 1714 2599 1751 suum
2627 1699 2790 1751 virum
2817 1699 2891 1766 (Ι.
2936 1697 3059 1754 Cor.
3106 1699 3158 1754 7.
3188 1699 3242 1755 1.
3266 1699 3345 1770 2).
3386 1700 3464 1757 De
3509 1702 3707 1772 nuptiis

2117 1788 2260 1858 leges
2280 1790 2453 1842 sancit
2479 1790 2695 1857 Paulus,
2726 1805 2900 1860 neque
2927 1806 3050 1846 eum
3082 1791 3263 1861 pudet,
3285 1808 3384 1848 nec
3408 1794 3701 1861 erubescit;

2114 1893 2179 1933 ac
2208 1881 2399 1933 merito
2426 1895 2576 1935 sane.
2609 1880 2665 1935 Si
2692 1882 2834 1935 enim
2862 1884 3061 1951 nuptiis
3094 1882 3357 1939 honorem
3381 1884 3571 1940 detulit
3595 1885 3704 1941 Do-

2115 1971 2293 2026 minus
2319 1970 2456 2041 ejus,
2482 1986 2583 2026 nec
2609 1971 2819 2026 illarum
2844 1987 2968 2027 eum
2989 1972 3195 2043 puduit,
3224 1972 3318 2029 sed
3341 1982 3396 2029 et
3422 1976 3707 2045 praesentia

2113 2076 2210 2116 sua
2255 2076 2369 2117 rem
2419 2064 2731 2130 exornavit,
2768 2071 2824 2118 et
2872 2080 3095 2120 munere
3135 2064 3442 2135 :siquidem
3483 2081 3706 2123 munera

2114 2156 2338 2210 contulit
2356 2157 2593 2210 omnium
2621 2157 2872 2224 maxima,
2892 2173 3014 2213 cum
3035 2173 3185 2228 aqua:
3211 2168 3453 2213 naturam
3476 2162 3701 2217 mutavit

2114 2248 2168 2303 in
2193 2249 2415 2304 vinum:
2445 2248 2537 2319 qui
2564 2252 2822 2321 potuisset
2850 2250 3047 2320 pudere
3073 2266 3288 2306 servum
3312 2252 3459 2322 leges
3491 2252 3560 2308 de
3603 2268 3703 2308 nu-

2114 2340 2237 2410 ptiis
2267 2339 2446 2396 ferre?
2478 2339 2593 2395 Non
2624 2341 2765 2396 enim
2794 2356 2881 2396 res
2909 2342 3047 2397 mala
3068 2352 3192 2397 sunt
3218 2344 3437 2414 nuptiae,
3460 2343 3556 2399 sed
3583 2359 3701 2399 ma-

2115 2434 2164 2488 la
2212 2449 2299 2490 res
2350 2433 2708 2501 adulterium,
2769 2436 2908 2489 mala
2970 2450 3056 2491 res
3111 2435 3392 2491 fornicatio
3438 2454 3452 2491 :
3502 2437 3701 2507 nuptite

2113 2540 2243 2581 vero
2284 2538 2523 2597 praesens
2572 2534 2699 2581 sunt
2749 2525 3009 2582 adversus
3057 2526 3462 2583 fornicationem
3519 2541 3699 2585 reme-

2111 2618 2280 2674 dium.

2183 2709 2399 2782 Nuptiis
2432 2709 2685 2781 quomodo
2726 2708 3055 2764 celebranda.
3088 2706 3350 2764 Invenitur
3382 2709 3438 2766 in
3482 2708 3697 2766 lascivas

2111 2818 2323 2873 pompas
2350 2804 2665 2873 nuptiarum.
2696 2831 2763 2842 —
2784 2801 2862 2857 Ne
2883 2803 3042 2873 igitur
3068 2802 3344 2858 diabolicis
3371 2817 3462 2859 eas
3482 2804 3698 2875 pompis

2110 2890 2527 2947 dehonestcmus
2557 2908 2571 2947 :
2596 2890 2693 2946 sed
2711 2890 2852 2962 quod
2879 2891 3074 2946 factum
3112 2902 3196 2947 est
3228 2906 3259 2945 a
3301 2891 3508 2947 civibus
3533 2892 3698 2949 Caute

2110 2982 2364 3049 Galilmte,
2398 2983 2487 3039 flat
2509 2993 2564 3041 et
2590 2984 2660 3040 ab
2684 2985 2749 3040 iis
2778 2984 2881 3055 qui
2893 2999 3035 3039 nunc
3058 2983 3259 3039 ducunt
3284 3000 3513 3055 uxores,
3540 2985 3697 3041 Chri-

2108 3081 2251 3127 stum
2280 3072 2513 3128 habeant
2553 3073 2607 3129 in
2641 3074 2818 3131 medio
2844 3074 3140 3129 sedentem.
3168 3074 3286 3143 Quo
3308 3090 3437 3131 vero
3464 3085 3618 3146 pacto
3642 3075 3697 3132 id

2109 3164 2224 3220 fieri
2255 3174 2449 3235 potest,
2478 3165 2686 3237 inquit?
2727 3166 2829 3221 Per
2856 3166 3001 3235 ipsos
3029 3164 3357 3222 sacerdotes.
3396 3167 3496 3235 Qui
3537 3170 3693 3237 enim,

2106 3254 2297 3326 inquit,
2328 3256 2503 3328 recipit
2528 3272 2635 3321 vos,
2666 3272 2747 3311 me
2784 3257 2960 3327 recipit
2992 3254 3206 3328 (Matth.
3236 3256 3324 3314 10.
3345 3257 3459 3327 40).
3489 3258 3544 3314 Si
3566 3274 3697 3331 ergo

2106 3345 2375 3401 diabolum
2442 3340 2717 3417 abege'ris,
2792 3347 2837 3402 si
2884 3346 3217 3402 meretriciae
3261 3348 3588 3415 cantilenas,
3636 3359 3697 3405 et

2105 3437 2307 3493 molles
2339 3446 2548 3504 cantus,
2595 3436 2943 3492 immodestus
2983 3437 3244 3506 choreas,
3286 3438 3450 3494 verba
3493 3441 3690 3511 turpia,

2106 3527 2421 3583 diabolicam
2465 3544 2737 3600 pompam,
2782 3528 3089 3596 tumultum,
3142 3529 3309 3585 risum
3353 3530 3602 3599 ell‘usum,
3640 3541 3697 3588 et

2104 3622 2364 3691 reliquam
2419 3622 2797 3693 tunpitudinem
2854 3622 3193 3688 amandaris,
3237 3633 3453 3681 sanctos
3510 3634 3692 3681 autem

2104 3710 2303 3767 Christi
2330 3727 2514 3768 senvos
2556 3712 2942 3781 introduxeris,
2972 3712 3218 3770 Christus
3246 3729 3343 3785 per
3370 3716 3513 3787 ipsos
3536 3717 3696 3788 plane

2104 3804 2276 3860 aderit
2317 3821 2437 3861 cum
2466 3814 2639 3862 matre
2678 3820 2773 3861 sua
2804 3814 2859 3861 et
2904 3805 3175 3862 fratribus.
3207 3806 3522 3878 Quicumque
3546 3809 3690 3865 enim

2104 3896 2298 3965 fecerit,
2329 3896 2519 3966 inquit,
2539 3897 2845 3951 voluntatem
2869 3895 3041 3951 Patris
3066 3898 3182 3963 mei,
3209 3898 3317 3967 ipse
3342 3914 3482 3952 meus
3511 3903 3689 3969 frater,

2102 3996 2150 4040 et
2192 4002 2336 4041 soror
2371 3996 2420 4041 et
2461 3996 2620 4041 mater
2658 3996 2731 4043 est
2764 3986 2991 4058 (Matth.
3023 3988 3110 4042 l2.
3150 3988 3266 4059 50).
3295 3989 3419 4045 Seio
3440 3991 3694 4060 equidem

2100 4093 2316 4146 gravem
2357 4076 2671 4148 quibusdam
2712 4086 2773 4133 et
2804 4077 3084 4133 molestum
3115 4078 3283 4135 videri
3319 4095 3437 4149 me,
3467 4081 3592 4137 dum
3620 4084 3705 4140 ad.

2102 4170 2219 4225 haec
2238 4185 2334 4226 vos
2358 4170 2564 4235 hortor,
2602 4178 2657 4225 et
2681 4170 2952 4241 antiquam
2998 4185 3185 4227 reseco
3220 4172 3686 4229 consuetudinem.

2099 4261 2239 4318 Nihil
2265 4271 2439 4318 tamen
2467 4260 2607 4317 istud
2625 4277 2755 4317 curo
2769 4276 2987 4333 ;.neque
3005 4262 3146 4317 enim
3167 4271 3273 4316 tam
3298 4264 3466 4333 gratia
3484 4272 3684 4331 vestra,

2100 4370 2259 4428 quam
2285 4355 2511 4411 utilitate
2540 4354 2785 4425 indigeo,
2820 4368 2927 4408 non
2956 4353 3297 4423 applausibus
3324 4364 3380 4410 et
3419 4354 3683 4423 laudibus,

2098 4447 2192 4502 sed
2222 4447 2371 4502 luem
2391 4455 2445 4502 et
2473 4443 2828 4515 philosophia.
2854 4443 3035 4513 Neque
3060 4442 3188 4498 mihi
3215 4445 3495 4515 quisquam
3515 4445 3683 4513 dicat,

2097 4537 2427 4593 consuetudo
2446 4544 2570 4592 est:
2601 4534 2692 4591 ubi
2722 4542 2995 4605 peccatum
3032 4534 3401 4601 committitur,
3423 4535 3532 4590 noli
3552 4550 3686 4591 con-

2097 4631 2397 4686 suetudinis
2444 4629 2771 4683 mentionem
2811 4626 3025 4693 facere;
3075 4626 3171 4684 sed
3206 4628 3253 4683 si
3289 4628 3505 4699 quidem
3542 4630 3681 4685 mala

2094 4722 2201 4776 sint
2226 4737 2345 4792 qua:
2373 4730 2650 4791 geruntur,
2682 4720 2803 4775 licet
2827 4718 3043 4790 antiqua
3071 4718 3142 4773 sit
3169 4720 3522 4785 consuetudo,
3552 4720 3683 4777 tolle

2095 4812 2239 4867 illam
2272 4830 2286 4865 :
2321 4811 2365 4866 si
2408 4812 2547 4866 mala
2586 4827 2691 4865 non
2734 4812 2861 4877 sint,
2896 4811 3022 4865 licet
3053 4811 3385 4867 consuetudo
3429 4828 3536 4868 non
3574 4814 3676 4881 sit,

2094 4904 2338 4961 introduc
2380 4905 2522 4959 illam
2565 4913 2620 4960 et
2665 4904 2876 4959 invehe.
2918 4902 3183 4959 Caeterum
3241 4906 3514 4976 antiquam
3570 4922 3678 4962 non

2094 4995 2257 5052 fuisse
2289 4996 2748 5062 consuetudinem,
2774 5004 2833 5050 ut
2862 5006 2968 5050 tam
3007 5005 3191 5065 turpes
3229 5010 3320 5051 res
3344 4996 3555 5064 tierent,
3583 5000 3677 5055 sed

2091 5092 2353 5144 invectam
2395 5087 2678 5158 quamdam
2727 5087 2893 5142 fuisse
2939 5088 3246 5150 novitatem,
3278 5103 3592 5159 cognosces,
3631 5091 3679 5146 si

2090 5180 2387 5237 recorderis
2414 5222 2427 5244 ,
2485 5195 2591 5249 quo
2636 5188 2792 5251 pacto
2837 5178 3053 5233 duxerit
3109 5193 3332 5234 uxorem
3378 5177 3677 5237 Rebeccam

2090 5272 2258 5337 Isaac,
2280 5288 2384 5344 quo
2409 5280 2568 5344 pacto
2592 5272 2757 5328 Jaeob
2782 5271 3093 5327 Rachelem.
3122 5269 3255 5327 Nam
3288 5278 3345 5325 et
3370 5270 3675 5340 nuptiarum

2089 5365 2334 5421 meminit
2360 5365 2568 5419 illarum
2612 5364 2905 5433 Scriptura,
2945 5371 3002 5419 et
3043 5376 3150 5432 quo
3190 5371 3347 5433 pacto
3389 5360 3585 5417 fuerint
3622 5361 3675 5415 in

2088 5456 2231 5513 aedes
2260 5471 2578 5527 sponsorum
2611 5455 2695 5509 ha:
2723 5468 2935 5525 sponsae
2972 5454 3216 5509 deducta:
3260 5462 3458 5518 narrat,
3500 5467 3677 5523 neque

2089 5550 2193 5606 tale
2228 5549 2514 5619 quidquam
2552 5528 2966 5613 commemorat;
2995 5545 3089 5601 sed
3127 5545 3429 5601 convivium
3458 5545 3674 5617 quidem

2087 5649 2142 5698 et
2172 5641 2448 5713 prandium
2477 5639 2636 5696 solito
2659 5638 2854 5694 lautius
2869 5640 3257 5705 instruxerunt,
3275 5646 3329 5694 et
3350 5639 3683 5710 propinquos

2087 5732 2153 5791 ad
2184 5733 2392 5806 ιιυριὶξὶε
2418 5732 2706 5792 invitatum
2739 5749 2753 5790 :
2787 5731 2929 5791 tibiae
2956 5747 3083 5791 vero
3114 5746 3177 5789 ac
3205 5730 3420 5803 ﬁstulae,
3451 5732 3673 5805 cymba-
