4110 6198
411 373 485 440 la,
507 381 562 427 et
593 371 893 427 temuleutm
929 371 1258 437 saltationes,
1301 384 1364 426 ac
1394 370 1594 441 reliqua
1633 370 1808 424 omnis
1842 368 2000 437 hujus

415 463 668 533 temporis
697 461 964 532 turpitudo
1007 461 1188 530 procul
1235 461 1438 515 aberat.
1482 463 1550 514 At
1587 469 1782 515 nostra:
1828 460 2001 514 aetatis

415 552 660 608 homines
687 561 742 608 et
769 552 996 623 hymnos
1027 552 1078 606 in
1121 551 1382 606 Venerem
1425 551 1669 605 saltando
1706 559 1924 615 canunt,
1949 559 2003 604 et

416 646 672 702 adulteria
703 645 892 712 multa,
920 653 977 700 et
1006 645 1308 714 nuptiarum
1343 643 1680 709 violationes,
1705 653 1759 698 et
1785 642 2000 712 illegiti-

415 751 535 795 mos
559 751 787 801 amores,
814 735 1128 806 illicitosqne
1155 735 1324 789 coitus
1345 735 1384 802 ¹,
1408 745 1460 789 et
1481 734 1581 787 alia
1599 733 1685 804 plu
1696 733 1822 788 rima
1845 732 2001 803 plena

416 827 706 897 impietatis
733 836 788 882 et
817 826 1120 897 ignominia:
1163 826 1369 880 cantica
1415 824 1506 878 illo
1550 824 1638 878 die
1680 832 1896 888 canunt,
1948 831 2003 876 et

417 930 538 990 post
564 919 872 983 ebrietatem
918 933 982 973 ac
1030 926 1228 971 tantam
1271 913 1648 985 turpitudinem
1679 928 1798 969 cum
1825 911 2002 967 verbis

418 1011 686 1067 obscoenis
707 1011 913 1082 publice
938 1025 1186 1081 sponsam
1211 1007 1497 1063 deducunt.
1531 1007 1646 1073 Quo
1669 1007 1825 1076 igitur
1850 1013 2003 1076 pacto

419 1103 713 1156 castitatem
744 1101 812 1154 ab
859 1101 946 1154 illa
992 1100 1180 1169 exigis,
1227 1114 1407 1167 qumso
1428 1137 1443 1162 ,
1486 1112 1607 1151 cum
1633 1096 1742 1166 jam
1770 1111 1796 1148 a
1829 1095 2003 1164 primo

421 1192 508 1246 die
538 1192 602 1246 ad
636 1199 837 1254 tantam
881 1190 1259 1261 impudentiam
1294 1190 1432 1243 illam
1463 1189 1695 1252 erudias,
1724 1197 1778 1242 et
1806 1188 1860 1242 in
1887 1187 2004 1256 ejus

422 1291 709 1353 conspectu
739 1297 800 1337 ea
829 1282 940 1335 ﬁeri
973 1297 1035 1336 ac
1061 1281 1163 1336 dici
1199 1295 1376 1346 cures,
1405 1295 1525 1350 qua:
1551 1293 1723 1349 neque
1763 1278 1840 1332 fas
1877 1279 1946 1332 sit
1973 1293 2003 1331 ιι

423 1375 604 1443 probis
645 1375 921 1444 mancipiis
958 1372 1168 1427 audiri?
1217 1373 1345 1426 Tam
1387 1372 1636 1429 diuturno
1665 1379 1906 1439 tempore
1931 1369 2006 1423 la-

423 1465 628 1520 boravit
663 1475 830 1533 pater,
861 1463 986 1526 dum
1016 1462 1277 1531 virginem
1306 1477 1428 1516 eum
1457 1470 1626 1515 matre
1653 1468 1915 1524 servaret,
1949 1468 2006 1512 ut

423 1570 595 1626 neque
615 1555 838 1621 diceret,
885 1569 1056 1623 neque
1096 1553 1361 1608 dicentem
1402 1552 1562 1606 alium
1605 1551 1870 1621 quoddam
1902 1549 2007 1604 tale

423 1647 642 1702 verbum
668 1646 894 1710 audiret,
921 1656 973 1701 et
992 1646 1279 1705 conc'aria.
1303 1654 1354 1698 et
1376 1659 1644 1716 gynaacea,
1669 1654 1722 1698 ct
1739 1643 2004 1709 custodes,

423 1748 477 1792 et
499 1737 713 1807 januas,
739 1747 790 1791 et
821 1746 1021 1798 vectes,
1051 1744 1104 1790 et
1139 1737 1472 1804 vespertinus
1500 1747 1814 1804 progressus
1833 1775 1846 1796 ,
1875 1741 1930 1787 et
1952 1739 2009 1786 ttt

427 1825 649 1890 nemini,
681 1840 748 1880 ne
767 1826 1179 1895 propinquorum
1211 1825 1422 1896 quidem
1450 1825 1541 1879 ulli
1572 1839 1632 1878 se
1666 1823 2008 1894 spectandam

425 1918 666 1985 olierret,
705 1927 759 1971 et
796 1916 897 1970 alia
927 1917 1111 1982 multa,
1141 1925 1197 1971 et
1235 1915 1317 1971 his
1349 1916 1495 1985 plura
1539 1915 1823 1985 diligenter
1849 1929 2009 1970 atcu-

425 2008 596 2070 rabat,
625 2017 680 2063 et
707 2017 759 2062 tn
797 2009 1015 2063 veniens
1044 2016 1234 2062 cuncta
1265 2007 1352 2062 illa
1393 2021 1498 2061 uno
1536 2005 1624 2062 die
1665 2005 1918 2069 eﬁ‘udisti,
1946 2021 2010 2062 ac

427 2113 522 2166 per
551 2099 883 2153 inhonestam
917 2098 1058 2153 illam
1099 2113 1344 2168 pompam
1375 2098 1612 2161 effecisti,
1645 2106 1704 2152 ut
1730 2096 2011 2165 impudens

425 2191 598 2254 ﬁeret,
627 2199 678 2246 et
704 2189 864 2246 verba
907 2189 1192 2259 depravata
1221 2191 1273 2244 in
1304 2205 1512 2259 Sponsm
1555 2190 1785 2242 animam
1814 2187 2008 2243 inludi-

427 2282 529 2335 sti?
553 2280 741 2344 Nonne
766 2281 886 2336 inde
907 2296 1024 2351 qua:
1049 2290 1342 2350 sequuntur
1365 2282 1499 2335 mala
1521 2280 1876 2351 proveniunt?
1906 2297 2010 2335 non

430 2371 555 2428 inde
598 2371 854 2426 adulteria
899 2379 954 2426 et
1002 2371 1332 2442 zelotypize?
1377 2386 1556 2430 nonne
1605 2371 1728 2427 inde
1783 2371 2010 2426 ﬁliorum

429 2465 702 2528 orbitates,
748 2464 1051 2532 viduitates,
1083 2473 1137 2518 et
1177 2463 1442 2518 immaturi
1494 2472 1768 2532 parentum
1799 2462 2011 2517 obitus?

434 2555 563 2612 Cum
593 2557 734 2610 enim
762 2555 1032 2610 daemones
1072 2556 1314 2610 cantibus
1356 2555 1462 2608 illis
1491 2553 1681 2609 invites
1703 2594 1720 2624 ,
1765 2568 1884 2609 cum
1920 2569 2014 2622 per

430 2649 681 2702 obscmna
709 2646 867 2702 verba
888 2644 1229 2716 cupiditatem
1260 2645 1467 2702 illorum
1493 2645 1729 2714 expleas,
1756 2639 1876 2699 cum
1909 2645 2009 2698 mi-

432 2753 552 2803 mos
575 2745 629 2796 et
651 2736 984 2796 ell'eminatos
1012 2736 1066 2794 in
1095 2735 1236 2791 mdes
1261 2736 1569 2791 introducas
1595 2743 1648 2790 et
1675 2743 1842 2790 totum
1865 2736 2013 2790 thea-

432 2839 597 2894 trum,
628 2843 748 2888 cum
770 2828 1135 2886 meretricibus
1161 2827 1376 2882 domum
1398 2826 1686 2897 compleas,
1717 2836 1771 2882 et
1790 2825 2008 2894 efﬁcias,

433 2929 494 2974 ut
521 2928 666 2985 totus
708 2920 816 2974 illic
856 2919 1159 2974 dazmonum
1203 2928 1371 2976 ccetus
1415 2918 1670 2986 lasciviat,
1709 2918 1833 2988 quid
1875 2918 2008 2983 sani,

431 3025 637 3079 quaeso,
661 3008 911 3080 deinceps
939 3019 1088 3078 petes
1113 3007 1462 3078 exspectare?
1481 3007 1594 3075 Qua
1614 3023 1741 3063 vero
1766 3007 1831 3062 de
1853 3022 2012 3062 causa

432 3110 491 3158 et
541 3101 842 3156 sacerdotes
885 3100 1174 3155 introducis
1199 3141 1215 3169 ,
1258 3115 1377 3154 cum
1422 3109 1634 3169 postero
1662 3099 1748 3156 die
1788 3099 1910 3166 talia
1940 3099 2014 3154 sis

435 3194 869 3264 perpetraturus?
899 3192 991 3248 Vis
1019 3191 1462 3262 magniﬁcentiam
1495 3192 1812 3260 fructuosam
1845 3202 2014 3247 osten-

437 3285 588 3346 tare?
617 3285 758 3346 Voca
806 3299 1096 3355 pauperum
1134 3285 1346 3341 chorus.
1397 3280 1502 3339 Sed
1546 3282 1922 3339 verccundaris
1961 3293 2016 3338 et

435 3375 739 3432 erubescis?
785 3375 851 3430 Et
893 3375 1022 3445 quid
1075 3375 1176 3431 hac
1214 3374 1540 3429 absurditate
1581 3373 1754 3445 pejus,
1799 3387 1921 3435 eum
1961 3373 2012 3432 iu

438 3468 582 3523 mdes
610 3466 879 3521 diabolum
923 3465 1216 3535 pelliciens,
1249 3466 1376 3520 nihil
1411 3474 1565 3536 turpe
1607 3476 1658 3522 te
1691 3480 1850 3536 agere
1892 3480 2016 3521 cen-

432 3573 578 3623 Seas,
607 3572 727 3613 eum
758 3571 884 3611 vero
913 3556 1180 3611 Christum
1209 3556 1519 3610 inducturus
1553 3557 1647 3623 sis,
1693 3555 2014 3611 erubescas?

441 3649 507 3705 Ut
533 3650 675 3705 enim
717 3648 1109 3704 introeuntibus
1147 3649 1467 3720 pauperibus
1491 3648 1705 3704 advenit
1750 3646 2012 3716 Christus,

438 3741 510 3796 ita
537 3755 659 3795 eum
689 3741 877 3796 molles
901 3756 962 3796 ac
987 3739 1132 3794 mimi
1163 3740 1385 3795 choreas
1427 3740 1533 3794 illic
1563 3739 1779 3806 ducunt,
1808 3740 2016 3795 lascivit

437 3834 494 3886 in
519 3831 696 3886 medio
726 3831 934 3885 illorum
966 3831 1224 3886 diabolus.
1253 3833 1427 3900 Atque
1451 3846 1518 3885 ex
1551 3831 1654 3886 illis
1683 3831 1894 3901 quidem
1923 3846 2016 3886 ex-

437 3922 617 3992 pensis
644 3922 844 3976 nullutn
892 3922 1118 3985 lucrum,
1160 3921 1254 3978 sed
1297 3931 1348 3977 et
1395 3921 1618 3977 multum
1663 3923 1833 3978 oritur
1860 3922 2014 3977 dam-

438 4027 567 4074 nunt
593 4030 606 4065 :
635 4027 698 4066 ex
727 4011 810 4072 his
825 4023 998 4067 autem
1027 4013 1324 4082 sumptibus
1352 4014 1568 4067 multam
1597 4014 1700 4068 cito
1716 4013 2015 4069 mercedem

437 4102 753 4172 reportabis.
783 4103 938 4172 Atqui
971 4104 1144 4156 nullus
1171 4118 1352 4158 eorum
1383 4104 1471 4173 qui
1503 4104 1554 4157 in
1583 4104 1714 4159 urbe
1741 4113 1884 4172 sunt,
1914 4103 2015 4160 hoc

437 4195 720 4266 priestitit?
749 4194 825 4254 Tu
855 4210 980 4253 vero
1019 4195 1213 4264 incipe,
1236 4207 1288 4250 et
1331 4195 1596 4265 prmclara:
1627 4197 1774 4251 istius
1799 4209 2016 4252 consue-

438 4284 636 4348 tudinis
659 4295 847 4341 auctor
885 4300 1002 4341 esse
1025 4285 1306 4350 contende,
1341 4294 1394 4339 ut
1425 4301 1541 4341 eam
1571 4287 1662 4340 tibi
1689 4287 1886 4357 posteri
1923 4302 2014 4342 ae-

437 4385 643 4447 captam
675 4376 864 4432 ferant.
894 4376 1046 4442 Quod
1078 4376 1120 4430 si
1151 4377 1429 4431 tumuletur
1456 4375 1666 4444 aliquis,
1689 4383 1744 4430 et
1784 4377 2016 4431 imitetur

438 4469 575 4525 hanc
600 4468 1055 4534 consuetudinem,
1099 4467 1168 4523 ad
1197 4484 1290 4523 eos
1331 4469 1419 4539 qui
1467 4468 1883 4537 interrogabunt,
1929 4468 2014 4522 di-

436 4573 561 4614 cere
589 4567 840 4629 poterunt
867 4568 1110 4628 nepotes,
1138 4574 1199 4613 ac
1240 4567 1489 4628 nepotum
1533 4558 1644 4630 ﬁlii,
1680 4558 1824 4613 illum
1855 4558 2014 4612 talem

438 4649 578 4708 hanc
603 4650 855 4718 optimam
877 4650 1047 4718 legem
1075 4649 1300 4718 primum
1332 4650 1616 4718 invexisse.
1656 4649 1713 4703 Si
1750 4649 1889 4703 enim
1919 4663 2017 4706 ex“

438 4741 603 4804 terius
629 4740 680 4794 in
701 4739 1098 4806 certaminibus,
1122 4739 1245 4795 dum
1276 4741 1517 4801 convivia
1549 4740 1902 4806 instruuntur,
1926 4739 2015 4810 qui

437 4831 642 4893 inutilia
673 4831 770 4885 ista
793 4846 1010 4892 munera
1040 4831 1249 4902 publica
1283 4831 1539 4901 majorem
1570 4831 1636 4886 ad
1677 4831 2019 4900 magniﬁceng-

439 4925 566 4983 tiam
596 4923 935 4994 provexerint
953 4963 968 4988 ,
992 4938 1022 4978 a
1051 4923 1203 4994 vulgo
1227 4924 1565 4988 celebrantur
1591 4939 1603 4976 :
1647 4923 1812 4978 multo
1851 4921 2017 4992 magis

436 5020 489 5075 in
521 5019 622 5074 hoc
649 5016 861 5088 publico
889 5032 1108 5079 munere
1133 5016 1392 5087 spirituali
1419 5015 1704 5079 laudabunt
1731 5029 1938 5078 omnes,
1962 5025 2018 5069 et

435 5109 660 5179 gratiam
689 5107 956 5169 habebunt
976 5108 1044 5172 ei,
1074 5107 1165 5176 qui
1192 5105 1508 5180 principium
1536 5105 1674 5166 istud
1704 5106 2015 5176 praeclarum

437 5201 810 5266 introduxerit,
835 5200 989 5269 eique
1014 5197 1220 5253 laudem
1249 5198 1576 5262 liberalitatis
1607 5198 1707 5253 hoc
1744 5207 1793 5255 et
1823 5199 2019 5254 utilita-

438 5306 544 5349 tem
574 5294 831 5364 acquiret.
860 5291 990 5345 Nam
1027 5293 1071 5344 si
1102 5301 1156 5345 et
1177 5289 1362 5347 hocab
1386 5291 1504 5346 aliis
1533 5303 1801 5362 peractum
1838 5291 2015 5359 fuerit,

437 5385 531 5441 tibi
561 5385 650 5454 qui
676 5383 879 5455 primus
905 5381 1107 5437 semina
1133 5380 1304 5451 jecisti
1332 5382 1597 5440 lruetuum
1625 5384 1853 5449 illorum,
1879 5401 2019 5440 mer-

438 5475 624 5532 cedem
655 5474 890 5546 proferet
921 5493 934 5530 :
961 5473 1064 5530 hoc
1085 5483 1140 5532 et
1179 5483 1231 5532 te
1252 5475 1359 5533 cito
1383 5486 1657 5548 parentem
1677 5477 1892 5545 efﬁciet,
1917 5474 2019 5543 hoc

493 5625 680 5697 ’.ξι-ξς,
717 5624 1001 5697 illicitoqu
1024 5626 1308 5697 coilus_(xa_zi
1344 5630 1484 5697 μίξεις
1515 5631 1796 5697 ἀθέσμους),
1825 5634 2006 5686 desunt

432 5694 482 5740 lu
520 5687 695 5752 Editis,
721 5689 808 5738 sed
835 5687 1078 5739 habentur
1102 5688 1151 5739 in
1176 5687 1365 5740 duobus
1403 5691 1512 5743 Mss.

1188 255 1245 310 S.
1285 254 1560 310 JOANNIS
1595 254 2074 312 CIIRYSOSTOMI
2112 253 2430 311 ARCHIEP.
2471 253 3010 312 CONSTANTINOP.

3577 251 3684 306 21⁸2.

2114 376 2168 424 et
2195 367 2376 423 liberis
2395 368 2590 422 auxilio
2611 368 2737 435 erit,
2757 367 3058 436 efﬁcietque
3079 372 3137 420 ut
3151 377 3377 437 sponsus
3397 377 3517 419 cum
3537 375 3689 431 stion-

2108 474 2167 515 sa
2192 469 2561 524 consenescat,
2589 459 2658 516 Ut
2680 460 2821 514 enim
2854 458 3193 529 peccantibus
3220 456 3524 526 frequenter
3543 453 3688 508 Deuu

2112 552 2465 608 comminatur
2485 551 2669 606 dicens
2689 572 2704 608 :
2728 550 2890 604 Erunt
2915 551 3011 619 ﬁlii
3036 549 3185 603 vestri
3215 547 3418 620 pupilli,
3438 557 3487 602 et
3509 563 3686 602 usam

2108 653 2286 696 vestrae
2310 642 2475 696 vidua:
2507 639 2700 712 (Exod.
2728 639 2818 694 2‘2.
2842 641 2934 710 24)
2969 658 2982 694 :
3027 640 3105 694 sic
3133 639 3234 694 illis
3257 638 3348 709 qui
3369 637 3422 692 in
3442 637 3690 694 omnibus

2109 732 2208 804 ipsi
2236 733 2488 788 obediunt
2522 743 2576 788 et
2613 742 2940 788 senectutem
2965 733 3171 794 beatam
3193 741 3248 787 et
3279 731 3456 787 omnia
3481 745 3602 787 eum
3625 745 3687 786 ea

2109 840 2168 880 se
2188 824 2436 879 daturttm
2467 826 2602 880 bona
2631 826 2928 895 pollicetur,

2180 917 2234 970 ὅ.
2260 917 2325 970 Et
2351 931 2477 971 vero
2509 916 2727 971 Paulum
2763 930 3042 986 possumus
3069 914 3170 970 hoc
3195 914 3458 970 dicentem
3482 912 3690 981 audire,

2110 1022 2252 1077 sa-pe
2293 1008 2602 1062 immaturas
2640 1015 2838 1062 mortes
2882 1022 2911 1060 a
2961 1006 3301 1061 multitudine
3351 1013 3692 1075 peccatorum

2110 1098 2300 1152 allatas
2329 1113 2466 1152 esse.
2495 1096 2622 1152 Ideo
2643 1098 2810 1163 enim,
2841 1097 3025 1166 inquit,
3056 1097 3188 1151 inter
3205 1112 3290 1150 vos
3313 1096 3459 1152 multi
3478 1095 3687 1165 inﬁrmi,

2111 1199 2157 1245 et
2179 1189 2483 1257 imbecilles,
2516 1199 2564 1244 ct
2593 1189 2848 1244 dormiunt
2877 1188 3024 1243 mulli
3053 1188 3102 1262 (ι
3133 1188 3250 1243 Cor.
3277 1190 3367 1244 Η.
3399 1189 3520 1259 30).
3548 1188 3692 1242 Pau-

2112 1298 2268 1354 peres
2293 1291 2492 1349 autem,
2519 1284 2564 1338 si
2585 1283 2906 1349 nutriantur,
2933 1281 3063 1336 nihil
3093 1281 3310 1336 evenire
3346 1281 3451 1336 tale
3476 1279 3696 1350 permit-

2114 1381 2246 1439 tere,
2274 1372 2367 1427 sed
2395 1373 2637 1441 quamvis
2661 1372 2988 1442 inopinatum
3007 1370 3131 1440 quid
3159 1370 3378 1436 incidat,
3396 1367 3694 1424 remedium

2114 1464 2235 1518 illos
2263 1463 2520 1518 adhibere
2547 1463 3040 1533 prresentissimum,
3064 1477 3128 1516 ex
3155 1477 3215 1516 ea
3240 1461 3411 1532 puella
3431 1473 3696 1529 cognosce

2114 1569 2234 1624 qua:
2265 1555 2314 1608 in
2339 1553 2508 1623 J0pjze
2538 1553 2862 1608 morabatur.
2901 1551 3031 1606 Nam
3063 1561 3117 1606 et
3147 1551 3285 1606 hanc
3310 1561 3572 1604 mortuam
3606 1547 3694 1618 ja-

2115 1658 2324 1699 ccntem
2367 1645 2776 1700 circumstantes
2831 1658 3088 1714 pauperes
3130 1642 3218 1712 qui
3261 1641 3330 1696 ab
3375 1656 3437 1696 ea
3486 1640 3695 1694 nutrie-

2117 1735 2328 1799 bantur,
2345 1743 2399 1788 et
2417 1734 2688 1805 plorantes
2706 1735 3022 1801 excitarunt,
3038 1743 3091 1787 et
3114 1733 3181 1787 ad
3203 1733 3362 1786 vitam
3379 1739 3698 1787 revocarunt

2119 1825 2250 1897 (Act.
2266 1824 2314 1880 9.
2337 1824 2404 1880 56
2419 1837 2466 1878 et
2481 1825 2637 1895 sqq.).
2659 1824 2831 1880 Tanto
2848 1822 3120 1879 viduarum
3138 1831 3193 1878 et
3216 1837 3505 1893 pauperum
3522 1821 3696 1876 oratio

2115 1917 2226 1970 risu
2270 1926 2324 1970 et
2359 1916 2556 1971 chorea
2604 1917 2751 1974 omni
2787 1905 2867 1972 est
2890 1915 3094 1971 utilior.
3142 1915 3239 1970 Hie
3282 1928 3387 1968 uno
3425 1913 3513 1968 die
3538 1912 3696 1967 durat

2115 2006 2416 2074 delectatio,
2448 2008 2557 2062 illic
2580 2007 2829 2078 perennis
2856 2017 2940 2064 est
2964 2015 3214 2078 qumstus.
3237 2005 3418 2076 Cogita
3440 2013 3693 2076 quantum

2120 2098 2247 2153 illud
2276 2101 2344 2152 sit
2373 2108 2451 2154 tot
2476 2099 2938 2156 benedictionibus
2967 2108 3212 2155 onustam
3234 2112 3484 2169 sponsam
3512 2099 3694 2167 sponsi

2117 2190 2334 2245 domum
2388 2191 2631 2247 introire.
2683 2192 2886 2260 Quibus
2937 2192 3149 2248 coronis
3188 2189 3543 2260 splendidiora
3586 2205 3694 2245 non

2116 2292 2238 2336 sunt
2266 2283 2362 2336 ista
2383 2282 2406 2335 ?
2427 2283 2617 2353 quibus
2637 2299 2743 2337 non
2760 2283 2960 2338 divitiis
2989 2281 3238 2338 utiliora?
3261 2296 3382 2335 cum
3405 2288 3587 2353 contra
3609 2278 3696 2335 hic

2119 2388 2236 2428 mos
2265 2372 2558 2429 hodiernus
2584 2383 2840 2429 extremm
2862 2374 2933 2429 sit
2951 2373 3252 2428 dementiae.
3277 2371 3528 2440 Quamvis
3552 2371 3694 2425 enim

2118 2480 2218 2520 nec
2245 2480 2402 2536 poena
2423 2508 2438 2532 ,
2471 2481 2571 2522 nec
2595 2465 2946 2536 supplicium,
2986 2466 3051 2521 iis
3075 2465 3163 2535 qui
3187 2473 3295 2520 tam
3327 2464 3606 2519 inhuueste
3636 2476 3696 2526 se

2118 2565 2337 2625 gerunt,
2373 2557 2693 2622 immineret,
2741 2558 2914 2627 cogita
2955 2566 3208 2627 quantum
3247 2554 3561 2626 supplicium
3590 2553 3693 2622 sit,

2121 2648 2278 2703 tantis
2300 2646 2596 2702 maledictis
2625 2647 2924 2717 proscindi,
2951 2647 3144 2717 populo
3169 2655 3464 2716 spectante,
3493 2645 3695 2700 cunctis

2118 2740 2472 2806 audientibus,
2498 2741 2565 2795 ab
2591 2740 2894 2795 hominibus
2915 2741 3075 2796 ebriis
3094 2749 3149 2796 et
3170 2748 3347 2796 mente
3372 2738 3693 2809 depravatis.

2119 2831 2250 2886 Nam
2284 2847 2540 2902 pauperes
2566 2832 2778 2903 quidem
2803 2873 2817 2896 ,
2859 2833 2948 2887 ubi
2975 2832 3100 2902 quid
3128 2832 3447 2901 acceperint,
3479 2829 3698 2886 benedi-

2119 2933 2263 2992 cunt,
2300 2924 2501 2978 inﬁnita
2532 2924 2668 2979 bona
2701 2932 2986 2995 precantur
3019 2942 3031 2976 :
3062 2923 3138 2978 illi
3165 2939 3292 2978 vero
3318 2931 3438 2992 post
3470 2922 3700 2976 ebrieta-

2122 3027 2250 3083 tem,
2279 3026 2397 3088 post
2425 3018 2768 3071 voracitatem
2787 3057 2803 3083 ,
2831 3030 3017 3070 omnes
3045 3015 3389 3070 dicteriorum
3416 3011 3602 3068 sordes
3641 3012 3696 3066 in

2121 3124 2309 3165 eorum
2354 3109 2526 3180 capita
2568 3107 2880 3173 ell‘undunt,
2912 3107 3000 3177 qui
3045 3105 3440 3161 matrimonium
3483 3113 3698 3159 contra-

2124 3200 2274 3266 bunt,
2305 3208 2360 3256 et
2389 3199 2705 3255 diabolicum
2736 3208 3006 3255 certamen
3049 3198 3187 3252 inter
3223 3211 3282 3251 se
3309 3195 3574 3267 quoddam
3619 3195 3698 3248 in-

2130 3292 2357 3345 stituunt
2388 3310 2401 3345 :
2429 3299 2483 3345 et
2510 3290 2662 3360 quasi
2691 3297 2870 3345 essent
2908 3288 3102 3342 inimici
3132 3287 3220 3356 qui
3250 3286 3591 3348 conveniunt,
3622 3285 3699 3339 sic

2124 3384 2330 3439 illorum
2362 3383 2641 3453 propinqui
2663 3382 3023 3436 certantiuter
3050 3395 3110 3435 se
3153 3388 3269 3432 uter
3308 3377 3460 3448 plura
3487 3377 3556 3431 de
3594 3376 3700 3430 illis

2120 3474 2209 3544 qui
2237 3473 2486 3543 coniugio
2515 3473 2849 3541 copulantur,
2880 3470 3035 3536 lauda
3067 3479 3120 3525 et
3150 3468 3375 3525 nefanda
3401 3468 3592 3537 probra
3621 3467 3700 3522 ef-

2121 3567 2308 3631 futiet;
2338 3575 2391 3620 et
2423 3563 2762 3630 adversarios
2802 3563 3112 3618 imitantur:
3141 3569 3299 3630 atque
3334 3559 3448 3614 lure
3487 3559 3698 3616 illorum

2121 3659 2260 3715 inter
2303 3672 2361 3712 se
2387 3657 2658 3712 contentio
2705 3655 2901 3720 efﬁcit;
2956 3663 3014 3712 ut
3063 3667 3183 3712 cum
3224 3665 3418 3721 sponsa
3473 3663 3698 3719 sponsus

2121 3764 2330 3805 summo
2361 3749 2560 3819 pudore
2584 3747 2934 3805 sullundatur.

2190 3841 2491 3897 Dwmonum
2518 3842 2740 3912 impulsu
2764 3842 2890 3909 ﬁunt
2915 3839 3005 3895 illa
3033 3837 3224 3892 omnia.
3271 3834 3454 3889 Mimos
3472 3843 3519 3888 et
3542 3831 3698 3888 salta-

2122 3943 2252 3988 tores
2277 3942 2410 3987 arcet
2439 3950 2471 3985 a
2500 3933 2706 4002 nuptiis.
2731 3959 2801 3999 -έ-
2821 3932 2902 3986 An
2935 3932 3093 4001 igitur
3131 3931 3286 3984 aliam
3307 3971 3322 3996 ,
3351 3943 3532 3999 quaeso
3558 3966 3574 3991 ,
3604 3925 3698 3979 de-

2121 4027 2560 4082 monstrationem
2605 4025 2978 4095 requiremus,
3027 4033 3086 4083 ut
3129 4025 3244 4080 lure
3282 4023 3458 4079 omnia
3487 4019 3555 4074 ab
3598 4019 3699 4074 illis

2121 4119 2237 4175 ﬁeri
2279 4118 2488 4189 dicique
2532 4117 2832 4172 dtemonum
2864 4117 3094 4187 impulsu
3137 4119 3382 4171 constet!
3420 4113 3548 4181 Quis
3572 4126 3700 4181 ergo

2119 4210 2372 4279 deinceps
2418 4208 2682 4278 ambiget,
2729 4210 2854 4278 quin
2888 4207 3002 4262 base
3034 4207 3211 4262 omnia
3249 4205 3378 4260 ﬁant
3411 4203 3608 4259 abillis
3636 4215 3700 4260 ac

2121 4304 2385 4369 dicantur,
2427 4301 2754 4357 dtemonibus
2790 4301 2995 4355 animas
3035 4314 3218 4356 eorum
3265 4295 3700 4366 impellentibus?

2121 4395 2291 4450 Nemo
2321 4395 2478 4463 plane
2511 4412 2524 4448 :
2555 4395 2817 4465 siquidem
2844 4393 3103 4464 ejusmodi
3133 4401 3258 4447 sunt
3287 4389 3484 4446 diaboli
3517 4403 3698 4465 remn-

2121 4487 2422 4543 nerationes
2445 4527 2460 4552 ,
2490 4487 2876 4555 cavillationes,
2905 4486 3210 4549 ebrietates,
3243 4494 3297 4539 et
3331 4483 3522 4536 anima:
3567 4479 3700 4541 deli-

2123 4580 2278 4633 rium.
2319 4577 2472 4646 Quod
2519 4579 2562 4633 si
2593 4578 2712 4650 quis
2757 4593 2860 4645 eo,
2909 4576 3050 4647 quod
3075 4576 3261 4630 horum
3301 4573 3416 4628 loco
3438 4583 3700 4641 pauperes

2122 4672 2550 4739 introducuntur,
2583 4674 2762 4727 omine
2789 4671 3140 4733 deterreatttr,
3169 4677 3225 4723 et
3251 4665 3568 4723 calamitatis
3595 4663 3695 4728 hoc

2124 4765 2374 4819 indicium
2403 4779 2523 4819 esse
2551 4763 2723 4830 dicat,
2751 4764 2796 4818 is
2825 4763 2924 4816 hoc
2952 4762 3110 4817 etiam
3141 4759 3342 4825 discat,
3373 4771 3481 4812 non
3505 4768 3699 4826 paupeo

2123 4870 2210 4910 res
2247 4871 2311 4910 ac
2345 4854 2530 4908 viduas
2549 4854 2619 4907 ali
2641 4895 2656 4920 ,
2703 4853 2798 4908 sed
2831 4852 3022 4908 molles
3063 4866 3126 4906 ac
3150 4848 3456 4905 meretrices
3478 4888 3495 4913 ,
3525 4845 3700 4900 omnis

2123 4946 2382 5001 molestiae
2406 4954 2564 5014 atque
2591 4945 2990 4998 innumerorum
3013 4957 3131 4998 esse
3157 4939 3416 4996 malorum
3445 4934 3698 4990 indicium

2122 5051 2172 5096 et
2203 5049 2524 5110 portentum.
2541 5037 2695 5108 Stepe
2712 5053 2941 5108 namque
2968 5036 3217 5092 meretrix
3241 5034 3348 5105 jam
3375 5032 3444 5088 ab
3471 5031 3564 5086 illo
3585 5031 3699 5101 ipso

2122 5132 2208 5188 die
2230 5149 2293 5188 ex
2324 5132 2508 5186 amicis
2535 5146 2790 5201 Sponsum
2820 5131 3086 5200 captivum
3115 5128 3386 5197 abripiens
3407 5124 3692 5187 discessit,
3761 5173 3783 5194 .

2121 5241 2359 5281 amorem
2386 5240 2508 5296 erga
2530 5239 2780 5294 sponsam
2806 5221 3078 5286 exStinxit,
3120 5217 3543 5276 benevolentiam
3571 5212 3699 5269 sub-

2124 5318 2245 5372 dole
2272 5317 2467 5371 avertit
2493 5357 2507 5380 ,
2557 5315 2895 5370 dilectionem
2920 5351 2936 5378 ,
2972 5320 3254 5380 antequam
3298 5306 3697 5369 accenderetur,

2113 5409 2396 5494 dissolvit,
2427 5418 2480 5463 et
2516 5405 2760 5462 adulterii
2800 5420 2980 5494 semen
3008 5402 3223 5494 injecit.
3272 5400 3397 5454 Haec
3439 5397 3698 5494 pertime-

2125 5484 2276 5556 scere
2301 5508 2478 5567 patres
2501 5497 2756 5568 oportuit,
2783 5494 2885 5551 etsi
2909 5493 3041 5549 nihil
3061 5490 3204 5546 aliud
3233 5497 3395 5554 esset,
3421 5499 3484 5541 ac
3510 5484 3702 5539 mimos

2123 5601 2180 5650 et
2226 5591 2506 5671 saltatores
2559 5589 2860 5660 nuptiarum
2913 5588 3151 5658 ingressu
3207 5581 3514 5653 prohibere.
3565 5577 3700 5632 Sunt

2127 5684 2269 5741 enim
2285 5681 2535 5749 instituta;
2553 5681 2768 5754 nuptite,
2795 5694 2901 5736 non
2919 5687 2974 5735 ut
2997 5677 3350 5744 laseiviamus,
3372 5686 3471 5733 nec
3489 5679 3545 5727 ut
