4110 6198
382 280 485 337 τη

380 403 464 464 είς
487 397 614 459 τοὺς
643 392 857 465 γάμους
875 407 890 423 ⁸
924 391 1080 448 αὐλοὶ
1098 392 1177 457 δέ,
1224 393 1506 465 σύριγγες,
1550 391 1646 446 καὶ
1672 389 1950 461 κύμϐαλα,

382 483 478 547 καὶ
495 480 565 533 τά
599 476 789 547 οἰνώδη
813 484 833 508 ⁸
854 475 1218 545 σκιρτήματα,
1241 476 1337 528 καί
1356 477 1390 545 ή
1418 472 1579 544 λοιπὴ
1611 474 1646 545 ή
1665 472 1762 526 νῦν
1783 472 1955 541 ἀσχη-

384 544 592 638 μοσύνη
620 544 1146 630 πᾶσαέκποδὼνῆν.
1170 562 1233 615 Ut
1252 560 1309 613 δέ
1343 544 1426 628 ἐφ’
1452 557 1611 629 ἡμῶν
1632 544 1726 611 καὶ
1749 554 1956 638 ὕμνους

382 637 463 711 εἰς
487 645 583 717 τὴν
626 642 942 713 Ἀφροδίτην
967 641 1151 714 ᾄδουσι
1192 640 1530 713 χορεύοντες,
1567 640 1662 693 καὶ
1709 637 1956 710 μοιχείας

380 728 606 792 πολλὰς,
632 726 727 780 καὶ
755 724 949 795 γάμων
978 723 1299 794 διαφθοράς,
1332 725 1427 777 καὶ
1452 723 1661 794 ἔρωτας
1717 719 1958 791 παρανό-

384 828 541 884 μους,
577 810 672 863 καὶ
701 807 875 879 μίξεις
898 805 1189 876 ἀθέσμους,
1215 807 1309 859 καὶ
1340 805 1509 859 πολλὰ
1525 804 1686 872 έτερα
1704 802 1957 866 ἀσεϐείας

380 895 477 950 καὶ
530 892 792 963 αἰσχύνης
841 890 1079 961 γέμοντα
1114 890 1333 964 ᾄσματα
1367 891 1488 943 κατ’
1523 887 1739 958 ἐκείνην
1770 886 1955 959 ᾅδουσι

380 979 479 1048 τὴν
509 976 740 1048 ἡμέραν,
773 974 867 1027 καὶ
901 973 1038 1045 μετά
1071 973 1240 1045 μέθην
1279 974 1373 1031 καὶ
1411 971 1680 1042 τοσαύτην
1714 970 1958 1040 ἀσχημο-

380 1061 549 1129 σύνην
594 1059 661 1112 δι’
707 1056 949 1128 αἰσχρῶν
1005 1057 1267 1127 ῥημάτων
1316 1056 1554 1127 δημοσία
1592 1054 1689 1126 τὴν
1737 1052 1957 1122 νύμφην

379 1142 742 1212 πομπεύουσι.
786 1138 912 1202 Πῶς
939 1134 1032 1193 οῦν
1072 1138 1243 1209 αὐτὴν
1292 1140 1547 1201 ἀπαιτεῖς
1577 1133 1953 1208 σωφροσύνην,

380 1225 503 1279 εἰπέ
534 1240 644 1295 μοι,
698 1223 780 1285 εἰς
802 1219 1073 1292 τοσαύτην
1121 1219 1398 1276 ἀναίδειαν
1433 1220 1498 1273 ἐκ
1534 1218 1759 1289 πρώτης
1785 1216 1956 1287 αύτήν

379 1303 746 1376 παιδοτριϐῶν
795 1304 896 1374 τῆς
955 1302 1191 1374 ἡμέρας,
1247 1303 1343 1355 καὶ
1396 1298 1836 1373 παρασκευάζων
1868 1300 1954 1352 ἐπ’

378 1388 566 1459 ὄψεσιν
588 1386 762 1456 αὐτῆς
792 1387 886 1440 καὶ
907 1385 1150 1454 γίνεσθαι
1172 1386 1268 1438 καί
1290 1384 1545 1454 λέγεσθαι
1568 1383 1759 1447 ταῦτα,
1794 1381 1831 1435 0
1853 1398 1957 1451 μη-

378 1470 438 1525 δὲ
472 1467 779 1531 σπουδαίοις
807 1466 1161 1539 ἀνδραπόδοις
1194 1466 1425 1521 ἀκοῦσαι
1461 1465 1658 1536 θέμις;
1690 1462 1956 1517 Τοσοῦτον

381 1554 574 1624 χρόνον
596 1552 852 1605 ἐπόνεσεν
873 1552 903 1603 ό
932 1549 1114 1621 πατὴρ
1133 1548 1271 1620 μετὰ
1299 1549 1399 1620 τῆς
1440 1547 1647 1619 μητρὸς
1675 1546 1955 1616 φυλάττων

379 1638 480 1707 τὴν
518 1634 805 1706 παρθένον,
834 1631 977 1685 ὥστε
1007 1633 1147 1703 μήτε
1178 1633 1374 1693 εἰπεῖν,
1405 1635 1540 1701 μήτε
1569 1630 1759 1701 ἐτέρου
1791 1627 1955 1682 ἀκοῦ-

383 1734 473 1771 σαι
488 1715 736 1786 λέγοντός
751 1732 804 1767 τι
819 1714 927 1767 τῶν
947 1712 1204 1767 τοιούτων
1227 1713 1509 1785 ῥημάτων,
1535 1712 1627 1766 καί
1658 1712 1953 1782 θαλάμους,

381 1802 477 1854 καὶ
496 1796 957 1869 γυναικωνίτιδας,
996 1797 1089 1850 καὶ
1125 1795 1273 1868 [196]
1307 1796 1575 1865 φύλακας,
1637 1795 1732 1848 καὶ
1762 1794 1950 1865 θύρας,

381 1884 478 1937 καὶ
528 1882 781 1955 μοχλοὺς,
829 1880 925 1934 καὶ
948 1880 1051 1943 τάς
1112 1881 1171 1931 ἐν
1205 1879 1417 1949 ἑσπέρα
1454 1878 1737 1949 προόδους,
1775 1877 1868 1930 καὶ
1894 1876 1955 1929 τὸ

383 1966 571 2036 μηδενί
610 1963 893 2033 φαίνεσθαι
937 1962 1073 2034 μηδέ
1105 1961 1214 2016 τῶν
1250 1961 1596 2031 ἐπιτηδείων,
1657 1960 1751 2013 καὶ
1786 1959 1956 2012 πολλά

377 2050 542 2122 ιτερα
562 2047 783 2102 πλείονα
799 2045 1001 2100 τούτων
1017 2044 1562 2116 πραγματευόμενος,
1579 2044 1673 2097 καὶ
1694 2044 1759 2095 σὺ
1777 2043 1956 2096 πάντα

378 2130 564 2187 ἐκεῖνα
619 2132 677 2184 ἐν
740 2130 838 2201 μιᾷ
879 2126 1050 2181 ἐλθὼν
1098 2127 1316 2197 ἐξέχεας
1360 2126 1562 2198 ήμέρᾳ,
1602 2125 1955 2195 ἀναίσχυντον

378 2214 548 2285 αὐτὴν
568 2212 1004 2284 παρασκευάζων
1032 2209 1288 2279 γενέσθαι
1321 2208 1410 2262 διά
1440 2208 1542 2278 τῆς
1583 2209 1781 2279 ἀτίμου
1810 2223 1955 2278 πομ-

377 2296 489 2365 πῆς
516 2297 753 2365 ἐκείνης,
777 2294 873 2350 καὶ
906 2290 1278 2363 διεφθαρμένα
1304 2292 1525 2362 ῥήματα
1552 2292 1631 2353 εἰς
1654 2289 1752 2361 τὴν
1776 2289 1954 2360 ψυχήν

374 2378 613 2446 εἰσάγων
634 2377 732 2447 τῆς
759 2374 1012 2445 νύμφης;
1048 2374 1164 2427 Ούκ
1214 2372 1466 2425 ἐντεῦθεν
1509 2373 1579 2426 :0
1613 2372 1750 2442 μετὰ
1782 2370 1956 2425 ταῦτα

374 2462 558 2524 κακά;
589 2461 690 2513 ούκ
741 2456 992 2513 ἐντεῦθεν
1026 2458 1265 2527 μοιχεῖαι
1312 2456 1433 2512 καὶ
1453 2455 1816 2524 ζηλοτυπίαι;
1854 2454 1954 2507 οὐκ

374 2542 626 2596 ἐντεῦθεν
658 2540 907 2595 ἀπαιδίαι
956 2541 1049 2593 καὶ
1077 2542 1295 2611 χηρεῖαι
1342 2538 1436 2591 καί
1465 2538 1721 2609 όρφανίαι
1744 2538 1950 2609 ἀωροι;

375 2624 547 2676 Ὅταν
576 2622 686 2694 γὰρ
720 2623 844 2684 τοὺς
875 2621 1136 2691 δαίμονας
1185 2620 1356 2691 καλῇς
1388 2620 1475 2672 διά
1504 2619 1613 2673 τῶν
1646 2619 1906 2691 ᾀσμάτων
1933 2659 1949 2684 ,

374 2708 503 2761 ὅταν
520 2707 617 2776 τὴν
638 2703 861 2759 ἐκείνων
889 2703 1183 2775 ἐπιθυμίαν
1208 2703 1431 2774 πληροῖς
1450 2701 1539 2756 διά
1576 2703 1682 2756 τῶν
1712 2702 1951 2773 αἰσχρῶν

380 2789 658 2860 ῥημάτων,
689 2788 817 2854 ὅταν
851 2786 1052 2856 μίμους
1085 2785 1182 2839 καὶ
1212 2786 1488 2855 μαλακοὺς
1519 2788 1599 2849 εἰς
1643 2785 1741 2857 τὴν
1771 2785 1949 2838 οἰκίαν

374 2870 602 2941 εἰσάγῃς
633 2870 727 2923 καὶ
756 2868 819 2921 τὸ
852 2868 1075 2939 θέατρον
1107 2866 1274 2931 ἀπαν,
1314 2868 1440 2927 ὅταν
1491 2867 1706 2938 πορνῶν
1736 2867 1950 2938 ἐμπλή-

374 2969 477 3028 σῃς
505 2954 605 3024 τήν
638 2952 779 3005 οίκίσ
793 2968 835 3007 θ.
859 2950 1090 3005 καὶτῶν
1123 2949 1394 3022 δαιμόνων
1428 2950 1724 3021 ὁλόκληρον
1765 2967 1947 3022 παρα-

373 3036 645 3107 σκευάσῃς
664 3032 1059 3104 ἐκετκωμάσαι
1089 3033 1182 3086 τὸν
1210 3034 1393 3104 χορὸν,
1424 3032 1477 3086 τί
1508 3034 1813 3105 προσδοκᾷς
1840 3033 1948 3087 λοιο

372 3118 474 3171 πδν
503 3118 674 3185 ὑγιὲς,
697 3116 818 3171 είπέ
852 3132 978 3186 90:;
1012 3115 1169 3179 Τίνος
1198 3115 1255 3170 δὲ
1283 3116 1470 3181 ἕνεκεν
1502 3117 1598 3169 καὶ⁵
1630 3117 1811 3187 ἰερέας
1830 3118 1944 3170 εἰσ-

371 3200 547 3269 άγεις,
597 3197 806 3268 μέλλων
843 3201 908 3268 τῇ
944 3196 1207 3269 ὑστεραία
1253 3196 1481 3255 τοιαῦτα
1513 3197 1723 3263 τελεῖνς
1759 3198 1945 3253 Βούλει

372 3281 684 3351 φιλοτιμίαν
733 3278 1106 3344 ἐπιδείξασθαι
1153 3279 1344 3351 κέρδος
1396 3279 1662 3351 ἐχουσαν;
1702 3280 1946 3337 Κάλεσον

368 3364 565 3439 χοροὺς
582 3364 849 3432 πενήτων.
883 3361 1274 3437 ’Δλλάἰσχύνῃ
1290 3363 1524 3427 πάντως,
1546 3365 1641 3421 καὶ
1663 3363 1942 3435 ἐρυθριᾷς

369 3448 483 3507 K01
503 3446 555 3511 τί
584 3446 789 3515 ταύτης
819 3445 918 3515 τῆς
945 3445 1167 3513 ἀλογίας
1194 3447 1394 3517 χεῖρον,
1417 3447 1546 3511 ὃταν
1579 3445 1669 3507 τόν
1706 3447 1802 3518 μὲν
1827 3447 1943 3505 διά-

372 3530 526 3581 ϐολον
565 3528 738 3593 ἐλκων
764 3530 843 3591 είς
866 3529 966 3600 τὴν
1017 3520 1217 3595 οἰκίαν,
1259 3528 1425 3599 μηδὲν
1450 3528 1677 3601 νομίζῃς
1717 3528 1942 3601 αίσχρδν

368 3614 566 3678 ποιεῖν,
594 3612 685 3664 τὸν
713 3611 771 3677 δέ
820 3609 1055 3682 Χριστὸν
1089 3611 1299 3681 μέλλων
1330 3612 1596 3680 εἰσάγειν,
1652 3612 1937 3691 ἐρυθριᾷς

370 3696 582 3766 Ὥσπερ
616 3692 726 3768 γάρ
776 3694 1021 3763 πενήτων
1052 3695 1327 3748 εἰσιόντων
1358 3697 1388 3749 ό
1439 3695 1673 3767 Χριστὸς
1702 3696 1941 3769 παραγί-

367 3794 540 3841 νεται,
589 3775 733 3829 οὕτω
769 3774 1024 3846 μαλακῶν
1052 3777 1147 3829 καὶ
1174 3777 1355 3846 μίμων
1403 3777 1521 3830 ἐκεῖ
1552 3778 1884 3849 χορευόντων
1912 3781 1941 3833 ό

365 3858 610 3922 διάϐολος
630 3862 688 3913 ἐν
713 3857 790 3928 τῷ
820 3859 971 3928 μέσῳ
1006 3858 1278 3928 κωμάζει.
1312 3859 1423 3911 K01
1451 3858 1559 3912 ἀπὸ
1586 3861 1684 3930 μὲν
1708 3861 1807 3932 τῆς
1842 3860 1937 3915 δα-

365 3943 543 4013 πάνης
568 3941 780 4011 ἐκείνης
799 3939 991 4010 κέρδος
1017 3941 1190 4005 οὐδὲν,
1222 3941 1357 3998 ἀλλά
1405 3942 1502 3994 καὶ
1529 3942 1698 4013 πολλὴ
1738 3943 1936 4011 γένοιτ’

362 4024 431 4079 ἀν
469 4026 503 4095 η
530 4022 700 4093 βλάϐη
721 4039 734 4054 ·
767 4022 875 4076 ἀπὸ
898 4022 955 4076 δὲ
983 4020 1189 4077 τούτων
1216 4022 1325 4077 τῶν
1369 4022 1740 4094 ἀναλωμάτων
1770 4025 1936 4078 πολύν

361 4125 488 4162 τινα
512 4106 656 4177 λήψῃ
682 4105 771 4158 τὸν
796 4104 986 4175 μισθὸν
1028 4107 1258 4177 ταχέως.
1305 4106 1465 4162 ’Δλλά
1490 4108 1667 4171 οὐδεὶς
1712 4109 1805 4161 ἐπὶ
1836 4109 1935 4180 τῆς

364 4191 574 4253 πόλεως
610 4186 767 4241 τοῦτο
810 4188 1139 4260 εἰργάσατο;
1183 4188 1344 4243 Ἀλλά
1372 4191 1435 4244 σὺ
1464 4189 1731 4262 κατάρξαι
1764 4192 1933 4246 σπού-

360 4272 524 4326 δασον
556 4271 651 4324 καὶ
677 4270 919 4341 ἀρχηγὸς
950 4270 1204 4340 γενέσθαι
1241 4272 1340 4343 τῆς
1370 4272 1542 4344 καλῆς
1574 4274 1779 4341 ταύτης
1810 4291 1936 4328 συν⁴

360 4353 569 4426 ηθείας,
605 4353 692 4407 ἴνα
741 4354 837 4408 καὶ
873 4354 923 4407 οί
971 4355 1111 4424 μετά
1160 4354 1334 4408 ταῦτα
1364 4356 1445 4418 εἰς
1499 4355 1558 4408 σὲ
1591 4356 1929 4428 ἀναφέρωσι.

362 4439 481 4494 Κάν
513 4436 734 4513 ζηλώσῃ
758 4455 860 4504 τις,
894 4437 997 4491 κᾶν
1026 4438 1335 4509 μιμήσηται
1360 4437 1519 4491 τοῦτο
1542 4438 1602 4492 τὸ
1630 4438 1769 4505 ἔθος,
1796 4439 1932 4510 πρὸς
1975 4510 1983 4518 .

357 4524 485 4586 τοὺς
516 4521 866 4588 ἐξετάζοντας
911 4519 1093 4585 ἕξουσι
1142 4520 1321 4587 λέγειν
1354 4522 1401 4574 οἱ
1430 4520 1643 4589 ἔγγονοι
1668 4523 1760 4575 καί
1786 4524 1833 4575 οἰ
1871 4523 1931 4588 ἐξ

359 4606 619 4676 ἐγγόνων,
648 4606 729 4660 ὅτι
761 4603 818 4658 Ὀ
836 4605 980 4659 δεῖνα
1005 4607 1095 4658 τὶν
1127 4602 1289 4655 καλὸν
1311 4601 1501 4655 τοῦτον
1525 4602 1688 4673 νόμον
1713 4604 1929 4674 πρῶτος

357 4691 669 4760 εἰσήγαγεν.
702 4686 765 4738 Εἰ
820 4685 928 4756 γάρ
972 4685 1066 4738 ἐπὶ
1096 4683 1202 4737 τῶν
1232 4683 1432 4749 ἔξωθεν
1460 4684 1704 4752 ἀγώνων,
1732 4687 1790 4739 ἐν
1815 4689 1928 4750 τοῖς

359 4770 703 4841 συμποσίοις,
733 4769 783 4821 οἰ
813 4768 951 4838 πρὸς
974 4768 1038 4821 τὸ
1078 4767 1488 4839 φιλοτιμότερον
1511 4767 1611 4831 τάς
1634 4769 1927 4840 ἀνονήτους

356 4854 557 4917 ταύτας
580 4852 919 4922 λειτουργίας
935 4850 1239 4919 ἐξάγοντες,
1266 4850 1416 4921 παρά
1448 4850 1656 4904 πολλῶν
1689 4850 1921 4923 ᾅδονται·

357 4934 541 5005 πολλῷ
574 4933 773 5006 μᾶλλον
804 4934 898 4986 ἐπὶ
922 4932 1018 5003 τῆς
1044 4933 1387 5005 λειτουργίας
1418 4933 1517 5003 τῆς
1549 4934 1926 5005 πνευματικῆς

358 5019 596 5081 ἀπαντες
638 5014 1032 5079 ἐπαινέσονται,
1080 5016 1173 5070 καὶ
1218 5016 1377 5088 χάριν
1417 5016 1810 5087 ὁμολογήσουσι
1845 5017 1924 5088 τῷ

357 5101 560 5172 πρώτῳ
607 5100 705 5172 τὴν
745 5098 1063 5171 θαυμαστὴν
1110 5100 1315 5171 ταύτην
1342 5100 1517 5172 ἀρχὴν
1550 5101 1920 5170 εἰσαγαγόντι,

320 5223 334 5235 .
353 5188 450 5242 καὶ
477 5186 630 5239 ἐσται
649 5185 711 5238 τὸ
738 5183 869 5238 00:0
890 5183 983 5237 καί
1015 5182 1293 5255 φιλοτιμία
1330 5184 1424 5237 καὶ
1452 5184 1658 5255 κέρδος.
1677 5184 1790 5240 K01
1813 5185 1922 5256 γάρ

352 5269 443 5338 ὑφ’
466 5268 669 5341 ἐτέρων
692 5266 849 5321 τοῦτο
877 5266 1327 5338 κατορθούμενον,
1355 5267 1458 5331 001,
1482 5266 1561 5337 τῷ
1590 5266 1791 5338 πρώτῳ
1822 5285 1923 5337 φυ-

348 5351 687 5423 τευσαμένῳ,
716 5350 824 5405 τῶν
854 5350 1080 5421 καρπῶν
1106 5350 1329 5404 ἐκείνων
1357 5349 1493 5404 οίσει
1521 5351 1620 5421 τήν
1642 5351 1879 5423 ἀμοιϐήν
1902 5370 1916 5385 ·

348 5435 508 5490 τοῦτό
530 5452 588 5489 σε
614 5436 709 5489 καὶ
741 5432 952 5505 πατέρα
982 5434 1198 5504 ποιήσει
1225 5432 1455 5504 ταχέως,
1485 5433 1645 5488 τοῦτο
1684 5434 1777 5488 καὶ
1810 5435 1918 5490 τῶν

344 5514 679 5587 τικτομένων
708 5515 1088 5586 προστήσεται,
1142 5512 1236 5568 καὶ
1263 5513 1355 5567 τὸν
1382 5514 1613 5585 νυμφίον
1632 5517 1699 5587 τῇ
1730 5515 1913 5589 νύμφη
1960 5548 1995 5579 ρ

408 5642 437 5672 ⁸
458 5638 777 5707 είς-γξειιιιιί⁸
802 5640 1064 5707 el‘lorcl.
1111 5640 1276 5694 Iuntl.
1300 5640 1474 5693 vitiose
1518 5640 1719 5707 οἰμώδη.
1760 5639 1908 5693 Savil.

345 5708 400 5759 *ι
417 5702 527 5756 ωσ.
547 5700 643 5755 ’με
661 5703 833 5763 ὀνώδη.
852 5700 983 5753 Eon.

1097 281 1172 338 ΙΝ
1208 281 1438 349 ιιιυυ,
1482 279 1800 339 PROPTER
1831 277 1945 334 FOI

2042 275 2387 335 CATIONES
2442 277 2749 349 UXOREM,
2786 279 2939 337 ETC.
2974 277 3019 339 1.

3516 275 3582 333 2|
3592 275 3633 333 ᾗ

2058 394 2547 466 συγκαταγηράσαι
2590 395 3025 467 παρασκευάσει.
3081 395 3294 468 Ὠσπερ
3347 394 3458 469 γάρ
3513 401 3631 465 τοῖς

2056 481 2461 553 ἁμαρτάνουσιν
2508 484 2723 538 ἀπειλεῖ
2758 483 2997 554 συνεχῶς
3043 485 3073 538 ό
3103 483 3258 551 Θεὸς,
3305 484 3500 554 λέγων,
3540 486 3628 542 δτι

2058 568 2343 622 Ἔσονται
2372 572 2427 623 οι
2450 572 2565 625 uio!
2598 570 2764 641 ὑμῶν
2816 571 3085 641 ὀρφανοί,
3117 571 3216 626 καί
3247 574 3307 627 αι
3350 573 3629 642 γυναῖκες

2053 652 2222 723 ὑμῶν
2246 654 2453 724 χῆραι·
2496 656 2637 711 οὔτω
2665 660 2760 713 καὶ
2795 662 2908 724 τοῖς
2934 660 2993 712 ἐν
3026 659 3228 714 άπασιν
3265 660 3416 731 αύτῷ
3439 661 3626 715 πειθο-

2058 740 2239 811 μένοις
2292 744 2387 796 καὶ
2417 745 2594 817 γῆρας
2628 746 2857 818 λιπαρὸν
2905 748 3002 802 καὶ
3040 748 3220 803 πάντα
3246 749 3385 820 μετά
3417 747 3623 803 τούτων

2054 829 2251 885 δώσειν
2278 833 2619 905 ὑπισχνεῖται
2647 836 2716 890 τά
2740 836 2937 906 ἀγαθά.

2126 933 2342 1000 γ’.’Καὶ
2366 933 2577 987 Παύλου
2607 934 2664 989 δὲ
2701 935 2848 993 ἐστιν
2886 935 3117 990 ἀκοῦσαι
3146 935 3305 991 τοῦτο
3344 937 3622 1006 λέγοντος,

2056 1017 2138 1074 ὅτι
2170 1020 2435 1085 θανάτους
2459 1020 2672 1094 ἀώρους
2695 1023 2953 1088 πολλάκις
2971 1025 3383 1098 ἁμαρτημάτων
3403 1024 3626 1096 ἐποίησε

2056 1109 2279 1180 πλῆθος.
2309 1112 2412 1165 Διὰ
2438 1112 2616 1166 τοῦτο
2630 1112 2757 1184 γάρ,
2777 1112 2964 1182 φησὶν,
2978 1112 3201 1182 ὲνύμῒν
3219 1110 3629 1168 10.11010000-

2054 1198 2179 1265 νεῖς
2216 1199 2316 1253 καὶ
2347 1199 2661 1268 ᾱρῤωστοι,
2682 1201 2783 1256 καί
2813 1199 3132 1271 κοιμῶνται
3160 1200 3376 1256 ἱκανοί.
3406 1201 3531 1252 Ὅτι
3564 1199 3627 1254 δέ

2055 1286 2285 1358 πένητες
2301 1289 2625 1358 τρεφόμενοι
2645 1290 2795 1344 οὐδὲν
2816 1288 3058 1343 τοιοῦτον
3076 1290 3268 1358 ἀφιᾶσι
3302 1275 3624 1359 συμπεσέἶν,

2054 1376 2212 1442 ἀλλά,
2238 1377 2339 1433 κᾶν
2354 1378 2577 1450 γένηταί
2595 1396 2649 1433 τι
2672 1379 2780 1434 τῶν
2803 1380 3101 1451 ἀδοκήτων,
3117 1377 3379 1449 ταχίστην
3396 1376 3629 1446 ἐπάγου-

2055 1481 2139 1519 σιν
2159 1463 2307 1540 [197]
2329 1465 2494 1522 αὐτοῦ
2511 1466 2608 1539 τὴν
2622 1467 2928 1539 διόρθωσιν,
2949 1467 3058 1521 ἀπὸ
3075 1467 3174 1537 τῆς
3192 1466 3359 1538 κόρης
3388 1463 3624 1537 μάνθανε

2051 1552 2151 1622 τῆς
2175 1555 2232 1606 ἐν
2261 1553 2469 1625 Ἰόππῃ.
2498 1554 2607 1608 K01
2633 1554 2742 1626 γάρ
2765 1554 2968 1625 ταύτην
2987 1553 3119 1608 ποτέ
3146 1552 3346 1625 νεκράν
3369 1552 3627 1624 κειμένην

2054 1640 2410 1712 περιστάντες
2446 1642 2496 1696 οἰ
2529 1641 2848 1712 τρεφόμενοι
2872 1642 3101 1710 πένητες
3130 1640 3224 1693 καὶ
3254 1638 3623 1712 δακρύσαντες

2053 1726 2384 1796 ἀνέστησαν,
2439 1727 2701 1797 καὶπρὸς
2750 1728 2893 1796 ζωήν
2932 1729 3298 1798 ἐπανήγαγον.
3354 1725 3623 1780 Τοσοῦτον

2053 1813 2186 1881 εύχὴ
2212 1813 2395 1885 χηρῶν
2425 1814 2518 1867 καὶ
2540 1815 2785 1887 πενήτων
2801 1815 3035 1881 γέλωτος
3058 1813 3258 1877 παντὸς
3288 1814 3384 1866 καί
3408 1813 3627 1884 χορείας

2054 1898 2171 1951 ἐστί
2218 1900 2629 1973 χρησιμωτέρα.
2674 1900 2940 1958 Ἐνταῦθα
2993 1902 3131 1974 πρὸς
3175 1899 3299 1972 μίαν
3348 1900 3561 1971 ἡμέραν
3589 1900 3625 1971 ή

2052 1985 2265 2056 τέρψις,
2300 1988 2417 2040 ἐκεῖ
2446 1987 2692 2059 διηνεκὲς
2741 1989 2802 2042 τὸ
2848 1988 3055 2060 κέρδος.
3107 1988 3387 2059 Ἐννόησον
3439 1985 3626 2057 ἡλίκον

2055 2073 2171 2125 ἐστὶ
2215 2073 2480 2138 τοσαύτας
2514 2074 2608 2129 ἐπὶ¹
2644 2075 2745 2145 τῆς
2793 2074 3034 2145 κεφαλῆς
3065 2073 3317 2143 εὐλογίας
3350 2073 3626 2129 λαϐοῦσαν

2053 2159 2151 2231 τὴν
2182 2160 2424 2234 νύμφην,
2462 2165 2541 2226 είς
2570 2165 2669 2233 τὴν
2712 2165 2890 2218 οἰκίαν
2936 2164 3165 2217 εἰσιέναι
3218 2161 3311 2217 τοῦ
3363 2165 3620 2235 νυμφίου.

2053 2248 2239 2301 Πόσων
2275 2248 2550 2318 στεφάνων
2573 2250 2746 2305 ταῦτα
2793 2250 3125 2322 σεμνότερα;
3155 2251 3321 2304 πόσου
3349 2249 3624 2322 χρησιμώ-

2051 2351 2183 2405 τερα
2216 2334 2483 2396 πλούτους
2515 2336 2590 2399 ώς
2623 2336 2690 2389 τά
2722 2352 2786 2405 γε
2823 2335 2917 2390 νῦν
2949 2337 3208 2407 γινόμενα
3253 2337 3488 2407 ἐσχάτης
3516 2355 3622 2391 πα-

2056 2421 2355 2493 ραπληξίας
2401 2422 2495 2475 καί
2545 2423 2969 2494 παραφροσύνης
3027 2423 3195 2477 ἐστίν.
3240 2423 3302 2476 Εί
3348 2422 3458 2494 γὰρ
3486 2423 3623 2495 μηδὲ

2051 2509 2291 2572 κόλασις,
2327 2508 2459 2580 μηδέ
2482 2510 2724 2580 τιμωρία
2775 2527 2861 2572 τις
2912 2509 3090 2562 ἔκειτο
3124 2512 3238 2573 τοῖς
3282 2508 3352 2563 τά
3394 2510 3622 2565 τοιαῦτα

2049 2594 2469 2667 ἀσχημονοῦσιν,
2516 2596 2765 2668 ἐννόησον
2794 2598 2926 2666 ὅσης
2966 2596 3083 2651 ἐστὶ
3110 2597 3398 2669 τιμωρίας,
3430 2597 3622 2669 ἀνέχε-

2052 2683 2176 2736 σθαι
2223 2684 2518 2747 τοσαύταις
2574 2684 2937 2754 πλυνομένους
2990 2683 3309 2756 λοιδορίαις,
3362 2685 3618 2758 δημοσία,

2049 2770 2268 2825 πάντων
2312 2770 2637 2833 ἀκουόντων,
2674 2770 2779 2824 ὑπὸ
2827 2770 3131 2843 ἀνθρώπων
3172 2772 3478 2843 μεθυόντων
3524 2772 3621 2828 καὶ

2045 2856 2457 2929 διεφθαρμένων
2493 2859 2586 2913 τὸν
2612 2859 2755 2913 νοῦν.
2782 2860 2845 2912 Ol
2876 2860 2973 2929 μὲν
2997 2858 3119 2931 γὰρ,
3146 2862 3374 2931 πένητες
3407 2860 3619 2933 λαμϐά-

2044 2961 2228 3008 νοντες
2260 2945 2568 3014 εύλογοῦσι,
2602 2945 2773 3017 μυρία
2796 2946 3230 3017 συνεύχονταιτά
3261 2947 3615 3016 ἀγαθάοέκεῖ-

2044 3052 2126 3089 νοι
2162 3034 2220 3086 δὲ
2250 3034 2390 3103 μετὰ
2415 3032 2513 3105 τὴν
2562 3032 2753 3104 μέθην,
2790 3033 2927 3104 μετά
2954 3033 3055 3105 τὴν
3083 3033 3410 3106 ἀδηφαγίαν,
3441 3037 3622 3094 πάντα

2046 3120 2305 3191 βόρϐορον
2343 3120 2692 3189 σκωμμάτων
2724 3120 2866 3173 κατά
2897 3120 2995 3188 τῆς
3028 3120 3136 3173 τῶν
3164 3122 3485 3192 γαμούντων
3523 3138 3620 3179 κα-

2042 3209 2297 3281 ταχέουσι
2323 3208 2586 3279 κεφαλῆς,
2617 3208 2848 3279 ἆμιλλάν
2873 3225 2996 3263 τινα
3020 3208 3332 3283 διαϐολικὴν
3365 3214 3503 3284 πρὸς
3530 3213 3621 3269 ἀλ.

2041 3295 2236 3367 λήλους
2290 3295 2525 3367 ἔχοντες*
2577 3297 2673 3351 καὶ
2726 3295 2978 3367 καθάπερ
3043 3295 3250 3368 ἐχθρῶν
3294 3297 3465 3352 όντων
3503 3299 3617 3355 τῶν

2043 3388 2352 3451 συνιόντων,
2377 3383 2548 3447 οὕτως
2570 3383 2620 3436 οἱ
2659 3384 3030 3454 προσήκοντες
3062 3385 3248 3448 αὐτοῖς
3268 3385 3614 3457 φιλοτιμοῦν-

2038 3488 2130 3526 ται
2160 3472 2300 3544 πρὸς
2327 3471 2610 3543 ἀλλήλους,
2667 3472 2725 3525 ἐν
2748 3471 2826 3542 τῷ
2854 3470 2995 3543 ρητά
3038 3473 3133 3526 καὶ
3172 3472 3388 3545 ἄρρητα
3431 3474 3616 3544 λέγειν

2038 3560 2217 3631 ὀνείδη
2249 3559 2501 3632 περὶτῶν
2530 3562 2845 3631 γημάντων,
2886 3560 3126 3631 μιμῆσαι
3174 3562 3301 3625 τοὺς
3329 3563 3612 3616 ἀντιτετα-

2038 3649 2293 3720 γμένους·
2323 3649 2419 3702 καὶ
2443 3650 2477 3720 η
2494 3649 2631 3719 πρὸς
2659 3648 2924 3719 ἀλλήλους
2939 3648 3145 3702 τούτων
3171 3648 3470 3718 φιλονεικία
3492 3652 3613 3723 μεθ’

2038 3735 2343 3807 ὑπερϐολῆς
2390 3735 2609 3806 ἀπάσης
2659 3736 2753 3789 τὸν
2796 3736 3029 3806 νυμφίον
3078 3736 3215 3807 μετά
3264 3739 3363 3809 τῆς
3396 3738 3613 3813 νύμφης

2038 3826 2491 3896 καταισχύνεσθαι
2514 3826 2945 3896 παρασκευάζει.

2105 3926 2232 4000 Ἀρ*
2277 3925 2373 3983 οὖν
2415 3930 2611 4001 ἑτέραν
2648 3928 2961 3999 ζητήσομεν
3003 3928 3297 3998 ἀπόδειξιν,
3340 3933 3461 3986 εἰπέ
3491 3949 3607 4003 μοι,

2033 4018 2143 4075 τῶν
2189 4020 2461 4089 δαιμόνων
2505 4018 2801 4073 κινούντων
2830 4020 2928 4081 τάς
2960 4020 3184 4072 ἐκείνων
3212 4020 3390 4090 ψυχὰς
3436 4023 3609 4077 ταῦτα

2034 4112 2130 4165 καὶ
2157 4112 2401 4182 γίνεσθαι
2432 4111 2528 4165 καὶ
2560 4109 2817 4180 λέγεσθαι
2846 4110 2975 4181 παρ’
3005 4110 3218 4177 αύτῶν;
3243 4113 3339 4175 Τίς
3361 4108 3455 4167 οῦν
3495 4114 3607 4185 ἀμ-

2033 4204 2360 4275 φισϐητήσει
2389 4204 2596 4270 λοιπὸν,
2625 4204 2707 4259 ὅτι
2723 4202 2991 4274 δαιμόνων
3022 4204 3312 4258 κινούντων
3340 4206 3438 4269 :0;
3461 4205 3607 4258 ἐκεί-

2030 4315 2137 4352 νων
2156 4297 2335 4369 ψυχὰς
2353 4298 2447 4352 καὶ
2476 4298 2700 4367 λέγεται
2722 4296 2894 4350 ταῦτα
2922 4296 3099 4350 πάντα
3124 4297 3219 4350 καὶ
3248 4297 3458 4365 γίνεται
3474 4298 3604 4371 παρ’

2029 4389 2282 4455 ἑκείνωνς
2311 4391 2425 4444 Οὐκ
2451 4389 2600 4443 ἐστιν
2621 4388 2820 4451 οὐδείς’
2854 4390 2947 4441 καὶ
2977 4387 3086 4462 γάρ
3103 4386 3347 4441 τοιαῦται
3367 4387 3462 4442 τοῦ
3484 4389 3605 4443 δια-

2028 4483 2187 4537 ϐόλου
2212 4484 2270 4538 αί
2301 4482 2617 4547 ἀντιδόσεις,
2647 4482 2924 4554 λοιδορίαι,
2961 4483 3054 4535 καί
3085 4483 3266 4552 μέθαι,
3299 4483 3393 4536 καί
3426 4500 3605 4556 παρα-

2029 4574 2271 4646 φροσύνη
2289 4574 2491 4645 ψυχῆς.
2520 4575 2583 4627 Et
2607 4573 2664 4627 δέ
2685 4591 2766 4637 τις
2788 4573 3088 4637 οἰωνίζοιτο
3122 4574 3183 4627 :0
3207 4574 3445 4645 πένητας
3482 4575 3603 4630 ἀντί

2024 4665 2230 4719 τούτων
2259 4664 2593 4734 εἰσάγεσθαι,
2622 4667 2717 4721 καὶ
2732 4667 3017 4736 συμφορᾶς
3031 4665 3177 4734 λέγοι
3198 4663 3334 4719 εἶναι
3358 4666 3602 4738 σύμϐολα

2025 4757 2218 4820 ταῦτα,
2253 4757 2471 4829 μαθέτω
2502 4757 2599 4811 καὶ
2628 4757 2805 4821 τοῦτο,
2833 4758 2916 4810 δτι
2955 4758 3017 4810 00
3050 4758 3111 4811 :0
3142 4758 3379 4829 πένητας
3405 4759 3602 4831 τρέφε-

2025 4846 2151 4900 σθαι
2183 4848 2275 4900 καί
2302 4849 2495 4918 χήρας,
2523 4847 2662 4901 ἀλλά
2687 4848 2747 4902 :0
2766 4847 3040 4918 μαλακοὺς
3079 4849 3173 4902 καὶ
3201 4849 3423 4921 πόρνας,
3440 4851 3601 4904 τοῦτο

2023 4940 2242 5011 ἀπάσης
2284 4939 2476 5011 ἀηδίας
2509 4942 2605 4993 καί
2656 4941 2866 5011 μυρίων
2910 4942 3027 4996 ἐστί
3086 4940 3357 5012 σύμϐολον
3387 4943 3594 4997 κακῶν.

2022 5032 2292 5095 Πολλάκις
2333 5032 2440 5103 γὰρ
2473 5032 2567 5084 ἀπ’
2600 5031 2771 5102 αὐτῆς
2807 5030 2909 5102 τῆς
2952 5031 3167 5103 ἡμέρας
3189 5033 3254 5087 ἐκ
3288 5034 3398 5087 τῶν
3426 5034 3596 5103 φίλων

2020 5123 2111 5177 τὸν
2140 5123 2372 5195 νυμφίον
2406 5121 2753 5193 αἰχμάλωτον
2785 5120 3024 5174 λαϐοῦσα
3053 5121 3297 5191 ἀπῆλθεν
3327 5123 3360 5193 ή
3397 5122 3593 5192 πόρνη,

2020 5216 2115 5271 καὶ
2146 5216 2236 5269 τὸν
2262 5214 2439 5286 ἔρωτα
2460 5214 2550 5267 τὸν
2583 5213 2719 5284 πρὸς
2745 5212 2844 5284 τὴν
2873 5212 3093 5285 νύμφην
3125 5211 3336 5276 ἔσϐεσε,
3370 5211 3464 5265 καὶ
3492 5212 3594 5283 τὴν

2019 5307 2234 5361 εύνοιαν
2253 5306 2515 5377 ύπέσυρε,
2546 5307 2640 5359 καὶ
2671 5305 2773 5375 τὴν
2797 5305 3037 5375 ἀγάπην,
3093 5304 3221 5375 πρὶν
3269 5301 3592 5373 ἐξαφθῆναι,

2017 5399 2300 5468 κατέλυσε,
2328 5400 2424 5453 καὶ
2456 5398 2699 5471 μοιχείας
2725 5396 3055 5467 ἐγκατέϐαλε
3081 5395 3389 5467 σπέρματα.
3408 5394 3593 5449 ταῦτα

2016 5493 2310 5547 δεδοικέναι
2340 5493 2468 5556 τοὺς
2493 5492 2734 5563 πατέρας
2756 5493 2941 5563 ἐχρῆν,
2979 5491 3027 5542 εἰ
3053 5489 3148 5543 καὶ
3183 5488 3351 5560 μηδὲν
3380 5488 3589 5560 ῐτερον,

2015 5586 2109 5639 καὶ
2143 5584 2373 5641 κωλύειν
2404 5584 2513 5638 τῶν
2549 5584 2733 5655 μίμων
2764 5585 2858 5638 καὶ
2884 5582 2995 5637 τῶν
3016 5581 3367 5654 ὀρχουμένων
3383 5580 3484 5647 τὰς
3509 5585 3591 5648 εἰς

2013 5683 2139 5747 τοὺς
2160 5681 2372 5753 γάμους
2398 5678 2720 5753 παρουσίας.
2759 5677 2940 5750 Γάμος
2954 5676 3085 5750 γάρ,
3109 5676 3210 5749 ούχ
3239 5677 3327 5733 ἴνα
3345 5670 3590 5749 ἀσελγῶ-
