  <div class='ocr_page' id='page_1' title='image "/cluster/home/n/w/nwhite01/storage/ocr_20150623/51/hvd.32044073501900/211.png"; bbox 0 0 4110 6198; ppageno 0'>
   <div class='ocr_carea' id='block_1_1' title="bbox 504 209 615 266">
    <p class='ocr_par' dir='ltr' id='par_1_1' title="bbox 504 209 615 266">
     <span class='ocr_line' id='line_1_1' title="bbox 504 209 615 266; baseline 0 0"><span class='ocrx_word' id='word_1_1' title='bbox 504 209 615 266; x_wconf 71' lang='grc'>213</span> 
     </span>
    </p>
   </div>
   <div class='ocr_carea' id='block_1_2' title="bbox 508 315 2076 395">
    <p class='ocr_par' dir='ltr' id='par_1_2' title="bbox 508 315 2076 395">
     <span class='ocr_line' id='line_1_2' title="bbox 508 315 2076 395; baseline -0.004 -19"><span class='ocrx_word' id='word_1_2' title='bbox 508 340 611 395; x_wconf 70' lang='grc' dir='ltr'>μιν</span> <span class='ocrx_word' id='word_1_3' title='bbox 657 321 1049 390; x_wconf 68' lang='grc' dir='ltr'>εἰσενήνεκται,</span> <span class='ocrx_word' id='word_1_4' title='bbox 1105 320 1216 374; x_wconf 79' lang='grc' dir='ltr'>οὐδ’</span> <span class='ocrx_word' id='word_1_5' title='bbox 1256 321 1344 375; x_wconf 83' lang='grc' dir='ltr'>ἵνα</span> <span class='ocrx_word' id='word_1_6' title='bbox 1394 319 1766 392; x_wconf 62' lang='grc' dir='ltr'>Μρνεύωμεν,</span> <span class='ocrx_word' id='word_1_7' title='bbox 1825 317 1940 372; x_wconf 74' lang='grc' dir='ltr'>ἀλλ’</span> <span class='ocrx_word' id='word_1_8' title='bbox 1987 315 2076 370; x_wconf 81' lang='grc' dir='ltr'>ἵνα</span> 
     </span>
    </p>
   </div>
   <div class='ocr_carea' id='block_1_3' title="bbox 506 408 2071 484">
    <p class='ocr_par' dir='ltr' id='par_1_3' title="bbox 506 408 2071 484">
     <span class='ocr_line' id='line_1_3' title="bbox 506 408 2071 484; baseline -0.005 -16"><span class='ocrx_word' id='word_1_9' title='bbox 506 412 898 484; x_wconf 77' lang='grc' dir='ltr'>σωφρονῶμεν.</span> <span class='ocrx_word' id='word_1_10' title='bbox 930 413 1195 466; x_wconf 71' lang='grc' dir='ltr'>Ἄκουσον</span> <span class='ocrx_word' id='word_1_11' title='bbox 1249 411 1381 480; x_wconf 89' lang='grc' dir='ltr'>γοῦν</span> <span class='ocrx_word' id='word_1_12' title='bbox 1415 412 1511 466; x_wconf 89' lang='grc' dir='ltr'>τοῦ</span> <span class='ocrx_word' id='word_1_13' title='bbox 1561 410 1774 468; x_wconf 82' lang='grc' dir='ltr'>Παύλου</span> <span class='ocrx_word' id='word_1_14' title='bbox 1805 408 2071 476; x_wconf 75' lang='grc' dir='ltr'>λέγοντοςο</span> 
     </span>
    </p>
   </div>
   <div class='ocr_carea' id='block_1_4' title="bbox 504 495 2077 570">
    <p class='ocr_par' dir='ltr' id='par_1_4' title="bbox 504 495 2077 570">
     <span class='ocr_line' id='line_1_4' title="bbox 504 495 2077 570; baseline -0.006 -12"><span class='ocrx_word' id='word_1_15' title='bbox 504 503 609 558; x_wconf 79' lang='grc' dir='ltr'>Διὸ</span> <span class='ocrx_word' id='word_1_16' title='bbox 635 501 703 556; x_wconf 86' lang='grc' dir='ltr'>δὲ</span> <span class='ocrx_word' id='word_1_17' title='bbox 735 502 840 567; x_wconf 80' lang='grc' dir='ltr'>τὰς</span> <span class='ocrx_word' id='word_1_18' title='bbox 868 503 1150 570; x_wconf 75' lang='grc' dir='ltr'><em>πορνείας</em></span> <span class='ocrx_word' id='word_1_19' title='bbox 1167 502 1422 567; x_wconf 76' lang='grc' dir='ltr'>ἕκαστος</span> <span class='ocrx_word' id='word_1_20' title='bbox 1449 501 1562 570; x_wconf 78' lang='grc' dir='ltr'>τὴν</span> <span class='ocrx_word' id='word_1_21' title='bbox 1579 499 1796 554; x_wconf 77' lang='grc' dir='ltr'>ἑαυτοῦ</span> <span class='ocrx_word' id='word_1_22' title='bbox 1823 495 2077 568; x_wconf 75' lang='grc' dir='ltr'>γυναῖκα</span> 
     </span>
    </p>
   </div>
   <div class='ocr_carea' id='block_1_5' title="bbox 502 585 2075 661">
    <p class='ocr_par' dir='ltr' id='par_1_5' title="bbox 502 585 2075 661">
     <span class='ocr_line' id='line_1_5' title="bbox 502 585 2075 661; baseline -0.006 -14"><span class='ocrx_word' id='word_1_23' title='bbox 502 592 706 661; x_wconf 74' lang='grc' dir='ltr'>ἐχέτω,</span> <span class='ocrx_word' id='word_1_24' title='bbox 743 593 842 647; x_wconf 81' lang='grc' dir='ltr'>καί</span> <span class='ocrx_word' id='word_1_25' title='bbox 864 591 1092 659; x_wconf 62' lang='grc' dir='ltr'>ἑκάστη</span> <span class='ocrx_word' id='word_1_26' title='bbox 1116 592 1224 646; x_wconf 83' lang='grc' dir='ltr'>τὸν</span> <span class='ocrx_word' id='word_1_27' title='bbox 1238 591 1394 648; x_wconf 64' lang='lat' dir='ltr'>lator</span> <span class='ocrx_word' id='word_1_28' title='bbox 1421 591 1611 659; x_wconf 81' lang='grc' dir='ltr'>ἄνδρα</span> <span class='ocrx_word' id='word_1_29' title='bbox 1631 590 1831 660; x_wconf 79' lang='grc' dir='ltr'>ἐχέτω.</span> <span class='ocrx_word' id='word_1_30' title='bbox 1849 587 1953 640; x_wconf 88' lang='grc' dir='ltr'>Δύο</span> <span class='ocrx_word' id='word_1_31' title='bbox 1967 585 2075 657; x_wconf 76' lang='grc' dir='ltr'>γάρ</span> 
     </span>
    </p>
   </div>
   <div class='ocr_carea' id='block_1_6' title="bbox 502 680 2077 755">
    <p class='ocr_par' dir='ltr' id='par_1_6' title="bbox 502 680 2077 755">
     <span class='ocr_line' id='line_1_6' title="bbox 502 680 2077 755; baseline -0.006 -17"><span class='ocrx_word' id='word_1_32' title='bbox 502 684 678 738; x_wconf 82' lang='grc' dir='ltr'>ταῦτά</span> <span class='ocrx_word' id='word_1_33' title='bbox 711 685 848 748; x_wconf 81' lang='grc' dir='ltr'>ἐστι,</span> <span class='ocrx_word' id='word_1_34' title='bbox 881 684 951 738; x_wconf 82' lang='grc' dir='ltr'>δι’</span> <span class='ocrx_word' id='word_1_35' title='bbox 976 684 1119 755; x_wconf 78' lang='grc' dir='ltr'>άπερ</span> <span class='ocrx_word' id='word_1_36' title='bbox 1144 685 1511 755; x_wconf 69' lang='grc' dir='ltr'>εἰσενήνεκται</span> <span class='ocrx_word' id='word_1_37' title='bbox 1539 683 1735 752; x_wconf 86' lang='grc' dir='ltr'>γάμος.</span> <span class='ocrx_word' id='word_1_38' title='bbox 1770 680 1856 733; x_wconf 84' lang='grc' dir='ltr'>ἵνα</span> <span class='ocrx_word' id='word_1_39' title='bbox 1887 694 1946 730; x_wconf 89' lang='grc' dir='ltr'>τε</span> <span class='ocrx_word' id='word_1_40' title='bbox 1974 694 2077 730; x_wconf 83' lang='grc' dir='ltr'>σω-</span> 
     </span>
    </p>
   </div>
   <div class='ocr_carea' id='block_1_7' title="bbox 504 768 2078 846">
    <p class='ocr_par' dir='ltr' id='par_1_7' title="bbox 504 768 2078 846">
     <span class='ocr_line' id='line_1_7' title="bbox 504 768 2078 846; baseline -0.004 -19"><span class='ocrx_word' id='word_1_41' title='bbox 504 775 812 846; x_wconf 83' lang='grc' dir='ltr'>φρονῶμεν,</span> <span class='ocrx_word' id='word_1_42' title='bbox 871 777 966 829; x_wconf 70' lang='grc' dir='ltr'>καί⁵</span> <span class='ocrx_word' id='word_1_43' title='bbox 1010 776 1098 828; x_wconf 81' lang='grc' dir='ltr'>ἵνα</span> <span class='ocrx_word' id='word_1_44' title='bbox 1151 776 1385 846; x_wconf 80' lang='grc' dir='ltr'>πατέρες</span> <span class='ocrx_word' id='word_1_45' title='bbox 1431 772 1730 844; x_wconf 80' lang='grc' dir='ltr'>γινώμεθα·</span> <span class='ocrx_word' id='word_1_46' title='bbox 1761 771 1869 824; x_wconf 83' lang='grc' dir='ltr'>τῶν</span> <span class='ocrx_word' id='word_1_47' title='bbox 1899 770 1954 824; x_wconf 78' lang='grc' dir='ltr'>δὲ</span> <span class='ocrx_word' id='word_1_48' title='bbox 1985 768 2078 823; x_wconf 87' lang='grc' dir='ltr'>δύο</span> 
     </span>
    </p>
   </div>
   <div class='ocr_carea' id='block_1_8' title="bbox 500 861 2080 940">
    <p class='ocr_par' dir='ltr' id='par_1_8' title="bbox 500 861 2080 940">
     <span class='ocr_line' id='line_1_8' title="bbox 500 861 2080 940; baseline -0.005 -19"><span class='ocrx_word' id='word_1_49' title='bbox 500 867 707 922; x_wconf 87' lang='grc' dir='ltr'>τούτων</span> <span class='ocrx_word' id='word_1_50' title='bbox 734 867 1120 940; x_wconf 83' lang='grc' dir='ltr'>προηγουμένη</span> <span class='ocrx_word' id='word_1_51' title='bbox 1162 868 1196 938; x_wconf 83' lang='grc' dir='ltr'><strong>ἡ</strong></span> <span class='ocrx_word' id='word_1_52' title='bbox 1221 867 1322 937; x_wconf 80' lang='grc' dir='ltr'>τῆς</span> <span class='ocrx_word' id='word_1_53' title='bbox 1349 865 1703 937; x_wconf 75' lang='grc' dir='ltr'>σωφροσύνης</span> <span class='ocrx_word' id='word_1_54' title='bbox 1731 863 1850 917; x_wconf 74' lang='grc' dir='ltr'>ἐστὶ</span> <span class='ocrx_word' id='word_1_55' title='bbox 1876 861 2080 933; x_wconf 76' lang='grc' dir='ltr'>πρόφαο</span> 
     </span>
    </p>
   </div>
   <div class='ocr_carea' id='block_1_9' title="bbox 505 952 2076 1032">
    <p class='ocr_par' dir='ltr' id='par_1_9' title="bbox 505 952 2076 1032">
     <span class='ocr_line' id='line_1_9' title="bbox 505 952 2076 1032; baseline -0.006 -20"><span class='ocrx_word' id='word_1_56' title='bbox 505 976 610 1024; x_wconf 89' lang='grc' dir='ltr'>σις.</span> <span class='ocrx_word' id='word_1_57' title='bbox 649 959 866 1032; x_wconf 79' lang='grc' dir='ltr'><strong>Ἐπειδὴ</strong></span> <span class='ocrx_word' id='word_1_58' title='bbox 883 959 992 1030; x_wconf 79' lang='grc' dir='ltr'>γάρ</span> <span class='ocrx_word' id='word_1_59' title='bbox 1023 958 1272 1028; x_wconf 76' lang='grc' dir='ltr'>εἰσῆλθεν</span> <span class='ocrx_word' id='word_1_60' title='bbox 1291 958 1572 1028; x_wconf 90' lang='grc' dir='ltr'>ἐπιθυμία,</span> <span class='ocrx_word' id='word_1_61' title='bbox 1605 955 1820 1026; x_wconf 86' lang='grc' dir='ltr'>εἰσῆλθε</span> <span class='ocrx_word' id='word_1_62' title='bbox 1850 954 1944 1008; x_wconf 75' lang='grc' dir='ltr'>καὶ</span> <span class='ocrx_word' id='word_1_63' title='bbox 1973 952 2076 1021; x_wconf 87' lang='grc' dir='ltr'>γά-</span> 
     </span>
    </p>
   </div>
   <div class='ocr_carea' id='block_1_10' title="bbox 507 1040 2078 1120">
    <p class='ocr_par' dir='ltr' id='par_1_10' title="bbox 507 1040 2078 1120">
     <span class='ocr_line' id='line_1_10' title="bbox 507 1040 2078 1120; baseline -0.02 0"><span class='ocrx_word' id='word_1_64' title='bbox 507 1065 606 1119; x_wconf 71' lang='grc' dir='ltr'>μος</span> <span class='ocrx_word' id='word_1_65' title='bbox 639 1048 738 1120; x_wconf 75' lang='grc' dir='ltr'>τὴν</span> <span class='ocrx_word' id='word_1_66' title='bbox 787 1047 1054 1118; x_wconf 72' lang='grc' dir='ltr'>ἀμετρίαν</span> <span class='ocrx_word' id='word_1_67' title='bbox 1086 1047 1392 1111; x_wconf 77' lang='grc' dir='ltr'>ἐκκόπτων,</span> <span class='ocrx_word' id='word_1_68' title='bbox 1426 1047 1521 1099; x_wconf 78' lang='grc' dir='ltr'>καὶ</span> <span class='ocrx_word' id='word_1_69' title='bbox 1571 1044 1772 1098; x_wconf 83' lang='grc' dir='ltr'>πείθων</span> <span class='ocrx_word' id='word_1_70' title='bbox 1806 1044 1902 1113; x_wconf 72' lang='grc' dir='ltr'>μιᾷ</span> <span class='ocrx_word' id='word_1_71' title='bbox 1942 1040 2078 1111; x_wconf 81' lang='grc' dir='ltr'>χρῆ-</span> 
     </span>
    </p>
   </div>
   <div class='ocr_carea' id='block_1_11' title="bbox 507 1133 2081 1208">
    <p class='ocr_par' dir='ltr' id='par_1_11' title="bbox 507 1133 2081 1208">
     <span class='ocr_line' id='line_1_11' title="bbox 507 1133 2081 1208; baseline -0.006 -16"><span class='ocrx_word' id='word_1_72' title='bbox 507 1140 633 1193; x_wconf 87' lang='grc' dir='ltr'>σθαι</span> <span class='ocrx_word' id='word_1_73' title='bbox 665 1139 902 1208; x_wconf 84' lang='grc' dir='ltr'>γυναικί.</span> <span class='ocrx_word' id='word_1_74' title='bbox 929 1139 1040 1202; x_wconf 85' lang='grc' dir='ltr'>Τὰς</span> <span class='ocrx_word' id='word_1_75' title='bbox 1056 1137 1163 1208; x_wconf 86' lang='grc' dir='ltr'>γάρ</span> <span class='ocrx_word' id='word_1_76' title='bbox 1197 1137 1542 1198; x_wconf 89' lang='grc' dir='ltr'>παιδοποιίας</span> <span class='ocrx_word' id='word_1_77' title='bbox 1569 1137 1668 1207; x_wconf 89' lang='grc' dir='ltr'>οὐχ</span> <span class='ocrx_word' id='word_1_78' title='bbox 1689 1133 1907 1204; x_wconf 86' lang='grc' dir='ltr'>όγάμος</span> <span class='ocrx_word' id='word_1_79' title='bbox 1937 1133 2081 1184; x_wconf 81' lang='grc' dir='ltr'>ποιεῖ</span> 
     </span>
    </p>
   </div>
   <div class='ocr_carea' id='block_1_12' title="bbox 506 1223 2076 1303">
    <p class='ocr_par' dir='ltr' id='par_1_12' title="bbox 506 1223 2076 1303">
     <span class='ocr_line' id='line_1_12' title="bbox 506 1223 2076 1303; baseline -0.005 -17"><span class='ocrx_word' id='word_1_80' title='bbox 506 1232 745 1296; x_wconf 81' lang='grc' dir='ltr'>πάντως,</span> <span class='ocrx_word' id='word_1_81' title='bbox 778 1231 893 1286; x_wconf 81' lang='grc' dir='ltr'>ἀλλ’</span> <span class='ocrx_word' id='word_1_82' title='bbox 909 1233 1084 1284; x_wconf 82' lang='grc' dir='ltr'>ἐκεῖνο</span> <span class='ocrx_word' id='word_1_83' title='bbox 1098 1231 1162 1284; x_wconf 85' lang='grc' dir='ltr'>τδ</span> <span class='ocrx_word' id='word_1_84' title='bbox 1176 1231 1328 1303; x_wconf 78' lang='grc' dir='ltr'>ῥῆμα</span> <span class='ocrx_word' id='word_1_85' title='bbox 1357 1230 1450 1284; x_wconf 91' lang='grc' dir='ltr'>τοῦ</span> <span class='ocrx_word' id='word_1_86' title='bbox 1469 1228 1604 1282; x_wconf 84' lang='grc' dir='ltr'>Θεοῦ</span> <span class='ocrx_word' id='word_1_87' title='bbox 1636 1229 1699 1282; x_wconf 83' lang='grc' dir='ltr'>τὸ</span> <span class='ocrx_word' id='word_1_88' title='bbox 1719 1227 1895 1295; x_wconf 87' lang='grc' dir='ltr'>λέγον,</span> <span class='ocrx_word' id='word_1_89' title='bbox 1928 1223 2076 1297; x_wconf 83' lang='grc'>[198]</span> 
     </span>
    </p>
   </div>
   <div class='ocr_carea' id='block_1_13' title="bbox 503 1315 2081 1390">
    <p class='ocr_par' dir='ltr' id='par_1_13' title="bbox 503 1315 2081 1390">
     <span class='ocr_line' id='line_1_13' title="bbox 503 1315 2081 1390; baseline -0.005 -13"><span class='ocrx_word' id='word_1_90' title='bbox 503 1322 869 1386; x_wconf 78' lang='grc' dir='ltr'>Λὺξὰνεσθε,</span> <span class='ocrx_word' id='word_1_91' title='bbox 900 1323 997 1376; x_wconf 74' lang='grc' dir='ltr'>καί</span> <span class='ocrx_word' id='word_1_92' title='bbox 1021 1324 1422 1390; x_wconf 66' lang='grc' dir='ltr'>πληθύνεσθε,</span> <span class='ocrx_word' id='word_1_93' title='bbox 1457 1319 1558 1376; x_wconf 76' lang='grc' dir='ltr'>καί</span> <span class='ocrx_word' id='word_1_94' title='bbox 1588 1318 1944 1389; x_wconf 74' lang='grc' dir='ltr'>πληρώσατε</span> <span class='ocrx_word' id='word_1_95' title='bbox 1965 1315 2081 1383; x_wconf 81' lang='grc' dir='ltr'>τὴν</span> 
     </span>
    </p>
   </div>
   <div class='ocr_carea' id='block_1_14' title="bbox 505 1409 2079 1484">
    <p class='ocr_par' dir='ltr' id='par_1_14' title="bbox 505 1409 2079 1484">
     <span class='ocr_line' id='line_1_14' title="bbox 505 1409 2079 1484; baseline -0.006 -16"><span class='ocrx_word' id='word_1_96' title='bbox 505 1413 639 1483; x_wconf 73' lang='grc' dir='ltr'>γῆν·</span> <span class='ocrx_word' id='word_1_97' title='bbox 688 1415 782 1467; x_wconf 74' lang='grc' dir='ltr'>καὶ</span> <span class='ocrx_word' id='word_1_98' title='bbox 813 1412 1182 1484; x_wconf 89' lang='grc' dir='ltr'>μαρτυροῦσιν</span> <span class='ocrx_word' id='word_1_99' title='bbox 1233 1414 1348 1467; x_wconf 89' lang='grc' dir='ltr'>δσοι</span> <span class='ocrx_word' id='word_1_100' title='bbox 1386 1415 1552 1483; x_wconf 84' lang='grc' dir='ltr'>γάμῳ</span> <span class='ocrx_word' id='word_1_101' title='bbox 1604 1411 1705 1482; x_wconf 75' lang='grc' dir='ltr'>μὲν</span> <span class='ocrx_word' id='word_1_102' title='bbox 1752 1409 2079 1481; x_wconf 88' lang='grc' dir='ltr'>ἐχρήσαντο,</span> 
     </span>
    </p>
   </div>
   <div class='ocr_carea' id='block_1_15' title="bbox 505 1499 2078 1576">
    <p class='ocr_par' dir='ltr' id='par_1_15' title="bbox 505 1499 2078 1576">
     <span class='ocr_line' id='line_1_15' title="bbox 505 1499 2078 1576; baseline -0.003 -20"><span class='ocrx_word' id='word_1_103' title='bbox 505 1506 741 1576; x_wconf 83' lang='grc' dir='ltr'>πατέρες</span> <span class='ocrx_word' id='word_1_104' title='bbox 785 1505 844 1558; x_wconf 81' lang='grc' dir='ltr'>δὲ</span> <span class='ocrx_word' id='word_1_105' title='bbox 874 1506 975 1558; x_wconf 86' lang='grc' dir='ltr'>οὐκ</span> <span class='ocrx_word' id='word_1_106' title='bbox 1004 1505 1273 1573; x_wconf 81' lang='grc' dir='ltr'>ἐγένοντο.</span> <span class='ocrx_word' id='word_1_107' title='bbox 1305 1506 1473 1558; x_wconf 78' lang='grc' dir='ltr'>Ὥστε</span> <span class='ocrx_word' id='word_1_108' title='bbox 1508 1502 1894 1576; x_wconf 79' lang='grc' dir='ltr'>προηγουμένη</span> <span class='ocrx_word' id='word_1_109' title='bbox 1939 1499 2078 1571; x_wconf 84' lang='grc' dir='ltr'>αῦτη</span> 
     </span>
    </p>
   </div>
   <div class='ocr_carea' id='block_1_16' title="bbox 503 1591 2078 1671">
    <p class='ocr_par' dir='ltr' id='par_1_16' title="bbox 503 1591 2078 1671">
     <span class='ocr_line' id='line_1_16' title="bbox 503 1591 2078 1671; baseline -0.004 -21"><span class='ocrx_word' id='word_1_110' title='bbox 503 1597 538 1666; x_wconf 77' lang='grc' dir='ltr'>ἡ</span> <span class='ocrx_word' id='word_1_111' title='bbox 571 1596 740 1660; x_wconf 82' lang='grc' dir='ltr'>αἰτία,</span> <span class='ocrx_word' id='word_1_112' title='bbox 775 1598 808 1668; x_wconf 85' lang='grc' dir='ltr'>ή</span> <span class='ocrx_word' id='word_1_113' title='bbox 841 1597 940 1668; x_wconf 83' lang='grc' dir='ltr'>τῆς</span> <span class='ocrx_word' id='word_1_114' title='bbox 973 1596 1349 1671; x_wconf 71' lang='grc' dir='ltr'>σωφροσύνης,</span> <span class='ocrx_word' id='word_1_115' title='bbox 1381 1596 1478 1650; x_wconf 74' lang='grc' dir='ltr'>καὶ</span> <span class='ocrx_word' id='word_1_116' title='bbox 1514 1595 1748 1666; x_wconf 81' lang='grc' dir='ltr'>μάλιστα</span> <span class='ocrx_word' id='word_1_117' title='bbox 1781 1592 1898 1658; x_wconf 90' lang='grc' dir='ltr'>νῦν,</span> <span class='ocrx_word' id='word_1_118' title='bbox 1930 1591 2078 1662; x_wconf 83' lang='grc' dir='ltr'>δτεή</span> 
     </span>
    </p>
   </div>
   <div class='ocr_carea' id='block_1_17' title="bbox 502 1684 2081 1759">
    <p class='ocr_par' dir='ltr' id='par_1_17' title="bbox 502 1684 2081 1759">
     <span class='ocr_line' id='line_1_17' title="bbox 502 1684 2081 1759; baseline -0.003 -18"><span class='ocrx_word' id='word_1_119' title='bbox 502 1687 796 1758; x_wconf 74' lang='grc' dir='ltr'>οἰκουμένη</span> <span class='ocrx_word' id='word_1_120' title='bbox 817 1690 967 1742; x_wconf 81' lang='grc' dir='ltr'>πᾶσα</span> <span class='ocrx_word' id='word_1_121' title='bbox 997 1689 1091 1742; x_wconf 89' lang='grc' dir='ltr'>τοῦ</span> <span class='ocrx_word' id='word_1_122' title='bbox 1118 1691 1309 1758; x_wconf 88' lang='grc' dir='ltr'>γένους</span> <span class='ocrx_word' id='word_1_123' title='bbox 1323 1688 1480 1759; x_wconf 79' lang='grc' dir='ltr'>ήμῶν</span> <span class='ocrx_word' id='word_1_124' title='bbox 1505 1684 2081 1759; x_wconf 82' lang='grc' dir='ltr'>ἐμπέπλησται.Παρὰ</span> 
     </span>
    </p>
   </div>
   <div class='ocr_carea' id='block_1_18' title="bbox 509 1772 2081 1852">
    <p class='ocr_par' dir='ltr' id='par_1_18' title="bbox 509 1772 2081 1852">
     <span class='ocr_line' id='line_1_18' title="bbox 509 1772 2081 1852; baseline -0.003 -20"><span class='ocrx_word' id='word_1_125' title='bbox 509 1781 608 1849; x_wconf 78' lang='grc' dir='ltr'>μὲν</span> <span class='ocrx_word' id='word_1_126' title='bbox 632 1777 740 1850; x_wconf 78' lang='grc' dir='ltr'>γὰρ</span> <span class='ocrx_word' id='word_1_127' title='bbox 775 1779 875 1850; x_wconf 79' lang='grc' dir='ltr'>τὴν</span> <span class='ocrx_word' id='word_1_128' title='bbox 920 1779 1096 1852; x_wconf 82' lang='grc' dir='ltr'>ἀρχὴν</span> <span class='ocrx_word' id='word_1_129' title='bbox 1125 1779 1372 1833; x_wconf 79' lang='grc' dir='ltr'>ποθεινὸν</span> <span class='ocrx_word' id='word_1_130' title='bbox 1406 1779 1467 1833; x_wconf 71' lang='grc' dir='ltr'>τὸ</span> <span class='ocrx_word' id='word_1_131' title='bbox 1496 1779 1605 1833; x_wconf 87' lang='grc' dir='ltr'>τῶν</span> <span class='ocrx_word' id='word_1_132' title='bbox 1631 1778 1837 1832; x_wconf 78' lang='grc' dir='ltr'>παίδων</span> <span class='ocrx_word' id='word_1_133' title='bbox 1873 1772 1962 1847; x_wconf 80' lang='grc' dir='ltr'>ἦν,</span> <span class='ocrx_word' id='word_1_134' title='bbox 1992 1775 2081 1828; x_wconf 79' lang='grc' dir='ltr'>διὰ</span> 
     </span>
    </p>
   </div>
   <div class='ocr_carea' id='block_1_19' title="bbox 503 1869 2080 1942">
    <p class='ocr_par' dir='ltr' id='par_1_19' title="bbox 503 1869 2080 1942">
     <span class='ocr_line' id='line_1_19' title="bbox 503 1869 2080 1942; baseline -0.003 -17"><span class='ocrx_word' id='word_1_135' title='bbox 503 1872 566 1925; x_wconf 81' lang='grc' dir='ltr'>τὸ</span> <span class='ocrx_word' id='word_1_136' title='bbox 606 1870 951 1942; x_wconf 84' lang='grc' dir='ltr'>μνημόσυνον</span> <span class='ocrx_word' id='word_1_137' title='bbox 978 1873 1072 1925; x_wconf 76' lang='grc' dir='ltr'>καὶ</span> <span class='ocrx_word' id='word_1_138' title='bbox 1104 1872 1334 1941; x_wconf 71' lang='grc' dir='ltr'>λείψανα</span> <span class='ocrx_word' id='word_1_139' title='bbox 1385 1871 1822 1942; x_wconf 79' lang='grc' dir='ltr'>καταλιμπάνειν</span> <span class='ocrx_word' id='word_1_140' title='bbox 1849 1869 2080 1922; x_wconf 72' lang='grc' dir='ltr'>ἕκαστον</span> 
     </span>
    </p>
   </div>
   <div class='ocr_carea' id='block_1_20' title="bbox 503 1958 2081 2035">
    <p class='ocr_par' dir='ltr' id='par_1_20' title="bbox 503 1958 2081 2035">
     <span class='ocr_line' id='line_1_20' title="bbox 503 1958 2081 2035; baseline -0.003 -20"><span class='ocrx_word' id='word_1_141' title='bbox 503 1961 604 2032; x_wconf 85' lang='grc' dir='ltr'>τῆς</span> <span class='ocrx_word' id='word_1_142' title='bbox 638 1963 830 2014; x_wconf 82' lang='grc' dir='ltr'>ἐαυτοῦ</span> <span class='ocrx_word' id='word_1_143' title='bbox 872 1961 1039 2032; x_wconf 79' lang='grc' dir='ltr'>ζωῆς.</span> <span class='ocrx_word' id='word_1_144' title='bbox 1076 1963 1296 2034; x_wconf 78' lang='grc' dir='ltr'>Ἐπειδὴ</span> <span class='ocrx_word' id='word_1_145' title='bbox 1343 1963 1451 2035; x_wconf 81' lang='grc' dir='ltr'>γὰρ</span> <span class='ocrx_word' id='word_1_146' title='bbox 1479 1961 1827 2024; x_wconf 80' lang='grc' dir='ltr'>ἀναστάσεως</span> <span class='ocrx_word' id='word_1_147' title='bbox 1869 1958 2081 2013; x_wconf 81' lang='grc' dir='ltr'>οὐδέπω</span> 
     </span>
    </p>
   </div>
   <div class='ocr_carea' id='block_1_21' title="bbox 502 2046 2081 2122">
    <p class='ocr_par' dir='ltr' id='par_1_21' title="bbox 502 2046 2081 2122">
     <span class='ocr_line' id='line_1_21' title="bbox 502 2046 2081 2122; baseline -0.001 -20"><span class='ocrx_word' id='word_1_148' title='bbox 502 2046 645 2122; x_wconf 68' lang='grc' dir='ltr'>ἦσαν</span> <span class='ocrx_word' id='word_1_149' title='bbox 674 2051 905 2114; x_wconf 86' lang='grc' dir='ltr'>ἐλπίδες,</span> <span class='ocrx_word' id='word_1_150' title='bbox 926 2051 1040 2104; x_wconf 86' lang='grc' dir='ltr'>ἀλλ’</span> <span class='ocrx_word' id='word_1_151' title='bbox 1070 2053 1099 2104; x_wconf 86' lang='grc' dir='ltr'>ὁ</span> <span class='ocrx_word' id='word_1_152' title='bbox 1135 2051 1364 2114; x_wconf 78' lang='grc' dir='ltr'>Θάνατος</span> <span class='ocrx_word' id='word_1_153' title='bbox 1390 2052 1633 2122; x_wconf 76' lang='grc' dir='ltr'>ἐκράτει,</span> <span class='ocrx_word' id='word_1_154' title='bbox 1665 2050 1760 2103; x_wconf 76' lang='grc' dir='ltr'>καὶ</span> <span class='ocrx_word' id='word_1_155' title='bbox 1801 2047 1940 2118; x_wconf 87' lang='grc' dir='ltr'>μετά</span> <span class='ocrx_word' id='word_1_156' title='bbox 1982 2047 2081 2119; x_wconf 85' lang='grc' dir='ltr'>τὴν</span> 
     </span>
    </p>
   </div>
   <div class='ocr_carea' id='block_1_22' title="bbox 505 2139 2079 2214">
    <p class='ocr_par' dir='ltr' id='par_1_22' title="bbox 505 2139 2079 2214">
     <span class='ocr_line' id='line_1_22' title="bbox 505 2139 2079 2214; baseline -0.004 -16"><span class='ocrx_word' id='word_1_157' title='bbox 505 2143 756 2198; x_wconf 77' lang='grc' dir='ltr'>ἐντεῦθεν</span> <span class='ocrx_word' id='word_1_158' title='bbox 787 2142 931 2213; x_wconf 77' lang='grc' dir='ltr'>ζωήν</span> <span class='ocrx_word' id='word_1_159' title='bbox 979 2143 1316 2196; x_wconf 79' lang='grc' dir='ltr'>ἀπόλλυσθαι</span> <span class='ocrx_word' id='word_1_160' title='bbox 1348 2141 1596 2214; x_wconf 79' lang='grc' dir='ltr'>ἐνόμιζον</span> <span class='ocrx_word' id='word_1_161' title='bbox 1630 2144 1677 2195; x_wconf 88' lang='grc' dir='ltr'>οί</span> <span class='ocrx_word' id='word_1_162' title='bbox 1702 2139 2079 2204; x_wconf 77' lang='grc' dir='ltr'>τελευτῶντες,</span> 
     </span>
    </p>
   </div>
   <div class='ocr_carea' id='block_1_23' title="bbox 505 2228 2081 2304">
    <p class='ocr_par' dir='ltr' id='par_1_23' title="bbox 505 2228 2081 2304">
     <span class='ocr_line' id='line_1_23' title="bbox 505 2228 2081 2304; baseline -0.003 -19"><span class='ocrx_word' id='word_1_163' title='bbox 505 2233 705 2286; x_wconf 71' lang='grc' dir='ltr'>ἔδωκεν</span> <span class='ocrx_word' id='word_1_164' title='bbox 725 2233 900 2296; x_wconf 82' lang='grc' dir='ltr'>όθεδς</span> <span class='ocrx_word' id='word_1_165' title='bbox 929 2234 1027 2304; x_wconf 82' lang='grc' dir='ltr'>τὴν</span> <span class='ocrx_word' id='word_1_166' title='bbox 1052 2235 1116 2287; x_wconf 91' lang='grc' dir='ltr'>ἐκ</span> <span class='ocrx_word' id='word_1_167' title='bbox 1145 2232 1254 2285; x_wconf 86' lang='grc' dir='ltr'>τών</span> <span class='ocrx_word' id='word_1_168' title='bbox 1292 2233 1498 2286; x_wconf 81' lang='grc' dir='ltr'>παίδων</span> <span class='ocrx_word' id='word_1_169' title='bbox 1535 2229 1910 2303; x_wconf 81' lang='grc' dir='ltr'>παραμυθίαν,</span> <span class='ocrx_word' id='word_1_170' title='bbox 1940 2228 2081 2282; x_wconf 81' lang='grc' dir='ltr'>ὥστε</span> 
     </span>
    </p>
   </div>
   <div class='ocr_carea' id='block_1_24' title="bbox 503 2317 2084 2391">
    <p class='ocr_par' dir='ltr' id='par_1_24' title="bbox 503 2317 2084 2391">
     <span class='ocr_line' id='line_1_24' title="bbox 503 2317 2084 2391; baseline -0.003 -16"><span class='ocrx_word' id='word_1_171' title='bbox 503 2321 615 2375; x_wconf 84' lang='grc' dir='ltr'>τῶν</span> <span class='ocrx_word' id='word_1_172' title='bbox 639 2320 983 2375; x_wconf 77' lang='grc' dir='ltr'>ἀπελθόντων</span> <span class='ocrx_word' id='word_1_173' title='bbox 1002 2321 1216 2384; x_wconf 89' lang='grc' dir='ltr'>εἰκόνας</span> <span class='ocrx_word' id='word_1_174' title='bbox 1242 2319 1520 2391; x_wconf 80' lang='grc' dir='ltr'>ἐμψύχους</span> <span class='ocrx_word' id='word_1_175' title='bbox 1553 2319 1755 2390; x_wconf 87' lang='grc' dir='ltr'>μένειν,</span> <span class='ocrx_word' id='word_1_176' title='bbox 1785 2317 1880 2372; x_wconf 78' lang='grc' dir='ltr'>καὶ</span> <span class='ocrx_word' id='word_1_177' title='bbox 1908 2318 1968 2371; x_wconf 83' lang='grc' dir='ltr'>τὸ</span> <span class='ocrx_word' id='word_1_178' title='bbox 1991 2317 2084 2386; x_wconf 89' lang='grc' dir='ltr'>γέ-</span> 
     </span>
    </p>
   </div>
   <div class='ocr_carea' id='block_1_25' title="bbox 504 2409 2080 2483">
    <p class='ocr_par' dir='ltr' id='par_1_25' title="bbox 504 2409 2080 2483">
     <span class='ocr_line' id='line_1_25' title="bbox 504 2409 2080 2483; baseline -0.004 -14"><span class='ocrx_word' id='word_1_179' title='bbox 504 2430 596 2476; x_wconf 97' lang='grc' dir='ltr'>νος</span> <span class='ocrx_word' id='word_1_180' title='bbox 633 2412 792 2482; x_wconf 78' lang='grc' dir='ltr'>ἡμῶν</span> <span class='ocrx_word' id='word_1_181' title='bbox 815 2411 1209 2483; x_wconf 86' lang='grc' dir='ltr'>διατηρεῖσθαι,</span> <span class='ocrx_word' id='word_1_182' title='bbox 1244 2412 1340 2464; x_wconf 58' lang='grc' dir='ltr'>καὶ⁵</span> <span class='ocrx_word' id='word_1_183' title='bbox 1367 2413 1481 2474; x_wconf 87' lang='grc' dir='ltr'>τοῖς</span> <span class='ocrx_word' id='word_1_184' title='bbox 1522 2409 1774 2481; x_wconf 87' lang='grc' dir='ltr'>μέλλουσι</span> <span class='ocrx_word' id='word_1_185' title='bbox 1803 2409 2080 2479; x_wconf 82' lang='grc' dir='ltr'>τελευτᾷν,</span> 
     </span>
    </p>
   </div>
   <div class='ocr_carea' id='block_1_26' title="bbox 507 2495 2084 2572">
    <p class='ocr_par' dir='ltr' id='par_1_26' title="bbox 507 2495 2084 2572">
     <span class='ocr_line' id='line_1_26' title="bbox 507 2495 2084 2572; baseline -0.004 -15"><span class='ocrx_word' id='word_1_186' title='bbox 507 2504 602 2557; x_wconf 71' lang='grc' dir='ltr'>καὶ</span> <span class='ocrx_word' id='word_1_187' title='bbox 638 2505 753 2566; x_wconf 84' lang='grc' dir='ltr'>τοῖς</span> <span class='ocrx_word' id='word_1_188' title='bbox 791 2501 1120 2572; x_wconf 71' lang='grc' dir='ltr'>ἐπιτηδείοις</span> <span class='ocrx_word' id='word_1_189' title='bbox 1149 2504 1259 2564; x_wconf 83' lang='grc' dir='ltr'>τοῖς</span> <span class='ocrx_word' id='word_1_190' title='bbox 1281 2501 1504 2554; x_wconf 76' lang='grc' dir='ltr'>ἐκείνων</span> <span class='ocrx_word' id='word_1_191' title='bbox 1533 2501 1796 2571; x_wconf 82' lang='grc' dir='ltr'>μεγίστην</span> <span class='ocrx_word' id='word_1_192' title='bbox 1814 2495 1952 2553; x_wconf 75' lang='grc' dir='ltr'>εῖναι</span> <span class='ocrx_word' id='word_1_193' title='bbox 1980 2516 2084 2552; x_wconf 79' lang='grc' dir='ltr'>πα·-</span> 
     </span>
    </p>
   </div>
   <div class='ocr_carea' id='block_1_27' title="bbox 509 2588 2084 2666">
    <p class='ocr_par' dir='ltr' id='par_1_27' title="bbox 509 2588 2084 2666">
     <span class='ocr_line' id='line_1_27' title="bbox 509 2588 2084 2666; baseline -0.003 -20"><span class='ocrx_word' id='word_1_194' title='bbox 509 2593 775 2666; x_wconf 88' lang='grc' dir='ltr'>ράκλησιν</span> <span class='ocrx_word' id='word_1_195' title='bbox 804 2591 875 2644; x_wconf 80' lang='grc' dir='ltr'>τὰ</span> <span class='ocrx_word' id='word_1_196' title='bbox 917 2591 1142 2644; x_wconf 85' lang='grc' dir='ltr'>ἐκείνων</span> <span class='ocrx_word' id='word_1_197' title='bbox 1178 2590 1396 2659; x_wconf 71' lang='grc' dir='ltr'>ἔκγονα.</span> <span class='ocrx_word' id='word_1_198' title='bbox 1423 2591 1536 2644; x_wconf 81' lang='grc' dir='ltr'>Καὶ</span> <span class='ocrx_word' id='word_1_199' title='bbox 1577 2590 1664 2644; x_wconf 83' lang='grc' dir='ltr'>ἵνα</span> <span class='ocrx_word' id='word_1_200' title='bbox 1692 2589 1870 2661; x_wconf 80' lang='grc' dir='ltr'>μάθῃς</span> <span class='ocrx_word' id='word_1_201' title='bbox 1890 2589 1971 2642; x_wconf 85' lang='grc' dir='ltr'>ὅτι</span> <span class='ocrx_word' id='word_1_202' title='bbox 1995 2588 2084 2642; x_wconf 80' lang='grc' dir='ltr'>διὰ</span> 
     </span>
    </p>
   </div>
   <div class='ocr_carea' id='block_1_28' title="bbox 506 2674 2084 2752">
    <p class='ocr_par' dir='ltr' id='par_1_28' title="bbox 506 2674 2084 2752">
     <span class='ocr_line' id='line_1_28' title="bbox 506 2674 2084 2752; baseline -0.003 -16"><span class='ocrx_word' id='word_1_203' title='bbox 506 2683 667 2737; x_wconf 86' lang='grc' dir='ltr'>τοῦτο</span> <span class='ocrx_word' id='word_1_204' title='bbox 699 2681 936 2752; x_wconf 87' lang='grc' dir='ltr'>μάλιστα</span> <span class='ocrx_word' id='word_1_205' title='bbox 956 2679 1182 2736; x_wconf 81' lang='grc' dir='ltr'>ποθεινὰ</span> <span class='ocrx_word' id='word_1_206' title='bbox 1199 2680 1267 2734; x_wconf 74' lang='grc' dir='ltr'>τὰ</span> <span class='ocrx_word' id='word_1_207' title='bbox 1301 2678 1469 2734; x_wconf 78' lang='grc' dir='ltr'>τέκνα</span> <span class='ocrx_word' id='word_1_208' title='bbox 1496 2674 1585 2751; x_wconf 73' lang='grc' dir='ltr'>ἦν,</span> <span class='ocrx_word' id='word_1_209' title='bbox 1615 2679 1848 2734; x_wconf 76' lang='grc' dir='ltr'>ἄκουσον</span> <span class='ocrx_word' id='word_1_210' title='bbox 1869 2677 1921 2732; x_wconf 89' lang='grc' dir='ltr'>τί</span> <span class='ocrx_word' id='word_1_211' title='bbox 1949 2678 2084 2748; x_wconf 80' lang='grc' dir='ltr'>πρὸς</span> 
     </span>
    </p>
   </div>
   <div class='ocr_carea' id='block_1_29' title="bbox 506 2769 2083 2845">
    <p class='ocr_par' dir='ltr' id='par_1_29' title="bbox 506 2769 2083 2845">
     <span class='ocr_line' id='line_1_29' title="bbox 506 2769 2083 2845; baseline -0.005 -17"><span class='ocrx_word' id='word_1_212' title='bbox 506 2775 600 2828; x_wconf 76' lang='grc' dir='ltr'>τὸν</span> <span class='ocrx_word' id='word_1_213' title='bbox 649 2773 770 2828; x_wconf 83' lang='grc' dir='ltr'>Ἰὼϐ</span> <span class='ocrx_word' id='word_1_214' title='bbox 817 2771 1149 2845; x_wconf 87' lang='grc' dir='ltr'>άποδύρεται</span> <span class='ocrx_word' id='word_1_215' title='bbox 1202 2770 1343 2844; x_wconf 85' lang='grc' dir='ltr'>μετὰ</span> <span class='ocrx_word' id='word_1_216' title='bbox 1374 2770 1475 2835; x_wconf 82' lang='grc' dir='ltr'>τὰς</span> <span class='ocrx_word' id='word_1_217' title='bbox 1523 2771 1724 2834; x_wconf 84' lang='grc' dir='ltr'>πολλὰς</span> <span class='ocrx_word' id='word_1_218' title='bbox 1752 2769 2015 2841; x_wconf 79' lang='grc' dir='ltr'>πληγὰςι</span> <span class='ocrx_word' id='word_1_219' title='bbox 2047 2771 2083 2841; x_wconf 84' lang='grc' dir='ltr'>ή</span> 
     </span>
    </p>
   </div>
   <div class='ocr_carea' id='block_1_30' title="bbox 507 2862 2084 2936">
    <p class='ocr_par' dir='ltr' id='par_1_30' title="bbox 507 2862 2084 2936">
     <span class='ocr_line' id='line_1_30' title="bbox 507 2862 2084 2936; baseline -0.001 -18"><span class='ocrx_word' id='word_1_220' title='bbox 507 2865 667 2936; x_wconf 84' lang='grc' dir='ltr'>γυνή.</span> <span class='ocrx_word' id='word_1_221' title='bbox 711 2862 889 2930; x_wconf 78' lang='grc' dir='ltr'>Ἰδοὺ,</span> <span class='ocrx_word' id='word_1_222' title='bbox 923 2864 1110 2934; x_wconf 73' lang='grc' dir='ltr'>φησὶν,</span> <span class='ocrx_word' id='word_1_223' title='bbox 1141 2862 1412 2917; x_wconf 72' lang='grc' dir='ltr'>ἀπώλετο</span> <span class='ocrx_word' id='word_1_224' title='bbox 1443 2862 1511 2917; x_wconf 85' lang='grc' dir='ltr'>τὸ</span> <span class='ocrx_word' id='word_1_225' title='bbox 1535 2863 1938 2932; x_wconf 70' lang='grc' dir='ltr'>μνημόσυνόν</span> <span class='ocrx_word' id='word_1_226' title='bbox 1966 2876 2084 2916; x_wconf 91' lang='grc' dir='ltr'>σου</span> 
     </span>
    </p>
   </div>
   <div class='ocr_carea' id='block_1_31' title="bbox 506 2953 2079 3027">
    <p class='ocr_par' dir='ltr' id='par_1_31' title="bbox 506 2953 2079 3027">
     <span class='ocr_line' id='line_1_31' title="bbox 506 2953 2079 3027; baseline -0.001 -15"><span class='ocrx_word' id='word_1_227' title='bbox 506 2956 627 3012; x_wconf 78' lang='grc' dir='ltr'>ἀπὸ</span> <span class='ocrx_word' id='word_1_228' title='bbox 657 2955 768 3026; x_wconf 83' lang='grc' dir='ltr'>τῆς</span> <span class='ocrx_word' id='word_1_229' title='bbox 810 2955 944 3027; x_wconf 74' lang='grc' dir='ltr'>γῆς,</span> <span class='ocrx_word' id='word_1_230' title='bbox 980 2959 1036 3010; x_wconf 89' lang='grc' dir='ltr'>οἰ</span> <span class='ocrx_word' id='word_1_231' title='bbox 1084 2957 1204 3012; x_wconf 88' lang='grc' dir='ltr'>υἰοί</span> <span class='ocrx_word' id='word_1_232' title='bbox 1229 2969 1348 3011; x_wconf 90' lang='grc' dir='ltr'>σου</span> <span class='ocrx_word' id='word_1_233' title='bbox 1374 2954 1474 3009; x_wconf 80' lang='grc' dir='ltr'>καί</span> <span class='ocrx_word' id='word_1_234' title='bbox 1511 2958 1571 3010; x_wconf 76' lang='lat' dir='ltr'>al</span> <span class='ocrx_word' id='word_1_235' title='bbox 1602 2953 1920 3024; x_wconf 79' lang='grc' dir='ltr'>θυγατέρες</span> <span class='ocrx_word' id='word_1_236' title='bbox 1943 2970 2079 3010; x_wconf 91' lang='grc' dir='ltr'>σου.</span> 
     </span>
    </p>
   </div>
   <div class='ocr_carea' id='block_1_32' title="bbox 507 3045 2082 3118">
    <p class='ocr_par' dir='ltr' id='par_1_32' title="bbox 507 3045 2082 3118">
     <span class='ocr_line' id='line_1_32' title="bbox 507 3045 2082 3118; baseline -0.001 -16"><span class='ocrx_word' id='word_1_237' title='bbox 507 3049 620 3102; x_wconf 75' lang='grc' dir='ltr'>Καὶ</span> <span class='ocrx_word' id='word_1_238' title='bbox 645 3047 810 3101; x_wconf 90' lang='grc' dir='ltr'>πάλιν</span> <span class='ocrx_word' id='word_1_239' title='bbox 845 3049 874 3102; x_wconf 89' lang='grc' dir='ltr'>ό</span> <span class='ocrx_word' id='word_1_240' title='bbox 899 3046 1072 3102; x_wconf 85' lang='grc' dir='ltr'>Σαούλ</span> <span class='ocrx_word' id='word_1_241' title='bbox 1115 3047 1252 3118; x_wconf 82' lang='grc' dir='ltr'>πρὸς</span> <span class='ocrx_word' id='word_1_242' title='bbox 1291 3046 1383 3100; x_wconf 76' lang='grc' dir='ltr'>τὸν</span> <span class='ocrx_word' id='word_1_243' title='bbox 1426 3045 1614 3101; x_wconf 76' lang='grc' dir='ltr'>Δαυϊδ·</span> <span class='ocrx_word' id='word_1_244' title='bbox 1663 3046 1934 3116; x_wconf 80' lang='grc' dir='ltr'>Ὀμοσόν</span> <span class='ocrx_word' id='word_1_245' title='bbox 1958 3065 2082 3116; x_wconf 81' lang='grc' dir='ltr'>μοι,</span> 
     </span>
    </p>
   </div>
   <div class='ocr_carea' id='block_1_33' title="bbox 509 3135 2088 3206">
    <p class='ocr_par' dir='ltr' id='par_1_33' title="bbox 509 3135 2088 3206">
     <span class='ocr_line' id='line_1_33' title="bbox 509 3135 2088 3206; baseline -0.001 -15"><span class='ocrx_word' id='word_1_246' title='bbox 509 3138 609 3191; x_wconf 76' lang='grc' dir='ltr'>ἵνα</span> <span class='ocrx_word' id='word_1_247' title='bbox 633 3135 720 3206; x_wconf 78' lang='grc' dir='ltr'>μὴ</span> <span class='ocrx_word' id='word_1_248' title='bbox 751 3137 1057 3206; x_wconf 67' lang='grc' dir='ltr'>ἀφανίσῃς</span> <span class='ocrx_word' id='word_1_249' title='bbox 1097 3136 1165 3190; x_wconf 81' lang='grc' dir='ltr'>τὸ</span> <span class='ocrx_word' id='word_1_250' title='bbox 1205 3136 1443 3206; x_wconf 76' lang='grc' dir='ltr'>σπέρμα</span> <span class='ocrx_word' id='word_1_251' title='bbox 1472 3153 1617 3205; x_wconf 82' lang='grc' dir='ltr'>μου,</span> <span class='ocrx_word' id='word_1_252' title='bbox 1663 3137 1762 3190; x_wconf 77' lang='grc' dir='ltr'>καί</span> <span class='ocrx_word' id='word_1_253' title='bbox 1804 3136 1870 3190; x_wconf 85' lang='grc' dir='ltr'>τὸ</span> <span class='ocrx_word' id='word_1_254' title='bbox 1901 3135 2088 3205; x_wconf 76' lang='grc' dir='ltr'>ὄνομα</span> 
     </span>
    </p>
   </div>
   <div class='ocr_carea' id='block_1_34' title="bbox 501 3227 2088 3301">
    <p class='ocr_par' dir='ltr' id='par_1_34' title="bbox 501 3227 2088 3301">
     <span class='ocr_line' id='line_1_34' title="bbox 501 3227 2088 3301; baseline -0.003 -17"><span class='ocrx_word' id='word_1_255' title='bbox 501 3247 623 3301; x_wconf 75' lang='grc' dir='ltr'>μου</span> <span class='ocrx_word' id='word_1_256' title='bbox 647 3229 776 3299; x_wconf 82' lang='grc' dir='ltr'>μετ’</span> <span class='ocrx_word' id='word_1_257' title='bbox 799 3227 924 3298; x_wconf 78' lang='grc' dir='ltr'>ἐμέ.</span> <span class='ocrx_word' id='word_1_258' title='bbox 985 3228 1206 3300; x_wconf 77' lang='grc' dir='ltr'>Ἐπειδὴ</span> <span class='ocrx_word' id='word_1_259' title='bbox 1247 3229 1305 3283; x_wconf 84' lang='grc' dir='ltr'>δὲ</span> <span class='ocrx_word' id='word_1_260' title='bbox 1353 3227 1539 3283; x_wconf 85' lang='grc' dir='ltr'>λοιπὸν</span> <span class='ocrx_word' id='word_1_261' title='bbox 1580 3229 1615 3298; x_wconf 77' lang='grc' dir='ltr'>η</span> <span class='ocrx_word' id='word_1_262' title='bbox 1671 3228 1967 3291; x_wconf 81' lang='grc' dir='ltr'>ἀνάστασις</span> <span class='ocrx_word' id='word_1_263' title='bbox 1995 3227 2088 3280; x_wconf 58' lang='grc' dir='ltr'>ἐπί⁵</span> 
     </span>
    </p>
   </div>
   <div class='ocr_carea' id='block_1_35' title="bbox 509 3317 2088 3390">
    <p class='ocr_par' dir='ltr' id='par_1_35' title="bbox 509 3317 2088 3390">
     <span class='ocr_line' id='line_1_35' title="bbox 509 3317 2088 3390; baseline -0.002 -17"><span class='ocrx_word' id='word_1_264' title='bbox 509 3319 724 3390; x_wconf 82' lang='grc' dir='ltr'>θύραις,</span> <span class='ocrx_word' id='word_1_265' title='bbox 752 3320 849 3373; x_wconf 82' lang='grc' dir='ltr'>καὶ</span> <span class='ocrx_word' id='word_1_266' title='bbox 881 3317 1112 3374; x_wconf 87' lang='grc' dir='ltr'>θανάτου</span> <span class='ocrx_word' id='word_1_267' title='bbox 1141 3317 1300 3386; x_wconf 82' lang='grc' dir='ltr'>λόγος</span> <span class='ocrx_word' id='word_1_268' title='bbox 1327 3317 1523 3382; x_wconf 75' lang='grc' dir='ltr'>οὐδεὶς,</span> <span class='ocrx_word' id='word_1_269' title='bbox 1563 3317 1701 3372; x_wconf 76' lang='grc' dir='ltr'>ἀλλὰ</span> <span class='ocrx_word' id='word_1_270' title='bbox 1731 3317 1868 3389; x_wconf 84' lang='grc' dir='ltr'>πρὸς</span> <span class='ocrx_word' id='word_1_271' title='bbox 1897 3318 2088 3388; x_wconf 74' lang='grc' dir='ltr'>ἑτέραν</span> 
     </span>
    </p>
   </div>
   <div class='ocr_carea' id='block_1_36' title="bbox 509 3407 2088 3480">
    <p class='ocr_par' dir='ltr' id='par_1_36' title="bbox 509 3407 2088 3480">
     <span class='ocr_line' id='line_1_36' title="bbox 509 3407 2088 3480; baseline -0.003 -16"><span class='ocrx_word' id='word_1_272' title='bbox 509 3411 656 3480; x_wconf 78' lang='grc' dir='ltr'>ζωὴν</span> <span class='ocrx_word' id='word_1_273' title='bbox 704 3409 961 3480; x_wconf 81' lang='grc' dir='ltr'>όδεύομεν</span> <span class='ocrx_word' id='word_1_274' title='bbox 1008 3408 1200 3478; x_wconf 77' lang='grc' dir='ltr'>βελτίω</span> <span class='ocrx_word' id='word_1_275' title='bbox 1252 3407 1352 3478; x_wconf 79' lang='grc' dir='ltr'>τῆς</span> <span class='ocrx_word' id='word_1_276' title='bbox 1397 3407 1583 3479; x_wconf 76' lang='grc' dir='ltr'>οὔσης,</span> <span class='ocrx_word' id='word_1_277' title='bbox 1619 3408 1845 3480; x_wconf 81' lang='grc' dir='ltr'>περιττὴ</span> <span class='ocrx_word' id='word_1_278' title='bbox 1873 3410 1906 3478; x_wconf 80' lang='grc' dir='ltr'>ἡ</span> <span class='ocrx_word' id='word_1_279' title='bbox 1960 3408 2088 3479; x_wconf 69' lang='grc' dir='ltr'>περὶ</span> 
     </span>
    </p>
   </div>
   <div class='ocr_carea' id='block_1_37' title="bbox 508 3497 2090 3570">
    <p class='ocr_par' dir='ltr' id='par_1_37' title="bbox 508 3497 2090 3570">
     <span class='ocr_line' id='line_1_37' title="bbox 508 3497 2090 3570; baseline -0.001 -16"><span class='ocrx_word' id='word_1_280' title='bbox 508 3501 686 3554; x_wconf 79' lang='grc' dir='ltr'>ταῦτα</span> <span class='ocrx_word' id='word_1_281' title='bbox 709 3499 938 3569; x_wconf 88' lang='grc' dir='ltr'>σπουδή.</span> <span class='ocrx_word' id='word_1_282' title='bbox 965 3500 1026 3552; x_wconf 86' lang='grc' dir='ltr'>Εἰ</span> <span class='ocrx_word' id='word_1_283' title='bbox 1058 3499 1168 3570; x_wconf 84' lang='grc' dir='ltr'>γὰρ</span> <span class='ocrx_word' id='word_1_284' title='bbox 1197 3497 1400 3552; x_wconf 87' lang='grc' dir='ltr'>παίδων</span> <span class='ocrx_word' id='word_1_285' title='bbox 1437 3499 1742 3568; x_wconf 79' lang='grc' dir='ltr'>ἐπιθυμεῖς,</span> <span class='ocrx_word' id='word_1_286' title='bbox 1773 3498 1949 3570; x_wconf 86' lang='grc' dir='ltr'>πολλῷ</span> <span class='ocrx_word' id='word_1_287' title='bbox 1971 3498 2090 3569; x_wconf 88' lang='grc' dir='ltr'>βελ-</span> 
     </span>
    </p>
   </div>
   <div class='ocr_carea' id='block_1_38' title="bbox 511 3588 2089 3660">
    <p class='ocr_par' dir='ltr' id='par_1_38' title="bbox 511 3588 2089 3660">
     <span class='ocr_line' id='line_1_38' title="bbox 511 3588 2089 3660; baseline -0.002 -14"><span class='ocrx_word' id='word_1_288' title='bbox 511 3592 658 3653; x_wconf 89' lang='grc' dir='ltr'>τίους</span> <span class='ocrx_word' id='word_1_289' title='bbox 688 3591 785 3644; x_wconf 73' lang='grc' dir='ltr'>καὶ</span> <span class='ocrx_word' id='word_1_290' title='bbox 801 3588 1249 3660; x_wconf 85' lang='grc' dir='ltr'>χρησιμωτέρους</span> <span class='ocrx_word' id='word_1_291' title='bbox 1286 3588 1487 3660; x_wconf 81' lang='grc' dir='ltr'>δυνήσῃ</span> <span class='ocrx_word' id='word_1_292' title='bbox 1529 3590 1831 3660; x_wconf 86' lang='grc' dir='ltr'>κτήσασθαι</span> <span class='ocrx_word' id='word_1_293' title='bbox 1856 3590 1970 3655; x_wconf 90' lang='grc' dir='ltr'>νῦν,</span> <span class='ocrx_word' id='word_1_294' title='bbox 1998 3591 2089 3645; x_wconf 84' lang='grc' dir='ltr'>ὅτε</span> 
     </span>
    </p>
   </div>
   <div class='ocr_carea' id='block_1_39' title="bbox 510 3679 2088 3752">
    <p class='ocr_par' dir='ltr' id='par_1_39' title="bbox 510 3679 2088 3752">
     <span class='ocr_line' id='line_1_39' title="bbox 510 3679 2088 3752; baseline 0.001 -17"><span class='ocrx_word' id='word_1_295' title='bbox 510 3681 883 3752; x_wconf 79' lang='grc' dir='ltr'>πνευματικοί</span> <span class='ocrx_word' id='word_1_296' title='bbox 928 3697 1072 3744; x_wconf 89' lang='grc' dir='ltr'>τινες</span> <span class='ocrx_word' id='word_1_297' title='bbox 1123 3679 1312 3746; x_wconf 85' lang='grc' dir='ltr'>ὠδῖνες</span> <span class='ocrx_word' id='word_1_298' title='bbox 1337 3680 1691 3752; x_wconf 79' lang='grc' dir='ltr'>εἰσήχθησαν,</span> <span class='ocrx_word' id='word_1_299' title='bbox 1728 3682 1822 3736; x_wconf 79' lang='grc' dir='ltr'>καὶ</span> <span class='ocrx_word' id='word_1_300' title='bbox 1865 3682 2088 3752; x_wconf 86' lang='grc' dir='ltr'>βελτίων</span> 
     </span>
    </p>
   </div>
   <div class='ocr_carea' id='block_1_40' title="bbox 511 3771 2090 3851">
    <p class='ocr_par' dir='ltr' id='par_1_40' title="bbox 511 3771 2090 3851">
     <span class='ocr_line' id='line_1_40' title="bbox 511 3771 2090 3851; baseline 0.002 -26"><span class='ocrx_word' id='word_1_301' title='bbox 511 3773 695 3837; x_wconf 79' lang='grc' dir='ltr'>τόκος,</span> <span class='ocrx_word' id='word_1_302' title='bbox 732 3772 827 3826; x_wconf 76' lang='grc' dir='ltr'>καὶ</span> <span class='ocrx_word' id='word_1_303' title='bbox 856 3771 1157 3851; x_wconf 85' lang='grc' dir='ltr'>γηροκόμοι</span> <span class='ocrx_word' id='word_1_304' title='bbox 1195 3774 1622 3845; x_wconf 80' lang='grc' dir='ltr'>χρησιμώτεροι.</span> <span class='ocrx_word' id='word_1_305' title='bbox 1667 3774 1829 3828; x_wconf 83' lang='grc' dir='ltr'>Ὥστε</span> <span class='ocrx_word' id='word_1_306' title='bbox 1869 3775 1964 3846; x_wconf 90' lang='grc' dir='ltr'>μία</span> <span class='ocrx_word' id='word_1_307' title='bbox 2005 3775 2090 3838; x_wconf 88' lang='grc' dir='ltr'>τίς</span> 
     </span>
    </p>
   </div>
   <div class='ocr_carea' id='block_1_41' title="bbox 513 3863 2090 3936">
    <p class='ocr_par' dir='ltr' id='par_1_41' title="bbox 513 3863 2090 3936">
     <span class='ocr_line' id='line_1_41' title="bbox 513 3863 2090 3936; baseline 0.001 -17"><span class='ocrx_word' id='word_1_308' title='bbox 513 3865 631 3920; x_wconf 77' lang='grc' dir='ltr'>ἐστι</span> <span class='ocrx_word' id='word_1_309' title='bbox 664 3863 844 3934; x_wconf 87' lang='grc' dir='ltr'>γάμου</span> <span class='ocrx_word' id='word_1_310' title='bbox 875 3863 1168 3934; x_wconf 84' lang='grc' dir='ltr'>πρόφασις,</span> <span class='ocrx_word' id='word_1_311' title='bbox 1191 3863 1255 3917; x_wconf 81' lang='grc' dir='ltr'>τὸ</span> <span class='ocrx_word' id='word_1_312' title='bbox 1283 3864 1358 3936; x_wconf 77' lang='grc' dir='ltr'>μὴ</span> <span class='ocrx_word' id='word_1_313' title='bbox 1383 3863 1686 3936; x_wconf 85' lang='grc' dir='ltr'>πορνεύειν,</span> <span class='ocrx_word' id='word_1_314' title='bbox 1705 3865 1798 3919; x_wconf 77' lang='grc' dir='ltr'>καὶ</span> <span class='ocrx_word' id='word_1_315' title='bbox 1821 3866 1911 3920; x_wconf 80' lang='grc' dir='ltr'>διά</span> <span class='ocrx_word' id='word_1_316' title='bbox 1933 3867 2090 3921; x_wconf 90' lang='grc' dir='ltr'>τοῦτο</span> 
     </span>
    </p>
   </div>
   <div class='ocr_carea' id='block_1_42' title="bbox 512 3953 2090 4027">
    <p class='ocr_par' dir='ltr' id='par_1_42' title="bbox 512 3953 2090 4027">
     <span class='ocr_line' id='line_1_42' title="bbox 512 3953 2090 4027; baseline 0.004 -19"><span class='ocrx_word' id='word_1_317' title='bbox 512 3953 576 4008; x_wconf 76' lang='grc' dir='ltr'>τὸ</span> <span class='ocrx_word' id='word_1_318' title='bbox 595 3953 885 4024; x_wconf 79' lang='grc' dir='ltr'>φάρμακον</span> <span class='ocrx_word' id='word_1_319' title='bbox 932 3954 1303 4024; x_wconf 87' lang='grc' dir='ltr'>εἰσενήνεκται</span> <span class='ocrx_word' id='word_1_320' title='bbox 1345 3954 1523 4010; x_wconf 91' lang='grc' dir='ltr'>τοῦτο.</span> <span class='ocrx_word' id='word_1_321' title='bbox 1561 3955 1622 4009; x_wconf 85' lang='grc' dir='ltr'>Εἰ</span> <span class='ocrx_word' id='word_1_322' title='bbox 1658 3956 1716 4009; x_wconf 83' lang='grc' dir='ltr'>δὲ</span> <span class='ocrx_word' id='word_1_323' title='bbox 1741 3957 1954 4027; x_wconf 87' lang='grc' dir='ltr'>μέλλοις</span> <span class='ocrx_word' id='word_1_324' title='bbox 1997 3961 2090 4015; x_wconf 78' lang='grc' dir='ltr'>καὶ</span> 
     </span>
    </p>
   </div>
   <div class='ocr_carea' id='block_1_43' title="bbox 520 4042 2090 4120">
    <p class='ocr_par' dir='ltr' id='par_1_43' title="bbox 520 4042 2090 4120">
     <span class='ocr_line' id='line_1_43' title="bbox 520 4042 2090 4120; baseline 0.005 -24"><span class='ocrx_word' id='word_1_325' title='bbox 520 4042 657 4114; x_wconf 70' lang='grc' dir='ltr'>μετὰ</span> <span class='ocrx_word' id='word_1_326' title='bbox 685 4042 862 4113; x_wconf 80' lang='grc' dir='ltr'>γάμον</span> <span class='ocrx_word' id='word_1_327' title='bbox 910 4042 1215 4113; x_wconf 79' lang='grc' dir='ltr'>κεχρῆσθαι</span> <span class='ocrx_word' id='word_1_328' title='bbox 1264 4045 1562 4116; x_wconf 86' lang='grc' dir='ltr'>πορνείαις,</span> <span class='ocrx_word' id='word_1_329' title='bbox 1612 4047 1882 4117; x_wconf 83' lang='grc' dir='ltr'>περιττῶς</span> <span class='ocrx_word' id='word_1_330' title='bbox 1927 4046 2090 4120; x_wconf 76' lang='grc' dir='ltr'>ἦλθες</span> 
     </span>
    </p>
   </div>
   <div class='ocr_carea' id='block_1_44' title="bbox 516 4133 2091 4208">
    <p class='ocr_par' dir='ltr' id='par_1_44' title="bbox 516 4133 2091 4208">
     <span class='ocr_line' id='line_1_44' title="bbox 516 4133 2091 4208; baseline 0.004 -18"><span class='ocrx_word' id='word_1_331' title='bbox 516 4135 610 4190; x_wconf 75' lang='grc' dir='ltr'>ἐςτί</span> <span class='ocrx_word' id='word_1_332' title='bbox 625 4133 714 4186; x_wconf 82' lang='grc' dir='ltr'>τὸν</span> <span class='ocrx_word' id='word_1_333' title='bbox 748 4135 942 4204; x_wconf 88' lang='grc' dir='ltr'>γάμον,</span> <span class='ocrx_word' id='word_1_334' title='bbox 981 4135 1073 4187; x_wconf 77' lang='grc' dir='ltr'>καὶ</span> <span class='ocrx_word' id='word_1_335' title='bbox 1100 4134 1224 4204; x_wconf 83' lang='grc' dir='ltr'>εἰκῆ</span> <span class='ocrx_word' id='word_1_336' title='bbox 1273 4136 1368 4189; x_wconf 77' lang='grc' dir='ltr'>καὶ</span> <span class='ocrx_word' id='word_1_337' title='bbox 1419 4136 1615 4207; x_wconf 88' lang='grc' dir='ltr'>μάτην·</span> <span class='ocrx_word' id='word_1_338' title='bbox 1663 4139 1862 4208; x_wconf 80' lang='grc' dir='ltr'>μᾶλλον</span> <span class='ocrx_word' id='word_1_339' title='bbox 1901 4140 1958 4194; x_wconf 80' lang='grc' dir='ltr'>δὲ</span> <span class='ocrx_word' id='word_1_340' title='bbox 1990 4143 2091 4197; x_wconf 87' lang='grc' dir='ltr'>οὐκ</span> 
     </span>
    </p>
   </div>
   <div class='ocr_carea' id='block_1_45' title="bbox 517 4224 2089 4304">
    <p class='ocr_par' dir='ltr' id='par_1_45' title="bbox 517 4224 2089 4304">
     <span class='ocr_line' id='line_1_45' title="bbox 517 4224 2089 4304; baseline 0.006 -27"><span class='ocrx_word' id='word_1_341' title='bbox 517 4225 639 4295; x_wconf 82' lang='grc' dir='ltr'>εἰκῆ</span> <span class='ocrx_word' id='word_1_342' title='bbox 667 4225 761 4278; x_wconf 71' lang='grc' dir='ltr'>καί⁵</span> <span class='ocrx_word' id='word_1_343' title='bbox 791 4225 966 4295; x_wconf 86' lang='grc' dir='ltr'>μάτην</span> <span class='ocrx_word' id='word_1_344' title='bbox 1012 4224 1193 4294; x_wconf 86' lang='grc' dir='ltr'>μόνον,</span> <span class='ocrx_word' id='word_1_345' title='bbox 1224 4224 1364 4278; x_wconf 84' lang='grc' dir='ltr'>ἀλλὰ</span> <span class='ocrx_word' id='word_1_346' title='bbox 1399 4227 1493 4278; x_wconf 77' lang='grc' dir='ltr'>καὶ</span> <span class='ocrx_word' id='word_1_347' title='bbox 1521 4229 1616 4280; x_wconf 75' lang='grc' dir='ltr'>ἐπὶ</span> <span class='ocrx_word' id='word_1_348' title='bbox 1656 4227 1850 4300; x_wconf 85' lang='grc' dir='ltr'>βλάϐῃ.</span> <span class='ocrx_word' id='word_1_349' title='bbox 1879 4231 1953 4284; x_wconf 91' lang='grc' dir='ltr'>Οὐ</span> <span class='ocrx_word' id='word_1_350' title='bbox 1982 4232 2089 4304; x_wconf 87' lang='grc' dir='ltr'>γάρ</span> 
     </span>
    </p>
   </div>
   <div class='ocr_carea' id='block_1_46' title="bbox 516 4314 2090 4390">
    <p class='ocr_par' dir='ltr' id='par_1_46' title="bbox 516 4314 2090 4390">
     <span class='ocr_line' id='line_1_46' title="bbox 516 4314 2090 4390; baseline 0.003 -20"><span class='ocrx_word' id='word_1_351' title='bbox 516 4319 667 4370; x_wconf 82' lang='grc' dir='ltr'>ἐστιν</span> <span class='ocrx_word' id='word_1_352' title='bbox 703 4318 816 4370; x_wconf 73' lang='grc' dir='ltr'>ἴσον</span> <span class='ocrx_word' id='word_1_353' title='bbox 843 4315 944 4368; x_wconf 90' lang='grc' dir='ltr'>οὐκ</span> <span class='ocrx_word' id='word_1_354' title='bbox 975 4314 1166 4385; x_wconf 79' lang='grc' dir='ltr'>ἔχοντα</span> <span class='ocrx_word' id='word_1_355' title='bbox 1205 4318 1442 4383; x_wconf 81' lang='grc' dir='ltr'>γυναῖκα</span> <span class='ocrx_word' id='word_1_356' title='bbox 1473 4316 1779 4387; x_wconf 82' lang='grc' dir='ltr'>πορνεύειν,</span> <span class='ocrx_word' id='word_1_357' title='bbox 1819 4320 1912 4373; x_wconf 78' lang='grc' dir='ltr'>καὶ</span> <span class='ocrx_word' id='word_1_358' title='bbox 1951 4320 2090 4390; x_wconf 83' lang='grc' dir='ltr'>μετά</span> 
     </span>
    </p>
   </div>
   <div class='ocr_carea' id='block_1_47' title="bbox 515 4404 2090 4482">
    <p class='ocr_par' dir='ltr' id='par_1_47' title="bbox 515 4404 2090 4482">
     <span class='ocr_line' id='line_1_47' title="bbox 515 4404 2090 4482; baseline 0.001 -21"><span class='ocrx_word' id='word_1_359' title='bbox 515 4407 694 4478; x_wconf 87' lang='grc' dir='ltr'>γάμον</span> <span class='ocrx_word' id='word_1_360' title='bbox 720 4407 879 4461; x_wconf 82' lang='grc' dir='ltr'>πάλιν</span> <span class='ocrx_word' id='word_1_361' title='bbox 901 4406 962 4459; x_wconf 74' lang='grc' dir='ltr'>τὸ</span> <span class='ocrx_word' id='word_1_362' title='bbox 1005 4404 1135 4458; x_wconf 82' lang='grc' dir='ltr'>αὐτὸ</span> <span class='ocrx_word' id='word_1_363' title='bbox 1158 4404 1314 4459; x_wconf 89' lang='grc' dir='ltr'>τοῦτο</span> <span class='ocrx_word' id='word_1_364' title='bbox 1340 4409 1530 4460; x_wconf 85' lang='grc' dir='ltr'>ποιεῖν.</span> <span class='ocrx_word' id='word_1_365' title='bbox 1559 4407 1694 4460; x_wconf 76' lang='grc' dir='ltr'>Οὐδὲ</span> <span class='ocrx_word' id='word_1_366' title='bbox 1723 4407 1830 4478; x_wconf 80' lang='grc' dir='ltr'>γάρ</span> <span class='ocrx_word' id='word_1_367' title='bbox 1870 4409 2090 4482; x_wconf 86' lang='grc' dir='ltr'>πορνεία</span> 
     </span>
    </p>
   </div>
   <div class='ocr_carea' id='block_1_48' title="bbox 515 4497 2091 4574">
    <p class='ocr_par' dir='ltr' id='par_1_48' title="bbox 515 4497 2091 4574">
     <span class='ocr_line' id='line_1_48' title="bbox 515 4497 2091 4574; baseline 0.003 -22"><span class='ocrx_word' id='word_1_368' title='bbox 515 4499 578 4552; x_wconf 86' lang='grc' dir='ltr'>τδ</span> <span class='ocrx_word' id='word_1_369' title='bbox 613 4497 817 4552; x_wconf 83' lang='grc' dir='ltr'>τοιοῦτο</span> <span class='ocrx_word' id='word_1_370' title='bbox 859 4497 1046 4551; x_wconf 87' lang='grc' dir='ltr'>λοιπόν</span> <span class='ocrx_word' id='word_1_371' title='bbox 1090 4497 1258 4560; x_wconf 88' lang='grc' dir='ltr'>ἐστιν,</span> <span class='ocrx_word' id='word_1_372' title='bbox 1303 4497 1438 4552; x_wconf 79' lang='grc' dir='ltr'>ἀλλὰ</span> <span class='ocrx_word' id='word_1_373' title='bbox 1494 4499 1726 4569; x_wconf 86' lang='grc' dir='ltr'>μοιχεία.</span> <span class='ocrx_word' id='word_1_374' title='bbox 1767 4500 1828 4553; x_wconf 83' lang='grc' dir='ltr'>Εἰ</span> <span class='ocrx_word' id='word_1_375' title='bbox 1855 4500 1963 4574; x_wconf 75' lang='grc' dir='ltr'>γάρ</span> <span class='ocrx_word' id='word_1_376' title='bbox 1999 4502 2091 4556; x_wconf 76' lang='grc' dir='ltr'>καὶ</span> 
     </span>
    </p>
   </div>
   <div class='ocr_carea' id='block_1_49' title="bbox 518 4589 1790 4662">
    <p class='ocr_par' dir='ltr' id='par_1_49' title="bbox 518 4589 1790 4662">
     <span class='ocr_line' id='line_1_49' title="bbox 518 4589 1790 4662; baseline 0.004 -20"><span class='ocrx_word' id='word_1_377' title='bbox 518 4591 821 4662; x_wconf 79' lang='grc' dir='ltr'>παράδοξόν</span> <span class='ocrx_word' id='word_1_378' title='bbox 844 4591 958 4644; x_wconf 72' lang='grc' dir='ltr'>ἐστι</span> <span class='ocrx_word' id='word_1_379' title='bbox 990 4589 1052 4642; x_wconf 78' lang='grc' dir='ltr'>τὸ</span> <span class='ocrx_word' id='word_1_380' title='bbox 1080 4591 1389 4661; x_wconf 85' lang='grc' dir='ltr'>εἰρημένον,</span> <span class='ocrx_word' id='word_1_381' title='bbox 1420 4591 1534 4645; x_wconf 82' lang='grc' dir='ltr'>ἀλλ’</span> <span class='ocrx_word' id='word_1_382' title='bbox 1571 4591 1790 4662; x_wconf 84' lang='grc' dir='ltr'>ἀληθές.</span> 
     </span>
    </p>
   </div>
   <div class='ocr_carea' id='block_1_50' title="bbox 591 4680 2092 4756">
    <p class='ocr_par' dir='ltr' id='par_1_50' title="bbox 591 4680 2092 4756">
     <span class='ocr_line' id='line_1_50' title="bbox 591 4680 2092 4756; baseline 0.005 -22"><span class='ocrx_word' id='word_1_383' title='bbox 591 4683 653 4736; x_wconf 82' lang='grc' dir='ltr'>δ’.</span> <span class='ocrx_word' id='word_1_384' title='bbox 673 4681 786 4736; x_wconf 88' lang='grc' dir='ltr'>οὐκ</span> <span class='ocrx_word' id='word_1_385' title='bbox 809 4681 1111 4750; x_wconf 83' lang='grc' dir='ltr'>ἀγνοοῦμεν</span> <span class='ocrx_word' id='word_1_386' title='bbox 1136 4680 1336 4752; x_wconf 79' lang='grc' dir='ltr'>γὰρότι</span> <span class='ocrx_word' id='word_1_387' title='bbox 1365 4681 1549 4735; x_wconf 78' lang='grc' dir='ltr'>πολλοὶ</span> <span class='ocrx_word' id='word_1_388' title='bbox 1582 4683 1826 4754; x_wconf 86' lang='grc' dir='ltr'>μοιχείαν</span> <span class='ocrx_word' id='word_1_389' title='bbox 1849 4685 2092 4756; x_wconf 83' lang='grc' dir='ltr'>νομίζουο</span> 
     </span>
    </p>
   </div>
   <div class='ocr_carea' id='block_1_51' title="bbox 523 4771 2088 4845">
    <p class='ocr_par' dir='ltr' id='par_1_51' title="bbox 523 4771 2088 4845">
     <span class='ocr_line' id='line_1_51' title="bbox 523 4771 2088 4845; baseline 0.004 -18"><span class='ocrx_word' id='word_1_390' title='bbox 523 4790 628 4838; x_wconf 89' lang='grc' dir='ltr'>σιν,</span> <span class='ocrx_word' id='word_1_391' title='bbox 649 4774 776 4826; x_wconf 82' lang='grc' dir='ltr'>ὅταν</span> <span class='ocrx_word' id='word_1_392' title='bbox 795 4790 878 4836; x_wconf 90' lang='grc' dir='ltr'>τις</span> <span class='ocrx_word' id='word_1_393' title='bbox 907 4771 1175 4840; x_wconf 83' lang='grc' dir='ltr'>ῦπανδρον</span> <span class='ocrx_word' id='word_1_394' title='bbox 1205 4772 1398 4845; x_wconf 77' lang='grc' dir='ltr'>φθείρῃ</span> <span class='ocrx_word' id='word_1_395' title='bbox 1426 4775 1662 4842; x_wconf 78' lang='grc' dir='ltr'>γυναῖκα</span> <span class='ocrx_word' id='word_1_396' title='bbox 1683 4775 1865 4845; x_wconf 87' lang='grc' dir='ltr'>μόνον·</span> <span class='ocrx_word' id='word_1_397' title='bbox 1898 4777 2010 4845; x_wconf 84' lang='grc' dir='ltr'>ἐγὼ</span> <span class='ocrx_word' id='word_1_398' title='bbox 2029 4779 2088 4833; x_wconf 82' lang='grc' dir='ltr'>δὲ</span> 
     </span>
    </p>
   </div>
   <div class='ocr_carea' id='block_1_52' title="bbox 521 4862 2092 4937">
    <p class='ocr_par' dir='ltr' id='par_1_52' title="bbox 521 4862 2092 4937">
     <span class='ocr_line' id='line_1_52' title="bbox 521 4862 2092 4937; baseline 0.001 -19"><span class='ocrx_word' id='word_1_399' title='bbox 521 4863 621 4918; x_wconf 82' lang='grc' dir='ltr'>κᾶν</span> <span class='ocrx_word' id='word_1_400' title='bbox 657 4863 889 4934; x_wconf 83' lang='grc' dir='ltr'>δημοσίᾳ</span> <span class='ocrx_word' id='word_1_401' title='bbox 925 4863 1118 4936; x_wconf 83' lang='grc' dir='ltr'>πόρνῃ,</span> <span class='ocrx_word' id='word_1_402' title='bbox 1147 4862 1250 4916; x_wconf 76' lang='grc' dir='ltr'>κᾶν</span> <span class='ocrx_word' id='word_1_403' title='bbox 1292 4862 1647 4934; x_wconf 87' lang='grc' dir='ltr'>θεραπαινίδι,</span> <span class='ocrx_word' id='word_1_404' title='bbox 1684 4863 1787 4917; x_wconf 74' lang='grc' dir='ltr'>κᾶν</span> <span class='ocrx_word' id='word_1_405' title='bbox 1815 4865 1950 4937; x_wconf 81' lang='grc' dir='ltr'>ἄλλῃ</span> <span class='ocrx_word' id='word_1_406' title='bbox 1985 4868 2092 4921; x_wconf 78' lang='grc' dir='ltr'>τινὶ</span> 
     </span>
    </p>
   </div>
   <div class='ocr_carea' id='block_1_53' title="bbox 521 4951 2089 5025">
    <p class='ocr_par' dir='ltr' id='par_1_53' title="bbox 521 4951 2089 5025">
     <span class='ocr_line' id='line_1_53' title="bbox 521 4951 2089 5025; baseline 0.001 -17"><span class='ocrx_word' id='word_1_407' title='bbox 521 4953 742 5025; x_wconf 77' lang='grc' dir='ltr'>γυναικὶ</span> <span class='ocrx_word' id='word_1_408' title='bbox 767 4951 933 5023; x_wconf 78' lang='grc' dir='ltr'>ἄνδρα</span> <span class='ocrx_word' id='word_1_409' title='bbox 959 4953 1058 5006; x_wconf 89' lang='grc' dir='ltr'>οὐκ</span> <span class='ocrx_word' id='word_1_410' title='bbox 1087 4952 1285 5024; x_wconf 83' lang='grc' dir='ltr'>ἐχούσῃ</span> <span class='ocrx_word' id='word_1_411' title='bbox 1315 4954 1525 5024; x_wconf 86' lang='grc' dir='ltr'>πρόσχῃ</span> <span class='ocrx_word' id='word_1_412' title='bbox 1568 4955 1753 5017; x_wconf 85' lang='grc' dir='ltr'>κακῶς</span> <span class='ocrx_word' id='word_1_413' title='bbox 1769 4955 1864 5008; x_wconf 77' lang='grc' dir='ltr'>καὶ</span> <span class='ocrx_word' id='word_1_414' title='bbox 1893 4956 2089 5011; x_wconf 83' lang='grc' dir='ltr'>ἀκολά-</span> 
     </span>
    </p>
   </div>
   <div class='ocr_carea' id='block_1_54' title="bbox 523 5041 2090 5118">
    <p class='ocr_par' dir='ltr' id='par_1_54' title="bbox 523 5041 2090 5118">
     <span class='ocr_line' id='line_1_54' title="bbox 523 5041 2090 5118; baseline 0.001 -18"><span class='ocrx_word' id='word_1_415' title='bbox 523 5063 685 5110; x_wconf 86' lang='grc' dir='ltr'>στως,</span> <span class='ocrx_word' id='word_1_416' title='bbox 715 5045 854 5115; x_wconf 76' lang='grc' dir='ltr'>ἔχων</span> <span class='ocrx_word' id='word_1_417' title='bbox 875 5046 1127 5112; x_wconf 86' lang='grc' dir='ltr'>γυναῖκα,</span> <span class='ocrx_word' id='word_1_418' title='bbox 1153 5043 1395 5114; x_wconf 89' lang='grc' dir='ltr'>μοιχείαν</span> <span class='ocrx_word' id='word_1_419' title='bbox 1411 5043 1471 5096; x_wconf 77' lang='grc' dir='ltr'>τὸ</span> <span class='ocrx_word' id='word_1_420' title='bbox 1495 5045 1733 5098; x_wconf 88' lang='grc' dir='ltr'>τοιοῦτον</span> <span class='ocrx_word' id='word_1_421' title='bbox 1762 5041 1903 5100; x_wconf 84' lang='grc' dir='ltr'>εἷναί</span> <span class='ocrx_word' id='word_1_422' title='bbox 1927 5064 2090 5118; x_wconf 79' lang='grc' dir='ltr'>φημι.</span> 
     </span>
    </p>
   </div>
   <div class='ocr_carea' id='block_1_55' title="bbox 521 5133 2093 5208">
    <p class='ocr_par' dir='ltr' id='par_1_55' title="bbox 521 5133 2093 5208">
     <span class='ocr_line' id='line_1_55' title="bbox 521 5133 2093 5208; baseline 0 -17"><span class='ocrx_word' id='word_1_423' title='bbox 521 5139 598 5191; x_wconf 88' lang='grc' dir='ltr'>οὐ</span> <span class='ocrx_word' id='word_1_424' title='bbox 630 5137 738 5208; x_wconf 80' lang='grc' dir='ltr'>γάρ</span> <span class='ocrx_word' id='word_1_425' title='bbox 760 5137 825 5206; x_wconf 76' lang='grc' dir='ltr'>δὴ</span> <span class='ocrx_word' id='word_1_426' title='bbox 849 5135 1007 5205; x_wconf 87' lang='grc' dir='ltr'>μόνον</span> <span class='ocrx_word' id='word_1_427' title='bbox 1036 5134 1143 5186; x_wconf 81' lang='grc' dir='ltr'>ἀπὸ</span> <span class='ocrx_word' id='word_1_428' title='bbox 1162 5135 1269 5187; x_wconf 86' lang='grc' dir='ltr'>τών</span> <span class='ocrx_word' id='word_1_429' title='bbox 1297 5133 1688 5205; x_wconf 85' lang='grc' dir='ltr'>ὑϐριζομένων,</span> <span class='ocrx_word' id='word_1_430' title='bbox 1720 5135 1858 5190; x_wconf 79' lang='grc' dir='ltr'>ἀλλὰ</span> <span class='ocrx_word' id='word_1_431' title='bbox 1880 5137 1972 5190; x_wconf 73' lang='grc' dir='ltr'>καὶ</span> <span class='ocrx_word' id='word_1_432' title='bbox 1985 5139 2093 5192; x_wconf 76' lang='grc' dir='ltr'>άπὸ</span> 
     </span>
    </p>
   </div>
   <div class='ocr_carea' id='block_1_56' title="bbox 519 5224 2089 5300">
    <p class='ocr_par' dir='ltr' id='par_1_56' title="bbox 519 5224 2089 5300">
     <span class='ocr_line' id='line_1_56' title="bbox 519 5224 2089 5300; baseline 0.001 -19"><span class='ocrx_word' id='word_1_433' title='bbox 519 5228 627 5281; x_wconf 82' lang='grc' dir='ltr'>τῶν</span> <span class='ocrx_word' id='word_1_434' title='bbox 657 5226 986 5293; x_wconf 79' lang='grc' dir='ltr'>ὑϐριζόντων</span> <span class='ocrx_word' id='word_1_435' title='bbox 1008 5224 1068 5277; x_wconf 79' lang='grc' dir='ltr'>τὸ</span> <span class='ocrx_word' id='word_1_436' title='bbox 1094 5224 1191 5286; x_wconf 81' lang='grc' dir='ltr'>τῆς</span> <span class='ocrx_word' id='word_1_437' title='bbox 1215 5224 1456 5295; x_wconf 82' lang='grc' dir='ltr'>μοιχείας</span> <span class='ocrx_word' id='word_1_438' title='bbox 1485 5225 1796 5280; x_wconf 81' lang='grc' dir='ltr'>συνίσταται</span> <span class='ocrx_word' id='word_1_439' title='bbox 1819 5227 2089 5300; x_wconf 80' lang='grc' dir='ltr'>ἔγκλημα.</span> 
     </span>
    </p>
   </div>
   <div class='ocr_carea' id='block_1_57' title="bbox 520 5312 2092 5390">
    <p class='ocr_par' dir='ltr' id='par_1_57' title="bbox 520 5312 2092 5390">
     <span class='ocr_line' id='line_1_57' title="bbox 520 5312 2092 5390; baseline 0.001 -18"><span class='ocrx_word' id='word_1_440' title='bbox 520 5318 614 5387; x_wconf 67' lang='grc' dir='ltr'>Μὴ</span> <span class='ocrx_word' id='word_1_441' title='bbox 649 5315 758 5386; x_wconf 86' lang='grc' dir='ltr'>γάρ</span> <span class='ocrx_word' id='word_1_442' title='bbox 810 5331 901 5385; x_wconf 89' lang='grc' dir='ltr'>μοι</span> <span class='ocrx_word' id='word_1_443' title='bbox 929 5313 1054 5376; x_wconf 75' lang='grc' dir='ltr'>τοὺς</span> <span class='ocrx_word' id='word_1_444' title='bbox 1082 5312 1279 5378; x_wconf 80' lang='grc' dir='ltr'>ἔξωθεν</span> <span class='ocrx_word' id='word_1_445' title='bbox 1329 5315 1526 5386; x_wconf 89' lang='grc' dir='ltr'>νόμους</span> <span class='ocrx_word' id='word_1_446' title='bbox 1570 5317 1729 5390; x_wconf 66' lang='grc' dir='ltr'>εἴπῃς</span> <span class='ocrx_word' id='word_1_447' title='bbox 1758 5317 1874 5383; x_wconf 92' lang='grc' dir='ltr'>νῦν,</span> <span class='ocrx_word' id='word_1_448' title='bbox 1898 5321 1947 5373; x_wconf 85' lang='grc' dir='ltr'>οἳ</span> <span class='ocrx_word' id='word_1_449' title='bbox 1994 5321 2092 5386; x_wconf 80' lang='grc' dir='ltr'>τὰς</span> 
     </span>
    </p>
   </div>
   <div class='ocr_carea' id='block_1_58' title="bbox 526 5406 2092 5483">
    <p class='ocr_par' dir='ltr' id='par_1_58' title="bbox 526 5406 2092 5483">
     <span class='ocr_line' id='line_1_58' title="bbox 526 5406 2092 5483; baseline 0.003 -22"><span class='ocrx_word' id='word_1_450' title='bbox 526 5410 624 5483; x_wconf 77' lang='grc' dir='ltr'>μὲν</span> <span class='ocrx_word' id='word_1_451' title='bbox 657 5409 917 5478; x_wconf 87' lang='grc' dir='ltr'>γυναῖκας</span> <span class='ocrx_word' id='word_1_452' title='bbox 945 5406 1325 5478; x_wconf 85' lang='grc' dir='ltr'>μοιχευομένας</span> <span class='ocrx_word' id='word_1_453' title='bbox 1374 5409 1453 5472; x_wconf 85' lang='grc' dir='ltr'>είς</span> <span class='ocrx_word' id='word_1_454' title='bbox 1484 5407 1830 5482; x_wconf 83' lang='grc' dir='ltr'>δικαστήριον</span> <span class='ocrx_word' id='word_1_455' title='bbox 1877 5411 2092 5466; x_wconf 70' lang='grc' dir='ltr'>ἕλκουσι</span> 
     </span>
    </p>
   </div>
   <div class='ocr_carea' id='block_1_59' title="bbox 581 5596 1620 5668">
    <p class='ocr_par' dir='ltr' id='par_1_59' title="bbox 581 5596 1620 5668">
     <span class='ocr_line' id='line_1_59' title="bbox 581 5596 1620 5668; baseline 0.004 -18"><span class='ocrx_word' id='word_1_456' title='bbox 581 5596 606 5628; x_wconf 81' lang='grc'><strong><em>⁸</em></strong></span> <span class='ocrx_word' id='word_1_457' title='bbox 627 5596 734 5650; x_wconf 86' lang='lat' dir='ltr'>Duo</span> <span class='ocrx_word' id='word_1_458' title='bbox 765 5611 882 5652; x_wconf 74' lang='lat' dir='ltr'><strong>mss.</strong></span> <span class='ocrx_word' id='word_1_459' title='bbox 906 5601 1080 5659; x_wconf 80' lang='grc' dir='ltr'>πολλὰς</span> <span class='ocrx_word' id='word_1_460' title='bbox 1097 5602 1178 5652; x_wconf 81' lang='grc' dir='ltr'>καὶ</span> <span class='ocrx_word' id='word_1_461' title='bbox 1203 5601 1406 5668; x_wconf 73' lang='grc' dir='ltr'>ἀφάτους</span> <span class='ocrx_word' id='word_1_462' title='bbox 1424 5603 1620 5667; x_wconf 78' lang='grc' dir='ltr'>πληγάς.</span> 
     </span>
    </p>
   </div>
   <div class='ocr_carea' id='block_1_60' title="bbox 1221 200 2084 273">
    <p class='ocr_par' dir='ltr' id='par_1_60' title="bbox 1221 207 2084 273">
     <span class='ocr_line' id='line_1_60' title="bbox 1221 207 2084 273; baseline -0.012 0"><span class='ocrx_word' id='word_1_463' title='bbox 1221 216 1280 272; x_wconf 82' lang='lat'>8.</span> <span class='ocrx_word' id='word_1_464' title='bbox 1320 213 1607 273; x_wconf 71' lang='lat' dir='ltr'>JOANNIS</span> <span class='ocrx_word' id='word_1_465' title='bbox 1645 207 2084 269; x_wconf 70' lang='grc' dir='ltr'>οιικῐεοετοι</span> 
     </span>
    </p>
   </div>
   <div class='ocr_carea' id='block_1_61' title="bbox 2190 200 3084 273">
    <p class='ocr_par' dir='ltr' id='par_1_61' title="bbox 2190 200 3084 264">
     <span class='ocr_line' id='line_1_61' title="bbox 2190 200 3084 264; baseline -0.006 -1"><span class='ocrx_word' id='word_1_466' title='bbox 2190 207 2494 264; x_wconf 55' lang='lat' dir='ltr'>tRCHIEP.</span> <span class='ocrx_word' id='word_1_467' title='bbox 2533 200 3084 263; x_wconf 77' lang='lat' dir='ltr'>CONSTANTINOP.</span> 
     </span>
    </p>
   </div>
   <div class='ocr_carea' id='block_1_62' title="bbox 3635 203 3748 260">
    <p class='ocr_par' dir='ltr' id='par_1_62' title="bbox 3635 203 3748 260">
     <span class='ocr_line' id='line_1_62' title="bbox 3635 203 3748 260; baseline 0.018 -2"><span class='ocrx_word' id='word_1_468' title='bbox 3635 203 3748 260; x_wconf 70' lang='grc' dir='ltr'>ευ</span> 
     </span>
    </p>
   </div>
   <div class='ocr_carea' id='block_1_63' title="bbox 2180 315 3751 389">
    <p class='ocr_par' dir='ltr' id='par_1_63' title="bbox 2180 315 3751 389">
     <span class='ocr_line' id='line_1_63' title="bbox 2180 315 3751 389; baseline 0.002 -20"><span class='ocrx_word' id='word_1_469' title='bbox 2180 317 2274 369; x_wconf 77' lang='grc' dir='ltr'>καὶ</span> <span class='ocrx_word' id='word_1_470' title='bbox 2287 316 2512 381; x_wconf 81' lang='grc' dir='ltr'>εὐθύνας</span> <span class='ocrx_word' id='word_1_471' title='bbox 2535 317 2877 383; x_wconf 79' lang='grc' dir='ltr'>ἀπαιτοῦσιν,</span> <span class='ocrx_word' id='word_1_472' title='bbox 2905 316 3100 386; x_wconf 74' lang='grc' dir='ltr'>ἄνδρας</span> <span class='ocrx_word' id='word_1_473' title='bbox 3119 315 3213 370; x_wconf 71' lang='grc' dir='ltr'>καὶ</span> <span class='ocrx_word' id='word_1_474' title='bbox 3237 317 3501 383; x_wconf 77' lang='grc' dir='ltr'>γυναῖκας</span> <span class='ocrx_word' id='word_1_475' title='bbox 3527 315 3751 389; x_wconf 79' lang='grc' dir='ltr'>ῐχοντας</span> 
     </span>
    </p>
   </div>
   <div class='ocr_carea' id='block_1_64' title="bbox 2179 406 3752 480">
    <p class='ocr_par' dir='ltr' id='par_1_64' title="bbox 2179 406 3752 480">
     <span class='ocr_line' id='line_1_64' title="bbox 2179 406 3752 480; baseline 0.004 -22"><span class='ocrx_word' id='word_1_476' title='bbox 2179 407 2275 458; x_wconf 74' lang='grc' dir='ltr'>καὶ</span> <span class='ocrx_word' id='word_1_477' title='bbox 2309 406 2655 477; x_wconf 89' lang='grc' dir='ltr'>θεραπαινίσι</span> <span class='ocrx_word' id='word_1_478' title='bbox 2676 407 3172 480; x_wconf 84' lang='grc' dir='ltr'>προφθειρομένους</span> <span class='ocrx_word' id='word_1_479' title='bbox 3191 406 3293 461; x_wconf 84' lang='grc' dir='ltr'>οὐκ</span> <span class='ocrx_word' id='word_1_480' title='bbox 3313 406 3633 463; x_wconf 83' lang='grc' dir='ltr'>ἀπαιτοῦσιν</span> <span class='ocrx_word' id='word_1_481' title='bbox 3661 411 3752 465; x_wconf 82' lang='grc' dir='ltr'>εὐ-</span> 
     </span>
    </p>
   </div>
   <div class='ocr_carea' id='block_1_65' title="bbox 2182 494 3751 570">
    <p class='ocr_par' dir='ltr' id='par_1_65' title="bbox 2182 494 3751 570">
     <span class='ocr_line' id='line_1_65' title="bbox 2182 494 3751 570; baseline 0.003 -22"><span class='ocrx_word' id='word_1_482' title='bbox 2182 494 2364 559; x_wconf 87' lang='grc' dir='ltr'>θύνας·</span> <span class='ocrx_word' id='word_1_483' title='bbox 2397 498 2510 551; x_wconf 82' lang='grc' dir='ltr'>ἀλλ’</span> <span class='ocrx_word' id='word_1_484' title='bbox 2537 498 2648 568; x_wconf 85' lang='grc' dir='ltr'>ἐγώ</span> <span class='ocrx_word' id='word_1_485' title='bbox 2673 517 2754 553; x_wconf 92' lang='grc' dir='ltr'>σοι</span> <span class='ocrx_word' id='word_1_486' title='bbox 2783 499 2874 553; x_wconf 66' lang='grc' dir='ltr'>τὸν</span> <span class='ocrx_word' id='word_1_487' title='bbox 2902 499 2996 552; x_wconf 87' lang='grc' dir='ltr'>τοῦ</span> <span class='ocrx_word' id='word_1_488' title='bbox 3017 497 3152 552; x_wconf 89' lang='grc' dir='ltr'>Θεοῦ</span> <span class='ocrx_word' id='word_1_489' title='bbox 3165 496 3333 568; x_wconf 86' lang='grc' dir='ltr'>νόμον</span> <span class='ocrx_word' id='word_1_490' title='bbox 3344 497 3751 570; x_wconf 77' lang='grc' dir='ltr'>ἀναγνώσομαι,</span> 
     </span>
    </p>
   </div>
   <div class='ocr_carea' id='block_1_66' title="bbox 2180 588 3754 662">
    <p class='ocr_par' dir='ltr' id='par_1_66' title="bbox 2180 588 3754 662">
     <span class='ocr_line' id='line_1_66' title="bbox 2180 588 3754 662; baseline 0.003 -22"><span class='ocrx_word' id='word_1_491' title='bbox 2180 588 2380 658; x_wconf 88' lang='grc' dir='ltr'>ὁμοίως</span> <span class='ocrx_word' id='word_1_492' title='bbox 2417 590 2512 643; x_wconf 70' lang='grc' dir='ltr'>καί⁵</span> <span class='ocrx_word' id='word_1_493' title='bbox 2563 590 2656 644; x_wconf 75' lang='grc' dir='ltr'>ἐπὶ</span> <span class='ocrx_word' id='word_1_494' title='bbox 2704 591 2803 662; x_wconf 83' lang='grc' dir='ltr'>τῆς</span> <span class='ocrx_word' id='word_1_495' title='bbox 2857 590 3112 658; x_wconf 77' lang='grc' dir='ltr'>γυναικὸς</span> <span class='ocrx_word' id='word_1_496' title='bbox 3161 590 3255 643; x_wconf 72' lang='grc' dir='ltr'>καὶ</span> <span class='ocrx_word' id='word_1_497' title='bbox 3289 590 3380 643; x_wconf 73' lang='grc' dir='ltr'>ἐπὶ</span> <span class='ocrx_word' id='word_1_498' title='bbox 3432 590 3525 644; x_wconf 90' lang='grc' dir='ltr'>τοῦ</span> <span class='ocrx_word' id='word_1_499' title='bbox 3561 591 3754 662; x_wconf 78' lang='grc' dir='ltr'>ἀνδρὸς</span> 
     </span>
    </p>
   </div>
   <div class='ocr_carea' id='block_1_67' title="bbox 2181 677 3750 753">
    <p class='ocr_par' dir='ltr' id='par_1_67' title="bbox 2181 677 3750 753">
     <span class='ocr_line' id='line_1_67' title="bbox 2181 677 3750 753; baseline 0.003 -21"><span class='ocrx_word' id='word_1_500' title='bbox 2181 678 2611 746; x_wconf 81' lang='grc' dir='ltr'>ἀγανακτοῦντα,</span> <span class='ocrx_word' id='word_1_501' title='bbox 2629 682 2722 735; x_wconf 74' lang='grc' dir='ltr'>καί</span> <span class='ocrx_word' id='word_1_502' title='bbox 2748 681 2988 753; x_wconf 89' lang='grc' dir='ltr'>μοιχείαν</span> <span class='ocrx_word' id='word_1_503' title='bbox 3014 677 3146 734; x_wconf 76' lang='grc' dir='ltr'>εἶναι</span> <span class='ocrx_word' id='word_1_504' title='bbox 3169 681 3230 735; x_wconf 82' lang='grc' dir='ltr'>τὸ</span> <span class='ocrx_word' id='word_1_505' title='bbox 3254 682 3486 753; x_wconf 79' lang='grc' dir='ltr'>πρᾶγμα</span> <span class='ocrx_word' id='word_1_506' title='bbox 3503 680 3750 749; x_wconf 87' lang='grc' dir='ltr'>λέγοντα.</span> 
     </span>
    </p>
   </div>
   <div class='ocr_carea' id='block_1_68' title="bbox 2182 769 3750 843">
    <p class='ocr_par' dir='ltr' id='par_1_68' title="bbox 2182 769 3750 843">
     <span class='ocr_line' id='line_1_68' title="bbox 2182 769 3750 843; baseline 0.002 -21"><span class='ocrx_word' id='word_1_507' title='bbox 2182 769 2366 824; x_wconf 85' lang='grc' dir='ltr'>Εἰπὼν</span> <span class='ocrx_word' id='word_1_508' title='bbox 2398 772 2526 843; x_wconf 85' lang='grc' dir='ltr'>γὰρ,</span> <span class='ocrx_word' id='word_1_509' title='bbox 2559 773 2667 827; x_wconf 80' lang='grc' dir='ltr'>Καὶ</span> <span class='ocrx_word' id='word_1_510' title='bbox 2703 773 2930 839; x_wconf 76' lang='grc' dir='ltr'>ἑκάστη</span> <span class='ocrx_word' id='word_1_511' title='bbox 2990 771 3096 825; x_wconf 77' lang='grc' dir='ltr'>τὸν</span> <span class='ocrx_word' id='word_1_512' title='bbox 3139 770 3293 824; x_wconf 80' lang='grc' dir='ltr'>ἴδιον</span> <span class='ocrx_word' id='word_1_513' title='bbox 3323 770 3514 839; x_wconf 82' lang='grc' dir='ltr'>ἄνδρα</span> <span class='ocrx_word' id='word_1_514' title='bbox 3547 771 3750 840; x_wconf 83' lang='grc' dir='ltr'>ἐχέτω,</span> 
     </span>
    </p>
   </div>
   <div class='ocr_carea' id='block_1_69' title="bbox 2182 859 3757 933">
    <p class='ocr_par' dir='ltr' id='par_1_69' title="bbox 2182 859 3757 933">
     <span class='ocr_line' id='line_1_69' title="bbox 2182 859 3757 933; baseline 0.002 -20"><span class='ocrx_word' id='word_1_515' title='bbox 2182 861 2449 933; x_wconf 84' lang='grc' dir='ltr'>ἐπήγαγε·</span> <span class='ocrx_word' id='word_1_516' title='bbox 2480 862 2558 931; x_wconf 76' lang='grc' dir='ltr'><strong><em>Τῇ</em></strong></span> <span class='ocrx_word' id='word_1_517' title='bbox 2584 863 2818 932; x_wconf 80' lang='grc' dir='ltr'>γυναικί</span> <span class='ocrx_word' id='word_1_518' title='bbox 2853 862 3054 930; x_wconf 74' lang='grc' dir='ltr'>όάνήρ</span> <span class='ocrx_word' id='word_1_519' title='bbox 3088 861 3201 930; x_wconf 83' lang='grc' dir='ltr'>τὴν</span> <span class='ocrx_word' id='word_1_520' title='bbox 3228 859 3626 932; x_wconf 70' lang='grc' dir='ltr'>ὀφειλομένην</span> <span class='ocrx_word' id='word_1_521' title='bbox 3657 862 3757 916; x_wconf 61' lang='grc' dir='ltr'>εὔε-</span> 
     </span>
    </p>
   </div>
   <div class='ocr_carea' id='block_1_70' title="bbox 2182 951 3758 1024">
    <p class='ocr_par' dir='ltr' id='par_1_70' title="bbox 2182 951 3758 1024">
     <span class='ocr_line' id='line_1_70' title="bbox 2182 951 3758 1024; baseline 0.001 -19"><span class='ocrx_word' id='word_1_522' title='bbox 2182 967 2355 1005; x_wconf 86' lang='grc' dir='ltr'>νοιαν</span> <span class='ocrx_word' id='word_1_523' title='bbox 2374 953 2719 1008; x_wconf 80' lang='grc' dir='ltr'>ἀποδιδότω.</span> <span class='ocrx_word' id='word_1_524' title='bbox 2755 953 2820 1005; x_wconf 87' lang='grc' dir='ltr'>Τί</span> <span class='ocrx_word' id='word_1_525' title='bbox 2861 970 2990 1006; x_wconf 86' lang='grc' dir='ltr'>ποτε</span> <span class='ocrx_word' id='word_1_526' title='bbox 3029 952 3222 1024; x_wconf 83' lang='grc' dir='ltr'>δηλοῦν</span> <span class='ocrx_word' id='word_1_527' title='bbox 3248 953 3568 1024; x_wconf 83' lang='grc' dir='ltr'>βουλόμενος</span> <span class='ocrx_word' id='word_1_528' title='bbox 3596 951 3758 1007; x_wconf 86' lang='grc' dir='ltr'>τοῦτο</span> 
     </span>
    </p>
   </div>
   <div class='ocr_carea' id='block_1_71' title="bbox 2183 1037 3760 1116">
    <p class='ocr_par' dir='ltr' id='par_1_71' title="bbox 2183 1037 3760 1116">
     <span class='ocr_line' id='line_1_71' title="bbox 2183 1037 3760 1116; baseline 0.006 -22"><span class='ocrx_word' id='word_1_529' title='bbox 2183 1037 2368 1109; x_wconf 76' lang='grc' dir='ltr'>εἰπενς</span> <span class='ocrx_word' id='word_1_530' title='bbox 2406 1041 2552 1116; x_wconf 79' lang='grc'>[199]</span> <span class='ocrx_word' id='word_1_531' title='bbox 2587 1040 2696 1114; x_wconf 77' lang='grc' dir='ltr'>ἆρα</span> <span class='ocrx_word' id='word_1_532' title='bbox 2725 1044 2813 1098; x_wconf 76' lang='grc' dir='ltr'>ἵνα</span> <span class='ocrx_word' id='word_1_533' title='bbox 2833 1043 2930 1107; x_wconf 83' lang='grc' dir='ltr'>τὰς</span> <span class='ocrx_word' id='word_1_534' title='bbox 2967 1045 3261 1116; x_wconf 88' lang='grc' dir='ltr'>προσόδους</span> <span class='ocrx_word' id='word_1_535' title='bbox 3293 1045 3430 1115; x_wconf 79' lang='grc' dir='ltr'>αὐτῇ</span> <span class='ocrx_word' id='word_1_536' title='bbox 3466 1044 3573 1098; x_wconf 76' lang='grc' dir='ltr'>τῶν</span> <span class='ocrx_word' id='word_1_537' title='bbox 3619 1060 3760 1115; x_wconf 57' lang='grc' dir='ltr'>χρη-</span> 
     </span>
    </p>
   </div>
   <div class='ocr_carea' id='block_1_72' title="bbox 2187 1128 3758 1205">
    <p class='ocr_par' dir='ltr' id='par_1_72' title="bbox 2187 1128 3758 1205">
     <span class='ocr_line' id='line_1_72' title="bbox 2187 1128 3758 1205; baseline 0.003 -23"><span class='ocrx_word' id='word_1_538' title='bbox 2187 1128 2372 1199; x_wconf 85' lang='grc' dir='ltr'>μάτων</span> <span class='ocrx_word' id='word_1_539' title='bbox 2407 1130 2740 1205; x_wconf 84' lang='grc' dir='ltr'>διατηρήσῃ;</span> <span class='ocrx_word' id='word_1_540' title='bbox 2767 1133 2853 1186; x_wconf 88' lang='grc' dir='ltr'>ἴνα</span> <span class='ocrx_word' id='word_1_541' title='bbox 2895 1133 2992 1204; x_wconf 83' lang='grc' dir='ltr'>τὴν</span> <span class='ocrx_word' id='word_1_542' title='bbox 3022 1137 3220 1204; x_wconf 84' lang='grc' dir='ltr'>προῖκα</span> <span class='ocrx_word' id='word_1_543' title='bbox 3246 1133 3417 1199; x_wconf 90' lang='grc' dir='ltr'>σώαν;</span> <span class='ocrx_word' id='word_1_544' title='bbox 3447 1135 3533 1188; x_wconf 79' lang='grc' dir='ltr'>ἵνα</span> <span class='ocrx_word' id='word_1_545' title='bbox 3565 1132 3758 1203; x_wconf 74' lang='grc' dir='ltr'>ἱμάτια</span> 
     </span>
    </p>
   </div>
   <div class='ocr_carea' id='block_1_73' title="bbox 2185 1222 3757 1298">
    <p class='ocr_par' dir='ltr' id='par_1_73' title="bbox 2185 1222 3757 1298">
     <span class='ocr_line' id='line_1_73' title="bbox 2185 1222 3757 1298; baseline 0.003 -24"><span class='ocrx_word' id='word_1_546' title='bbox 2185 1222 2443 1296; x_wconf 84' lang='grc' dir='ltr'>παράσχῃ</span> <span class='ocrx_word' id='word_1_547' title='bbox 2475 1224 2770 1296; x_wconf 84' lang='grc' dir='ltr'>πολυτελῆ;</span> <span class='ocrx_word' id='word_1_548' title='bbox 2801 1225 2888 1278; x_wconf 82' lang='grc' dir='ltr'>ἴνα</span> <span class='ocrx_word' id='word_1_549' title='bbox 2921 1225 3200 1298; x_wconf 88' lang='grc' dir='ltr'>τράπεζαν</span> <span class='ocrx_word' id='word_1_550' title='bbox 3225 1225 3634 1296; x_wconf 74' lang='grc' dir='ltr'>δαψιλεστέραν,</span> <span class='ocrx_word' id='word_1_551' title='bbox 3665 1225 3757 1279; x_wconf 78' lang='grc' dir='ltr'>ἵνα</span> 
     </span>
    </p>
   </div>
   <div class='ocr_carea' id='block_1_74' title="bbox 2185 1313 3756 1388">
    <p class='ocr_par' dir='ltr' id='par_1_74' title="bbox 2185 1313 3756 1388">
     <span class='ocr_line' id='line_1_74' title="bbox 2185 1313 3756 1388; baseline 0.004 -22"><span class='ocrx_word' id='word_1_552' title='bbox 2185 1313 2398 1380; x_wconf 77' lang='grc' dir='ltr'>ἐξόδους</span> <span class='ocrx_word' id='word_1_553' title='bbox 2423 1315 2710 1388; x_wconf 86' lang='grc' dir='ltr'>λαμπράς;</span> <span class='ocrx_word' id='word_1_554' title='bbox 2741 1318 2827 1370; x_wconf 81' lang='grc' dir='ltr'>ἵνα</span> <span class='ocrx_word' id='word_1_555' title='bbox 2857 1319 3083 1371; x_wconf 77' lang='grc' dir='ltr'>οἰκετῶν</span> <span class='ocrx_word' id='word_1_556' title='bbox 3099 1317 3393 1388; x_wconf 86' lang='grc' dir='ltr'>θεραπείαν</span> <span class='ocrx_word' id='word_1_557' title='bbox 3421 1317 3656 1388; x_wconf 77' lang='grc' dir='ltr'>πολλήνς</span> <span class='ocrx_word' id='word_1_558' title='bbox 3691 1317 3756 1374; x_wconf 82' lang='grc' dir='ltr'>Τί</span> 
     </span>
    </p>
   </div>
   <div class='ocr_carea' id='block_1_75' title="bbox 2184 1403 3759 1479">
    <p class='ocr_par' dir='ltr' id='par_1_75' title="bbox 2184 1403 3759 1479">
     <span class='ocr_line' id='line_1_75' title="bbox 2184 1403 3759 1479; baseline 0.004 -23"><span class='ocrx_word' id='word_1_559' title='bbox 2184 1403 2400 1472; x_wconf 87' lang='grc' dir='ltr'>λέγεις;</span> <span class='ocrx_word' id='word_1_560' title='bbox 2434 1407 2583 1460; x_wconf 87' lang='grc' dir='ltr'>ποῖον</span> <span class='ocrx_word' id='word_1_561' title='bbox 2623 1407 2834 1471; x_wconf 89' lang='grc' dir='ltr'>εὐνοίας</span> <span class='ocrx_word' id='word_1_562' title='bbox 2875 1403 3013 1470; x_wconf 82' lang='grc' dir='ltr'>εἶδος</span> <span class='ocrx_word' id='word_1_563' title='bbox 3043 1407 3256 1477; x_wconf 85' lang='grc' dir='ltr'>ζητείς;</span> <span class='ocrx_word' id='word_1_564' title='bbox 3300 1406 3394 1461; x_wconf 77' lang='grc' dir='ltr'>καὶ</span> <span class='ocrx_word' id='word_1_565' title='bbox 3433 1407 3543 1479; x_wconf 83' lang='grc' dir='ltr'>γὰρ</span> <span class='ocrx_word' id='word_1_566' title='bbox 3586 1407 3759 1462; x_wconf 86' lang='grc' dir='ltr'>ταῦτα</span> 
     </span>
    </p>
   </div>
   <div class='ocr_carea' id='block_1_76' title="bbox 2185 1495 3755 1568">
    <p class='ocr_par' dir='ltr' id='par_1_76' title="bbox 2185 1495 3755 1568">
     <span class='ocr_line' id='line_1_76' title="bbox 2185 1495 3755 1568; baseline 0.004 -22"><span class='ocrx_word' id='word_1_567' title='bbox 2185 1495 2363 1548; x_wconf 87' lang='grc' dir='ltr'>πάντα</span> <span class='ocrx_word' id='word_1_568' title='bbox 2398 1497 2608 1560; x_wconf 86' lang='grc' dir='ltr'>εὐνοίας</span> <span class='ocrx_word' id='word_1_569' title='bbox 2641 1498 2808 1551; x_wconf 85' lang='grc' dir='ltr'>ἐστίν.</span> <span class='ocrx_word' id='word_1_570' title='bbox 2857 1498 3024 1552; x_wconf 75' lang='grc' dir='ltr'>Οὐδέν</span> <span class='ocrx_word' id='word_1_571' title='bbox 3053 1515 3105 1551; x_wconf 93' lang='grc' dir='ltr'>τι</span> <span class='ocrx_word' id='word_1_572' title='bbox 3138 1497 3346 1551; x_wconf 87' lang='grc' dir='ltr'>τοιοῦτο</span> <span class='ocrx_word' id='word_1_573' title='bbox 3370 1497 3533 1566; x_wconf 88' lang='grc' dir='ltr'>λέγω,</span> <span class='ocrx_word' id='word_1_574' title='bbox 3567 1499 3755 1568; x_wconf 69' lang='grc' dir='ltr'>φησὶν,</span> 
     </span>
    </p>
   </div>
   <div class='ocr_carea' id='block_1_77' title="bbox 2184 1585 3759 1662">
    <p class='ocr_par' dir='ltr' id='par_1_77' title="bbox 2184 1585 3759 1662">
     <span class='ocr_line' id='line_1_77' title="bbox 2184 1585 3759 1662; baseline 0.004 -24"><span class='ocrx_word' id='word_1_575' title='bbox 2184 1585 2323 1639; x_wconf 85' lang='grc' dir='ltr'>ἀλλὰ</span> <span class='ocrx_word' id='word_1_576' title='bbox 2353 1585 2450 1657; x_wconf 80' lang='grc' dir='ltr'>τὴν</span> <span class='ocrx_word' id='word_1_577' title='bbox 2473 1589 2823 1661; x_wconf 65' lang='grc' dir='ltr'>σωῳροσύνην</span> <span class='ocrx_word' id='word_1_578' title='bbox 2855 1589 2946 1643; x_wconf 76' lang='grc' dir='ltr'>καὶ</span> <span class='ocrx_word' id='word_1_579' title='bbox 2992 1589 3089 1660; x_wconf 79' lang='grc' dir='ltr'>τὴν</span> <span class='ocrx_word' id='word_1_580' title='bbox 3121 1589 3442 1661; x_wconf 89' lang='grc' dir='ltr'>σεμνότητα.</span> <span class='ocrx_word' id='word_1_581' title='bbox 3469 1591 3542 1643; x_wconf 85' lang='grc' dir='ltr'>Τὸ</span> <span class='ocrx_word' id='word_1_582' title='bbox 3598 1591 3759 1662; x_wconf 85' lang='grc' dir='ltr'>σῶμα</span> 
     </span>
    </p>
   </div>
   <div class='ocr_carea' id='block_1_78' title="bbox 2185 1676 3755 1751">
    <p class='ocr_par' dir='ltr' id='par_1_78' title="bbox 2185 1676 3755 1751">
     <span class='ocr_line' id='line_1_78' title="bbox 2185 1676 3755 1751; baseline 0.005 -23"><span class='ocrx_word' id='word_1_583' title='bbox 2185 1676 2279 1728; x_wconf 89' lang='grc' dir='ltr'>τοῦ</span> <span class='ocrx_word' id='word_1_584' title='bbox 2329 1677 2520 1750; x_wconf 82' lang='grc' dir='ltr'>ἀνδρὸς</span> <span class='ocrx_word' id='word_1_585' title='bbox 2547 1679 2728 1732; x_wconf 86' lang='grc' dir='ltr'>οὐκέτι</span> <span class='ocrx_word' id='word_1_586' title='bbox 2774 1679 2868 1733; x_wconf 83' lang='grc' dir='ltr'>τοῦ</span> <span class='ocrx_word' id='word_1_587' title='bbox 2902 1679 3112 1751; x_wconf 81' lang='grc' dir='ltr'>ἀνδρὸς,</span> <span class='ocrx_word' id='word_1_588' title='bbox 3167 1679 3304 1733; x_wconf 82' lang='grc' dir='ltr'>ἀλλὰ</span> <span class='ocrx_word' id='word_1_589' title='bbox 3344 1680 3444 1751; x_wconf 81' lang='grc' dir='ltr'>τῆς</span> <span class='ocrx_word' id='word_1_590' title='bbox 3475 1682 3755 1750; x_wconf 86' lang='grc' dir='ltr'>γυναικός.</span> 
     </span>
    </p>
   </div>
   <div class='ocr_carea' id='block_1_79' title="bbox 2187 1766 3762 1844">
    <p class='ocr_par' dir='ltr' id='par_1_79' title="bbox 2187 1766 3762 1844">
     <span class='ocr_line' id='line_1_79' title="bbox 2187 1766 3762 1844; baseline 0.006 -26"><span class='ocrx_word' id='word_1_591' title='bbox 2187 1766 2435 1838; x_wconf 90' lang='grc' dir='ltr'>Τηρείτω</span> <span class='ocrx_word' id='word_1_592' title='bbox 2471 1768 2646 1826; x_wconf 88' lang='grc' dir='ltr'>τοίνυν</span> <span class='ocrx_word' id='word_1_593' title='bbox 2674 1771 2810 1842; x_wconf 76' lang='grc' dir='ltr'>αὐτῇ</span> <span class='ocrx_word' id='word_1_594' title='bbox 2839 1770 2900 1824; x_wconf 81' lang='grc' dir='ltr'>τὸ</span> <span class='ocrx_word' id='word_1_595' title='bbox 2928 1771 3111 1842; x_wconf 83' lang='grc' dir='ltr'>κτῆμα</span> <span class='ocrx_word' id='word_1_596' title='bbox 3143 1771 3303 1834; x_wconf 81' lang='grc' dir='ltr'>σῶον,</span> <span class='ocrx_word' id='word_1_597' title='bbox 3341 1771 3436 1825; x_wconf 71' lang='grc' dir='ltr'>καὶ</span> <span class='ocrx_word' id='word_1_598' title='bbox 3473 1772 3547 1844; x_wconf 80' lang='grc' dir='ltr'>μὴ</span> <span class='ocrx_word' id='word_1_599' title='bbox 3577 1772 3762 1842; x_wconf 82' lang='grc' dir='ltr'>μειού-</span> 
     </span>
    </p>
   </div>
   <div class='ocr_carea' id='block_1_80' title="bbox 2185 1858 3763 1933">
    <p class='ocr_par' dir='ltr' id='par_1_80' title="bbox 2185 1858 3763 1933">
     <span class='ocr_line' id='line_1_80' title="bbox 2185 1858 3763 1933; baseline 0.007 -24"><span class='ocrx_word' id='word_1_600' title='bbox 2185 1873 2285 1920; x_wconf 88' lang='grc' dir='ltr'>τω,</span> <span class='ocrx_word' id='word_1_601' title='bbox 2318 1858 2451 1928; x_wconf 87' lang='grc' dir='ltr'>μηδέ</span> <span class='ocrx_word' id='word_1_602' title='bbox 2487 1862 2926 1932; x_wconf 82' lang='grc' dir='ltr'>παραφθειρέτω·</span> <span class='ocrx_word' id='word_1_603' title='bbox 2953 1864 3045 1917; x_wconf 72' lang='grc' dir='ltr'>καὶ</span> <span class='ocrx_word' id='word_1_604' title='bbox 3085 1862 3193 1933; x_wconf 79' lang='grc' dir='ltr'>γάρ</span> <span class='ocrx_word' id='word_1_605' title='bbox 3230 1862 3336 1916; x_wconf 86' lang='grc' dir='ltr'>τών</span> <span class='ocrx_word' id='word_1_606' title='bbox 3360 1863 3584 1916; x_wconf 84' lang='grc' dir='ltr'>οἰκετῶν</span> <span class='ocrx_word' id='word_1_607' title='bbox 3617 1865 3763 1920; x_wconf 65' lang='grc' dir='ltr'>ἔχει·</span> 
     </span>
    </p>
   </div>
   <div class='ocr_carea' id='block_1_81' title="bbox 2187 1948 3761 2026">
    <p class='ocr_par' dir='ltr' id='par_1_81' title="bbox 2187 1948 3761 2026">
     <span class='ocr_line' id='line_1_81' title="bbox 2187 1948 3761 2026; baseline 0.005 -26"><span class='ocrx_word' id='word_1_608' title='bbox 2187 1965 2275 2011; x_wconf 87' lang='grc' dir='ltr'>νος</span> <span class='ocrx_word' id='word_1_609' title='bbox 2309 1948 2502 2014; x_wconf 81' lang='grc' dir='ltr'>εῦνους</span> <span class='ocrx_word' id='word_1_610' title='bbox 2534 1951 2770 2020; x_wconf 83' lang='grc' dir='ltr'>λέγεται,</span> <span class='ocrx_word' id='word_1_611' title='bbox 2820 1953 2878 2017; x_wconf 83' lang='grc' dir='ltr'>ὃς</span> <span class='ocrx_word' id='word_1_612' title='bbox 2925 1954 2991 2008; x_wconf 83' lang='grc' dir='ltr'>ἂν</span> <span class='ocrx_word' id='word_1_613' title='bbox 3043 1953 3110 2008; x_wconf 83' lang='grc' dir='ltr'>τά</span> <span class='ocrx_word' id='word_1_614' title='bbox 3142 1953 3435 2008; x_wconf 70' lang='grc' dir='ltr'>δεσποτικὰ</span> <span class='ocrx_word' id='word_1_615' title='bbox 3467 1954 3761 2026; x_wconf 82' lang='grc' dir='ltr'>δεξάμενος</span> 
     </span>
    </p>
   </div>
   <div class='ocr_carea' id='block_1_82' title="bbox 2188 2040 3762 2117">
    <p class='ocr_par' dir='ltr' id='par_1_82' title="bbox 2188 2040 3762 2117">
     <span class='ocr_line' id='line_1_82' title="bbox 2188 2040 3762 2117; baseline 0.003 -22"><span class='ocrx_word' id='word_1_616' title='bbox 2188 2040 2465 2109; x_wconf 79' lang='grc' dir='ltr'>χρήματα,</span> <span class='ocrx_word' id='word_1_617' title='bbox 2504 2042 2669 2110; x_wconf 77' lang='grc' dir='ltr'>μηδὲν</span> <span class='ocrx_word' id='word_1_618' title='bbox 2686 2043 2745 2107; x_wconf 81' lang='grc' dir='ltr'>ἐξ</span> <span class='ocrx_word' id='word_1_619' title='bbox 2773 2043 2952 2098; x_wconf 81' lang='grc' dir='ltr'>αὐτῶν</span> <span class='ocrx_word' id='word_1_620' title='bbox 2976 2044 3286 2116; x_wconf 80' lang='grc' dir='ltr'>διαφθείρῃ.</span> <span class='ocrx_word' id='word_1_621' title='bbox 3333 2045 3551 2117; x_wconf 85' lang='grc' dir='ltr'>Ἐπειδὴ</span> <span class='ocrx_word' id='word_1_622' title='bbox 3579 2047 3762 2103; x_wconf 82' lang='grc' dir='ltr'>τοίνυν</span> 
     </span>
    </p>
   </div>
   <div class='ocr_carea' id='block_1_83' title="bbox 2186 2129 3762 2207">
    <p class='ocr_par' dir='ltr' id='par_1_83' title="bbox 2186 2129 3762 2207">
     <span class='ocr_line' id='line_1_83' title="bbox 2186 2129 3762 2207; baseline 0.006 -26"><span class='ocrx_word' id='word_1_623' title='bbox 2186 2129 2286 2197; x_wconf 72' lang='grc' dir='ltr'>τῆς</span> <span class='ocrx_word' id='word_1_624' title='bbox 2317 2133 2572 2197; x_wconf 90' lang='grc' dir='ltr'>γυναικός</span> <span class='ocrx_word' id='word_1_625' title='bbox 2593 2133 2710 2187; x_wconf 80' lang='grc' dir='ltr'>ἑστι</span> <span class='ocrx_word' id='word_1_626' title='bbox 2735 2134 2922 2206; x_wconf 79' lang='grc' dir='ltr'>κτῆμα</span> <span class='ocrx_word' id='word_1_627' title='bbox 2943 2135 3004 2188; x_wconf 85' lang='grc' dir='ltr'>τὸ</span> <span class='ocrx_word' id='word_1_628' title='bbox 3035 2135 3130 2188; x_wconf 91' lang='grc' dir='ltr'>τοῦ</span> <span class='ocrx_word' id='word_1_629' title='bbox 3157 2135 3346 2206; x_wconf 80' lang='grc' dir='ltr'>ἀνδρὸς</span> <span class='ocrx_word' id='word_1_630' title='bbox 3365 2135 3542 2207; x_wconf 81' lang='grc' dir='ltr'>σῶμα,</span> <span class='ocrx_word' id='word_1_631' title='bbox 3570 2135 3762 2204; x_wconf 78' lang='grc' dir='ltr'>εὔνους</span> 
     </span>
    </p>
   </div>
   <div class='ocr_carea' id='block_1_84' title="bbox 2187 2217 3760 2301">
    <p class='ocr_par' dir='ltr' id='par_1_84' title="bbox 2187 2217 3760 2301">
     <span class='ocr_line' id='line_1_84' title="bbox 2187 2217 3760 2301; baseline 0.006 -30"><span class='ocrx_word' id='word_1_632' title='bbox 2187 2217 2328 2272; x_wconf 79' lang='grc' dir='ltr'>Ξστω</span> <span class='ocrx_word' id='word_1_633' title='bbox 2359 2221 2489 2294; x_wconf 78' lang='grc' dir='ltr'>περὶ</span> <span class='ocrx_word' id='word_1_634' title='bbox 2519 2222 2619 2294; x_wconf 74' lang='grc' dir='ltr'>τήν</span> <span class='ocrx_word' id='word_1_635' title='bbox 2671 2224 3144 2297; x_wconf 77' lang='grc' dir='ltr'>παρακαταθήκην</span> <span class='ocrx_word' id='word_1_636' title='bbox 3191 2227 3220 2279; x_wconf 87' lang='grc' dir='ltr'>ό</span> <span class='ocrx_word' id='word_1_637' title='bbox 3264 2226 3423 2298; x_wconf 85' lang='grc' dir='ltr'>ἀνήρ.</span> <span class='ocrx_word' id='word_1_638' title='bbox 3480 2227 3600 2280; x_wconf 79' lang='grc' dir='ltr'>ὀτι</span> <span class='ocrx_word' id='word_1_639' title='bbox 3650 2227 3760 2301; x_wconf 82' lang='grc' dir='ltr'>γὰρ</span> 
     </span>
    </p>
   </div>
   <div class='ocr_carea' id='block_1_85' title="bbox 2186 2309 3763 2384">
    <p class='ocr_par' dir='ltr' id='par_1_85' title="bbox 2186 2309 3763 2384">
     <span class='ocr_line' id='line_1_85' title="bbox 2186 2309 3763 2384; baseline 0.007 -22"><span class='ocrx_word' id='word_1_640' title='bbox 2186 2309 2345 2364; x_wconf 78' lang='grc' dir='ltr'>τοῦτό</span> <span class='ocrx_word' id='word_1_641' title='bbox 2386 2329 2570 2383; x_wconf 82' lang='grc' dir='ltr'>φησιν,</span> <span class='ocrx_word' id='word_1_642' title='bbox 2618 2314 2807 2378; x_wconf 84' lang='grc' dir='ltr'>εἰπὼν,</span> <span class='ocrx_word' id='word_1_643' title='bbox 2843 2316 2962 2383; x_wconf 78' lang='grc' dir='ltr'>Τὴν</span> <span class='ocrx_word' id='word_1_644' title='bbox 2995 2317 3238 2371; x_wconf 78' lang='grc' dir='ltr'>εὔνοιαν</span> <span class='ocrx_word' id='word_1_645' title='bbox 3284 2316 3631 2384; x_wconf 80' lang='grc' dir='ltr'>ἀποδιδότω,</span> <span class='ocrx_word' id='word_1_646' title='bbox 3662 2319 3763 2373; x_wconf 70' lang='lat' dir='ltr'>E1:-</span> 
     </span>
    </p>
   </div>
   <div class='ocr_carea' id='block_1_86' title="bbox 2189 2401 3756 2478">
    <p class='ocr_par' dir='ltr' id='par_1_86' title="bbox 2189 2401 3756 2478">
     <span class='ocr_line' id='line_1_86' title="bbox 2189 2401 3756 2478; baseline 0.008 -25"><span class='ocrx_word' id='word_1_647' title='bbox 2189 2401 2414 2470; x_wconf 65' lang='grc' dir='ltr'>ήγαγεν·</span> <span class='ocrx_word' id='word_1_648' title='bbox 2437 2405 2507 2458; x_wconf 85' lang='grc' dir='ltr'><em>Ἠ</em></span> <span class='ocrx_word' id='word_1_649' title='bbox 2518 2405 2671 2474; x_wconf 73' lang='grc' dir='ltr'>γυνὴ</span> <span class='ocrx_word' id='word_1_650' title='bbox 2693 2407 2802 2462; x_wconf 78' lang='grc' dir='ltr'>τοῦ</span> <span class='ocrx_word' id='word_1_651' title='bbox 2821 2408 2974 2464; x_wconf 83' lang='grc' dir='ltr'>ἰδίου</span> <span class='ocrx_word' id='word_1_652' title='bbox 2987 2409 3258 2478; x_wconf 78' lang='grc' dir='ltr'>σώματος</span> <span class='ocrx_word' id='word_1_653' title='bbox 3272 2410 3382 2463; x_wconf 81' lang='grc' dir='ltr'>οὐκ</span> <span class='ocrx_word' id='word_1_654' title='bbox 3404 2407 3756 2476; x_wconf 63' lang='grc' dir='ltr'>ἐξουσιάζει,</span> 
     </span>
    </p>
   </div>
   <div class='ocr_carea' id='block_1_87' title="bbox 2188 2489 3761 2571">
    <p class='ocr_par' dir='ltr' id='par_1_87' title="bbox 2188 2489 3761 2571">
     <span class='ocr_line' id='line_1_87' title="bbox 2188 2489 3761 2571; baseline 0.008 -29"><span class='ocrx_word' id='word_1_655' title='bbox 2188 2489 2325 2543; x_wconf 69' lang='grc' dir='ltr'><em>ἀλλ’</em></span> <span class='ocrx_word' id='word_1_656' title='bbox 2359 2495 2393 2545; x_wconf 86' lang='grc' dir='ltr'><strong><em>ό</em></strong></span> <span class='ocrx_word' id='word_1_657' title='bbox 2417 2491 2591 2560; x_wconf 81' lang='grc' dir='ltr'>ἀνήρ·</span> <span class='ocrx_word' id='word_1_658' title='bbox 2619 2495 2833 2564; x_wconf 82' lang='grc' dir='ltr'>ὁμοίως</span> <span class='ocrx_word' id='word_1_659' title='bbox 2859 2497 2958 2550; x_wconf 80' lang='grc' dir='ltr'>καί</span> <span class='ocrx_word' id='word_1_660' title='bbox 2985 2501 3018 2552; x_wconf 84' lang='grc' dir='ltr'><em>ὁ</em></span> <span class='ocrx_word' id='word_1_661' title='bbox 3047 2497 3203 2568; x_wconf 82' lang='grc' dir='ltr'>ἀνὴρ</span> <span class='ocrx_word' id='word_1_662' title='bbox 3232 2498 3338 2553; x_wconf 84' lang='grc' dir='ltr'>τοῦ</span> <span class='ocrx_word' id='word_1_663' title='bbox 3365 2499 3518 2554; x_wconf 81' lang='grc' dir='ltr'>ἰδίου</span> <span class='ocrx_word' id='word_1_664' title='bbox 3559 2501 3761 2571; x_wconf 83' lang='grc' dir='ltr'>σώμα-</span> 
     </span>
    </p>
   </div>
   <div class='ocr_carea' id='block_1_88' title="bbox 2189 2583 3763 2660">
    <p class='ocr_par' dir='ltr' id='par_1_88' title="bbox 2189 2583 3763 2660">
     <span class='ocr_line' id='line_1_88' title="bbox 2189 2583 3763 2660; baseline 0.01 -28"><span class='ocrx_word' id='word_1_665' title='bbox 2189 2596 2291 2646; x_wconf 83' lang='grc' dir='ltr'>τος</span> <span class='ocrx_word' id='word_1_666' title='bbox 2341 2584 2451 2635; x_wconf 83' lang='grc' dir='ltr'>οὐκ</span> <span class='ocrx_word' id='word_1_667' title='bbox 2487 2583 2839 2650; x_wconf 67' lang='grc' dir='ltr'>ἐξουσιάζει,</span> <span class='ocrx_word' id='word_1_668' title='bbox 2897 2589 3037 2643; x_wconf 69' lang='grc' dir='ltr'>ἀλλ’</span> <span class='ocrx_word' id='word_1_669' title='bbox 3086 2589 3124 2656; x_wconf 79' lang='grc' dir='ltr'><em>ἠ</em></span> <span class='ocrx_word' id='word_1_670' title='bbox 3158 2590 3334 2660; x_wconf 78' lang='grc' dir='ltr'>γυνή.</span> <span class='ocrx_word' id='word_1_671' title='bbox 3380 2592 3548 2646; x_wconf 88' lang='grc' dir='ltr'>Ὅταν</span> <span class='ocrx_word' id='word_1_672' title='bbox 3583 2594 3763 2649; x_wconf 89' lang='grc' dir='ltr'>τοίνυν</span> 
     </span>
    </p>
   </div>
   <div class='ocr_carea' id='block_1_89' title="bbox 2194 2671 3762 2756">
    <p class='ocr_par' dir='ltr' id='par_1_89' title="bbox 2194 2671 3762 2756">
     <span class='ocr_line' id='line_1_89' title="bbox 2194 2671 3762 2756; baseline 0.01 -31"><span class='ocrx_word' id='word_1_673' title='bbox 2194 2671 2308 2744; x_wconf 75' lang='grc' dir='ltr'>ἴδῃς</span> <span class='ocrx_word' id='word_1_674' title='bbox 2320 2673 2524 2744; x_wconf 83' lang='grc' dir='ltr'>πόρνην</span> <span class='ocrx_word' id='word_1_675' title='bbox 2539 2675 2916 2743; x_wconf 84' lang='grc' dir='ltr'>δελεάζουσαν,</span> <span class='ocrx_word' id='word_1_676' title='bbox 2936 2681 3410 2747; x_wconf 82' lang='grc' dir='ltr'>ἐπιϐουλεύουσαν,</span> <span class='ocrx_word' id='word_1_677' title='bbox 3429 2684 3640 2756; x_wconf 73' lang='grc' dir='ltr'>ἐρῶσαν</span> <span class='ocrx_word' id='word_1_678' title='bbox 3663 2684 3762 2741; x_wconf 84' lang='grc' dir='ltr'>τοῦ</span> 
     </span>
    </p>
   </div>
   <div class='ocr_carea' id='block_1_90' title="bbox 2192 2761 3760 2845">
    <p class='ocr_par' dir='ltr' id='par_1_90' title="bbox 2192 2761 3760 2845">
     <span class='ocr_line' id='line_1_90' title="bbox 2192 2761 3760 2845; baseline 0.008 -31"><span class='ocrx_word' id='word_1_679' title='bbox 2192 2761 2464 2832; x_wconf 83' lang='grc' dir='ltr'>σώματος,</span> <span class='ocrx_word' id='word_1_680' title='bbox 2497 2766 2617 2819; x_wconf 77' lang='grc' dir='ltr'>εἰπὲ</span> <span class='ocrx_word' id='word_1_681' title='bbox 2636 2768 2770 2839; x_wconf 79' lang='grc' dir='ltr'>πρὸς</span> <span class='ocrx_word' id='word_1_682' title='bbox 2791 2769 2981 2841; x_wconf 77' lang='grc' dir='ltr'>αὐτήνο</span> <span class='ocrx_word' id='word_1_683' title='bbox 3007 2769 3120 2825; x_wconf 87' lang='grc' dir='ltr'>οὐκ</span> <span class='ocrx_word' id='word_1_684' title='bbox 3144 2769 3290 2825; x_wconf 72' lang='grc' dir='ltr'>ἔστιν</span> <span class='ocrx_word' id='word_1_685' title='bbox 3321 2771 3453 2842; x_wconf 81' lang='grc' dir='ltr'>ἐμόν</span> <span class='ocrx_word' id='word_1_686' title='bbox 3481 2773 3542 2826; x_wconf 83' lang='grc' dir='ltr'>τὸ</span> <span class='ocrx_word' id='word_1_687' title='bbox 3578 2773 3760 2845; x_wconf 83' lang='grc' dir='ltr'>σῶμα,</span> 
     </span>
    </p>
   </div>
   <div class='ocr_carea' id='block_1_91' title="bbox 2190 2854 3764 2938">
    <p class='ocr_par' dir='ltr' id='par_1_91' title="bbox 2190 2854 3764 2938">
     <span class='ocr_line' id='line_1_91' title="bbox 2190 2854 3764 2938; baseline 0.008 -31"><span class='ocrx_word' id='word_1_688' title='bbox 2190 2854 2286 2924; x_wconf 80' lang='grc' dir='ltr'>τῆς</span> <span class='ocrx_word' id='word_1_689' title='bbox 2307 2857 2564 2924; x_wconf 84' lang='grc' dir='ltr'>γυναικός</span> <span class='ocrx_word' id='word_1_690' title='bbox 2613 2859 2730 2911; x_wconf 82' lang='grc' dir='ltr'>ἐστι</span> <span class='ocrx_word' id='word_1_691' title='bbox 2762 2857 2864 2929; x_wconf 79' lang='grc' dir='ltr'>τῆς</span> <span class='ocrx_word' id='word_1_692' title='bbox 2910 2861 3068 2932; x_wconf 78' lang='grc' dir='ltr'>ἐμῆς·</span> <span class='ocrx_word' id='word_1_693' title='bbox 3119 2861 3179 2914; x_wconf 88' lang='grc' dir='ltr'>οὐ</span> <span class='ocrx_word' id='word_1_694' title='bbox 3205 2861 3386 2938; x_wconf 80' lang='grc' dir='ltr'>τολμῶ</span> <span class='ocrx_word' id='word_1_695' title='bbox 3416 2866 3764 2937; x_wconf 83' lang='grc' dir='ltr'>καταχρήσα-</span> 
     </span>
    </p>
   </div>
   <div class='ocr_carea' id='block_1_92' title="bbox 2193 2946 3764 3024">
    <p class='ocr_par' dir='ltr' id='par_1_92' title="bbox 2193 2946 3764 3024">
     <span class='ocr_line' id='line_1_92' title="bbox 2193 2946 3764 3024; baseline 0.01 -25"><span class='ocrx_word' id='word_1_696' title='bbox 2193 2946 2335 3012; x_wconf 87' lang='grc' dir='ltr'>σθαι,</span> <span class='ocrx_word' id='word_1_697' title='bbox 2366 2946 2490 3002; x_wconf 78' lang='grc' dir='ltr'>οῦτε</span> <span class='ocrx_word' id='word_1_698' title='bbox 2528 2951 2688 3023; x_wconf 81' lang='grc' dir='ltr'>ἐτέρᾳ</span> <span class='ocrx_word' id='word_1_699' title='bbox 2734 2951 2891 3005; x_wconf 87' lang='grc' dir='ltr'>τοῦτο</span> <span class='ocrx_word' id='word_1_700' title='bbox 2933 2953 3174 3007; x_wconf 82' lang='grc' dir='ltr'>ἐνδοῦναι</span> <span class='ocrx_word' id='word_1_701' title='bbox 3199 2957 3435 3024; x_wconf 88' lang='grc' dir='ltr'>γυναικί.</span> <span class='ocrx_word' id='word_1_702' title='bbox 3471 2958 3641 3011; x_wconf 87' lang='grc' dir='ltr'>Τοῦτο</span> <span class='ocrx_word' id='word_1_703' title='bbox 3667 2961 3764 3015; x_wconf 75' lang='grc' dir='ltr'>καὶ</span> 
     </span>
    </p>
   </div>
   <div class='ocr_carea' id='block_1_93' title="bbox 2191 3038 3764 3120">
    <p class='ocr_par' dir='ltr' id='par_1_93' title="bbox 2191 3038 3764 3120">
     <span class='ocr_line' id='line_1_93' title="bbox 2191 3038 3764 3120; baseline 0.01 -30"><span class='ocrx_word' id='word_1_704' title='bbox 2191 3038 2328 3109; x_wconf 78' lang='grc' dir='ltr'>γυνη</span> <span class='ocrx_word' id='word_1_705' title='bbox 2355 3040 2598 3097; x_wconf 84' lang='grc' dir='ltr'>ποιείτω.</span> <span class='ocrx_word' id='word_1_706' title='bbox 2631 3043 2805 3114; x_wconf 81' lang='grc' dir='ltr'>Πολλὴ</span> <span class='ocrx_word' id='word_1_707' title='bbox 2828 3043 2938 3116; x_wconf 81' lang='grc' dir='ltr'>γὰρ</span> <span class='ocrx_word' id='word_1_708' title='bbox 2966 3046 3198 3101; x_wconf 82' lang='grc' dir='ltr'>ἐνταῦθα</span> <span class='ocrx_word' id='word_1_709' title='bbox 3225 3050 3257 3119; x_wconf 88' lang='grc' dir='ltr'>ή</span> <span class='ocrx_word' id='word_1_710' title='bbox 3289 3050 3551 3120; x_wconf 70' lang='grc' dir='ltr'>ἰσοτιμία⁹</span> <span class='ocrx_word' id='word_1_711' title='bbox 3582 3051 3764 3107; x_wconf 84' lang='grc' dir='ltr'>καίτοι</span> 
     </span>
    </p>
   </div>
   <div class='ocr_carea' id='block_1_94' title="bbox 2191 3133 3761 3212">
    <p class='ocr_par' dir='ltr' id='par_1_94' title="bbox 2191 3133 3761 3212">
     <span class='ocr_line' id='line_1_94' title="bbox 2191 3133 3761 3212; baseline 0.008 -27"><span class='ocrx_word' id='word_1_712' title='bbox 2191 3148 2254 3200; x_wconf 88' lang='grc' dir='ltr'>γε</span> <span class='ocrx_word' id='word_1_713' title='bbox 2278 3135 2336 3186; x_wconf 85' lang='grc' dir='ltr'>ὲν</span> <span class='ocrx_word' id='word_1_714' title='bbox 2373 3135 2486 3198; x_wconf 86' lang='grc' dir='ltr'>τοῖς</span> <span class='ocrx_word' id='word_1_715' title='bbox 2513 3133 2695 3198; x_wconf 76' lang='grc' dir='ltr'>ἄλλοις</span> <span class='ocrx_word' id='word_1_716' title='bbox 2721 3135 2921 3207; x_wconf 81' lang='grc' dir='ltr'>πολλὴν</span> <span class='ocrx_word' id='word_1_717' title='bbox 2945 3137 3157 3192; x_wconf 87' lang='grc' dir='ltr'>δίδωσιν</span> <span class='ocrx_word' id='word_1_718' title='bbox 3189 3139 3503 3212; x_wconf 82' lang='grc' dir='ltr'>ὐπεροχὴνό</span> <span class='ocrx_word' id='word_1_719' title='bbox 3526 3143 3761 3209; x_wconf 87' lang='grc' dir='ltr'>Παῦλος,</span> 
     </span>
    </p>
   </div>
   <div class='ocr_carea' id='block_1_95' title="bbox 2192 3222 3766 3298">
    <p class='ocr_par' dir='ltr' id='par_1_95' title="bbox 2192 3222 3766 3298">
     <span class='ocr_line' id='line_1_95' title="bbox 2192 3222 3766 3298; baseline 0.009 -22"><span class='ocrx_word' id='word_1_720' title='bbox 2192 3223 2333 3277; x_wconf 74' lang='grc' dir='ltr'>οὕτω</span> <span class='ocrx_word' id='word_1_721' title='bbox 2359 3222 2551 3294; x_wconf 72' lang='grc' dir='ltr'>λέγων*</span> <span class='ocrx_word' id='word_1_722' title='bbox 2592 3226 2767 3296; x_wconf 75' lang='grc' dir='ltr'>Πλὴν</span> <span class='ocrx_word' id='word_1_723' title='bbox 2798 3228 2896 3282; x_wconf 81' lang='grc' dir='ltr'>καί</span> <span class='ocrx_word' id='word_1_724' title='bbox 2913 3228 3080 3298; x_wconf 79' lang='grc' dir='ltr'>ὑμεῖς</span> <span class='ocrx_word' id='word_1_725' title='bbox 3108 3233 3165 3285; x_wconf 88' lang='grc' dir='ltr'>οἰ</span> <span class='ocrx_word' id='word_1_726' title='bbox 3201 3235 3332 3288; x_wconf 82' lang='grc' dir='ltr'>καθ’</span> <span class='ocrx_word' id='word_1_727' title='bbox 3355 3233 3484 3297; x_wconf 76' lang='grc' dir='ltr'>ἕνα,</span> <span class='ocrx_word' id='word_1_728' title='bbox 3512 3236 3613 3289; x_wconf 75' lang='grc' dir='ltr'>ἵνα</span> <span class='ocrx_word' id='word_1_729' title='bbox 3635 3235 3766 3290; x_wconf 77' lang='grc' dir='ltr'>ἐκαρ</span> 
     </span>
    </p>
   </div>
   <div class='ocr_carea' id='block_1_96' title="bbox 2192 3317 3762 3397">
    <p class='ocr_par' dir='ltr' id='par_1_96' title="bbox 2192 3317 3762 3397">
     <span class='ocr_line' id='line_1_96' title="bbox 2192 3317 3762 3397; baseline 0.009 -29"><span class='ocrx_word' id='word_1_730' title='bbox 2192 3331 2340 3381; x_wconf 83' lang='grc' dir='ltr'>στος</span> <span class='ocrx_word' id='word_1_731' title='bbox 2355 3317 2469 3384; x_wconf 82' lang='grc' dir='ltr'>τὴν</span> <span class='ocrx_word' id='word_1_732' title='bbox 2487 3317 2704 3372; x_wconf 68' lang='grc' dir='ltr'>ἑαυτοῦ</span> <span class='ocrx_word' id='word_1_733' title='bbox 2734 3319 2985 3388; x_wconf 71' lang='grc' dir='ltr'>γυναῖκα</span> <span class='ocrx_word' id='word_1_734' title='bbox 3004 3321 3190 3397; x_wconf 79' lang='grc' dir='ltr'>οὕτως</span> <span class='ocrx_word' id='word_1_735' title='bbox 3205 3321 3406 3392; x_wconf 56' lang='grc' dir='ltr'>ἀγαπᾷ</span> <span class='ocrx_word' id='word_1_736' title='bbox 3430 3325 3510 3391; x_wconf 88' lang='grc' dir='ltr'>ὡς</span> <span class='ocrx_word' id='word_1_737' title='bbox 3521 3327 3762 3381; x_wconf 65' lang='grc' dir='ltr'>ἑαυτόν·</span> 
     </span>
    </p>
   </div>
   <div class='ocr_carea' id='block_1_97' title="bbox 2193 3405 3765 3493">
    <p class='ocr_par' dir='ltr' id='par_1_97' title="bbox 2193 3405 3765 3493">
     <span class='ocr_line' id='line_1_97' title="bbox 2193 3405 3765 3493; baseline 0.005 -34"><span class='ocrx_word' id='word_1_738' title='bbox 2193 3405 2232 3470; x_wconf 78' lang='grc' dir='ltr'><strong><em>ἠ</em></strong></span> <span class='ocrx_word' id='word_1_739' title='bbox 2263 3405 2331 3458; x_wconf 80' lang='grc' dir='ltr'>δὲ</span> <span class='ocrx_word' id='word_1_740' title='bbox 2361 3406 2538 3475; x_wconf 79' lang='grc' dir='ltr'>γυνὴ,</span> <span class='ocrx_word' id='word_1_741' title='bbox 2577 3408 2676 3461; x_wconf 75' lang='grc' dir='ltr'>ἵνα</span> <span class='ocrx_word' id='word_1_742' title='bbox 2701 3408 2954 3478; x_wconf 75' lang='grc' dir='ltr'>φοϐῆται</span> <span class='ocrx_word' id='word_1_743' title='bbox 2995 3413 3102 3465; x_wconf 82' lang='grc' dir='ltr'>τὸν</span> <span class='ocrx_word' id='word_1_744' title='bbox 3133 3413 3340 3481; x_wconf 74' lang='grc' dir='ltr'>ἄνδραο</span> <span class='ocrx_word' id='word_1_745' title='bbox 3372 3418 3484 3482; x_wconf 76' lang='grc' dir='ltr'>καί,</span> <span class='ocrx_word' id='word_1_746' title='bbox 3515 3421 3765 3493; x_wconf 64' lang='grc' dir='ltr'>κεφαλὴ</span> 
     </span>
    </p>
   </div>
   <div class='ocr_carea' id='block_1_98' title="bbox 2193 3497 3767 3576">
    <p class='ocr_par' dir='ltr' id='par_1_98' title="bbox 2193 3497 3767 3576">
     <span class='ocr_line' id='line_1_98' title="bbox 2193 3497 3767 3576; baseline 0.006 -27"><span class='ocrx_word' id='word_1_747' title='bbox 2193 3497 2478 3565; x_wconf 73' lang='grc' dir='ltr'>γυναικὸς</span> <span class='ocrx_word' id='word_1_748' title='bbox 2514 3501 2548 3552; x_wconf 84' lang='grc' dir='ltr'><em>ὀ</em></span> <span class='ocrx_word' id='word_1_749' title='bbox 2584 3498 2760 3569; x_wconf 79' lang='grc' dir='ltr'>ἀνὴρ,</span> <span class='ocrx_word' id='word_1_750' title='bbox 2808 3503 2920 3566; x_wconf 76' lang='grc' dir='ltr'>καὶ,</span> <span class='ocrx_word' id='word_1_751' title='bbox 2963 3502 3210 3572; x_wconf 69' lang='grc' dir='ltr'>Ὀερείλει</span> <span class='ocrx_word' id='word_1_752' title='bbox 3239 3507 3278 3575; x_wconf 74' lang='grc' dir='ltr'>ἡ</span> <span class='ocrx_word' id='word_1_753' title='bbox 3317 3505 3469 3576; x_wconf 76' lang='grc' dir='ltr'>γυνὴ</span> <span class='ocrx_word' id='word_1_754' title='bbox 3493 3513 3767 3568; x_wconf 80' lang='grc' dir='ltr'>ὑποτάσ.</span> 
     </span>
    </p>
   </div>
   <div class='ocr_carea' id='block_1_99' title="bbox 2194 3590 3765 3672">
    <p class='ocr_par' dir='ltr' id='par_1_99' title="bbox 2194 3590 3765 3672">
     <span class='ocr_line' id='line_1_99' title="bbox 2194 3590 3765 3672; baseline 0.01 -31"><span class='ocrx_word' id='word_1_755' title='bbox 2194 3591 2408 3643; x_wconf 85' lang='grc' dir='ltr'>σεσθαι</span> <span class='ocrx_word' id='word_1_756' title='bbox 2441 3590 2523 3656; x_wconf 87' lang='grc' dir='ltr'>τῷ</span> <span class='ocrx_word' id='word_1_757' title='bbox 2549 3590 2742 3659; x_wconf 83' lang='grc' dir='ltr'>ἀνδρί.</span> <span class='ocrx_word' id='word_1_758' title='bbox 2777 3594 2888 3647; x_wconf 72' lang='grc' dir='ltr'>Καὶ</span> <span class='ocrx_word' id='word_1_759' title='bbox 2912 3594 3071 3648; x_wconf 88' lang='grc' dir='ltr'>πάλιν</span> <span class='ocrx_word' id='word_1_760' title='bbox 3121 3596 3179 3649; x_wconf 86' lang='grc' dir='ltr'>ἐν</span> <span class='ocrx_word' id='word_1_761' title='bbox 3229 3601 3295 3669; x_wconf 81' lang='grc' dir='ltr'>τῇ</span> <span class='ocrx_word' id='word_1_762' title='bbox 3336 3599 3567 3672; x_wconf 80' lang='grc' dir='ltr'>Παλαιᾷ,</span> <span class='ocrx_word' id='word_1_763' title='bbox 3606 3605 3765 3672; x_wconf 81' lang='grc' dir='ltr'>Πρὸς</span> 
     </span>
    </p>
   </div>
   <div class='ocr_carea' id='block_1_100' title="bbox 2194 3677 3764 3756">
    <p class='ocr_par' dir='ltr' id='par_1_100' title="bbox 2194 3677 3764 3756">
     <span class='ocr_line' id='line_1_100' title="bbox 2194 3677 3764 3756; baseline 0.01 -26"><span class='ocrx_word' id='word_1_764' title='bbox 2194 3678 2300 3730; x_wconf 76' lang='grc' dir='ltr'>τὸν</span> <span class='ocrx_word' id='word_1_765' title='bbox 2321 3677 2510 3748; x_wconf 79' lang='grc' dir='ltr'>ἄνδρα</span> <span class='ocrx_word' id='word_1_766' title='bbox 2541 3697 2657 3736; x_wconf 88' lang='grc' dir='ltr'>σου</span> <span class='ocrx_word' id='word_1_767' title='bbox 2685 3683 2721 3750; x_wconf 77' lang='grc' dir='ltr'><strong><em>ἡ</em></strong></span> <span class='ocrx_word' id='word_1_768' title='bbox 2753 3683 3104 3754; x_wconf 68' lang='grc' dir='ltr'>ἀποστροφή</span> <span class='ocrx_word' id='word_1_769' title='bbox 3141 3701 3279 3750; x_wconf 90' lang='grc' dir='ltr'>σου,</span> <span class='ocrx_word' id='word_1_770' title='bbox 3307 3687 3406 3740; x_wconf 80' lang='grc' dir='ltr'>καὶ</span> <span class='ocrx_word' id='word_1_771' title='bbox 3431 3691 3613 3756; x_wconf 83' lang='grc' dir='ltr'>αὐτός</span> <span class='ocrx_word' id='word_1_772' title='bbox 3644 3707 3764 3748; x_wconf 88' lang='grc' dir='ltr'>σου</span> 
     </span>
    </p>
   </div>
   <div class='ocr_carea' id='block_1_101' title="bbox 2194 3767 3765 3846">
    <p class='ocr_par' dir='ltr' id='par_1_101' title="bbox 2194 3767 3765 3846">
     <span class='ocr_line' id='line_1_101' title="bbox 2194 3767 3765 3846; baseline 0.007 -26"><span class='ocrx_word' id='word_1_773' title='bbox 2194 3768 2520 3836; x_wconf 81' lang='grc' dir='ltr'>κυριεύσει.</span> <span class='ocrx_word' id='word_1_774' title='bbox 2552 3770 2677 3834; x_wconf 82' lang='grc' dir='ltr'>Πῶς</span> <span class='ocrx_word' id='word_1_775' title='bbox 2701 3767 2793 3825; x_wconf 84' lang='grc' dir='ltr'>οῦν</span> <span class='ocrx_word' id='word_1_776' title='bbox 2820 3772 3054 3826; x_wconf 86' lang='grc' dir='ltr'>ἐνταῦθα</span> <span class='ocrx_word' id='word_1_777' title='bbox 3082 3776 3203 3846; x_wconf 83' lang='grc' dir='ltr'>ίσην</span> <span class='ocrx_word' id='word_1_778' title='bbox 3241 3776 3504 3830; x_wconf 84' lang='grc' dir='ltr'>ἀντίδοσιν</span> <span class='ocrx_word' id='word_1_779' title='bbox 3517 3778 3765 3839; x_wconf 80' lang='grc' dir='ltr'>δουλείας</span> 
     </span>
    </p>
   </div>
   <div class='ocr_carea' id='block_1_102' title="bbox 2196 3861 3763 3941">
    <p class='ocr_par' dir='ltr' id='par_1_102' title="bbox 2196 3861 3763 3941">
     <span class='ocr_line' id='line_1_102' title="bbox 2196 3861 3763 3941; baseline 0.006 -26"><span class='ocrx_word' id='word_1_780' title='bbox 2196 3861 2290 3915; x_wconf 77' lang='grc' dir='ltr'>καὶ</span> <span class='ocrx_word' id='word_1_781' title='bbox 2313 3862 2630 3927; x_wconf 80' lang='grc' dir='ltr'>δεσποτείας</span> <span class='ocrx_word' id='word_1_782' title='bbox 2678 3864 2976 3934; x_wconf 75' lang='grc' dir='ltr'>εἰσήγαγες</span> <span class='ocrx_word' id='word_1_783' title='bbox 3014 3866 3087 3918; x_wconf 87' lang='lat' dir='ltr'><strong>Tb</strong></span> <span class='ocrx_word' id='word_1_784' title='bbox 3123 3866 3232 3936; x_wconf 84' lang='grc' dir='ltr'>γὰρ</span> <span class='ocrx_word' id='word_1_785' title='bbox 3267 3868 3461 3933; x_wconf 82' lang='grc' dir='ltr'>εἰπεῖν,</span> <span class='ocrx_word' id='word_1_786' title='bbox 3504 3869 3564 3923; x_wconf 82' lang='grc' dir='ltr'>Ἠ</span> <span class='ocrx_word' id='word_1_787' title='bbox 3606 3870 3763 3941; x_wconf 75' lang='grc' dir='ltr'>γυνὴ</span> 
     </span>
    </p>
   </div>
   <div class='ocr_carea' id='block_1_103' title="bbox 2194 3953 3764 4030">
    <p class='ocr_par' dir='ltr' id='par_1_103' title="bbox 2194 3953 3764 4030">
     <span class='ocr_line' id='line_1_103' title="bbox 2194 3953 3764 4030; baseline 0.005 -23"><span class='ocrx_word' id='word_1_788' title='bbox 2194 3954 2301 4009; x_wconf 80' lang='grc' dir='ltr'>τοῦ</span> <span class='ocrx_word' id='word_1_789' title='bbox 2340 3954 2492 4009; x_wconf 84' lang='grc' dir='ltr'>ἰδίου</span> <span class='ocrx_word' id='word_1_790' title='bbox 2519 3953 2794 4024; x_wconf 81' lang='grc' dir='ltr'>σώματος</span> <span class='ocrx_word' id='word_1_791' title='bbox 2830 3957 2942 4009; x_wconf 83' lang='grc' dir='ltr'>οὐκ</span> <span class='ocrx_word' id='word_1_792' title='bbox 2973 3956 3324 4022; x_wconf 77' lang='grc' dir='ltr'>ἐξουσιάζει,</span> <span class='ocrx_word' id='word_1_793' title='bbox 3359 3959 3547 4015; x_wconf 63' lang='lat' dir='ltr'>(LL/1&#39;6</span> <span class='ocrx_word' id='word_1_794' title='bbox 3583 3960 3764 4030; x_wconf 68' lang='grc' dir='ltr'>ἀνήρ’</span> 
     </span>
    </p>
   </div>
   <div class='ocr_carea' id='block_1_104' title="bbox 2194 4046 3769 4118">
    <p class='ocr_par' dir='ltr' id='par_1_104' title="bbox 2194 4046 3769 4118">
     <span class='ocr_line' id='line_1_104' title="bbox 2194 4046 3769 4118; baseline 0.003 -17"><span class='ocrx_word' id='word_1_795' title='bbox 2194 4046 2409 4115; x_wconf 82' lang='grc' dir='ltr'>ὁμοίως</span> <span class='ocrx_word' id='word_1_796' title='bbox 2437 4046 2537 4100; x_wconf 85' lang='grc' dir='ltr'>καί</span> <span class='ocrx_word' id='word_1_797' title='bbox 2565 4050 2597 4101; x_wconf 86' lang='grc' dir='ltr'>ό</span> <span class='ocrx_word' id='word_1_798' title='bbox 2623 4046 2778 4115; x_wconf 78' lang='grc' dir='ltr'>ἀνὴρ</span> <span class='ocrx_word' id='word_1_799' title='bbox 2805 4046 2912 4101; x_wconf 85' lang='grc' dir='ltr'>τοῦ</span> <span class='ocrx_word' id='word_1_800' title='bbox 2959 4047 3112 4102; x_wconf 86' lang='grc' dir='ltr'>ἰδίου</span> <span class='ocrx_word' id='word_1_801' title='bbox 3149 4048 3422 4118; x_wconf 81' lang='grc' dir='ltr'>σώματος</span> <span class='ocrx_word' id='word_1_802' title='bbox 3447 4052 3559 4105; x_wconf 80' lang='grc' dir='ltr'>οὐκ</span> <span class='ocrx_word' id='word_1_803' title='bbox 3587 4051 3769 4116; x_wconf 78' lang='grc' dir='ltr'>ἐξου-</span> 
     </span>
    </p>
   </div>
   <div class='ocr_carea' id='block_1_105' title="bbox 2194 4135 3768 4214">
    <p class='ocr_par' dir='ltr' id='par_1_105' title="bbox 2194 4135 3768 4214">
     <span class='ocr_line' id='line_1_105' title="bbox 2194 4135 3768 4214; baseline 0.007 -25"><span class='ocrx_word' id='word_1_804' title='bbox 2194 4135 2401 4202; x_wconf 79' lang='grc' dir='ltr'>σιάζει,</span> <span class='ocrx_word' id='word_1_805' title='bbox 2427 4136 2619 4205; x_wconf 66' lang='grc' dir='ltr'>ἀλλ’ἢ</span> <span class='ocrx_word' id='word_1_806' title='bbox 2655 4135 2830 4206; x_wconf 79' lang='grc' dir='ltr'>γυνὴ,</span> <span class='ocrx_word' id='word_1_807' title='bbox 2865 4139 3086 4209; x_wconf 84' lang='grc' dir='ltr'>ἰσότητά</span> <span class='ocrx_word' id='word_1_808' title='bbox 3114 4157 3234 4194; x_wconf 91' lang='grc' dir='ltr'>τινα</span> <span class='ocrx_word' id='word_1_809' title='bbox 3253 4141 3450 4214; x_wconf 86' lang='grc' dir='ltr'>πολλήν</span> <span class='ocrx_word' id='word_1_810' title='bbox 3472 4144 3618 4199; x_wconf 78' lang='grc' dir='ltr'>ἐστιν</span> <span class='ocrx_word' id='word_1_811' title='bbox 3650 4147 3768 4200; x_wconf 86' lang='grc' dir='ltr'>εἰσ-</span> 
     </span>
    </p>
   </div>
   <div class='ocr_carea' id='block_1_106' title="bbox 2196 4217 3769 4307">
    <p class='ocr_par' dir='ltr' id='par_1_106' title="bbox 2196 4217 3769 4307">
     <span class='ocr_line' id='line_1_106' title="bbox 2196 4217 3769 4307; baseline 0.004 -21"><span class='ocrx_word' id='word_1_812' title='bbox 2196 4231 2440 4300; x_wconf 90' lang='grc' dir='ltr'>άγοντος.</span> <span class='ocrx_word' id='word_1_813' title='bbox 2468 4232 2579 4284; x_wconf 69' lang='grc' dir='ltr'>Καὶ</span> <span class='ocrx_word' id='word_1_814' title='bbox 2606 4217 2855 4302; x_wconf 79' lang='grc' dir='ltr'>καθάπερ</span> <span class='ocrx_word' id='word_1_815' title='bbox 2882 4233 3083 4297; x_wconf 87' lang='grc' dir='ltr'>ἐκεῖνος</span> <span class='ocrx_word' id='word_1_816' title='bbox 3130 4233 3394 4307; x_wconf 83' lang='grc' dir='ltr'>δεσπότης</span> <span class='ocrx_word' id='word_1_817' title='bbox 3421 4237 3642 4291; x_wconf 78' lang='grc' dir='ltr'>ἐστίτοῦ</span> <span class='ocrx_word' id='word_1_818' title='bbox 3660 4236 3769 4293; x_wconf 84' lang='grc' dir='ltr'>σώ-</span> 
     </span>
    </p>
   </div>
   <div class='ocr_carea' id='block_1_107' title="bbox 2198 4319 3767 4394">
    <p class='ocr_par' dir='ltr' id='par_1_107' title="bbox 2198 4319 3767 4394">
     <span class='ocr_line' id='line_1_107' title="bbox 2198 4319 3767 4394; baseline 0.006 -21"><span class='ocrx_word' id='word_1_819' title='bbox 2198 4336 2366 4392; x_wconf 89' lang='grc' dir='ltr'>ματος</span> <span class='ocrx_word' id='word_1_820' title='bbox 2421 4321 2610 4391; x_wconf 81' lang='grc' dir='ltr'>αὐτῆς,</span> <span class='ocrx_word' id='word_1_821' title='bbox 2656 4319 2797 4374; x_wconf 90' lang='grc' dir='ltr'>οῦτω</span> <span class='ocrx_word' id='word_1_822' title='bbox 2828 4322 2921 4374; x_wconf 76' lang='grc' dir='ltr'>καὶ</span> <span class='ocrx_word' id='word_1_823' title='bbox 2957 4321 3095 4394; x_wconf 87' lang='grc' dir='ltr'>αῦτη</span> <span class='ocrx_word' id='word_1_824' title='bbox 3128 4323 3380 4378; x_wconf 89' lang='grc' dir='ltr'>δέσποινα</span> <span class='ocrx_word' id='word_1_825' title='bbox 3426 4325 3520 4379; x_wconf 88' lang='grc' dir='ltr'>τοῦ</span> <span class='ocrx_word' id='word_1_826' title='bbox 3552 4327 3767 4384; x_wconf 79' lang='grc' dir='ltr'>ἐκείνω</span> 
     </span>
    </p>
   </div>
   <div class='ocr_carea' id='block_1_108' title="bbox 2197 4405 3765 4486">
    <p class='ocr_par' dir='ltr' id='par_1_108' title="bbox 2197 4405 3765 4486">
     <span class='ocr_line' id='line_1_108' title="bbox 2197 4405 3765 4486; baseline 0.005 -22"><span class='ocrx_word' id='word_1_827' title='bbox 2197 4409 2467 4482; x_wconf 89' lang='grc' dir='ltr'>σώματος.</span> <span class='ocrx_word' id='word_1_828' title='bbox 2499 4409 2653 4473; x_wconf 85' lang='grc' dir='ltr'>Τίνος</span> <span class='ocrx_word' id='word_1_829' title='bbox 2680 4405 2773 4463; x_wconf 77' lang='grc' dir='ltr'>οὖν</span> <span class='ocrx_word' id='word_1_830' title='bbox 2816 4410 3001 4464; x_wconf 73' lang='grc' dir='ltr'>ἕνεκεν</span> <span class='ocrx_word' id='word_1_831' title='bbox 3037 4411 3302 4484; x_wconf 88' lang='grc' dir='ltr'>τοσαύτην</span> <span class='ocrx_word' id='word_1_832' title='bbox 3338 4414 3607 4486; x_wconf 80' lang='grc' dir='ltr'>ἰσοτιμίαν</span> <span class='ocrx_word' id='word_1_833' title='bbox 3647 4421 3765 4472; x_wconf 85' lang='grc' dir='ltr'>εἰσ-</span> 
     </span>
    </p>
   </div>
   <div class='ocr_carea' id='block_1_109' title="bbox 2197 4497 3766 4576">
    <p class='ocr_par' dir='ltr' id='par_1_109' title="bbox 2197 4497 3766 4576">
     <span class='ocr_line' id='line_1_109' title="bbox 2197 4497 3766 4576; baseline 0.008 -25"><span class='ocrx_word' id='word_1_834' title='bbox 2197 4501 2437 4570; x_wconf 82' lang='grc' dir='ltr'>ήγαγεν;</span> <span class='ocrx_word' id='word_1_835' title='bbox 2477 4498 2600 4552; x_wconf 84' lang='grc' dir='ltr'>ὐτι</span> <span class='ocrx_word' id='word_1_836' title='bbox 2632 4497 2868 4552; x_wconf 88' lang='grc' dir='ltr'>ἐνταῦθα</span> <span class='ocrx_word' id='word_1_837' title='bbox 2897 4499 3220 4572; x_wconf 83' lang='grc' dir='ltr'>άναγκαίαή</span> <span class='ocrx_word' id='word_1_838' title='bbox 3253 4503 3511 4576; x_wconf 82' lang='grc' dir='ltr'>ὑπεροχή·</span> <span class='ocrx_word' id='word_1_839' title='bbox 3548 4505 3676 4561; x_wconf 76' lang='grc' dir='ltr'>ἔνθα</span> <span class='ocrx_word' id='word_1_840' title='bbox 3705 4508 3766 4563; x_wconf 65' lang='grc' dir='ltr'>δὲ</span> 
     </span>
    </p>
   </div>
   <div class='ocr_carea' id='block_1_110' title="bbox 2197 4589 3765 4666">
    <p class='ocr_par' dir='ltr' id='par_1_110' title="bbox 2197 4589 3765 4666">
     <span class='ocr_line' id='line_1_110' title="bbox 2197 4589 3765 4666; baseline 0.006 -24"><span class='ocrx_word' id='word_1_841' title='bbox 2197 4589 2551 4662; x_wconf 83' lang='grc' dir='ltr'>σωφροσύνης</span> <span class='ocrx_word' id='word_1_842' title='bbox 2573 4589 2760 4660; x_wconf 81' lang='grc' dir='ltr'>καιρὸς</span> <span class='ocrx_word' id='word_1_843' title='bbox 2787 4591 2881 4642; x_wconf 82' lang='grc' dir='ltr'>καὶ</span> <span class='ocrx_word' id='word_1_844' title='bbox 2910 4589 3254 4661; x_wconf 87' lang='grc' dir='ltr'>σεμνότητος,</span> <span class='ocrx_word' id='word_1_845' title='bbox 3285 4593 3435 4646; x_wconf 73' lang='grc' dir='ltr'>οὐδὲν</span> <span class='ocrx_word' id='word_1_846' title='bbox 3457 4594 3571 4666; x_wconf 76' lang='grc' dir='ltr'>ἔχει</span> <span class='ocrx_word' id='word_1_847' title='bbox 3603 4596 3765 4652; x_wconf 69' lang='grc' dir='ltr'>πλέον</span> 
     </span>
    </p>
   </div>
   <div class='ocr_carea' id='block_1_111' title="bbox 2195 4681 3761 4758">
    <p class='ocr_par' dir='ltr' id='par_1_111' title="bbox 2195 4681 3761 4758">
     <span class='ocr_line' id='line_1_111' title="bbox 2195 4681 3761 4758; baseline 0.002 -20"><span class='ocrx_word' id='word_1_848' title='bbox 2195 4685 2293 4756; x_wconf 79' lang='grc' dir='ltr'>τῆς</span> <span class='ocrx_word' id='word_1_849' title='bbox 2307 4682 2562 4754; x_wconf 78' lang='grc' dir='ltr'>γυναικὸς</span> <span class='ocrx_word' id='word_1_850' title='bbox 2602 4684 2630 4735; x_wconf 87' lang='grc' dir='ltr'>ό</span> <span class='ocrx_word' id='word_1_851' title='bbox 2674 4681 2833 4752; x_wconf 78' lang='grc' dir='ltr'>ἀνὴρ,</span> <span class='ocrx_word' id='word_1_852' title='bbox 2866 4681 2980 4735; x_wconf 81' lang='grc' dir='ltr'>ἀλλ’</span> <span class='ocrx_word' id='word_1_853' title='bbox 3007 4683 3206 4752; x_wconf 88' lang='grc' dir='ltr'>ὁμοίως</span> <span class='ocrx_word' id='word_1_854' title='bbox 3237 4684 3424 4758; x_wconf 85' lang='grc' dir='ltr'>ἐκείνῃ</span> <span class='ocrx_word' id='word_1_855' title='bbox 3455 4686 3761 4754; x_wconf 78' lang='grc' dir='ltr'>κολάζεται,</span> 
     </span>
    </p>
   </div>
   <div class='ocr_carea' id='block_1_112' title="bbox 2193 4771 3767 4846">
    <p class='ocr_par' dir='ltr' id='par_1_112' title="bbox 2193 4771 3767 4846">
     <span class='ocr_line' id='line_1_112' title="bbox 2193 4771 3767 4846; baseline -0.005 -14"><span class='ocrx_word' id='word_1_856' title='bbox 2193 4777 2321 4840; x_wconf 86' lang='grc' dir='ltr'>τούς</span> <span class='ocrx_word' id='word_1_857' title='bbox 2348 4775 2442 4828; x_wconf 90' lang='grc' dir='ltr'>τοῦ</span> <span class='ocrx_word' id='word_1_858' title='bbox 2478 4775 2656 4844; x_wconf 87' lang='grc' dir='ltr'>γάμου</span> <span class='ocrx_word' id='word_1_859' title='bbox 2684 4771 3063 4844; x_wconf 81' lang='grc' dir='ltr'>παραφθείρας</span> <span class='ocrx_word' id='word_1_860' title='bbox 3091 4773 3305 4844; x_wconf 86' lang='grc' dir='ltr'>νόμους·</span> <span class='ocrx_word' id='word_1_861' title='bbox 3332 4777 3427 4829; x_wconf 83' lang='grc' dir='ltr'>καὶ</span> <span class='ocrx_word' id='word_1_862' title='bbox 3451 4776 3595 4846; x_wconf 82' lang='grc' dir='ltr'>μάλα</span> <span class='ocrx_word' id='word_1_863' title='bbox 3621 4779 3767 4832; x_wconf 72' lang='grc' dir='ltr'>εικό-</span> 
     </span>
    </p>
   </div>
   <div class='ocr_carea' id='block_1_113' title="bbox 2195 4860 3765 4936">
    <p class='ocr_par' dir='ltr' id='par_1_113' title="bbox 2195 4860 3765 4936">
     <span class='ocr_line' id='line_1_113' title="bbox 2195 4860 3765 4936; baseline 0.001 -16"><span class='ocrx_word' id='word_1_864' title='bbox 2195 4885 2322 4932; x_wconf 85' lang='grc' dir='ltr'>τως.</span> <span class='ocrx_word' id='word_1_865' title='bbox 2353 4867 2426 4920; x_wconf 85' lang='grc' dir='ltr'>Οὐ</span> <span class='ocrx_word' id='word_1_866' title='bbox 2457 4867 2564 4935; x_wconf 81' lang='grc' dir='ltr'>γὰρ</span> <span class='ocrx_word' id='word_1_867' title='bbox 2599 4863 2688 4917; x_wconf 78' lang='grc' dir='ltr'>διὰ</span> <span class='ocrx_word' id='word_1_868' title='bbox 2731 4863 2888 4917; x_wconf 89' lang='grc' dir='ltr'>τοῦτο</span> <span class='ocrx_word' id='word_1_869' title='bbox 2931 4860 3094 4935; x_wconf 80' lang='grc' dir='ltr'>ἦλθεν</span> <span class='ocrx_word' id='word_1_870' title='bbox 3141 4867 3174 4935; x_wconf 78' lang='grc' dir='ltr'><strong>ἡ</strong></span> <span class='ocrx_word' id='word_1_871' title='bbox 3207 4865 3342 4936; x_wconf 80' lang='grc' dir='ltr'>γυνὴ</span> <span class='ocrx_word' id='word_1_872' title='bbox 3371 4865 3505 4936; x_wconf 76' lang='grc' dir='ltr'>πρὸς</span> <span class='ocrx_word' id='word_1_873' title='bbox 3544 4867 3624 4931; x_wconf 80' lang='grc' dir='ltr'>σὲ,</span> <span class='ocrx_word' id='word_1_874' title='bbox 3668 4869 3765 4922; x_wconf 81' lang='grc' dir='ltr'>καὶ</span> 
     </span>
    </p>
   </div>
   <div class='ocr_carea' id='block_1_114' title="bbox 2197 4953 3760 5028">
    <p class='ocr_par' dir='ltr' id='par_1_114' title="bbox 2197 4953 3760 5028">
     <span class='ocr_line' id='line_1_114' title="bbox 2197 4953 3760 5028; baseline 0.001 -19"><span class='ocrx_word' id='word_1_875' title='bbox 2197 4957 2406 5028; x_wconf 84' lang='grc' dir='ltr'>πατέρα</span> <span class='ocrx_word' id='word_1_876' title='bbox 2436 4954 2528 5008; x_wconf 75' lang='grc' dir='ltr'>καὶ</span> <span class='ocrx_word' id='word_1_877' title='bbox 2557 4953 2764 5024; x_wconf 86' lang='grc' dir='ltr'>μητέρα</span> <span class='ocrx_word' id='word_1_878' title='bbox 2792 4953 3112 5022; x_wconf 74' lang='grc' dir='ltr'>ἐγκατέλιπε</span> <span class='ocrx_word' id='word_1_879' title='bbox 3143 4956 3235 5007; x_wconf 75' lang='grc' dir='ltr'>καὶ</span> <span class='ocrx_word' id='word_1_880' title='bbox 3259 4955 3349 5007; x_wconf 78' lang='grc' dir='ltr'>τὸν</span> <span class='ocrx_word' id='word_1_881' title='bbox 3364 4953 3510 5008; x_wconf 79' lang='grc' dir='ltr'>οἰκον</span> <span class='ocrx_word' id='word_1_882' title='bbox 3527 4956 3760 5023; x_wconf 75' lang='grc' dir='ltr'>ἅπαντα,</span> 
     </span>
    </p>
   </div>
   <div class='ocr_carea' id='block_1_115' title="bbox 2197 5043 3761 5117">
    <p class='ocr_par' dir='ltr' id='par_1_115' title="bbox 2197 5043 3761 5117">
     <span class='ocr_line' id='line_1_115' title="bbox 2197 5043 3761 5117; baseline -0.003 -16"><span class='ocrx_word' id='word_1_883' title='bbox 2197 5048 2284 5101; x_wconf 84' lang='grc' dir='ltr'>ἵνα</span> <span class='ocrx_word' id='word_1_884' title='bbox 2320 5045 2737 5117; x_wconf 75' lang='grc' dir='ltr'>καθυϐρίζηται,</span> <span class='ocrx_word' id='word_1_885' title='bbox 2778 5043 2864 5096; x_wconf 78' lang='grc' dir='ltr'>ἵνα</span> <span class='ocrx_word' id='word_1_886' title='bbox 2903 5044 3303 5114; x_wconf 87' lang='grc' dir='ltr'>θεραπαινίδιον</span> <span class='ocrx_word' id='word_1_887' title='bbox 3344 5045 3555 5108; x_wconf 78' lang='grc' dir='ltr'>εὐτελὲς</span> <span class='ocrx_word' id='word_1_888' title='bbox 3577 5045 3761 5098; x_wconf 82' lang='grc' dir='ltr'>ἐπεισ-</span> 
     </span>
    </p>
   </div>
   <div class='ocr_carea' id='block_1_116' title="bbox 2199 5133 3766 5208">
    <p class='ocr_par' dir='ltr' id='par_1_116' title="bbox 2199 5133 3766 5208">
     <span class='ocr_line' id='line_1_116' title="bbox 2199 5133 3766 5208; baseline 0.001 -20"><span class='ocrx_word' id='word_1_889' title='bbox 2199 5133 2336 5207; x_wconf 81' lang='grc' dir='ltr'>άγῃς</span> <span class='ocrx_word' id='word_1_890' title='bbox 2372 5133 2545 5206; x_wconf 77' lang='grc' dir='ltr'>αὐτῇ,</span> <span class='ocrx_word' id='word_1_891' title='bbox 2597 5137 2682 5190; x_wconf 84' lang='grc' dir='ltr'>ἱνα</span> <span class='ocrx_word' id='word_1_892' title='bbox 2720 5135 2945 5208; x_wconf 88' lang='grc' dir='ltr'>μυρίους</span> <span class='ocrx_word' id='word_1_893' title='bbox 2974 5138 3130 5207; x_wconf 82' lang='grc' dir='ltr'>ποιῇς</span> <span class='ocrx_word' id='word_1_894' title='bbox 3173 5136 3457 5206; x_wconf 79' lang='grc' dir='ltr'>πολέμους,</span> <span class='ocrx_word' id='word_1_895' title='bbox 3495 5137 3766 5208; x_wconf 69' lang='grc' dir='ltr'>συνέμπορ</span> 
     </span>
    </p>
   </div>
   <div class='ocr_carea' id='block_1_117' title="bbox 2200 5225 3762 5300">
    <p class='ocr_par' dir='ltr' id='par_1_117' title="bbox 2200 5225 3762 5300">
     <span class='ocr_line' id='line_1_117' title="bbox 2200 5225 3762 5300; baseline 0.001 -19"><span class='ocrx_word' id='word_1_896' title='bbox 2200 5239 2297 5300; x_wconf 89' lang='grc' dir='ltr'>ρον·</span> <span class='ocrx_word' id='word_1_897' title='bbox 2320 5226 2530 5289; x_wconf 73' lang='grc' dir='ltr'>ἔλαϐες,</span> <span class='ocrx_word' id='word_1_898' title='bbox 2570 5225 2665 5279; x_wconf 80' lang='grc' dir='ltr'>καὶ</span> <span class='ocrx_word' id='word_1_899' title='bbox 2710 5225 2962 5278; x_wconf 83' lang='grc' dir='ltr'>κοινωνὸν</span> <span class='ocrx_word' id='word_1_900' title='bbox 3016 5225 3109 5278; x_wconf 87' lang='grc' dir='ltr'>τοῦ</span> <span class='ocrx_word' id='word_1_901' title='bbox 3159 5225 3294 5295; x_wconf 77' lang='grc' dir='ltr'>βίου,</span> <span class='ocrx_word' id='word_1_902' title='bbox 3331 5227 3423 5279; x_wconf 70' lang='grc' dir='ltr'>καὶ</span> <span class='ocrx_word' id='word_1_903' title='bbox 3451 5226 3762 5299; x_wconf 74' lang='grc' dir='ltr'>ἐλευθέραν,</span> 
     </span>
    </p>
   </div>
   <div class='ocr_carea' id='block_1_118' title="bbox 2199 5316 3763 5390">
    <p class='ocr_par' dir='ltr' id='par_1_118' title="bbox 2199 5316 3763 5390">
     <span class='ocr_line' id='line_1_118' title="bbox 2199 5316 3763 5390; baseline -0.001 -16"><span class='ocrx_word' id='word_1_904' title='bbox 2199 5320 2291 5374; x_wconf 73' lang='grc' dir='ltr'>καὶ</span> <span class='ocrx_word' id='word_1_905' title='bbox 2323 5319 2602 5390; x_wconf 83' lang='grc' dir='ltr'>ὁμότιμον.</span> <span class='ocrx_word' id='word_1_906' title='bbox 2639 5317 2762 5381; x_wconf 83' lang='grc' dir='ltr'>Πῶς</span> <span class='ocrx_word' id='word_1_907' title='bbox 2791 5316 2897 5388; x_wconf 78' lang='grc' dir='ltr'>γάρ</span> <span class='ocrx_word' id='word_1_908' title='bbox 2951 5317 3049 5370; x_wconf 87' lang='grc' dir='ltr'>οὐκ</span> <span class='ocrx_word' id='word_1_909' title='bbox 3084 5317 3282 5372; x_wconf 79' lang='grc' dir='ltr'>ἄτοπον</span> <span class='ocrx_word' id='word_1_910' title='bbox 3311 5319 3408 5390; x_wconf 80' lang='grc' dir='ltr'>τὴν</span> <span class='ocrx_word' id='word_1_911' title='bbox 3437 5321 3637 5390; x_wconf 87' lang='grc' dir='ltr'>προῖκα</span> <span class='ocrx_word' id='word_1_912' title='bbox 3666 5319 3763 5372; x_wconf 73' lang='grc' dir='ltr'>αὐο</span> 
     </span>
    </p>
   </div>
   <div class='ocr_carea' id='block_1_119' title="bbox 2198 5408 3764 5480">
    <p class='ocr_par' dir='ltr' id='par_1_119' title="bbox 2198 5408 3764 5480">
     <span class='ocr_line' id='line_1_119' title="bbox 2198 5408 3764 5480; baseline 0 -16"><span class='ocrx_word' id='word_1_913' title='bbox 2198 5411 2297 5480; x_wconf 78' lang='grc' dir='ltr'>τῆς</span> <span class='ocrx_word' id='word_1_914' title='bbox 2329 5408 2740 5480; x_wconf 85' lang='grc' dir='ltr'>ὑποδεχόμενον,</span> <span class='ocrx_word' id='word_1_915' title='bbox 2775 5409 2952 5462; x_wconf 80' lang='grc' dir='ltr'>πᾶσαν</span> <span class='ocrx_word' id='word_1_916' title='bbox 2987 5409 3389 5464; x_wconf 83' lang='grc' dir='ltr'>ἐπιδείκνυσθαι</span> <span class='ocrx_word' id='word_1_917' title='bbox 3410 5408 3642 5475; x_wconf 75' lang='grc' dir='ltr'>εὔνοιαν,</span> <span class='ocrx_word' id='word_1_918' title='bbox 3671 5410 3764 5464; x_wconf 73' lang='grc' dir='ltr'>καὶ</span> 
     </span>
    </p>
   </div>
   <div class='ocr_carea' id='block_1_120' title="bbox 2203 5498 3768 5573">
    <p class='ocr_par' dir='ltr' id='par_1_120' title="bbox 2203 5498 3768 5573">
     <span class='ocr_line' id='line_1_120' title="bbox 2203 5498 3768 5573; baseline 0.003 -21"><span class='ocrx_word' id='word_1_919' title='bbox 2203 5500 2366 5572; x_wconf 78' lang='grc' dir='ltr'>μηδὲν</span> <span class='ocrx_word' id='word_1_920' title='bbox 2395 5501 2565 5571; x_wconf 82' lang='grc' dir='ltr'>αὐτῆς</span> <span class='ocrx_word' id='word_1_921' title='bbox 2600 5498 2871 5553; x_wconf 57' lang='grc' dir='ltr'>ἐλαττοῦν</span> <span class='ocrx_word' id='word_1_922' title='bbox 2902 5499 2931 5552; x_wconf 83' lang='grc' dir='ltr'><strong>ὃ</strong></span> <span class='ocrx_word' id='word_1_923' title='bbox 2973 5500 3030 5554; x_wconf 82' lang='grc' dir='ltr'>δὲ</span> <span class='ocrx_word' id='word_1_924' title='bbox 3066 5501 3166 5572; x_wconf 78' lang='grc' dir='ltr'>τῆς</span> <span class='ocrx_word' id='word_1_925' title='bbox 3197 5502 3420 5573; x_wconf 84' lang='grc' dir='ltr'>προικός</span> <span class='ocrx_word' id='word_1_926' title='bbox 3447 5503 3594 5555; x_wconf 85' lang='grc' dir='ltr'>ἐστιν</span> <span class='ocrx_word' id='word_1_927' title='bbox 3624 5501 3768 5556; x_wconf 74' lang='grc' dir='ltr'>άπά-</span> 
     </span>
    </p>
   </div>
   <div class='ocr_carea' id='block_1_121' title="bbox 2204 5592 3766 5670">
    <p class='ocr_par' dir='ltr' id='par_1_121' title="bbox 2204 5592 3766 5670">
     <span class='ocr_line' id='line_1_121' title="bbox 2204 5592 3766 5670; baseline 0.002 -22"><span class='ocrx_word' id='word_1_928' title='bbox 2204 5610 2302 5666; x_wconf 82' lang='grc' dir='ltr'>σης</span> <span class='ocrx_word' id='word_1_929' title='bbox 2325 5592 2664 5664; x_wconf 83' lang='grc' dir='ltr'>τιμιώτερον,</span> <span class='ocrx_word' id='word_1_930' title='bbox 2699 5592 2796 5665; x_wconf 79' lang='grc' dir='ltr'>τήν</span> <span class='ocrx_word' id='word_1_931' title='bbox 2829 5592 3180 5667; x_wconf 75' lang='grc' dir='ltr'>σωφροσύνην</span> <span class='ocrx_word' id='word_1_932' title='bbox 3209 5596 3304 5650; x_wconf 71' lang='grc' dir='ltr'>καὶ</span> <span class='ocrx_word' id='word_1_933' title='bbox 3332 5595 3432 5668; x_wconf 76' lang='grc' dir='ltr'>τὴν</span> <span class='ocrx_word' id='word_1_934' title='bbox 3462 5597 3766 5670; x_wconf 78' lang='grc' dir='ltr'>σεμνότητα</span> 
     </span>
    </p>
   </div>
  </div>
