4110 6198
237 305 345 361 215

244 428 451 485 temur,
489 415 585 473 sed
607 425 666 474 ut
686 416 817 475 casti
845 419 1033 475 sitnus.
1063 419 1202 477 Audi
1231 435 1360 477 sane
1388 419 1610 475 Paulum
1639 418 1826 477 dicen-

247 519 396 564 tem:
425 505 647 571 Propter
691 509 1049 578 fornicationes
1097 520 1265 565 autem
1305 512 1644 582 unusquisque
1685 528 1832 566 suam

245 615 454 655 uxorem
492 598 708 666 habeat,
755 610 802 654 et
831 617 1142 672 unaquaque
1176 617 1324 655 suum
1365 604 1526 656 cirum
1571 603 1751 657 habeat
1773 603 1821 670 (1

243 688 362 745 Cor.
394 691 444 744 7.
476 690 556 759 2).
583 690 704 746 llzec
723 691 867 746 enim
889 693 996 746 duo
1025 703 1168 754 sunt.
1195 709 1422 764 quorum
1444 708 1603 750 causa
1631 694 1832 763 nuptiae

245 791 370 836 sunt
393 783 670 848 institutas,
700 790 759 835 ut
783 790 930 839 caste
961 783 1202 840 vivamus
1230 792 1282 839 et
1310 795 1365 838 ut
1388 793 1565 853 patres
1603 785 1790 839 fiamus
1812 824 1830 851 ,

248 873 438 926 horum
469 881 648 926 autem
677 872 904 928 duorum
932 873 1258 930 antecedens
1283 875 1538 930 castitatis
1565 885 1647 930 est
1673 890 1830 930 oeca-

244 961 347 1016 sio.
398 961 677 1032 Postquam
706 964 848 1017 enim
889 963 1122 1034 ingressa
1161 974 1246 1019 est
1282 964 1478 1026 libido.
1522 965 1832 1034 COnjuginm

248 1068 392 1122 qucq
432 1067 462 1106 e
507 1053 803 1123 ingressum
831 1063 934 1122 est,
965 1066 1024 1109 ut
1071 1055 1476 1110 immoderatum
1508 1072 1660 1110 usum
1684 1072 1831 1112 rese-

249 1152 416 1208 caret,
441 1152 494 1197 ct
522 1143 893 1212 persuaderet,
941 1156 997 1200 ut
1023 1161 1124 1200 una
1163 1147 1384 1203 muliere
1427 1149 1660 1202 contenti
1689 1163 1835 1203 esse-

247 1250 386 1289 mus.
416 1234 533 1291 Non
558 1237 700 1291 enim
737 1239 956 1292 omnino
993 1240 1296 1310 conjugium
1326 1241 1508 1307 efficit,
1533 1250 1589 1294 ut
1636 1241 1834 1297 liberos

247 1325 624 1396 suscipiamus,
653 1327 748 1383 sed
778 1328 903 1383 illud
944 1329 1038 1385 Dei
1080 1331 1322 1397 verbum,
1351 1331 1490 1402 quod
1520 1331 1648 1386 dicit
1675 1349 1689 1384 :
1715 1330 1836 1387 Cre-

246 1419 370 1471 scite
393 1426 441 1471 et
476 1418 902 1490 multiplicamini,
933 1432 978 1476 et
1008 1422 1195 1493 replete
1217 1433 1401 1478 terram
1432 1422 1596 1494 (Gen.
1631 1424 1680 1478 l.
1705 1422 1832 1494 9.8).

248 1507 437 1563 Testes
462 1519 586 1562 sunt
611 1509 930 1582 quicumque
951 1513 1202 1584 eonjugio
1229 1522 1353 1568 sunt
1373 1513 1474 1576 usi,
1503 1513 1595 1567 sed
1639 1512 1836 1569 liberos

249 1600 470 1654 tninitue
499 1611 815 1670 genuerunt.
859 1602 1038 1674 Itaque
1077 1604 1400 1659 antecedens
1426 1613 1508 1660 est
1537 1604 1653 1659 lucc
1676 1619 1835 1659 causa

247 1691 530 1756 castitatis,
559 1701 718 1760 atque
745 1691 847 1747 hoc
878 1694 1146 1764 praecipue
1185 1705 1424 1764 tempore
1444 1734 1460 1759 ,
1492 1710 1612 1750 cum
1640 1710 1837 1765 genere

248 1779 481 1834 humano
527 1791 668 1836 totus
708 1783 855 1837 orbis
906 1793 1167 1839 terrarum
1211 1785 1444 1855 repletus
1485 1793 1588 1840 est.
1631 1783 1761 1840 Nam
1804 1800 1836 1839 a

250 1871 510 1941 principio
539 1873 756 1943 quidem
791 1874 1087 1942 expetenda
1117 1889 1205 1932 res
1229 1885 1346 1930 erat
1374 1875 1571 1930 habere
1617 1876 1835 1944 liberos,

249 1973 309 2016 ut
338 1975 742 2019 monumentum
772 1981 835 2020 ac
863 1965 1114 2036 reliquias
1139 1967 1259 2022 vitm
1287 1984 1396 2023 sure
1419 1969 1642 2039 quisque
1671 1969 1837 2024 relin-

249 2063 458 2122 queret.
503 2055 765 2122 Quoniam
807 2057 948 2112 enim
1001 2059 1413 2116 resurrectionis
1441 2075 1563 2130 spes
1603 2060 1837 2115 nondum

249 2152 388 2208 erat,
434 2145 528 2200 sed
561 2161 704 2203 mors
730 2145 1122 2215 dominabatur,
1159 2164 1324 2220 seque
1354 2160 1470 2220 post
1511 2149 1648 2206 hanc
1676 2151 1837 2206 vitam

251 2235 429 2303 perire
452 2239 761 2303 censebant,
791 2240 880 2311 qui
909 2241 1298 2310 moriebantur,
1328 2243 1576 2298 solatium
1604 2243 1744 2298 istud
1773 2259 1838 2298 ex

250 2327 594 2396 susceptione
631 2329 920 2385 liberorum
951 2331 1168 2402 largitus
1196 2343 1277 2388 est
1307 2333 1468 2400 Deus,
1503 2342 1558 2389 ut
1593 2333 1841 2390 animata:

251 2415 628 2472 defunctorum
653 2419 910 2489 imagines
928 2430 1288 2488 remanerent,
1310 2439 1580 2494 genusque
1601 2434 1840 2480 nostrum

251 2522 700 2576 conservaretur,
730 2521 784 2566 et
811 2520 1035 2568 mortem
1061 2512 1284 2569 obituris
1310 2529 1602 2586 eorumque
1627 2520 1843 2587 propin-

251 2602 372 2670 quis
397 2603 684 2658 maximam
713 2604 1136 2660 consolationem
1161 2605 1211 2661 id
1241 2619 1471 2677 pareret,
1495 2608 1636 2679 quod
1667 2619 1843 2679 poste-

251 2709 345 2750 ros
365 2694 625 2750 haberent
664 2695 999 2766 superstites.
1028 2700 1203 2770 Atque
1242 2709 1300 2754 ut
1339 2700 1603 2772 intelligas
1644 2699 1843 2757 idcirco

253 2784 455 2840 liberos
483 2789 812 2857 expetendos
850 2789 1014 2846 fuisse
1038 2832 1054 2858 ,
1099 2791 1244 2856 audi,
1272 2806 1378 2861 quo
1407 2802 1562 2866 pacto
1588 2793 1726 2862 apud
1751 2791 1843 2848 Jo-

252 2877 382 2933 bnm
407 2890 662 2949 queratur
685 2897 748 2937 ac
767 2883 1090 2939 lamentetur
1109 2895 1226 2955 post
1251 2884 1445 2938 multas
1470 2885 1650 2955 p'agas
1671 2899 1804 2939 uxor
1827 2902 1842 2940 :

254 2970 395 3026 Ecce
416 3013 431 3036 ,
462 2972 631 3040 inquit
653 3016 669 3040 ,
707 2975 995 3031 ntemoriale
1019 2985 1160 3029 tuum
1183 2977 1328 3044 periit
1357 2975 1420 3030 de
1453 2986 1584 3030 terra
1607 3017 1624 3041 ,
1664 2987 1710 3030 et
1746 2977 1843 3046 ﬁlii

254 3063 334 3116 tui
351 3104 367 3128 ,
399 3073 444 3116 et
465 3065 587 3128 ﬁlice
609 3073 711 3119 tua:
734 3065 864 3136 (Job
895 3067 979 3122 18.
1013 3067 1140 3138 l7).
1172 3066 1240 3122 Ει
1269 3082 1452 3122 rursus
1482 3066 1548 3121 ad
1590 3067 1843 3123 Davidem

258 3151 388 3207 Saul
417 3171 432 3207 :
459 3153 591 3208 Jura
620 3155 746 3209 mihi
764 3156 819 3210 in
849 3154 1088 3221 Domino,
1118 3156 1236 3227 quia
1266 3173 1367 3210 non
1390 3157 1738 3211 erterminabis
1761 3173 1844 3210 se-

259 3260 375 3298 men
395 3261 561 3298 meum
585 3287 601 3312 ,
634 3255 682 3300 et
705 3263 884 3301 nomen
906 3263 1068 3301 meum
1099 3256 1210 3316 post
1232 3262 1312 3301 me
1336 3247 1412 3315 (1.
1447 3246 1573 3318 Reg.
1603 3246 1695 3302 21.
1725 3246 1842 3317 23).

261 3333 547 3404 Postquam
572 3344 750 3391 autem
794 3337 845 3390 in
894 3335 1098 3391 foribus
1143 3345 1226 3392 est
1267 3337 1620 3401 resurrectio,
1674 3351 1846 3408 neque

264 3424 453 3479 mortis
477 3423 586 3494 jam
617 3425 720 3480 ulla
743 3426 880 3480 ratio
909 3425 1154 3491 habetur,
1187 3426 1280 3481 sed
1305 3425 1371 3482 ad
1397 3427 1555 3482 aliam
1579 3427 1848 3498 pergimus

264 3513 425 3570 vitam
454 3515 552 3571 hac
581 3517 745 3570 multo
776 3516 1050 3571 meliorem
1075 3558 1091 3582 ,
1128 3531 1581 3586 supervacaneum
1611 3517 1844 3573 studium

262 3615 348 3660 εει
375 3605 658 3675 ejusmodi.
683 3606 739 3662 Si
777 3608 918 3663 enim
967 3607 1254 3662 liberorum
1301 3607 1568 3664 desiderio
1610 3610 1843 3676 teneris,

266 3698 439 3753 multo
491 3698 742 3755 meliores
794 3709 952 3771 atque
995 3700 1236 3757 utiliores
1281 3703 1555 3772 acquirere
1609 3702 1805 3772 poteris
1831 3743 1847 3766 .

267 3804 413 3844 nunc
447 3805 570 3845 cum
614 3790 904 3861 spiritualis
948 3791 1190 3862 quasdam
1235 3792 1473 3863 pariendi
1514 3794 1648 3848 ratio
1677 3794 1848 3849 intro-

264 3879 424 3935 ducta
455 3889 565 3948 est,
609 3882 906 3953 meliorque
944 3891 1164 3953 partus,
1202 3892 1257 3938 et
1285 3883 1522 3939 utiliores
1559 3884 1850 3940 senectutis

265 3971 486 4026 altores.
533 3973 713 4044 Itaque
741 3987 844 4029 una
868 3972 1110 4042 quaedam
1136 3982 1219 4029 εει
1241 3974 1452 4030 occasio
1475 3974 1704 4046 conjugii
1732 4016 1746 4040 ,
1793 3983 1850 4030 ut

268 4077 376 4117 non
406 4073 704 4120 seortemur
725 4079 778 4124 et
795 4067 998 4126 ideirco
1021 4063 1324 4121 remedium
1339 4065 1441 4119 hoc
1456 4064 1718 4120 invectum
1745 4073 1847 4120 est.

265 4154 420 4221 Quod
449 4156 492 4210 si
525 4165 644 4228 post
671 4157 975 4228 conjugium
1005 4155 1417 4213 scortationibus
1455 4165 1505 4212 te
1545 4157 1850 4228 inquinatu-

267 4261 362 4301 rus
381 4248 455 4302 sis
473 4289 488 4314 ,
517 4262 930 4319 supervacanee,
955 4248 1148 4306 frustra
1178 4261 1231 4306 et
1257 4251 1521 4306 incassum
1562 4249 1629 4305 ad
1664 4250 1849 4320 conju-

267 4335 414 4407 gium
442 4338 634 4393 venisti
665 4356 680 4394 ε
713 4339 821 4394 imo
851 4355 980 4395 vero
1005 4355 1110 4395 non
1140 4340 1334 4396 frustra
1362 4349 1418 4396 et
1443 4341 1710 4396 incassum
1739 4351 1855 4397 tan-

271 4439 406 4497 tum,
437 4431 532 4486 sed
557 4431 716 4486 etiam
741 4446 862 4486 cum
887 4432 1107 4489 damno.
1150 4432 1265 4488 Non
1296 4432 1436 4487 enim
1462 4448 1558 4504 par
1585 4433 1721 4489 ratio
1749 4441 1851 4502 est,

269 4521 318 4578 si
347 4521 468 4591 quis
495 4537 713 4577 uxorem
741 4539 847 4577 non
875 4523 1074 4578 habens
1095 4532 1374 4588 seortetur,
1399 4525 1513 4579 etsi
1529 4525 1648 4594 quis
1673 4525 1855 4580 matri-

271 4616 454 4670 monio
499 4623 775 4670 contracto
814 4631 998 4670 rursus
1039 4616 1266 4686 idtpsum
1309 4625 1452 4686 agat.
1499 4615 1683 4686 Neque
1712 4617 1854 4672 enim

272 4703 380 4778 jam
430 4704 558 4761 illud
602 4707 860 4762 scortatio
901 4717 1024 4772 est,
1073 4713 1166 4763 sed
1215 4707 1552 4762 adulterium.
1603 4708 1856 4776 Quamvis

272 4799 416 4853 enim
444 4801 636 4855 mirum
663 4810 719 4857 et
741 4800 974 4856 insolens
1001 4800 1070 4856 sit
1095 4799 1234 4871 quod
1261 4799 1488 4855 diximus
1509 4842 1524 4867 ,
1571 4809 1653 4857 est
1680 4810 1853 4855 tamen

274 4904 484 4946 verum.

344 4983 402 5038 ιι.
424 4981 740 5039 Adulterium
768 4984 918 5038 etiam
945 5000 1060 5038 cum
1089 4984 1244 5038 libera
1270 4984 1616 5038 committitur.
1649 5015 1720 5024 —
1741 4983 1854 5037 Non

275 5072 584 5145 ignoramus
633 5076 890 5146 plurimos
937 5075 1254 5131 adulterium
1307 5076 1552 5132 arbitrari
1611 5084 1855 5141 tantum,

273 5181 396 5219 cum
427 5167 546 5236 quis
577 5168 768 5222 marito
807 5168 1045 5238 junctam
1090 5167 1364 5222 mulierem
1391 5169 1684 5238 corrumpit
1711 5184 1727 5222 :
1759 5182 1859 5238 ego

276 5271 405 5312 vero
433 5259 546 5314 sive
569 5274 691 5314 cum
725 5259 926 5331 vulgari
957 5269 1154 5324 scorto,
1187 5260 1300 5315 sive
1328 5275 1450 5316 cum
1492 5260 1680 5316 ancilla
1702 5301 1717 5324 ,
1746 5259 1861 5315 sive

275 5364 398 5405 cum
429 5351 530 5404 alia
558 5352 804 5421 quapiam
851 5351 1075 5406 muliere
1102 5365 1206 5406 non
1251 5352 1494 5405 maritata
1521 5391 1534 5415 ,
1585 5349 1860 5420 dlegitimo

276 5440 585 5515 lascivaque
613 5460 903 5516 congressu
931 5445 1200 5526 jungatur,
1230 5459 1350 5500 cum
1377 5460 1594 5500 uxorem
1645 5445 1858 5514 haheat,

276 5533 600 5590 adulterium
638 5535 740 5593 hoc
770 5550 888 5591 esse
926 5535 1216 5592 contendo.
1261 5535 1376 5591 Non
1406 5536 1546 5591 enim
1577 5551 1644 5591 ex
1672 5551 1859 5592 eorum

280 5635 484 5681 tantum
515 5627 603 5698 qui
651 5628 1026 5684 contumeliam
1076 5628 1384 5700 patiuntur,
1430 5629 1523 5684 sed
1564 5645 1628 5684 ex
1673 5645 1860 5686 eorum

282 5718 467 5788 etiam,
495 5719 588 5792 qui
607 5720 985 5779 contumeliam
1012 5719 1265 5792 inferunt,
1286 5720 1591 5779 conditione
1630 5719 1730 5777 hoc
1749 5720 1855 5778 eri-

933 309 999 366 ΙΝ
1034 309 1271 378 ll.LUD,
1310 305 1630 366 PROPTER
1666 306 2207 367 FORNICATIONES
2241 307 2575 376 UXOREM"
2617 309 2768 368 ETC.
2800 311 2841 366 Ι.

3410 313 3510 368 211

1939 435 2063 475 men
2099 420 2345 477 adulterii
2386 422 2654 478 metimur.
2687 422 2806 479 Noli
2831 423 2973 480 enim
2999 423 3129 480 mihi
3159 423 3302 495 leges
3343 435 3521 483 exter—

1939 525 2036 564 nas
2061 511 2312 581 objicere,
2341 529 2460 584 quae
2491 515 2744 571 mulieres
2773 515 2986 586 quidem
3013 517 3332 575 adulterium
3369 534 3519 578 com-

1939 599 2210 655 mittentes
2253 602 2305 656 in
2348 602 2606 670 judicium
2655 605 3012 673 pertrahunt,
3053 617 3106 662 et
3141 623 3324 677 pmnas
3352 609 3420 664 ab
3445 609 3525 664 eis

1939 701 2185 759 repetunt
2213 711 2228 747 :
2259 709 2287 745 a
2322 695 2450 748 viris
2479 710 2606 750 vero
2631 697 2852 751 ancillas
2879 698 3184 753 vitiantibus
3219 716 3324 756 non
3352 700 3478 754 item
3507 717 3521 753 :

1938 791 1994 833 at
2040 796 2139 851 ego
2168 781 2336 852 legem
2369 784 2457 837 tibi
2493 785 2583 838 Dei
2615 787 2882 854 recitabo,
2907 804 3024 857 quae
3055 789 3167 858 pari
3211 789 3420 846 ratione
3471 790 3523 844 in

1941 871 2218 926 mulierem
2249 881 2300 926 et
2329 874 2380 926 in
2402 874 2573 928 virunt
2599 877 2962 944 exeatnlescit,
2991 887 3044 934 ct
3061 895 3171 933 rem
3197 878 3523 936 adulterium

1939 963 2191 1032 appellat.
2213 962 2342 1018 Cum
2364 966 2505 1019 enim
2524 967 2762 1029 dixisset,
2787 967 2850 1021 Et
2870 986 3180 1039 unaquaque
3195 987 3343 1026 suum
3366 973 3525 1026 virum

1942 1053 2149 1116 habeat,
2190 1053 2384 1122 adjecit
2411 1072 2426 1110 ι
2460 1055 2618 1109 Uxori
2658 1058 2732 1110 vir
2756 1058 2969 1111 debitam
2989 1061 3378 1115 benevolentiam
3404 1063 3521 1116 red-

1941 1144 2029 1196 dat
2054 1145 2072 1216 (
2094 1146 2142 1198 l.
2172 1144 2288 1199 Cor.
2319 1147 2372 1200 7.
2406 1146 2461 1218 5)
2483 1185 2496 1198 .
2538 1147 2672 1214 Quid
2706 1147 2918 1203 tandem
2951 1149 3172 1205 innuere
3202 1152 3386 1206 volens
3425 1151 3527 1206 ltoc

1941 1235 2112 1289 dixit?
2140 1253 2262 1292 ttlllll
2284 1236 2406 1292 ιιιεί
2439 1239 2673 1307 pecunia:
2702 1238 2904 1294 reditus
2921 1241 3304 1296 conservaret?
3341 1252 3397 1295 ιιι
3425 1242 3526 1296 do-

1947 1334 2054 1380 tem
2087 1327 2335 1382 illacsam?
2365 1340 2419 1383 ut
2451 1339 2630 1385 vestes
2657 1341 2994 1401 sumptuosas
3021 1334 3430 1402 suppeditaret?
3473 1344 3530 1390 ιιι

1944 1417 2220 1474 lautiorem
2245 1420 2516 1475 mensam?
2536 1431 2588 1475 ut
2612 1421 2917 1493 splendidos
2934 1422 3209 1493 sumptus?
3232 1434 3288 1478 ut
3305 1425 3527 1480 multum

1945 1523 2224 1563 servorum
2275 1509 2632 1580 obsequium?
2677 1511 2810 1579 Quid
2844 1511 2964 1567 ais?
2992 1513 3259 1582 quodnam
3301 1513 3533 1570 bern-vo-

1945 1599 2122 1655 lentia:
2149 1615 2317 1669 genus
2341 1601 2547 1672 exigis?
2579 1617 2700 1656 nam
2731 1611 2784 1656 et
2812 1601 2928 1657 haec
2959 1602 3136 1657 omnia
3198 1613 3322 1658 sunt
3366 1603 3531 1659 bene-

1945 1691 2212 1745 volentia}.
2241 1691 2379 1744 Nihil
2411 1691 2514 1746 tale
2543 1706 2907 1746 commemoro
2931 1733 2946 1755 ,
2977 1693 3166 1763 inquit.
3195 1693 3287 1748 sed
3314 1694 3532 1748 castita-

1949 1791 2053 1837 tem
2083 1797 2148 1836 ac
2170 1781 2494 1851 pudicitiam.
2524 1781 2633 1836 Viri
2663 1797 2857 1852 corpus
2884 1799 2989 1836 non
3017 1785 3243 1854 amplius
3279 1795 3362 1838 est
3409 1785 3529 1850 viri,

1946 1871 2040 1926 sed
2068 1873 2268 1926 uxoris.
2292 1871 2450 1926 Suam
2481 1873 2638 1941 igitur
2665 1873 3056 1942 possessionem
3085 1873 3302 1927 illa-satu
3326 1873 3396 1928 illi
3421 1889 3534 1928 ser-

1947 1973 2058 2028 vet,
2090 1978 2260 2031 neque
2287 1963 2588 2030 imniinuat,
2617 1978 2717 2018 nec
2742 1974 3086 2034 corrumpat;
3112 1964 3374 2035 siquidem
3397 1966 3536 2020 inter

1951 2053 2179 2108 [amulos
2205 2053 2291 2109 ille
2321 2053 2612 2110 benevolus
2640 2055 2854 2120 dicitur,
2903 2055 2994 2126 qni
3025 2055 3280 2110 herilibus
3304 2057 3537 2127 acceptis

1949 2144 2189 2216 pecuniis
2212 2187 2228 2213 ,
2276 2145 2408 2200 nihil
2446 2161 2510 2200 ex
2543 2147 2671 2215 ipsis
2702 2145 3078 2202 interverterit.
3122 2146 3345 2215 Quando
3378 2147 3538 2217 igitur

1950 2237 2130 2290 uxoris
2161 2236 2426 2306 possessio
2455 2243 2536 2290 est
2566 2235 2661 2290 viri
2691 2251 2908 2306 corpus,
2937 2236 3252 2291 benevolum
3299 2236 3381 2292 vir
3409 2253 3534 2308 erga

1955 2326 2253 2398 depositum
2282 2342 2434 2381 suum
2465 2343 2523 2382 se
2555 2329 2808 2397 prtebcat.
2840 2326 2910 2384 Ut
2947 2328 3088 2383 enim
3120 2329 3256 2384 scias
3287 2329 3386 2384 hoc
3413 2344 3534 2384 eum

1950 2419 2194 2488 innuere,
2224 2436 2342 2474 cum
2365 2420 2455 2482 ait,
2489 2420 2889 2475 Bcnerolentiam
2917 2422 3116 2485 reddat,
3149 2421 3344 2492 adjecit
3371 2439 3387 2479 :
3413 2421 3536 2477 Mu-

1951 2512 2046 2568 lier
2071 2513 2150 2567 sui
2170 2514 2395 2582 corporis
2419 2523 2712 2584 potestatein
2737 2529 2836 2566 non
2856 2513 3020 2576 habet,
3051 2514 3138 2568 sed
3165 2515 3239 2568 vir
3261 2530 3280 2568 :
3301 2515 3537 2570 similiter

1952 2615 2000 2660 et
2041 2606 2116 2659 vir
2149 2605 2228 2660 sui
2276 2606 2502 2676 corporis
2531 2614 2824 2675 potestatem
2861 2623 2962 2660 non
2995 2606 3176 2674 habet,
3221 2605 3310 2662 sed
3357 2605 3541 2661 mulier

1953 2695 2062 2767 (Ib.
2095 2713 2143 2750 υ.
2177 2696 2257 2768 4).
2279 2695 2413 2750 Cum
2441 2711 2568 2768 ergo
2598 2697 2936 2752 meretricem
2969 2698 3291 2753 allicientem
3320 2696 3538 2765 videris,

1953 2787 2291 2842 insidiantem
2316 2829 2332 2855 ,
2381 2803 2577 2859 corpus
2623 2787 2960 2844 adainantetn
2986 2831 3002 2856 ,
3050 2789 3136 2844 dic
3165 2788 3238 2844 illi
3272 2806 3286 2843 :
3315 2788 3430 2844 Non
3457 2797 3542 2846 est

1958 2895 2135 2934 meum
2165 2895 2380 2949 corpus,
2410 2882 2590 2934 uxoris
2609 2890 2693 2936 est
2713 2896 2846 2937 mea:
2875 2898 2889 2935 :
2924 2882 3014 2936 illo
3041 2881 3186 2936 abuti
3212 2896 3319 2936 non
3345 2881 3538 2949 audeo,

1953 2987 2126 3043 neque
2152 2973 2304 3028 alteri
2344 2973 2554 3026 mulieri
2583 2972 2634 3026 id
2659 2987 2950 3042 exponere.
2976 2973 3088 3028 Hoc
3128 2983 3183 3029 et
3218 2973 3376 3029 faciat
3421 2989 3540 3029 mu-

1954 3062 2073 3119 lier.
2105 3061 2292 3132 Magna
2317 3061 2514 3132 quippe
2543 3062 2627 3116 hic
2650 3071 2734 3116 est
2763 3062 2978 3117 honoris
2999 3063 3306 3133 aequalitas:
3334 3063 3543 3119 tametsi

1954 3153 2175 3209 multam
2207 3152 2259 3207 in
2285 3152 2496 3207 caeteris
2536 3151 2721 3207 tribuit
2761 3153 3130 3208 excellentiam
3167 3163 3222 3209 et
3243 3153 3379 3223 juris
3408 3169 3542 3224 ρεςε-

1953 3243 2243 3315 rogativam
2271 3241 2467 3297 Paulus
2496 3242 2564 3296 ita
2595 3243 2814 3298 dicens:
2853 3241 3206 3298 Verumtamen
3235 3254 3283 3298 et
3315 3260 3404 3299 vos
3431 3245 3542 3300 sin-

1954 3339 2080 3410 guli,
2099 3347 2152 3391 ut
2173 3336 2516 3406 unusquisque
2534 3352 2678 3389 suam
2699 3352 2904 3390 uxorem
2926 3337 2995 3390 ita
3016 3337 3214 3407 diligat,
3230 3348 3281 3389 ut
3296 3337 3544 3406 seipsnm:

1956 3445 2086 3484 uxor
2117 3439 2284 3483 autem
2315 3438 2370 3482 ut
2409 3427 2580 3483 timeat
2605 3428 2765 3482 virum
2791 3446 2936 3482 suum
2962 3427 3178 3502 (Ep/tes.
3200 3429 3253 3485 5.
3284 3430 3374 3500 35)
3409 3451 3422 3485 ε
3451 3439 3506 3485 ει
3525 3471 3541 3494 ,

1957 3518 2121 3590 Caput
2147 3519 2373 3574 mulieris
2401 3527 2472 3573 est
2499 3519 2574 3574 vir
2601 3535 2619 3572 :
2649 3527 2725 3585 et,
2768 3517 2923 3573 Debet
2957 3519 3139 3573 mulier
3166 3521 3272 3574 viro
3298 3537 3402 3575 esse
3421 3521 3542 3576 sub-

1946 3610 2087 3681 jecta
2129 3609 2290 3683 (Ibid.
2321 3626 2368 3664 υ.
2395 3609 2485 3666 23.
2511 3609 2642 3679 22).
2673 3609 2740 3664 Et
2782 3625 2963 3664 rursus
3023 3610 3075 3664 in
3131 3609 3307 3666 Veteri
3354 3611 3545 3666 Testa-

1957 3709 2140 3756 mento
2170 3718 2184 3756 :
2210 3700 2293 3755 Ad
2318 3701 2479 3756 virum
2503 3703 2760 3757 conversio
2787 3711 2906 3769 tua,
2946 3713 2991 3756 et
3032 3704 3140 3774 ipse
3166 3704 3238 3758 tui
3266 3703 3548 3759 dominabi-

1957 3807 2040 3853 tur
2063 3797 2226 3872 (Gen.
2259 3799 2312 3854 3.
2346 3797 2470 3870 l6).
2499 3797 2779 3866 Quomodo
2820 3798 2977 3869 igitur
3011 3797 3114 3854 hoc
3142 3798 3260 3853 loco
3287 3800 3546 3870 aequalem

1958 3889 2445 3945 remunerationem
2505 3889 2779 3944 servitutis
2830 3897 2886 3944 et
2949 3889 3250 3944 dominatus
3300 3890 3548 3944 induxit?

1957 3981 2094 4038 Cum
2117 3982 2259 4037 enim
2287 3981 2520 4047 dixerit,
2565 3979 2752 4035 Mulier
2776 3982 2855 4035 sui
2877 3982 3102 4052 corporis
3129 3991 3419 4051 potestatein
3445 3999 3548 4037 non

1967 4071 2152 4138 habet,
2197 4071 2286 4125 sed
2317 4071 2394 4125 eir
2413 4086 2432 4125 :
2452 4071 2684 4137 similiter
2712 4080 2759 4126 et
2787 4071 2861 4124 uir
2891 4071 2971 4126 sui
2995 4073 3224 4140 corporis
3254 4082 3548 4142 potestatem

1961 4181 2061 4218 non
2091 4162 2256 4231 habet,
2277 4163 2366 4217 sed
2392 4161 2572 4216 mulier
2593 4162 2683 4236 (1.
2713 4161 2832 4218 Cor.
2862 4164 2916 4218 7.
2944 4164 2978 4218 4
2997 4163 3037 4234 ),
3067 4177 3310 4234 magnam
3331 4163 3550 4234 aquali-

1965 4263 2124 4310 tatem
2152 4254 2451 4309 constituit.
2481 4251 2549 4308 Et
2573 4254 3021 4325 quemadmodum
3051 4255 3140 4310 ille
3163 4255 3404 4324 corporis
3429 4255 3548 4324 ejus

1960 4354 2046 4402 est
2087 4345 2336 4400 dominus
2359 4387 2376 4413 ,
2424 4346 2503 4400 sic
2537 4355 2593 4401 et
2621 4345 2720 4400 ista
2740 4346 2980 4416 corporis
3011 4345 3152 4400 illius
3191 4355 3274 4400 est
3310 4344 3548 4400 domina.

1961 4435 2069 4493 Cur
2111 4437 2269 4508 igitur
2301 4446 2500 4494 tantam
2551 4436 2911 4508 aequalitatem
2960 4437 3178 4491 honoris
3219 4437 3549 4492 introduxit?

1962 4527 2114 4597 Quod
2147 4528 2392 4583 nimirum
2419 4528 2503 4582 hic
2525 4528 2824 4583 necessaria
2846 4528 2916 4581 sit
2935 4526 3221 4582 eminentia
3257 4544 3270 4581 :
3305 4527 3390 4582 ubi
3415 4543 3542 4582 vero

1961 4619 2221 4673 castitatis
2251 4627 2456 4688 tempus
2480 4626 2631 4672 estet
2663 4616 2952 4688 pudicitiae,
2973 4615 3104 4671 nihil
3129 4617 3357 4688 amplius
3388 4617 3550 4674 habet

1965 4709 2063 4775 vir,
2087 4725 2245 4780 quam
2272 4709 2497 4773 mulier,
2526 4707 2620 4763 sed
2651 4708 2762 4778 pari
2791 4708 2996 4764 ratione
3021 4723 3142 4763 cum
3166 4708 3254 4763 illa
3281 4709 3548 4778 plectitur,

1967 4801 2012 4854 si
2045 4800 2191 4870 leges
2221 4799 2450 4870 conjugii
2473 4797 2770 4862 violaverit,
2801 4813 2862 4852 ac
2886 4799 3076 4854 merito
3099 4813 3246 4854 sane.
3270 4798 3384 4853 Non
3407 4800 3548 4856 enim

1963 4891 2028 4947 ad
2055 4899 2106 4947 te
2132 4891 2323 4945 mulier
2363 4891 2561 4945 idcirco
2590 4891 2755 4956 venit,
2805 4899 2859 4946 et
2896 4900 3102 4960 patrem
3133 4899 3187 4944 et
3215 4901 3436 4946 matrem
3463 4899 3550 4946 to-

1967 4993 2178 5051 tamque
2202 4983 2417 5038 domum
2445 4982 2748 5053 dereliquit,
2784 4993 2840 5038 ut
2865 4998 2895 5037 a
2926 4993 2978 5039 te
3005 4984 3344 5039 contumeliis
3370 4984 3550 5041 aftiee-

1966 5087 2129 5139 retur,
2154 5085 2209 5131 et
2239 5075 2395 5130 vilem
2418 5073 2724 5130 ancillulam
2753 5075 2852 5146 ipsi
2884 5074 3352 5145 superinduceres,
3381 5085 3438 5130 ut
3467 5077 3551 5131 in-

1966 5181 2218 5221 numeras
2246 5179 2450 5235 pugnas
2474 5165 2737 5221 excitares
2775 5185 2789 5221 :
2823 5165 3070 5220 comitem
3097 5174 3151 5220 et
3176 5165 3375 5220 sociam
3405 5166 3551 5233 vitae,

1967 5258 2191 5314 liberam
2232 5268 2286 5315 et
2316 5258 2520 5316 honore
2550 5275 2732 5331 parem
2761 5259 3034 5330 accepisti.
3063 5258 3255 5313 Annon
3285 5257 3426 5313 enim
3457 5257 3554 5312 ab-

1967 5351 2184 5406 surdum
2201 5359 2304 5418 est,
2329 5362 2384 5406 ut
2409 5367 2528 5408 cum
2550 5351 2730 5407 dotem
2755 5351 3050 5422 acceperis,
3069 5365 3281 5406 omnem
3299 5347 3553 5407 exhibeas

1970 5440 2394 5498 benevolentiam
2413 5483 2431 5506 ,
2473 5443 2710 5514 nihilque
2736 5457 2802 5498 ex
2827 5443 2912 5498 illa
2939 5443 3258 5497 imminuas:
3289 5441 3428 5514 quod
3453 5456 3552 5497 au-

1971 5545 2078 5594 tem
2107 5536 2292 5606 quavis
2333 5533 2460 5591 dote
2504 5534 2787 5606 pretiosius
2816 5544 2917 5601 est,
2945 5534 3243 5590 castitatem
3267 5542 3325 5588 et
3353 5532 3556 5603 pudici.

1971 5629 2119 5695 tiam,
2147 5636 2401 5699 tuumque
2432 5639 2652 5697 corpus,
2677 5623 2820 5697 quod
2851 5624 2992 5680 illius
3019 5631 3102 5680 est
3119 5638 3408 5695 possessio,
3435 5639 3552 5680 cor-

1973 5736 2190 5795 rumpas
2228 5729 2284 5778 ct
2339 5717 2585 5793 polluas?
2634 5718 2691 5776 Si
2736 5715 2916 5776 dotem
2953 5715 3322 5786 imminueris,
3365 5731 3559 5775 socero
