4110 6198
517 251 626 308 115

523 366 788 422 rationem
823 363 1015 420 reddes
1039 381 1054 419 :
1081 363 1126 418 si
1152 363 1449 418 castitatem
1489 360 1820 416 imminueris
1846 403 1860 425 ,
1896 357 2034 412 Deus
2076 368 2107 406 a

523 468 576 514 te
598 473 786 530 penas
810 459 1034 528 exiget,
1084 457 1172 523 qtti
1201 457 1410 524 nuptias
1453 454 1761 515 introduxit,
1811 462 1865 507 et
1891 468 2109 508 uxorem

522 550 616 605 tibi
654 549 892 604 tradidit.
923 550 1095 617 Atque
1125 547 1227 601 hoc
1265 561 1449 600 verum
1496 560 1617 600 esse
1665 545 1884 616 colliges
1913 560 1976 599 ex
2007 545 2070 598 iis
2094 584 2109 608 ,

520 655 645 708 qua:
690 639 758 694 de
799 639 1057 694 adulteris
1095 639 1170 693 ait
1210 639 1404 694 Paulus
1433 655 1446 692 :
1481 638 1579 704 Qui
1609 638 1739 691 cnim
1763 637 1986 705 spernit,
2014 653 2114 689 non

521 729 776 783 hominem
801 731 1022 797 spernit,
1054 730 1142 783 sed
1171 729 1329 784 Deum
1349 768 1365 792 ,
1389 729 1477 798 qui
1513 729 1649 782 dedit
1680 729 1931 796 Spiritum
1967 743 2115 781 suum

522 829 755 872 tunctum
782 820 834 873 in
864 820 998 874 vobis
1028 820 1113 891 (l.
1147 820 1322 874 Thess.
1349 821 1402 873 Δ.
1434 817 1526 890 8
1562 819 1720 874 Vides
1746 833 1902 888 quam
1932 819 2115 873 multis

519 911 705 965 verbis
747 922 1022 965 ostensum
1068 927 1136 965 ex
1170 911 1442 980 Scriptura
1481 911 1553 965 sit
1592 910 1908 964 adulterium
1952 925 2072 964 esse
2097 951 2114 975 ,

524 1018 636 1056 non
663 1004 832 1058 solum
860 1004 902 1057 si
935 1004 1138 1056 marito-
1149 1003 1386 1072 junctam
1419 1001 1721 1068 mulierem,
1755 1001 1849 1056 sed
1879 1002 2036 1054 etiant
2067 1001 2111 1055 si

530 1097 774 1168 quamvis
831 1098 1166 1150 meretricem
1210 1103 1518 1165 corrumpat
1568 1096 1612 1149 is
1660 1097 1748 1165 qui
1793 1095 1863 1149 sit
1902 1095 2120 1163 junctus

532 1187 724 1247 uxori?
745 1185 876 1240 Nam
900 1186 1345 1256 quemadmodum
1367 1185 1630 1240 adulterio
1653 1186 1815 1255 pollui
1840 1186 2116 1240 mulierem

532 1277 760 1332 dicimus
784 1318 798 1341 ,
855 1279 967 1330 sive
1003 1292 1123 1330 cum
1159 1292 1336 1343 servo,
1367 1277 1479 1330 sive
1506 1291 1626 1330 cum
1655 1276 1760 1330 alio
1785 1291 2122 1346 quocumque

533 1377 755 1438 peccet:
781 1369 860 1422 sic
883 1368 1042 1421 etiant
1075 1368 1244 1422 virum
1275 1367 1593 1423 adulterium
1627 1369 1961 1423 committere
1986 1367 2122 1423 dici-

539 1475 654 1517 n.us
675 1501 690 1524 ,
723 1461 836 1514 sive
862 1474 982 1514 cum
1013 1460 1261 1515 ancillula
1283 1501 1296 1525 ,
1340 1461 1452 1514 sive
1489 1476 1609 1515 eum
1639 1476 1973 1532 quocumque
2005 1461 2122 1514 vul-

537 1551 646 1620 gari
677 1558 856 1606 scorto
886 1567 1106 1607 uxorem
1139 1551 1336 1607 habens
1364 1550 1635 1607 libidinem
1662 1553 1894 1622 expleat.
1927 1551 2002 1607 Ne
2029 1551 2126 1622 igi-

538 1652 622 1695 tur
647 1643 874 1697 salutem
905 1651 1138 1696 nostram
1167 1643 1494 1712 negligamus
1519 1683 1532 1705 ,
1580 1657 1716 1698 neve
1744 1653 1978 1697 nostram
2011 1643 2126 1695 ani-

537 1748 678 1786 mam
727 1747 820 1800 per
859 1733 960 1787 hoc
1012 1743 1285 1802 peccatmn
1332 1734 1546 1787 diabolo
1591 1749 1940 1803 exponamus.
1991 1734 2125 1788 llinc

539 1825 681 1878 enim
715 1825 1008 1878 innumera:
1051 1823 1370 1878 familiarum
1413 1826 1656 1879 oriuntur
1695 1826 2001 1880 eversiones
2025 1867 2039 1889 ,
2073 1835 2127 1882 et

539 1916 677 1970 bella
720 1916 995 1971 innumera
1037 1935 1050 1970 :
1096 1916 1221 1972 hinc
1245 1918 1339 1984 ﬁt,
1386 1927 1443 1971 ut
1485 1918 1680 1973 caritas
1721 1918 2026 1985 dilabatur,
2075 1929 2127 1973 et

540 2008 908 2063 benevolentia
949 2009 1310 2064 subtrahatur.
1367 2009 1500 2065 Nam
1549 2022 1606 2065 ut
1646 2011 1759 2066 ﬁeri
1802 2012 2022 2081 nequit,
2069 2021 2128 2068 ut

541 2101 703 2155 homo
729 2111 906 2156 castus
937 2117 1156 2157 uxorem
1197 2103 1426 2173 negligat
1453 2119 1705 2174 umquam
1737 2119 1800 2158 ac
1827 2103 2125 2173 despiciat:

541 2192 620 2246 sic
648 2209 820 2262 neque
851 2193 965 2248 ﬁeri
998 2203 1193 2264 potest,
1227 2206 1283 2248 ut
1315 2197 1473 2248 homo
1504 2197 1863 2268 intemperans
1888 2204 1941 2249 et
1969 2195 2128 2250 lasci-

543 2302 639 2340 vus
669 2303 889 2342 uxorem
921 2301 1068 2342 suam
1098 2289 1298 2359 diligat,
1330 2288 1398 2342 sit
1428 2290 1551 2344 licet
1580 2291 1816 2344 omnium
1847 2289 2128 2345 formosis-

543 2377 843 2432 sima.Nam
867 2395 928 2433 ex
954 2381 1196 2435 castitate
1222 2382 1416 2435 caritas
1437 2383 1622 2445 oritur,
1650 2397 1717 2435 ex
1748 2383 1970 2437 eariutte
1991 2383 2130 2438 bona

545 2470 842 2524 innmnera.
870 2470 973 2524 Fac
997 2471 1156 2540 igitur
1184 2471 1419 2540 lapideas
1446 2473 1698 2527 mulieres
1726 2474 1958 2543 reliquas
1989 2475 2130 2528 arbi-

545 2562 721 2625 treris,
752 2577 870 2616 cum
901 2563 1195 2634 intelligas,
1249 2565 1292 2618 si
1325 2563 1535 2618 lascivis
1559 2566 1725 2619 oculis
1751 2566 1978 2621 alienam
2009 2583 2131 2622 mu-

545 2652 730 2706 lierem
774 2653 1028 2707 intuearis
1066 2656 1178 2709 sive
1223 2655 1484 2724 publicam
1509 2657 1620 2710 sive
1643 2656 1880 2725 junctam
1911 2659 2045 2722 viro,
2081 2666 2133 2713 te

546 2743 909 2799 adulterorum
964 2745 1175 2799 crimini
1227 2746 1517 2800 obnoxium
1567 2762 1685 2802 esse
1736 2747 1954 2804 factum.
2009 2749 2134 2803 Haec

547 2837 644 2892 tibi
673 2838 768 2907 ipsi
797 2838 1032 2908 quotidie
1057 2841 1216 2894 verba
1241 2841 1424 2894 occine
1448 2857 1463 2896 :
1488 2841 1627 2911 quod
1659 2842 1704 2896 si
1731 2842 1954 2896 alterius
1996 2857 2134 2896 uxo-

547 2929 623 2983 ris
654 2930 706 2984 in
734 2942 784 2984 te
825 2932 1023 2986 sentias
1054 2932 1396 3002 cupiditatem
1436 2933 1814 2999 exartlescere,
1857 2950 1920 2989 ac
1942 2935 2135 2992 deinde

549 3022 726 3076 minus
756 3023 954 3077 idcirco
983 3024 1074 3096 tibi
1113 3034 1254 3078 tuam
1305 3041 1523 3080 uxorem
1569 3027 1814 3097 placere,
1864 3029 2136 3100 ingressus

549 3117 803 3172 conclave
823 3158 838 3182 ,
885 3117 1075 3173 librum
1110 3118 1248 3175 hunc
1270 3121 1489 3184 evolve,
1523 3120 1847 3193 Paulumque
1877 3123 2135 3180 adhibens

549 3211 994 3276 interventorem,
1022 3227 1082 3265 ac
1108 3212 1201 3266 tibi
1232 3211 1346 3266 hinc
1371 3211 1529 3267 verba
1559 3211 1864 3283 frequenter
1885 3216 2135 3272 occinens

547 3299 814 3354 ﬂammam
846 3305 1141 3372 cxstingne.

622 3390 771 3444 Nihil
796 3394 993 3460 turpius
1022 3395 1126 3446 viro
1154 3402 1420 3448 scorlante.
1439 3425 1510 3434 —
1535 3394 1625 3450 Sic
1652 3395 1743 3452 lict
1771 3406 1828 3451 ut
1855 3407 1908 3452 et
1935 3398 2138 3468 gratior

550 3481 642 3534 tibi
667 3498 877 3536 rursum
903 3482 1075 3535 futura
1100 3484 1171 3537 sit
1193 3500 1344 3547 uxor,
1374 3500 1493 3538 cum
1522 3487 1666 3540 nulla
1694 3487 1955 3556 cupiditas
1985 3499 2129 3544 tuam

548 3586 672 3639 erga
703 3571 846 3624 illam
893 3571 1314 3628 beneVoletttiattt
1359 3575 1682 3630 labi-faetet:
1718 3593 1890 3648 neque
1933 3589 2135 3636 tantum

548 3661 750 3730 gratior
793 3663 892 3716 erit
923 3679 1075 3731 uxor,
1105 3665 1198 3718 sed
1247 3674 1300 3719 tn
1328 3681 1539 3736 quoque
1567 3668 1840 3725 honestior
1881 3687 1944 3726 ac
1972 3690 2136 3728 venu-

549 3753 684 3806 stior
707 3768 828 3807 esse
855 3753 1136 3810 videberis.
1166 3756 1307 3811 Nihil
1353 3759 1493 3814 enim
1520 3769 1635 3825 est,
1683 3762 1811 3815 nihil
1841 3765 1995 3833 p‘ane
2024 3776 2136 3819 tur-

551 3842 668 3911 pius
719 3843 954 3909 homine,
1005 3847 1096 3917 qui
1148 3858 1421 3904 contracto
1468 3853 1806 3906 matrimonio
1852 3866 2135 3912 scortatur.

549 3936 665 3991 Non
694 3940 833 3992 enim
857 3954 1035 3993 coram
1068 3956 1256 3997 Socero
1284 3952 1508 4009 tantum,
1541 3956 1593 4000 et
1632 3947 1840 4014 amicis,
1875 3950 2136 4018 etobviis,

549 4029 643 4084 sed
673 4031 830 4086 etiam
863 4048 1042 4088 coram
1072 4035 1242 4090 servis
1273 4036 1400 4106 ipsis
1426 4039 1711 4094 erubescit.
1754 4041 1936 4111 Neque
1967 4045 2138 4098 solum

551 4130 633 4175 est
661 4125 760 4176 hoc
797 4124 1016 4191 malum,
1047 4127 1139 4179 sed
1172 4128 1354 4194 etiam,
1393 4131 1534 4198 quod
1565 4133 1728 4200 ipsius
1757 4134 1947 4188 domus
1982 4151 2139 4205 aspe-

551 4221 667 4265 ctus
715 4212 1050 4284 injucundior
1084 4218 1183 4271 erit
1208 4259 1220 4280 ,
1254 4234 1410 4288 quam
1441 4223 1670 4275 carceris
1714 4223 1968 4293 cujusvis.
2017 4243 2136 4281 cum

551 4304 777 4361 amicam
809 4315 933 4362 ante
964 4308 1146 4363 oculos
1194 4311 1417 4377 positam
1477 4311 1702 4379 habeat,
1751 4330 1814 4370 ac
1842 4319 2141 4376 meretricis

551 4410 763 4466 semper
786 4399 1066 4470 imaginem
1090 4410 1269 4457 mente
1296 4403 1506 4458 verset?

627 4489 780 4544 5.\’is
805 4499 856 4544 tu
880 4492 1042 4559 probe
1071 4493 1389 4564 intelligere,
1407 4504 1661 4570 quantum
1690 4499 1758 4552 sit
1777 4497 1878 4554 hoc
1901 4500 2143 4557 malum?

554 4578 736 4649 Cogita
780 4583 990 4650 qualem
1016 4582 1212 4638 ducant
1247 4586 1428 4652 vitam,
1454 4587 1540 4656 qni
1568 4603 1692 4642 suas
1731 4605 1924 4644 uxores
1953 4605 2141 4661 SUSpe-

553 4681 666 4724 etas
691 4670 909 4734 habent,
939 4687 1044 4744 quo
1073 4683 1224 4742 pacto
1253 4676 1553 4744 injucunda:
1597 4679 1700 4733 illis
1727 4682 1834 4734 sint
1870 4696 2029 4750 escat,
2062 4683 2144 4736 itt-

555 4762 768 4831 jncundi
822 4773 996 4833 putus.
1053 4765 1276 4821 Vcncuis
1322 4785 1504 4823 mensa
1547 4771 1754 4830 videtur
1798 4785 2037 4842 scatere,
2090 4787 2143 4832 et

563 4863 833 4923 tamquam
875 4856 1098 4910 exitium
1153 4857 1368 4914 domum
1401 4859 1605 4933 fugiunt
1654 4865 1806 4918 malis
1849 4866 2144 4924 innumeris

559 4944 962 5002 redundantem.
995 4947 1111 5005 Non
1146 4951 1249 5006 illis
1278 4968 1517 5019 Somnus,
1546 4971 1651 5011 non
1677 4972 1777 5009 nox
1805 4967 1885 5012 est
1912 4960 2138 5030 placida,

558 5054 661 5092 non
689 5039 978 5094 amicorum
1006 5057 1342 5113 congressus,
1373 5059 1476 5100 non
1506 5046 1602 5114 ipsi
1627 5047 1756 5102 radii
1779 5050 2019 5107 solares:
2049 5053 2143 5110 sed

555 5131 620 5187 ab
649 5133 764 5203 ipso
791 5135 992 5188 lumine
1020 5150 1078 5189 se
1100 5135 1295 5190 oll‘endi
1326 5145 1528 5204 putant,
1554 5155 1660 5193 non
1694 5151 1800 5195 tum
1828 5143 2000 5197 Solum
2019 5161 2142 5200 cum

555 5227 820 5282 adulterio
851 5228 1009 5298 pollui
1037 5246 1254 5284 uxorem
1297 5233 1543 5298 viderint,
1592 5235 1684 5290 scd
1721 5237 1880 5292 ctiant
1935 5256 2056 5295 cum
2089 5242 2139 5295 in

555 5321 996 5390 qualemcumque
1038 5324 1394 5390 suspicionem
1443 5329 1582 5388 illius
1643 5331 1813 5402 culpa:
1877 5348 2140 5392 venerint.

559 5412 701 5468 Idem
732 5413 975 5470 accidere
1023 5426 1075 5470 ct
1106 5419 1254 5472 uxori
1286 5429 1431 5490 puta,
1484 5439 1602 5478 cum
1633 5440 1660 5476 a
1709 5427 1944 5495 quolibet
1975 5430 2024 5484 id
2052 5447 2144 5484 an-

553 5503 770 5568 diverit,
803 5506 884 5562 vel
913 5506 1070 5562 etiam
1100 5507 1262 5566 fuerit
1302 5514 1567 5582 suspicata
1587 5557 1602 5582 ,
1634 5525 1684 5572 te
1725 5519 1935 5575 mulieri
1966 5537 2143 5584 mere-

563 5593 684 5682 trici
711 5599 937 5666 tcipsunt
985 5601 1274 5660 addixisse.
1327 5604 1451 5662 ΙΙωο
1493 5608 1630 5676 apud
1686 5618 1738 5664 te
1769 5613 2007 5682 cogitans
2038 5631 2142 5670 non

559 5680 818 5741 adulteria
871 5699 1073 5752 tantum
1105 5695 1251 5767 fuge,
1294 5699 1387 5755 sed
1415 5700 1574 5757 etiam
1595 5680 1925 5774 suspiciones
1952 5723 1963 5763 :
1999 5709 2140 5780 quod

1235 247 1293 303 S.
1333 244 1612 305 JOANNIS
1647 237 2129 298 CllRYSOSTOMl
2167 239 2481 296 ARClllEP.
2522 237 3056 297 CONSTANTINOP.

3697 243 3827 300 216

2220 352 2264 406 si
2293 352 2560 408 immerito
2604 353 2925 424 snSpicetur,
2976 355 3126 424 placa
3151 352 3295 409 illaut
3325 362 3378 410 et
3402 353 3583 411 verbis
3629 355 3822 412 flecte.

2218 445 2335 500 Non
2365 447 2508 502 enim
2533 448 2656 502 odio
2684 447 2765 502 vel
2814 448 2946 501 fastu
2980 447 3227 516 impulsa,
3277 445 3372 502 sed
3401 463 3508 518 pra:
3537 448 3697 502 nimia
3729 448 3823 505 tui

2219 555 2345 594 cura
2375 539 2426 593 id
2471 539 2616 605 facit,
2641 540 2888 610 quodque
2933 539 3002 595 de
3045 553 3140 593 sua
3180 540 3519 610 possessione
3561 539 3714 596 valde
3739 540 3826 595 ti-

2223 640 2383 686 meat.
2414 631 2692 686 Possessio
2719 632 2914 701 quippe
2939 631 3107 702 ipsius
3133 640 3234 696 est,
3264 640 3319 685 ut
3349 643 3473 687 ante
3501 631 3610 686 dixi
3636 673 3651 697 ,
3680 648 3822 687 cor-

2222 739 2319 792 pus
2350 731 2518 790 tuum,
2543 734 2595 778 et
2625 725 2894 794 possessio
2921 739 3096 779 rerum
3129 725 3368 779 omnium
3397 725 3824 794 pretiosissima.

2221 819 2338 874 Noli
2361 835 2488 888 ergo
2515 821 2566 872 in
2589 834 2648 873 re
2677 819 2906 872 maxima
2935 818 3078 872 illam
3107 817 3323 882 ltedere,
3352 834 3524 889 neque
3550 817 3705 874 letale
3729 817 3820 872 illi

2223 911 2415 964 vulnus
2461 909 2688 980 infligas.
2741 909 2998 978 Quamvis
3063 909 3205 962 enim
3253 908 3400 963 illam
3458 919 3819 964 contemnas.

2226 1006 2391 1058 Deum
2422 1014 2595 1057 tamen
2625 1001 2791 1059 debes
2823 1003 3011 1056 timere
3039 1000 3302 1070 ejusmodi
3328 1001 3611 1055 criminum
3640 998 3825 1056 vindi-

2223 1110 2363 1160 cem,
2392 1105 2446 1151 et
2493 1096 2582 1166 qtti
2624 1094 2813 1148 talibus
2857 1093 3065 1148 delictis
3111 1091 3446 1147 intolerabile
3494 1091 3822 1160 supplicium

2225 1186 2601 1241 comminatur.
2652 1184 2853 1239 Eorum
2901 1182 3179 1252 enim,qui
3207 1182 3328 1236 talia
3379 1191 3682 1251 perpetrare
3709 1182 3826 1235 sint

2226 1278 2364 1346 ausi,
2393 1278 2583 1348 inquit,
2626 1276 2816 1330 Vermis
2839 1291 2938 1328 nou
2964 1275 3226 1338 morietur,
3258 1282 3305 1326 et
3332 1272 3464 1342 ignis
3497 1289 3596 1325 non
3625 1272 3826 1326 crstin-

2227 1379 2406 1441 guetur
2431 1367 2620 1439 (Marc.
2643 1367 2697 1422 9.
2728 1364 2839 1436 45).
2869 1362 3023 1433 Quod
3049 1363 3093 1418 si
3119 1377 3224 1417 non
3261 1360 3546 1415 admodum
3579 1369 3826 1431 pungunt

2231 1472 2283 1517 te
2305 1460 2500 1523 futura,
2535 1468 2770 1513 terreant
2792 1465 2842 1510 te
2863 1454 3050 1510 saltem
3079 1453 3384 1524 prmsenlia.
3417 1453 3565 1508 Multi
3595 1451 3822 1523 quidem

2229 1564 2377 1609 certe
2428 1551 2662 1617 illorum,
2717 1549 2806 1619 qui
2851 1547 3218 1603 meretricibus
3269 1547 3564 1610 adhaerent,
3615 1546 3667 1598 in
3716 1543 3827 1598 hac

2229 1647 2388 1702 etiam
2438 1644 2543 1698 vita
2569 1641 2694 1696 mali
2719 1641 2857 1696 male
2885 1640 3192 1710 perierunt,
3220 1637 3446 1693 curiosis
3474 1635 3824 1691 meretricum

2231 1738 2434 1792 insidiis
2460 1734 2723 1806 oppressi.
2750 1734 2880 1787 Dum
2903 1731 3043 1787 enim
3063 1731 3163 1786 ilhc
3181 1729 3511 1784 contendunt
3535 1743 3562 1782 a
3586 1727 3822 1796 legitima

2233 1845 2398 1885 uxore
2441 1845 2503 1884 ac
2525 1827 2866 1883 matrimonio
2895 1825 3080 1894 juncta
3122 1824 3266 1878 illum
3308 1822 3566 1885 alienare,
3615 1836 3826 1890 suoque

2231 1939 2414 1979 amore
2442 1923 2648 1994 penitus
2693 1921 2841 1974 illum
2870 1919 3177 1974 devinctum
3214 1927 3415 1980 tenere,
3463 1913 3741 1984 priestigiis
3765 1922 3826 1967 et

2233 2015 2679 2071 incantationibus
2705 2022 2942 2077 utuntur,
2965 2008 3220 2065 amatoria
3249 2016 3436 2077 parant
3463 2004 3738 2069 veneficia,
3766 2013 3825 2060 et

2233 2109 2426 2164 multas
2483 2105 2885 2161 fascinationem
2938 2100 3174 2157 fallacias
3227 2107 3455 2154 texunt:
3499 2098 3578 2153 sic
3627 2097 3826 2152 deinde

2233 2216 2353 2256 cum
2385 2200 2533 2254 illum
2563 2198 2613 2252 in
2645 2211 2864 2268 gravem
2893 2195 3136 2250 morbum
3184 2192 3533 2260 eonjeeerint,
3587 2189 3701 2244 dira
3735 2188 3826 2243 lue

2236 2303 2561 2362 correptum,
2595 2289 2750 2359 longa
2783 2286 2900 2342 tabe
2925 2293 3300 2355 consumptum
3327 2291 3381 2337 et
3417 2280 3708 2335 innumeris
3728 2277 3825 2332 ob-

2235 2393 2412 2439 rutum
2461 2381 2655 2448 malis,
2705 2379 2861 2448 hujus
2913 2377 3045 2431 lucis
3099 2391 3256 2430 usura
3307 2375 3534 2444 privant.
3581 2372 3636 2427 Si
3685 2370 3826 2427 forte

2234 2475 2530 2546 gehennam
2558 2488 2663 2526 non
2697 2468 3038 2532 reformidas,
3067 2467 3139 2520 mi
3178 2465 3359 2530 homo,
3389 2463 3680 2535 praestigias
3708 2460 3824 2515 illa-

2236 2582 2353 2621 rqu
2378 2562 2686 2619 reformida.
2710 2561 2845 2617 Cum
2873 2562 3014 2614 enim
3049 2573 3146 2629 per
3170 2557 3432 2611 luxuriam
3455 2555 3610 2609 istam
3640 2553 3826 2608 divino

2237 2657 2486 2729 prtcsidio
2532 2667 2582 2712 te
2628 2653 2935 2725 privaveris,
2959 2660 3014 2707 et
3039 2650 3236 2706 caelesti
3263 2647 3460 2703 auxilio
3487 2645 3824 2716 Spoliaveris,

2239 2760 2347 2805 tum
2374 2749 2627 2804 audacter
2646 2746 2898 2802 invadens
2924 2752 2979 2801 te
3000 2742 3273 2808 meretrix,
3301 2755 3532 2810 suosque
3552 2739 3829 2793 dmntonrs

2237 2842 2501 2898 advocatis
2531 2839 2741 2895 laminis
2768 2847 2821 2893 et
2848 2837 3092 2892 amuletis
3115 2833 3367 2889 adhibitis
3387 2875 3400 2899 ,
3432 2833 3645 2900 suisque
3683 2838 3828 2885 strn-

2238 2935 2338 2989 ctis
2380 2932 2586 2988 insidiis
2629 2929 2878 2985 facillime
2902 2929 3130 2983 salutem
3175 2935 3318 2981 tuam
3349 2933 3633 2995 expugnat,
3669 2932 3827 2992 teque

2240 3024 2450 3095 probris
2471 3022 2755 3079 obnoxium
2777 3037 2840 3077 ac
2857 3021 3134 3076 ridendum
3158 3018 3424 3084 omnibus,
3450 3017 3535 3086 qui
3555 3015 3825 3070 civitatem

2241 3117 2501 3181 incolunt,
2537 3115 2812 3185 propinat,
2845 3123 2902 3167 ut
2951 3127 3048 3166 nec
3078 3111 3152 3165 illi
3205 3109 3522 3164 calamitatis
3576 3121 3824 3175 umquam

2243 3220 2346 3265 tua:
2385 3210 2727 3265 miseratione
2779 3215 3109 3260 moveantur.
3152 3201 3449 3280 Quisgenim
3493 3197 3823 3262 miserebitur,

2241 3303 2413 3373 inquit
2442 3345 2456 3370 ,
2484 3301 2786 3355 incantatori
2809 3317 2841 3354 a
2865 3306 3090 3367 serpente
3120 3311 3373 3367 percusso,
3415 3303 3461 3348 et
3487 3290 3714 3347 omnibus
3743 3287 3827 3358 qui

2242 3394 2653 3465 apprOpinquaut
2676 3391 2843 3445 bestiis
2877 3389 3064 3459 (Eccli.
3100 3387 3167 3442 12
3214 3387 3346 3458 15)ἳ
3376 3387 3645 3441 Prtetcreo
3665 3383 3827 3453 jactuo

2244 3501 2358 3540 ram
2387 3483 2754 3555 pecuniarum,
2785 3493 2838 3537 et
2867 3481 3202 3552 quotidianas
3227 3477 3579 3547 suspiciones,
3610 3475 3824 3542 fastum,

2242 3577 2623 3647 arrogantiam,
2644 3573 3016 3636 contumelias,
3047 3571 3240 3642 quibus
3260 3570 3455 3625 stultos
3499 3576 3693 3624 vexant
3715 3582 3826 3620 me-

2245 3669 2489 3734 retrices,
2521 3685 2639 3738 qua:
2683 3667 2851 3722 multo
2880 3675 3003 3720 sunt
3033 3664 3332 3727 acerbiora,
3364 3678 3522 3733 quam
3549 3663 3592 3716 si
3638 3661 3830 3729 millies

2244 3761 2403 3816 fuerit
2429 3775 2574 3815 mors
2601 3757 2924 3829 oppetenda.
2959 3759 3131 3826 Atque
3161 3770 3394 3813 uxorem
3421 3753 3633 3823 quidem
3663 3766 3831 3822 smpe-

2245 3869 2488 3918 numcro,
2519 3868 2586 3908 ne
2612 3853 2656 3906 si
2681 3852 2898 3907 verbum
2921 3850 3134 3920 quidem
3153 3849 3434 3903 molestum
3463 3846 3677 3911 dixerit,
3694 3844 3834 3900 ferre

2245 3955 2419 4015 potes,
2453 3960 2516 4000 ac
2546 3945 2881 4004 meretricem
2912 3945 3072 3996 etiam
3100 3942 3266 4011 alapis
3294 3952 3344 3995 te
3373 3939 3667 3995 caedentem
3699 3937 3832 3992 ado-

2247 4052 2352 4092 ras.
2405 4035 2517 4090 Non
2546 4043 2597 4089 te
2628 4035 2806 4104 pudet,
2857 4049 2956 4088 nec
2997 4032 3292 4096 erubescis,
3339 4047 3438 4086 nec
3467 4041 3618 4102 optas
3649 4040 3704 4084 ut
3740 4029 3833 4084 tibi

2245 4130 2482 4185 dehiscat
2508 4130 2686 4184 terra?
2710 4127 2808 4198 Qui
2833 4127 3031 4196 poteris
3054 4126 3119 4181 ad
3136 4125 3418 4181 ecclesiam
3447 4125 3649 4189 venire,
3677 4133 3834 4192 atque

2246 4223 2299 4278 in
2325 4223 2510 4281 cmlutn
2550 4237 2738 4280 manus
2779 4220 3104 4276 extendere?
3133 4234 3239 4290 quo
3289 4217 3500 4273 tandem
3528 4230 3622 4271 ore
3669 4215 3834 4269 Deum

2247 4316 2542 4383 invocabis,
2595 4329 2703 4386 quo
2743 4315 3078 4369 meretricem
3119 4313 3388 4367 osculatus
3441 4310 3538 4365 cs?
3577 4307 3693 4363 Non
3743 4317 3830 4373 tu,

2247 4423 2448 4479 quaeso,
2480 4408 2654 4474 times,
2686 4422 2788 4463 nec
2813 4405 3198 4478 perhorrescis,
3232 4419 3298 4458 ne
3325 4401 3537 4474 quando
3564 4410 3710 4455 tuum
3741 4414 3828 4453 ca-

2247 4511 2344 4572 put
2365 4500 2647 4572 iutpudens
2668 4500 2733 4554 de
2754 4499 2886 4554 caelo
2906 4497 3181 4567 delapsum
3203 4496 3401 4550 fulmen
3422 4493 3835 4555 exurat?Quatno

2249 4594 2326 4647 vis
2373 4608 2592 4648 uxorem
2642 4599 2807 4655 tuam,
2857 4605 3016 4659 quam
3063 4588 3234 4643 aflicis
3291 4587 3520 4655 injuria,
3574 4584 3738 4648 celes,
3782 4589 3835 4636 at

2250 4685 2546 4740 insomnem
2579 4685 2724 4737 illum
2758 4683 2969 4737 oculum
3000 4695 3284 4751 numquam
3325 4677 3522 4733 celabis
3553 4694 3565 4730 :
3596 4673 3833 4746 quando-

2248 4781 2461 4850 quidem
2493 4779 2733 4832 adultero
2760 4777 2856 4841 illi,
2888 4776 2976 4846 qui
3000 4775 3232 4838 diccbat,
3266 4770 3504 4826 Tenebrte
3524 4769 3832 4822 circumdant

2251 4889 2351 4937 me,
2381 4881 2424 4923 et
2446 4870 2680 4940 parietes,
2705 4867 2826 4933 quid
2854 4884 3024 4921 vereor
3051 4865 3235 4937 (Eccli.
3257 4865 3347 4918 23.
3367 4861 3460 4932 26)
3479 4861 3503 4915 Ἰ
3522 4858 3836 4915 contradixit

2248 4965 2459 5032 Sapiens
2489 4961 2574 5016 ille
2597 4960 2674 5016 sic
2703 4960 2884 5014 dicens
2909 4975 2922 5012 :
2957 4958 3107 5013 Oculi
3133 4957 3340 5011 Domini
3359 4955 3543 5008 millies
3569 4952 3833 5007 lucidiores

2247 5067 2362 5113 sunt
2388 5056 2511 5122 sole,
2542 5054 2860 5124 inspicientes
2893 5069 3047 5122 opera
3068 5051 3325 5105 hominum
3349 5046 3456 5118 (Ib.
3485 5061 3530 5100 υ.
3559 5045 3678 5116 28).
3706 5043 3833 5098 Pro-

2250 5159 2366 5220 pter
2389 5148 2502 5202 luce
2527 5147 2706 5203 omnia
2729 5145 2976 5200 nimirum
2998 5143 3208 5199 dicebat
3234 5140 3458 5198 Paulus:
3487 5135 3834 5207 Unusquisque

2248 5258 2394 5295 suam
2410 5255 2620 5295 uxorem
2640 5238 2842 5303 habeat,
2867 5247 2912 5291 et
2938 5251 3246 5306 utraquteque
3267 5235 3428 5289 cirum
3447 5247 3594 5287 suum
3621 5228 3831 5284 habent:

2250 5335 2399 5390 uxori
2447 5335 2523 5388 vir
2569 5333 2787 5387 debitam
2839 5330 3227 5388 benevolentiam
3264 5327 3480 5392 reddat;
3524 5323 3755 5378 similiter
3792 5327 3836 5374 st

2252 5444 2381 5481 uxor
2399 5428 2509 5481 viro
2529 5426 2606 5494 (l.
2637 5424 2754 5479 Cor.
2781 5425 2832 5477 7.
2855 5422 2909 5475 2.
2937 5423 3013 5490 ὅ).
3049 5420 3153 5474 Mel
3181 5421 3391 5480 distillat
3420 5435 3451 5477 α
3482 5416 3630 5471 labiis
3659 5413 3834 5467 mulie-

2251 5521 2322 5574 ris
2347 5518 2636 5582 meretricis,
2665 5533 2778 5589 qua:
2813 5515 2880 5569 ad
2906 5524 3100 5586 tempus
3147 5514 3427 5584 impingunt
3456 5515 3629 5582 fauces
3676 5518 3790 5562 tuas
3815 5520 3834 5560 :

2253 5622 2426 5684 postea
2470 5627 2584 5668 vero
2611 5625 2722 5671 eam
2761 5607 3064 5670 (πυργίον-ειη
3111 5606 3229 5675 felle
3268 5604 3508 5668 invenies,
3559 5612 3830 5661 elocutam

2259 5701 2415 5779 magis
2457 5703 2631 5776 gladio
2653 5702 2862 5776 ancipiti
2898 5700 3094 5774 (Prov.
3129 5701 3182 5757 5.
3214 5701 3270 5756 3.
3302 5699 3393 5770 b).
3425 5696 3701 5754 Venenum
3739 5694 3830 5748 tta-
