4110 6198
591 302 698 361 217

593 415 695 470 καί
722 415 1104 485 ἠκονημένον
1117 416 1360 486 μᾶλλον
1380 416 1680 487 μαχαίρας
1711 414 2026 484 διστόμου.
2071 412 2170 468 ’Ῑδν

591 505 704 577 εχει
731 507 834 577 τῆς
862 507 1067 578 πόρνης
1095 506 1156 560 τὸ
1185 507 1414 578 φίλημα,
1448 507 1524 561 ἰὸν
1570 505 1898 561 λανθάνοντα
1941 505 2040 560 καὶ
2080 506 2172 574 ἐγ-

591 595 990 668 κεκρυμμένον.
1037 596 1102 650 Τί
1133 597 1310 651 τοίνυν
1353 597 1568 662 διώκεις
1598 597 1798 669 ,ἡδονὴν
1826 597 2172 667 κατάγνωσιν

591 683 840 754 ἔχουσαν,
863 684 1084 757 ὄλεθρον
1114 685 1421 751 τίκτουσαν,
1447 687 1659 760 πληγὴν
1685 689 1994 758 ἐπάγουσαν
2019 688 2171 744 ἀνία-

589 790 700 838 τον,
733 775 852 841 ἐξὸν
896 777 1282 848 εὐφραίνεσθαι
1330 780 1424 833 καὶ
1480 780 1646 851 μηδὲν
1676 780 1906 851 πάσχειν
1952 760 2167 846 δεινόν;

604 863 727 918 Ἐπὶ
749 866 857 937 7&9
881 867 981 938 τῆς
1007 867 1296 941 ἐλευθέρας
1325 872 1583 940 γυναικὸς
1611 870 1746 942 ὁμοῦ
1769 872 1864 925 καὶ
1887 870 2048 942 ἡδονὴ
2075 872 2170 924 καὶ

591 954 862 1025 ἀσφάλεια
891 960 986 1012 καὶ
1013 961 1196 1025 ἄνεσις
1217 962 1312 1015 καὶ
1340 963 1474 1033 τιμὴ
1509 963 1604 1016 καὶ
1637 963 1840 1032 κόσμος
1873 963 1966 1016 καλ⁵
1995 979 2170 1014 συνει-

591 1045 681 1111 δὸς
713 1048 916 1117 ἀγαθόν
938 1066 954 1080 ·
989 1050 1177 1104 ἐκεῖδὲ
1202 1051 1370 1123 πολλὴ
1402 1053 1502 1123 μὲν
1529 1055 1561 1124 ή
1596 1055 1810 1124 πικρία,
1841 1053 2011 1125 πολλή
2043 1053 2100 1107 δὲ
2134 1055 2167 1125 ἡ

592 1136 786 1209 βλάϐη,
804 1139 1056 1210 διηνεκὴς
1082 1141 1186 1212 δὲὴ
1221 1141 1545 1213 κατηγορία.
1573 1141 1692 1196 Κᾶν
1719 1141 1828 1213 γάρ
1861 1142 2046 1212 μηδεὶς
2076 1142 2170 1196 ἀν-

591 1227 823 1298 θρώπων
851 1230 954 1301 ῖδῃ.
972 1231 1032 1283 16
1062 1232 1298 1297 συνειδὸς
1321 1233 1575 1286 οὐδέποτε
1609 1233 1874 1286 παύσεταί
1906 1251 1998 1287 σου
2030 1251 2165 1287 κατ-

586 1320 821 1390 ηγοροῦν
854 1337 868 1350 ο
900 1321 1016 1375 ἀλλ’
1056 1323 1300 1395 ὅπουπερ
1324 1322 1390 1377 ἂν
1423 1323 1682 1394 ἀπέλθῃς,
1718 1324 1904 1394 ἕψεται
1926 1342 2166 1395 κατηγο-

589 1411 701 1483 ρῶν
734 1412 828 1466 καὶ
859 1415 1069 1484 μεγάλα
1097 1415 1400 1480 καταϐοῶν,
1431 1417 1460 1468 6
1478 1419 1781 1488 κατήγορος
1803 1413 1978 1482 οὗτος.
2003 1418 2165 1471 Ὥστε

587 1501 642 1554 εῖ
676 1518 760 1566 τις
809 1505 1002 1576 ἡδονὴν
1039 1505 1246 1568 διώκει,
1296 1503 1451 1570 οὗτος
1498 1506 1736 1578 μάλιστα
1785 1509 2032 1578 φευγέτω
2068 1510 2166 1582 τὴν

587 1592 724 1664 πρὸς
755 1593 853 1660 τὰς
888 1597 1092 1667 πόρνας
1137 1596 1376 1668 ὁμιλίαν.
1426 1598 1591 1652 Οὐδὲν
1649 1599 1758 1671 7&9
1803 1601 2017 1672 ἐκείνης
2061 1601 2165 1672 τῆς

587 1686 874 1756 συνηθείας
901 1691 1248 1761 πικρότερον,
1281 1691 1434 1744 ούδέν
1461 1692 1560 1762 τῆς
1599 1694 1883 1758 συνουσίας
1911 1694 2168 1764 ἀηδέστε-

591 1793 703 1848 ρον,
719 1779 868 1832 οὐδὲν
892 1781 999 1833 τῶν
1013 1781 1230 1851 τρόπων
1255 1780 1618 1855 μιαρώτερον.
1647 1786 1916 1853 Ἔλαφος
1940 1786 2165 1855 φιλίας,

587 1868 688 1921 καί
736 1868 939 1936 πῶλος
988 1871 1118 1925 σῶν
1147 1873 1405 1941 χαρίτων
1454 1875 1729 1944 ὀμιλείτω
1771 1893 1906 1930 σοι’
1935 1879 1971 1945 ἡ
2002 1877 2162 1947 πηγὴ

587 1957 696 2012 τοῦ
727 1959 946 2028 ὕδατός
972 1976 1090 2017 σου
1124 1965 1223 2019 σοι
1279 1967 1436 2020 ἔστω
1481 1967 1669 2036 πηγή.
1729 1969 1920 2040 Πηγὴν
1976 1968 2168 2034 ὓδατος

585 2046 725 2117 ιχων
759 2050 1026 2118 καθαράν,
1055 2054 1109 2106 τί
1151 2055 1363 2126 τρέχεις
1395 2057 1488 2111 ἐπὶ
1520 2058 1728 2112 λάκκον
1765 2059 2028 2131 βορϐόρου
2072 2060 2167 2128 γέ-

588 2155 778 2208 μοντα,
803 2142 1027 2214 γεέννης
1046 2144 1257 2212 ὄζοντα,
1283 2147 1378 2200 καὶ
1407 2147 1682 2212 κολάσεως
1728 2149 1974 2220 ἀφάτους
2005 2150 2169 2204 ποίαν

583 2228 728 2295 ἔξεις
750 2231 1077 2302 ἀπολογίανς
1101 2237 1226 2292 τίνα
1247 2239 1577 2312 συγγνώμην
1597 2257 1610 2306 ;
1642 2241 1704 2294 Εἰ
1727 2242 1836 2314 γὰρ
1869 2243 1918 2295 οί
1943 2242 2049 2313 πρὸ
2073 2242 2169 2296 τοῦ

584 2323 766 2393 γάμου
820 2327 1046 2399 πορνείᾳ
1097 2329 1458 2400 προσέχοντες
1497 2330 1814 2398 κολάζονται
1868 2333 1960 2386 καὶ
2013 2333 2172 2403 δίκην

583 2413 812 2480 διδόασι,
843 2416 1094 2490 καθάπερ
1130 2421 1360 2485 είκεῖνος
1395 2423 1425 2475 6
1449 2422 1516 2476 1&
1563 2423 1783 2494 ῥυπαρὰ
1822 2424 2172 2494 ἐνδεδυμένος

583 2503 800 2575 ίμάτια,
835 2507 1017 2579 πολλῷ
1061 2511 1260 2581 μᾶλλον
1301 2513 1350 2566 οῖ
1385 2513 1528 2583 μετά
1569 2514 1662 2568 τὸν
1707 2515 1905 2586 γάμον.
1938 2515 2170 2568 Διπλοῦν

1289 321 1350 377 S.
1385 315 1673 376 JOANNIS
1708 311 2166 370 οιιιιγςοετοιι

2267 310 2562 370 ιΙζϐΙΙΙΕΡ.
2597 309 3147 369 CONSTANTINOP.

2271 411 2384 486 7&9
2412 411 2647 467 ἐνταῦθα
2675 411 2771 467 καὶ
2798 409 3056 483 τριπλοῦν
3080 409 3143 464 τδ
3163 407 3412 481 ἔγκλημα
3438 407 3666 478 γίνεται,
3688 411 3767 466 ὅτι
3791 427 3862 467 τι

2270 501 2628 576 παραμυθίας
2648 501 3031 566 ἀπολαύοντες,
3051 500 3463 574 ἀπεσκίρτησαν
3478 504 3558 564 είς
3578 500 3678 574 τὴν
3693 502 3859 556 ἀσέλο
3921 511 3928 517 ’

2270 610 2426 665 γειαν
2455 592 2692 665 ἐκείνην,
2729 593 2826 647 καὶ
2862 592 2946 646 ὅτι
2978 593 3041 645 τὸ
3072 593 3307 664 πρᾶγμα
3333 592 3456 663 οὐχὶ
3493 592 3718 664 πορνεία
3751 592 3862 662 μό-

2270 703 2382 753 νον,
2417 685 2554 740 άλλά
2580 687 2672 740 καὶ
2730 683 2944 757 μοιχεία
2973 683 3270 752 λογίζεται,
3304 683 3334 737 ὃ
3371 685 3552 755 πάσης
3579 684 3863 756 ἁμαρτίας

2269 777 2389 831 εστὶ
2437 774 2837 848 χαλεπώτερον.
2877 774 3045 828 Ταῦτ’
3075 771 3172 828 οὖν
3207 775 3301 829 καὶ
3340 776 3550 837 ἑαυτοῖς
3600 774 3694 827 καὶ
3735 778 3863 839 10.7.;

2268 867 2517 936 γυναιξὶν
2549 867 2839 940 ἐπᾴδοντες
2865 866 3005 920 οῦτω
3032 865 3364 937 διατελῶμεν
3382 880 3396 894 ·
3422 865 3502 919 διὸ
3530 865 3594 924 δὴ
3629 868 3724 920 καὶ
3751 867 3861 920 αὖ·

2267 957 2360 1022 τὸς
2409 961 2490 1022 είς
2544 959 2719 1014 ταῦτα
2776 957 3068 1014 καταλύσω
3111 959 3179 1011 τὰ
3215 960 3468 1028 ῥήματα⁹
3495 959 3598 1012 Διά
3635 958 3704 1012 δὲ
3748 959 3866 1024 τὰς

2269 1052 2551 1119 πορνείας
2571 1050 2833 1117 ἕκαστος
2853 1051 2968 1118 τὴν
2997 1049 3216 1104 ἑαυτοῦ
3241 1049 3494 1120 γυναῖκα
3513 1048 3715 1117 ἐχέτω,
3755 1051 3862 1104 καὶ

2267 1141 2496 1211 ἑκάστη
2521 1141 2628 1195 τὸν
2651 1140 2807 1194 ιδιον
2827 1140 3014 1208 ἄνδρα
3038 1139 3219 1210 ἐχέτω
3235 1157 3249 1170 ·
3279 1139 3353 1209 τῇ
3381 1141 3613 1204 γυναικὶ
3646 1144 3678 1194 ό
3699 1141 3866 1209 ἀνὴρ

2268 1231 2385 1300 τὴν
2415 1230 2814 1302 ὀφειλομένην
2855 1233 3103 1285 εὔνοιαν
3125 1230 3476 1297 ἀποδιδότω,
3513 1233 3729 1302 ὁμοίως
3758 1235 3862 1287 καὶ

2268 1324 2307 1392 ἡ
2356 1323 2514 1394 γυνὴ
2555 1321 2635 1390 τῷ
2677 1322 2873 1393 ἀνδρί.
2918 1323 2979 1379 Ἡ
3027 1322 3182 1394 γυνὴ
3237 1321 3344 1377 τοῦ
3393 1323 3547 1377 ιδίου
3583 1323 3864 1393 σώματος

2267 1416 2379 1469 οὐκ
2416 1413 2775 1479 ἐξουσιάζει,
2813 1414 2952 1468 ἀλλ’
2994 1417 3026 1468 ό
3055 1413 3228 1483 ἀνήρ’
3261 1414 3475 1482 ὁμοίως
3499 1414 3596 1468 καί
3641 1418 3674 1469 ὁ
3700 1415 3862 1483 ἀνὴρ

2267 1505 2373 1559 τοῦ
2403 1503 2557 1558 ίδιόυ
2589 1503 2864 1572 σώματος
2897 1505 3009 1558 οὐκ
3036 1504 3385 1572 ἐξουσιάζει,
3411 1505 3558 1560 ἀλλ’
3587 1509 3626 1575 ὴ
3677 1508 3858 1578 γυνή.

2266 1597 2419 1652 Μετά
2453 1597 2740 1667 ἀκριϐείας
2779 1596 2952 1649 ταῦτα
3003 1595 3338 1664 φυλάξαντες
3383 1598 3452 1651 τά
3488 1599 3726 1669 ῥήματα,
3763 1601 3864 1653 καὶ

2271 1689 2330 1741 ἐν
2352 1688 2548 1758 ἀγορᾷ,
2578 1687 2672 1740 καὶ
2697 1689 2755 1740 ἐν
2786 1687 2958 1760 οἰκίᾳ,
2980 1688 3075 1741 καὶ
3098 1689 3156 1741 ἐν
3192 1687 3394 1760 ἡμέρα,
3427 1690 3521 1742 καὶ
3547 1691 3604 1742 ἐν
3625 1690 3858 1762 ἑσπέρᾳ,

2272 1777 2368 1830 καὶ
2403 1776 2496 1829 ἐπὶ
2532 1777 2629 1847 τῆς
2663 1779 2960 1849 τραπέζης,
2998 1779 3091 1833 καὶ
3115 1780 3210 1832 ἐπὶ
3244 1779 3346 1848 τῆς
3369 1780 3550 1851 εὐνῆς,
3587 1781 3681 1834 καὶ
3722 1798 3864 1835 παν-

2272 1867 2439 1936 ταχοῦ
2468 1867 2564 1919 καὶ
2615 1867 2770 1920 αὐτοὶ
2806 1867 3141 1938 μελετῶμεν.
3169 1867 3266 1921 καὶ
3301 1865 3400 1930 τὰς
3428 1869 3692 1935 γυναῖκας
3729 1886 3864 1922 παι-

2270 1953 2538 2024 δεύωμεν,
2592 1953 2688 2007 καὶ
2726 1953 2864 2025 πρὸς
2922 1955 3070 2025 ἡμᾶς
3119 1953 3298 2024 λέγειν
3323 1992 3338 2017 ,
3370 1954 3467 2008 καῖ⁵
3511 1956 3640 2026 παρ’
3700 1955 3862 2025 ήμῶν

2271 2047 2526 2111 ἀκούειν,
2561 2045 2648 2100 ἵνα
2682 2046 2974 2119 σωφρόνως
2995 2046 3088 2100 τὸν
3124 2045 3368 2116 παρόντα
3411 2046 3678 2116 ζήσαντες
3722 2046 3857 2117 βίον,

2276 2137 2369 2190 καὶ
2397 2137 2496 2207 τῆς
2529 2137 2809 2208 βασιλείας
2837 2135 2948 2190 τῶν
2976 2137 3222 2208 ούρανῶν
3246 2136 3591 2207 ἐπιτύχωμεν
3613 2178 3630 2200 ,
3672 2140 3859 2208 χάριτι

2273 2230 2367 2284 καὶ
2415 2229 2797 2302 φιλανθρωπίᾳ
2827 2229 2922 2282 τοῦ
2950 2229 3155 2300 Κυρίου
3184 2227 3342 2300 ἡμῶν
3386 2228 3560 2300 Ἰησοῦ
3592 2228 3859 2299 Χριστοῦ,

2270 2320 2338 2374 δι’
2366 2315 2427 2376 οὗ
2457 2320 2553 2375 καὶ
2593 2320 2713 2394 μεθ’
2734 2313 2795 2375 οὗ
2821 2320 2898 2392 τῷ
2926 2320 3246 2395 Πατρὶ,ἀμα
3275 2320 3353 2392 τῷ
3383 2320 3524 2389 ἁγίῳ
3552 2319 3859 2392 Πνεύματι,

2271 2411 2305 2482 ή
2337 2409 2463 2475 δόξα
2496 2412 2578 2476 είς
2609 2413 2736 2476 τοῦς
2762 2411 2967 2476 αἰῶνας
2997 2410 3106 2464 τῶν
3145 2409 3376 2468 αίὼνων.
3411 2409 3610 2482 Ἀμήν.

596 2653 3822 2694 Μ

1914 2800 2064 2878 [2031
2099 2781 2270 2867 ΕΙΣ
2323 2785 2474 2868 ΤΟ

516 2947 519 2950 -
591 2923 764 2995 Γυνὴ
808 2922 1042 2980 δέδεται
1089 2927 1270 2997 νόμῳ,
1313 2931 1407 3001 ἐφ’
1445 2934 1598 2990 ὅσον
1637 2937 1860 3006 χρόνον
1902 2941 1973 3012 ζῇ
2012 2943 2048 2997 ὁ
2087 2941 2243 3013 ἀνὴρ
2275 2943 2500 3014 αὺτῆςο
2533 2945 2644 3000 ἐὰν
2673 2944 2743 3000 δὲ
2774 2945 3050 3017 κοιμηθῇ,
3085 2945 3372 3016 ἐλευθέρα
3400 2949 3573 3004 ἐστὶν
3601 2942 3649 3018 ᾦ
3685 2953 3848 3010 θέλει

1064 3023 1421 3096 γαμηθῆναι,
1454 3030 1648 3099 μόνον
1682 3032 1754 3087 ἐν
1792 3035 2007 3104 Κυρίῳ.
2048 3037 2472 3106 Μακαριωτέρα
2509 3036 2578 3093 δέ
2616 3037 2807 3106 ἐστιν,
2849 3037 2960 3092 ἐὰν
2993 3038 3148 3094 οὕτω
3180 3039 3384 3111 μείνῃ.

657 3250 727 3298 α’.
750 3243 884 3316 Περὶ
903 3243 1083 3317 γάμου
1112 3246 1302 3321 πρώην
1323 3249 1453 3321 ήμῖν
1471 3251 1500 3304 6
1523 3252 1792 3324 μακάριος
1811 3256 2022 3323 Παῦλος
2052 3262 2168 3314 ἐνοο

585 3328 825 3400 μοθέτει,
849 3331 1073 3383 καὶτῶν
1101 3331 1195 3384 τοῦ
1227 3332 1406 3404 γάμου
1436 3334 1844 3407 δικαιωμάτων,
1861 3341 2167 3412 Κορινθίοις

577 3413 724 3467 οὕτω
753 3414 983 3484 γράφων
1019 3413 1110 3466 καὶ
1136 3414 1310 3483 λέγων
1327 3432 1341 3446 ο
1361 3418 1498 3484 Περὶ
1520 3417 1588 3471 δέ
1607 3413 1694 3473 ὧν
1713 3421 2014 3492 ἐγράψατό
2039 3442 2163 3494 μοι,

582 3496 778 3550 καλὸν
801 3495 1088 3563 ἀνθρώπῳ
1108 3497 1391 3565 γυναικὸς
1401 3498 1487 3568 μὴ
1505 3499 1795 3557 ἅπτεσθαι
1813 3521 1827 3534 ·
1849 3504 1948 3559 διὰ
1972 3505 2040 3559 δὲ
2060 3507 2168 3574 τὰς

583 3579 864 3644 πορνείας
892 3578 1148 3644 ἕκαστος
1180 3579 1294 3646 τὴν
1321 3579 1539 3635 ἑαυτοῦ
1564 3585 1818 3652 γυναῖκα
1842 3586 2047 3655 ἐχέτω,
2066 3589 2168 3642 καί

580 3660 811 3742 ἑκάστη
830 3661 936 3713 τὸν
958 3659 1113 3742 Ιδιον
1138 3659 1327 3728 ἄνδρα
1347 3662 1550 3730 ἐχέτω.
1579 3665 1678 3719 Διά
1702 3668 1862 3722 τοῦτο
1887 3670 1978 3722 καὶ
2007 3673 2167 3742 ἡμεῖς

582 3741 681 3813 τὴν
706 3741 939 3806 διάλεξιν
977 3741 1195 3795 ἃπασαν
1223 3744 1304 3806 είς
1335 3743 1508 3798 ταῦτα
1539 3747 1607 3800 τά
1635 3750 1854 3820 ῥήματα
1883 3751 2167 3807 ἀναλώσα-

587 3841 707 3896 μεν.
755 3823 964 3879 Οὐκοῦν
1003 3825 1218 3895 ἀνάγκη
1253 3825 1350 3879 καὶ
1397 3831 1638 3899 σήμερον
1681 3833 1810 3902 περὶ
1857 3835 1956 3905 τῆς
1996 3837 2168 3908 αὐτῆς

583 3909 712 3979 ὑμῖν
748 3907 1056 3991 ὑποθέσεως
1087 3908 1434 3980 διαλεχθῆναι
1469 3912 1630 3965 πάλιν
1652 3953 1667 3976 ,
1695 3914 1882 3988 ἐπειδὴ
1929 3919 2025 3971 καὶ
2066 3907 2166 3991 σή-

587 4007 752 4063 μερον
784 3991 911 4061 περὶ
936 3990 1044 4043 τῶν
1097 3991 1276 4044 αὐτῶν
1309 3993 1338 4044 6
1371 3995 1534 4058 αὐτὸς
1582 3995 1888 4067 διαλέγεται
1933 3990 2163 4066 Παῦλος.

584 4075 695 4129 Καὶ
710 4075 817 4146 7&9
831 4073 1102 4144 ἠκούσατε
1127 4073 1291 4128 αὑτοῦ
1321 4075 1553 4146 βοῶντος
1579 4081 1672 4133 καὶ
1695 4080 1944 4148 λέγοντος
1959 4101 1973 4114 ο
1993 4085 2163 4155 Γυνὴ

583 4158 814 4212 δέδεται
837 4158 1019 4226 νόμῳ,
1056 4157 1149 4226 ἐφ’
1183 4157 1336 4213 ὅσον
1362 4165 1586 4228 χρόνον
1617 4161 1683 4230 ζῇ
1707 4167 1739 4217 ὁ
1771 4167 1924 4234 ἀνὴρ
1954 4169 2162 4236 αὐτῆςο

583 4239 694 4294 ἐὰν
719 4240 788 4294 δέ
837 4238 1090 4308 κοιμηθῇ
1118 4243 1152 4293 ό
1180 4240 1334 4310 ἀνὴρ
1365 4241 1575 4310 αὐτῆς,
1605 4245 1892 4316 ἐλευθέρα
1920 4249 2094 4303 ἐστὶν
2117 4245 2166 4318 ᾧ

585 4321 747 4376 θέλει
785 4321 1141 4392 γαμηθῆναι,
1151 4324 1344 4390 μόνον
1391 4325 1461 4378 ἐν
1489 4329 1702 4395 Κιφίῳ.
1749 4332 2165 4400 Μακαριωτέρα

585 4404 654 4458 δέ
671 4405 862 4468 ἐστιν,
888 4405 997 4458 ἐὰν
1021 4404 1175 4459 οὕτω
1200 4407 1378 4474 μείνῃ
1410 4407 1559 4460 κατὰ
1586 4410 1701 4476 τὴν
1723 4411 1876 4479 ἐμὴν
1900 4414 2161 4482 γνώμηνο

583 4487 743 4543 δοκῶ
765 4489 833 4543 δέ
854 4489 1014 4558 κάγὼ
1038 4490 1277 4558 Πνεῦμα
1308 4489 1456 4543 Θεοῦ
1480 4491 1645 4560 ἔχειν
1703 4493 1993 4566 Ἐψὼμεθα
2011 4509 2036 4538 ι
2062 4500 2166 4552 τοί.

585 4589 680 4626 νυν
703 4572 852 4643 αὐτῷ
886 4574 979 4626 καὶ
1000 4574 1260 4644 σήμερον,
1279 4574 1371 4627 καὶ
1413 4576 1540 4648 περὶ
1563 4576 1768 4647 ταύτης
1795 4579 2164 4652 διαλεξώμεθα

585 4654 685 4724 τῆς
730 4653 1036 4718 ὑποθέσεως
1077 4674 1089 4688 ·
1124 4655 1544 4722 ἀκολουθοῦντες
1577 4659 1686 4730 7&9
1719 4661 1938 4733 Παύλῳ,
1978 4664 2046 4718 δι’
2070 4667 2161 4719 αύ-

586 4735 682 4790 τοῦ
733 4735 950 4799 πάντως
996 4737 1074 4808 τῷ
1112 4738 1332 4810 Χριστῷ
1370 4741 1633 4812 ἑψόμεθα,
1662 4744 1848 4815 ἐπειδὴ
1877 4748 1972 4800 καὶ
2009 4742 2166 4812 οὗτος

589 4816 686 4886 ούχ
741 4819 920 4903 ἐαυτῷ
943 4860 958 4885 ,
985 4821 1100 4874 ἀλλ’
1113 4821 1306 4894 ἐκείνῳ
1355 4824 1682 4893 ἀκολουθῶν,
1712 4828 1890 4883 πάντα
1933 4829 2161 4903 ἔγραφε.

589 4903 700 4958 Καὶ
723 4901 833 4975 γὰρ
846 4905 913 4986 0'3
939 4904 1001 4957 τὸ
1027 4906 1188 4976 τυχὸν
1227 4908 1458 4979 πρᾶγμα
1489 4909 1669 4981 γάμος
1704 4907 1762 4966 εὖ
1801 4901 2162 4986 διακείμενος,

588 4987 777 5059 ὥσπερ
811 4984 904 5042 οῦν
935 4989 1142 5061 μυρίων
1191 4992 1486 5064 συμφορῶν
1510 4994 1763 5059 ὑπόθεσις
1791 4984 2000 5064 γίνεται
2052 5005 2165 5065 τοῖς

589 5073 688 5127 οῦκ
731 5074 810 5136 είς
853 5072 971 5126 δέον
1017 5073 1163 5145 αύτῴ
1203 5075 1527 5146 χρωμένοις.
1573 5077 1782 5150 Ὥσπερ
1827 5081 1936 5153 7&9
1973 5082 2164 5155 βοηθός

590 5170 738 5222 ἐστιν
769 5171 802 5242 ή
834 5169 990 5241 γυνὴ,
1025 5169 1169 5223 οὕτω
1213 5171 1472 5234 πολλάκις
1501 5173 1594 5226 κα)⁸
1625 5175 1909 5241 ἐπίϐουλος
1931 5179 2160 5247 γίνεται.

591 5253 802 5325 Ὠσπερ
832 5251 925 5308 οὖν
947 5254 1108 5325 λιμήν
1140 5256 1287 5307 ἐστιν
1311 5257 1338 5308 6
1368 5257 1565 5326 γάμος,
1591 5258 1732 5312 οῦτω
1759 5262 1854 5315 καὶ
1883 5264 2162 5332 ναυάγιον,

592 5337 651 5391 ού
674 5337 828 5408 παρὰ
850 5337 947 5407 τὴν
982 5337 1190 5390 οίκείαν
1240 5337 1424 5408 φύσιν,
1458 5339 1594 5394 ἀλλά
1638 5343 1785 5414 παρά
1809 5345 1908 5414 τὴν
1937 5347 2164 5418 γνώμην

589 5418 697 5474 τῶν
723 5418 910 5482 κακῶς
939 5419 1087 5489 αύτῷ
1116 5421 1579 5492 χρησαμένωνηὌ
1617 5425 1714 5496 μὲν
1737 5427 1845 5499 7&9
1875 5429 2017 5484 κατά
2039 5431 2165 5494 τοὺς

588 5506 965 5578 προσήκοντας
999 5505 1159 5559 αὐτὸν
1182 5507 1465 5573 ἐπιτελῶν,
1501 5509 1718 5581 νόμους,
1747 5514 1855 5568 τῶν
1888 5515 1996 5569 ἀπὸ
2019 5516 2162 5588 τῆςι)

589 5589 797 5660 ἀγορᾶς
843 5589 937 5642 καὶ
989 5590 1204 5644 πάντων
1234 5591 1340 5645 τῶν
1373 5594 1646 5666 πανταχοῦ
1683 5597 1867 5652 κακῶν
1907 5615 2159 5673 παραμυ-

652 5701 678 5766 _‘
701 5701 809 5766 D110
832 5715 944 5751 mss.
967 5705 1202 5766 έπώμεθα.

648 5756 679 5802 δ
699 5759 851 5810 [idem
875 5776 987 5813 mss.
1009 5756 1104 5814 τῶν
1131 5767 1206 5815 ἐπὶ
1227 5775 1324 5828 τῆς.

2270 3263 2392 3318 θίαν
2437 3262 2562 3318 τινὰ
2611 3262 2705 3318 καὶ
2752 3263 3076 3336 ἀπαλλαγὴν
3114 3265 3358 3338 εὑρίσκει
3388 3266 3487 3340 τήν
3513 3267 3726 3332 οίκίαν,
3761 3273 3859 3326 καὶ

2265 3347 2366 3420 τὴν
2393 3347 2588 3402 ἐαυτοῦ
2618 3349 2856 3418 γυναῖκα
2879 3363 2895 3379 ·
2925 3349 2955 3402 6
3007 3348 3065 3402 δέ
3102 3348 3292 3414 ἀπλῶς
3337 3349 3432 3403 καὶ
3477 3349 3554 3413 ὡς
3595 3351 3752 3423 ἔτυχε
3795 3355 3858 3407 τὸ

2268 3433 2500 3504 πρᾶγμα
2532 3430 3066 3504 μεταχειριζόμενος,
3089 3431 3194 3486 κᾶν
3221 3432 3425 3504 πολλῆς
3447 3434 3543 3486 ἐπὶ
3579 3434 3680 3505 τῆς
3723 3437 3854 3505 670-

2269 3516 2370 3585 ρᾶς
2397 3515 2686 3588 ,ἀπολαύσῃ
2708 3514 2972 3586 γαλήνης,
2999 3515 3301 3580 σκοπέλους
3330 3516 3425 3570 καὶ
3447 3516 3712 3582 σπιλάδας
3741 3522 3852 3573 είσ-

2268 3595 2438 3650 ελθὼν
2482 3598 2561 3660 είς
2595 3596 2696 3668 τὴν
2733 3597 2911 3658 οἰκίαν
2947 3597 3162 3668 δψεται.
3208 3597 3360 3652 Ἐπεὶ
3387 3595 3480 3653 οῦν
3507 3599 3568 3652 ού
3599 3601 3728 3672 περὶ
3748 3602 3853 3654 τῶν

2267 3680 2537 3749 τυχόντων
2565 3682 2698 3751 ήμῖν
2724 3681 2754 3734 6
2783 3681 3048 3746 κίνδυνος.
3071 3681 3370 3750 ἀναγκαῖον
3395 3683 3534 3752 μετά
3565 3683 3855 3754 ἀκριϐείας

2265 3765 2379 3825 τοῖς
2405 3763 2718 3834 λεγομένοις
2740 3765 3051 3837 προσέχειν,
3073 3765 3167 3818 καὶ
3205 3765 3299 3818 τὸν
3331 3764 3594 3836 μέλλοντα
3618 3771 3855 3834 γυναῖκα

2267 3844 2515 3913 ἄγεσθαι,
2552 3847 2692 3917 μετά
2737 3847 2847 3902 τῶν
2898 3847 2994 3901 τοῦ
3047 3847 3262 3902 Παύλου
3314 3849 3516 3919 νόμων,
3557 3850 3759 3920 μᾶλλον
3795 3850 3854 3904 δὲ

2271 3928 2411 3997 μετά
2434 3929 2542 3981 τῶν
2574 3929 2668 3982 τοῦ
2700 3931 2941 4002 Χριστοῦ
2974 3931 3156 4002 νόμων
3181 3931 3342 3984 τοῦτο
3367 3935 3561 3986 ποιεῖν.
3588 3929 3718 3986 Οἶδα
3751 3934 3854 4004 μὲν

2265 4006 2360 4064 οὗν
2392 4012 2475 4064 ὅτι
2505 4012 2722 4077 πολλοῖς
2751 4011 2890 4068 εἶναι
2938 4015 3089 4068 δοκεῖ
3112 4015 3296 4069 καινὸν
3329 4017 3422 4069 καὶ
3449 4016 3754 4088 παράδοξον
3792 4018 3855 4069 τὸ

2267 4093 2557 4164 λεγόμενον
2575 4112 2590 4128 ο
2623 4097 2764 4168 πλὴν
2796 4098 2857 4150 ού
2879 4097 2966 4152 διὰ
2997 4096 3158 4152 τοῦτο
3188 4099 3507 4170 σιγήσομαι,
3535 4099 3670 4153 ἀλλά
3702 4099 3856 4172 πρῶ-

2265 4194 2358 4230 τον
2378 4178 2470 4230 τὸν
2490 4179 2656 4248 νόμον
2678 4180 2805 4250 ύμῖν
2819 4183 3110 4250 ἀναγνοὺς,
3125 4183 3270 4237 οῦτω
3290 4185 3390 4256 τὴν
3419 4185 3576 4239 δοκοῦ
3585 4202 3684 4238 σαν
3703 4186 3856 4239 ἀντι-

2265 4259 2458 4329 νομίαν
2503 4260 2663 4314 λῦσαι
2702 4263 3054 4335 πειράσομαι.
3088 4266 3186 4331 Τίς
3225 4264 3320 4321 οῦν
3349 4269 3498 4322 ἐστιν
3529 4269 3558 4320 6
3586 4269 3773 4339 νόμος,
3792 4270 3852 4322 ὃν

2264 4343 2292 4395 6
2325 4341 2534 4408 Παῦλος
2574 4345 2704 4414 ἡμῖν
2739 4345 2936 4416 ἔθηκες
2972 4347 3163 4417 Γυνὴ,
3200 4351 3368 4422 φησὶ,
3395 4351 3626 4406 δέδεται
3665 4356 3847 4421 νόμῳ.

2266 4425 2475 4479 οὐκοῦν
2499 4426 2561 4479 ού
2595 4427 2676 4481 δεῖ
2712 4429 3106 4500 ἀποσχίζεσθαι
3136 4431 3334 4498 ζῶντος
3362 4434 3456 4488 τοῦ
3487 4435 3700 4506 ἀνδρὸς,
3727 4435 3851 4489 οὐδὲ

2265 4510 2449 4582 ἕτερον
2505 4511 2821 4580 ἐπεισάγειν
2864 4515 3118 4584 νυμφίον,
3155 4516 3276 4570 οὐδὲ
3331 4517 3606 4590 δευτέροις
3639 4518 3848 4588 ὁμιλεῖν

2263 4595 2481 4665 γάμοις.
2516 4595 2625 4648 Καὶ
2663 4595 2763 4667 ὅρα
2795 4597 2911 4659 πῶς
2951 4599 3088 4668 μετά
3129 4597 3413 4673 ἀκριϐείας
3445 4602 3539 4656 καὶ
3573 4604 3709 4674 αὐτῇ
3739 4602 3848 4656 τῶν

2263 4677 2461 4743 λέξεων
2483 4681 2548 4750 τῇ
2588 4679 2750 4748 φύσει
2780 4681 3064 4752 κέχρηται.
3102 4682 3181 4738 Ού
3215 4685 3324 4756 7&9
3353 4680 3494 4747 εἷπε,
3526 4685 3849 4740 Συνοικείτω

2263 4763 2340 4832 τῷ
2376 4761 2551 4834 ἀνδρὶ,
2583 4763 2668 4832 ἐφ’
2697 4764 2823 4817 ὅσον
2862 4762 3016 4838 [τοι]
3048 4768 3238 4837 χρόνον
3269 4767 3335 4838 ζῇ
3358 4780 3372 4794 ⁸
3395 4765 3535 4821 ἀλλά
3560 4769 3643 4833 τίς
3675 4768 3846 4836 Γυνὴ

2262 4846 2495 4900 δέδεται
2523 4848 2700 4914 νόμῳ,
2726 4847 2820 4916 ἐφ’
2849 4847 3002 4902 ὅσον
3019 4851 3246 4918 χρόνον
3277 4849 3346 4918 ζῆ
3373 4853 3407 4905 δ
3438 4850 3594 4920 ἀνὴρ
3631 4851 3842 4920 αὐτῆς.

2261 4930 2402 4984 ὥστε
2421 4929 2522 4983 κᾶν
2550 4929 2756 4999 βιϐλίον
2777 4931 3109 4985 ἀποστασίου
3139 4933 3235 5004 δῷ,
3255 4935 3349 4987 καὶ
3369 4933 3468 5004 τὴν
3501 4935 3680 4988 οἰκίαν
3708 4935 3844 5005 ἀφῇ,

2263 5014 2367 5068 κᾶν
2393 5013 2528 5085 πρὸς
2558 5012 2714 5065 ἀλλον
2737 5013 2966 5085 ἀπέλθῃ,
2993 5015 3070 5084 τῷ
3099 5016 3249 5086 νόμῳ
3269 5017 3496 5083 δέδεται,
3533 5019 3626 5072 καὶ
3657 5035 3848 5089 μοιχαο

2262 5096 2342 5159 λίς
2364 5099 2512 5149 ἐστιν
2535 5097 2568 5165 ή
2595 5095 2838 5165 τοιαύτη.

2346 5179 2471 5232 Ἐὰν
2491 5179 2671 5232 τοίνυν
2691 5179 2719 5230 6
2743 5181 2880 5253 ἀνὴρ
2907 5180 3156 5234 ἐκϐαλεῖν
3181 5181 3441 5254 βούληται
3463 5184 3561 5256 τὴν
3586 5187 3840 5253 γυναῖκα,

2263 5263 2297 5334 ἢ
2326 5264 2358 5334 ἡ
2391 5263 2527 5334 γυνὴ
2559 5262 2650 5316 τὸν
2692 5262 2859 5334 ἀνδρα
2916 5265 3152 5333 ἀφεῖναι,
3187 5266 3391 5338 ταύτης
3430 5269 3843 5341 ἀναμιμνησκέ-

2265 5345 2376 5399 σθω
2402 5346 2498 5416 τῆς
2528 5348 2760 5416 ρήσεως,
2783 5347 2878 5400 καὶ
2917 5347 3006 5400 τὸν
3036 5346 3248 5402 Παῦλον
3281 5349 3547 5421 νομιζέτω
3585 5355 3844 5423 παρεῖναι

2264 5431 2357 5483 καὶ
2410 5429 2770 5484 καταδιώκειν
2812 5430 2981 5502 αὐτὴν
3013 5431 3221 5502 βοῶντα
3267 5435 3362 5488 καὶ
3391 5434 3638 5504 λέγοντα,
3671 5436 3841 5503 Γυνὴ

2263 5515 2495 5569 δέδεται
2529 5517 2705 5585 νόμῳ.
2731 5516 2998 5590 Καθάπερ
3032 5518 3140 5590 7&9
3164 5519 3210 5571 οἱ
3243 5519 3669 5591 δραπετεύοντες
3696 5521 3841 5573 οἰκέ-

2261 5622 2370 5658 ται.
2391 5604 2492 5658 κᾶν
2515 5604 2614 5675 τὴν
2633 5603 2808 5658 οίκίαν
2831 5604 3010 5674 ἀφῶσι
3033 5605 3131 5677 τὴν
3157 5604 3504 5675 δεσποτικὴν,
3526 5605 3622 5676 τὴν
3652 5603 3841 5658 ἅλυσιν

2263 5688 2474 5757 ἔχουσιν
2507 5687 3089 5760 ἐπισυρομένηνοοῦτω
3125 5691 3216 5742 καὶ
3242 5692 3526 5759 γυναῖκες,
3562 5688 3668 5741 κᾶν
3720 5684 3844 5747 τοὺς

2267 5770 2465 5841 ἄνδρας
2490 5770 2690 5841 ἀφῶσι,
2725 5772 2816 5827 τὸν
2841 5773 3003 5844 νόμον
3040 5772 3222 5843 ἔχουσι
3268 5769 3698 5836 καταδικάζοντα
3729 5769 3845 5823 ἀντὶ
