  <div class='ocr_page' id='page_1' title='image "/cluster/home/n/w/nwhite01/storage/ocr_20150623/51/hvd.32044073501900/216.png"; bbox 0 0 4110 6198; ppageno 0'>
   <div class='ocr_carea' id='block_1_1' title="bbox 277 299 385 355">
    <p class='ocr_par' dir='ltr' id='par_1_1' title="bbox 277 299 385 355">
     <span class='ocr_line' id='line_1_1' title="bbox 277 299 385 355; baseline 0 0"><span class='ocrx_word' id='word_1_1' title='bbox 277 299 385 355; x_wconf 67' lang='grc' dir='ltr'><strong><em>ΞΠ</em></strong></span> 
     </span>
    </p>
   </div>
   <div class='ocr_carea' id='block_1_2' title="bbox 283 407 1880 474">
    <p class='ocr_par' dir='ltr' id='par_1_2' title="bbox 283 407 1880 474">
     <span class='ocr_line' id='line_1_2' title="bbox 283 407 1880 474; baseline -0.003 -6"><span class='ocrx_word' id='word_1_2' title='bbox 283 412 374 468; x_wconf 84' lang='lat' dir='ltr'><strong>bet</strong></span> <span class='ocrx_word' id='word_1_3' title='bbox 397 410 644 466; x_wconf 82' lang='lat' dir='ltr'><strong>osculum</strong></span> <span class='ocrx_word' id='word_1_4' title='bbox 666 407 985 474; x_wconf 78' lang='lat' dir='ltr'><strong>meretricis,</strong></span> <span class='ocrx_word' id='word_1_5' title='bbox 1017 422 1282 463; x_wconf 84' lang='lat' dir='ltr'><strong>venenum</strong></span> <span class='ocrx_word' id='word_1_6' title='bbox 1307 407 1481 464; x_wconf 88' lang='lat' dir='ltr'><strong>latens</strong></span> <span class='ocrx_word' id='word_1_7' title='bbox 1507 417 1561 465; x_wconf 90' lang='lat' dir='ltr'><strong>et</strong></span> <span class='ocrx_word' id='word_1_8' title='bbox 1597 409 1880 464; x_wconf 90' lang='lat' dir='ltr'><strong>abscondi-</strong></span> 
     </span>
    </p>
   </div>
   <div class='ocr_carea' id='block_1_3' title="bbox 281 499 1877 572">
    <p class='ocr_par' dir='ltr' id='par_1_3' title="bbox 281 499 1877 572">
     <span class='ocr_line' id='line_1_3' title="bbox 281 499 1877 572; baseline -0.003 -13"><span class='ocrx_word' id='word_1_9' title='bbox 281 513 418 560; x_wconf 85' lang='lat' dir='ltr'><strong>tum.</strong></span> <span class='ocrx_word' id='word_1_10' title='bbox 448 499 559 557; x_wconf 88' lang='lat' dir='ltr'><strong>Cur</strong></span> <span class='ocrx_word' id='word_1_11' title='bbox 594 502 764 572; x_wconf 80' lang='lat' dir='ltr'><strong>igitur</strong></span> <span class='ocrx_word' id='word_1_12' title='bbox 786 499 1142 556; x_wconf 73' lang='lat' dir='ltr'><strong>damnandam</strong></span> <span class='ocrx_word' id='word_1_13' title='bbox 1169 500 1505 571; x_wconf 87' lang='lat' dir='ltr'><strong>persequeris</strong></span> <span class='ocrx_word' id='word_1_14' title='bbox 1532 500 1877 572; x_wconf 85' lang='lat' dir='ltr'><strong>voluptatem,</strong></span> 
     </span>
    </p>
   </div>
   <div class='ocr_carea' id='block_1_4' title="bbox 281 592 1874 668">
    <p class='ocr_par' dir='ltr' id='par_1_4' title="bbox 281 592 1874 668">
     <span class='ocr_line' id='line_1_4' title="bbox 281 592 1874 668; baseline -0.003 -16"><span class='ocrx_word' id='word_1_15' title='bbox 281 612 403 668; x_wconf 66' lang='lat' dir='ltr'><strong>qua</strong></span> <span class='ocrx_word' id='word_1_16' title='bbox 427 596 652 652; x_wconf 75' lang='lat' dir='ltr'><strong>exitium</strong></span> <span class='ocrx_word' id='word_1_17' title='bbox 669 597 827 666; x_wconf 85' lang='lat' dir='ltr'><strong>parit,</strong></span> <span class='ocrx_word' id='word_1_18' title='bbox 847 610 964 665; x_wconf 65' lang='lat' dir='ltr'><strong>quae</strong></span> <span class='ocrx_word' id='word_1_19' title='bbox 985 594 1194 664; x_wconf 79' lang='lat' dir='ltr'><strong>plagam</strong></span> <span class='ocrx_word' id='word_1_20' title='bbox 1218 592 1380 649; x_wconf 81' lang='lat' dir='ltr'><strong>infert</strong></span> <span class='ocrx_word' id='word_1_21' title='bbox 1400 593 1874 658; x_wconf 82' lang='lat' dir='ltr'><strong>immedicabilcm,</strong></span> 
     </span>
    </p>
   </div>
   <div class='ocr_carea' id='block_1_5' title="bbox 283 685 1880 757">
    <p class='ocr_par' dir='ltr' id='par_1_5' title="bbox 283 685 1880 757">
     <span class='ocr_line' id='line_1_5' title="bbox 283 685 1880 757; baseline -0.001 -17"><span class='ocrx_word' id='word_1_22' title='bbox 283 701 406 740; x_wconf 82' lang='lat' dir='ltr'><strong>eum</strong></span> <span class='ocrx_word' id='word_1_23' title='bbox 433 686 688 742; x_wconf 84' lang='lat' dir='ltr'><strong>obiectari</strong></span> <span class='ocrx_word' id='word_1_24' title='bbox 744 686 936 757; x_wconf 86' lang='lat' dir='ltr'><strong>possis,</strong></span> <span class='ocrx_word' id='word_1_25' title='bbox 965 695 1020 741; x_wconf 92' lang='lat' dir='ltr'><strong>et</strong></span> <span class='ocrx_word' id='word_1_26' title='bbox 1069 685 1273 741; x_wconf 90' lang='lat' dir='ltr'><strong>nullum</strong></span> <span class='ocrx_word' id='word_1_27' title='bbox 1319 686 1518 740; x_wconf 90' lang='lat' dir='ltr'><strong>malum</strong></span> <span class='ocrx_word' id='word_1_28' title='bbox 1566 685 1880 740; x_wconf 83' lang='lat' dir='ltr'><strong>incurrere?</strong></span> 
     </span>
    </p>
   </div>
   <div class='ocr_carea' id='block_1_6' title="bbox 285 776 1881 847">
    <p class='ocr_par' dir='ltr' id='par_1_6' title="bbox 285 776 1881 847">
     <span class='ocr_line' id='line_1_6' title="bbox 285 776 1881 847; baseline 0 -15"><span class='ocrx_word' id='word_1_29' title='bbox 285 776 418 832; x_wconf 87' lang='lat' dir='ltr'><strong>Cum</strong></span> <span class='ocrx_word' id='word_1_30' title='bbox 449 779 617 835; x_wconf 89' lang='lat' dir='ltr'><strong>libera</strong></span> <span class='ocrx_word' id='word_1_31' title='bbox 642 788 696 834; x_wconf 93' lang='lat' dir='ltr'><strong>et</strong></span> <span class='ocrx_word' id='word_1_32' title='bbox 747 778 968 833; x_wconf 85' lang='lat' dir='ltr'><strong>honesta</strong></span> <span class='ocrx_word' id='word_1_33' title='bbox 999 777 1224 834; x_wconf 76' lang='lat' dir='ltr'><strong>muliere</strong></span> <span class='ocrx_word' id='word_1_34' title='bbox 1252 779 1408 834; x_wconf 87' lang='lat' dir='ltr'><strong>simul</strong></span> <span class='ocrx_word' id='word_1_35' title='bbox 1435 778 1675 847; x_wconf 90' lang='lat' dir='ltr'><strong>voluptas</strong></span> <span class='ocrx_word' id='word_1_36' title='bbox 1717 787 1799 832; x_wconf 91' lang='lat' dir='ltr'><strong>est</strong></span> <span class='ocrx_word' id='word_1_37' title='bbox 1826 785 1881 832; x_wconf 89' lang='lat' dir='ltr'><strong>et</strong></span> 
     </span>
    </p>
   </div>
   <div class='ocr_carea' id='block_1_7' title="bbox 285 870 1879 938">
    <p class='ocr_par' dir='ltr' id='par_1_7' title="bbox 285 870 1879 938">
     <span class='ocr_line' id='line_1_7' title="bbox 285 870 1879 938; baseline -0.001 -13"><span class='ocrx_word' id='word_1_38' title='bbox 285 872 566 936; x_wconf 87' lang='lat' dir='ltr'><strong>securitas,</strong></span> <span class='ocrx_word' id='word_1_39' title='bbox 605 880 662 926; x_wconf 91' lang='lat' dir='ltr'><strong>et</strong></span> <span class='ocrx_word' id='word_1_40' title='bbox 682 871 968 926; x_wconf 75' lang='lat' dir='ltr'><strong>delectatio</strong></span> <span class='ocrx_word' id='word_1_41' title='bbox 1003 880 1056 926; x_wconf 91' lang='lat' dir='ltr'><strong>et</strong></span> <span class='ocrx_word' id='word_1_42' title='bbox 1104 871 1295 938; x_wconf 87' lang='lat' dir='ltr'><strong>honor,</strong></span> <span class='ocrx_word' id='word_1_43' title='bbox 1326 880 1381 927; x_wconf 90' lang='lat' dir='ltr'><strong>et</strong></span> <span class='ocrx_word' id='word_1_44' title='bbox 1408 882 1629 926; x_wconf 88' lang='lat' dir='ltr'><strong>ornatus</strong></span> <span class='ocrx_word' id='word_1_45' title='bbox 1663 880 1717 926; x_wconf 91' lang='lat' dir='ltr'><strong>et</strong></span> <span class='ocrx_word' id='word_1_46' title='bbox 1743 870 1879 924; x_wconf 87' lang='lat' dir='ltr'><strong>bona</strong></span> 
     </span>
    </p>
   </div>
   <div class='ocr_carea' id='block_1_8' title="bbox 285 963 1880 1030">
    <p class='ocr_par' dir='ltr' id='par_1_8' title="bbox 285 963 1880 1030">
     <span class='ocr_line' id='line_1_8' title="bbox 285 963 1880 1030; baseline -0.002 -11"><span class='ocrx_word' id='word_1_47' title='bbox 285 963 615 1019; x_wconf 81' lang='lat' dir='ltr'><strong>conscientia</strong></span> <span class='ocrx_word' id='word_1_48' title='bbox 653 980 668 1017; x_wconf 92' lang='lat'><strong>:</strong></span> <span class='ocrx_word' id='word_1_49' title='bbox 719 963 826 1018; x_wconf 92' lang='lat' dir='ltr'><strong>illic</strong></span> <span class='ocrx_word' id='word_1_50' title='bbox 868 973 1047 1018; x_wconf 89' lang='lat' dir='ltr'><strong>autem</strong></span> <span class='ocrx_word' id='word_1_51' title='bbox 1081 963 1346 1019; x_wconf 83' lang='lat' dir='ltr'><strong>acerbitas</strong></span> <span class='ocrx_word' id='word_1_52' title='bbox 1399 963 1584 1030; x_wconf 88' lang='lat' dir='ltr'><strong>multa,</strong></span> <span class='ocrx_word' id='word_1_53' title='bbox 1628 963 1880 1016; x_wconf 83' lang='lat' dir='ltr'><strong>damnum</strong></span> 
     </span>
    </p>
   </div>
   <div class='ocr_carea' id='block_1_9' title="bbox 286 1053 1880 1126">
    <p class='ocr_par' dir='ltr' id='par_1_9' title="bbox 286 1053 1880 1126">
     <span class='ocr_line' id='line_1_9' title="bbox 286 1053 1880 1126; baseline -0.002 -14"><span class='ocrx_word' id='word_1_54' title='bbox 286 1057 533 1121; x_wconf 91' lang='lat' dir='ltr'><strong>multum,</strong></span> <span class='ocrx_word' id='word_1_55' title='bbox 575 1057 845 1112; x_wconf 85' lang='lat' dir='ltr'><strong>accusatio</strong></span> <span class='ocrx_word' id='word_1_56' title='bbox 897 1065 1175 1126; x_wconf 89' lang='lat' dir='ltr'><strong>perpetua.</strong></span> <span class='ocrx_word' id='word_1_57' title='bbox 1226 1055 1483 1123; x_wconf 82' lang='lat' dir='ltr'><strong>Quamvis</strong></span> <span class='ocrx_word' id='word_1_58' title='bbox 1528 1054 1674 1109; x_wconf 89' lang='lat' dir='ltr'><strong>enim</strong></span> <span class='ocrx_word' id='word_1_59' title='bbox 1702 1053 1880 1109; x_wconf 90' lang='lat' dir='ltr'><strong>nullus</strong></span> 
     </span>
    </p>
   </div>
   <div class='ocr_carea' id='block_1_10' title="bbox 288 1145 1881 1218">
    <p class='ocr_par' dir='ltr' id='par_1_10' title="bbox 288 1145 1881 1218">
     <span class='ocr_line' id='line_1_10' title="bbox 288 1145 1881 1218; baseline -0.003 -14"><span class='ocrx_word' id='word_1_60' title='bbox 288 1149 562 1204; x_wconf 83' lang='lat' dir='ltr'><strong>hominum</strong></span> <span class='ocrx_word' id='word_1_61' title='bbox 593 1148 817 1214; x_wconf 87' lang='lat' dir='ltr'><strong>viderit,</strong></span> <span class='ocrx_word' id='word_1_62' title='bbox 849 1163 1135 1218; x_wconf 84' lang='lat' dir='ltr'><strong>numquam</strong></span> <span class='ocrx_word' id='word_1_63' title='bbox 1167 1156 1343 1203; x_wconf 89' lang='lat' dir='ltr'><strong>tamen</strong></span> <span class='ocrx_word' id='word_1_64' title='bbox 1369 1161 1624 1202; x_wconf 84' lang='lat' dir='ltr'><strong>accusare</strong></span> <span class='ocrx_word' id='word_1_65' title='bbox 1655 1155 1707 1201; x_wconf 92' lang='lat' dir='ltr'><strong>te</strong></span> <span class='ocrx_word' id='word_1_66' title='bbox 1734 1145 1881 1200; x_wconf 84' lang='lat' dir='ltr'><strong>desi-</strong></span> 
     </span>
    </p>
   </div>
   <div class='ocr_carea' id='block_1_11' title="bbox 287 1237 1882 1309">
    <p class='ocr_par' dir='ltr' id='par_1_11' title="bbox 287 1237 1882 1309">
     <span class='ocr_line' id='line_1_11' title="bbox 287 1237 1882 1309; baseline -0.003 -15"><span class='ocrx_word' id='word_1_67' title='bbox 287 1249 379 1295; x_wconf 86' lang='lat' dir='ltr'><strong>net</strong></span> <span class='ocrx_word' id='word_1_68' title='bbox 401 1239 726 1295; x_wconf 86' lang='lat' dir='ltr'><strong>conscientia</strong></span> <span class='ocrx_word' id='word_1_69' title='bbox 747 1256 762 1296; x_wconf 90' lang='lat'>:</span> <span class='ocrx_word' id='word_1_70' title='bbox 780 1239 873 1294; x_wconf 85' lang='lat' dir='ltr'><strong>sed</strong></span> <span class='ocrx_word' id='word_1_71' title='bbox 900 1253 1235 1309; x_wconf 92' lang='lat' dir='ltr'><strong>quocumque</strong></span> <span class='ocrx_word' id='word_1_72' title='bbox 1256 1237 1582 1308; x_wconf 77' lang='lat' dir='ltr'><strong>perrexeris,</strong></span> <span class='ocrx_word' id='word_1_73' title='bbox 1614 1246 1666 1292; x_wconf 93' lang='lat' dir='ltr'><strong>te</strong></span> <span class='ocrx_word' id='word_1_74' title='bbox 1690 1251 1882 1306; x_wconf 90' lang='lat' dir='ltr'><strong>seque-</strong></span> 
     </span>
    </p>
   </div>
   <div class='ocr_carea' id='block_1_12' title="bbox 287 1336 1884 1400">
    <p class='ocr_par' dir='ltr' id='par_1_12' title="bbox 287 1336 1884 1400">
     <span class='ocr_line' id='line_1_12' title="bbox 287 1336 1884 1400; baseline -0.003 -14"><span class='ocrx_word' id='word_1_75' title='bbox 287 1339 374 1386; x_wconf 92' lang='lat' dir='ltr'><strong>tur</strong></span> <span class='ocrx_word' id='word_1_76' title='bbox 397 1343 677 1396; x_wconf 84' lang='lat' dir='ltr'><strong>accusans,</strong></span> <span class='ocrx_word' id='word_1_77' title='bbox 709 1338 765 1385; x_wconf 72' lang='grc' dir='ltr'><strong>ει</strong></span> <span class='ocrx_word' id='word_1_78' title='bbox 793 1344 981 1400; x_wconf 84' lang='lat' dir='ltr'><strong>magna</strong></span> <span class='ocrx_word' id='word_1_79' title='bbox 1008 1344 1140 1384; x_wconf 71' lang='grc' dir='ltr'><strong>νοεε</strong></span> <span class='ocrx_word' id='word_1_80' title='bbox 1163 1337 1215 1384; x_wconf 87' lang='lat' dir='ltr'><strong>te</strong></span> <span class='ocrx_word' id='word_1_81' title='bbox 1255 1342 1580 1399; x_wconf 72' lang='lat' dir='ltr'><strong>persequens</strong></span> <span class='ocrx_word' id='word_1_82' title='bbox 1607 1336 1884 1381; x_wconf 66' lang='grc' dir='ltr'><strong>θεειιεθιοι·</strong></span> 
     </span>
    </p>
   </div>
   <div class='ocr_carea' id='block_1_13' title="bbox 289 1419 1882 1491">
    <p class='ocr_par' dir='ltr' id='par_1_13' title="bbox 289 1419 1882 1491">
     <span class='ocr_line' id='line_1_13' title="bbox 289 1419 1882 1491; baseline -0.004 -15"><span class='ocrx_word' id='word_1_83' title='bbox 289 1422 410 1476; x_wconf 86' lang='lat' dir='ltr'><strong>iste.</strong></span> <span class='ocrx_word' id='word_1_84' title='bbox 437 1421 620 1491; x_wconf 89' lang='lat' dir='ltr'><strong>Itaque</strong></span> <span class='ocrx_word' id='word_1_85' title='bbox 643 1420 688 1474; x_wconf 83' lang='lat' dir='ltr'><strong>si</strong></span> <span class='ocrx_word' id='word_1_86' title='bbox 728 1421 848 1490; x_wconf 87' lang='lat' dir='ltr'><strong>quis</strong></span> <span class='ocrx_word' id='word_1_87' title='bbox 885 1421 1210 1489; x_wconf 87' lang='lat' dir='ltr'><strong>voluptatem</strong></span> <span class='ocrx_word' id='word_1_88' title='bbox 1255 1427 1525 1480; x_wconf 89' lang='lat' dir='ltr'><strong>sectetur,</strong></span> <span class='ocrx_word' id='word_1_89' title='bbox 1554 1419 1600 1472; x_wconf 89' lang='lat' dir='ltr'><strong>is</strong></span> <span class='ocrx_word' id='word_1_90' title='bbox 1625 1431 1882 1487; x_wconf 84' lang='lat' dir='ltr'><strong>congres-</strong></span> 
     </span>
    </p>
   </div>
   <div class='ocr_carea' id='block_1_14' title="bbox 287 1507 1883 1581">
    <p class='ocr_par' dir='ltr' id='par_1_14' title="bbox 287 1507 1883 1581">
     <span class='ocr_line' id='line_1_14' title="bbox 287 1507 1883 1581; baseline -0.003 -14"><span class='ocrx_word' id='word_1_91' title='bbox 287 1526 404 1567; x_wconf 91' lang='lat' dir='ltr'><strong>sum</strong></span> <span class='ocrx_word' id='word_1_92' title='bbox 429 1527 550 1566; x_wconf 90' lang='lat' dir='ltr'><strong>cum</strong></span> <span class='ocrx_word' id='word_1_93' title='bbox 578 1511 942 1566; x_wconf 90' lang='lat' dir='ltr'><strong>meretricibus</strong></span> <span class='ocrx_word' id='word_1_94' title='bbox 972 1510 1133 1581; x_wconf 80' lang='lat' dir='ltr'><strong>fugiat</strong></span> <span class='ocrx_word' id='word_1_95' title='bbox 1168 1510 1418 1564; x_wconf 79' lang='lat' dir='ltr'><strong>maxime.</strong></span> <span class='ocrx_word' id='word_1_96' title='bbox 1455 1508 1594 1562; x_wconf 86' lang='lat' dir='ltr'><strong>Nihil</strong></span> <span class='ocrx_word' id='word_1_97' title='bbox 1625 1509 1764 1564; x_wconf 89' lang='lat' dir='ltr'><strong>enim</strong></span> <span class='ocrx_word' id='word_1_98' title='bbox 1793 1507 1883 1562; x_wconf 85' lang='lat' dir='ltr'><strong>illa</strong></span> 
     </span>
    </p>
   </div>
   <div class='ocr_carea' id='block_1_15' title="bbox 287 1599 1882 1672">
    <p class='ocr_par' dir='ltr' id='par_1_15' title="bbox 287 1599 1882 1672">
     <span class='ocr_line' id='line_1_15' title="bbox 287 1599 1882 1672; baseline -0.002 -16"><span class='ocrx_word' id='word_1_99' title='bbox 287 1602 677 1658; x_wconf 88' lang='lat' dir='ltr'><strong>consuetudine</strong></span> <span class='ocrx_word' id='word_1_100' title='bbox 718 1601 1077 1672; x_wconf 89' lang='lat' dir='ltr'><strong>injucundius,</strong></span> <span class='ocrx_word' id='word_1_101' title='bbox 1110 1601 1242 1655; x_wconf 88' lang='lat' dir='ltr'><strong>nihil</strong></span> <span class='ocrx_word' id='word_1_102' title='bbox 1272 1601 1364 1655; x_wconf 93' lang='lat' dir='ltr'><strong>illo</strong></span> <span class='ocrx_word' id='word_1_103' title='bbox 1397 1613 1682 1670; x_wconf 87' lang='lat' dir='ltr'><strong>congressu</strong></span> <span class='ocrx_word' id='word_1_104' title='bbox 1712 1599 1882 1654; x_wconf 90' lang='lat' dir='ltr'><strong>mole-</strong></span> 
     </span>
    </p>
   </div>
   <div class='ocr_carea' id='block_1_16' title="bbox 285 1689 1886 1760">
    <p class='ocr_par' dir='ltr' id='par_1_16' title="bbox 285 1689 1886 1760">
     <span class='ocr_line' id='line_1_16' title="bbox 285 1689 1886 1760; baseline -0.004 -12"><span class='ocrx_word' id='word_1_105' title='bbox 285 1694 444 1760; x_wconf 85' lang='lat' dir='ltr'><strong>stius,</strong></span> <span class='ocrx_word' id='word_1_106' title='bbox 473 1693 604 1748; x_wconf 87' lang='lat' dir='ltr'><strong>nihil</strong></span> <span class='ocrx_word' id='word_1_107' title='bbox 638 1692 876 1747; x_wconf 89' lang='lat' dir='ltr'><strong>moribus</strong></span> <span class='ocrx_word' id='word_1_108' title='bbox 904 1693 1112 1746; x_wconf 91' lang='lat' dir='ltr'><strong>illarum</strong></span> <span class='ocrx_word' id='word_1_109' title='bbox 1153 1691 1448 1746; x_wconf 86' lang='lat' dir='ltr'><strong>scelestius.</strong></span> <span class='ocrx_word' id='word_1_110' title='bbox 1483 1691 1665 1743; x_wconf 79' lang='lat' dir='ltr'><strong>Cervus</strong></span> <span class='ocrx_word' id='word_1_111' title='bbox 1709 1689 1886 1742; x_wconf 84' lang='lat' dir='ltr'><strong>amici-</strong></span> 
     </span>
    </p>
   </div>
   <div class='ocr_carea' id='block_1_17' title="bbox 287 1781 1883 1857">
    <p class='ocr_par' dir='ltr' id='par_1_17' title="bbox 287 1781 1883 1857">
     <span class='ocr_line' id='line_1_17' title="bbox 287 1781 1883 1857; baseline -0.004 -17"><span class='ocrx_word' id='word_1_112' title='bbox 287 1788 392 1852; x_wconf 74' lang='lat' dir='ltr'><strong>tite,</strong></span> <span class='ocrx_word' id='word_1_113' title='bbox 435 1797 481 1842; x_wconf 86' lang='lat' dir='ltr'><strong>et</strong></span> <span class='ocrx_word' id='word_1_114' title='bbox 527 1787 700 1857; x_wconf 83' lang='lat' dir='ltr'><strong>pullus</strong></span> <span class='ocrx_word' id='word_1_115' title='bbox 742 1787 1021 1857; x_wconf 79' lang='lat' dir='ltr'><strong>gratiarum</strong></span> <span class='ocrx_word' id='word_1_116' title='bbox 1049 1795 1252 1838; x_wconf 88' lang='lat' dir='ltr'><strong>tuarum</strong></span> <span class='ocrx_word' id='word_1_117' title='bbox 1300 1781 1654 1853; x_wconf 73' lang='lat' dir='ltr'><strong>confabulatur</strong></span> <span class='ocrx_word' id='word_1_118' title='bbox 1681 1791 1883 1834; x_wconf 84' lang='lat' dir='ltr'><strong>tecum:</strong></span> 
     </span>
    </p>
   </div>
   <div class='ocr_carea' id='block_1_18' title="bbox 285 1871 1882 1948">
    <p class='ocr_par' dir='ltr' id='par_1_18' title="bbox 285 1871 1882 1948">
     <span class='ocr_line' id='line_1_18' title="bbox 285 1871 1882 1948; baseline -0.005 -16"><span class='ocrx_word' id='word_1_119' title='bbox 285 1881 404 1948; x_wconf 80' lang='lat' dir='ltr'><strong>fons</strong></span> <span class='ocrx_word' id='word_1_120' title='bbox 431 1895 578 1948; x_wconf 69' lang='lat' dir='ltr'><strong>aqua</strong></span> <span class='ocrx_word' id='word_1_121' title='bbox 606 1889 706 1933; x_wconf 77' lang='lat' dir='ltr'><strong>tua:</strong></span> <span class='ocrx_word' id='word_1_122' title='bbox 724 1879 788 1932; x_wconf 90' lang='lat' dir='ltr'><strong>sit</strong></span> <span class='ocrx_word' id='word_1_123' title='bbox 819 1878 905 1931; x_wconf 91' lang='lat' dir='ltr'><strong>tibi</strong></span> <span class='ocrx_word' id='word_1_124' title='bbox 934 1880 1049 1948; x_wconf 83' lang='lat' dir='ltr'><strong>fons</strong></span> <span class='ocrx_word' id='word_1_125' title='bbox 1084 1872 1268 1942; x_wconf 73' lang='lat' dir='ltr'><strong>(Prob.</strong></span> <span class='ocrx_word' id='word_1_126' title='bbox 1295 1875 1350 1931; x_wconf 87' lang='lat'><strong>5.</strong></span> <span class='ocrx_word' id='word_1_127' title='bbox 1381 1875 1466 1928; x_wconf 81' lang='lat' dir='ltr'><strong>l9.</strong></span> <span class='ocrx_word' id='word_1_128' title='bbox 1495 1883 1542 1926; x_wconf 88' lang='lat' dir='ltr'><strong>et</strong></span> <span class='ocrx_word' id='word_1_129' title='bbox 1573 1871 1641 1926; x_wconf 79' lang='lat' dir='ltr'><strong>l5</strong></span> <span class='ocrx_word' id='word_1_130' title='bbox 1664 1871 1702 1939; x_wconf 91' lang='lat'><strong>).</strong></span> <span class='ocrx_word' id='word_1_131' title='bbox 1745 1871 1882 1924; x_wconf 89' lang='lat' dir='ltr'><strong>Cum</strong></span> 
     </span>
    </p>
   </div>
   <div class='ocr_carea' id='block_1_19' title="bbox 285 1963 1880 2040">
    <p class='ocr_par' dir='ltr' id='par_1_19' title="bbox 285 1963 1880 2040">
     <span class='ocr_line' id='line_1_19' title="bbox 285 1963 1880 2040; baseline -0.006 -14"><span class='ocrx_word' id='word_1_132' title='bbox 285 1971 358 2026; x_wconf 93' lang='lat' dir='ltr'><strong>sit</strong></span> <span class='ocrx_word' id='word_1_133' title='bbox 381 1971 472 2024; x_wconf 90' lang='lat' dir='ltr'><strong>tibi</strong></span> <span class='ocrx_word' id='word_1_134' title='bbox 500 1969 620 2025; x_wconf 81' lang='lat' dir='ltr'><strong>fons</strong></span> <span class='ocrx_word' id='word_1_135' title='bbox 649 1985 812 2040; x_wconf 88' lang='lat' dir='ltr'><strong>purus</strong></span> <span class='ocrx_word' id='word_1_136' title='bbox 834 2011 850 2036; x_wconf 95' lang='lat'><strong>,</strong></span> <span class='ocrx_word' id='word_1_137' title='bbox 879 1984 976 2024; x_wconf 91' lang='lat' dir='ltr'><strong>cur</strong></span> <span class='ocrx_word' id='word_1_138' title='bbox 997 1969 1064 2022; x_wconf 90' lang='lat' dir='ltr'><strong>ad</strong></span> <span class='ocrx_word' id='word_1_139' title='bbox 1099 1969 1272 2022; x_wconf 88' lang='lat' dir='ltr'><strong>lacum</strong></span> <span class='ocrx_word' id='word_1_140' title='bbox 1299 1966 1408 2020; x_wconf 92' lang='lat' dir='ltr'><strong>luto</strong></span> <span class='ocrx_word' id='word_1_141' title='bbox 1436 1965 1649 2036; x_wconf 68' lang='lat' dir='ltr'><strong>plenum</strong></span> <span class='ocrx_word' id='word_1_142' title='bbox 1687 1963 1880 2026; x_wconf 88' lang='lat' dir='ltr'><strong>curris,</strong></span> 
     </span>
    </p>
   </div>
   <div class='ocr_carea' id='block_1_20' title="bbox 283 2053 1884 2131">
    <p class='ocr_par' dir='ltr' id='par_1_20' title="bbox 283 2053 1884 2131">
     <span class='ocr_line' id='line_1_20' title="bbox 283 2053 1884 2131; baseline -0.005 -16"><span class='ocrx_word' id='word_1_143' title='bbox 283 2065 584 2131; x_wconf 80' lang='lat' dir='ltr'><strong>gehennam</strong></span> <span class='ocrx_word' id='word_1_144' title='bbox 607 2062 838 2115; x_wconf 90' lang='lat' dir='ltr'><strong>olentem</strong></span> <span class='ocrx_word' id='word_1_145' title='bbox 861 2069 914 2115; x_wconf 93' lang='lat' dir='ltr'><strong>et</strong></span> <span class='ocrx_word' id='word_1_146' title='bbox 928 2059 1244 2130; x_wconf 84' lang='lat' dir='ltr'><strong>supplicium</strong></span> <span class='ocrx_word' id='word_1_147' title='bbox 1269 2055 1537 2111; x_wconf 79' lang='lat' dir='ltr'><strong>ineffabile</strong></span> <span class='ocrx_word' id='word_1_148' title='bbox 1553 2053 1577 2107; x_wconf 72' lang='lat' dir='ltr'><strong>l</strong></span> <span class='ocrx_word' id='word_1_149' title='bbox 1593 2069 1694 2124; x_wconf 90' lang='lat' dir='ltr'><strong>qna</strong></span> <span class='ocrx_word' id='word_1_150' title='bbox 1717 2067 1884 2107; x_wconf 87' lang='lat' dir='ltr'><strong>excu-</strong></span> 
     </span>
    </p>
   </div>
   <div class='ocr_carea' id='block_1_21' title="bbox 283 2142 1884 2223">
    <p class='ocr_par' dir='ltr' id='par_1_21' title="bbox 283 2142 1884 2223">
     <span class='ocr_line' id='line_1_21' title="bbox 283 2142 1884 2223; baseline -0.006 -15"><span class='ocrx_word' id='word_1_151' title='bbox 283 2153 515 2215; x_wconf 84' lang='lat' dir='ltr'><strong>satione.</strong></span> <span class='ocrx_word' id='word_1_152' title='bbox 545 2170 646 2223; x_wconf 86' lang='lat' dir='ltr'><strong>qua</strong></span> <span class='ocrx_word' id='word_1_153' title='bbox 683 2154 838 2208; x_wconf 87' lang='lat' dir='ltr'><strong>venia</strong></span> <span class='ocrx_word' id='word_1_154' title='bbox 864 2153 1056 2222; x_wconf 84' lang='lat' dir='ltr'><strong>dignus</strong></span> <span class='ocrx_word' id='word_1_155' title='bbox 1077 2150 1278 2222; x_wconf 81' lang='lat' dir='ltr'><strong>puteris</strong></span> <span class='ocrx_word' id='word_1_156' title='bbox 1313 2148 1516 2204; x_wconf 76' lang='lat' dir='ltr'><strong>videri?</strong></span> <span class='ocrx_word' id='word_1_157' title='bbox 1541 2147 1597 2201; x_wconf 82' lang='lat' dir='ltr'><strong>Si</strong></span> <span class='ocrx_word' id='word_1_158' title='bbox 1622 2146 1764 2201; x_wconf 90' lang='lat' dir='ltr'><strong>enim</strong></span> <span class='ocrx_word' id='word_1_159' title='bbox 1791 2142 1884 2215; x_wconf 92' lang='lat' dir='ltr'><strong>qui</strong></span> 
     </span>
    </p>
   </div>
   <div class='ocr_carea' id='block_1_22' title="bbox 283 2243 1884 2309">
    <p class='ocr_par' dir='ltr' id='par_1_22' title="bbox 283 2243 1884 2309">
     <span class='ocr_line' id='line_1_22' title="bbox 283 2243 1884 2309; baseline -0.004 -11"><span class='ocrx_word' id='word_1_160' title='bbox 283 2253 410 2298; x_wconf 84' lang='lat' dir='ltr'><strong>ante</strong></span> <span class='ocrx_word' id='word_1_161' title='bbox 437 2253 768 2298; x_wconf 87' lang='lat' dir='ltr'><strong>contractum</strong></span> <span class='ocrx_word' id='word_1_162' title='bbox 799 2243 1191 2297; x_wconf 87' lang='lat' dir='ltr'><strong>matrimonium</strong></span> <span class='ocrx_word' id='word_1_163' title='bbox 1218 2247 1538 2305; x_wconf 87' lang='lat' dir='ltr'><strong>scortantnr,</strong></span> <span class='ocrx_word' id='word_1_164' title='bbox 1557 2252 1742 2309; x_wconf 73' lang='lat' dir='ltr'><strong>pmuas</strong></span> <span class='ocrx_word' id='word_1_165' title='bbox 1763 2250 1884 2292; x_wconf 84' lang='lat' dir='ltr'><strong>sus-</strong></span> 
     </span>
    </p>
   </div>
   <div class='ocr_carea' id='block_1_23' title="bbox 284 2327 1880 2406">
    <p class='ocr_par' dir='ltr' id='par_1_23' title="bbox 284 2327 1880 2406">
     <span class='ocr_line' id='line_1_23' title="bbox 284 2327 1880 2406; baseline -0.004 -16"><span class='ocrx_word' id='word_1_166' title='bbox 284 2335 478 2400; x_wconf 88' lang='lat' dir='ltr'><strong>tinent,</strong></span> <span class='ocrx_word' id='word_1_167' title='bbox 507 2345 562 2390; x_wconf 89' lang='lat' dir='ltr'><strong>et</strong></span> <span class='ocrx_word' id='word_1_168' title='bbox 590 2335 852 2406; x_wconf 88' lang='lat' dir='ltr'><strong>supplicio</strong></span> <span class='ocrx_word' id='word_1_169' title='bbox 880 2333 1202 2405; x_wconf 90' lang='lat' dir='ltr'><strong>plectuntur,</strong></span> <span class='ocrx_word' id='word_1_170' title='bbox 1233 2333 1370 2386; x_wconf 85' lang='lat' dir='ltr'><strong>sicut</strong></span> <span class='ocrx_word' id='word_1_171' title='bbox 1401 2332 1488 2386; x_wconf 86' lang='lat' dir='ltr'><strong>ille</strong></span> <span class='ocrx_word' id='word_1_172' title='bbox 1533 2331 1621 2402; x_wconf 89' lang='lat' dir='ltr'><strong>qui</strong></span> <span class='ocrx_word' id='word_1_173' title='bbox 1647 2327 1880 2383; x_wconf 83' lang='lat' dir='ltr'><strong>sordidis</strong></span> 
     </span>
    </p>
   </div>
   <div class='ocr_carea' id='block_1_24' title="bbox 1499 296 2370 358">
    <p class='ocr_par' dir='ltr' id='par_1_24' title="bbox 1499 296 2370 358">
     <span class='ocr_line' id='line_1_24' title="bbox 1499 296 2370 358; baseline 0.007 -6"><span class='ocrx_word' id='word_1_174' title='bbox 1499 296 1589 353; x_wconf 82' lang='lat' dir='ltr'><strong>DE</strong></span> <span class='ocrx_word' id='word_1_175' title='bbox 1628 297 1922 355; x_wconf 81' lang='lat' dir='ltr'><strong>LIBELLO</strong></span> <span class='ocrx_word' id='word_1_176' title='bbox 1960 298 2258 358; x_wconf 75' lang='lat' dir='ltr'><strong>REPUDII.</strong></span> <span class='ocrx_word' id='word_1_177' title='bbox 2304 300 2370 358; x_wconf 88' lang='lat' dir='ltr'><strong>ll.</strong></span> 
     </span>
    </p>
   </div>
   <div class='ocr_carea' id='block_1_25' title="bbox 1984 409 3580 481">
    <p class='ocr_par' dir='ltr' id='par_1_25' title="bbox 1984 409 3580 481">
     <span class='ocr_line' id='line_1_25' title="bbox 1984 409 3580 481; baseline 0 -15"><span class='ocrx_word' id='word_1_178' title='bbox 1984 420 2100 466; x_wconf 88' lang='lat' dir='ltr'><strong>erat</strong></span> <span class='ocrx_word' id='word_1_179' title='bbox 2123 410 2455 466; x_wconf 73' lang='lat' dir='ltr'><strong>vestimentis</strong></span> <span class='ocrx_word' id='word_1_180' title='bbox 2496 409 2730 475; x_wconf 84' lang='lat' dir='ltr'><strong>indutus,</strong></span> <span class='ocrx_word' id='word_1_181' title='bbox 2764 409 2935 464; x_wconf 84' lang='lat' dir='ltr'><strong>multo</strong></span> <span class='ocrx_word' id='word_1_182' title='bbox 2964 410 3134 480; x_wconf 84' lang='lat' dir='ltr'><strong>magis</strong></span> <span class='ocrx_word' id='word_1_183' title='bbox 3160 409 3250 481; x_wconf 86' lang='lat' dir='ltr'><strong>qui</strong></span> <span class='ocrx_word' id='word_1_184' title='bbox 3301 411 3580 466; x_wconf 84' lang='lat' dir='ltr'><strong>matrimo-</strong></span> 
     </span>
    </p>
   </div>
   <div class='ocr_carea' id='block_1_26' title="bbox 1987 501 3579 574">
    <p class='ocr_par' dir='ltr' id='par_1_26' title="bbox 1987 501 3579 574">
     <span class='ocr_line' id='line_1_26' title="bbox 1987 501 3579 574; baseline 0.001 -17"><span class='ocrx_word' id='word_1_185' title='bbox 1987 502 2078 557; x_wconf 93' lang='lat' dir='ltr'><strong>nio</strong></span> <span class='ocrx_word' id='word_1_186' title='bbox 2115 511 2408 557; x_wconf 87' lang='lat' dir='ltr'><strong>contracto.</strong></span> <span class='ocrx_word' id='word_1_187' title='bbox 2449 503 2650 572; x_wconf 86' lang='lat' dir='ltr'><strong>Duplex</strong></span> <span class='ocrx_word' id='word_1_188' title='bbox 2699 502 2844 556; x_wconf 89' lang='lat' dir='ltr'><strong>enim</strong></span> <span class='ocrx_word' id='word_1_189' title='bbox 2884 501 3006 557; x_wconf 88' lang='lat' dir='ltr'><strong>inde</strong></span> <span class='ocrx_word' id='word_1_190' title='bbox 3045 517 3108 556; x_wconf 87' lang='lat' dir='ltr'><strong>ac</strong></span> <span class='ocrx_word' id='word_1_191' title='bbox 3136 502 3330 574; x_wconf 80' lang='lat' dir='ltr'><strong>triplex</strong></span> <span class='ocrx_word' id='word_1_192' title='bbox 3374 503 3579 559; x_wconf 87' lang='lat' dir='ltr'><strong>crimen</strong></span> 
     </span>
    </p>
   </div>
   <div class='ocr_carea' id='block_1_27' title="bbox 1987 593 3582 666">
    <p class='ocr_par' dir='ltr' id='par_1_27' title="bbox 1987 593 3582 666">
     <span class='ocr_line' id='line_1_27' title="bbox 1987 593 3582 666; baseline 0.002 -18"><span class='ocrx_word' id='word_1_193' title='bbox 1987 596 2180 661; x_wconf 88' lang='lat' dir='ltr'><strong>oritur,</strong></span> <span class='ocrx_word' id='word_1_194' title='bbox 2233 604 2342 649; x_wconf 91' lang='lat' dir='ltr'><strong>tum</strong></span> <span class='ocrx_word' id='word_1_195' title='bbox 2373 595 2494 666; x_wconf 88' lang='lat' dir='ltr'><strong>quia</strong></span> <span class='ocrx_word' id='word_1_196' title='bbox 2542 610 2662 650; x_wconf 91' lang='lat' dir='ltr'><strong>cum</strong></span> <span class='ocrx_word' id='word_1_197' title='bbox 2692 593 2898 651; x_wconf 90' lang='lat' dir='ltr'><strong>deliciis</strong></span> <span class='ocrx_word' id='word_1_198' title='bbox 2928 594 3231 651; x_wconf 84' lang='lat' dir='ltr'><strong>fruerentur</strong></span> <span class='ocrx_word' id='word_1_199' title='bbox 3258 638 3274 663; x_wconf 95' lang='lat'><strong>,</strong></span> <span class='ocrx_word' id='word_1_200' title='bbox 3325 595 3392 650; x_wconf 85' lang='lat' dir='ltr'><strong>ad</strong></span> <span class='ocrx_word' id='word_1_201' title='bbox 3423 596 3582 651; x_wconf 87' lang='lat' dir='ltr'><strong>lasci-</strong></span> 
     </span>
    </p>
   </div>
   <div class='ocr_carea' id='block_1_28' title="bbox 1986 683 3582 754">
    <p class='ocr_par' dir='ltr' id='par_1_28' title="bbox 1986 683 3582 754">
     <span class='ocr_line' id='line_1_28' title="bbox 1986 683 3582 754; baseline 0.001 -16"><span class='ocrx_word' id='word_1_202' title='bbox 1986 684 2126 738; x_wconf 86' lang='lat' dir='ltr'><strong>viam</strong></span> <span class='ocrx_word' id='word_1_203' title='bbox 2156 685 2300 739; x_wconf 90' lang='lat' dir='ltr'><strong>illam</strong></span> <span class='ocrx_word' id='word_1_204' title='bbox 2328 683 2690 754; x_wconf 85' lang='lat' dir='ltr'><strong>prosilierunt,</strong></span> <span class='ocrx_word' id='word_1_205' title='bbox 2712 693 2822 737; x_wconf 90' lang='lat' dir='ltr'><strong>tum</strong></span> <span class='ocrx_word' id='word_1_206' title='bbox 2851 685 2973 753; x_wconf 83' lang='lat' dir='ltr'><strong>quia</strong></span> <span class='ocrx_word' id='word_1_207' title='bbox 3005 699 3109 739; x_wconf 88' lang='lat' dir='ltr'><strong>non</strong></span> <span class='ocrx_word' id='word_1_208' title='bbox 3137 685 3299 739; x_wconf 87' lang='lat' dir='ltr'><strong>modo</strong></span> <span class='ocrx_word' id='word_1_209' title='bbox 3324 686 3582 740; x_wconf 87' lang='lat' dir='ltr'><strong>scortatio</strong></span> 
     </span>
    </p>
   </div>
   <div class='ocr_carea' id='block_1_29' title="bbox 1988 774 3582 846">
    <p class='ocr_par' dir='ltr' id='par_1_29' title="bbox 1988 774 3582 846">
     <span class='ocr_line' id='line_1_29' title="bbox 1988 774 3582 846; baseline 0 -15"><span class='ocrx_word' id='word_1_210' title='bbox 1988 790 2074 831; x_wconf 88' lang='lat' dir='ltr'><strong>res</strong></span> <span class='ocrx_word' id='word_1_211' title='bbox 2101 775 2212 837; x_wconf 91' lang='lat' dir='ltr'><strong>illa,</strong></span> <span class='ocrx_word' id='word_1_212' title='bbox 2236 775 2330 830; x_wconf 90' lang='lat' dir='ltr'><strong>sed</strong></span> <span class='ocrx_word' id='word_1_213' title='bbox 2358 776 2519 830; x_wconf 90' lang='lat' dir='ltr'><strong>etiam</strong></span> <span class='ocrx_word' id='word_1_214' title='bbox 2550 774 2870 829; x_wconf 90' lang='lat' dir='ltr'><strong>adulterium</strong></span> <span class='ocrx_word' id='word_1_215' title='bbox 2900 785 3170 842; x_wconf 83' lang='lat' dir='ltr'><strong>censetur,</strong></span> <span class='ocrx_word' id='word_1_216' title='bbox 3193 775 3335 846; x_wconf 79' lang='lat' dir='ltr'><strong>quod</strong></span> <span class='ocrx_word' id='word_1_217' title='bbox 3363 785 3582 845; x_wconf 84' lang='lat' dir='ltr'><strong>peccato</strong></span> 
     </span>
    </p>
   </div>
   <div class='ocr_carea' id='block_1_30' title="bbox 1987 868 3581 940">
    <p class='ocr_par' dir='ltr' id='par_1_30' title="bbox 1987 868 3581 940">
     <span class='ocr_line' id='line_1_30' title="bbox 1987 868 3581 940; baseline 0.003 -18"><span class='ocrx_word' id='word_1_218' title='bbox 1987 869 2175 940; x_wconf 88' lang='lat' dir='ltr'><strong>quovis</strong></span> <span class='ocrx_word' id='word_1_219' title='bbox 2197 877 2281 923; x_wconf 92' lang='lat' dir='ltr'><strong>est</strong></span> <span class='ocrx_word' id='word_1_220' title='bbox 2300 870 2531 938; x_wconf 78' lang='lat' dir='ltr'><strong>gravius.</strong></span> <span class='ocrx_word' id='word_1_221' title='bbox 2557 868 2682 924; x_wconf 65' lang='lat' dir='ltr'><strong>Haec</strong></span> <span class='ocrx_word' id='word_1_222' title='bbox 2711 869 2869 938; x_wconf 86' lang='lat' dir='ltr'><strong>igitur</strong></span> <span class='ocrx_word' id='word_1_223' title='bbox 2897 877 2952 923; x_wconf 88' lang='lat' dir='ltr'><strong>et</strong></span> <span class='ocrx_word' id='word_1_224' title='bbox 2984 869 3138 924; x_wconf 88' lang='lat' dir='ltr'><strong>nobis</strong></span> <span class='ocrx_word' id='word_1_225' title='bbox 3163 879 3218 925; x_wconf 90' lang='lat' dir='ltr'><strong>et</strong></span> <span class='ocrx_word' id='word_1_226' title='bbox 3267 869 3581 926; x_wconf 82' lang='lat' dir='ltr'><strong>mulieribus</strong></span> 
     </span>
    </p>
   </div>
   <div class='ocr_carea' id='block_1_31' title="bbox 1989 960 3582 1031">
    <p class='ocr_par' dir='ltr' id='par_1_31' title="bbox 1989 960 3582 1031">
     <span class='ocr_line' id='line_1_31' title="bbox 1989 960 3582 1031; baseline 0.003 -15"><span class='ocrx_word' id='word_1_227' title='bbox 1989 960 2259 1017; x_wconf 84' lang='lat' dir='ltr'><strong>inculcare</strong></span> <span class='ocrx_word' id='word_1_228' title='bbox 2285 977 2390 1016; x_wconf 88' lang='lat' dir='ltr'><strong>non</strong></span> <span class='ocrx_word' id='word_1_229' title='bbox 2417 961 2763 1016; x_wconf 86' lang='lat' dir='ltr'><strong>desinamus:</strong></span> <span class='ocrx_word' id='word_1_230' title='bbox 2791 977 2950 1031; x_wconf 86' lang='lat' dir='ltr'><strong>quam</strong></span> <span class='ocrx_word' id='word_1_231' title='bbox 2976 963 3136 1017; x_wconf 92' lang='lat' dir='ltr'><strong>etiam</strong></span> <span class='ocrx_word' id='word_1_232' title='bbox 3161 963 3230 1018; x_wconf 91' lang='lat' dir='ltr'><strong>ob</strong></span> <span class='ocrx_word' id='word_1_233' title='bbox 3254 977 3468 1018; x_wconf 83' lang='lat' dir='ltr'><strong>causam</strong></span> <span class='ocrx_word' id='word_1_234' title='bbox 3497 962 3582 1020; x_wconf 87' lang='lat' dir='ltr'><strong>his</strong></span> 
     </span>
    </p>
   </div>
   <div class='ocr_carea' id='block_1_32' title="bbox 1988 1051 3580 1124">
    <p class='ocr_par' dir='ltr' id='par_1_32' title="bbox 1988 1051 3580 1124">
     <span class='ocr_line' id='line_1_32' title="bbox 1988 1051 3580 1124; baseline 0.001 -18"><span class='ocrx_word' id='word_1_235' title='bbox 1988 1051 2165 1107; x_wconf 88' lang='lat' dir='ltr'><strong>verbis</strong></span> <span class='ocrx_word' id='word_1_236' title='bbox 2192 1053 2490 1108; x_wconf 88' lang='lat' dir='ltr'><strong>orationem</strong></span> <span class='ocrx_word' id='word_1_237' title='bbox 2531 1051 2847 1107; x_wconf 81' lang='lat' dir='ltr'><strong>concludam</strong></span> <span class='ocrx_word' id='word_1_238' title='bbox 2881 1069 2895 1106; x_wconf 91' lang='lat'><strong>:</strong></span> <span class='ocrx_word' id='word_1_239' title='bbox 2933 1051 3153 1120; x_wconf 86' lang='lat' dir='ltr'><strong>Propter</strong></span> <span class='ocrx_word' id='word_1_240' title='bbox 3197 1055 3580 1124; x_wconf 79' lang='lat' dir='ltr'><strong>fornicationem</strong></span> 
     </span>
    </p>
   </div>
   <div class='ocr_carea' id='block_1_33' title="bbox 1988 1142 3580 1212">
    <p class='ocr_par' dir='ltr' id='par_1_33' title="bbox 1988 1142 3580 1212">
     <span class='ocr_line' id='line_1_33' title="bbox 1988 1142 3580 1212; baseline 0.001 -16"><span class='ocrx_word' id='word_1_241' title='bbox 1988 1143 2329 1212; x_wconf 76' lang='lat' dir='ltr'><strong>unusquisque</strong></span> <span class='ocrx_word' id='word_1_242' title='bbox 2361 1159 2504 1195; x_wconf 86' lang='lat' dir='ltr'><strong>suam</strong></span> <span class='ocrx_word' id='word_1_243' title='bbox 2546 1158 2754 1196; x_wconf 71' lang='lat' dir='ltr'><strong>uxorem</strong></span> <span class='ocrx_word' id='word_1_244' title='bbox 2784 1142 2996 1208; x_wconf 84' lang='lat' dir='ltr'><strong>habeat,</strong></span> <span class='ocrx_word' id='word_1_245' title='bbox 3023 1152 3070 1196; x_wconf 90' lang='lat' dir='ltr'><strong>et</strong></span> <span class='ocrx_word' id='word_1_246' title='bbox 3095 1157 3404 1212; x_wconf 60' lang='lat' dir='ltr'><strong>unaquaeque</strong></span> <span class='ocrx_word' id='word_1_247' title='bbox 3433 1160 3580 1198; x_wconf 84' lang='lat' dir='ltr'><strong>suum</strong></span> 
     </span>
    </p>
   </div>
   <div class='ocr_carea' id='block_1_34' title="bbox 1988 1232 3582 1298">
    <p class='ocr_par' dir='ltr' id='par_1_34' title="bbox 1988 1232 3582 1298">
     <span class='ocr_line' id='line_1_34' title="bbox 1988 1232 3582 1298; baseline -0.002 -10"><span class='ocrx_word' id='word_1_248' title='bbox 1988 1235 2149 1288; x_wconf 86' lang='lat' dir='ltr'><strong>virum</strong></span> <span class='ocrx_word' id='word_1_249' title='bbox 2175 1235 2373 1289; x_wconf 83' lang='lat' dir='ltr'><strong>habeat.</strong></span> <span class='ocrx_word' id='word_1_250' title='bbox 2409 1233 2570 1289; x_wconf 73' lang='lat' dir='ltr'><strong>Uxori</strong></span> <span class='ocrx_word' id='word_1_251' title='bbox 2613 1234 2688 1287; x_wconf 78' lang='lat' dir='ltr'><strong>vir</strong></span> <span class='ocrx_word' id='word_1_252' title='bbox 2709 1233 2925 1288; x_wconf 80' lang='lat' dir='ltr'><strong>debitam</strong></span> <span class='ocrx_word' id='word_1_253' title='bbox 2953 1232 3346 1288; x_wconf 74' lang='lat' dir='ltr'><strong>benevolentiam</strong></span> <span class='ocrx_word' id='word_1_254' title='bbox 3369 1235 3582 1298; x_wconf 81' lang='lat' dir='ltr'><strong>reddat;</strong></span> 
     </span>
    </p>
   </div>
   <div class='ocr_carea' id='block_1_35' title="bbox 1988 1323 3582 1393">
    <p class='ocr_par' dir='ltr' id='par_1_35' title="bbox 1988 1323 3582 1393">
     <span class='ocr_line' id='line_1_35' title="bbox 1988 1323 3582 1393; baseline -0.001 -13"><span class='ocrx_word' id='word_1_255' title='bbox 1988 1341 2119 1380; x_wconf 73' lang='lat' dir='ltr'><strong>uxor</strong></span> <span class='ocrx_word' id='word_1_256' title='bbox 2145 1326 2376 1380; x_wconf 77' lang='lat' dir='ltr'><strong>similiter</strong></span> <span class='ocrx_word' id='word_1_257' title='bbox 2399 1327 2526 1378; x_wconf 79' lang='lat' dir='ltr'><strong>viro.</strong></span> <span class='ocrx_word' id='word_1_258' title='bbox 2555 1323 2744 1378; x_wconf 84' lang='lat' dir='ltr'><strong>Mulier</strong></span> <span class='ocrx_word' id='word_1_259' title='bbox 2769 1324 2846 1377; x_wconf 87' lang='lat' dir='ltr'><strong>sui</strong></span> <span class='ocrx_word' id='word_1_260' title='bbox 2875 1324 3103 1393; x_wconf 86' lang='lat' dir='ltr'><strong>corporis</strong></span> <span class='ocrx_word' id='word_1_261' title='bbox 3157 1334 3450 1380; x_wconf 74' lang='lat' dir='ltr'><strong>potestatem</strong></span> <span class='ocrx_word' id='word_1_262' title='bbox 3479 1340 3582 1379; x_wconf 87' lang='lat' dir='ltr'><strong>non</strong></span> 
     </span>
    </p>
   </div>
   <div class='ocr_carea' id='block_1_36' title="bbox 1989 1415 3579 1488">
    <p class='ocr_par' dir='ltr' id='par_1_36' title="bbox 1989 1415 3579 1488">
     <span class='ocr_line' id='line_1_36' title="bbox 1989 1415 3579 1488; baseline 0.002 -20"><span class='ocrx_word' id='word_1_263' title='bbox 1989 1416 2158 1483; x_wconf 82' lang='lat' dir='ltr'><strong>habet,</strong></span> <span class='ocrx_word' id='word_1_264' title='bbox 2185 1417 2273 1469; x_wconf 85' lang='lat' dir='ltr'><strong>sed</strong></span> <span class='ocrx_word' id='word_1_265' title='bbox 2300 1416 2394 1469; x_wconf 78' lang='lat' dir='ltr'><strong>vir.</strong></span> <span class='ocrx_word' id='word_1_266' title='bbox 2425 1415 2674 1470; x_wconf 85' lang='lat' dir='ltr'><strong>Similiter</strong></span> <span class='ocrx_word' id='word_1_267' title='bbox 2697 1426 2866 1469; x_wconf 88' lang='lat' dir='ltr'><strong>autem</strong></span> <span class='ocrx_word' id='word_1_268' title='bbox 2891 1425 2935 1469; x_wconf 90' lang='lat' dir='ltr'><strong>et</strong></span> <span class='ocrx_word' id='word_1_269' title='bbox 2962 1421 3038 1470; x_wconf 77' lang='lat' dir='ltr'><strong>uir</strong></span> <span class='ocrx_word' id='word_1_270' title='bbox 3071 1417 3150 1470; x_wconf 83' lang='lat' dir='ltr'><strong>sui</strong></span> <span class='ocrx_word' id='word_1_271' title='bbox 3187 1417 3413 1485; x_wconf 86' lang='lat' dir='ltr'><strong>corporis</strong></span> <span class='ocrx_word' id='word_1_272' title='bbox 3436 1426 3579 1488; x_wconf 81' lang='lat' dir='ltr'><strong>pots-</strong></span> 
     </span>
    </p>
   </div>
   <div class='ocr_carea' id='block_1_37' title="bbox 1987 1505 3584 1577">
    <p class='ocr_par' dir='ltr' id='par_1_37' title="bbox 1987 1505 3584 1577">
     <span class='ocr_line' id='line_1_37' title="bbox 1987 1505 3584 1577; baseline 0.001 -17"><span class='ocrx_word' id='word_1_273' title='bbox 1987 1516 2164 1560; x_wconf 83' lang='lat' dir='ltr'><strong>statem</strong></span> <span class='ocrx_word' id='word_1_274' title='bbox 2217 1523 2316 1560; x_wconf 89' lang='lat' dir='ltr'><strong>non</strong></span> <span class='ocrx_word' id='word_1_275' title='bbox 2345 1506 2491 1560; x_wconf 82' lang='lat' dir='ltr'><strong>habet</strong></span> <span class='ocrx_word' id='word_1_276' title='bbox 2523 1547 2536 1570; x_wconf 91' lang='lat'><strong>,</strong></span> <span class='ocrx_word' id='word_1_277' title='bbox 2586 1507 2674 1560; x_wconf 85' lang='lat' dir='ltr'><strong>sed</strong></span> <span class='ocrx_word' id='word_1_278' title='bbox 2716 1507 2988 1566; x_wconf 79' lang='lat' dir='ltr'><strong>mulierll.</strong></span> <span class='ocrx_word' id='word_1_279' title='bbox 3029 1505 3148 1562; x_wconf 88' lang='lat' dir='ltr'><strong>Cor.</strong></span> <span class='ocrx_word' id='word_1_280' title='bbox 3193 1506 3246 1560; x_wconf 89' lang='lat'><strong>7.</strong></span> <span class='ocrx_word' id='word_1_281' title='bbox 3273 1505 3412 1577; x_wconf 62' lang='lat'><strong>24).</strong></span> <span class='ocrx_word' id='word_1_282' title='bbox 3457 1506 3584 1561; x_wconf 71' lang='grc' dir='ltr'><strong>Ηίω</strong></span> 
     </span>
    </p>
   </div>
   <div class='ocr_carea' id='block_1_38' title="bbox 1989 1598 3580 1666">
    <p class='ocr_par' dir='ltr' id='par_1_38' title="bbox 1989 1598 3580 1666">
     <span class='ocr_line' id='line_1_38' title="bbox 1989 1598 3580 1666; baseline -0.001 -13"><span class='ocrx_word' id='word_1_283' title='bbox 1989 1600 2149 1655; x_wconf 83' lang='lat' dir='ltr'><strong>verba</strong></span> <span class='ocrx_word' id='word_1_284' title='bbox 2176 1600 2414 1654; x_wconf 88' lang='lat' dir='ltr'><strong>studiose</strong></span> <span class='ocrx_word' id='word_1_285' title='bbox 2461 1599 2716 1654; x_wconf 87' lang='lat' dir='ltr'><strong>memoria</strong></span> <span class='ocrx_word' id='word_1_286' title='bbox 2766 1608 3034 1666; x_wconf 89' lang='lat' dir='ltr'><strong>tenentes,</strong></span> <span class='ocrx_word' id='word_1_287' title='bbox 3081 1598 3216 1654; x_wconf 87' lang='lat' dir='ltr'><strong>etin</strong></span> <span class='ocrx_word' id='word_1_288' title='bbox 3262 1598 3497 1665; x_wconf 76' lang='lat' dir='ltr'><strong>foro,&#39;et</strong></span> <span class='ocrx_word' id='word_1_289' title='bbox 3527 1599 3580 1653; x_wconf 90' lang='lat' dir='ltr'><strong>in</strong></span> 
     </span>
    </p>
   </div>
   <div class='ocr_carea' id='block_1_39' title="bbox 1988 1690 3580 1760">
    <p class='ocr_par' dir='ltr' id='par_1_39' title="bbox 1988 1690 3580 1760">
     <span class='ocr_line' id='line_1_39' title="bbox 1988 1690 3580 1760; baseline 0 -15"><span class='ocrx_word' id='word_1_290' title='bbox 1988 1691 2194 1746; x_wconf 58' lang='lat' dir='ltr'><strong>edibus</strong></span> <span class='ocrx_word' id='word_1_291' title='bbox 2216 1733 2231 1754; x_wconf 96' lang='lat'><strong>,</strong></span> <span class='ocrx_word' id='word_1_292' title='bbox 2257 1701 2313 1745; x_wconf 91' lang='lat' dir='ltr'><strong>et</strong></span> <span class='ocrx_word' id='word_1_293' title='bbox 2341 1692 2592 1757; x_wconf 83' lang='lat' dir='ltr'><strong>interdiu,</strong></span> <span class='ocrx_word' id='word_1_294' title='bbox 2620 1700 2672 1744; x_wconf 81' lang='lat' dir='ltr'><strong>et</strong></span> <span class='ocrx_word' id='word_1_295' title='bbox 2697 1692 2926 1760; x_wconf 75' lang='lat' dir='ltr'><strong>vesperi,</strong></span> <span class='ocrx_word' id='word_1_296' title='bbox 2959 1700 3014 1746; x_wconf 90' lang='lat' dir='ltr'><strong>et</strong></span> <span class='ocrx_word' id='word_1_297' title='bbox 3043 1690 3110 1745; x_wconf 89' lang='lat' dir='ltr'><strong>ad</strong></span> <span class='ocrx_word' id='word_1_298' title='bbox 3158 1706 3420 1757; x_wconf 88' lang='lat' dir='ltr'><strong>mensam,</strong></span> <span class='ocrx_word' id='word_1_299' title='bbox 3449 1702 3501 1745; x_wconf 87' lang='lat' dir='ltr'><strong>et</strong></span> <span class='ocrx_word' id='word_1_300' title='bbox 3526 1690 3580 1745; x_wconf 89' lang='lat' dir='ltr'><strong>in</strong></span> 
     </span>
    </p>
   </div>
   <div class='ocr_carea' id='block_1_40' title="bbox 1991 1781 3579 1852">
    <p class='ocr_par' dir='ltr' id='par_1_40' title="bbox 1991 1781 3579 1852">
     <span class='ocr_line' id='line_1_40' title="bbox 1991 1781 3579 1852; baseline 0 -16"><span class='ocrx_word' id='word_1_301' title='bbox 1991 1781 2151 1845; x_wconf 88' lang='lat' dir='ltr'><strong>lecto,</strong></span> <span class='ocrx_word' id='word_1_302' title='bbox 2200 1791 2254 1836; x_wconf 93' lang='lat' dir='ltr'><strong>et</strong></span> <span class='ocrx_word' id='word_1_303' title='bbox 2304 1782 2502 1852; x_wconf 89' lang='lat' dir='ltr'><strong>ubique</strong></span> <span class='ocrx_word' id='word_1_304' title='bbox 2550 1783 2810 1844; x_wconf 92' lang='lat' dir='ltr'><strong>locorum,</strong></span> <span class='ocrx_word' id='word_1_305' title='bbox 2843 1797 2964 1835; x_wconf 91' lang='lat' dir='ltr'><strong>cum</strong></span> <span class='ocrx_word' id='word_1_306' title='bbox 2996 1782 3095 1849; x_wconf 78' lang='lat' dir='ltr'><strong>ipsi</strong></span> <span class='ocrx_word' id='word_1_307' title='bbox 3144 1797 3205 1836; x_wconf 81' lang='lat' dir='ltr'><strong>ea</strong></span> <span class='ocrx_word' id='word_1_308' title='bbox 3237 1782 3579 1847; x_wconf 86' lang='lat' dir='ltr'><strong>meditemur,</strong></span> 
     </span>
    </p>
   </div>
   <div class='ocr_carea' id='block_1_41' title="bbox 1991 1872 3582 1942">
    <p class='ocr_par' dir='ltr' id='par_1_41' title="bbox 1991 1872 3582 1942">
     <span class='ocr_line' id='line_1_41' title="bbox 1991 1872 3582 1942; baseline -0.001 -14"><span class='ocrx_word' id='word_1_309' title='bbox 1991 1883 2103 1928; x_wconf 88' lang='lat' dir='ltr'><strong>tum</strong></span> <span class='ocrx_word' id='word_1_310' title='bbox 2151 1874 2403 1928; x_wconf 84' lang='lat' dir='ltr'><strong>mulieres</strong></span> <span class='ocrx_word' id='word_1_311' title='bbox 2433 1873 2588 1926; x_wconf 88' lang='lat' dir='ltr'><strong>nobis</strong></span> <span class='ocrx_word' id='word_1_312' title='bbox 2632 1873 2812 1926; x_wconf 88' lang='lat' dir='ltr'><strong>dicere</strong></span> <span class='ocrx_word' id='word_1_313' title='bbox 2841 1881 2999 1942; x_wconf 89' lang='lat' dir='ltr'><strong>atque</strong></span> <span class='ocrx_word' id='word_1_314' title='bbox 3036 1887 3067 1926; x_wconf 91' lang='lat' dir='ltr'><strong>a</strong></span> <span class='ocrx_word' id='word_1_315' title='bbox 3099 1872 3251 1926; x_wconf 88' lang='lat' dir='ltr'><strong>nobis</strong></span> <span class='ocrx_word' id='word_1_316' title='bbox 3274 1872 3459 1926; x_wconf 90' lang='lat' dir='ltr'><strong>audire</strong></span> <span class='ocrx_word' id='word_1_317' title='bbox 3481 1873 3582 1926; x_wconf 86' lang='lat' dir='ltr'><strong>do-</strong></span> 
     </span>
    </p>
   </div>
   <div class='ocr_carea' id='block_1_42' title="bbox 1989 1963 3576 2026">
    <p class='ocr_par' dir='ltr' id='par_1_42' title="bbox 1989 1963 3576 2026">
     <span class='ocr_line' id='line_1_42' title="bbox 1989 1963 3576 2026; baseline -0.001 -8"><span class='ocrx_word' id='word_1_318' title='bbox 1989 1977 2224 2025; x_wconf 88' lang='lat' dir='ltr'><strong>ceamus,</strong></span> <span class='ocrx_word' id='word_1_319' title='bbox 2255 1972 2311 2017; x_wconf 93' lang='lat' dir='ltr'><strong>ut</strong></span> <span class='ocrx_word' id='word_1_320' title='bbox 2338 1978 2458 2019; x_wconf 87' lang='lat' dir='ltr'><strong>cum</strong></span> <span class='ocrx_word' id='word_1_321' title='bbox 2491 1963 2629 2017; x_wconf 86' lang='lat' dir='ltr'><strong>hanc</strong></span> <span class='ocrx_word' id='word_1_322' title='bbox 2658 1964 2819 2017; x_wconf 87' lang='lat' dir='ltr'><strong>vitam</strong></span> <span class='ocrx_word' id='word_1_323' title='bbox 2843 1972 2991 2018; x_wconf 81' lang='lat' dir='ltr'><strong>caste</strong></span> <span class='ocrx_word' id='word_1_324' title='bbox 3027 1963 3440 2026; x_wconf 83' lang='lat' dir='ltr'><strong>traduxerimus,</strong></span> <span class='ocrx_word' id='word_1_325' title='bbox 3468 1977 3576 2017; x_wconf 69' lang='lat' dir='ltr'><strong>cte-</strong></span> 
     </span>
    </p>
   </div>
   <div class='ocr_carea' id='block_1_43' title="bbox 1991 2054 3584 2124">
    <p class='ocr_par' dir='ltr' id='par_1_43' title="bbox 1991 2054 3584 2124">
     <span class='ocr_line' id='line_1_43' title="bbox 1991 2054 3584 2124; baseline -0.001 -15"><span class='ocrx_word' id='word_1_326' title='bbox 1991 2054 2166 2109; x_wconf 88' lang='lat' dir='ltr'><strong>lorum</strong></span> <span class='ocrx_word' id='word_1_327' title='bbox 2191 2055 2600 2124; x_wconf 67' lang='lat' dir='ltr'><strong>etiamrcgnum</strong></span> <span class='ocrx_word' id='word_1_328' title='bbox 2623 2068 3036 2124; x_wconf 87' lang='lat' dir='ltr'><strong>consequamur,</strong></span> <span class='ocrx_word' id='word_1_329' title='bbox 3065 2055 3233 2124; x_wconf 83' lang='lat' dir='ltr'><strong>gratia</strong></span> <span class='ocrx_word' id='word_1_330' title='bbox 3260 2065 3311 2108; x_wconf 92' lang='lat' dir='ltr'><strong>et</strong></span> <span class='ocrx_word' id='word_1_331' title='bbox 3340 2054 3584 2123; x_wconf 86' lang='lat' dir='ltr'><strong>benigni-</strong></span> 
     </span>
    </p>
   </div>
   <div class='ocr_carea' id='block_1_44' title="bbox 1991 2144 3576 2215">
    <p class='ocr_par' dir='ltr' id='par_1_44' title="bbox 1991 2144 3576 2215">
     <span class='ocr_line' id='line_1_44' title="bbox 1991 2144 3576 2215; baseline -0.003 -14"><span class='ocrx_word' id='word_1_332' title='bbox 1991 2153 2099 2201; x_wconf 83' lang='lat' dir='ltr'><strong>tate</strong></span> <span class='ocrx_word' id='word_1_333' title='bbox 2130 2145 2334 2200; x_wconf 91' lang='lat' dir='ltr'><strong>Domini</strong></span> <span class='ocrx_word' id='word_1_334' title='bbox 2381 2145 2546 2200; x_wconf 86' lang='lat' dir='ltr'><strong>nostri</strong></span> <span class='ocrx_word' id='word_1_335' title='bbox 2576 2145 2702 2200; x_wconf 79' lang='lat' dir='ltr'><strong>.lesu</strong></span> <span class='ocrx_word' id='word_1_336' title='bbox 2747 2144 2982 2209; x_wconf 89' lang='lat' dir='ltr'><strong>Christi,</strong></span> <span class='ocrx_word' id='word_1_337' title='bbox 3030 2159 3127 2215; x_wconf 91' lang='lat' dir='ltr'><strong>per</strong></span> <span class='ocrx_word' id='word_1_338' title='bbox 3172 2159 3330 2213; x_wconf 89' lang='lat' dir='ltr'><strong>quem</strong></span> <span class='ocrx_word' id='word_1_339' title='bbox 3374 2152 3576 2199; x_wconf 86' lang='lat' dir='ltr'><strong>etcum</strong></span> 
     </span>
    </p>
   </div>
   <div class='ocr_carea' id='block_1_45' title="bbox 1989 2233 3579 2305">
    <p class='ocr_par' dir='ltr' id='par_1_45' title="bbox 1989 2233 3579 2305">
     <span class='ocr_line' id='line_1_45' title="bbox 1989 2233 3579 2305; baseline 0 -15"><span class='ocrx_word' id='word_1_340' title='bbox 1989 2251 2095 2302; x_wconf 84' lang='lat' dir='ltr'><strong>quo</strong></span> <span class='ocrx_word' id='word_1_341' title='bbox 2125 2235 2288 2302; x_wconf 80' lang='lat' dir='ltr'><strong>Patri,</strong></span> <span class='ocrx_word' id='word_1_342' title='bbox 2335 2249 2438 2290; x_wconf 91' lang='lat' dir='ltr'><strong>una</strong></span> <span class='ocrx_word' id='word_1_343' title='bbox 2466 2250 2587 2290; x_wconf 89' lang='lat' dir='ltr'><strong>cum</strong></span> <span class='ocrx_word' id='word_1_344' title='bbox 2626 2233 2830 2305; x_wconf 86' lang='lat' dir='ltr'><strong>Spiritu</strong></span> <span class='ocrx_word' id='word_1_345' title='bbox 2860 2244 3047 2289; x_wconf 90' lang='lat' dir='ltr'><strong>sancto</strong></span> <span class='ocrx_word' id='word_1_346' title='bbox 3085 2234 3276 2305; x_wconf 80' lang='lat' dir='ltr'><strong>gloria,</strong></span> <span class='ocrx_word' id='word_1_347' title='bbox 3302 2234 3354 2288; x_wconf 92' lang='lat' dir='ltr'><strong>in</strong></span> <span class='ocrx_word' id='word_1_348' title='bbox 3384 2234 3579 2291; x_wconf 77' lang='lat' dir='ltr'><strong>sarcula</strong></span> 
     </span>
    </p>
   </div>
   <div class='ocr_carea' id='block_1_46' title="bbox 1983 2327 2548 2384">
    <p class='ocr_par' dir='ltr' id='par_1_46' title="bbox 1983 2327 2548 2384">
     <span class='ocr_line' id='line_1_46' title="bbox 1983 2327 2548 2384; baseline 0 -4"><span class='ocrx_word' id='word_1_349' title='bbox 1983 2327 2324 2384; x_wconf 69' lang='lat' dir='ltr'><strong>saeculorum.</strong></span> <span class='ocrx_word' id='word_1_350' title='bbox 2357 2328 2548 2382; x_wconf 82' lang='lat' dir='ltr'><strong>Amen.</strong></span> 
     </span>
    </p>
   </div>
   <div class='ocr_carea' id='block_1_47' title="bbox 1443 2553 2366 2639">
    <p class='ocr_par' dir='ltr' id='par_1_47' title="bbox 1443 2553 2366 2639">
     <span class='ocr_line' id='line_1_47' title="bbox 1443 2553 2366 2639; baseline -0.003 -13"><span class='ocrx_word' id='word_1_351' title='bbox 1443 2556 1551 2626; x_wconf 85' lang='lat' dir='ltr'><strong>IN</strong></span> <span class='ocrx_word' id='word_1_352' title='bbox 1601 2554 1933 2625; x_wconf 85' lang='lat' dir='ltr'><strong>ILLUM</strong></span> <span class='ocrx_word' id='word_1_353' title='bbox 1977 2553 2366 2639; x_wconf 87' lang='lat' dir='ltr'><strong>LOCUM,</strong></span> 
     </span>
    </p>
   </div>
   <div class='ocr_carea' id='block_1_48' title="bbox 280 2700 1875 2757">
    <p class='ocr_par' dir='ltr' id='par_1_48' title="bbox 280 2701 1875 2757">
     <span class='ocr_line' id='line_1_48' title="bbox 280 2701 1875 2757; baseline -0.004 -8"><span class='ocrx_word' id='word_1_354' title='bbox 280 2705 530 2749; x_wconf 67' lang='grc' dir='ltr'><strong>κυιιιςιι</strong></span> <span class='ocrx_word' id='word_1_355' title='bbox 585 2705 897 2749; x_wconf 74' lang='grc' dir='ltr'><strong>ΔιιίϐΔΤΔ</strong></span> <span class='ocrx_word' id='word_1_356' title='bbox 939 2705 1056 2748; x_wconf 71' lang='lat' dir='ltr'><strong>EST</strong></span> <span class='ocrx_word' id='word_1_357' title='bbox 1099 2703 1243 2748; x_wconf 75' lang='lat' dir='ltr'><strong>LBGI</strong></span> <span class='ocrx_word' id='word_1_358' title='bbox 1286 2702 1540 2757; x_wconf 75' lang='lat' dir='ltr'><strong>QUANTO</strong></span> <span class='ocrx_word' id='word_1_359' title='bbox 1581 2701 1875 2745; x_wconf 71' lang='lat' dir='ltr'><strong>TEMPORE</strong></span> 
     </span>
    </p>
   </div>
   <div class='ocr_carea' id='block_1_49' title="bbox 1982 2700 2628 2757">
    <p class='ocr_par' dir='ltr' id='par_1_49' title="bbox 1982 2700 2628 2744">
     <span class='ocr_line' id='line_1_49' title="bbox 1982 2700 2628 2744; baseline -0.005 -1"><span class='ocrx_word' id='word_1_360' title='bbox 1982 2701 2219 2743; x_wconf 72' lang='lat' dir='ltr'><strong>&#39;IXEBIT</strong></span> <span class='ocrx_word' id='word_1_361' title='bbox 2261 2700 2370 2744; x_wconf 70' lang='lat' dir='ltr'><strong>VIR</strong></span> <span class='ocrx_word' id='word_1_362' title='bbox 2413 2700 2565 2743; x_wconf 68' lang='grc' dir='ltr'><strong>ειυς</strong></span> <span class='ocrx_word' id='word_1_363' title='bbox 2613 2701 2628 2740; x_wconf 73' lang='grc'><strong>2</strong></span> 
     </span>
    </p>
   </div>
   <div class='ocr_carea' id='block_1_50' title="bbox 2676 2699 3580 2754">
    <p class='ocr_par' dir='ltr' id='par_1_50' title="bbox 2676 2699 3580 2754">
     <span class='ocr_line' id='line_1_50' title="bbox 2676 2699 3580 2754; baseline 0.002 -11"><span class='ocrx_word' id='word_1_364' title='bbox 2676 2699 2732 2743; x_wconf 79' lang='lat' dir='ltr'><strong>Si</strong></span> <span class='ocrx_word' id='word_1_365' title='bbox 2781 2700 2995 2744; x_wconf 68' lang='lat' dir='ltr'><strong>AUTEH</strong></span> <span class='ocrx_word' id='word_1_366' title='bbox 3056 2699 3435 2754; x_wconf 75' lang='grc' dir='ltr'><strong>υοιηιιειυτ,</strong></span> <span class='ocrx_word' id='word_1_367' title='bbox 3480 2701 3580 2745; x_wconf 80' lang='grc' dir='ltr'><strong>ιι-</strong></span> 
     </span>
    </p>
   </div>
   <div class='ocr_carea' id='block_1_51' title="bbox 363 2798 3570 2858">
    <p class='ocr_par' dir='ltr' id='par_1_51' title="bbox 363 2798 3570 2858">
     <span class='ocr_line' id='line_1_51' title="bbox 363 2798 3570 2858; baseline -0.002 -9"><span class='ocrx_word' id='word_1_368' title='bbox 363 2807 530 2850; x_wconf 70' lang='grc' dir='ltr'><strong>ΒΕΒΔ</strong></span> <span class='ocrx_word' id='word_1_369' title='bbox 575 2807 688 2849; x_wconf 78' lang='lat' dir='ltr'><strong>EST</strong></span> <span class='ocrx_word' id='word_1_370' title='bbox 735 2805 840 2849; x_wconf 82' lang='lat' dir='ltr'><strong>CUI</strong></span> <span class='ocrx_word' id='word_1_371' title='bbox 872 2805 1188 2850; x_wconf 72' lang='lat' dir='ltr'><strong>VOLUERIT</strong></span> <span class='ocrx_word' id='word_1_372' title='bbox 1230 2804 1507 2858; x_wconf 69' lang='grc' dir='ltr'><strong>Νυθιιε,</strong></span> <span class='ocrx_word' id='word_1_373' title='bbox 1552 2801 1815 2845; x_wconf 67' lang='lat' dir='ltr'><strong>TANTUM</strong></span> <span class='ocrx_word' id='word_1_374' title='bbox 1859 2800 1925 2843; x_wconf 69' lang='lat' dir='ltr'><strong>IN</strong></span> <span class='ocrx_word' id='word_1_375' title='bbox 1969 2798 2238 2843; x_wconf 69' lang='lat' dir='ltr'><strong>DOMINO.</strong></span> <span class='ocrx_word' id='word_1_376' title='bbox 2283 2799 2560 2842; x_wconf 67' lang='lat' dir='ltr'><strong>BEATIOR</strong></span> <span class='ocrx_word' id='word_1_377' title='bbox 2602 2799 2822 2842; x_wconf 64' lang='lat' dir='ltr'><strong>AUTEX</strong></span> <span class='ocrx_word' id='word_1_378' title='bbox 2868 2800 2982 2844; x_wconf 76' lang='lat' dir='ltr'><strong>EST</strong></span> <span class='ocrx_word' id='word_1_379' title='bbox 3023 2799 3077 2843; x_wconf 79' lang='grc' dir='ltr'><strong>ει</strong></span> <span class='ocrx_word' id='word_1_380' title='bbox 3121 2799 3214 2844; x_wconf 77' lang='lat' dir='ltr'><strong>SIC</strong></span> <span class='ocrx_word' id='word_1_381' title='bbox 3248 2800 3570 2844; x_wconf 64' lang='lat' dir='ltr'><strong>IANSBRIT</strong></span> 
     </span>
    </p>
   </div>
   <div class='ocr_carea' id='block_1_52' title="bbox 368 2883 1209 2966">
    <p class='ocr_par' dir='ltr' id='par_1_52' title="bbox 368 2883 1209 2966">
     <span class='ocr_line' id='line_1_52' title="bbox 368 2883 1209 2966; baseline -0.001 -20"><span class='ocrx_word' id='word_1_382' title='bbox 368 2885 454 2966; x_wconf 84' lang='lat' dir='ltr'><strong>(t.</strong></span> <span class='ocrx_word' id='word_1_383' title='bbox 487 2885 631 2951; x_wconf 85' lang='lat' dir='ltr'><strong>Cor.</strong></span> <span class='ocrx_word' id='word_1_384' title='bbox 675 2887 738 2947; x_wconf 82' lang='lat'><strong>7.</strong></span> <span class='ocrx_word' id='word_1_385' title='bbox 785 2885 885 2947; x_wconf 87' lang='lat'><strong>39.</strong></span> <span class='ocrx_word' id='word_1_386' title='bbox 929 2883 1057 2966; x_wconf 76' lang='grc' dir='ltr'><strong>ιιο)</strong></span> <span class='ocrx_word' id='word_1_387' title='bbox 1103 2893 1209 2965; x_wconf 85' lang='grc' dir='ltr'><strong>(α).</strong></span> 
     </span>
    </p>
   </div>
   <div class='ocr_carea' id='block_1_53' title="bbox 1724 3034 2150 3091">
    <p class='ocr_par' dir='ltr' id='par_1_53' title="bbox 1724 3034 2150 3091">
     <span class='ocr_line' id='line_1_53' title="bbox 1724 3034 2150 3091; baseline 0.005 -4"><span class='ocrx_word' id='word_1_388' title='bbox 1724 3034 2150 3091; x_wconf 61' lang='lat' dir='ltr'><strong>W0</strong></span> 
     </span>
    </p>
   </div>
   <div class='ocr_carea' id='block_1_54' title="bbox 357 3149 1877 3224">
    <p class='ocr_par' dir='ltr' id='par_1_54' title="bbox 357 3149 1877 3224">
     <span class='ocr_line' id='line_1_54' title="bbox 357 3149 1877 3224; baseline -0.003 -16"><span class='ocrx_word' id='word_1_389' title='bbox 357 3156 411 3209; x_wconf 64' lang='grc' dir='ltr'><strong>ἱ.</strong></span> <span class='ocrx_word' id='word_1_390' title='bbox 433 3151 614 3224; x_wconf 80' lang='lat' dir='ltr'><strong>Nuper</strong></span> <span class='ocrx_word' id='word_1_391' title='bbox 641 3153 794 3209; x_wconf 85' lang='lat' dir='ltr'><strong>nobis</strong></span> <span class='ocrx_word' id='word_1_392' title='bbox 836 3153 1022 3209; x_wconf 90' lang='lat' dir='ltr'><strong>beatus</strong></span> <span class='ocrx_word' id='word_1_393' title='bbox 1053 3151 1251 3208; x_wconf 86' lang='lat' dir='ltr'><strong>Paulus</strong></span> <span class='ocrx_word' id='word_1_394' title='bbox 1290 3150 1358 3207; x_wconf 86' lang='lat' dir='ltr'><strong>de</strong></span> <span class='ocrx_word' id='word_1_395' title='bbox 1388 3151 1658 3223; x_wconf 85' lang='lat' dir='ltr'><strong>conjugio,</strong></span> <span class='ocrx_word' id='word_1_396' title='bbox 1691 3149 1877 3220; x_wconf 87' lang='lat' dir='ltr'><strong>conju-</strong></span> 
     </span>
    </p>
   </div>
   <div class='ocr_carea' id='block_1_55' title="bbox 283 3241 1881 3316">
    <p class='ocr_par' dir='ltr' id='par_1_55' title="bbox 283 3241 1881 3316">
     <span class='ocr_line' id='line_1_55' title="bbox 283 3241 1881 3316; baseline -0.003 -17"><span class='ocrx_word' id='word_1_397' title='bbox 283 3245 466 3316; x_wconf 82' lang='lat' dir='ltr'><strong>glique</strong></span> <span class='ocrx_word' id='word_1_398' title='bbox 490 3245 697 3315; x_wconf 78' lang='lat' dir='ltr'><strong>juribus</strong></span> <span class='ocrx_word' id='word_1_399' title='bbox 732 3245 902 3315; x_wconf 89' lang='lat' dir='ltr'><strong>legem</strong></span> <span class='ocrx_word' id='word_1_400' title='bbox 943 3245 1081 3306; x_wconf 91' lang='lat' dir='ltr'><strong>tulit,</strong></span> <span class='ocrx_word' id='word_1_401' title='bbox 1108 3241 1402 3300; x_wconf 88' lang='lat' dir='ltr'><strong>Corinthiis</strong></span> <span class='ocrx_word' id='word_1_402' title='bbox 1445 3243 1523 3298; x_wconf 87' lang='lat' dir='ltr'><strong>sic</strong></span> <span class='ocrx_word' id='word_1_403' title='bbox 1546 3241 1788 3298; x_wconf 88' lang='lat' dir='ltr'><strong>scribens</strong></span> <span class='ocrx_word' id='word_1_404' title='bbox 1812 3257 1881 3302; x_wconf 79' lang='lat' dir='ltr'><strong>ac</strong></span> 
     </span>
    </p>
   </div>
   <div class='ocr_carea' id='block_1_56' title="bbox 283 3333 1879 3407">
    <p class='ocr_par' dir='ltr' id='par_1_56' title="bbox 283 3333 1879 3407">
     <span class='ocr_line' id='line_1_56' title="bbox 283 3333 1879 3407; baseline -0.004 -14"><span class='ocrx_word' id='word_1_405' title='bbox 283 3337 470 3393; x_wconf 87' lang='lat' dir='ltr'><strong>dicens</strong></span> <span class='ocrx_word' id='word_1_406' title='bbox 499 3354 513 3391; x_wconf 90' lang='lat'><strong>:</strong></span> <span class='ocrx_word' id='word_1_407' title='bbox 544 3336 622 3391; x_wconf 90' lang='lat' dir='ltr'><strong>De</strong></span> <span class='ocrx_word' id='word_1_408' title='bbox 647 3338 826 3407; x_wconf 83' lang='lat' dir='ltr'><strong>quibus</strong></span> <span class='ocrx_word' id='word_1_409' title='bbox 853 3347 1026 3390; x_wconf 86' lang='lat' dir='ltr'><strong>autem</strong></span> <span class='ocrx_word' id='word_1_410' title='bbox 1059 3335 1331 3406; x_wconf 71' lang='lat' dir='ltr'><strong>scripsistis</strong></span> <span class='ocrx_word' id='word_1_411' title='bbox 1358 3335 1485 3388; x_wconf 77' lang='lat' dir='ltr'><strong>mihi</strong></span> <span class='ocrx_word' id='word_1_412' title='bbox 1502 3375 1518 3401; x_wconf 94' lang='lat'><strong>,</strong></span> <span class='ocrx_word' id='word_1_413' title='bbox 1551 3333 1748 3387; x_wconf 85' lang='lat' dir='ltr'><strong>Bonum</strong></span> <span class='ocrx_word' id='word_1_414' title='bbox 1771 3348 1879 3388; x_wconf 83' lang='lat' dir='ltr'><strong>esse</strong></span> 
     </span>
    </p>
   </div>
   <div class='ocr_carea' id='block_1_57' title="bbox 285 3424 1879 3498">
    <p class='ocr_par' dir='ltr' id='par_1_57' title="bbox 285 3424 1879 3498">
     <span class='ocr_line' id='line_1_57' title="bbox 285 3424 1879 3498; baseline -0.004 -15"><span class='ocrx_word' id='word_1_415' title='bbox 285 3429 478 3483; x_wconf 67' lang='lat' dir='ltr'><strong>honuni</strong></span> <span class='ocrx_word' id='word_1_416' title='bbox 532 3427 794 3483; x_wconf 84' lang='lat' dir='ltr'><strong>mulierem</strong></span> <span class='ocrx_word' id='word_1_417' title='bbox 866 3443 967 3482; x_wconf 87' lang='lat' dir='ltr'><strong>non</strong></span> <span class='ocrx_word' id='word_1_418' title='bbox 1008 3437 1213 3498; x_wconf 86' lang='lat' dir='ltr'><strong>tangere</strong></span> <span class='ocrx_word' id='word_1_419' title='bbox 1274 3443 1294 3481; x_wconf 89' lang='lat'><strong><em>:</em></strong></span> <span class='ocrx_word' id='word_1_420' title='bbox 1332 3435 1537 3497; x_wconf 82' lang='lat' dir='ltr'><strong>propter</strong></span> <span class='ocrx_word' id='word_1_421' title='bbox 1586 3424 1879 3494; x_wconf 79' lang='lat' dir='ltr'><strong>fornicatio-</strong></span> 
     </span>
    </p>
   </div>
   <div class='ocr_carea' id='block_1_58' title="bbox 284 3517 1876 3592">
    <p class='ocr_par' dir='ltr' id='par_1_58' title="bbox 284 3517 1876 3592">
     <span class='ocr_line' id='line_1_58' title="bbox 284 3517 1876 3592; baseline -0.003 -16"><span class='ocrx_word' id='word_1_422' title='bbox 284 3539 398 3576; x_wconf 86' lang='lat' dir='ltr'><strong>nem</strong></span> <span class='ocrx_word' id='word_1_423' title='bbox 451 3531 640 3587; x_wconf 88' lang='lat' dir='ltr'><strong>autem,</strong></span> <span class='ocrx_word' id='word_1_424' title='bbox 683 3537 828 3576; x_wconf 89' lang='lat' dir='ltr'><strong>suant</strong></span> <span class='ocrx_word' id='word_1_425' title='bbox 871 3521 1082 3592; x_wconf 87' lang='lat' dir='ltr'><strong>quisque</strong></span> <span class='ocrx_word' id='word_1_426' title='bbox 1132 3535 1348 3575; x_wconf 71' lang='lat' dir='ltr'><strong>uxorem</strong></span> <span class='ocrx_word' id='word_1_427' title='bbox 1399 3517 1599 3577; x_wconf 80' lang='lat' dir='ltr'><strong>habeat,</strong></span> <span class='ocrx_word' id='word_1_428' title='bbox 1641 3527 1688 3571; x_wconf 85' lang='lat' dir='ltr'><strong>et</strong></span> <span class='ocrx_word' id='word_1_429' title='bbox 1725 3533 1876 3573; x_wconf 85' lang='lat' dir='ltr'><strong>suum</strong></span> 
     </span>
    </p>
   </div>
   <div class='ocr_carea' id='block_1_59' title="bbox 281 3608 1877 3684">
    <p class='ocr_par' dir='ltr' id='par_1_59' title="bbox 281 3608 1877 3684">
     <span class='ocr_line' id='line_1_59' title="bbox 281 3608 1877 3684; baseline -0.001 -20"><span class='ocrx_word' id='word_1_430' title='bbox 281 3627 492 3682; x_wconf 66' lang='lat' dir='ltr'><strong>qumque</strong></span> <span class='ocrx_word' id='word_1_431' title='bbox 537 3611 700 3666; x_wconf 78' lang='lat' dir='ltr'><strong>virum</strong></span> <span class='ocrx_word' id='word_1_432' title='bbox 766 3612 944 3665; x_wconf 86' lang='lat' dir='ltr'><strong>habeat</strong></span> <span class='ocrx_word' id='word_1_433' title='bbox 996 3611 1085 3684; x_wconf 78' lang='grc' dir='ltr'><strong>(Ι.</strong></span> <span class='ocrx_word' id='word_1_434' title='bbox 1129 3610 1253 3666; x_wconf 69' lang='lat' dir='ltr'><strong>Cor:</strong></span> <span class='ocrx_word' id='word_1_435' title='bbox 1287 3612 1341 3665; x_wconf 83' lang='lat'><strong>7.</strong></span> <span class='ocrx_word' id='word_1_436' title='bbox 1401 3610 1454 3664; x_wconf 77' lang='lat' dir='ltr'><strong>l.</strong></span> <span class='ocrx_word' id='word_1_437' title='bbox 1516 3608 1616 3680; x_wconf 76' lang='grc'><strong>2).</strong></span> <span class='ocrx_word' id='word_1_438' title='bbox 1673 3609 1877 3678; x_wconf 83' lang='lat' dir='ltr'><strong>Eapro-</strong></span> 
     </span>
    </p>
   </div>
   <div class='ocr_carea' id='block_1_60' title="bbox 282 3700 1874 3774">
    <p class='ocr_par' dir='ltr' id='par_1_60' title="bbox 282 3700 1874 3774">
     <span class='ocr_line' id='line_1_60' title="bbox 282 3700 1874 3774; baseline 0 -20"><span class='ocrx_word' id='word_1_439' title='bbox 282 3713 400 3774; x_wconf 70' lang='lat' dir='ltr'><strong>pter</strong></span> <span class='ocrx_word' id='word_1_440' title='bbox 453 3713 508 3759; x_wconf 90' lang='lat' dir='ltr'><strong>et</strong></span> <span class='ocrx_word' id='word_1_441' title='bbox 553 3717 650 3758; x_wconf 89' lang='lat' dir='ltr'><strong>nos</strong></span> <span class='ocrx_word' id='word_1_442' title='bbox 721 3713 887 3758; x_wconf 88' lang='lat' dir='ltr'><strong>totum</strong></span> <span class='ocrx_word' id='word_1_443' title='bbox 941 3717 1244 3757; x_wconf 85' lang='lat' dir='ltr'><strong>sermonem</strong></span> <span class='ocrx_word' id='word_1_444' title='bbox 1313 3700 1366 3756; x_wconf 89' lang='lat' dir='ltr'><strong>in</strong></span> <span class='ocrx_word' id='word_1_445' title='bbox 1431 3701 1531 3755; x_wconf 93' lang='lat' dir='ltr'><strong>hoc</strong></span> <span class='ocrx_word' id='word_1_446' title='bbox 1585 3700 1874 3769; x_wconf 87' lang='lat' dir='ltr'><strong>insumpsi-</strong></span> 
     </span>
    </p>
   </div>
   <div class='ocr_carea' id='block_1_61' title="bbox 282 3793 1874 3867">
    <p class='ocr_par' dir='ltr' id='par_1_61' title="bbox 282 3793 1874 3867">
     <span class='ocr_line' id='line_1_61' title="bbox 282 3793 1874 3867; baseline -0.003 -15"><span class='ocrx_word' id='word_1_447' title='bbox 282 3812 421 3852; x_wconf 90' lang='lat' dir='ltr'><strong>mus.</strong></span> <span class='ocrx_word' id='word_1_448' title='bbox 470 3796 646 3867; x_wconf 89' lang='lat' dir='ltr'><strong>Itaque</strong></span> <span class='ocrx_word' id='word_1_449' title='bbox 692 3811 913 3851; x_wconf 80' lang='lat' dir='ltr'><strong>necesse</strong></span> <span class='ocrx_word' id='word_1_450' title='bbox 935 3802 1019 3850; x_wconf 91' lang='lat' dir='ltr'><strong>est</strong></span> <span class='ocrx_word' id='word_1_451' title='bbox 1048 3793 1206 3849; x_wconf 86' lang='lat' dir='ltr'><strong>hodie</strong></span> <span class='ocrx_word' id='word_1_452' title='bbox 1246 3793 1315 3849; x_wconf 85' lang='lat' dir='ltr'><strong>de</strong></span> <span class='ocrx_word' id='word_1_453' title='bbox 1342 3793 1528 3849; x_wconf 91' lang='lat' dir='ltr'><strong>eodem</strong></span> <span class='ocrx_word' id='word_1_454' title='bbox 1559 3800 1874 3862; x_wconf 88' lang='lat' dir='ltr'><strong>argumento</strong></span> 
     </span>
    </p>
   </div>
   <div class='ocr_carea' id='block_1_62' title="bbox 283 3883 1869 3955">
    <p class='ocr_par' dir='ltr' id='par_1_62' title="bbox 283 3883 1869 3955">
     <span class='ocr_line' id='line_1_62' title="bbox 283 3883 1869 3955; baseline -0.003 -14"><span class='ocrx_word' id='word_1_455' title='bbox 283 3887 477 3942; x_wconf 86' lang='lat' dir='ltr'><strong>iterum</strong></span> <span class='ocrx_word' id='word_1_456' title='bbox 499 3887 772 3941; x_wconf 87' lang='lat' dir='ltr'><strong>vobiscum</strong></span> <span class='ocrx_word' id='word_1_457' title='bbox 798 3885 1088 3951; x_wconf 88' lang='lat' dir='ltr'><strong>disserere,</strong></span> <span class='ocrx_word' id='word_1_458' title='bbox 1127 3883 1558 3955; x_wconf 86' lang='lat' dir='ltr'><strong>quandoquidem</strong></span> <span class='ocrx_word' id='word_1_459' title='bbox 1587 3883 1654 3937; x_wconf 94' lang='lat' dir='ltr'><strong>de</strong></span> <span class='ocrx_word' id='word_1_460' title='bbox 1679 3883 1869 3938; x_wconf 87' lang='lat' dir='ltr'><strong>eodem</strong></span> 
     </span>
    </p>
   </div>
   <div class='ocr_carea' id='block_1_63' title="bbox 278 3974 1874 4049">
    <p class='ocr_par' dir='ltr' id='par_1_63' title="bbox 278 3974 1874 4049">
     <span class='ocr_line' id='line_1_63' title="bbox 278 3974 1874 4049; baseline -0.004 -13"><span class='ocrx_word' id='word_1_461' title='bbox 278 3982 439 4036; x_wconf 90' lang='lat' dir='ltr'><strong>etiam</strong></span> <span class='ocrx_word' id='word_1_462' title='bbox 471 3983 584 4049; x_wconf 89' lang='lat' dir='ltr'><strong>ipse</strong></span> <span class='ocrx_word' id='word_1_463' title='bbox 615 3981 808 4036; x_wconf 82' lang='lat' dir='ltr'><strong>Paulus</strong></span> <span class='ocrx_word' id='word_1_464' title='bbox 847 3977 1004 4034; x_wconf 86' lang='lat' dir='ltr'><strong>hodie</strong></span> <span class='ocrx_word' id='word_1_465' title='bbox 1033 3978 1267 4033; x_wconf 88' lang='lat' dir='ltr'><strong>disserit.</strong></span> <span class='ocrx_word' id='word_1_466' title='bbox 1297 3976 1589 4032; x_wconf 64' lang='lat' dir='ltr'><strong>Audit-istis</strong></span> <span class='ocrx_word' id='word_1_467' title='bbox 1637 3976 1778 4030; x_wconf 92' lang='lat' dir='ltr'><strong>enim</strong></span> <span class='ocrx_word' id='word_1_468' title='bbox 1811 3974 1874 4029; x_wconf 86' lang='lat' dir='ltr'><strong>il-</strong></span> 
     </span>
    </p>
   </div>
   <div class='ocr_carea' id='block_1_64' title="bbox 276 4067 1872 4139">
    <p class='ocr_par' dir='ltr' id='par_1_64' title="bbox 276 4067 1872 4139">
     <span class='ocr_line' id='line_1_64' title="bbox 276 4067 1872 4139; baseline -0.003 -13"><span class='ocrx_word' id='word_1_469' title='bbox 276 4071 387 4126; x_wconf 89' lang='lat' dir='ltr'><strong>lum</strong></span> <span class='ocrx_word' id='word_1_470' title='bbox 412 4071 754 4134; x_wconf 89' lang='lat' dir='ltr'><strong>clamantem,</strong></span> <span class='ocrx_word' id='word_1_471' title='bbox 784 4085 848 4125; x_wconf 91' lang='lat' dir='ltr'><strong>ac</strong></span> <span class='ocrx_word' id='word_1_472' title='bbox 867 4069 1172 4126; x_wconf 88' lang='lat' dir='ltr'><strong>dicentem:</strong></span> <span class='ocrx_word' id='word_1_473' title='bbox 1204 4067 1394 4123; x_wconf 75' lang='lat' dir='ltr'><strong>Mulier</strong></span> <span class='ocrx_word' id='word_1_474' title='bbox 1419 4068 1638 4139; x_wconf 85' lang='lat' dir='ltr'><strong>alligata</strong></span> <span class='ocrx_word' id='word_1_475' title='bbox 1664 4076 1735 4122; x_wconf 83' lang='lat' dir='ltr'><strong>est</strong></span> <span class='ocrx_word' id='word_1_476' title='bbox 1772 4067 1872 4138; x_wconf 84' lang='lat' dir='ltr'><strong>legi</strong></span> 
     </span>
    </p>
   </div>
   <div class='ocr_carea' id='block_1_65' title="bbox 239 4146 1867 4234">
    <p class='ocr_par' dir='ltr' id='par_1_65' title="bbox 239 4146 1867 4234">
     <span class='ocr_line' id='line_1_65' title="bbox 239 4146 1867 4234; baseline -0.002 -19"><span class='ocrx_word' id='word_1_477' title='bbox 239 4146 246 4151; x_wconf 53' lang='grc'><strong>’</strong></span> <span class='ocrx_word' id='word_1_478' title='bbox 275 4171 465 4234; x_wconf 86' lang='lat' dir='ltr'><strong>quanto</strong></span> <span class='ocrx_word' id='word_1_479' title='bbox 508 4171 731 4231; x_wconf 84' lang='lat' dir='ltr'><strong>tempore</strong></span> <span class='ocrx_word' id='word_1_480' title='bbox 766 4161 945 4216; x_wconf 76' lang='lat' dir='ltr'><strong>vixerit</strong></span> <span class='ocrx_word' id='word_1_481' title='bbox 972 4161 1048 4215; x_wconf 75' lang='lat' dir='ltr'><strong>uir</strong></span> <span class='ocrx_word' id='word_1_482' title='bbox 1075 4161 1214 4215; x_wconf 88' lang='lat' dir='ltr'><strong>illius</strong></span> <span class='ocrx_word' id='word_1_483' title='bbox 1243 4175 1264 4214; x_wconf 90' lang='lat'><strong><em>:</em></strong></span> <span class='ocrx_word' id='word_1_484' title='bbox 1291 4160 1336 4215; x_wconf 88' lang='lat' dir='ltr'><strong>si</strong></span> <span class='ocrx_word' id='word_1_485' title='bbox 1361 4169 1532 4213; x_wconf 85' lang='lat' dir='ltr'><strong>autem</strong></span> <span class='ocrx_word' id='word_1_486' title='bbox 1573 4158 1867 4213; x_wconf 84' lang='lat' dir='ltr'><strong>obdormie-</strong></span> 
     </span>
    </p>
   </div>
   <div class='ocr_carea' id='block_1_66' title="bbox 278 4250 1871 4319">
    <p class='ocr_par' dir='ltr' id='par_1_66' title="bbox 278 4250 1871 4319">
     <span class='ocr_line' id='line_1_66' title="bbox 278 4250 1871 4319; baseline -0.003 -10"><span class='ocrx_word' id='word_1_487' title='bbox 278 4255 345 4309; x_wconf 87' lang='lat' dir='ltr'><strong>rit</strong></span> <span class='ocrx_word' id='word_1_488' title='bbox 377 4255 454 4309; x_wconf 76' lang='lat' dir='ltr'><strong>vir</strong></span> <span class='ocrx_word' id='word_1_489' title='bbox 500 4254 656 4319; x_wconf 87' lang='lat' dir='ltr'><strong>illius,</strong></span> <span class='ocrx_word' id='word_1_490' title='bbox 712 4253 866 4308; x_wconf 88' lang='lat' dir='ltr'><strong>libera</strong></span> <span class='ocrx_word' id='word_1_491' title='bbox 904 4263 977 4310; x_wconf 88' lang='lat' dir='ltr'><strong>est</strong></span> <span class='ocrx_word' id='word_1_492' title='bbox 1019 4253 1100 4307; x_wconf 81' lang='lat' dir='ltr'><strong>cui</strong></span> <span class='ocrx_word' id='word_1_493' title='bbox 1127 4253 1338 4307; x_wconf 82' lang='lat' dir='ltr'><strong>noluerit</strong></span> <span class='ocrx_word' id='word_1_494' title='bbox 1365 4252 1565 4317; x_wconf 90' lang='lat' dir='ltr'><strong>nubere,</strong></span> <span class='ocrx_word' id='word_1_495' title='bbox 1599 4260 1792 4306; x_wconf 85' lang='lat' dir='ltr'><strong>tantum</strong></span> <span class='ocrx_word' id='word_1_496' title='bbox 1818 4250 1871 4305; x_wconf 85' lang='lat' dir='ltr'><strong>in</strong></span> 
     </span>
    </p>
   </div>
   <div class='ocr_carea' id='block_1_67' title="bbox 277 4343 1872 4408">
    <p class='ocr_par' dir='ltr' id='par_1_67' title="bbox 277 4343 1872 4408">
     <span class='ocr_line' id='line_1_67' title="bbox 277 4343 1872 4408; baseline -0.001 -9"><span class='ocrx_word' id='word_1_497' title='bbox 277 4344 502 4399; x_wconf 86' lang='lat' dir='ltr'><strong>Domino</strong></span> <span class='ocrx_word' id='word_1_498' title='bbox 528 4360 547 4399; x_wconf 93' lang='lat'><strong><em>:</em></strong></span> <span class='ocrx_word' id='word_1_499' title='bbox 585 4344 778 4399; x_wconf 87' lang='lat' dir='ltr'><strong>beatior</strong></span> <span class='ocrx_word' id='word_1_500' title='bbox 813 4354 980 4398; x_wconf 84' lang='lat' dir='ltr'><strong>autent</strong></span> <span class='ocrx_word' id='word_1_501' title='bbox 1009 4353 1080 4399; x_wconf 89' lang='lat' dir='ltr'><strong>est</strong></span> <span class='ocrx_word' id='word_1_502' title='bbox 1114 4344 1160 4398; x_wconf 89' lang='lat' dir='ltr'><strong>si</strong></span> <span class='ocrx_word' id='word_1_503' title='bbox 1203 4344 1276 4398; x_wconf 85' lang='lat' dir='ltr'><strong>sic</strong></span> <span class='ocrx_word' id='word_1_504' title='bbox 1304 4344 1560 4408; x_wconf 87' lang='lat' dir='ltr'><strong>manserit,</strong></span> <span class='ocrx_word' id='word_1_505' title='bbox 1594 4343 1872 4398; x_wconf 84' lang='lat' dir='ltr'><strong>secundum</strong></span> 
     </span>
    </p>
   </div>
   <div class='ocr_carea' id='block_1_68' title="bbox 275 4433 1870 4505">
    <p class='ocr_par' dir='ltr' id='par_1_68' title="bbox 275 4433 1870 4505">
     <span class='ocr_line' id='line_1_68' title="bbox 275 4433 1870 4505; baseline -0.001 -16"><span class='ocrx_word' id='word_1_506' title='bbox 275 4451 443 4489; x_wconf 89' lang='lat' dir='ltr'><strong>meum</strong></span> <span class='ocrx_word' id='word_1_507' title='bbox 469 4435 736 4488; x_wconf 88' lang='lat' dir='ltr'><strong>consilium</strong></span> <span class='ocrx_word' id='word_1_508' title='bbox 768 4436 993 4503; x_wconf 80' lang='lat' dir='ltr'><strong>:Opinor</strong></span> <span class='ocrx_word' id='word_1_509' title='bbox 1026 4444 1193 4489; x_wconf 85' lang='lat' dir='ltr'><strong>autem</strong></span> <span class='ocrx_word' id='word_1_510' title='bbox 1241 4434 1377 4505; x_wconf 84' lang='lat' dir='ltr'><strong>quod</strong></span> <span class='ocrx_word' id='word_1_511' title='bbox 1418 4443 1465 4488; x_wconf 91' lang='lat' dir='ltr'><strong>et</strong></span> <span class='ocrx_word' id='word_1_512' title='bbox 1501 4449 1592 4503; x_wconf 88' lang='lat' dir='ltr'><strong>ego</strong></span> <span class='ocrx_word' id='word_1_513' title='bbox 1617 4433 1870 4504; x_wconf 85' lang='lat' dir='ltr'><strong>Spiritum</strong></span> 
     </span>
    </p>
   </div>
   <div class='ocr_carea' id='block_1_69' title="bbox 279 4521 1872 4598">
    <p class='ocr_par' dir='ltr' id='par_1_69' title="bbox 279 4521 1872 4598">
     <span class='ocr_line' id='line_1_69' title="bbox 279 4521 1872 4598; baseline 0.001 -21"><span class='ocrx_word' id='word_1_514' title='bbox 279 4522 377 4577; x_wconf 89' lang='lat' dir='ltr'><strong>Dei</strong></span> <span class='ocrx_word' id='word_1_515' title='bbox 428 4525 658 4578; x_wconf 80' lang='lat' dir='ltr'><strong>habeant.</strong></span> <span class='ocrx_word' id='word_1_516' title='bbox 718 4523 904 4598; x_wconf 87' lang='lat' dir='ltr'><strong>(Ibid.</strong></span> <span class='ocrx_word' id='word_1_517' title='bbox 946 4539 997 4578; x_wconf 78' lang='grc' dir='ltr'><strong>υ.</strong></span> <span class='ocrx_word' id='word_1_518' title='bbox 1047 4523 1234 4578; x_wconf 75' lang='grc' dir='ltr'><strong>59.4υ</strong></span> <span class='ocrx_word' id='word_1_519' title='bbox 1263 4525 1302 4593; x_wconf 90' lang='grc'><strong>).</strong></span> <span class='ocrx_word' id='word_1_520' title='bbox 1359 4521 1658 4594; x_wconf 83' lang='lat' dir='ltr'><strong>Sequamur</strong></span> <span class='ocrx_word' id='word_1_521' title='bbox 1713 4523 1872 4594; x_wconf 77' lang='lat' dir='ltr'><strong>igitur</strong></span> 
     </span>
    </p>
   </div>
   <div class='ocr_carea' id='block_1_70' title="bbox 279 4613 1874 4684">
    <p class='ocr_par' dir='ltr' id='par_1_70' title="bbox 279 4613 1874 4684">
     <span class='ocr_line' id='line_1_70' title="bbox 279 4613 1874 4684; baseline 0.001 -17"><span class='ocrx_word' id='word_1_522' title='bbox 279 4613 430 4668; x_wconf 83' lang='grc' dir='ltr'><strong>ἰΙΙιιιιι</strong></span> <span class='ocrx_word' id='word_1_523' title='bbox 447 4623 502 4668; x_wconf 80' lang='lat' dir='ltr'><strong>et</strong></span> <span class='ocrx_word' id='word_1_524' title='bbox 519 4613 693 4681; x_wconf 89' lang='lat' dir='ltr'><strong>hodie,</strong></span> <span class='ocrx_word' id='word_1_525' title='bbox 715 4623 768 4670; x_wconf 90' lang='lat' dir='ltr'><strong>et</strong></span> <span class='ocrx_word' id='word_1_526' title='bbox 786 4614 854 4670; x_wconf 90' lang='lat' dir='ltr'><strong>de</strong></span> <span class='ocrx_word' id='word_1_527' title='bbox 875 4616 974 4670; x_wconf 90' lang='lat' dir='ltr'><strong>hac</strong></span> <span class='ocrx_word' id='word_1_528' title='bbox 988 4614 1360 4684; x_wconf 84' lang='lat' dir='ltr'><strong>colloquamur</strong></span> <span class='ocrx_word' id='word_1_529' title='bbox 1375 4614 1622 4668; x_wconf 84' lang='lat' dir='ltr'><strong>materia:</strong></span> <span class='ocrx_word' id='word_1_530' title='bbox 1642 4629 1874 4684; x_wconf 89' lang='lat' dir='ltr'><strong>sequen-</strong></span> 
     </span>
    </p>
   </div>
   <div class='ocr_carea' id='block_1_71' title="bbox 278 4702 1868 4777">
    <p class='ocr_par' dir='ltr' id='par_1_71' title="bbox 278 4702 1868 4777">
     <span class='ocr_line' id='line_1_71' title="bbox 278 4702 1868 4777; baseline -0.001 -16"><span class='ocrx_word' id='word_1_531' title='bbox 278 4714 364 4761; x_wconf 86' lang='lat' dir='ltr'><strong>tes</strong></span> <span class='ocrx_word' id='word_1_532' title='bbox 387 4706 528 4760; x_wconf 89' lang='lat' dir='ltr'><strong>enim</strong></span> <span class='ocrx_word' id='word_1_533' title='bbox 551 4706 793 4772; x_wconf 88' lang='lat' dir='ltr'><strong>Paulum,</strong></span> <span class='ocrx_word' id='word_1_534' title='bbox 827 4721 923 4777; x_wconf 91' lang='lat' dir='ltr'><strong>per</strong></span> <span class='ocrx_word' id='word_1_535' title='bbox 941 4720 1063 4761; x_wconf 90' lang='lat' dir='ltr'><strong>eum</strong></span> <span class='ocrx_word' id='word_1_536' title='bbox 1086 4715 1140 4761; x_wconf 92' lang='lat' dir='ltr'><strong>et</strong></span> <span class='ocrx_word' id='word_1_537' title='bbox 1167 4702 1436 4760; x_wconf 87' lang='lat' dir='ltr'><strong>Christum</strong></span> <span class='ocrx_word' id='word_1_538' title='bbox 1468 4705 1640 4774; x_wconf 85' lang='lat' dir='ltr'><strong>ipsum</strong></span> <span class='ocrx_word' id='word_1_539' title='bbox 1676 4719 1868 4773; x_wconf 57' lang='lat' dir='ltr'><strong>seque.</strong></span> 
     </span>
    </p>
   </div>
   <div class='ocr_carea' id='block_1_72' title="bbox 278 4795 1871 4871">
    <p class='ocr_par' dir='ltr' id='par_1_72' title="bbox 278 4795 1871 4871">
     <span class='ocr_line' id='line_1_72' title="bbox 278 4795 1871 4871; baseline -0.001 -17"><span class='ocrx_word' id='word_1_540' title='bbox 278 4815 422 4862; x_wconf 88' lang='lat' dir='ltr'><strong>mur,</strong></span> <span class='ocrx_word' id='word_1_541' title='bbox 453 4814 520 4854; x_wconf 84' lang='lat' dir='ltr'><strong>eo</strong></span> <span class='ocrx_word' id='word_1_542' title='bbox 539 4799 680 4871; x_wconf 92' lang='lat' dir='ltr'><strong>quod</strong></span> <span class='ocrx_word' id='word_1_543' title='bbox 719 4799 811 4855; x_wconf 91' lang='lat' dir='ltr'><strong>ille</strong></span> <span class='ocrx_word' id='word_1_544' title='bbox 839 4813 944 4855; x_wconf 90' lang='lat' dir='ltr'><strong>non</strong></span> <span class='ocrx_word' id='word_1_545' title='bbox 974 4797 1339 4866; x_wconf 88' lang='lat' dir='ltr'><strong>semetipsum,</strong></span> <span class='ocrx_word' id='word_1_546' title='bbox 1370 4796 1462 4852; x_wconf 82' lang='lat' dir='ltr'><strong>sed</strong></span> <span class='ocrx_word' id='word_1_547' title='bbox 1483 4795 1754 4851; x_wconf 88' lang='lat' dir='ltr'><strong>Christum</strong></span> <span class='ocrx_word' id='word_1_548' title='bbox 1777 4811 1871 4866; x_wconf 90' lang='lat' dir='ltr'><strong>per</strong></span> 
     </span>
    </p>
   </div>
   <div class='ocr_carea' id='block_1_73' title="bbox 277 4888 1870 4962">
    <p class='ocr_par' dir='ltr' id='par_1_73' title="bbox 277 4888 1870 4962">
     <span class='ocr_line' id='line_1_73' title="bbox 277 4888 1870 4962; baseline -0.001 -17"><span class='ocrx_word' id='word_1_549' title='bbox 277 4891 458 4946; x_wconf 90' lang='lat' dir='ltr'><strong>omnia</strong></span> <span class='ocrx_word' id='word_1_550' title='bbox 485 4905 715 4962; x_wconf 88' lang='lat' dir='ltr'><strong>sequens</strong></span> <span class='ocrx_word' id='word_1_551' title='bbox 762 4889 994 4960; x_wconf 88' lang='lat' dir='ltr'><strong>scripsit.</strong></span> <span class='ocrx_word' id='word_1_552' title='bbox 1051 4888 1339 4944; x_wconf 85' lang='lat' dir='ltr'><strong>Enimvero</strong></span> <span class='ocrx_word' id='word_1_553' title='bbox 1393 4905 1500 4944; x_wconf 92' lang='lat' dir='ltr'><strong>non</strong></span> <span class='ocrx_word' id='word_1_554' title='bbox 1526 4897 1610 4944; x_wconf 87' lang='lat' dir='ltr'><strong>est</strong></span> <span class='ocrx_word' id='word_1_555' title='bbox 1637 4888 1870 4958; x_wconf 86' lang='lat' dir='ltr'><strong>vulgaris</strong></span> 
     </span>
    </p>
   </div>
   <div class='ocr_carea' id='block_1_74' title="bbox 275 4980 1866 5053">
    <p class='ocr_par' dir='ltr' id='par_1_74' title="bbox 275 4980 1866 5053">
     <span class='ocr_line' id='line_1_74' title="bbox 275 4980 1866 5053; baseline 0 -19"><span class='ocrx_word' id='word_1_556' title='bbox 275 4997 390 5047; x_wconf 84' lang='lat' dir='ltr'><strong>res,</strong></span> <span class='ocrx_word' id='word_1_557' title='bbox 421 4982 730 5053; x_wconf 88' lang='lat' dir='ltr'><strong>conjugium</strong></span> <span class='ocrx_word' id='word_1_558' title='bbox 749 4981 886 5038; x_wconf 88' lang='lat' dir='ltr'><strong>bene</strong></span> <span class='ocrx_word' id='word_1_559' title='bbox 910 4980 1258 5036; x_wconf 88' lang='lat' dir='ltr'><strong>constitutum</strong></span> <span class='ocrx_word' id='word_1_560' title='bbox 1292 4997 1306 5032; x_wconf 92' lang='lat'><strong>:</strong></span> <span class='ocrx_word' id='word_1_561' title='bbox 1340 4981 1478 5037; x_wconf 90' lang='lat' dir='ltr'><strong>sicut</strong></span> <span class='ocrx_word' id='word_1_562' title='bbox 1499 4981 1658 5036; x_wconf 89' lang='lat' dir='ltr'><strong>etiam</strong></span> <span class='ocrx_word' id='word_1_563' title='bbox 1691 4980 1755 5034; x_wconf 91' lang='lat' dir='ltr'><strong>iis</strong></span> <span class='ocrx_word' id='word_1_564' title='bbox 1779 4981 1866 5050; x_wconf 87' lang='lat' dir='ltr'><strong>qui</strong></span> 
     </span>
    </p>
   </div>
   <div class='ocr_carea' id='block_1_75' title="bbox 267 5072 1869 5142">
    <p class='ocr_par' dir='ltr' id='par_1_75' title="bbox 267 5072 1869 5142">
     <span class='ocr_line' id='line_1_75' title="bbox 267 5072 1869 5142; baseline -0.001 -13"><span class='ocrx_word' id='word_1_565' title='bbox 267 5072 388 5138; x_wconf 73' lang='lat' dir='ltr'><strong>illo,</strong></span> <span class='ocrx_word' id='word_1_566' title='bbox 445 5088 550 5128; x_wconf 89' lang='lat' dir='ltr'><strong>non</strong></span> <span class='ocrx_word' id='word_1_567' title='bbox 608 5082 666 5128; x_wconf 93' lang='lat' dir='ltr'><strong>ut</strong></span> <span class='ocrx_word' id='word_1_568' title='bbox 716 5083 945 5142; x_wconf 86' lang='lat' dir='ltr'><strong>oportet,</strong></span> <span class='ocrx_word' id='word_1_569' title='bbox 1003 5081 1224 5129; x_wconf 88' lang='lat' dir='ltr'><strong>utuntur</strong></span> <span class='ocrx_word' id='word_1_570' title='bbox 1261 5115 1277 5140; x_wconf 90' lang='lat'><strong>,</strong></span> <span class='ocrx_word' id='word_1_571' title='bbox 1319 5075 1725 5128; x_wconf 89' lang='lat' dir='ltr'><strong>innumerorum</strong></span> <span class='ocrx_word' id='word_1_572' title='bbox 1757 5088 1869 5128; x_wconf 85' lang='lat' dir='ltr'><strong>ma-</strong></span> 
     </span>
    </p>
   </div>
   <div class='ocr_carea' id='block_1_76' title="bbox 279 5165 1866 5237">
    <p class='ocr_par' dir='ltr' id='par_1_76' title="bbox 279 5165 1866 5237">
     <span class='ocr_line' id='line_1_76' title="bbox 279 5165 1866 5237; baseline 0.002 -17"><span class='ocrx_word' id='word_1_573' title='bbox 279 5165 452 5221; x_wconf 88' lang='lat' dir='ltr'><strong>lorum</strong></span> <span class='ocrx_word' id='word_1_574' title='bbox 485 5168 541 5222; x_wconf 84' lang='lat' dir='ltr'><strong>lit</strong></span> <span class='ocrx_word' id='word_1_575' title='bbox 581 5168 825 5224; x_wconf 86' lang='lat' dir='ltr'><strong>materia.</strong></span> <span class='ocrx_word' id='word_1_576' title='bbox 856 5167 990 5224; x_wconf 82' lang='lat' dir='ltr'><strong>Nam</strong></span> <span class='ocrx_word' id='word_1_577' title='bbox 1025 5169 1165 5225; x_wconf 89' lang='lat' dir='ltr'><strong>sicut</strong></span> <span class='ocrx_word' id='word_1_578' title='bbox 1191 5167 1383 5223; x_wconf 91' lang='lat' dir='ltr'><strong>mulier</strong></span> <span class='ocrx_word' id='word_1_579' title='bbox 1406 5168 1635 5237; x_wconf 88' lang='lat' dir='ltr'><strong>adjutrix</strong></span> <span class='ocrx_word' id='word_1_580' title='bbox 1662 5179 1765 5234; x_wconf 89' lang='lat' dir='ltr'><strong>est,</strong></span> <span class='ocrx_word' id='word_1_581' title='bbox 1797 5167 1866 5223; x_wconf 80' lang='lat' dir='ltr'><strong>ita</strong></span> 
     </span>
    </p>
   </div>
   <div class='ocr_carea' id='block_1_77' title="bbox 278 5261 1868 5334">
    <p class='ocr_par' dir='ltr' id='par_1_77' title="bbox 278 5261 1868 5334">
     <span class='ocr_line' id='line_1_77' title="bbox 278 5261 1868 5334; baseline 0.003 -22"><span class='ocrx_word' id='word_1_582' title='bbox 278 5273 424 5330; x_wconf 63' lang='lat' dir='ltr'><strong>saepe</strong></span> <span class='ocrx_word' id='word_1_583' title='bbox 444 5272 499 5315; x_wconf 92' lang='lat' dir='ltr'><strong>et</strong></span> <span class='ocrx_word' id='word_1_584' title='bbox 524 5261 844 5317; x_wconf 79' lang='lat' dir='ltr'><strong>insidiatrix.</strong></span> <span class='ocrx_word' id='word_1_585' title='bbox 875 5261 943 5318; x_wconf 81' lang='lat' dir='ltr'><strong>Et</strong></span> <span class='ocrx_word' id='word_1_586' title='bbox 966 5261 1102 5318; x_wconf 91' lang='lat' dir='ltr'><strong>sicut</strong></span> <span class='ocrx_word' id='word_1_587' title='bbox 1128 5271 1312 5334; x_wconf 89' lang='lat' dir='ltr'><strong>portus</strong></span> <span class='ocrx_word' id='word_1_588' title='bbox 1338 5270 1422 5317; x_wconf 89' lang='lat' dir='ltr'><strong>est</strong></span> <span class='ocrx_word' id='word_1_589' title='bbox 1447 5261 1770 5332; x_wconf 88' lang='lat' dir='ltr'><strong>conjugium,</strong></span> <span class='ocrx_word' id='word_1_590' title='bbox 1797 5261 1868 5316; x_wconf 89' lang='lat' dir='ltr'><strong>ita</strong></span> 
     </span>
    </p>
   </div>
   <div class='ocr_carea' id='block_1_78' title="bbox 277 5352 1868 5423">
    <p class='ocr_par' dir='ltr' id='par_1_78' title="bbox 277 5352 1868 5423">
     <span class='ocr_line' id='line_1_78' title="bbox 277 5352 1868 5423; baseline 0.002 -20"><span class='ocrx_word' id='word_1_591' title='bbox 277 5358 334 5404; x_wconf 91' lang='lat' dir='ltr'><strong>et</strong></span> <span class='ocrx_word' id='word_1_592' title='bbox 363 5365 504 5422; x_wconf 64' lang='lat' dir='ltr'><strong>saepe</strong></span> <span class='ocrx_word' id='word_1_593' title='bbox 526 5353 853 5423; x_wconf 83' lang='lat' dir='ltr'><strong>naufragium</strong></span> <span class='ocrx_word' id='word_1_594' title='bbox 880 5353 1018 5423; x_wconf 88' lang='lat' dir='ltr'><strong>parit</strong></span> <span class='ocrx_word' id='word_1_595' title='bbox 1050 5371 1064 5408; x_wconf 89' lang='lat'>:</span> <span class='ocrx_word' id='word_1_596' title='bbox 1088 5368 1192 5408; x_wconf 88' lang='lat' dir='ltr'><strong>non</strong></span> <span class='ocrx_word' id='word_1_597' title='bbox 1221 5361 1408 5407; x_wconf 87' lang='lat' dir='ltr'><strong>natura</strong></span> <span class='ocrx_word' id='word_1_598' title='bbox 1436 5367 1552 5418; x_wconf 88' lang='lat' dir='ltr'><strong>sua,</strong></span> <span class='ocrx_word' id='word_1_599' title='bbox 1578 5353 1670 5408; x_wconf 87' lang='lat' dir='ltr'><strong>sed</strong></span> <span class='ocrx_word' id='word_1_600' title='bbox 1688 5352 1868 5406; x_wconf 89' lang='lat' dir='ltr'><strong>animo</strong></span> 
     </span>
    </p>
   </div>
   <div class='ocr_carea' id='block_1_79' title="bbox 277 5442 1866 5514">
    <p class='ocr_par' dir='ltr' id='par_1_79' title="bbox 277 5442 1866 5514">
     <span class='ocr_line' id='line_1_79' title="bbox 277 5442 1866 5514; baseline 0 -17"><span class='ocrx_word' id='word_1_601' title='bbox 277 5457 489 5509; x_wconf 81' lang='lat' dir='ltr'><strong>eorum,</strong></span> <span class='ocrx_word' id='word_1_602' title='bbox 517 5443 605 5514; x_wconf 88' lang='lat' dir='ltr'><strong>qui</strong></span> <span class='ocrx_word' id='word_1_603' title='bbox 648 5445 738 5499; x_wconf 91' lang='lat' dir='ltr'><strong>illo</strong></span> <span class='ocrx_word' id='word_1_604' title='bbox 773 5446 911 5500; x_wconf 89' lang='lat' dir='ltr'><strong>male</strong></span> <span class='ocrx_word' id='word_1_605' title='bbox 957 5453 1196 5499; x_wconf 91' lang='lat' dir='ltr'><strong>utuntur.</strong></span> <span class='ocrx_word' id='word_1_606' title='bbox 1227 5443 1438 5500; x_wconf 88' lang='lat' dir='ltr'><strong>Etenim</strong></span> <span class='ocrx_word' id='word_1_607' title='bbox 1459 5442 1548 5514; x_wconf 88' lang='lat' dir='ltr'><strong>qui</strong></span> <span class='ocrx_word' id='word_1_608' title='bbox 1575 5442 1866 5498; x_wconf 89' lang='lat' dir='ltr'><strong>secundum</strong></span> 
     </span>
    </p>
   </div>
   <div class='ocr_carea' id='block_1_80' title="bbox 275 5534 1867 5606">
    <p class='ocr_par' dir='ltr' id='par_1_80' title="bbox 275 5534 1867 5606">
     <span class='ocr_line' id='line_1_80' title="bbox 275 5534 1867 5606; baseline 0.001 -18"><span class='ocrx_word' id='word_1_609' title='bbox 275 5547 546 5604; x_wconf 87' lang='lat' dir='ltr'><strong>congruas</strong></span> <span class='ocrx_word' id='word_1_610' title='bbox 587 5534 733 5606; x_wconf 87' lang='lat' dir='ltr'><strong>leges</strong></span> <span class='ocrx_word' id='word_1_611' title='bbox 785 5534 912 5590; x_wconf 88' lang='lat' dir='ltr'><strong>illud</strong></span> <span class='ocrx_word' id='word_1_612' title='bbox 964 5535 1234 5602; x_wconf 85' lang='lat' dir='ltr'><strong>observat,</strong></span> <span class='ocrx_word' id='word_1_613' title='bbox 1283 5534 1498 5589; x_wconf 91' lang='lat' dir='ltr'><strong>domum</strong></span> <span class='ocrx_word' id='word_1_614' title='bbox 1549 5541 1604 5589; x_wconf 92' lang='lat' dir='ltr'><strong>ct</strong></span> <span class='ocrx_word' id='word_1_615' title='bbox 1645 5549 1867 5590; x_wconf 85' lang='lat' dir='ltr'><strong>uxorem</strong></span> 
     </span>
    </p>
   </div>
   <div class='ocr_carea' id='block_1_81' title="bbox 278 5625 1865 5698">
    <p class='ocr_par' dir='ltr' id='par_1_81' title="bbox 278 5625 1865 5698">
     <span class='ocr_line' id='line_1_81' title="bbox 278 5625 1865 5698; baseline 0.003 -18"><span class='ocrx_word' id='word_1_616' title='bbox 278 5639 460 5692; x_wconf 84' lang='lat' dir='ltr'><strong>suam,</strong></span> <span class='ocrx_word' id='word_1_617' title='bbox 513 5634 570 5681; x_wconf 94' lang='lat' dir='ltr'><strong>ut</strong></span> <span class='ocrx_word' id='word_1_618' title='bbox 596 5626 856 5683; x_wconf 83' lang='lat' dir='ltr'><strong>malorum</strong></span> <span class='ocrx_word' id='word_1_619' title='bbox 888 5628 1123 5684; x_wconf 90' lang='lat' dir='ltr'><strong>omnium</strong></span> <span class='ocrx_word' id='word_1_620' title='bbox 1146 5643 1264 5698; x_wconf 75' lang='lat' dir='ltr'><strong>qua:</strong></span> <span class='ocrx_word' id='word_1_621' title='bbox 1289 5627 1370 5683; x_wconf 86' lang='lat' dir='ltr'><strong>vel</strong></span> <span class='ocrx_word' id='word_1_622' title='bbox 1421 5627 1476 5682; x_wconf 92' lang='lat' dir='ltr'><strong>in</strong></span> <span class='ocrx_word' id='word_1_623' title='bbox 1501 5625 1638 5697; x_wconf 81' lang='lat' dir='ltr'><strong>foro,</strong></span> <span class='ocrx_word' id='word_1_624' title='bbox 1661 5627 1745 5685; x_wconf 89' lang='lat' dir='ltr'><strong>vel</strong></span> <span class='ocrx_word' id='word_1_625' title='bbox 1767 5627 1865 5684; x_wconf 90' lang='lat' dir='ltr'><strong>ali-</strong></span> 
     </span>
    </p>
   </div>
   <div class='ocr_carea' id='block_1_82' title="bbox 341 5735 1546 5800">
    <p class='ocr_par' dir='ltr' id='par_1_82' title="bbox 341 5735 1546 5800">
     <span class='ocr_line' id='line_1_82' title="bbox 341 5735 1546 5800; baseline 0.004 -13"><span class='ocrx_word' id='word_1_626' title='bbox 341 5736 417 5800; x_wconf 76' lang='lat' dir='ltr'><strong>(a)</strong></span> <span class='ocrx_word' id='word_1_627' title='bbox 439 5735 621 5790; x_wconf 81' lang='lat' dir='ltr'><strong>Collata</strong></span> <span class='ocrx_word' id='word_1_628' title='bbox 643 5751 753 5790; x_wconf 85' lang='lat' dir='ltr'><strong>cum</strong></span> <span class='ocrx_word' id='word_1_629' title='bbox 775 5747 882 5791; x_wconf 78' lang='lat' dir='ltr'><strong>uss.</strong></span> <span class='ocrx_word' id='word_1_630' title='bbox 907 5739 1196 5794; x_wconf 76' lang='lat' dir='ltr'><strong>Colliertinis</strong></span> <span class='ocrx_word' id='word_1_631' title='bbox 1213 5739 1309 5793; x_wconf 76' lang='lat'><strong>970</strong></span> <span class='ocrx_word' id='word_1_632' title='bbox 1332 5745 1385 5793; x_wconf 86' lang='lat' dir='ltr'><strong>et</strong></span> <span class='ocrx_word' id='word_1_633' title='bbox 1411 5739 1546 5792; x_wconf 76' lang='grc'><strong>1030.</strong></span> 
     </span>
    </p>
   </div>
   <div class='ocr_carea' id='block_1_83' title="bbox 1986 3149 3574 3224">
    <p class='ocr_par' dir='ltr' id='par_1_83' title="bbox 1986 3149 3574 3224">
     <span class='ocr_line' id='line_1_83' title="bbox 1986 3149 3574 3224; baseline 0.001 -17"><span class='ocrx_word' id='word_1_634' title='bbox 1986 3151 2108 3208; x_wconf 89' lang='lat' dir='ltr'><strong>eubi</strong></span> <span class='ocrx_word' id='word_1_635' title='bbox 2130 3149 2438 3213; x_wconf 83' lang='lat' dir='ltr'><strong>obveniant,</strong></span> <span class='ocrx_word' id='word_1_636' title='bbox 2457 3151 2865 3208; x_wconf 87' lang='lat' dir='ltr'><strong>consolatricem</strong></span> <span class='ocrx_word' id='word_1_637' title='bbox 2886 3167 2949 3208; x_wconf 91' lang='lat' dir='ltr'><strong>ac</strong></span> <span class='ocrx_word' id='word_1_638' title='bbox 2964 3152 3320 3208; x_wconf 87' lang='lat' dir='ltr'><strong>liberatriccm</strong></span> <span class='ocrx_word' id='word_1_639' title='bbox 3341 3154 3574 3224; x_wconf 84' lang='lat' dir='ltr'><strong>reperit;</strong></span> 
     </span>
    </p>
   </div>
   <div class='ocr_carea' id='block_1_84' title="bbox 1982 3245 3569 3317">
    <p class='ocr_par' dir='ltr' id='par_1_84' title="bbox 1982 3245 3569 3317">
     <span class='ocr_line' id='line_1_84' title="bbox 1982 3245 3569 3317; baseline 0.003 -19"><span class='ocrx_word' id='word_1_640' title='bbox 1982 3245 2073 3315; x_wconf 90' lang='lat' dir='ltr'><strong>qui</strong></span> <span class='ocrx_word' id='word_1_641' title='bbox 2112 3253 2290 3299; x_wconf 90' lang='lat' dir='ltr'><strong>autem</strong></span> <span class='ocrx_word' id='word_1_642' title='bbox 2320 3255 2520 3300; x_wconf 84' lang='lat' dir='ltr'><strong>temere</strong></span> <span class='ocrx_word' id='word_1_643' title='bbox 2547 3255 2600 3300; x_wconf 88' lang='lat' dir='ltr'><strong>et</strong></span> <span class='ocrx_word' id='word_1_644' title='bbox 2628 3245 2917 3316; x_wconf 81' lang='lat' dir='ltr'><strong>vulgaritcr</strong></span> <span class='ocrx_word' id='word_1_645' title='bbox 2947 3245 3084 3301; x_wconf 85' lang='lat' dir='ltr'><strong>hanc</strong></span> <span class='ocrx_word' id='word_1_646' title='bbox 3108 3261 3221 3301; x_wconf 90' lang='lat' dir='ltr'><strong>rem</strong></span> <span class='ocrx_word' id='word_1_647' title='bbox 3247 3249 3569 3317; x_wconf 76' lang='lat' dir='ltr'><strong>aggreditur,</strong></span> 
     </span>
    </p>
   </div>
   <div class='ocr_carea' id='block_1_85' title="bbox 1983 3334 3568 3407">
    <p class='ocr_par' dir='ltr' id='par_1_85' title="bbox 1983 3334 3568 3407">
     <span class='ocr_line' id='line_1_85' title="bbox 1983 3334 3568 3407; baseline 0.003 -17"><span class='ocrx_word' id='word_1_648' title='bbox 1983 3334 2194 3390; x_wconf 88' lang='lat' dir='ltr'><strong>etiamsi</strong></span> <span class='ocrx_word' id='word_1_649' title='bbox 2233 3336 2396 3391; x_wconf 86' lang='lat' dir='ltr'><strong>multa</strong></span> <span class='ocrx_word' id='word_1_650' title='bbox 2414 3335 2467 3390; x_wconf 90' lang='lat' dir='ltr'><strong>in</strong></span> <span class='ocrx_word' id='word_1_651' title='bbox 2500 3336 2616 3391; x_wconf 81' lang='lat' dir='ltr'><strong>loro</strong></span> <span class='ocrx_word' id='word_1_652' title='bbox 2659 3347 2714 3390; x_wconf 90' lang='lat' dir='ltr'><strong>et</strong></span> <span class='ocrx_word' id='word_1_653' title='bbox 2741 3337 2866 3390; x_wconf 88' lang='lat' dir='ltr'><strong>alibi</strong></span> <span class='ocrx_word' id='word_1_654' title='bbox 2918 3337 3298 3407; x_wconf 85' lang='lat' dir='ltr'><strong>tranquillitate</strong></span> <span class='ocrx_word' id='word_1_655' title='bbox 3329 3338 3568 3406; x_wconf 80' lang='lat' dir='ltr'><strong>fruatur,</strong></span> 
     </span>
    </p>
   </div>
   <div class='ocr_carea' id='block_1_86' title="bbox 1984 3426 3570 3499">
    <p class='ocr_par' dir='ltr' id='par_1_86' title="bbox 1984 3426 3570 3499">
     <span class='ocr_line' id='line_1_86' title="bbox 1984 3426 3570 3499; baseline 0.004 -18"><span class='ocrx_word' id='word_1_656' title='bbox 1984 3426 2257 3496; x_wconf 82' lang='lat' dir='ltr'><strong>ingressus</strong></span> <span class='ocrx_word' id='word_1_657' title='bbox 2282 3427 2520 3489; x_wconf 87' lang='lat' dir='ltr'><strong>domum.</strong></span> <span class='ocrx_word' id='word_1_658' title='bbox 2553 3428 2800 3498; x_wconf 89' lang='lat' dir='ltr'><strong>scopulos</strong></span> <span class='ocrx_word' id='word_1_659' title='bbox 2828 3437 2884 3483; x_wconf 87' lang='lat' dir='ltr'><strong>et</strong></span> <span class='ocrx_word' id='word_1_660' title='bbox 2911 3437 3092 3498; x_wconf 88' lang='lat' dir='ltr'><strong>petras</strong></span> <span class='ocrx_word' id='word_1_661' title='bbox 3138 3428 3356 3484; x_wconf 77' lang='lat' dir='ltr'><strong>videbit.</strong></span> <span class='ocrx_word' id='word_1_662' title='bbox 3387 3430 3570 3499; x_wconf 83' lang='lat' dir='ltr'><strong>Itaque</strong></span> 
     </span>
    </p>
   </div>
   <div class='ocr_carea' id='block_1_87' title="bbox 1981 3517 3571 3601">
    <p class='ocr_par' dir='ltr' id='par_1_87' title="bbox 1981 3517 3571 3601">
     <span class='ocr_line' id='line_1_87' title="bbox 1981 3517 3571 3601; baseline 0.004 -29"><span class='ocrx_word' id='word_1_663' title='bbox 1981 3517 2232 3601; x_wconf 89' lang='lat' dir='ltr'><strong>quoniam</strong></span> <span class='ocrx_word' id='word_1_664' title='bbox 2261 3534 2367 3574; x_wconf 91' lang='lat' dir='ltr'><strong>non</strong></span> <span class='ocrx_word' id='word_1_665' title='bbox 2397 3517 2467 3575; x_wconf 86' lang='lat' dir='ltr'><strong>de</strong></span> <span class='ocrx_word' id='word_1_666' title='bbox 2495 3519 2656 3576; x_wconf 89' lang='lat' dir='ltr'><strong>rebus</strong></span> <span class='ocrx_word' id='word_1_667' title='bbox 2698 3519 3006 3590; x_wconf 85' lang='lat' dir='ltr'><strong>vulgaribus</strong></span> <span class='ocrx_word' id='word_1_668' title='bbox 3037 3519 3190 3575; x_wconf 88' lang='lat' dir='ltr'><strong>nobis</strong></span> <span class='ocrx_word' id='word_1_669' title='bbox 3240 3530 3324 3576; x_wconf 90' lang='lat' dir='ltr'><strong>est</strong></span> <span class='ocrx_word' id='word_1_670' title='bbox 3363 3523 3571 3591; x_wconf 84' lang='lat' dir='ltr'><strong>pericu-</strong></span> 
     </span>
    </p>
   </div>
   <div class='ocr_carea' id='block_1_88' title="bbox 1982 3611 3576 3684">
    <p class='ocr_par' dir='ltr' id='par_1_88' title="bbox 1982 3611 3576 3684">
     <span class='ocr_line' id='line_1_88' title="bbox 1982 3611 3576 3684; baseline 0.002 -18"><span class='ocrx_word' id='word_1_671' title='bbox 1982 3611 2113 3679; x_wconf 92' lang='lat' dir='ltr'><strong>lum,</strong></span> <span class='ocrx_word' id='word_1_672' title='bbox 2139 3627 2318 3684; x_wconf 66' lang='lat' dir='ltr'><strong>operte</strong></span> <span class='ocrx_word' id='word_1_673' title='bbox 2365 3614 2595 3684; x_wconf 89' lang='lat' dir='ltr'><strong>pretium</strong></span> <span class='ocrx_word' id='word_1_674' title='bbox 2641 3612 2803 3670; x_wconf 76' lang='lat' dir='ltr'><strong>fuerit</strong></span> <span class='ocrx_word' id='word_1_675' title='bbox 2845 3629 2968 3670; x_wconf 92' lang='lat' dir='ltr'><strong>cum</strong></span> <span class='ocrx_word' id='word_1_676' title='bbox 3005 3613 3280 3684; x_wconf 84' lang='lat' dir='ltr'><strong>diligentia</strong></span> <span class='ocrx_word' id='word_1_677' title='bbox 3310 3614 3468 3670; x_wconf 90' lang='lat' dir='ltr'><strong>dictis</strong></span> <span class='ocrx_word' id='word_1_678' title='bbox 3494 3626 3576 3669; x_wconf 83' lang='lat' dir='ltr'><strong>at-</strong></span> 
     </span>
    </p>
   </div>
   <div class='ocr_carea' id='block_1_89' title="bbox 1983 3704 3568 3775">
    <p class='ocr_par' dir='ltr' id='par_1_89' title="bbox 1983 3704 3568 3775">
     <span class='ocr_line' id='line_1_89' title="bbox 1983 3704 3568 3775; baseline 0.001 -17"><span class='ocrx_word' id='word_1_679' title='bbox 1983 3704 2224 3769; x_wconf 88' lang='lat' dir='ltr'><strong>tendere,</strong></span> <span class='ocrx_word' id='word_1_680' title='bbox 2252 3713 2308 3761; x_wconf 86' lang='lat' dir='ltr'><strong>et</strong></span> <span class='ocrx_word' id='word_1_681' title='bbox 2333 3720 2550 3761; x_wconf 83' lang='lat' dir='ltr'><strong>uxorem</strong></span> <span class='ocrx_word' id='word_1_682' title='bbox 2574 3705 2880 3770; x_wconf 88' lang='lat' dir='ltr'><strong>ducturum,</strong></span> <span class='ocrx_word' id='word_1_683' title='bbox 2910 3705 3059 3775; x_wconf 83' lang='lat' dir='ltr'><strong>juxta</strong></span> <span class='ocrx_word' id='word_1_684' title='bbox 3089 3705 3258 3772; x_wconf 85' lang='lat' dir='ltr'><strong>Pauli,</strong></span> <span class='ocrx_word' id='word_1_685' title='bbox 3288 3704 3396 3760; x_wconf 86' lang='lat' dir='ltr'><strong>imo</strong></span> <span class='ocrx_word' id='word_1_686' title='bbox 3419 3706 3568 3775; x_wconf 77' lang='lat' dir='ltr'><strong>juxta</strong></span> 
     </span>
    </p>
   </div>
   <div class='ocr_carea' id='block_1_90' title="bbox 1980 3791 3568 3866">
    <p class='ocr_par' dir='ltr' id='par_1_90' title="bbox 1980 3791 3568 3866">
     <span class='ocr_line' id='line_1_90' title="bbox 1980 3791 3568 3866; baseline 0.003 -18"><span class='ocrx_word' id='word_1_687' title='bbox 1980 3791 2176 3850; x_wconf 88' lang='lat' dir='ltr'><strong>Christi</strong></span> <span class='ocrx_word' id='word_1_688' title='bbox 2200 3795 2345 3865; x_wconf 85' lang='lat' dir='ltr'><strong>leges</strong></span> <span class='ocrx_word' id='word_1_689' title='bbox 2367 3811 2546 3866; x_wconf 87' lang='lat' dir='ltr'><strong>agere.</strong></span> <span class='ocrx_word' id='word_1_690' title='bbox 2579 3795 2719 3852; x_wconf 83' lang='lat' dir='ltr'><strong>Sane</strong></span> <span class='ocrx_word' id='word_1_691' title='bbox 2739 3796 2960 3862; x_wconf 83' lang='lat' dir='ltr'><strong>scimus,</strong></span> <span class='ocrx_word' id='word_1_692' title='bbox 2988 3796 3128 3865; x_wconf 89' lang='lat' dir='ltr'><strong>quod</strong></span> <span class='ocrx_word' id='word_1_693' title='bbox 3162 3798 3342 3851; x_wconf 90' lang='lat' dir='ltr'><strong>multis</strong></span> <span class='ocrx_word' id='word_1_694' title='bbox 3373 3813 3568 3853; x_wconf 87' lang='lat' dir='ltr'><strong>novum</strong></span> 
     </span>
    </p>
   </div>
   <div class='ocr_carea' id='block_1_91' title="bbox 1983 3887 3574 3958">
    <p class='ocr_par' dir='ltr' id='par_1_91' title="bbox 1983 3887 3574 3958">
     <span class='ocr_line' id='line_1_91' title="bbox 1983 3887 3574 3958; baseline -0.001 -14"><span class='ocrx_word' id='word_1_695' title='bbox 1983 3899 2037 3944; x_wconf 89' lang='lat' dir='ltr'><strong>et</strong></span> <span class='ocrx_word' id='word_1_696' title='bbox 2069 3889 2490 3957; x_wconf 80' lang='lat' dir='ltr'><strong>inexspectatum</strong></span> <span class='ocrx_word' id='word_1_697' title='bbox 2517 3889 2778 3944; x_wconf 82' lang='lat' dir='ltr'><strong>videbitur</strong></span> <span class='ocrx_word' id='word_1_698' title='bbox 2791 3887 2934 3958; x_wconf 89' lang='lat' dir='ltr'><strong>quod</strong></span> <span class='ocrx_word' id='word_1_699' title='bbox 2961 3889 3187 3943; x_wconf 79' lang='lat' dir='ltr'><strong>dicimus</strong></span> <span class='ocrx_word' id='word_1_700' title='bbox 3212 3906 3226 3942; x_wconf 91' lang='lat'><strong>:</strong></span> <span class='ocrx_word' id='word_1_701' title='bbox 3255 3899 3308 3942; x_wconf 88' lang='lat' dir='ltr'><strong>at</strong></span> <span class='ocrx_word' id='word_1_702' title='bbox 3331 3898 3574 3956; x_wconf 66' lang='lat' dir='ltr'><strong>propter-</strong></span> 
     </span>
    </p>
   </div>
   <div class='ocr_carea' id='block_1_92' title="bbox 1979 3979 3573 4050">
    <p class='ocr_par' dir='ltr' id='par_1_92' title="bbox 1979 3979 3573 4050">
     <span class='ocr_line' id='line_1_92' title="bbox 1979 3979 3573 4050; baseline 0 -16"><span class='ocrx_word' id='word_1_703' title='bbox 1979 3995 2042 4034; x_wconf 89' lang='lat' dir='ltr'><strong>ea</strong></span> <span class='ocrx_word' id='word_1_704' title='bbox 2085 3995 2192 4034; x_wconf 88' lang='lat' dir='ltr'><strong>non</strong></span> <span class='ocrx_word' id='word_1_705' title='bbox 2221 3980 2410 4038; x_wconf 84' lang='lat' dir='ltr'><strong>silebo,</strong></span> <span class='ocrx_word' id='word_1_706' title='bbox 2439 3979 2532 4034; x_wconf 86' lang='lat' dir='ltr'><strong>sed</strong></span> <span class='ocrx_word' id='word_1_707' title='bbox 2588 3980 2817 4050; x_wconf 90' lang='lat' dir='ltr'><strong>primum</strong></span> <span class='ocrx_word' id='word_1_708' title='bbox 2878 3980 3048 4049; x_wconf 87' lang='lat' dir='ltr'><strong>legem</strong></span> <span class='ocrx_word' id='word_1_709' title='bbox 3095 3979 3246 4033; x_wconf 82' lang='lat' dir='ltr'><strong>vobis</strong></span> <span class='ocrx_word' id='word_1_710' title='bbox 3295 3980 3488 4049; x_wconf 86' lang='lat' dir='ltr'><strong>legam,</strong></span> <span class='ocrx_word' id='word_1_711' title='bbox 3519 3989 3573 4034; x_wconf 74' lang='lat' dir='ltr'><strong>ct</strong></span> 
     </span>
    </p>
   </div>
   <div class='ocr_carea' id='block_1_93' title="bbox 1978 4070 3566 4142">
    <p class='ocr_par' dir='ltr' id='par_1_93' title="bbox 1978 4070 3566 4142">
     <span class='ocr_line' id='line_1_93' title="bbox 1978 4070 3566 4142; baseline -0.001 -16"><span class='ocrx_word' id='word_1_712' title='bbox 1978 4070 2102 4127; x_wconf 90' lang='lat' dir='ltr'><strong>dein</strong></span> <span class='ocrx_word' id='word_1_713' title='bbox 2130 4072 2322 4142; x_wconf 91' lang='lat' dir='ltr'><strong>legem,</strong></span> <span class='ocrx_word' id='word_1_714' title='bbox 2367 4087 2487 4141; x_wconf 68' lang='lat' dir='ltr'><strong>qua!</strong></span> <span class='ocrx_word' id='word_1_715' title='bbox 2513 4072 2780 4126; x_wconf 84' lang='lat' dir='ltr'><strong>contraria</strong></span> <span class='ocrx_word' id='word_1_716' title='bbox 2806 4071 3038 4138; x_wconf 89' lang='lat' dir='ltr'><strong>videtur,</strong></span> <span class='ocrx_word' id='word_1_717' title='bbox 3086 4071 3295 4126; x_wconf 86' lang='lat' dir='ltr'><strong>solvere</strong></span> <span class='ocrx_word' id='word_1_718' title='bbox 3320 4072 3566 4125; x_wconf 87' lang='lat' dir='ltr'><strong>tentabo.</strong></span> 
     </span>
    </p>
   </div>
   <div class='ocr_carea' id='block_1_94' title="bbox 1979 4161 3570 4234">
    <p class='ocr_par' dir='ltr' id='par_1_94' title="bbox 1979 4161 3570 4234">
     <span class='ocr_line' id='line_1_94' title="bbox 1979 4161 3570 4234; baseline -0.002 -16"><span class='ocrx_word' id='word_1_719' title='bbox 1979 4163 2142 4234; x_wconf 87' lang='lat' dir='ltr'><strong>Igitur</strong></span> <span class='ocrx_word' id='word_1_720' title='bbox 2169 4178 2414 4232; x_wconf 80' lang='lat' dir='ltr'><strong>quamam</strong></span> <span class='ocrx_word' id='word_1_721' title='bbox 2452 4173 2535 4218; x_wconf 91' lang='lat' dir='ltr'><strong>est</strong></span> <span class='ocrx_word' id='word_1_722' title='bbox 2564 4164 2644 4218; x_wconf 89' lang='lat' dir='ltr'><strong>lex</strong></span> <span class='ocrx_word' id='word_1_723' title='bbox 2697 4163 2807 4226; x_wconf 90' lang='lat' dir='ltr'><strong>illa,</strong></span> <span class='ocrx_word' id='word_1_724' title='bbox 2839 4178 2997 4234; x_wconf 89' lang='lat' dir='ltr'><strong>quam</strong></span> <span class='ocrx_word' id='word_1_725' title='bbox 3049 4164 3202 4218; x_wconf 89' lang='lat' dir='ltr'><strong>nobis</strong></span> <span class='ocrx_word' id='word_1_726' title='bbox 3249 4161 3440 4220; x_wconf 85' lang='lat' dir='ltr'><strong>Paulus</strong></span> <span class='ocrx_word' id='word_1_727' title='bbox 3477 4179 3570 4234; x_wconf 86' lang='lat' dir='ltr'><strong>po-</strong></span> 
     </span>
    </p>
   </div>
   <div class='ocr_carea' id='block_1_95' title="bbox 1976 4254 3569 4326">
    <p class='ocr_par' dir='ltr' id='par_1_95' title="bbox 1976 4254 3569 4326">
     <span class='ocr_line' id='line_1_95' title="bbox 1976 4254 3569 4326; baseline -0.001 -17"><span class='ocrx_word' id='word_1_728' title='bbox 1976 4254 2108 4310; x_wconf 84' lang='lat' dir='ltr'><strong>suit?</strong></span> <span class='ocrx_word' id='word_1_729' title='bbox 2138 4254 2346 4319; x_wconf 74' lang='lat' dir='ltr'><strong>Mulier,</strong></span> <span class='ocrx_word' id='word_1_730' title='bbox 2375 4255 2560 4325; x_wconf 90' lang='lat' dir='ltr'><strong>inquit,</strong></span> <span class='ocrx_word' id='word_1_731' title='bbox 2587 4254 2800 4326; x_wconf 85' lang='lat' dir='ltr'><strong>alligata</strong></span> <span class='ocrx_word' id='word_1_732' title='bbox 2836 4265 2910 4308; x_wconf 90' lang='lat' dir='ltr'><strong>est</strong></span> <span class='ocrx_word' id='word_1_733' title='bbox 2939 4255 3055 4326; x_wconf 78' lang='lat' dir='ltr'><strong>legi.</strong></span> <span class='ocrx_word' id='word_1_734' title='bbox 3083 4255 3306 4324; x_wconf 86' lang='lat' dir='ltr'><strong>Oportet</strong></span> <span class='ocrx_word' id='word_1_735' title='bbox 3329 4256 3486 4325; x_wconf 86' lang='lat' dir='ltr'><strong>igitur</strong></span> <span class='ocrx_word' id='word_1_736' title='bbox 3511 4263 3569 4309; x_wconf 90' lang='lat' dir='ltr'><strong>ut</strong></span> 
     </span>
    </p>
   </div>
   <div class='ocr_carea' id='block_1_96' title="bbox 1979 4346 3566 4417">
    <p class='ocr_par' dir='ltr' id='par_1_96' title="bbox 1979 4346 3566 4417">
     <span class='ocr_line' id='line_1_96' title="bbox 1979 4346 3566 4417; baseline 0 -15"><span class='ocrx_word' id='word_1_737' title='bbox 1979 4346 2201 4403; x_wconf 89' lang='lat' dir='ltr'><strong>minime</strong></span> <span class='ocrx_word' id='word_1_738' title='bbox 2248 4357 2545 4416; x_wconf 82' lang='lat' dir='ltr'><strong>separetur,</strong></span> <span class='ocrx_word' id='word_1_739' title='bbox 2587 4348 2797 4402; x_wconf 89' lang='lat' dir='ltr'><strong>vivente</strong></span> <span class='ocrx_word' id='word_1_740' title='bbox 2841 4347 2976 4412; x_wconf 89' lang='lat' dir='ltr'><strong>viro,</strong></span> <span class='ocrx_word' id='word_1_741' title='bbox 2999 4363 3170 4416; x_wconf 74' lang='lat' dir='ltr'><strong>neque</strong></span> <span class='ocrx_word' id='word_1_742' title='bbox 3191 4347 3352 4401; x_wconf 85' lang='lat' dir='ltr'><strong>alium</strong></span> <span class='ocrx_word' id='word_1_743' title='bbox 3383 4362 3566 4417; x_wconf 87' lang='lat' dir='ltr'><strong>snper-</strong></span> 
     </span>
    </p>
   </div>
   <div class='ocr_carea' id='block_1_97' title="bbox 1977 4437 3565 4507">
    <p class='ocr_par' dir='ltr' id='par_1_97' title="bbox 1977 4437 3565 4507">
     <span class='ocr_line' id='line_1_97' title="bbox 1977 4437 3565 4507; baseline -0.001 -14"><span class='ocrx_word' id='word_1_744' title='bbox 1977 4438 2192 4495; x_wconf 92' lang='lat' dir='ltr'><strong>inducat</strong></span> <span class='ocrx_word' id='word_1_745' title='bbox 2228 4441 2498 4503; x_wconf 92' lang='lat' dir='ltr'><strong>maritum,</strong></span> <span class='ocrx_word' id='word_1_746' title='bbox 2527 4454 2701 4507; x_wconf 89' lang='lat' dir='ltr'><strong>neque</strong></span> <span class='ocrx_word' id='word_1_747' title='bbox 2731 4438 2994 4493; x_wconf 87' lang='lat' dir='ltr'><strong>secundas</strong></span> <span class='ocrx_word' id='word_1_748' title='bbox 3033 4437 3243 4506; x_wconf 90' lang='lat' dir='ltr'><strong>nuptias</strong></span> <span class='ocrx_word' id='word_1_749' title='bbox 3287 4438 3464 4492; x_wconf 84' lang='lat' dir='ltr'><strong>adeat.</strong></span> <span class='ocrx_word' id='word_1_750' title='bbox 3494 4437 3565 4492; x_wconf 85' lang='lat' dir='ltr'><strong>Et</strong></span> 
     </span>
    </p>
   </div>
   <div class='ocr_carea' id='block_1_98' title="bbox 1975 4527 3565 4601">
    <p class='ocr_par' dir='ltr' id='par_1_98' title="bbox 1975 4527 3565 4601">
     <span class='ocr_line' id='line_1_98' title="bbox 1975 4527 3565 4601; baseline 0.001 -19"><span class='ocrx_word' id='word_1_751' title='bbox 1975 4531 2098 4585; x_wconf 89' lang='lat' dir='ltr'><strong>vide</strong></span> <span class='ocrx_word' id='word_1_752' title='bbox 2124 4539 2321 4601; x_wconf 84' lang='lat' dir='ltr'><strong>quanta</strong></span> <span class='ocrx_word' id='word_1_753' title='bbox 2351 4546 2471 4584; x_wconf 90' lang='lat' dir='ltr'><strong>cmn</strong></span> <span class='ocrx_word' id='word_1_754' title='bbox 2500 4529 2770 4598; x_wconf 80' lang='lat' dir='ltr'><strong>diligentia</strong></span> <span class='ocrx_word' id='word_1_755' title='bbox 2818 4527 3098 4582; x_wconf 84' lang='lat' dir='ltr'><strong>verborum</strong></span> <span class='ocrx_word' id='word_1_756' title='bbox 3147 4544 3275 4582; x_wconf 69' lang='lat' dir='ltr'><strong>usus</strong></span> <span class='ocrx_word' id='word_1_757' title='bbox 3321 4529 3391 4582; x_wconf 87' lang='lat' dir='ltr'><strong>sit</strong></span> <span class='ocrx_word' id='word_1_758' title='bbox 3440 4544 3565 4598; x_wconf 87' lang='lat' dir='ltr'><strong>pro-</strong></span> 
     </span>
    </p>
   </div>
   <div class='ocr_carea' id='block_1_99' title="bbox 1977 4618 3565 4691">
    <p class='ocr_par' dir='ltr' id='par_1_99' title="bbox 1977 4618 3565 4691">
     <span class='ocr_line' id='line_1_99' title="bbox 1977 4618 3565 4691; baseline -0.002 -14"><span class='ocrx_word' id='word_1_759' title='bbox 1977 4622 2221 4691; x_wconf 89' lang='lat' dir='ltr'><strong>prietate.</strong></span> <span class='ocrx_word' id='word_1_760' title='bbox 2245 4619 2362 4675; x_wconf 86' lang='lat' dir='ltr'><strong>Non</strong></span> <span class='ocrx_word' id='word_1_761' title='bbox 2392 4621 2533 4676; x_wconf 89' lang='lat' dir='ltr'><strong>enim</strong></span> <span class='ocrx_word' id='word_1_762' title='bbox 2562 4620 2716 4686; x_wconf 83' lang='lat' dir='ltr'><strong>dixit,</strong></span> <span class='ocrx_word' id='word_1_763' title='bbox 2756 4618 3037 4674; x_wconf 87' lang='lat' dir='ltr'><strong>Cohabitet</strong></span> <span class='ocrx_word' id='word_1_764' title='bbox 3067 4619 3183 4673; x_wconf 91' lang='lat' dir='ltr'><strong>viro</strong></span> <span class='ocrx_word' id='word_1_765' title='bbox 3220 4619 3394 4690; x_wconf 87' lang='lat' dir='ltr'><strong>quoad</strong></span> <span class='ocrx_word' id='word_1_766' title='bbox 3425 4620 3565 4674; x_wconf 85' lang='lat' dir='ltr'><strong>vixe-</strong></span> 
     </span>
    </p>
   </div>
   <div class='ocr_carea' id='block_1_100' title="bbox 1979 4711 3568 4783">
    <p class='ocr_par' dir='ltr' id='par_1_100' title="bbox 1979 4711 3568 4783">
     <span class='ocr_line' id='line_1_100' title="bbox 1979 4711 3568 4783; baseline 0 -16"><span class='ocrx_word' id='word_1_767' title='bbox 1979 4713 2079 4774; x_wconf 87' lang='lat' dir='ltr'><strong>rit;</strong></span> <span class='ocrx_word' id='word_1_768' title='bbox 2103 4712 2218 4776; x_wconf 87' lang='lat' dir='ltr'><strong>scd,</strong></span> <span class='ocrx_word' id='word_1_769' title='bbox 2248 4712 2436 4768; x_wconf 73' lang='lat' dir='ltr'><strong>Mulier</strong></span> <span class='ocrx_word' id='word_1_770' title='bbox 2457 4713 2670 4783; x_wconf 83' lang='lat' dir='ltr'><strong>alligata</strong></span> <span class='ocrx_word' id='word_1_771' title='bbox 2697 4721 2770 4766; x_wconf 88' lang='lat' dir='ltr'><strong>est</strong></span> <span class='ocrx_word' id='word_1_772' title='bbox 2799 4712 2898 4782; x_wconf 80' lang='lat' dir='ltr'><strong>legi</strong></span> <span class='ocrx_word' id='word_1_773' title='bbox 2919 4720 3106 4782; x_wconf 89' lang='lat' dir='ltr'><strong>quanto</strong></span> <span class='ocrx_word' id='word_1_774' title='bbox 3133 4720 3356 4781; x_wconf 83' lang='lat' dir='ltr'><strong>tempore</strong></span> <span class='ocrx_word' id='word_1_775' title='bbox 3389 4711 3568 4767; x_wconf 73' lang='lat' dir='ltr'><strong>uixerit</strong></span> 
     </span>
    </p>
   </div>
   <div class='ocr_carea' id='block_1_101' title="bbox 1975 4802 3566 4874">
    <p class='ocr_par' dir='ltr' id='par_1_101' title="bbox 1975 4802 3566 4874">
     <span class='ocr_line' id='line_1_101' title="bbox 1975 4802 3566 4874; baseline -0.001 -14"><span class='ocrx_word' id='word_1_776' title='bbox 1975 4804 2051 4860; x_wconf 75' lang='lat' dir='ltr'><strong>vir</strong></span> <span class='ocrx_word' id='word_1_777' title='bbox 2079 4805 2219 4858; x_wconf 88' lang='lat' dir='ltr'><strong>illius</strong></span> <span class='ocrx_word' id='word_1_778' title='bbox 2245 4820 2265 4858; x_wconf 89' lang='lat'><strong><em>:</em></strong></span> <span class='ocrx_word' id='word_1_779' title='bbox 2289 4813 2447 4874; x_wconf 89' lang='lat' dir='ltr'><strong>atque</strong></span> <span class='ocrx_word' id='word_1_780' title='bbox 2485 4804 2623 4859; x_wconf 90' lang='lat' dir='ltr'><strong>adeo</strong></span> <span class='ocrx_word' id='word_1_781' title='bbox 2674 4803 2882 4858; x_wconf 91' lang='lat' dir='ltr'><strong>etiamsi</strong></span> <span class='ocrx_word' id='word_1_782' title='bbox 2923 4802 3159 4857; x_wconf 87' lang='lat' dir='ltr'><strong>libellum</strong></span> <span class='ocrx_word' id='word_1_783' title='bbox 3197 4804 3404 4873; x_wconf 88' lang='lat' dir='ltr'><strong>repudii</strong></span> <span class='ocrx_word' id='word_1_784' title='bbox 3450 4804 3566 4870; x_wconf 84' lang='lat' dir='ltr'><strong>det,</strong></span> 
     </span>
    </p>
   </div>
   <div class='ocr_carea' id='block_1_102' title="bbox 1975 4892 3561 4965">
    <p class='ocr_par' dir='ltr' id='par_1_102' title="bbox 1975 4892 3561 4965">
     <span class='ocr_line' id='line_1_102' title="bbox 1975 4892 3561 4965; baseline -0.003 -14"><span class='ocrx_word' id='word_1_785' title='bbox 1975 4895 2182 4951; x_wconf 83' lang='lat' dir='ltr'><strong>etiamsi</strong></span> <span class='ocrx_word' id='word_1_786' title='bbox 2228 4895 2446 4950; x_wconf 86' lang='lat' dir='ltr'><strong>domum</strong></span> <span class='ocrx_word' id='word_1_787' title='bbox 2496 4895 2778 4965; x_wconf 90' lang='lat' dir='ltr'><strong>relinquat,</strong></span> <span class='ocrx_word' id='word_1_788' title='bbox 2822 4894 3030 4948; x_wconf 88' lang='lat' dir='ltr'><strong>etiamsi</strong></span> <span class='ocrx_word' id='word_1_789' title='bbox 3059 4892 3127 4948; x_wconf 91' lang='lat' dir='ltr'><strong>ad</strong></span> <span class='ocrx_word' id='word_1_790' title='bbox 3174 4894 3334 4950; x_wconf 86' lang='lat' dir='ltr'><strong>alium</strong></span> <span class='ocrx_word' id='word_1_791' title='bbox 3386 4895 3561 4962; x_wconf 86' lang='lat' dir='ltr'><strong>abeat,</strong></span> 
     </span>
    </p>
   </div>
   <div class='ocr_carea' id='block_1_103' title="bbox 1975 4989 2858 5061">
    <p class='ocr_par' dir='ltr' id='par_1_103' title="bbox 1975 4989 2858 5061">
     <span class='ocr_line' id='line_1_103' title="bbox 1975 4989 2858 5061; baseline 0.001 -16"><span class='ocrx_word' id='word_1_792' title='bbox 1975 4990 2078 5061; x_wconf 88' lang='lat' dir='ltr'><strong>legi</strong></span> <span class='ocrx_word' id='word_1_793' title='bbox 2109 4989 2361 5045; x_wconf 77' lang='lat' dir='ltr'><strong>adstricta</strong></span> <span class='ocrx_word' id='word_1_794' title='bbox 2386 4989 2730 5059; x_wconf 82' lang='lat' dir='ltr'><strong>adulteraque</strong></span> <span class='ocrx_word' id='word_1_795' title='bbox 2757 4997 2858 5046; x_wconf 90' lang='lat' dir='ltr'><strong>est.</strong></span> 
     </span>
    </p>
   </div>
   <div class='ocr_carea' id='block_1_104' title="bbox 2048 5079 3567 5151">
    <p class='ocr_par' dir='ltr' id='par_1_104' title="bbox 2048 5079 3567 5151">
     <span class='ocr_line' id='line_1_104' title="bbox 2048 5079 3567 5151; baseline -0.002 -16"><span class='ocrx_word' id='word_1_796' title='bbox 2048 5080 2168 5135; x_wconf 82' lang='lat' dir='ltr'><strong>Non</strong></span> <span class='ocrx_word' id='word_1_797' title='bbox 2197 5082 2310 5135; x_wconf 87' lang='lat' dir='ltr'><strong>licet</strong></span> <span class='ocrx_word' id='word_1_798' title='bbox 2349 5079 2668 5148; x_wconf 83' lang='lat' dir='ltr'><strong>repudiatam</strong></span> <span class='ocrx_word' id='word_1_799' title='bbox 2693 5080 2896 5134; x_wconf 82' lang='lat' dir='ltr'><strong>ducere.</strong></span> <span class='ocrx_word' id='word_1_800' title='bbox 2936 5079 3093 5151; x_wconf 85' lang='lat' dir='ltr'><strong>Leges</strong></span> <span class='ocrx_word' id='word_1_801' title='bbox 3131 5087 3349 5134; x_wconf 68' lang='lat' dir='ltr'><strong>externae</strong></span> <span class='ocrx_word' id='word_1_802' title='bbox 3385 5079 3567 5132; x_wconf 76' lang='lat' dir='ltr'><strong>divina</strong></span> 
     </span>
    </p>
   </div>
   <div class='ocr_carea' id='block_1_105' title="bbox 1973 5172 3561 5244">
    <p class='ocr_par' dir='ltr' id='par_1_105' title="bbox 1973 5172 3561 5244">
     <span class='ocr_line' id='line_1_105' title="bbox 1973 5172 3561 5244; baseline -0.004 -16"><span class='ocrx_word' id='word_1_803' title='bbox 1973 5173 2074 5244; x_wconf 79' lang='lat' dir='ltr'><strong>legi</strong></span> <span class='ocrx_word' id='word_1_804' title='bbox 2092 5173 2291 5227; x_wconf 87' lang='lat' dir='ltr'><strong>cedunt.</strong></span> <span class='ocrx_word' id='word_1_805' title='bbox 2314 5204 2383 5212; x_wconf 93' lang='lat'><strong><em>—</em></strong></span> <span class='ocrx_word' id='word_1_806' title='bbox 2409 5172 2634 5240; x_wconf 88' lang='lat' dir='ltr'><strong>Quando</strong></span> <span class='ocrx_word' id='word_1_807' title='bbox 2655 5173 2811 5243; x_wconf 86' lang='lat' dir='ltr'><strong>igitur</strong></span> <span class='ocrx_word' id='word_1_808' title='bbox 2839 5173 2922 5227; x_wconf 87' lang='lat' dir='ltr'><strong>vir</strong></span> <span class='ocrx_word' id='word_1_809' title='bbox 2946 5172 3142 5243; x_wconf 85' lang='lat' dir='ltr'><strong>ejicere</strong></span> <span class='ocrx_word' id='word_1_810' title='bbox 3169 5172 3281 5226; x_wconf 90' lang='lat' dir='ltr'><strong>vult</strong></span> <span class='ocrx_word' id='word_1_811' title='bbox 3309 5185 3561 5236; x_wconf 84' lang='lat' dir='ltr'><strong>uxorem,</strong></span> 
     </span>
    </p>
   </div>
   <div class='ocr_carea' id='block_1_106' title="bbox 1975 5261 3567 5335">
    <p class='ocr_par' dir='ltr' id='par_1_106' title="bbox 1975 5261 3567 5335">
     <span class='ocr_line' id='line_1_106' title="bbox 1975 5261 3567 5335; baseline -0.004 -13"><span class='ocrx_word' id='word_1_812' title='bbox 1975 5275 2029 5322; x_wconf 89' lang='lat' dir='ltr'><strong>et</strong></span> <span class='ocrx_word' id='word_1_813' title='bbox 2058 5281 2192 5321; x_wconf 88' lang='lat' dir='ltr'><strong>uxor</strong></span> <span class='ocrx_word' id='word_1_814' title='bbox 2222 5267 2522 5335; x_wconf 77' lang='lat' dir='ltr'><strong>relinquere</strong></span> <span class='ocrx_word' id='word_1_815' title='bbox 2546 5265 2753 5330; x_wconf 90' lang='lat' dir='ltr'><strong>virum,</strong></span> <span class='ocrx_word' id='word_1_816' title='bbox 2778 5263 2936 5335; x_wconf 87' lang='lat' dir='ltr'><strong>hujus</strong></span> <span class='ocrx_word' id='word_1_817' title='bbox 2984 5278 3191 5320; x_wconf 89' lang='lat' dir='ltr'><strong>memor</strong></span> <span class='ocrx_word' id='word_1_818' title='bbox 3219 5262 3287 5317; x_wconf 90' lang='lat' dir='ltr'><strong>sit</strong></span> <span class='ocrx_word' id='word_1_819' title='bbox 3324 5261 3478 5326; x_wconf 88' lang='lat' dir='ltr'><strong>dicti,</strong></span> <span class='ocrx_word' id='word_1_820' title='bbox 3512 5269 3567 5315; x_wconf 88' lang='lat' dir='ltr'><strong>et</strong></span> 
     </span>
    </p>
   </div>
   <div class='ocr_carea' id='block_1_107' title="bbox 1974 5353 3562 5431">
    <p class='ocr_par' dir='ltr' id='par_1_107' title="bbox 1974 5353 3562 5431">
     <span class='ocr_line' id='line_1_107' title="bbox 1974 5353 3562 5431; baseline -0.006 -15"><span class='ocrx_word' id='word_1_821' title='bbox 1974 5359 2198 5416; x_wconf 88' lang='lat' dir='ltr'><strong>Paulum</strong></span> <span class='ocrx_word' id='word_1_822' title='bbox 2231 5368 2379 5431; x_wconf 88' lang='lat' dir='ltr'><strong>putet</strong></span> <span class='ocrx_word' id='word_1_823' title='bbox 2420 5374 2542 5416; x_wconf 85' lang='lat' dir='ltr'><strong>esse</strong></span> <span class='ocrx_word' id='word_1_824' title='bbox 2594 5366 2949 5429; x_wconf 57' lang='lat' dir='ltr'><strong>praesentem,</strong></span> <span class='ocrx_word' id='word_1_825' title='bbox 2990 5366 3045 5412; x_wconf 94' lang='lat' dir='ltr'><strong>et</strong></span> <span class='ocrx_word' id='word_1_826' title='bbox 3091 5355 3338 5428; x_wconf 88' lang='lat' dir='ltr'><strong>persequi</strong></span> <span class='ocrx_word' id='word_1_827' title='bbox 3369 5369 3430 5410; x_wconf 91' lang='lat' dir='ltr'><strong>se</strong></span> <span class='ocrx_word' id='word_1_828' title='bbox 3452 5353 3562 5408; x_wconf 91' lang='lat' dir='ltr'><strong>cla-</strong></span> 
     </span>
    </p>
   </div>
   <div class='ocr_carea' id='block_1_108' title="bbox 1975 5443 3562 5518">
    <p class='ocr_par' dir='ltr' id='par_1_108' title="bbox 1975 5443 3562 5518">
     <span class='ocr_line' id='line_1_108' title="bbox 1975 5443 3562 5518; baseline -0.006 -9"><span class='ocrx_word' id='word_1_829' title='bbox 1975 5452 2170 5509; x_wconf 88' lang='lat' dir='ltr'><strong>mando</strong></span> <span class='ocrx_word' id='word_1_830' title='bbox 2218 5461 2274 5506; x_wconf 94' lang='lat' dir='ltr'><strong>et</strong></span> <span class='ocrx_word' id='word_1_831' title='bbox 2316 5450 2544 5508; x_wconf 81' lang='lat' dir='ltr'><strong>dicendo</strong></span> <span class='ocrx_word' id='word_1_832' title='bbox 2575 5467 2590 5506; x_wconf 88' lang='lat'><strong>:</strong></span> <span class='ocrx_word' id='word_1_833' title='bbox 2619 5449 2808 5505; x_wconf 81' lang='lat' dir='ltr'><strong>Mulier</strong></span> <span class='ocrx_word' id='word_1_834' title='bbox 2852 5448 3094 5503; x_wconf 76' lang='lat' dir='ltr'><strong>adstricta</strong></span> <span class='ocrx_word' id='word_1_835' title='bbox 3145 5455 3216 5502; x_wconf 85' lang='lat' dir='ltr'><strong>est</strong></span> <span class='ocrx_word' id='word_1_836' title='bbox 3267 5446 3384 5518; x_wconf 77' lang='lat' dir='ltr'><strong>legi.</strong></span> <span class='ocrx_word' id='word_1_837' title='bbox 3428 5443 3562 5501; x_wconf 75' lang='lat' dir='ltr'><strong>Nam</strong></span> 
     </span>
    </p>
   </div>
   <div class='ocr_carea' id='block_1_109' title="bbox 1972 5536 3558 5618">
    <p class='ocr_par' dir='ltr' id='par_1_109' title="bbox 1972 5536 3558 5618">
     <span class='ocr_line' id='line_1_109' title="bbox 1972 5536 3558 5618; baseline -0.005 -20"><span class='ocrx_word' id='word_1_838' title='bbox 1972 5543 2421 5618; x_wconf 87' lang='lat' dir='ltr'><strong>quemadmodum</strong></span> <span class='ocrx_word' id='word_1_839' title='bbox 2452 5541 2592 5598; x_wconf 89' lang='lat' dir='ltr'><strong>servi</strong></span> <span class='ocrx_word' id='word_1_840' title='bbox 2620 5540 2842 5612; x_wconf 80' lang='lat' dir='ltr'><strong>fugitivi,</strong></span> <span class='ocrx_word' id='word_1_841' title='bbox 2871 5539 3077 5597; x_wconf 86' lang='lat' dir='ltr'><strong>etiamsi</strong></span> <span class='ocrx_word' id='word_1_842' title='bbox 3096 5539 3311 5594; x_wconf 92' lang='lat' dir='ltr'><strong>domum</strong></span> <span class='ocrx_word' id='word_1_843' title='bbox 3335 5536 3558 5592; x_wconf 86' lang='lat' dir='ltr'><strong>herilem</strong></span> 
     </span>
    </p>
   </div>
   <div class='ocr_carea' id='block_1_110' title="bbox 1976 5627 3566 5708">
    <p class='ocr_par' dir='ltr' id='par_1_110' title="bbox 1976 5627 3566 5708">
     <span class='ocr_line' id='line_1_110' title="bbox 1976 5627 3566 5708; baseline -0.008 -14"><span class='ocrx_word' id='word_1_844' title='bbox 1976 5637 2320 5708; x_wconf 91' lang='lat' dir='ltr'><strong>relinquant,</strong></span> <span class='ocrx_word' id='word_1_845' title='bbox 2352 5643 2596 5690; x_wconf 89' lang='lat' dir='ltr'><strong>catenam</strong></span> <span class='ocrx_word' id='word_1_846' title='bbox 2628 5647 2808 5688; x_wconf 86' lang='lat' dir='ltr'><strong>secum</strong></span> <span class='ocrx_word' id='word_1_847' title='bbox 2838 5629 3059 5686; x_wconf 87' lang='lat' dir='ltr'><strong>trahunt</strong></span> <span class='ocrx_word' id='word_1_848' title='bbox 3085 5646 3100 5682; x_wconf 87' lang='lat'><strong>:</strong></span> <span class='ocrx_word' id='word_1_849' title='bbox 3134 5629 3203 5684; x_wconf 88' lang='lat' dir='ltr'><strong>ita</strong></span> <span class='ocrx_word' id='word_1_850' title='bbox 3231 5637 3286 5684; x_wconf 91' lang='lat' dir='ltr'><strong>et</strong></span> <span class='ocrx_word' id='word_1_851' title='bbox 3313 5627 3566 5684; x_wconf 80' lang='lat' dir='ltr'><strong>mulieres</strong></span> 
     </span>
    </p>
   </div>
   <div class='ocr_carea' id='block_1_111' title="bbox 1975 5721 3560 5800">
    <p class='ocr_par' dir='ltr' id='par_1_111' title="bbox 1975 5721 3560 5800">
     <span class='ocr_line' id='line_1_111' title="bbox 1975 5721 3560 5800; baseline -0.009 -11"><span class='ocrx_word' id='word_1_852' title='bbox 1975 5727 2185 5790; x_wconf 84' lang='lat' dir='ltr'><strong>etiamsi</strong></span> <span class='ocrx_word' id='word_1_853' title='bbox 2213 5743 2357 5787; x_wconf 75' lang='lat' dir='ltr'><strong>viros</strong></span> <span class='ocrx_word' id='word_1_854' title='bbox 2382 5727 2719 5800; x_wconf 80' lang='lat' dir='ltr'><strong>relinquant,</strong></span> <span class='ocrx_word' id='word_1_855' title='bbox 2753 5722 2923 5798; x_wconf 80' lang='lat' dir='ltr'><strong>legem</strong></span> <span class='ocrx_word' id='word_1_856' title='bbox 2968 5721 3165 5778; x_wconf 80' lang='lat' dir='ltr'><strong>habent</strong></span> <span class='ocrx_word' id='word_1_857' title='bbox 3190 5733 3292 5794; x_wconf 87' lang='lat' dir='ltr'><strong>pro</strong></span> <span class='ocrx_word' id='word_1_858' title='bbox 3332 5727 3520 5777; x_wconf 79' lang='lat' dir='ltr'><strong>catena</strong></span> <span class='ocrx_word' id='word_1_859' title='bbox 3545 5755 3560 5783; x_wconf 86' lang='lat'><strong>.</strong></span> 
     </span>
    </p>
   </div>
  </div>
