4110 6198
538 289 647 347 219

544 419 607 462 se
628 413 1033 477 persequentem
1076 412 1133 459 et
1165 402 1414 458 adulterii
1452 411 1789 459 accusantem
1809 444 1826 469 ,
1857 418 2119 459 accusan-

541 506 648 553 tem
688 497 847 553 etiam
887 510 1041 562 eum,
1069 495 1159 565 qui
1203 495 1447 559 duxerit,
1491 510 1555 550 ac
1593 495 1859 552 dicentem
1889 514 1903 550 :
1934 496 2124 552 Adhuc

539 596 782 658 superest
821 586 1080 650 maritus,
1133 594 1190 642 et
1240 586 1444 641 facinus
1494 587 1596 642 hoc
1649 585 1968 642 adulterium
2018 596 2122 642 est.

542 679 731 735 Mulier
770 679 902 733 enim
945 677 1188 732 adstricta
1222 688 1296 732 est
1341 677 1468 749 legi,
1495 678 1664 749 quoad
1703 679 1883 734 uixerit
1913 679 2126 734 maritus

470 806 473 809 η
540 770 696 824 illius.
728 767 798 823 Et
816 769 979 823 omnis
993 768 1080 840 qui
1102 768 1361 824 dimissam
1377 769 1599 835 duxerit,
1618 770 1896 824 machatur
1911 769 2122 843 (Matth.

538 863 596 917 5.
632 861 753 933 52).
800 861 1025 931 Quando
1067 861 1226 932 igitur
1263 860 1443 916 licebit
1492 861 1568 914 illi
1601 861 1865 937 secundas
1914 862 2126 931 nuptias

539 952 898 1008 contrahere?
924 951 1172 1020 Quando?
1199 950 1344 1005 Tune
1373 950 1460 1005 ubi
1489 965 1518 1004 a
1545 961 1731 1006 catena
1760 951 1980 1005 liberata
2007 952 2123 1005 fue-

541 1045 609 1098 rit
634 1083 651 1109 ,
678 1044 896 1114 quando
922 1044 1005 1098 vir
1056 1043 1335 1098 morietur.
1366 1042 1479 1097 lloc
1510 1042 1667 1113 igitur
1712 1043 1990 1098 declarans
2020 1059 2125 1097 nun

541 1133 764 1197 addidit,
793 1133 946 1202 Quod
994 1134 1038 1187 si
1084 1142 1326 1188 mortuus
1358 1132 1512 1187 fuerit
1545 1134 1627 1187 vir
1654 1134 1819 1197 illius,
1852 1134 2017 1189 libera
2043 1143 2131 1189 est

542 1225 628 1280 cui
658 1225 886 1281 voluerit
907 1226 1109 1281 nubere
1134 1244 1148 1281 :
1176 1226 1293 1291 sed,
1319 1226 1382 1281 Si
1409 1236 1575 1280 autent
1593 1228 1851 1282 dormierit
1873 1228 1947 1280 vir
1969 1228 2122 1292 illius,

542 1319 692 1388 quasi
722 1319 1007 1374 consolans
1033 1319 1244 1373 viduam
1267 1361 1282 1385 ,
1316 1328 1369 1374 et
1397 1319 1725 1389 persuadens
1749 1334 1966 1375 manere
1989 1319 2127 1389 apud

548 1411 779 1479 priorem
802 1450 818 1472 ,
844 1418 898 1465 et
942 1423 1048 1463 non
1072 1409 1366 1479 adjungere
1385 1410 1678 1465 secundum
1709 1411 1977 1465 maritum.
2010 1410 2127 1465 Non

543 1510 785 1556 mortuus
810 1510 892 1556 est
915 1542 931 1567 ,
955 1501 1154 1571 inquit,
1182 1501 1263 1554 vir
1293 1511 1414 1555 tuus
1437 1542 1451 1565 ,
1477 1501 1570 1555 sed
1619 1500 1961 1556 obdormivit.
2001 1502 2130 1569 Quis

543 1592 897 1649 dormientem
924 1607 1032 1647 non
1063 1592 1422 1659 prmstolatur?
1445 1592 1734 1660 Propterea
1764 1592 1918 1657 dixit,
1951 1592 2008 1648 Si
2040 1610 2133 1646 au-

544 1692 641 1737 tem
666 1682 944 1747 dormierit,
973 1682 1128 1737 libera
1153 1691 1224 1737 est
1251 1683 1331 1735 cui
1360 1682 1574 1737 uoluerit
1600 1682 1801 1737 nubere.
1831 1683 1945 1738 Non
1972 1683 2127 1748 dixit,

544 1772 757 1839 Nubat,
791 1782 846 1826 ut
876 1788 942 1826 ne
984 1772 1227 1826 videatur
1252 1773 1357 1826 vim
1391 1772 1567 1828 facere
1615 1784 1668 1829 et
1695 1789 1888 1845 cogere
1914 1792 1929 1828 :
1959 1789 2131 1843 neque

548 1863 820 1933 prohibuit
842 1864 1109 1918 volentem
1132 1863 1391 1919 secundas
1420 1866 1631 1934 nuptias
1656 1866 1976 1922 contrahere
2001 1884 2013 1919 :
2038 1881 2134 1921 ne-

545 1970 647 2025 que
669 1954 932 2009 nolentem
956 1954 1267 2009 adhortatus
1296 1964 1397 2021 est,
1415 1956 1510 2012 sed
1534 1956 1703 2027 legem
1725 1958 1871 2028 legit,
1900 1958 2081 2013 dicens
2113 1974 2128 2015 :

546 2045 727 2101 Libera
775 2054 849 2100 est
887 2047 969 2099 cui
1012 2046 1223 2100 voluerit
1257 2048 1457 2102 nubere.
1492 2048 1737 2104 Liberam
1781 2058 1956 2104 autem
1987 2050 2132 2104 illam

546 2146 668 2208 post
696 2138 790 2193 viri
831 2146 1054 2194 inertem
1087 2152 1208 2193 esse
1250 2137 1440 2193 factam
1471 2140 1686 2206 dicens,
1718 2142 1988 2206 ostendit,
2020 2157 2135 2197 ser-

548 2246 666 2287 vam
696 2247 813 2288 eam
844 2241 1000 2287 antea
1026 2236 1201 2292 adhuc
1225 2237 1435 2292 vivente
1463 2235 1654 2288 marito
1681 2235 1863 2297 fuisse;
1892 2249 2011 2303 quae
2040 2250 2133 2288 au-

548 2332 657 2379 tem
680 2341 832 2380 serva
853 2335 956 2389 est.
977 2344 1039 2384 ac
1062 2329 1272 2384 subdita
1291 2329 1417 2400 legi,
1445 2328 1651 2382 etiamsi
1680 2328 1872 2382 millies
1894 2326 2133 2382 libellum

546 2414 751 2483 repudii
782 2418 1029 2487 accipiat,
1056 2418 1301 2474 adulterii
1344 2418 1597 2488 ligabitur
1625 2416 1762 2487 lege.
1806 2415 1939 2470 Nam
1966 2416 2134 2470 servis

546 2507 758 2577 quidem
793 2507 914 2563 licet
942 2518 1149 2565 mutare
1188 2508 1435 2564 dominos
1463 2509 1734 2572 viventes,
1762 2507 1911 2562 uxori
1955 2515 2132 2560 autem

548 2615 654 2654 non
699 2600 880 2654 licebit
918 2601 1064 2654 viros
1103 2609 1464 2663 commutare,
1498 2599 1708 2652 vivente
1737 2609 1835 2650 suo
1863 2614 1877 2650 :
1910 2611 2031 2650 nam
2081 2591 2133 2650 id

548 2690 864 2745 adulterium
892 2698 1058 2746 esset.
1102 2690 1180 2746 Ne
1210 2690 1338 2744 mihi
1368 2691 1514 2758 leges
1559 2689 1626 2743 ab
1652 2688 1854 2743 exteris
1891 2686 2135 2741 conditas

548 2782 714 2849 legas.
742 2782 1110 2851 prmcipientes
1152 2781 1265 2835 dari
1315 2780 1553 2834 libellum
1586 2778 1826 2848 repudii,
1855 2785 1909 2832 et
1932 2776 2133 2832 divelli.

548 2871 730 2943 Neque
755 2873 897 2927 enim
927 2872 1076 2941 juxta
1105 2871 1222 2926 illas
1245 2871 1578 2941 jutlicaturus
1614 2878 1696 2925 est
1727 2879 1779 2924 te
1807 2870 1948 2924 Deus
1970 2869 2020 2922 in
2048 2867 2135 2923 die

549 2963 658 3025 illa,
686 2963 779 3018 sed
810 2962 1102 3017 secundum
1129 2977 1219 3016 eas
1239 3003 1254 3026 ,
1285 2976 1416 3032 quas
1438 2962 1552 3029 ipse
1587 2960 1789 3014 statuit.
1836 2958 2007 3013 Etiam
2038 2974 2139 3014 ex-

550 3064 717 3110 terna:
743 3055 889 3125 leges
916 3070 1025 3109 non
1051 3054 1385 3123 simpliciter,
1419 3068 1517 3107 nec
1543 3052 1787 3107 absolute
1814 3052 1913 3105 hoc
1939 3060 2133 3120 posue-

554 3154 682 3201 runt
709 3163 724 3201 :
755 3161 876 3200 nam
914 3153 969 3200 et
1018 3146 1147 3214 ipsa:
1178 3144 1403 3214 puniunt
1432 3142 1626 3198 factum
1647 3182 1663 3209 ,
1692 3152 1746 3197 et
1776 3142 1899 3197 hinc
1938 3142 2135 3209 liquet,

551 3251 646 3295 eas
667 3246 943 3307 peccatum
973 3234 1125 3307 valde
1145 3249 1286 3305 aegre
1313 3234 1516 3290 tulisse.
1548 3231 1698 3290 Unde
1722 3248 1838 3288 eam
1856 3269 1871 3297 ,
1897 3247 2016 3302 quite
2037 3246 2137 3285 au-

547 3337 666 3384 ctor
693 3326 852 3385 fuerit
880 3325 1087 3397 repudii
1109 3367 1124 3391 ,
1148 3324 1345 3380 nudam
1371 3334 1427 3380 et
1473 3324 1752 3395 spoliatam
1801 3322 2138 3378 facultatibus

548 3420 790 3490 ejiciunt,
819 3428 875 3474 et
901 3432 1025 3474 eum
1050 3433 1080 3471 a
1124 3433 1231 3487 quo
1256 3417 1378 3472 data
1409 3414 1567 3471 fuerit
1595 3414 1962 3470 dissolutionis
1985 3426 2139 3467 occa.

550 3512 669 3576 sio,
699 3511 861 3566 etiam
916 3508 1223 3564 facultatum
1247 3508 1453 3578 jactura
1496 3507 1756 3577 puniunt,
1783 3515 1838 3561 et
1879 3520 2009 3560 sane
2037 3504 2140 3559 hoc

552 3601 828 3665 facientes,
856 3599 1052 3655 factum
1080 3599 1206 3655 illud
1230 3615 1334 3653 non
1364 3596 1828 3653 commendabant.

621 3692 678 3747 2.
704 3691 841 3759 Quid
872 3692 1056 3762 igitur?
1085 3693 1149 3746 Et
1173 3691 1348 3745 Moses
1367 3730 1381 3754 ,
1409 3691 1594 3756 aiunt,
1628 3689 1732 3744 hoc
1758 3689 1881 3743 fecit
1912 3704 1927 3741 :
1955 3697 2009 3742 et
2049 3687 2140 3744 ille

554 3793 776 3855 propter
817 3782 1060 3840 eamdem
1101 3782 1271 3852 ipsam
1300 3796 1539 3836 causam.
1569 3779 1648 3834 Tu
1677 3794 1806 3834 vero
1835 3778 1959 3833 audi
1980 3777 2139 3831 Chri-

554 3887 696 3930 stum
739 3873 1005 3930 dicentem
1031 3914 1047 3939 ,
1080 3871 1201 3927 Nisi
1240 3872 1570 3927 abundaverit
1586 3871 1794 3943 justitia
1832 3880 1993 3925 vestra
2024 3870 2141 3939 plus

554 3983 707 4037 quam
734 3964 1029 4021 Scribarum
1051 3974 1099 4019 et
1122 3964 1504 4019 Pltaristeorum
1521 4003 1538 4032 ,
1570 3980 1673 4018 non
1701 3963 1951 4016 intrabitis
1979 3963 2032 4016 in
2060 3976 2141 4015 re-

556 4074 708 4129 gnum
724 4058 961 4112 caelorum
980 4056 1193 4127 (Matth.
1217 4057 1271 4113 5.
1292 4055 1409 4124 20).
1424 4055 1559 4111 Audi
1588 4055 1735 4110 illum
1755 4068 1939 4109 rursus
1952 4054 2141 4109 dicen-

558 4160 664 4205 tem
695 4165 709 4202 :
741 4148 840 4216 Qui
866 4147 1111 4202 dimiserit
1137 4163 1346 4202 mrem
1367 4162 1512 4203 suam
1529 4187 1545 4212 ,
1571 4155 1778 4218 excepta
1816 4161 1971 4199 causa
1995 4143 2144 4197 adul-

558 4241 670 4296 terii
690 4280 707 4306 ,
742 4241 863 4313 facit
911 4240 1057 4294 illam
1097 4238 1383 4294 adulteram
1423 4238 1535 4309 ﬁeri
1564 4253 1582 4291 :
1608 4249 1656 4292 et
1684 4237 1771 4308 qui
1803 4237 2062 4291 dimissam
2090 4235 2143 4291 in

557 4349 768 4387 uxorem
807 4332 1041 4399 duxerit,
1080 4332 1281 4386 adulter
1307 4332 1363 4401 ﬁt
1393 4329 1604 4403 (Matth.
1646 4329 1702 4385 5.
1752 4328 1865 4395 52).
1917 4327 2145 4398 Propter

558 4425 661 4479 hoc
704 4424 852 4481 venit
898 4423 1203 4494 unigenitus
1230 4423 1397 4478 Filius
1439 4422 1571 4487 Dei,
1611 4431 1828 4491 propter
1876 4422 1978 4476 hoc
2002 4420 2142 4475 servi

562 4517 786 4573 formam
802 4517 1108 4586 assumpsit,
1130 4524 1344 4585 propter
1368 4514 1468 4569 hoc
1487 4514 1797 4583 sanguinem
1816 4511 1992 4566 effudit
2027 4528 2147 4582 pre-

561 4609 789 4674 tiosum,
816 4618 1045 4667 mortem
1077 4607 1372 4673 destruxit,
1401 4614 1680 4677 peccatum
1728 4605 2012 4667 exstinxit,
2039 4605 2146 4659 lar-

560 4697 763 4768 giorem
780 4697 1011 4767 Spiritus
1036 4698 1257 4767 gratiam
1285 4697 1449 4762 dedit,
1483 4705 1541 4752 ut
1564 4697 1630 4752 ad
1653 4695 1822 4764 majus
1855 4705 1907 4751 te
1935 4696 2147 4766 sapien-

562 4789 651 4844 tiai
692 4788 926 4845 studium
974 4789 1266 4850 induceret.
1298 4790 1445 4845 Alias
1494 4789 1655 4844 etiam
1703 4788 1878 4843 Moses
1922 4802 2029 4843 non
2075 4788 2145 4842 ita

564 4878 877 4950 simpliciter
902 4879 1074 4950 legem
1100 4879 1238 4936 hanc
1262 4880 1411 4946 tulit,
1442 4879 1537 4936 sed
1563 4894 1685 4935 cum
1711 4887 1996 4949 cogeretur
2023 4892 2145 4933 sese

562 4979 919 5041 attemperare
961 4986 1146 5027 eorum
1190 4972 1382 5042 quibus
1425 4971 1592 5040 legem
1617 4969 1798 5037 dabat,
1829 4968 2142 5023 infirmitati.

565 5062 698 5119 Nam
726 5063 978 5133 quoniam
1008 5063 1074 5118 ad
1102 5062 1277 5118 ezedes
1302 5061 1531 5133 prompti
1560 5070 1734 5127 erant,
1760 5067 1816 5115 et
1839 5058 2026 5115 domos
2051 5073 2145 5114 co-

562 5163 724 5223 gnato
744 5153 1026 5223 replebant
1051 5154 1308 5223 sanguine
1324 5191 1345 5218 ,
1374 5161 1429 5207 et
1456 5167 1629 5221 neque
1653 5152 1788 5216 suis,
1818 5165 1992 5222 neque
2016 5150 2149 5205 alie-

564 5245 648 5298 nis
688 5244 1011 5313 parcebant,
1038 5259 1108 5298 ne
1139 5244 1280 5298 intus
1321 5243 1629 5298 occiderent
1660 5257 1853 5297 uxores
1875 5283 1893 5309 ,
1920 5258 2038 5313 quae
2061 5242 2145 5296 in-

561 5342 726 5403 grata:
755 5343 908 5389 erant
929 5374 945 5399 ,
979 5335 1229 5404 praecepit
1270 5334 1412 5389 foras
1436 5334 1756 5400 mittendas,
1787 5349 1893 5406 quo
1934 5334 2146 5405 gravius

566 5425 797 5489 malum,
854 5440 1046 5496 nempe
1103 5426 1508 5481 Itomicidiorum
1568 5425 1789 5481 facilitas
1844 5426 2143 5481 tolleretur.

566 5514 708 5572 Sane
728 5516 868 5587 quod
889 5517 1166 5573 homicidae
1187 5518 1401 5585 fuerint,
1423 5518 1545 5573 audi
1571 5517 1856 5588 prophetas
1873 5518 2146 5574 dicentes:

569 5606 913 5676 {Ediﬁeantes
942 5610 1071 5667 Sion
1096 5611 1151 5665 in
1187 5612 1452 5682 sanguine,
1480 5620 1526 5666 et
1553 5608 1840 5664 Jerusalem
1870 5610 1919 5663 in
1942 5609 2132 5680 injusti-

566 5700 646 5753 liis
688 5699 872 5772 (Miclt.
913 5703 967 5757 ὅ.
1023 5702 1153 5772 1Ο);
1185 5712 1239 5760 et
1277 5705 1470 5760 iterum
1502 5720 1516 5759 :
1548 5701 1862 5774 Sanguinem
1899 5699 2139 5773 sanguini

1282 287 1339 345 ε.
1378 287 1654 345 JOANNIS
1679 286 2152 345 CHRYSOSTOMI
2189 289 2506 350 ARClllEP.
2544 294 3072 355 CONSTANTINOP.

3711 312 3821 369 220

2237 404 2444 458 miscent
2465 406 2618 475 (Osee
2664 409 2717 463 4.
2744 409 2822 481 2);
2853 421 2907 466 et
2936 412 3365 470 iterumdlanus
3384 426 3561 473 vestra
3574 425 3823 492 sanguine

2234 496 2394 549 olente
2427 496 2579 566 (Isai
2624 500 2675 553 l.
2705 501 2834 569 l5).
2868 502 2932 556 Et
2960 503 3101 573 quod
3141 519 3247 559 non
3267 505 3441 561 solum
3466 519 3650 565 contra
3676 513 3823 567 alie-

2233 603 2370 653 nos,
2426 588 2519 642 sed
2569 590 2730 644 etiam
2784 603 2969 647 contra
3011 610 3140 650 suos
3183 597 3492 665 saevierint,
3522 599 3592 655 ita
3639 605 3820 658 maui-

2232 676 2431 732 festaus
2474 682 2730 748 propheta
2787 681 2998 738 dicebat
3039 704 3053 741 :
3091 683 3479 743 (inmolaverunt
3528 690 3664 760 filios
3696 711 3819 750 suos

2231 778 2276 821 et
2318 768 2454 837 ﬁlias
2504 787 2623 824 suas
2664 771 2928 828 dwtttoniis
2957 773 3129 846 (Psal.
3169 777 3293 834 105.
3345 781 3459 851 57).
3489 781 3589 849 Qui
3638 796 3817 841 autem

2233 874 2337 912 non
2371 862 2656 929 parcebant
2701 863 2916 929 liberis,
2949 867 3128 937 utique
3174 883 3275 924 nec
3315 872 3568 927 uxoribus
3620 889 3821 947 peper-

2232 950 2449 1006 cissent.
2486 952 2554 1009 Ut
2596 969 2664 1008 ne
2710 955 2887 1025 itaque
2917 956 3018 1011 hoc
3041 958 3348 1026 accideret,
3377 961 3505 1017 illud
3554 969 3817 1033 permisit.

2305 1040 2659 1110 Inseparabile
2698 1046 3077 1101 matrimonium
3100 1049 3165 1103 ab
3197 1050 3363 1104 initio.
3391 1081 3463 1091 —
3481 1051 3822 1124 Quapropter

2232 1141 2287 1186 et
2319 1131 2565 1188 Christus
2611 1133 2812 1190 Judaeis
2842 1138 3168 1207 rogantibus,
3211 1149 3267 1196 et
3309 1141 3608 1200 dicentibus
3640 1144 3825 1210 ποιω-

2233 1223 2382 1277 modo
2454 1226 2611 1295 igitur
2661 1225 2830 1281 Moses
2901 1230 3129 1298 permisit
3172 1232 3297 1285 dare
3344 1234 3568 1289 libellum
3621 1238 3821 1307 repudii

2238 1312 2447 1381 (Matth.
2477 1316 2563 1371 19.
2589 1316 2678 1388 7)?
2712 1319 2999 1374 ostendens
3025 1322 3167 1391 quod
3217 1339 3320 1377 non
3348 1328 3671 1381 contrariam
3706 1343 3821 1383 sua:

2235 1404 2402 1474 legem
2428 1405 2604 1461 terens
2643 1408 2714 1462 ita
2756 1411 3052 1481 scripserit,
3083 1412 3224 1467 dixit
3257 1414 3464 1470 :lloses
3497 1418 3651 1488 juxta
3675 1419 3823 1472 duri-

2233 1496 2355 1547 tiam
2381 1496 2547 1550 cordis
2569 1500 2715 1551 vestri
2736 1498 2974 1569 loquutus
2999 1513 3105 1566 est,
3133 1503 3194 1557 ab
3215 1504 3358 1559 initio
3385 1515 3553 1560 autem
3588 1524 3687 1563 non
3712 1518 3823 1565 erat

2234 1585 2306 1639 sic
2334 1585 2494 1658 (Ibid.
2518 1604 2565 1643 υ.
2595 1589 2649 1658 8)
2672 1604 2688 1654 ;
2716 1590 2804 1643 sed
2829 1592 2915 1660 qui
2936 1591 3055 1660 fecit
3079 1593 3141 1646 ab
3171 1594 3337 1663 initio,
3365 1598 3646 1651 masculum
3669 1609 3714 1654 et
3744 1605 3823 1672 fe-

2234 1679 2425 1732 minam
2450 1679 2565 1749 fecit
2591 1680 2708 1736 illos
2739 1680 2846 1754 (lb.
2870 1698 2918 1736 υ.
2941 1685 3018 1752 4).
3047 1685 3103 1740 Si
3133 1685 3235 1741 hoc
3261 1688 3459 1743 bonum
3494 1688 3699 1757 fuisset,
3733 1694 3822 1747 iu-

2234 1772 2367 1841 quit,
2398 1786 2503 1827 non
2550 1789 2712 1831 unum
2749 1776 2921 1830 virum
2964 1786 3019 1833 et
3048 1794 3206 1833 unam
3251 1781 3528 1836 mulierem
3556 1782 3818 1851 fecisset,

2236 1864 2330 1919 sed
2377 1880 2485 1921 uno
2523 1866 2692 1921 Adam
2738 1868 2954 1923 condito
2997 1869 3131 1924 duas
3179 1869 3392 1927 fecisset
3446 1874 3728 1939 mulieres,
3771 1877 3820 1931 si

2236 1954 2449 2024 quidem
2497 1956 2754 2011 voluisset
2796 1974 2956 2012 unam
2987 1960 3200 2029 quidem
3232 1963 3353 2031 cjici
3376 2001 3392 2028 ,
3441 1963 3663 2018 alteram
3689 1980 3821 2019 vero

2240 2045 2455 2111 induci;
2490 2061 2630 2100 nunc
2654 2062 2784 2101 vero
2807 2048 2922 2117 ipso
2959 2048 3292 2105 formationis
3342 2051 3502 2107 modo
3531 2053 3703 2122 legem
3736 2054 3823 2107 in-

2236 2137 2407 2203 duxit,
2439 2153 2596 2207 quam
2624 2153 2725 2208 ego
2770 2154 2911 2193 nunc
2959 2141 3158 2196 scribo.
3207 2141 3274 2196 Et
3311 2158 3555 2211 quaenam
3579 2154 3666 2200 est
3692 2144 3823 2199 illa?

2237 2226 2363 2282 llaec
2388 2229 2599 2298 utique,
2641 2230 2768 2283 Eam
2799 2230 2899 2285 sibi
2940 2231 3165 2301 quisque
3195 2248 3414 2287 uxorem
3471 2244 3650 2289 servet
3674 2250 3821 2289 sem-

2238 2335 2353 2388 per,
2383 2335 2541 2389 quam
2596 2320 2745 2375 initio
2796 2323 3017 2377 sortitus
3069 2332 3168 2377 est.
3221 2324 3343 2379 llaec
3394 2325 3476 2380 lex
3532 2327 3820 2397 antiquior,

2239 2427 2396 2481 quam
2425 2413 2513 2467 illa
2558 2412 2624 2467 de
2655 2413 2837 2468 libello
2865 2415 3092 2485 repudii,
3123 2425 3175 2471 et
3219 2426 3384 2478 tanto.
3415 2428 3613 2489 quanto
3652 2420 3823 2474 Adam

2239 2502 2356 2572 ipso
2386 2503 2550 2559 Mosa.
2600 2505 2663 2559 Et
2693 2506 2892 2563 idcirco
2922 2523 3063 2563 nunc
3092 2509 3222 2563 nihil
3253 2525 3451 2565 novum
3492 2521 3687 2575 sector,
3716 2527 3817 2566 ne-

2238 2607 2343 2661 que
2383 2596 2659 2665 peregrina
2699 2595 2863 2651 affero
2907 2597 3120 2653 decreta
3147 2641 3161 2664 ,
3193 2601 3303 2655 sed
3330 2601 3476 2657 Mose
3523 2603 3824 2673 antiquiora

2238 2691 2292 2738 et
2320 2684 2516 2753 priora.
2547 2684 2738 2756 Operm
2791 2697 2968 2743 autem
3010 2691 3235 2758 pretium
3285 2690 3440 2745 fuerit
3476 2701 3530 2746 et
3556 2692 3712 2747 Mosis
3741 2693 3827 2747 le-

2237 2788 2356 2844 gem
2389 2774 2553 2840 illam,
2580 2792 2738 2846 quam
2768 2776 2835 2832 de
2880 2778 2979 2833 hac
3007 2795 3065 2834 re
3096 2781 3311 2849 posuit,
3342 2782 3525 2837 audire
3550 2800 3564 2835 :
3588 2782 3823 2854 Siquis,

2241 2865 2447 2935 inquit,
2478 2870 2723 2935 acceperit
2781 2884 2986 2922 tutorem
3011 2912 3026 2935 ,
3067 2879 3113 2923 et
3151 2871 3443 2925 habitaverit
3485 2889 3596 2926 cum
3639 2873 3753 2933 illa;
3778 2883 3828 2927 et

2239 2957 2356 3023 erit,
2383 2956 2428 3010 si
2447 2973 2545 3009 non
2566 2956 2805 3010 invenerit
2838 2958 3053 3029 gratiam
3074 2976 3243 3012 coram
3270 2959 3360 3013 illo
3380 3001 3395 3024 ,
3424 2963 3542 3032 quia
3566 2963 3753 3015 inuenit
3773 2963 3827 3015 iit

2239 3046 2332 3100 illa
2382 3048 2711 3117 turpitudinis
2739 3065 2883 3115 rem,
2915 3050 3096 3105 scribet
3139 3053 3217 3106 illi
3254 3052 3476 3107 libellum
3515 3054 3749 3122 repudii,
3777 3064 3827 3108 et

2241 3138 2378 3192 dabit
2420 3140 2473 3193 in
2515 3156 2695 3194 manus
2742 3142 2850 3211 ejus
2873 3140 3047 3211 (Deut.
3073 3141 3164 3196 24.
3197 3143 3275 3211 1).
3304 3142 3456 3207 Vide,
3496 3159 3600 3198 non
3651 3144 3820 3209 dixit,

2239 3226 2468 3284 Scribito
2498 3237 2554 3284 et
2580 3229 2725 3296 dato,
2753 3232 2844 3286 sed
2864 3232 3015 3302 quid?
3041 3232 3234 3288 Scribat
3256 3234 3333 3287 illi
3353 3235 3577 3288 libellum
3598 3235 3821 3304 repudii,

2241 3327 2287 3371 et
2325 3320 2464 3373 dabit
2507 3321 2560 3374 in
2586 3337 2765 3375 manus
2790 3323 2918 3393 ejus.
2968 3322 3212 3393 Magnum
3253 3332 3430 3378 autem
3478 3324 3615 3378 inter
3645 3324 3746 3379 hoc
3773 3335 3828 3379 et

2242 3407 2371 3465 illud
2397 3410 2683 3465 discrimen
2708 3429 2722 3465 :
2747 3427 2869 3465 nam
2917 3412 3127 3478 dicere,
3163 3412 3374 3469 Scribat
3395 3414 3630 3468 libellum
3661 3429 3823 3484 repu.

2241 3499 2336 3563 dii,
2364 3510 2418 3556 et
2442 3501 2535 3556 det
2561 3501 2613 3555 in
2633 3517 2821 3556 manus
2846 3503 2962 3572 ejus
2984 3544 2999 3569 ,
3026 3504 3261 3573 jubentis
3298 3518 3361 3558 ac
3384 3505 3694 3573 imperantis
3722 3517 3822 3569 est;

2244 3591 2420 3648 dicere
2446 3601 2643 3659 autem,
2675 3593 3116 3649 Scribet-libellum
3152 3595 3370 3665 repudii,
3402 3606 3446 3649 et
3475 3596 3613 3650 dabit
3634 3604 3687 3651 tn
3714 3613 3821 3649 mae

2245 3698 2341 3736 nus
2366 3683 2495 3752 ejus,
2516 3684 2882 3739 annuntiantis
2908 3686 3191 3749 factum,et
3220 3700 3324 3740 non
3353 3687 3620 3756 propriam
3650 3688 3824 3756 legem

2245 3775 2632 3831 introducentis
2667 3785 2768 3831 est.
2805 3776 2984 3847 Igitur,
3014 3777 3076 3832 Si
3096 3779 3224 3848 quis,
3251 3779 3360 3846 ait,
3384 3779 3551 3850 ejiciat
3571 3795 3785 3832 uxorem
3808 3816 3825 3843 ,

2245 3874 2290 3921 et
2314 3867 2533 3921 dimittat
2566 3868 2707 3922 illaut
2749 3885 2813 3923 ea:
2831 3869 2980 3924 domo
3006 3886 3136 3924 sua:
3158 3880 3203 3924 et
3232 3887 3346 3924 cum
3371 3871 3549 3925 abierit
3574 3911 3590 3939 ,
3612 3872 3658 3924 si
3675 3872 3829 3941 fuerit

2245 3960 2391 4013 alteri
2418 3960 2546 4026 viro,
2577 3970 2624 4013 et
2651 3960 2768 4014 odio
2792 3959 2934 4014 illam
2955 3960 3183 4014 [tabuerit
3211 3962 3360 4014 etiam
3387 3961 3463 4015 vir
3491 3961 3758 4032 posterior,
3782 3969 3830 4014 e‘.‘

2244 4052 2500 4122 scripserit
2546 4051 2625 4105 illi
2655 4052 2877 4106 libellum
2897 4053 3097 4123 repudii
3117 4095 3133 4116 ,
3158 4063 3202 4106 et
3224 4053 3415 4107 dederit
3438 4054 3491 4107 in
3515 4070 3692 4106 manus
3717 4053 3831 4122 ejus

2246 4150 2293 4195 et
2312 4142 2503 4195 emittat
2525 4141 2667 4196 illaut
2691 4158 2753 4197 ea:
2768 4142 2917 4197 domo
2934 4159 3026 4196 sua
3044 4159 3063 4196 :
3085 4143 3129 4198 si
3153 4153 3376 4197 mortuus
3403 4145 3552 4215 fuerit
3572 4143 3709 4197 illius
3729 4144 3829 4205 vir,

2247 4233 2334 4303 qui
2361 4233 2553 4302 accepit
2572 4233 2666 4287 sibi
2684 4234 2824 4288 illaut
2852 4250 3058 4289 uxorem
3082 4276 3096 4297 ,
3129 4252 3228 4288 non
3256 4236 3435 4304 poterit
3460 4236 3534 4288 uir
3561 4234 3721 4304 prior,
3743 4232 3834 4304 qui

2250 4323 2508 4376 dimiserat
2535 4324 2712 4388 illam,
2735 4322 2971 4378 reducere
2992 4360 3008 4390 ,
3037 4334 3083 4378 et
3112 4325 3338 4395 accipere
3370 4341 3480 4379 eam
3504 4324 3597 4378 sibi
3624 4325 3677 4377 in
3703 4339 3836 4377 ατοο

2248 4432 2354 4468 rem
2380 4414 2486 4486 (Ib.
2526 4433 2574 4470 υ.
2600 4415 2739 4489 2-4).
2778 4416 2979 4472 Deinde
3009 4427 3316 4472 monstrans
3355 4433 3414 4472 se
3460 4432 3565 4470 non
3612 4415 3831 4470 laudare

2250 4505 2465 4572 factum,
2491 4522 2663 4577 neque
2692 4507 2994 4577 conjugium
3026 4522 3146 4562 esse
3167 4517 3350 4578 putare
3369 4543 3387 4572 ,
3413 4506 3504 4560 sed
3538 4504 3847 4574 infirmitati

2249 4616 2434 4655 eorum
2458 4615 2577 4655 sese
2597 4610 2973 4671 attemperare.
3001 4609 3276 4669 postquam
3299 4599 3431 4653 dixit
3464 4616 3476 4652 :
3504 4597 3624 4651 Non
3646 4597 3833 4667 poterit

2250 4691 2327 4745 uir
2347 4692 2486 4761 prior
2508 4691 2737 4762 accipere
2769 4690 2913 4743 illaut
2936 4690 3030 4743 sibi
3053 4690 3105 4742 in
3147 4705 3353 4743 uxorem
3372 4728 3389 4756 ,
3411 4688 3611 4743 addidit
3635 4728 3650 4754 ,
3681 4686 3837 4740 Post»

2250 4798 2399 4852 quam
2421 4783 2619 4852 polluta
2638 4790 2709 4836 est
2728 4779 2833 4853 (Ib.
2863 4797 2908 4835 υ.
2936 4782 2990 4849 4)
3023 4798 3034 4832 :
3073 4780 3349 4834 declarans
3378 4794 3472 4848 per
3496 4777 3651 4846 hujus
3679 4777 3832 4833 verbi

2253 4872 2494 4936 tuodum,
2527 4870 2668 4942 quod
2696 4869 2946 4926 secunda:
2971 4870 3167 4940 nuptia:
3192 4908 3207 4936 ,
3241 4869 3446 4931 vivente
3471 4868 3651 4938 priore
3679 4868 3791 4920 viro
3810 4908 3831 4932 ,

2252 4962 2475 5033 pollutio
2528 4960 2696 5031 magis
2743 4961 2852 5015 sint
2901 4975 3059 5031 quam
3106 4959 3409 5028 conjugiutn
3441 4975 3453 5011 :
3480 4966 3696 5028 pr0pter
3728 4957 3831 5009 hoc

2255 5069 2359 5109 non
2390 5052 2556 5118 dixit,
2587 5052 2873 5121 Postquam
2898 5051 3040 5106 illam
3079 5050 3130 5105 in
3159 5063 3384 5104 uxorem
3408 5047 3640 5102 duxerit.
3671 5040 3836 5099 Vides

2252 5159 2409 5216 quam
2437 5157 2669 5198 consona
2696 5157 2816 5197 cum
2843 5139 3057 5195 Christo
3097 5138 3367 5209 loquatur?
3391 5137 3594 5192 Deinde
3622 5146 3675 5190 et
3706 5151 3834 5189 can-

2250 5252 2364 5291 sam
2396 5236 2637 5306 apposuit
2662 5275 2681 5299 ,
2709 5232 2860 5296 Quod
2879 5230 3182 5286 abominatio
3218 5230 3281 5286 sit
3309 5246 3481 5283 coram
3508 5222 3616 5283 Deo
3638 5226 3746 5301 (Ib.
3778 5244 3830 5281 ο.

2253 5330 2329 5398 4).
2353 5328 2422 5382 Ει
2451 5327 2621 5381 Moses
2648 5326 2862 5395 quidem
2890 5327 2966 5378 sic
2995 5340 3009 5381 :
3042 5322 3294 5392 propheta
3327 5331 3502 5376 autem
3549 5315 3838 5374 Malachias

2252 5418 2419 5474 multo
2446 5415 2796 5475 manifestius.
2818 5429 2975 5483 quam
3007 5412 3195 5475 Moses,
3221 5408 3322 5464 hoc
3344 5409 3699 5473 demonstrat;
3729 5408 3840 5461 imo

2254 5512 2428 5584 potius
2457 5525 2563 5564 non
2591 5506 2910 5569 Malachias,
2943 5503 3036 5559 sed
3069 5501 3204 5557 Deus
3234 5517 3325 5570 per
3365 5496 3676 5555 Malacbiam
3700 5540 3715 5564 ,
3752 5498 3841 5554 his

2254 5604 2450 5660 verbis.
2485 5599 2746 5670 Numquid
2771 5598 2976 5666 dignum
3016 5596 3264 5662 respicere
3303 5591 3370 5644 ad
3399 5592 3838 5658 sacriﬁciumve—-

2255 5706 2412 5752 stram
2435 5696 2458 5749 ?
2478 5694 2553 5749 vel
2572 5693 2792 5765 recipere
2819 5688 3125 5761 acceptabile
3150 5686 3212 5743 de
3239 5684 3471 5741 manibus
3497 5685 3673 5739 vestris
3699 5679 3837 5754 (Ma-
