4110 6198
346 387 437 442 221
1549 390 1636 446 DE
1664 389 1949 446 LIBELLO
1988 391 2281 450 REPUDII.
2317 395 2380 450 ll.

335 506 477 564 lucis.
507 505 563 559 2.
595 504 706 576 l3)?
731 514 787 559 et
811 519 930 560 cum
960 503 1074 558 hare
1103 502 1357 570 dixisset,
1393 503 1562 570 Quare
1581 504 1918 572 dereliquisti,

339 601 436 666 ait,
484 614 692 653 uxorem
746 597 1101 651 adolescentia:
1141 606 1244 652 tua:
1286 594 1447 668 (Ibid.
1479 612 1529 650 υ.
1563 596 1694 668 ll)?
1742 606 1924 667 postea

345 702 402 745 ut
421 690 667 746 ostendat
696 699 949 760 quantum
977 690 1046 744 sit
1071 689 1292 754 malum,
1319 699 1374 743 et
1394 704 1553 758 quam
1581 689 1828 760 indignus
1856 691 1928 742 sit

343 783 490 836 omni
524 784 676 837 venia
705 783 748 836 is
769 781 858 852 qui
889 783 988 836 hoc
1014 779 1160 847 fecit,
1193 781 1246 835 in
1273 781 1621 850 sequentibus
1641 782 1931 835 accusatio-

347 888 466 928 nem
493 881 681 941 auget,
709 873 785 926 sic
811 871 996 926 dicens
1024 889 1040 930 :
1065 870 1133 925 Et
1171 872 1268 925 ista
1294 871 1432 926 socia
1456 881 1544 924 tua
1562 914 1577 937 ,
1599 880 1646 925 et
1680 888 1812 925 uxor
1837 887 1925 939 pa-

349 965 410 1019 cti
440 964 534 1026 tui,
563 972 610 1016 et
637 962 864 1031 reliquid:
904 963 1112 1032 spiritus
1133 963 1242 1027 tui,
1266 972 1311 1015 et
1331 979 1432 1016 non
1457 964 1590 1016 alius
1617 963 1731 1034 fecit
1761 961 1926 1033 (ld.).

352 1054 481 1111 Vide
511 1062 705 1125 quanta
736 1055 955 1125 apponit
991 1054 1102 1124 iura
1133 1071 1146 1120 ;
1172 1055 1400 1124 primum
1429 1065 1672 1120 aatatem,
1701 1055 1884 1110 dicens
1911 1072 1928 1112 :

354 1148 496 1203 Uxor
539 1147 890 1201 adolescentia:
913 1158 1046 1213 tua;
1075 1147 1269 1202 deinde
1314 1148 1627 1202 societatem
1670 1147 1824 1212 vitat,
1853 1146 1934 1200 di-

353 1253 476 1294 cens
507 1256 522 1292 :
555 1238 620 1292 Et
658 1238 756 1292 ista
781 1238 918 1292 socia
947 1249 1071 1304 tua;
1095 1248 1277 1307 postea
1306 1239 1526 1294 modum
1554 1238 1892 1294 formationis
1914 1281 1928 1301 ,

351 1333 534 1387 dicens
583 1346 599 1385 ε
638 1331 883 1400 Reliquiae
924 1331 1133 1400 spiritus
1179 1332 1273 1386 tui.
1325 1329 1460 1403 [Non
1497 1332 1640 1385 enim
1679 1331 1748 1386 de
1790 1340 1932 1386 terra

350 1424 572 1479 formata
599 1413 693 1479 est
708 1425 845 1478 sicut
866 1422 1055 1488 Adam,
1082 1423 1174 1478 sed
1197 1422 1480 1478 deformati
1512 1437 1544 1477 e
1569 1432 1708 1477 terra
1740 1422 1930 1488 latere,

348 1525 402 1570 ct
430 1516 531 1570 hoc
557 1526 640 1570 est
664 1513 802 1586 quod
829 1513 976 1578 dicit,
996 1521 1374 1582 ἐγκατάλειμμα,
1400 1513 1462 1566 Et
1479 1514 1704 1584 reliquit:
1723 1515 1934 1586 spiritus

350 1609 422 1660 lui
450 1605 573 1680 (a).j

421 1701 475 1753 5.
507 1698 586 1752 Ad
609 1696 724 1750 lucc
747 1696 948 1761 omnia,
971 1695 1113 1765 quod
1143 1694 1391 1749 omnibus
1413 1695 1517 1750 illis
1545 1695 1718 1765 majus
1748 1694 1926 1756 fuerit,

350 1790 556 1844 accedit
580 1787 874 1842 conditoris
901 1786 1151 1856 dignitas.
1183 1785 1295 1840 Hoc
1314 1788 1456 1840 enim
1483 1788 1746 1855 signiﬁcat
1782 1786 1930 1850 illud,

354 1879 477 1934 Non
519 1880 652 1933 alius
680 1879 819 1949 fecit.
851 1877 966 1933 Non
1016 1888 1168 1947 potes
1193 1920 1207 1945 ,
1231 1879 1434 1948 inquit,
1474 1878 1656 1932 dicere
1675 1919 1690 1943 ,
1718 1877 1857 1947 quod
1887 1886 1936 1930 te

349 1971 564 2042 quidem
611 1971 752 2026 Deus
801 1970 954 2038 fecit,
983 1971 1124 2025 illam
1158 1985 1287 2025 vero
1334 1985 1438 2024 non
1469 1970 1642 2035 Deus,
1671 1969 1767 2025 sed
1798 1970 1936 2024 alius

348 2063 562 2135 quidam
610 2063 702 2134 illo
731 2062 978 2126 inferior;
1007 2063 1099 2118 sed
1129 2079 1264 2118 unus
1294 2073 1350 2118 et
1393 2063 1530 2118 idem
1580 2073 1835 2134 utrosque
1879 2071 1938 2116 ut

349 2164 531 2211 essent
550 2155 838 2226 produxit:
868 2163 924 2209 et
952 2155 1020 2208 ita
1051 2155 1299 2224 quamvis
1328 2155 1458 2208 nihil
1489 2155 1664 2220 aliud,
1697 2154 1799 2209 hoc
1819 2153 1932 2208 sal-

351 2258 458 2303 tcm
487 2246 748 2302 reveritus
771 2289 785 2311 ,
808 2246 1084 2299 caritatem
1113 2260 1236 2315 erga
1270 2245 1414 2299 illam
1446 2245 1675 2300 custodi.
1706 2244 1839 2298 Nam
1887 2243 1934 2298 si

349 2354 493 2409 saepe
518 2342 620 2392 hoc
648 2337 817 2391 servis
843 2335 1173 2406 litigantibus
1215 2345 1410 2389 mutua:
1437 2335 1743 2391 dilectionis
1771 2349 1932 2389 causa

350 2431 468 2495 fuit,
500 2431 623 2501 quia
656 2429 814 2483 ambo
837 2429 922 2481 uni
946 2435 1001 2481 et
1022 2427 1194 2482 eidem
1223 2427 1442 2481 domino
1472 2427 1742 2482 serviunt:
1769 2426 1936 2479 multo

349 2523 519 2594 magis
547 2520 702 2575 nobis
747 2519 848 2573 hoc
889 2518 1005 2573 ﬁeri
1047 2518 1331 2580 convenit,
1355 2517 1570 2588 quando
1609 2518 1854 2572 eumdem
1881 2526 1936 2571 et

347 2613 723 2676 conditorem,
767 2619 822 2665 et
877 2600 1122 2678 opificem
1181 2609 1394 2679 utrique
1443 2609 1718 2664 habemus.
1743 2608 1934 2663 Vidisti

347 2702 616 2774 quomodo
640 2702 801 2755 etiam
834 2700 886 2754 in
919 2699 1092 2753 Veteri
1139 2699 1286 2753 initia
1327 2708 1381 2754 et
1417 2701 1676 2769 prooemia
1705 2698 1818 2754 fere
1841 2714 1933 2752 ac-

347 2794 587 2864 ceperint
616 2807 765 2846 nova:
789 2789 1139 2861 philosophia:
1169 2798 1429 2859 przecepta
1445 2791 1473 2854 ἲ,
1493 2790 1626 2844 Nam
1657 2791 1742 2844 ubi
1769 2791 1936 2844 multo

350 2896 589 2954 tempore
613 2884 662 2936 in
697 2884 812 2952 lege
841 2882 1035 2936 versati
1053 2889 1252 2945 essent,
1279 2890 1334 2935 et
1359 2880 1424 2934 ad
1451 2879 1766 2951 perfectiora
1786 2897 1937 2934 man-

345 2977 472 3033 data
517 2975 744 3030 transire
769 2973 1062 3040 deberent,
1090 2972 1307 3041 jamque
1335 2982 1647 3042 properaret
1678 2972 1744 3025 ad
1775 2975 1934 3026 linem

348 3069 586 3137 ipsorum
614 3065 797 3137 politia
822 3105 837 3129 ,
866 3073 1168 3134 opportuno
1208 3069 1450 3131 tempore
1475 3061 1542 3116 ad
1566 3063 1828 3131 ejusmodi
1853 3077 1936 3115 sa-

349 3160 600 3231 pientiam
631 3158 753 3212 illos
783 3155 1038 3228 propheta
1067 3153 1288 3208 inducit.
1314 3154 1602 3209 Pal-eamus
1631 3155 1786 3224 igitur
1811 3153 1937 3208 huic

348 3254 502 3307 bonae
532 3252 653 3320 legi,
677 3260 732 3305 et
755 3263 853 3303 nos
881 3247 950 3301 ab
977 3245 1123 3302 omni
1149 3244 1465 3300 confusione
1493 3245 1802 3311 liberemus,
1837 3260 1933 3298 ne-

346 3359 450 3414 que
475 3354 685 3398 nostras
710 3341 1010 3411 ejiciamus,
1039 3353 1212 3408 neque
1230 3337 1299 3392 ab
1322 3337 1445 3392 aliis
1475 3337 1676 3407 ejectas
1706 3338 1934 3408 recipia-

348 3453 488 3494 mus.
517 3437 649 3492 Nam
689 3450 793 3506 qua
840 3433 974 3488 facie
1017 3432 1187 3486 virum
1233 3430 1415 3486 uxoris
1452 3429 1716 3500 aspicies?
1744 3431 1936 3501 quibus

347 3531 516 3586 oculis
541 3530 741 3584 amicos
781 3528 921 3582 illius
947 3535 1004 3581 et
1028 3525 1290 3579 famulos?
1319 3523 1449 3578 Nam
1479 3525 1525 3578 si
1557 3527 1602 3578 is
1619 3525 1707 3595 qui
1739 3525 1933 3579 mortui

345 3620 608 3690 conjugis,
639 3615 793 3689 cujus
823 3631 1044 3670 uxorem
1061 3615 1286 3684 accepit,
1307 3615 1594 3686 imaginem
1619 3617 1934 3672 recumben-

347 3722 455 3767 tem
485 3710 710 3776 viderit,
743 3707 974 3763 afticitur
993 3707 1175 3778 aliquo
1214 3705 1376 3761 modo
1397 3747 1412 3772 ,
1441 3715 1493 3761 et
1531 3706 1762 3774 graviter
1790 3707 1894 3761 fert
1915 3748 1930 3772 ,

345 3815 410 3856 ac
439 3802 485 3855 si
511 3801 779 3855 viventem
807 3797 1058 3852 maritum
1080 3796 1258 3851 videat
1281 3795 1398 3865 ejus
1427 3812 1548 3866 qua:
1585 3797 1686 3850 sibi
1716 3797 1934 3850 cohabi-

345 3899 455 3957 tat,
485 3891 698 3961 qualem
729 3889 890 3942 vitam
933 3886 1224 3956 aget?quo
1269 3895 1425 3955 pacto
1469 3885 1798 3954 ingredietur
1838 3887 1936 3939 do-

345 3981 530 4036 mum?
552 3995 660 4051 quo
679 3980 882 4046 animo,
912 3978 1108 4048 quibus
1123 3975 1294 4032 oculis
1311 3975 1514 4031 videbit
1537 3975 1683 4029 illius
1712 3989 1930 4030 uxorem

343 4088 494 4129 suam
511 4073 536 4127 ?

418 4166 659 4221 Adultera
688 4163 883 4218 nullius
915 4171 988 4217 est
1011 4177 1161 4216 uxor.
1197 4188 1270 4201 —
1291 4158 1404 4214 lmo
1434 4173 1608 4228 neque
1636 4157 1799 4225 illius,
1832 4172 1932 4212 ne-

341 4275 447 4330 que
488 4273 637 4313 suam
674 4256 816 4327 juste
844 4256 964 4326 quis
1016 4253 1175 4309 talem
1205 4252 1444 4324 appellet
1469 4267 1485 4310 ;
1515 4251 1759 4306 adultera
1787 4250 1931 4305 enim

345 4352 544 4406 nullius
570 4359 653 4404 est
679 4363 832 4403 uxor.
871 4346 1079 4402 Fefellit
1117 4355 1271 4416 pacta
1296 4360 1416 4416 quae
1442 4358 1564 4399 cum
1597 4343 1689 4398 illo
1713 4341 1930 4406 habuit,

341 4455 400 4501 et
425 4445 490 4499 ad
521 4454 712 4499 tecum
745 4440 981 4496 honestis
1019 4439 1227 4509 legibus
1253 4452 1358 4491 non
1386 4437 1552 4491 venit.
1593 4436 1814 4504 Quanta:
1839 4435 1936 4504 igi-

342 4545 430 4590 tur
452 4533 736 4589 dementite
764 4531 942 4596 fuerit,
967 4545 1078 4585 rem
1107 4537 1185 4590 tot
1209 4529 1364 4582 malis
1391 4527 1602 4596 plenam
1633 4528 1685 4580 in
1713 4526 1931 4581 domum

342 4623 634 4680 inducere?
657 4622 796 4679 Num
819 4631 904 4676 est
943 4619 1261 4676 feminarum
1285 4616 1541 4688 penuria?
1571 4617 1776 4685 Quare,
1808 4633 1930 4671 cum

342 4718 524 4772 multa:
548 4717 657 4770 sint
678 4757 694 4781 ,
719 4730 853 4785 quas
881 4714 1006 4768 licet
1025 4726 1155 4782 pura
1183 4709 1508 4766 conscientia
1536 4720 1591 4764 et
1614 4711 1930 4780 permitten-

343 4811 486 4864 tibus
512 4808 717 4879 legihus
746 4807 975 4870 ducere,
1007 4805 1071 4859 ad
1100 4803 1397 4874 prohibitas
1419 4813 1714 4868 currentes,
1742 4803 1932 4857 domos

341 4901 718 4966 subvertimus,
753 4899 892 4956 bella
924 4897 1100 4954 civilia
1125 4897 1448 4962 excitamus,
1477 4910 1540 4950 ac
1568 4895 1802 4965 undique
1827 4895 1930 4949 ini-

341 4992 570 5047 micitias
600 4991 754 5045 nobis
777 4989 1127 5045 conciliantes
1150 5028 1165 5053 ,
1199 4985 1492 5041 innumeris
1531 4986 1932 5041 accusatoribus

340 5101 433 5139 ora
465 5083 787 5155 aperientes,
813 5089 1049 5136 nostram
1075 5079 1237 5132 vitam
1274 5077 1684 5142 dedecoramus,
1711 5088 1766 5132 et
1789 5078 1929 5148 quod

340 5179 582 5231 omnium
610 5173 983 5246 gravissimum
1009 5179 1120 5234 est,
1152 5170 1462 5224 inevitabile
1507 5171 1824 5239 supplicium
1877 5171 1928 5223 in

340 5271 428 5324 die
449 5269 632 5339 judicii
662 5266 816 5321 nobis
835 5261 1268 5320 accumulamus?
1292 5260 1429 5328 Quid
1456 5261 1598 5315 enim
1623 5261 1865 5316 dicemus
1880 5260 1928 5314 ei

339 5363 435 5433 qui
478 5363 547 5415 de
573 5361 728 5415 nobis
767 5357 1105 5430 judicaturus
1132 5364 1214 5410 est
1239 5396 1253 5418 ,
1281 5352 1497 5423 quando
1526 5354 1696 5424 legem
1730 5352 1782 5406 iu
1813 5369 1928 5407 me-

340 5453 488 5508 dium
534 5451 734 5506 illatam
767 5449 956 5519 legerit
991 5447 1177 5500 dicens
1207 5462 1220 5499 :
1247 5444 1389 5500 iussi
1419 5445 1748 5514 repudiatam
1801 5459 1931 5498 uxo-

341 5559 456 5598 rem
489 5559 592 5596 non
634 5541 832 5597 ducere
854 5579 870 5605 ,
902 5539 1089 5593 dicens
1118 5538 1168 5591 id
1203 5537 1519 5592 adulterium
1563 5551 1682 5591 esse
1711 5536 1926 5608 (Matth.

341 5637 395 5689 5.
429 5634 546 5704 '52).
587 5631 868 5699 Quomodo
909 5631 1067 5700 igitur
1115 5644 1276 5682 ausus
1321 5642 1382 5681 es
1406 5626 1472 5681 ad
1514 5627 1809 5698 prohibitas
1834 5644 1929 5682 nu-

405 5766 480 5828 (α)
493 5773 603 5816 ηερ
623 5777 731 5828 quae
755 5760 1306 5828 uncinisclaudnntur_in
1321 5767 1483 5812 Greco
1493 5773 1593 5828 non
1613 5766 1823 5828 exstant,
1838 5774 1931 5810 nec

341 5829 392 5878 tn
559 5821 652 5877 sed
674 5832 920 5887 Interprcs
945 5835 1210 5886 anonymus
1235 5823 1283 5870 in
1309 5822 1579 5886 exemplari
1601 5835 1692 5872 suo
1715 5821 1928 5887 legerat.

3522 399 3629 454 22?.

2040 508 2174 574 ptias
2200 509 2486 562 accedere?
2513 508 2648 576 Quid
2679 510 2949 574 dicemus,
2983 511 3108 581 quid
3141 511 3620 582 respondebimus?

2036 598 2330 669 Numquam
2360 601 2502 654 enim
2535 603 2642 657 illic
2686 603 2764 656 fas
2810 614 3064 658 externas
3112 605 3257 672 leges
3288 614 3582 673 pnrtexerc
3606 647 3622 668 ,

2036 691 2131 746 sed
2161 694 2523 746 necessarium
2567 702 2650 747 est
2692 701 2931 748 tacentes
2968 707 3023 748 ct
3054 696 3246 765 ligatos
3275 696 3328 751 in
3367 696 3628 764 gclnrnnze

2038 780 2211 850 ignem
2241 782 2450 836 immitti
2489 798 2610 837 cum
2642 784 2896 839 adulteris
2925 794 2977 839 et
3019 786 3253 840 alienum
3283 795 3456 842 torum
3490 785 3629 855 inju-

2038 873 2116 927 ria
2143 874 2533 938 aflicientibns;
2567 891 2688 930 nam
2717 885 2772 932 et
2809 879 2898 947 qui
2945 878 3208 934 dimiserit
3242 878 3444 948 absque
3466 894 3626 934 causa

2037 965 2242 1034 stupri,
2291 975 2346 1020 et
2394 968 2484 1036 qui
2530 967 2754 1037 ejectam
2799 971 3011 1023 vivente
3051 970 3163 1023 viro
3206 969 3452 1038 duxerit,
3504 984 3626 1024 cum

2038 1056 2205 1125 ejecta
2259 1056 2346 1109 illa
2398 1057 2701 1126 punientur.
2746 1059 2972 1128 PrOpter
3019 1061 3160 1128 quod
3215 1040 3350 1121 ι)τὸ.
3399 1060 3627 1114 obsecro

2037 1159 2093 1202 et
2144 1148 2423 1218 supplico,
2481 1164 2548 1204 ne
2595 1150 2693 1204 viri
2749 1151 3000 1204 mulieres
3028 1150 3276 1219 ejiciant,
3304 1165 3478 1220 neque
3508 1165 3628 1204 mu-

2039 1239 2197 1294 lieres
2223 1240 2366 1294 viros
2403 1242 2736 1310 relinquant,
2777 1241 2872 1297 sed
2917 1242 3137 1296 audiant
3175 1241 3396 1296 Paulum
3447 1240 3633 1296 dicen-

2041 1339 2149 1383 tem
2183 1345 2200 1383 :
2225 1329 2416 1384 Mulier
2457 1332 2705 1386 adstricta
2748 1344 2818 1386 est
2848 1333 2966 1403 legi,
2995 1343 3186 1402 quanto
3211 1343 3432 1404 tempore
3455 1332 3632 1386 uixerit

2037 1422 2116 1475 vir
2158 1424 2288 1492 ejus.
2320 1422 2382 1477 Si
2403 1435 2570 1477 autem
2616 1425 2874 1479 dormierit
2916 1426 3014 1487 uir,
3043 1426 3200 1480 libera
3243 1426 3338 1480 erit
3384 1425 3467 1479 cui
3504 1425 3633 1480 volet

2040 1513 2258 1580 nubere,
2283 1523 2480 1569 tantum
2507 1517 2559 1570 in
2602 1516 2822 1571 Domino
2849 1519 2925 1589 (l.
2952 1519 3069 1572 Cor.
3125 1519 3173 1571 7.
3206 1517 3321 1589 59).

2089 1602 2258 1658 Genus
2279 1617 2350 1660 est
2369 1607 2606 1661 adulterii
2632 1608 2960 1678 caujugatum
2979 1625 3095 1661 cum
3121 1610 3297 1663 scortis
3319 1610 3534 1662 misceri.
3565 1606 3632 1660 In

2043 1693 2260 1750 Domina
2273 1697 2588 1769 nuberequid
2597 1698 2678 1751 sit.
2690 1729 2714 1738 -
2727 1698 2946 1766 Qualem
2960 1700 3103 1754 enim
3118 1699 3387 1755 habebunt
3399 1699 3631 1762 veniam,

2041 1787 2128 1852 qui
2147 1787 2309 1841 Paulo
2320 1788 2480 1843 etiam
2494 1790 2755 1844 secundas
2770 1792 3111 1860 permittente
3133 1793 3343 1860 nuptias
3366 1803 3484 1861 post
3499 1809 3637 1847 mor-

2041 1884 2146 1931 tem
2175 1877 2435 1948 conjugis,
2456 1888 2722 1934 ettantam
2745 1882 3072 1937 concedente
3095 1885 3326 1953 copiam,
3349 1893 3474 1939 ante
3491 1901 3636 1939 mor-

2041 1975 2146 2021 tem
2172 1967 2504 2022 audenttalia
2536 1969 2745 2025 facere?
2777 1973 2950 2039 Quam
2982 1981 3334 2043 assequentur
3369 1973 3636 2028 defensio-

2041 2074 2186 2126 nem,
2206 2060 2289 2114 vel
2309 2059 2380 2114 illi
2399 2061 2488 2131 qui
2509 2062 2803 2116 viventibus
2818 2064 2944 2116 viris
2960 2063 3452 2134 uxoresaecipinnt,
3477 2065 3558 2120 vel
3581 2065 3635 2118 hi

2040 2149 2126 2218 qui
2141 2150 2206 2204 ad
2221 2151 2426 2220 publica
2443 2163 2618 2207 scorta
2638 2152 2933 2207 accedunt?
2951 2153 3162 2208 Etenim
3176 2164 3231 2208 et
3247 2154 3374 2208 illud
3394 2165 3474 2208 est
3493 2154 3635 2209 adul-

2042 2240 2160 2294 terii
2186 2241 2328 2296 aliud
2345 2257 2534 2311 genus,
2561 2242 2757 2298 habere
2773 2243 2919 2298 domi
2943 2261 3187 2310 uxorem,
3209 2255 3262 2300 et
3293 2244 3422 2301 foris
3442 2247 3635 2300 scortis

2037 2329 2206 2401 jungi.
2262 2331 2394 2386 Nam
2445 2332 2895 2403 quemadmodum
2941 2333 3130 2389 mulier
3179 2334 3380 2390 habens
3422 2335 3632 2400 virum,

2039 2420 2247 2475 etiamsi
2277 2421 2475 2477 famulo
2523 2423 2606 2478 vel
2648 2423 2819 2478 libero
2861 2424 3090 2492 cuipiam
3122 2439 3345 2480 uxorem
3389 2439 3494 2480 non
3537 2425 3635 2480 lia-

2043 2511 2184 2566 benti
2211 2528 2272 2568 se
2296 2525 2550 2583 exponat,
2583 2515 2828 2570 adulterii
2860 2515 3066 2586 legibus
3096 2517 3399 2587 implicatur
3429 2534 3444 2570 :
3477 2516 3554 2572 sic
3579 2529 3638 2572 et

2040 2601 2122 2655 vir
2145 2603 2269 2657 licet
2313 2603 2382 2658 ad
2425 2605 2643 2675 vulgare
2666 2615 2924 2672 scortum,
2949 2607 3029 2662 vel
3055 2607 3122 2662 ad
3153 2609 3428 2663 mulierem
3452 2610 3634 2672 aliam,

2039 2694 2287 2761 quamvis
2323 2709 2428 2749 non
2459 2695 2746 2750 habentem
2793 2698 2987 2761 virum,
3021 2699 3137 2768 ipse
3183 2713 3402 2754 uxorem
3434 2698 3638 2754 habens

2039 2786 2360 2853 accesserit,
2390 2786 2635 2842 adulterii
2656 2803 2784 2843 reus
2814 2789 3140 2844 censebitur.
3169 2789 3452 2861 Fugiamus
3478 2790 3638 2860 igitur

2039 2887 2092 2931 et
2112 2878 2251 2932 hunc
2275 2878 2520 2934 adulterii
2544 2879 2783 2934 modum.
2808 2881 2944 2946 Quid
2963 2882 3106 2936 enim
3125 2882 3418 2951 poterimus
3433 2882 3632 2938 dicere.

2039 2967 2164 3038 quid
2198 2967 2321 3022 item
2357 2981 2672 3038 praetexere.
2705 2971 2797 3041 qui
2844 2972 2965 3026 talia
3013 2973 3314 3027 audemus?
3343 2988 3500 3043 quam
3533 2973 3633 3028 ho-

2041 3069 2245 3113 nestam
2289 3061 2686 3116 excusationem
2735 3062 3147 3118 adhibebimus?
3177 3063 3390 3118 Natura:
3433 3079 3634 3120 concu-

2038 3151 2350 3220 piscentiam
2366 3151 2390 3205 ?
2409 3153 2512 3206 Sed
2537 3153 2689 3207 adest
2702 3153 2915 3222 quidem
2937 3170 3086 3218 uxor,
3113 3170 3232 3225 qum
3251 3156 3404 3209 nobis
3423 3156 3632 3226 obtigit,

2039 3243 2142 3298 hac
2169 3258 2265 3298 nos
2293 3244 2640 3298 excusatione
2672 3246 2910 3314 privans.
2948 3246 3153 3300 Idcirco
3183 3247 3382 3315 nuptias
3411 3247 3634 3302 invectae

2037 3349 2182 3403 sntit,
2239 3348 2297 3393 ut
2349 3354 2416 3394 ne
2472 3341 2764 3404 scorteris;
2819 3339 2926 3393 imo
2963 3355 3067 3394 non
3110 3355 3246 3394 uxor
3291 3339 3428 3405 sola,
3461 3341 3636 3395 sedet

2037 3431 2188 3484 multi
2206 3431 2316 3496 alii,
2331 3432 2420 3502 qui
2435 3431 2698 3492 eamdem,
2717 3447 2875 3501 quam
2899 3446 3017 3496 nos,
3041 3431 3238 3486 habent
3258 3441 3521 3498 naturam,
3537 3433 3636 3487 hac

2039 3536 2138 3576 nos
2161 3522 2370 3590 privant
2396 3525 2570 3575 venia.
2597 3521 2823 3590 Quando
2848 3523 2992 3577 enim
3017 3537 3310 3578 conservus
3332 3532 3472 3584 tuus.
3493 3523 3632 3578 idem

2041 3613 2242 3667 habens
2264 3626 2481 3682 corpus,
2511 3613 2865 3684 eamdemque
2889 3615 3399 3685 concupiscentiam,
3441 3616 3632 3671 eadem

2039 3708 2358 3760 necessitate
2378 3706 2770 3774 exstimulatus,
2786 3707 2983 3760 nullam
2999 3707 3158 3761 aliam
3175 3707 3318 3762 videt
3332 3708 3628 3772 mulierem,

2037 3797 2130 3851 sed
2159 3807 2334 3852 manet
2364 3813 2458 3853 sua
2484 3798 2598 3852 sola
2628 3808 2936 3867 contentus,
2966 3801 3177 3870 qualem
3208 3811 3261 3855 tu
3291 3802 3509 3856 habebis
3535 3819 3634 3856 ex-

2036 3890 2386 3952 cusationem,
2409 3890 2894 3958 concupiscentiam
2919 3892 3251 3960 pnetexens?
3281 3892 3347 3945 Et
3366 3893 3492 3962 quid
3510 3893 3633 3948 dico

2040 3979 2298 4035 habentes
2318 3982 2558 4034 uxores?
2584 3979 2768 4050 Cogita
2797 3982 2926 4035 mihi
2951 3997 3067 4046 eos,
3089 3983 3179 4051 qui
3209 3998 3423 4053 semper
3446 3985 3499 4037 in
3523 3986 3629 4040 vir-

2035 4071 2256 4141 ginitate
2279 4071 2546 4138 vixerunt,
2586 4080 2641 4126 et
2665 4073 2989 4141 contemptis
3017 4073 3214 4142 nuptiis
3245 4087 3488 4143 magnam
3521 4091 3631 4144 pne

2037 4179 2096 4218 se
2123 4163 2360 4218 tulerunt
2387 4164 2792 4218 continentiam.
2823 4164 2954 4218 Cum
2989 4164 3148 4234 igitur
3172 4164 3261 4218 alii
3301 4166 3502 4234 absque
3527 4182 3632 4220 nu-

2040 4254 2162 4324 ptiis
2208 4253 2545 4309 continentes
2595 4254 2735 4316 sint.
2765 4269 2926 4323 quam
2968 4263 3023 4308 tu
3069 4256 3372 4324 assequeris
3421 4254 3630 4310 veniam

2037 4354 2158 4416 post
2177 4347 2388 4415 nuptias
2408 4345 2689 4400 scortans?
2712 4345 2837 4400 Hzec
2859 4355 2913 4400 et
2935 4345 3034 4398 viri
3058 4356 3109 4400 et
3129 4347 3627 4413 mulieresaudiant,

2036 4447 2089 4490 et
2117 4437 2289 4491 viduae
2312 4447 2366 4492 et
2389 4447 2565 4506 nupta:
2595 4452 2609 4489 :
2635 4436 2884 4490 munibus
2910 4437 3052 4490 enim
3083 4436 3278 4491 Paulus
3299 4439 3544 4507 loquitur,
3573 4451 3632 4495 et

2037 4527 2121 4582 lex
2143 4527 2233 4582 illa
2257 4527 2444 4582 dicens
2468 4545 2482 4580 :
2519 4527 2708 4581 Mulier
2726 4527 2970 4582 adstricta
2980 4539 3051 4582 est
3077 4527 3178 4599 legi
3195 4541 3383 4598 quanta
3407 4541 3630 4600 tempore

2038 4620 2212 4673 uixerit
2232 4620 2308 4672 uir
2353 4620 2495 4672 illius
2521 4633 2540 4672 :
2561 4620 2605 4672 si
2630 4629 2799 4673 autem
2823 4619 3103 4685 durauerit,
3134 4620 3292 4674 libera
3314 4631 3387 4675 est
3411 4623 3493 4675 cui
3522 4623 3629 4677 vult

2036 4713 2241 4775 nubere,
2264 4720 2461 4763 tantum
2480 4711 2533 4763 in
2556 4709 2794 4764 Domino.
2821 4711 2888 4764 Et
2913 4709 3230 4767 habentibus
3251 4713 3412 4780 viros,
3439 4725 3494 4770 et
3520 4730 3632 4772 non

2038 4800 2376 4867 habentibus,
2404 4813 2453 4855 et
2479 4801 2672 4867 viduis,
2701 4811 2756 4856 et
2782 4803 3023 4858 secundo
3052 4805 3377 4861 nubentibus
3412 4807 3626 4874 marito,

2035 4902 2091 4950 et
2113 4893 2361 4948 omnibus
2401 4893 2718 4964 simpliciter
2739 4910 2918 4950 sermo
2945 4895 3035 4951 ille
3057 4897 3200 4952 utilis
3226 4908 3327 4953 est.
3346 4897 3478 4954 Nam
3507 4916 3630 4971 qua:

2037 4985 2198 5039 habet
2228 4986 2422 5050 virum,
2456 5001 2561 5040 non
2610 4985 2751 5040 volet
2790 4987 3008 5043 vivente
3047 4989 3139 5044 illo
3165 5005 3411 5060 qua-rere
3438 4993 3626 5058 alium,

2035 5075 2258 5130 audiens
2283 5091 2344 5130 se
2373 5077 2584 5132 vivente
2606 5078 2698 5132 illo
2725 5076 3036 5134 adstrictam
3062 5095 3183 5136 esse
3205 5097 3222 5146 ;
3244 5098 3364 5152 qua:
3395 5098 3523 5138 vero
3547 5093 3632 5139 est

2037 5166 2223 5231 libera,
2251 5167 2510 5237 siquidem
2541 5169 2771 5224 voluerit
2811 5171 3047 5226 secundo
3099 5175 3323 5238 nubere,
3352 5188 3456 5227 non
3501 5175 3630 5229 sim-

2038 5258 2243 5328 pliciter
2272 5275 2445 5330 neque
2471 5269 2674 5316 temere
2702 5261 2803 5317 hoc
2820 5263 2964 5327 facit,
2983 5265 3078 5319 sed
3101 5281 3222 5320 cum
3251 5266 3477 5338 legibus,
3509 5283 3630 5338 qum

2035 5360 2160 5405 sunt
2185 5366 2214 5405 a
2247 5352 2410 5406 Paulo
2437 5354 2643 5422 positae.
2681 5354 2815 5409 Dicit
2837 5356 2980 5410 enim
3011 5375 3023 5410 :
3070 5357 3254 5412 Libera
3307 5370 3379 5412 est
3405 5360 3488 5413 cui
3526 5362 3631 5415 vult

2036 5444 2240 5506 nubere,
2269 5454 2464 5498 tantum
2493 5447 2546 5499 in
2585 5445 2805 5500 Domino
2836 5448 2854 5518 (
2881 5451 2929 5502 l.
2960 5449 3079 5503 Cor.
3113 5452 3163 5504 7.
3197 5450 3267 5507 59
3296 5461 3355 5523 μ
3383 5451 3484 5509 hoc
3523 5464 3628 5522 est,

2034 5552 2155 5592 cum
2185 5538 2512 5592 continentia
2549 5547 2604 5592 et
2626 5538 2923 5594 honestate.
2976 5540 3068 5595 Sin
3100 5543 3329 5598 voluerit
3373 5558 3494 5599 cum
3532 5543 3629 5600 de-

2037 5631 2215 5685 functo
2240 5646 2454 5685 setvare
2481 5631 2700 5696 foedera,
2743 5633 2926 5688 audiet
2952 5636 3214 5704 repositas
3249 5637 3347 5692 sibi
3377 5653 3628 5707 coronas,

2036 5721 2400 5792 majoremque
2439 5723 2767 5780 alacritatem
2799 5726 2992 5796 capiet.
3027 5725 3234 5782 Reatior
3257 5729 3394 5784 enim
3411 5740 3506 5797 est,
3540 5732 3629 5786 in.

2036 5816 2169 5885 quit,
2197 5816 2239 5869 si
2262 5816 2334 5870 sic
2356 5818 2592 5871 manserit
2619 5817 2640 5889 (
2670 5816 2806 5873 Ibid.
2843 5835 2888 5872 υ.
2921 5819 2991 5875 40
3009 5820 3052 5886 ).
