4110 6198
1207 415 1264 472 S.
1303 405 1578 470 JOANNIS
1614 395 2086 460 CIIRYSOSTOMI
2127 386 2446 448 ARCIIIEP.
2487 376 3023 439 CONSTANTI‘NOP.
3617 367 3724 424 22s

2142 515 2196 559 et
2225 500 2506 563 modestia,
2530 511 2594 552 ac
2627 495 2845 566 pietate,
2881 497 2935 544 ιιι
2965 484 3146 542 omnia
3179 483 3231 539 in
3265 481 3488 554 gloriam
3521 480 3613 536 Dei
3643 495 3728 535 ce-

2135 594 2284 650 dant.
2312 591 2576 661 Quoniam
2601 586 2744 642 enim
2770 582 2964 651 szepius
2985 578 3166 634 multa:
3190 575 3444 630 mulieres
3463 570 3734 641 prioribus

2136 687 2262 740 viris
2290 680 2576 743 defunctis,
2619 673 2885 730 adulterio
2912 670 3057 740 prius
3083 665 3373 722 commisso
3401 663 3535 716 alios
3562 661 3730 715 intro-

2135 778 2423 836 duxerunt,
2455 780 2510 827 et
2523 771 2656 824 alias
2675 764 2934 837 pessimas
2950 761 3064 814 vias
3085 756 3459 826 excogitarunt
3481 770 3496 806 :
3521 759 3732 822 pr0pter

2139 868 2240 922 hoc
2261 865 2476 934 adjecit,
2491 861 2713 915 Tantum
2731 858 2781 910 in
2799 853 3043 918 Domino,
3057 858 3115 904 ut
3131 849 3258 902 nilnl
3277 847 3465 901 horum
3487 844 3738 899 secunda:

2143 958 2341 1028 nuptia:
2367 956 2634 1009 habeant:
2664 949 2742 1003 sic
2767 947 2910 1001 enim
2951 961 2981 996 a
3031 938 3347 996 criminibus
3385 935 3570 990 liberte
3618 947 3741 988 esse

2147 1057 2416 1121 poterunt.
2468 1043 2736 1114 Optimum
2783 1037 2927 1092 enim
2977 1031 3214 1087 omnium
3248 1028 3385 1083 foret
3423 1031 3743 1096 exspectare

2143 1143 2482 1204 defunctum,
2515 1148 2570 1192 et
2596 1147 2812 1189 servare
2845 1129 2992 1197 leges
3009 1139 3131 1180 cmn
3160 1122 3252 1177 illo
3281 1120 3441 1174 initas
3469 1117 3743 1172 continet»

2152 1237 2389 1303 tiamque
2412 1231 2632 1298 eligere,
2662 1234 2718 1280 et
2762 1234 2980 1277 manere
3013 1232 3134 1271 cum
3165 1212 3366 1268 relictis
3397 1209 3597 1279 pueris,
3630 1223 3746 1261 ma-

2144 1299 2321 1396 jorem
2372 1321 2465 1376 Dei
2496 1312 2924 1374 beneviilemiam
2973 1309 3051 1363 sic
3075 1302 3428 1362 conciliando.
3461 1301 3526 1354 Et
3567 1299 3612 1353 si
3640 1313 3743 1367 qua

424 433 535 487 223

502 550 555 604 ι.
586 543 741 599 Pauli
782 534 1050 609 sapientia.
1088 529 1254 584 Vidua
1281 525 1473 580 beatior
1519 521 1670 574 etiam
1705 516 1758 569 in
1790 509 2021 581 presenti

431 638 637 695 swculo.
668 628 959 688 Fornicatio
1006 638 1161 694 quam
1207 617 1391 688 turpis.
1415 611 1666 668 —-Vides
1717 621 1826 677 quo
1873 611 2027 672 pacto

431 729 680 784 omnibus
698 734 878 778 sermo
898 717 989 772 ille
1013 713 1177 775 utilis,
1199 719 1255 765 et
1271 723 1330 763 se
1349 705 1415 760 ad
1435 704 1643 758 illarum
1665 695 2026 752 inﬁrmitatem

434 818 685 884 demittit,
708 822 762 868 et
788 814 918 867 istas
944 807 1055 863 suis
1077 802 1321 860 laudibus
1343 812 1448 852 non
1475 790 1792 850 defraudat?
1818 787 2027 841 Etenim

435 909 576 982 quod
606 877 683 963 de,
703 902 902 975 nuptiis
923 909 985 979 et
1013 894 1313 967 virginitate
1355 889 1502 952 fecit,
1533 886 1635 939 hoc
1660 893 1714 936 et
1741 881 1808 935 de
1835 877 2027 949 priori-

440 965 539 1055 bus
564 1010 618 1053 et
665 965 928 1051 secundis,
973 965 1193 1057 nuptiis.
1245 973 1705 1048 Quemadmodum
1755 970 1898 1026 enim
1929 965 2034 1021 illic

441 1107 545 1145 non
567 1085 794 1142 exclusit
834 1080 1067 1150 nuptias,
1100 1085 1158 1129 ut
1183 1088 1251 1127 ne
1275 1079 1460 1142 gravet
1487 1063 1832 1124 inﬁrmiores,
1861 1071 2035 1125 neque

444 1182 816 1239 necessitatem
843 1171 1114 1243 imposuit,
1157 1175 1216 1221 ut
1266 1179 1334 1219 ne
1362 1160 1607 1217 volentes
1652 1154 1706 1208 in
1737 1150 2037 1220 virginitate

444 1278 660 1345 degere,
684 1240 968 1340 propositis
983 1260 1196 1319 coronis
1217 1255 1472 1328 spoliaret
1493 1267 1507 1305 :
1533 1248 1626 1304 sed
1652 1240 2040 1301 demonstravit

447 1332 661 1433 quidem
688 1332 856 1417 bonas
885 1370 1004 1412 esse
1033 1351 1264 1421 nuptias,
1287 1341 1578 1400 declaravit
1622 1346 1800 1392 autem
1849 1332 2037 1387 melio-

452 1472 565 1510 rern
589 1467 709 1510 esse
737 1448 1093 1520 virginitatem
1121 1458 1139 1506 ;
1165 1443 1236 1494 ita
1264 1447 1318 1493 et
1339 1436 1426 1490 hic
1453 1444 1664 1502 quoque
1686 1423 2041 1494 aliosgradus

452 1546 600 1616 ponit
641 1515 845 1608 nobis;
871 1539 1128 1607 majorem
1156 1531 1360 1585 scilicet
1385 1535 1440 1581 et
1487 1520 1852 1578 sublimiorem
1875 1515 2042 1569 altero

452 1641 699 1700 alterum,
728 1647 920 1700 nempe
936 1627 1248 1683 viduitatem
1274 1640 1289 1676 :
1311 1621 1536 1675 alterum
1558 1629 1688 1669 vero
1714 1610 2040 1671 inferiorem,

459 1745 650 1800 nempe
703 1724 968 1782 secundas
1007 1719 1220 1789 nuptias
1261 1733 1274 1769 :
1327 1722 1383 1768 et
1437 1709 1684 1764 fortiores
1737 1701 1952 1773 quidem
1983 1713 2046 1754 ac

455 1820 720 1877 transilire
734 1817 980 1872 nolentes
996 1809 1062 1864 ad
1079 1817 1348 1864 certamen
1364 1807 1706 1873 prteparat,et
1724 1792 2048 1850 infirmiores

456 1915 649 1968 cadere
689 1925 795 1964 non
827 1904 1101 1977 permittit.
1135 1899 1326 1953 Diceris
1355 1894 1494 1948 enim
1527 1909 1540 1946 :
1571 1889 1774 1942 Beatior
1799 1886 1932 1939 enim
1975 1891 2048 1936 est

457 2003 585 2057 sisic
601 1998 836 2054 manserit
852 1995 900 2068 (l
914 2035 928 2048 .
949 1993 1068 2048 Cor.
1084 1993 1138 2044 7.
1163 1988 1275 2052 L0),
1294 1994 1352 2039 ut
1369 1999 1435 2037 ne
1455 1990 1610 2052 putes
1633 1979 1915 2032 humanam
1929 1986 2051 2028 esse

461 2098 655 2164 legem,
683 2063 926 2150 audiens,
954 2083 1117 2138 Juxta
1140 2092 1304 2133 nteant
1320 2074 1606 2134 consilium,
1624 2065 1805 2124 subdit
1825 2083 1838 2118 :
1857 2063 2054 2134 Opinor

460 2155 784 2252 autemquod
813 2188 860 2233 et
903 2191 994 2246 ego
1037 2172 1290 2244 Spiritum
1334 2165 1430 2219 Dei
1472 2163 1702 2217 habeant.
1733 2157 1849 2213 Non
1898 2155 2056 2225 igitur

465 2278 754 2331 humanum
789 2245 1074 2326 consilium
1104 2271 1188 2318 est
1217 2259 1300 2315 vel
1343 2263 1690 2328 pratceptum,
1732 2247 1826 2304 sed
1872 2245 2056 2316 gratiae

463 2367 696 2438 Spiritus
724 2358 986 2418 sententia
1017 2370 1081 2410 ac
1105 2353 1283 2408 divina
1336 2350 1442 2403 lex.
1475 2343 1680 2400 Idcirco
1720 2355 1788 2395 ne
1814 2347 2058 2408 putemus

465 2427 588 2514 esse
610 2454 756 2510 Pauli
784 2451 874 2522 qui
901 2452 1016 2503 haec
1035 2445 1185 2506 dicit,
1212 2439 1307 2496 sed
1336 2436 1568 2507 Spiritus
1593 2431 1785 2496 sancti,
1813 2428 1904 2498 qui
1925 2427 2063 2480 hanc

472 2548 627 2602 nobis
658 2519 828 2614 legem
874 2537 1078 2594 condit.
1130 2530 1283 2600 Quod
1326 2541 1455 2583 vero
1503 2523 1654 2590 dicit,
1706 2519 1924 2589 Opinor,
1955 2529 2061 2569 non

467 2637 621 2710 quasi
672 2609 919 2689 nesciens
942 2628 1090 2691 dicit,
1132 2623 1228 2678 sed
1266 2618 1508 2674 modeste
1535 2626 1700 2683 agens
1725 2619 1780 2665 et
1825 2609 2062 2676 seipsum

471 2696 777 2785 liumilians.
807 2718 960 2790 Quod
986 2727 1164 2772 autem
1192 2712 1397 2767 beatior
1424 2709 1515 2774 sit,
1546 2706 1681 2760 dixit
1707 2700 1943 2773 quidem,
1970 2696 2065 2753 sed

473 2835 580 2876 non
603 2815 820 2886 adjecit,
843 2807 1112 2882 quomodo
1137 2804 1365 2868 beatior,
1415 2796 1698 2852 sufﬁcienti
1727 2793 2066 2847 demonstra-

474 2914 619 2967 tione
635 2909 780 2972 data;
809 2917 1000 2972 nempe
1013 2901 1148 2952 lianc
1171 2910 1228 2950 se
1245 2910 1274 2947 a
1293 2891 1494 2961 Spiritu
1518 2886 1708 2942 aﬁ‘erre
1726 2892 2066 2940 sententiam.

475 3004 628 3075 Quod
683 3002 731 3057 si
761 2999 911 3053 voles
935 2995 1097 3050 etiam
1141 2987 1436 3044 rationibus
1475 2981 1778 3052 exquirere,
1823 2989 2069 3046 magnam

475 3082 1218 3152 demonstrationemcopiam
1241 3076 1482 3132 invenies
1511 3093 1524 3126 :
1551 3083 1607 3127 et
1634 3069 1838 3124 videbis
1866 3065 2072 3122 beatio-

480 3201 594 3243 rem
621 3198 742 3241 esse
781 3178 1016 3242 viduam,
1069 3188 1176 3228 non
1216 3169 1389 3225 solum
1443 3167 1494 3220 in
1522 3164 1700 3217 futuro
1727 3157 1945 3223 saculo,
1976 3155 2072 3210 sed

481 3282 644 3336 etiatn
687 3277 738 3330 in
770 3279 1035 3344 prtesente
1061 3267 1194 3320 vita.
1226 3263 1294 3317 Et
1339 3257 1480 3315 istud
1522 3246 1953 3328 ipsum'tnaxime
1980 3265 2076 3303 no-

482 3376 635 3424 verat
661 3341 883 3431 Panlus,
910 3360 962 3416 id
984 3357 1126 3429 quod
1147 3354 1216 3410 de
1239 3351 1532 3422 virginibus
1553 3344 1855 3401 insinuavit.
1879 3341 2078 3396 Admo-

485 3477 619 3518 uens
643 3458 788 3514 enim
818 3466 872 3510 et
900 3452 1186 3508 consulens
1213 3442 1515 3514 eligendam
1547 3453 1669 3494 esse
1696 3435 2076 3505 virginitatem,

487 3558 566 3609 sic
589 3549 801 3606 dicebat
830 3561 847 3600 ι
875 3545 1071 3613 Opinor
1096 3538 1229 3610 quod
1249 3535 1436 3588 bonum
1455 3531 1519 3586 sit
1535 3528 1724 3583 homini
1746 3530 1816 3582 sic
1835 3540 1940 3578 esse
1955 3538 2078 3592 pro-

490 3657 599 3717 pter
614 3643 882 3696 instantem
902 3612 1418 3694 necessitatemUbid.
1451 3639 1499 3677 υ.
1521 3621 1704 3692 ‘26);et
1728 3620 1916 3672 iterum
1952 3612 2082 3668 :Et-

498 3705 648 3787 iamsi
661 3727 883 3800 nupserit
899 3727 1061 3794 virgo,
1085 3736 1183 3774 non
1209 3716 1424 3788 peccavit
1442 3710 1601 3784 (Ibid.
1617 3727 1664 3764 υ.
1679 3710 1772 3779 36)
1793 3726 1806 3762 :
1827 3705 2082 3776 virginem

495 3825 582 3880 hic
601 3823 786 3877 dicens
807 3833 914 3872 non
933 3831 1050 3870 eam
1073 3828 1193 3884 quae
1211 3807 1550 3870 renuntiavit,
1570 3805 1661 3858 sed
1678 3818 1796 3858 eam
1811 3800 2086 3854 dumtaxat

498 3933 617 3986 quae
644 3911 879 3968 nondum
907 3907 1210 3976 conjugium
1249 3909 1468 3970 experta
1505 3907 1626 3962 est,
1658 3907 1711 3950 et
1740 3908 1845 3949 non
1893 3895 2084 3946 laetam

497 4007 782 4063 obnoxiam
801 4011 1070 4074 perpetuae
1099 3995 1414 4066 virginitatis
1443 3989 1817 4062 promissione.
1845 3984 2086 4039 Tribulu-

499 4107 685 4158 tionem
727 4108 896 4152 autent
925 4096 977 4147 in
1015 4106 1170 4146 carne
1209 4086 1458 4141 habebunt
1511 4082 1597 4153 qui
1647 4082 1773 4134 tates
1814 4079 1914 4132 sint
1942 4094 1962 4131 :
1998 4093 2089 4146 ego

499 4205 670 4249 autem
693 4188 829 4244 vobis
855 4200 1008 4258 parco
1035 4182 1056 4255 (
1081 4179 1218 4234 Ibid.
1249 4195 1296 4232 υ.
1320 4177 1392 4232 28
1431 4177 1470 4245 ).
1516 4173 1632 4229 Uno
1649 4173 1791 4226 enim
1834 4179 1891 4224 et
1940 4169 2090 4222 brevi

509 4288 613 4340 hoc
641 4282 804 4336 verbo
829 4275 1042 4346 reliquit
1063 4271 1285 4327 cordato
1309 4265 1559 4330 auditori,
1594 4272 1652 4317 ut
1677 4263 1852 4316 omnia
1879 4260 2094 4329 colligat

504 4387 558 4432 et
584 4371 870 4446 expendat,
898 4366 1118 4422 dolores
1162 4370 1364 4431 partus,
1396 4355 1738 4412 educationes
1784 4366 2092 4421 puerormn,

508 4483 714 4530 curam,
733 4459 1088 4521 infirmitates,
1107 4461 1307 4508 mortes
1328 4444 1748 4514 intempestivas.
1770 4440 2092 4504 inimicitias,

506 4557 910 4615 contentiones,
967 4545 1259 4603 innumeris
1291 4542 1493 4596 servire
1539 4532 1820 4590 sententiis
1851 4571 1867 4596 ,
1909 4530 2099 4585 alienis

511 4649 665 4703 malis
690 4641 976 4700 obnoxiam
1008 4634 1144 4699 ﬁeri,
1177 4634 1484 4686 innumeras
1515 4625 1753 4680 tristitias
1783 4623 1836 4677 in
1877 4636 1979 4676 una
2005 4635 2100 4675 sua

513 4739 691 4795 anima
720 4734 980 4804 recipere.
1000 4726 1348 4783 Abomnibus
1376 4721 1482 4776 illis
1510 4719 1663 4775 malis
1684 4718 1956 4778 liberatur,
1984 4728 2102 4783 qua:

513 4827 898 4889 continentiam
944 4821 1293 4892 amplexatur,
1326 4823 1529 4870 etcum
1583 4810 1895 4867 liberatione
1946 4822 1976 4860 a
2027 4814 2103 4860 tot

516 4917 840 4992 injucuudis,
877 4916 1037 4971 etiam
1070 4914 1122 4967 in
1159 4911 1336 4965 futura
1364 4909 1473 4962 vita
1519 4918 1764 4974 magnam
1812 4899 2101 4970 repositam

518 5016 680 5070 habet
703 5010 1028 5066 mercedem.
1064 5005 1188 5059 llaec
1217 5001 1374 5073 igitur
1399 4998 1578 5052 omnia
1611 4995 1863 5057 scientes,
1893 4989 2105 5045 studea-

520 5122 638 5162 mus
662 5101 876 5174 quidem
907 5096 1092 5168 primis
1104 5092 1304 5163 nuptiis
1333 5104 1453 5144 esse
1476 5085 1736 5142 contenti.
1763 5084 1818 5138 Si
1845 5091 2022 5137 autem
2055 5089 2110 5135 et

517 5199 585 5254 ad
615 5193 876 5252 secundas
895 5190 1250 5258 adspiramus,
1281 5186 1371 5237 fiat
1397 5183 1498 5236 hoc
1525 5179 1736 5234 decenti
1765 5176 1922 5230 modo
1942 5184 1994 5230 ct
2017 5174 2109 5227 ha-

520 5291 632 5346 bitu
679 5298 732 5342 et
784 5280 1079 5339 secundum
1109 5277 1317 5332 divinas
1365 5273 1530 5342 leges.
1574 5270 1797 5336 PrOpter
1838 5267 1938 5321 hoc
1961 5266 2110 5321 enim

519 5383 654 5439 dixit
684 5397 698 5433 :
743 5377 924 5430 Libera
945 5383 1016 5426 est
1039 5370 1117 5424 cui
1145 5369 1251 5423 vult
1277 5367 1458 5420 nubere
1485 5379 1504 5418 :
1524 5373 1579 5417 et
1603 5361 1869 5424 subdidit,
1897 5358 2112 5412 Tantum

520 5481 572 5533 in
603 5473 818 5530 Domino
843 5467 1005 5539 (Ibid.
1033 5482 1082 5520 υ.
1105 5462 1174 5519 59
1201 5467 1219 5533 )
1250 5478 1264 5515 :
1296 5459 1452 5514 simul
1475 5467 1531 5513 et
1572 5455 1837 5511 licentiam
1879 5452 2034 5517 dans,
2061 5457 2118 5504 et

519 5565 792 5622 licentiam
839 5561 1186 5623 confirmans,
1237 5564 1292 5610 et
1335 5559 1650 5623 potestatem
1687 5547 2009 5610 concedens,
2063 5554 2118 5600 et

530 5653 779 5726 potestati
803 5652 879 5707 illi
900 5649 1134 5720 undique
1157 5648 1301 5716 leges
1326 5658 1390 5698 ac
1411 5641 1667 5697 terminos
1696 5651 1898 5708 ponens
1927 5653 1938 5688 :
1974 5633 2120 5689 vide-

536 5749 661 5800 licet
683 5760 750 5798 ne
778 5745 1007 5812 pollutos
1029 5751 1084 5795 et
1106 5747 1389 5806 corruptos
1415 5735 1558 5788 viros
1605 5733 1660 5786 in
1685 5729 1901 5784 domum
1955 5728 2119 5781 intro-

534 5832 980 5893 ilucatu‘tulier,et
1002 5840 1241 5898 stuprum
1263 5833 1552 5892 sectantes,
1576 5822 1670 5876 sed
1683 5835 1802 5874 cum
1819 5821 2119 5874 honestate.

2149 1414 2389 1472 secundo
2421 1411 2622 1466 nubere
2661 1405 2856 1461 marito
2885 1400 3049 1463 volet,
3076 1413 3196 1451 cum
3243 1391 3503 1449 modestia
3547 1405 3610 1444 ac
3648 1388 3747 1442 ho-

2151 1516 2378 1568 nestate,
2410 1514 2464 1558 et
2500 1497 2895 1556 decentissimis
2923 1489 3128 1562 legibus
3170 1487 3273 1540 hoc
3302 1483 3496 1547 faciat;
3528 1495 3649 1534 nam
3694 1487 3751 1532 et

2152 1602 2254 1656 hoc
2284 1592 2610 1667 permittitur
2635 1608 2647 1643 :
2685 1581 2966 1642 foruicatio
2993 1589 3168 1634 autent
3197 1575 3308 1630 sola
3333 1582 3388 1629 et
3427 1569 3748 1626 adulterium

2153 1690 2520 1761 prohibentur.
2550 1682 2697 1738 llanc
2729 1679 2887 1748 igitur
2914 1673 3176 1744 fugiamus
3206 1679 3262 1724 et
3291 1667 3547 1736 conjuges
3566 1675 3618 1718 et
3639 1678 3750 1716 ca:-

2155 1785 2312 1849 lihes,
2339 1796 2406 1835 ne
2437 1777 2829 1833 dedecorcmus
2857 1769 3020 1821 vitam
3046 1783 3097 1820 tn
3116 1772 3309 1827 stram,
3343 1775 3410 1814 ne
3439 1761 3599 1811 vitam
3625 1770 3750 1825 aga-

2156 1891 2275 1930 mus
2297 1869 2594 1929 ridiculam,
2618 1878 2790 1932 neque
2817 1859 3112 1930 polluamus
3131 1866 3346 1923 corpus,
3369 1863 3541 1918 neque
3558 1845 3752 1900 tnalam

2156 1961 2542 2020 conscientiam
2576 1959 2628 2009 in
2675 1961 2908 2007 mentem
2940 1946 3276 2002 inducamus.
3306 1937 3583 2007 Quomodo
3607 1937 3754 1989 enim

2159 2065 2280 2127 post
2308 2047 2748 2108 consuetudinem
2789 2055 2910 2096 cum
2936 2036 3126 2093 scortis
3169 2033 3222 2086 in
3247 2029 3530 2087 ecclesiam
3571 2025 3757 2080 venire

2161 2124 2408 2218 poteris?
2448 2135 2720 2211 quomodo
2763 2145 2954 2188 manus
2979 2168 2994 2192 ,
3031 2124 3222 2196 quibus
3267 2130 3503 2176 scortmn
3543 2125 3757 2171 contre-

2159 2238 2336 2302 ctasti,
2359 2235 2414 2290 in
2433 2209 2933 2290 caalum‘extendere
2956 2215 3211 2274 audebis?
3233 2211 3502 2284 quomodo
3525 2209 3757 2279 linguam

2164 2345 2399 2394 movere,
2447 2337 2504 2382 et
2525 2339 2620 2379 ore
2671 2321 2762 2375 illo
2789 2319 3058 2377 invocare,
3087 2322 3195 2377 quo
3223 2315 3460 2360 scortum
3487 2301 3760 2355 osculatus

2164 2440 2224 2481 es
2244 2425 2268 2478 ?
2290 2423 2484 2494 quibus
2511 2417 2682 2472 oculis
2711 2409 3004 2467 intueberis
3052 2403 3255 2459 amicos
3284 2393 3659 2452 honestiores?
3690 2391 3761 2446 Et

2167 2515 2293 2587 quid
2309 2491 2442 2571 vdico
2467 2508 2705 2566 amicos?
2736 2500 2960 2560 Etiamsi
2988 2498 3168 2553 nttllus
3207 2491 3455 2548 conscius
3483 2491 3572 2554 sit,
3599 2495 3655 2542 tu
3681 2495 3764 2539 te-

2169 2609 2342 2679 ipsum
2382 2603 2590 2673 cogeris
2619 2598 2848 2654 maxime
2874 2590 3114 2648 omnidm
3143 2586 3338 2642 rubore
3363 2597 3428 2638 ac
3450 2579 3763 2636 confusione

2169 2697 2511 2771 perfundere,
2534 2704 2588 2749 et
2603 2692 2834 2747 maxime
2854 2684 3093 2742 omnium
3129 2691 3328 2746 corpus
3372 2672 3642 2746 proprium
3668 2670 3764 2722 ab-

2171 2790 2417 2848 ominari.
2438 2786 2569 2842 Nam
2594 2786 2639 2839 si
2662 2783 2762 2836 hoc
2779 2797 2882 2835 non
2909 2785 3073 2840 esset,
3096 2786 3262 2844 quare
3284 2768 3353 2822 ad
3380 2767 3620 2820 balnequ
3644 2770 3768 2831 post

2175 2893 2450 2954 peccatum
2481 2877 2608 2932 illud
2629 2871 2837 2930 curris?
2868 2869 3056 2925 Nonne
3075 2866 3195 2936 quia
3227 2860 3374 2916 omni
3397 2859 3508 2912 luto
3529 2857 3766 2910 immun-

2174 2975 2382 3030 diorem
2415 2971 2645 3039 teipsum
2685 2979 2806 3020 esse
2833 2956 3063 3016 censes?
3102 2959 3273 3023 Quam
3316 2953 3473 3021 igitur
3510 2947 3770 3014 majorem

2179 3062 2528 3120 immunditia:
2555 3067 2658 3112 tua:
2675 3053 3044 3127 probationem
3071 3045 3287 3117 quieris,
3318 3043 3398 3096 vel
3421 3053 3578 3110 quant
3602 3038 3770 3090 Deum

2179 3164 2462 3226 exspectas
2489 3148 2808 3206 sententiam
2847 3144 3116 3202 daturum,
3169 3134 3388 3207 quando
3415 3141 3470 3184 tu
3517 3129 3651 3199 ipse,
3681 3128 3774 3196 qui

2180 3221 2466 3317 deliquisti,
2497 3243 2657 3297 talem
2681 3239 2747 3293 de
2775 3237 2926 3290 lactis
2949 3232 3053 3286 tuis
3078 3227 3398 3284 sententiam
3431 3233 3582 3276 tenes
3610 3221 3632 3272 ἓ

2253 3316 2498 3392 Balneum
2523 3334 2709 3387 anima
2725 3323 3132 3400 quale.—lgitur
3156 3319 3301 3390 quod
3325 3316 3395 3370 im
3402 3330 3561 3384 puros
3572 3327 3631 3366 se
3656 3324 3778 3365 esse

2183 3437 2422 3492 censent,
2479 3424 2637 3478 valde
2679 3420 2835 3474 laudo
2861 3427 2915 3472 et
2943 3412 3181 3486 approbo
3212 3427 3228 3476 ;
3257 3408 3398 3478 quod
3444 3415 3621 3458 autem
3671 3415 3778 3454 non

2185 3532 2390 3578 rectum
2407 3514 2720 3590 purificandi
2739 3512 2957 3567 modum
2993 3508 3244 3571 habeant,
3276 3501 3541 3572 improbo,
3570 3507 3625 3552 et
3647 3512 3772 3565 pro-

2187 3624 2368 3684 pterca
2394 3607 2745 3679 reprehendo.
2789 3603 2921 3658 Nam
2948 3601 2994 3654 si
3038 3594 3332 3667 corporalis
3377 3590 3584 3646 macula
3605 3596 3769 3650 esset,

2183 3709 2304 3778 jure
2319 3705 2628 3762 balneorum
2647 3693 3104 3770 purificatiouibus
3113 3704 3306 3759 corpus
3325 3687 3496 3756 ipsntn
3512 3683 3782 3742 ablueres,

2189 3798 2421 3852 animam
2458 3803 2636 3846 autctn
2663 3803 2783 3844 cum
2808 3780 3166 3854 coinquinat-is
3191 3788 3246 3834 ct
3273 3778 3536 3846 impuram
3572 3771 3781 3831 feceris,

2193 3890 2350 3944 talem
2369 3899 2549 3955 qumre
2566 3878 3131 3952 purificatioucm,qu:n
3149 3871 3287 3925 illitis
3305 3862 3790 3922 maculamabluere

2194 3952 2412 4052 poterit.
2441 3975 2594 4044 Quod
2622 3981 2802 4028 autem
2829 3978 2913 4024 est
2943 3967 3083 4022 illius
3113 3963 3336 4018 maculae
3367 3955 3656 4013 balneum?
3682 3952 3790 4008 Ca-

2198 4045 2291 4127 lidi
2341 4071 2694 4139 lacrymarum
2742 4063 2938 4126 fontes,
2970 4058 3199 4128 gemitus
3238 4069 3269 4108 e
3313 4049 3573 4120 profundo
3612 4045 3796 4099 cordis

2195 4163 2569 4225 ascendentes,
2594 4153 2934 4224 compunctio
2962 4156 3236 4220 perpetua,
3270 4155 3457 4215 preces
3499 4139 3790 4200 continuis,

2199 4257 2572 4324 eleemosynae,
2617 4259 2673 4303 et
2716 4247 3077 4313 elecmosyua:
3131 4239 3312 4308 largae,
3360 4249 3466 4288 non
3495 4231 3630 4285 ultra
3679 4228 3797 4281 haec

2204 4362 2366 4417 Opera
2412 4352 2700 4406 attentare,
2747 4336 3107 4392 condemnare
3153 4327 3298 4400 quod
3344 4325 3540 4380 factum
3571 4330 3677 4376 est.
3721 4317 3798 4372 Ita

2202 4437 2407 4512 peccati
2456 4445 2645 4490 natura
2673 4431 2930 4493 abluitur,
2974 4428 3046 4480 ita
3079 4429 3404 4493 expurgatur
3429 4416 3623 4472 anima).
3677 4427 3796 4467 ma-

2203 4529 2322 4586 cula
2350 4543 2366 4594 ;
2392 4537 2553 4596 atque
2603 4522 2744 4578 adeo
2773 4521 2818 4574 si
2850 4520 2964 4572 hzec
2993 4530 3100 4570 non
3147 4511 3454 4576 fecerimus,
3485 4503 3694 4561 etiamsi
3746 4503 3797 4555 in

2204 4636 2392 4678 onmes
2413 4619 2691 4672 fluminqu
2709 4615 2881 4668 fontes
2899 4605 3357 4669 descenderimus,
3381 4613 3555 4669 neque
3577 4609 3798 4666 parvam

2209 4713 2350 4766 illitis
2375 4711 2580 4780 peccati
2611 4714 2816 4776 partctu
2860 4701 3132 4770 depellere
3160 4693 3472 4766 poterimus.
3516 4689 3628 4743 Ιιιιο
3657 4686 3798 4756 quod

2210 4777 2424 4867 melius,
2467 4815 2535 4854 ne
2564 4807 2887 4851 attentcmus
2915 4793 3014 4846 hoc
3039 4787 3397 4844 ab0minabile
3422 4789 3716 4852 peccaturo.
3747 4777 3805 4832 St

2211 4897 2330 4964 quis
2354 4901 2533 4945 autem
2576 4886 2863 4958 aliquando
2900 4885 3269 4954 snpplantatus
3300 4875 3479 4938 fuerit,
3527 4872 3644 4926 haec
3673 4871 3807 4923 sub-

2208 4985 2360 5055 jiciat
2391 4979 2650 5044 remedia,
2699 4979 2844 5048 prius
2865 4977 3177 5045 promittens
3215 4986 3320 5023 non
3353 4968 3487 5021 ultra
3514 4978 3574 5018 se
3601 4963 3654 5016 in
3685 4960 3804 5015 haec

2215 5077 2608 5148 prolapsurum.
2658 5070 2818 5126 Certe
2848 5070 2892 5124 si
2948 5075 3230 5136 peccantes
3272 5056 3812 5115 condemnaverimns

2215 5169 2430 5240 quidem
2479 5181 2567 5232 ea,
2590 5179 2709 5234 quze
2743 5163 2851 5232 jam
2885 5159 3129 5221 fecimus,
3161 5158 3350 5210 iterum
3398 5165 3577 5205 autem
3619 5149 3810 5203 eadem

2217 5270 2565 5324 attentemus,
2590 5256 2732 5312 nulla
2755 5255 2856 5310 erit
2882 5248 3267 5322 pnrificationis
3291 5245 3508 5300 utilitas.
3541 5241 3640 5308 Qui
3666 5241 3813 5293 enim
3887 5253 3900 5264 ·

2220 5355 2475 5416 abluitur,
2503 5360 2559 5404 et
2583 5348 2771 5404 eodem
2799 5346 2910 5399 luto
2943 5345 3134 5396 iterum
3164 5339 3490 5408 inquinatur,
3519 5343 3574 5387 et
3597 5331 3686 5399 qui
3717 5328 3816 5382 de-

2223 5448 2438 5503 molitur
2459 5445 2646 5498 iterum
2673 5439 2813 5512 qund
2829 5436 3131 5500 aedificavit,
3159 5441 3216 5488 et
3240 5430 3329 5501 qui
3353 5426 3576 5483 aedificat
3597 5425 3823 5480 iterum.

2225 5549 2282 5593 ιιι
2309 5537 2575 5598 destruat,
2605 5532 2735 5586 nihil
2766 5526 2910 5582 aliud
2952 5524 3076 5579 inde
3117 5523 3252 5577 lucri
3280 5521 3426 5586 facit,
3475 5531 3635 5587 quam
3675 5515 3822 5582 quod

2228 5628 2418 5682 fruStra
2449 5625 2655 5680 laborat
2695 5628 3107 5676 etzerumnosus
3132 5621 3234 5668 est.
3269 5613 3428 5681 Igitur
3447 5617 3505 5676 et
3529 5620 3627 5662 nos
3670 5619 3738 5659 ne
3771 5605 3823 5656 in

2229 5736 2423 5774 vanum
2473 5723 2530 5772 et
2569 5715 2760 5769 frustra
2790 5710 2948 5764 vitam
2990 5708 3341 5768 insumamus,
3393 5701 3564 5771 priora
3605 5707 3821 5770 peccata

2233 5827 2608 5886 expuraemus,
2638 5819 2691 5864 et
2719 5804 2858 5878 quod
2891 5802 3153 5874 reliquum
3166 5810 3248 5854 est
3268 5796 3387 5852 vita:
3417 5798 3466 5849 in
3497 5789 3826 5846 continentia
