4110 6198
533 291 644 351 225

526 407 620 462 καὶ
642 408 711 480 τῇ
740 406 897 477 λοιπῇ
926 405 1273 478 διαγάγωμεν
1301 406 1471 477 ἀρετῇ
1496 422 1510 437 ·
1577 408 1667 460 ἵνα
1715 408 1809 461 καλ⁵
1838 405 1931 462 τδν
1972 405 2105 460 Θεὸν

525 490 738 562 εχοντες
777 488 962 552 ἵλεων,
1026 490 1126 558 τῆς
1168 489 1446 561 βασιλείας
1493 488 1601 542 τῶν
1645 490 1889 562 οὐρανῶν
1915 488 2106 544 ἐπιτύ-

525 590 738 644 λωμεν,
789 573 972 644 χάριτι
1013 573 1108 626 καὶ
1153 571 1535 644 φιλανθρωπίᾳ
1567 571 1665 626 τοῦ
1713 572 1918 643 Κυρίου
1950 572 2108 643 ήμῶν

1225 295 1285 351 S.
1324 295 1610 354 JOANNIS
1639 299 2124 359 CHRYSUSTOMI
2154 303 2476 361 ARCHIEP.
2514 304 3064 364 CONSTANTINOP.

2221 402 2398 559 Ἰησῃῦ
2415 403 2678 476 Χριστοῦ,
2698 397 2745 474 ᾧ
2762 407 2796 477 ή
2813 404 2939 471 δόξα
2957 404 3038 469 είς
3054 402 3182 467 τοὺς
3203 399 3403 463 αίῶνας
3426 396 3539 452 τῶν
3560 395 3784 450 αἰώνων.

2224 487 2329 558 Ἀμ
2368 506 2418 541 ν.

2224 487 2418 558 Ἀμήν.

1322 730 3775 761 ________________.___________________.—-

1364 895 1513 971 [2”]
1572 906 2155 994 ΕΓΚΩΜΙΟΝ
2208 906 2381 993 ΕΙΣ
2426 895 2955 994 ΜΑΞΙΜΟΝ

1471 1060 1577 1114 Καί
1606 1060 1741 1131 περὶ
1772 1061 1880 1115 τοῦ
1909 1062 2086 1129 ποίας
2108 1061 2205 1117 δεῖ
2227 1062 2477 1132 ἄγεσθαι
2510 1059 2824 1132 γυναῖκας.

588 1365 660 1414 α’.
684 1360 807 1413 Ὅτι
835 1359 933 1429 μὲν
957 1356 1293 1428 ἀπελείφθην
1312 1357 1467 1429 ὑμῶν
1488 1360 1555 1431 τῇ
1579 1358 1923 1431 παρελθούσῃ
1951 1357 2115 1413 συνά-

522 1446 624 1512 ξει,
645 1442 878 1514 ήλγησα’
895 1443 979 1497 δτι
1008 1442 1068 1496 δὲ
1097 1441 1503 1514 πλουσιωτέρας
1528 1442 1876 1497 ἀπελαύσατε
1907 1441 2111 1513 τραπέ-

520 1529 643 1598 ζης,
665 1527 864 1599 ἥσθην.
894 1526 954 1580 '0
976 1525 1087 1598 γὰρ
1109 1526 1227 1597 μετ’
1251 1524 1386 1597 ἐμοῦ
1402 1526 1495 1578 τὸν
1523 1525 1686 1594 ζυγὸν
1706 1526 1901 1591 ἕλκων,
1926 1525 2029 1596 τήν
2051 1540 2109 1577 τε

518 1611 737 1665 αῦλακα
766 1609 957 1682 πρώην
983 1612 1118 1679 ἡμῖν
1151 1607 1403 1678 ἀνέτεμε,
1433 1609 1528 1662 καὶ
1556 1609 1623 1662 τὰ
1658 1609 1952 1680 σπέρματα
1975 1625 2110 1661 κατ-

520 1692 680 1748 έϐαλε
710 1691 921 1763 δαψιλεῖ
964 1692 1213 1763 γλώττῃ,
1256 1691 1351 1744 καὶ
1388 1690 1527 1761 μετά
1556 1690 1758 1761 πολλῆς
1787 1692 1886 1762 τῆς
1918 1692 2113 1761 ἐπιμεη

520 1777 671 1840 λείας
705 1773 1020 1847 ἐγεώργησε
1047 1773 1148 1838 τάς
1186 1773 1457 1845 ὑμετέρας
1492 1774 1686 1843 ψυχάς.
1724 1773 1910 1827 Εῐδετε
1937 1771 2112 1842 γλῶτ-

519 1875 620 1913 ταν
652 1857 1141 1929 ὲκκεκαθαρμένην
1161 1896 1176 1921 ,
1220 1856 1491 1926 ἠκούσατε
1526 1855 1685 1924 λόγον
1719 1856 2111 1926 ἀποτετορνευ-

525 1943 718 2015 μένον,
767 1940 1113 1996 ἀπελαύσατε
1148 1939 1340 2005 ὕδατος
1370 1938 1665 2010 ἁλλομένου
1702 1939 1781 2002 είς
1809 1938 1953 2010 ζωὴν
1979 1940 2110 1992 αίώ-

2211 1361 2489 1432 δρότητος.
2525 1362 2783 1432 Ἄμεινον
2806 1360 2906 1432 μὲν
2932 1359 3041 1429 γάρ
3069 1360 3357 1435 μηδιὸλως
3383 1361 3653 1434 ἁμαρτεῖν
3671 1377 3689 1393 ο
3732 1362 3795 1418 οὐ

2214 1442 2410 1514 μικρὸν
2441 1443 2499 1497 δὲ
2535 1444 2615 1507 είς
2640 1443 2911 1514 σωτηρίας
2960 1441 3149 1513 λόγον,
3187 1444 3649 1515 κατοδυνηθῆναι,
3703 1446 3795 1499 καὶ

2212 1525 2565 1594 καταγνῶναι
2594 1524 2685 1579 τὸν
2713 1525 3097 1598 ἁμαρτάνοντα
3122 1527 3222 1596 τῆς
3244 1526 3438 1581 ἑαυτοῦ
3466 1526 3667 1596 ψυχῆς,
3704 1525 3796 1580 καὶ

2214 1608 2472 1679 μαστίξαι
2494 1609 2554 1662 τὸ
2588 1608 2826 1672 συνειδὸς
2856 1611 2995 1681 μετά
3034 1609 3236 1678 πολλῆς
3273 1610 3372 1680 τῆς
3403 1609 3689 1680 ἀκριϐείας
3709 1626 3725 1640 ’
3761 1610 3798 1680 ή

2212 1692 2320 1763 γὰρ
2345 1692 2570 1763 τοιαύτη
2599 1691 2944 1760 κατάγνωσις
2970 1692 3321 1763 δικαιοσύνης
3342 1693 3460 1745 ἐστὶ
3489 1693 3681 1763 μέρος,
3702 1693 3799 1745 καὶ

2210 1774 2346 1838 ὅλως
2387 1776 2481 1827 ἐπὶ
2508 1775 2569 1828 τὸ
2613 1777 2813 1846 μηκέτι
2849 1774 3190 1846 ἁμαρτάνειν
3233 1776 3463 1843 ἄγουσα.
3513 1775 3613 1828 Διά
3639 1774 3803 1828 τοῦτο

2212 1860 2306 1911 καὶ
2336 1861 2365 1911 ό
2393 1858 2603 1923 Παῦλος
2656 1858 2906 1929 λυπήσας
2955 1859 3082 1923 τοὺς
3119 1860 3511 1931 ἡμαρτηκότας
3554 1859 3798 1931 ἔχαιρεν,

2210 1942 2308 2013 οὐχ
2331 1944 2413 1996 ὅτι
2443 1940 2734 2014 ἐλύπησεν,
2758 1941 2874 1996 ἀλλ’
2894 1944 2977 1997 ὅτι
3001 1945 3066 2015 τῇ
3092 1942 3241 2017 λύπῃ
3266 1941 3595 2015 διώρθωσεν.
3631 1940 3801 2011 Ἐχά-

521 2040 655 2088 νιον,
686 2024 857 2078 είδετε
882 2025 1067 2096 πηγὴν
1095 2024 1373 2094 ποταμοὺς
1406 2024 1656 2091 ἀφιεῖσαν
1682 2021 1907 2092 χρυσίου
1939 2020 2111 2074 καθα·
2202 2044 2326 2095 ρην
2350 2025 2480 2097 γὰρ,
2513 2027 2701 2097 φησὶν,
2741 2027 2854 2095 οὐχ
2881 2025 2971 2079 ὅτι
2992 2024 3357 2095 ἐλυπήθητε,
3390 2024 3527 2079 ἀλλ’
3551 2025 3641 2078 ὅτι
3661 2026 3802 2079 uv-

526 2103 643 2175 ροῦ.
685 2103 920 2172 Λέγεταί
966 2120 1052 2167 τις
1085 2102 1331 2173 ποταμὸς
1365 2101 1591 2172 χρυσίου
1624 2099 1893 2170 ψήγματα
1921 2100 2109 2171 φέρειν

520 2188 634 2250 τοῖς
667 2185 1038 2258 περιοικοῦσιν
1078 2186 1240 2240 αὑτὸν
1274 2184 1604 2257 ἀνθρώποις,
1640 2184 1702 2237 οὐ
1745 2182 1848 2252 τῆς
1895 2183 2111 2253 φύσεως

519 2269 629 2322 τῶν
659 2266 868 2323 ὑδάτων
919 2269 982 2322 τὸ
1014 2269 1239 2340 χρυσίον
1281 2265 1601 2338 τικτούσης,
1656 2264 1771 2320 ἀλλ’
1802 2266 1989 2337 ἐπειδὴ
2014 2265 2109 2320 τοῦ

523 2352 770 2423 ποταμοῦ
813 2351 914 2416 τάς
943 2352 1126 2421 πηγάς
1162 2352 1222 2404 ὲν
1253 2350 1592 2421 μεταλλικοῖς
1624 2349 1778 2421 δρεσι
1801 2349 2109 2420 διέρχεσθαι

522 2434 745 2507 συνέϐη,
776 2435 846 2488 δι’
866 2433 1097 2489 ικείνων
1134 2433 1245 2487 τῶν
1289 2432 1463 2505 ὁρέων
1491 2435 1521 2485 δ
1551 2432 1800 2503 ποταμὸς
1843 2432 1985 2502 ῥέων
2015 2434 2111 2487 καὶ

520 2518 620 2589 τὴν
638 2520 883 2590 χρυσῖτιν
915 2517 1252 2589 παρασύρων
1285 2516 1392 2587 γῆν
1412 2557 1428 2581 ,
1459 2516 1734 2588 θησαυρὸς
1770 2519 1883 2581 τοῖς
1919 2534 2111 2588 παροι-

522 2601 678 2655 κοῦσι
707 2601 944 2669 γίνεται,
995 2599 1413 2670 ἐσχεδιασμένον
1457 2599 1713 2672 παρέχων
1739 2599 1830 2652 τὸν
1858 2599 2107 2654 πλοῦτον.

521 2683 725 2737 Τοῦτον
743 2683 837 2736 καὶ
864 2684 893 2735 ό
923 2680 1242 2744 διδάσκαλος
1271 2674 1426 2744 οὗτος
1455 2682 1768 2752 ἐμιμήσατο
1790 2679 1986 2752 πρώην
2019 2681 2111 2734 τὸν

523 2764 792 2836 ποταμὸν,
823 2763 1013 2835 ὥσπερ
1034 2762 1126 2816 διά
1149 2763 1485 2834 μεταλλικῶν
1515 2764 1709 2835 ὀρέων,
1741 2762 1848 2816 τῶν
1880 2763 2111 2834 Γραφῶν

524 2849 686 2921 ῥέων,
717 2847 894 2902 καὶτὰ
928 2847 1154 2919 χρυσίου
1178 2846 1377 2911 παντὸς
1397 2846 1698 2917 τιμιώτερα
1720 2847 1965 2917 νοήματα
1991 2849 2111 2910 ταῖς

523 2934 823 3006 ὑμετέραις
860 2933 1102 3005 κομίζων
1128 2933 1349 3003 ψυχαῖς.
1383 2932 1494 2986 Καὶ
1523 2929 1640 2985 οἶδα
1672 2933 1772 3003 μὲν
1790 2933 1871 2985 ὅτι
1900 2932 2113 3003 πτωχό-

522 3035 661 3094 τερα
690 3018 758 3072 τά
785 3019 1030 3089 ήμέτερα
1068 3017 1201 3088 ύμῖν
1225 3015 1478 3086 φαίνεται
1507 3016 1768 3087 σήμερον.
1793 3016 1852 3070 '0
1873 3014 1982 3088 γάρ
2012 3033 2113 3068 πε·-

522 3103 716 3174 νιχρᾶς
729 3099 1019 3156 ἀπολαύων
1038 3098 1319 3171 τραπέζης
1336 3097 1623 3169 διηνεκῶς,
1641 3099 1708 3152 ἀν
1728 3098 2112 3170 εὐπορωτέρας

526 3184 730 3256 μεταξύ
756 3201 858 3238 που
876 3182 1021 3248 τινὸς
1036 3182 1290 3254 ἐπιτύχῃ,
1309 3178 1427 3237 εἶτα
1453 3184 1589 3255 πρὸς
1614 3183 1713 3254 τὴν
1732 3181 1928 3236 ἑαυτοῦ
1952 3182 2112 3235 πάλιν

523 3267 830 3341 ἐπανέλθῃ,
881 3266 1087 3339 μᾶλλον
1116 3267 1289 3337 αὐτῆς
1335 3265 1628 3336 κατόψεται
1659 3265 1757 3337 τὴν
1786 3266 1997 3320 πενίαν.
2036 3266 2110 3319 Ov)

412 3396 413 3399 η
527 3354 634 3426 μὴν
675 3352 762 3407 διά
792 3351 952 3406 τοῦτο
978 3351 1340 3423 ὀκνηρότερον
1372 3349 1736 3420 ἀποδύσομαι.
1794 3351 1941 3403 ’Ῑστε
1978 3348 2110 3421 γάρ,

523 3436 723 3507 Παύλῳ
751 3433 1218 3508 μαθητευθέντες,
1245 3435 1338 3487 καὶ
1375 3432 1733 3506 χορτάζεσθαι
1762 3432 1858 3487 καὶ
1897 3434 2111 3503 πεινᾷν,

524 3522 619 3574 καὶ⁵
649 3517 998 3591 περισσεύειν
1026 3516 1121 3571 καὶ
1150 3516 1519 3587 ὑστερεῖσθαι,
1549 3515 1647 3569 καὶ
1670 3515 1795 3579 τοὺς
1824 3514 2113 3580 πλουσίους

525 3600 850 3673 θαυμάζειν,
863 3600 1103 3662 καὶτοὺς
1123 3598 1370 3670 πένητας
1388 3596 1464 3669 μὴ
1485 3596 1790 3653 διαπτύειν.
1819 3599 1930 3652 Καὶ
1946 3596 2114 3653 καθά·

525 3702 635 3757 περ
662 3684 713 3737 οί
742 3683 969 3754 φίλοινοι
1006 3681 1103 3736 καὶ
1127 3683 1176 3734 οί
1205 3681 1492 3752 φιλοπόται
1517 3680 1857 3746 ἀσπάζονται
1890 3681 1991 3753 μὲν
2019 3682 2114 3737 τὸν

524 3767 736 3840 ἀμείνω
764 3761 941 3830 οἶνον,
997 3763 1059 3819 ού
1101 3762 1209 3836 μὴν
1237 3764 1297 3818 δὲ
1339 3762 1435 3817 τοῦ
1483 3763 1906 3836 καταδεεστέρου
1945 3781 2113 3819 κατα-

526 3847 817 3923 φρονοῦσιν
834 3865 848 3880 ’
876 3847 1021 3903 οῦτω
1042 3847 1108 3920 δὴ
1125 3846 1223 3901 καὶ
1244 3848 1405 3918 ὑμεῖς
1434 3847 1563 3918 περὶ
1590 3847 1692 3917 τὴν
1712 3846 1821 3900 τῶν
1838 3846 1998 3901 θείων
2022 3846 2111 3900 λο-

525 3935 662 4004 γίων
682 3933 949 4007 ἀκρόασιν
967 3930 1293 4005 μεμηνότες,
1315 3928 1644 4001 ἀποδέχεσθε
1670 3930 1768 4000 μὲν
1787 3930 1914 3995 τοὺς
1938 3946 2115 4001 σοφωο

524 4016 718 4092 τέρους
746 4016 856 4070 τῶν
893 4014 1251 4080 διδασκάλων,
1281 4013 1376 4068 καὶ
1408 4014 1522 4077 τοῖς
1543 4012 1947 4085 εὐτελεστέροις
1974 4013 2030 4068 δὲ
2051 4014 2113 4067 ού

525 4104 627 4172 τὴν
656 4099 923 4172 τυχοῦσαν
967 4099 1238 4170 παρέχετε
1277 4096 1516 4169 σπουδὴν
1546 4096 1639 4150 καὶ
1671 4095 2001 4168 προθυμίαν.
2052 4098 2114 4152 Οί

530 4186 630 4255 μὲν
657 4182 766 4255 γὰρ
786 4181 976 4254 χαῦνοι
997 4182 1095 4237 καὶ
1118 4178 1631 4250 διαλελυμένοι,καὶ
1658 4180 1797 4252 πρὸς
1823 4178 1921 4252 τήν
1950 4182 2114 4234 πολυ-

526 4267 853 4339 τελεστέραν
876 4264 1137 4321 ναυτιῶσι
1170 4260 1479 4337 τράπεζαν·
1533 4264 1583 4315 οί
1610 4263 1667 4317 δὲ
1699 4262 2116 4338 διεγηγερμένοι

529 4351 624 4405 καὶ
651 4349 935 4423 νήφοντες,
955 4350 1050 4405 καὶ
1075 4347 1370 4411 πεινῶντες
1391 4346 1487 4400 καὶ
1513 4345 1777 4415 διψῶντες
1805 4348 1903 4419 τήν
1921 4349 2119 4404 δικαιο-

530 4435 721 4508 σύνην,
757 4434 854 4490 καὶ
902 4434 1041 4506 πρδς
1070 4432 1168 4505 τὴν
1205 4431 1536 4501 πενεστέραν
1570 4431 1710 4501 μετὰ
1746 4431 1948 4502 πολλῆς
1995 4433 2118 4504 τρέ.

529 4536 684 4592 χουσι
707 4516 1038 4592 προθυμίας.
1063 4516 1177 4571 Καὶ
1198 4515 1361 4570 ὅτιού
1387 4510 1645 4569 κολακεία
1668 4511 1737 4568 τά
1767 4515 2117 4587 ῥήματα,ἀπδ

529 4608 630 4676 τῆς
659 4602 852 4674 πρώην
882 4604 1015 4674 ὑμῖν
1044 4601 1336 4668 διαλέξεως
1367 4598 1667 4670 γενομένης
1692 4598 1853 4652 τοῦτο
1881 4599 2116 4664 ἐδείξατε

534 4687 790 4757 μάλιστα.
833 4684 1053 4757 Ἐπειδὴ
1086 4684 1199 4755 γάρ
1243 4682 1475 4746 πολλοὺς
1504 4683 1635 4753 1:591
1680 4681 1878 4753 γάμων
1925 4681 2118 4752 λόγους

530 4768 863 4840 ἐποιούμεθα
910 4767 1047 4840 πρὸς
1088 4768 1264 4839 ὑμᾶς,
1302 4764 1612 4828 δεικνύντες
1650 4763 1732 4817 δτι
1781 4765 1997 4836 μοιχεία
2033 4782 2118 4831 τις

531 4851 922 4926 ἀπηρτισμένη
953 4850 1016 4905 τὸ
1064 4849 1346 4905 ἐκϐάλλειν
1380 4850 1649 4918 γυναῖκας
1669 4888 1685 4915 ,
1717 4846 1752 4919 ἢ
1780 4848 2118 4923 ἐκϐεϐλημέ-

531 4950 629 5003 νας
652 4934 971 5009 λαμϐάνειν,
986 4934 1204 5001 ζώντων
1228 4933 1309 4987 ἔτι
1332 4932 1441 4986 τῶν
1458 4931 1741 5005 προτέρων
1763 4932 1993 5003 ἀνδρῶν,
2025 4935 2120 4988 καὶ

529 5019 624 5077 τόν
654 5019 750 5075 τοῦ
778 5019 1015 5092 Χριστοῦ
1046 5018 1210 5089 νόμον
1246 5014 1715 5084 ἀναγινώσκοντες
1745 5016 1839 5069 τὸν
1867 5015 2115 5085 λέγοντα,

529 5106 613 5159 ὅτι
662 5104 731 5158 '0
755 5102 1225 5172 ἀπολελυμένην
1266 5098 1544 5169 γαμήσας
1570 5097 1888 5168 μοιχᾶται,
1936 5098 2036 5152 καί
2085 5103 2120 5154 ό

531 5187 820 5243 ἀπολύων
883 5183 1138 5255 γυναῖκα
1165 5222 1180 5248 ,
1232 5181 1527 5250 παρεκτὸς
1573 5182 1762 5253 λόγου
1807 5181 2113 5249 πορνείας,

533 5268 697 5326 ποιεῖ
717 5266 913 5336 αὐτὴν
931 5263 1326 5337 μοιχευθῆναι
1345 5303 1361 5329 ,
1412 5258 1639 5328 πολλοὺς
1674 5258 1813 5319 ε’ίδον
1840 5266 1991 5320 κάτω
2018 5264 2116 5318 κύ-

535 5365 789 5417 πτοντας,
814 5351 874 5406 τὸ
901 5350 1192 5422 πρόσωπον
1216 5347 1541 5414 τύπτοντας,
1560 5348 1653 5401 καὶ
1680 5347 1800 5403 οὐδὲ
1824 5347 2115 5404 ἀνανεῦσαι

532 5435 870 5510 δυναμένους
894 5451 911 5467 ⁶
961 5435 1083 5489 τότε
1109 5432 1173 5506 δὴ
1213 5433 1308 5488 καὶ
1333 5434 1414 5498 είς
1434 5432 1526 5486 τὸν
1559 5430 1786 5506 οὐρανὸν
1810 5432 2118 5503 ἀναϐλέψας

534 5519 721 5576 εῐπονο
764 5518 1065 5591 Εὐλογητὸς
1092 5520 1122 5573 ό
1148 5513 1313 5584 Θεὸς,
1354 5517 1437 5572 δτι
1470 5516 1571 5572 οὑκ
1614 5518 1695 5581 είς
1726 5517 1926 5590 νεκρὰς
1953 5519 2123 5582 ἀκοάς

536 5604 874 5676 ινηχοῦμεν,
923 5602 1040 5657 ἀλλ’
1100 5600 1530 5674 ἐπιλαμϐάνεται
1576 5600 1674 5672 τῆς
1725 5599 1964 5664 διανοίας
2013 5600 2121 5655 τῶν

542 5686 852 5742 ἀκουόντων
886 5687 952 5739 τά
981 5685 1063 5758 [21
1076 5686 1133 5760 ἒ]
1164 5688 1425 5758 λεγόμενα
1467 5687 1604 5758 μετά
1633 5686 1833 5758 πολλῆς
1860 5686 1958 5758 τῆς
1989 5702 2118 5756 σφο-

2211 2109 2442 2179 πήθητε
2496 2112 2585 2174 εις
2628 2109 2987 2179 μετάνοιαν
3038 2109 3078 2177 ἡ
3112 2111 3223 2177 γὰρ
3261 2110 3414 2164 κατά
3448 2110 3596 2165 Θεὸν
3628 2109 3801 2177 λύπη

2207 2192 2534 2262 μετάνοιαν
2559 2195 2647 2260 εὶς
2676 2192 2982 2262 σωτηρίαν
3012 2190 3465 2261 ἀμεταμέλητον
3513 2190 3801 2261 κατεργά-

2214 2276 2385 2338 ζεται.
2411 2277 2535 2331 Εἴτε
2568 2276 2678 2347 γάρ
2700 2275 2841 2347 ὑπὲρ
2862 2274 2973 2330 τῶν
2999 2275 3237 2340 οἰκείων,
3262 2273 3371 2327 εἴτε
3395 2274 3538 2345 ὑπὲρ
3567 2274 3676 2327 τῶν
3704 2273 3801 2328 ἀλ-

2211 2358 2440 2430 λοτρίων
2462 2359 2586 2412 τότε
2632 2357 3051 2430 ἁμαρτημάτων
3077 2355 3378 2428 ήλγήσατε,
3413 2357 3623 2427 μυρίων
3647 2356 3801 2427 είητε

2211 2442 2449 2496 ἐπαίνων
2486 2441 2648 2506 ἀξιοι.
2687 2442 2817 2494 Ὅτε
2854 2440 2964 2511 γάρ
2998 2440 3137 2511 ὑπὲρ
3170 2437 3278 2493 τῶν
3309 2438 3608 2510 ἀλλοτρίων
3639 2437 3805 2509 ἀλγή-

2215 2541 2297 2579 σει
2325 2541 2428 2588 τις,
2464 2523 2793 2579 ἀποστολικά
2821 2523 3202 2578 ἀποδείκνυται
3233 2520 3540 2593 σπλάγχνα,
3574 2522 3670 2575 καὶ
3704 2520 3801 2574 τὸν

2218 2608 2372 2677 ἅγιον
2418 2608 2622 2661 ἐκεῖνον
2665 2607 2909 2678 μιμεῖται
2955 2606 3049 2660 τὸν
3097 2605 3326 2674 λέγοντα
3353 2623 3370 2637 ’
3415 2607 3510 2672 Τίς
3534 2603 3800 2667 ἀσθενεῖ,

2217 2692 2316 2746 καί
2349 2693 2462 2746 οὐκ
2492 2688 2758 2754 ἀσθενῶ;
2779 2691 2873 2756 τίς
2902 2687 3378 2753 σκανδαλίζεται,
3420 2688 3518 2742 καί
3546 2690 3657 2742 οὐκ
3682 2687 3804 2757 ἐγὼ

2217 2774 2515 2843 πυροῦμαι
2544 2789 2562 2837 ;
2603 2774 2732 2826 Ὅτε
2757 2772 2814 2826 δὲ
2853 2770 2993 2843 ὑπὲρ
3016 2771 3123 2825 τῶν
3147 2772 3361 2825 οίκείων
3397 2771 3588 2843 δηχθῇ,
3614 2772 3714 2841 τήν
3736 2787 3803 2824 τε

2218 2858 2310 2911 ἐπὶ
2345 2859 2458 2921 τοῖς
2487 2854 2589 2927 ήδη
2615 2854 2928 2926 τολμηθεῖσι
2952 2854 3169 2908 κόλασιν
3198 2853 3411 2915 ἔσϐεσε,
3443 2853 3537 2908 καὶ¹
3566 2853 3701 2924 πρὸς
3727 2853 3803 2906 τὰ

2222 2939 2483 3011 μέλλοντα
2515 2936 2705 2991 ἑαυτὸν
2734 2936 3139 3008 ἀσφαλέστερον
3160 2936 3248 2991 διά
3272 2936 3371 3008 τῆς
3396 2935 3569 3006 λύπης
3594 2934 3802 3004 ταύτης

2219 3025 2463 3094 ἐποίησε.
2505 3022 2605 3076 Διά
2632 3021 2806 3075 ταῦτα
2834 3017 2989 3088 κάγὼ
3022 3018 3329 3084 κύπτοντας
3363 3020 3527 3091 δρῶν,
3552 3018 3646 3071 καὶ
3673 3035 3804 3070 crte-

2218 3105 2495 3173 νάζοντας,
2543 3106 2637 3159 καὶ
2676 3103 2737 3157 τὸ
2766 3102 3055 3174 πρόσωπον
3090 3101 3409 3169 τύπτοντας,
3460 3104 3676 3173 ἔχαιρον
3706 3100 3806 3153 τὸν

2218 3191 2325 3247 ἀπὸ
2344 3191 2442 3263 τῆς
2471 3188 2647 3261 λύπης
2670 3186 2875 3258 ταύτης
2906 3186 3099 3240 έννοιῖιν
3133 3186 3362 3257 καρπόν.
3391 3185 3494 3239 Διά
3519 3184 3678 3238 τοῦτο
3705 3184 3804 3241 καὶ

2220 3277 2460 3347 σήμερον
2494 3275 2620 3346 περὶ
2649 3272 2746 3344 τῆς
2780 3270 2950 3342 αὐτῆς
2978 3269 3104 3340 ύμῖν
3130 3268 3437 3332 ὑποθέσεως
3461 3264 3803 3337 διαλέξομαι·

2218 3358 2359 3412 ὥστε
2413 3358 2539 3420 τοὺς
2577 3354 2933 3427 βουλομένους
2979 3355 3059 3417 είς
3114 3351 3292 3424 γάμον
3340 3349 3551 3415 ἐλθεῖν,
3598 3348 3803 3417 πολλὴν

2220 3442 2360 3515 ὑπὲρ
2392 3440 2488 3495 τοῦ
2523 3443 2846 3511 πράγματος
2874 3436 3066 3491 τούτου
3096 3435 3367 3491 ποιεῖσθαι
3403 3435 3683 3507 πρόνοιαν.
3734 3433 3802 3488 Εἰ

2218 3525 2326 3597 γὰρ
2370 3523 2548 3587 οίκίας
2591 3521 2845 3575 ὠνεῖσθαι
2882 3518 3164 3591 μέλλοντες
3194 3520 3287 3574 καὶ
3325 3518 3540 3580 οἰκέτας
3566 3556 3582 3578 .
3645 3534 3803 3587 περι-

2219 3606 2563 3680 εργαζόμεθα
2594 3605 2689 3658 καὶ
2721 3602 3283 3675 πολυπραγμονοῦμεν
3318 3600 3445 3664 τούς
3470 3616 3532 3653 τε
3555 3597 3801 3652 πωλοῦνο

2218 3708 2338 3756 τας,
2372 3688 2498 3753 τούς
2528 3705 2588 3741 τε
2608 3688 2915 3760 ἔμπροσθεν
2939 3685 3336 3759 κτησαμένους,
3365 3681 3543 3737 αὐτῶν
3568 3681 3676 3736 τῶν
3697 3698 3804 3733 πω-

2218 3773 2499 3844 λουμένων
2523 3770 2632 3824 τῶν
2676 3770 2773 3841 μὲν
2802 3768 2902 3839 τὴν
2934 3766 3297 3838 κατασκευὴν,
3344 3765 3453 3820 τῶν
3483 3765 3540 3819 δὲ
3577 3765 3674 3818 καὶ
3704 3762 3803 3834 τήν

2217 3854 2312 3911 τοῦ
2344 3852 2595 3926 σώματος
2639 3854 2773 3920 ἕξιν,
2822 3853 2917 3906 καλ⁸
2941 3854 3042 3922 τὴν
3084 3849 3186 3922 τῆς
3230 3850 3410 3921 ψυχῆς
3449 3849 3799 3920 προαίρεσιν·

2215 3936 2395 4010 πολλῷ
2423 3935 2622 4009 μᾶλλον
2650 3938 2910 4006 γυναῖκας
2940 3933 3237 4007 μέλλοντας
3268 3932 3520 4002 ἄγεσθαι,
3543 3931 3806 4003 πρόνοιαν

2214 4021 2484 4093 τοσαύτην
2534 4021 2627 4075 καὶ
2660 4019 2841 4091 πολλῷ
2873 4016 3094 4073 πλείονα
3125 4014 3531 4071 ἐπιδείκνυσθαι
3558 4015 3689 4086 χρή.
3719 4015 3806 4067 οι-

2215 4106 2342 4158 κίαν
2384 4105 2484 4176 μὲν
2517 4105 2627 4175 γὰρ
2671 4102 2881 4173 φαύλην
2907 4099 3075 4156 οὖσαν
3104 4098 3398 4156 ἀποδόσθαι
3422 4097 3581 4151 πάλιν
3602 4094 3805 4163 ἔξεστι,

2217 4187 2312 4240 καὶ
2339 4189 2556 4256 οίκέτην
2583 4185 2771 4239 σκαιὸν
2804 4185 3040 4253 φανέντα
3068 4182 3362 4238 ἀποδοῦναι
3387 4181 3465 4252 τῷ
3495 4180 3807 4250 πεπραχότι

2217 4270 2378 4325 πάλιν
2403 4270 2623 4340 ἀφίεται
2640 4287 2653 4299 ·
2684 4272 2919 4338 γυναῖκα
2940 4268 2995 4322 δὲ
3018 4266 3364 4339 λαμϐάνοντα
3385 4263 3677 4320 ἀποδοῦναι
3701 4264 3807 4315 πά-

2216 4351 2300 4405 λιν
2324 4354 2435 4416 τοῖς
2463 4351 2816 4407 ὲκδεδωκόσιν
2840 4352 2940 4406 οὐκ
2973 4350 3072 4414 ἔνι,
3112 4349 3249 4405 ἀλλά
3289 4349 3503 4418 ἀνάγκη
3536 4347 3685 4401 πᾶσα
3716 4345 3807 4399 διά

2216 4433 2403 4498 τέλους
2431 4434 2577 4488 ἔνδον
2616 4434 2759 4506 ἔχειν
2777 4475 2793 4502 ,
2856 4435 2890 4507 ἢ
2944 4432 3186 4507 πονηρὰν
3236 4428 3400 4487 οὖσαν
3449 4428 3801 4491 ἐκϐάλλοντα,

2221 4518 2435 4587 μοιχείᾳ
2466 4516 2784 4571 ἁλίσκεσθαι
2808 4515 2948 4571 κατά
2964 4517 3090 4582 τοὺς
3117 4514 3212 4570 τοῦ
3232 4514 3368 4569 Θεοῦ
3397 4513 3614 4584 νόμους.
3633 4513 3804 4564 Ὅταν

2217 4594 2309 4652 οὖν
2345 4600 2545 4673 μέλλῃς
2573 4599 2870 4671 λαμϐάνειν
2900 4602 3151 4669 γυναῖκα,
3184 4600 3260 4670 μὴ
3291 4599 3416 4662 τοὺς
3445 4595 3643 4661 ἔξωθεν
3673 4596 3808 4648 ἀνα-

2218 4683 2454 4750 γίνωσκε
2486 4684 2683 4755 νόμους
2713 4683 2904 4755 μόνον,
2949 4681 3084 4736 ἀλλά
3119 4682 3213 4735 καὶ
3247 4681 3352 4753 πρὸ
3383 4679 3607 4733 ἐκείνων
3629 4717 3644 4738 .
3677 4678 3808 4739 τοὺς

2219 4768 2350 4841 παρ’
2399 4768 2532 4840 ἡμῖν
2572 4766 2895 4837 κειμένους·
2943 4764 3086 4819 κατά
3127 4765 3237 4835 γάρ
3272 4762 3529 4828 τούτους,
3573 4761 3632 4813 ού
3681 4758 3807 4813 κατ’

2220 4851 2461 4913 ἐκείνους
2490 4866 2573 4902 σοι
2604 4848 2785 4919 μέλλει
2820 4848 3025 4921 κρίνειν
3055 4847 3198 4902 κατά
3224 4845 3320 4917 τὴν
3351 4845 3562 4916 ἡμέραν
3591 4842 3812 4912 ἐκείνην

2218 4938 2247 4989 ὁ
2268 4935 2399 4998 Θεός
2417 4952 2433 4964 ο
2464 4934 2703 4986 κάκεῖνοι
2737 4933 2833 5003 μὲν
2863 4931 3256 5002 παροφθέντες,
3314 4931 3394 4993 είς
3424 4929 3682 4998 χρήματα
3706 4924 3809 4996 τὴν

2221 5018 2426 5092 ζημίαν
2455 5015 2714 5077 πολλάκις
2746 5015 2984 5086 ἡνεγκαν
3013 5054 3027 5076 ,
3081 5010 3225 5068 οὗτοι
3253 5011 3311 5067 δὲ
3353 5010 3512 5065 τοῦτο
3542 5008 3811 5072 παθόντες

2221 5105 2286 5173 τῇ
2306 5102 2450 5172 ψυχῇ
2480 5100 2581 5163 τάς
2609 5100 3012 5170 ἀπαραιτήτους
3034 5097 3299 5167 ἐπάγουσι
3327 5092 3596 5167 τιμωρίας
3630 5094 3722 5147 καὶ
3743 5094 3801 5146 τὲ

2221 5184 2333 5256 πῦρ
2368 5186 2544 5238 έκεῖνο
2570 5184 2632 5237 τὸ
2654 5182 2933 5238 ἄσϐεστον.

2292 5268 2357 5339 β’.
2373 5267 2451 5337 Σῦ
2464 5267 2519 5322 δὲ
2537 5266 2662 5321 ὅταν
2683 5265 2879 5337 μέλλῃς
2896 5263 3122 5333 ἄγεσθαι
3138 5266 3393 5335 γυναῖκα,
3407 5260 3540 5332 πρὸς
3564 5258 3663 5339 μὲν
3682 5259 3810 5339 τοὺς

2224 5337 2329 5416 ἔξω
2350 5347 2608 5420 νομικοὺς
2642 5345 2781 5417 μετά
2813 5344 3012 5415 πολλῆς
3041 5344 3256 5416 τρέχεις
3293 5342 3391 5413 τῆς
3424 5338 3684 5408 σπουδῆς,
3717 5337 3816 5393 καὶ

2228 5430 2691 5503 παρακαθήμενος
2719 5429 2921 5493 αὐτοῖς,
2942 5427 3080 5499 μετά
3106 5427 3287 5496 πάσης
3311 5423 3597 5496 ἀκριϐείας
3622 5419 3811 5486 ἐξετά-

2228 5515 2362 5580 ζεις,
2394 5514 2445 5568 τί
2492 5514 2591 5585 μὲν
2619 5513 2790 5576 ἔσται,
2843 5512 2938 5564 έάν
2969 5510 3135 5574 ἄπαις
3160 5509 3461 5578 τελευτήσῃ
3499 5506 3532 5575 ή
3564 5504 3724 5574 γυνὴ,
3752 5503 3810 5557 τί

2227 5599 2285 5652 δὲ
2312 5598 2407 5651 ὲάν
2441 5599 2640 5668 ἔχουσα
2677 5595 2864 5659 παῖδα,
2902 5595 2955 5648 τί
3012 5594 3069 5647 δὲ
3096 5593 3190 5648 ὲάν
3219 5592 3314 5647 δύο
3360 5594 3454 5645 καὶ
3480 5592 3658 5660 τρεῖς,
3712 5588 3806 5642 καὶ

2230 5685 2347 5748 πῶς
2376 5683 2474 5756 μὲν
2505 5683 2701 5752 ἔχουσα
2734 5679 2963 5752 πατέρα,
2996 5679 3111 5744 πῶς
3130 5678 3184 5733 δὲ
3202 5679 3299 5733 οὐκ
3323 5678 3516 5751 ἔχουσα
3550 5678 3659 5740 τοῖς
3686 5678 3810 5731 ἐαυ-
