4110 6198
393 276 501 336 Ξιὶὶἱ

409 669 3587 701 W

1367 278 1642 350 QUALES
1681 283 2028 342 DUCENDIE
2065 287 2216 346 SINT
2255 290 2552 354 UXORES.
2593 295 2680 352 Ill.

397 402 453 444 et
499 391 778 446 honestate
829 392 1144 463 exterisque
1192 391 1479 448 virtutibus
1521 407 1764 464 agamus,
1819 402 1875 448 ut
1931 402 1988 448 et

395 489 565 542 Deum
593 483 994 540 misericordem
1027 485 1286 541 habentes
1311 499 1532 557 regnum
1555 487 1809 542 caelorum
1838 500 1987 542 asse-

3574 307 3679 367 226

2088 415 2336 470 quamur,
2387 407 2556 476 gratia
2604 417 2659 464 et
2701 408 3026 483 benignitate
3075 417 3284 474 Domini
3335 427 3501 480 nostri
3559 428 3684 486 lesu

2090 493 2306 561 Christi,
2329 499 2412 552 cui
2449 500 2517 554 sit
2543 500 2710 571 gloria
2737 502 2788 558 iu
2826 505 3022 560 saecula
3045 509 3387 568 saeculorum.
3415 518 3607 573 Amen.

1629 783 1894 856 LAUS
1936 783 2380 872 ΜΑΧΙΜΙ,

1375 959 1456 1001 ΕΤ
1499 956 1739 1010 QUALES
1785 955 2101 998 DUCENDE
2144 957 2285 1000 suv'r
2330 959 2574 1004 uxonss
2607 944 2722 1023 (α).

461 1195 514 1249 Ι.
558 1192 818 1248 Maximus
846 1193 1191 1265 Chrysostomi
1229 1195 1423 1266 collega
1450 1194 1710 1249 laudatur.
1735 1221 1806 1232 -—-
1825 1191 1976 1260 Quod

390 1285 604 1357 quidem
628 1286 885 1356 proximae
905 1287 1148 1341 collectae
1203 1287 1465 1342 interesse
1503 1284 1634 1339 mihi
1661 1297 1766 1338 non
1807 1282 1978 1338 conti-

388 1378 562 1448 gerit,
616 1377 968 1449 doluizquod
1007 1393 1134 1434 vero
1184 1377 1282 1448 ipsi
1335 1388 1444 1432 tum
1483 1377 1653 1447 magis
1701 1375 1974 1445 opiparam

387 1485 628 1524 mensam
655 1470 795 1524 nacti
816 1470 951 1536 sitis,
973 1471 1186 1540 gavisus
1217 1484 1356 1524 sum.
1392 1467 1540 1524 Meus
1569 1467 1712 1522 enim
1758 1465 1810 1520 in
1868 1474 1975 1519 tra-

388 1559 565 1616 hendo
581 1559 710 1629 jugo
729 1575 949 1630 compar
971 1601 985 1626 ,
1010 1576 1180 1631 nuper
1201 1559 1470 1631 proscisso
1497 1558 1645 1613 sulco
1677 1557 1838 1612 ubere
1868 1555 1972 1610 lin-

386 1667 486 1722 gua
516 1651 940 1722 inspersitetiam
960 1653 1185 1718 semina,
1207 1651 1460 1721 onmique
1485 1651 1754 1720 diligentia
1769 1657 1974 1704 vestras

387 1743 864 1798 excoluitanimas.
901 1742 1120 1798 Vidistis
1150 1743 1341 1814 linguae
1373 1742 1694 1812 puritatem,
1751 1739 1974 1793 audistis

387 1835 525 1890 bene
551 1843 814 1889 tornatam
859 1836 1179 1899 orationem,
1207 1833 1390 1888 datum
1423 1841 1505 1887 est
1532 1832 1680 1885 vobis
1709 1845 1844 1900 aqua
1872 1830 1972 1883 frui

386 1929 610 1983 saliente
655 1929 708 1981 in
737 1927 897 1982 vitam
937 1937 1194 1982 :eternam
1223 1945 1236 1980 :
1266 1925 1472 1980 vidistis
1517 1924 1716 1979 fontem
1758 1931 1970 1977 scaten-

388 2030 493 2075 tem
526 2019 699 2075 ﬂuviis
725 2035 914 2074 aurum
947 2035 1135 2090 purum
1157 2017 1537 2074 deferentibus.
1569 2015 1768 2070 Ferunt
1795 2030 1975 2084 quem-

387 2111 507 2166 dam
539 2111 756 2166 ﬂuviunt
785 2111 898 2166 auri
928 2119 1170 2166 ramenta
1204 2108 1400 2165 inferre
1425 2107 1619 2163 accolis
1639 2148 1651 2160 .
1686 2121 1788 2162 non
1829 2105 1972 2174 quod

386 2204 500 2273 ejus
527 2219 662 2273 aqua
691 2212 931 2258 naturam
963 2201 1244 2256 auriferam
1270 2201 1478 2263 habeat,
1508 2198 1602 2252 sed
1631 2197 1754 2268 quia
1799 2195 1973 2251 fontes

386 2295 503 2364 ejus
523 2296 769 2349 oriuntur
800 2295 850 2348 in
884 2294 1153 2348 montibus
1175 2291 1459 2347 metallicis
1487 2308 1500 2342 :
1537 2305 1632 2360 per
1657 2303 1752 2344 eos
1785 2287 1971 2343 labens

386 2387 581 2440 ﬂuvius
626 2399 923 2455 arenasque
951 2383 1169 2439 trahens
1216 2397 1406 2437 aureas
1425 2424 1439 2446 ,
1467 2381 1830 2437 accolentibus
1860 2381 1974 2437 the-

383 2491 577 2532 sauros
598 2475 770 2542 affert,
797 2476 938 2530 ultro
967 2476 1159 2530 oblatis
1198 2474 1414 2528 divitiis.
1461 2473 1628 2543 l‘lujus
1657 2471 1891 2526 ﬂuminis
1918 2473 1968 2527 in

387 2584 590 2623 morem
619 2583 790 2638 nuper
834 2568 921 2622 hic
949 2569 1201 2637 magister
1251 2565 1477 2621 labendo
1527 2580 1620 2634 per
1671 2565 1970 2634 Seriptnras

387 2670 653 2728 tamquam
680 2667 889 2713 montes
913 2658 1228 2720 metallicos,
1256 2655 1447 2728 quovis
1473 2671 1604 2710 auro
1626 2655 1971 2725 pretiosiores

385 2750 680 2805 sententias
704 2749 880 2804 intulit
909 2749 1100 2804 vestris
1130 2749 1342 2803 animis.
1374 2747 1710 2818 Quapropter
1751 2745 1863 2802 scio
1893 2747 1971 2802 fo-

386 2856 444 2896 re
473 2848 530 2894 ut
554 2849 842 2909 apparatus
865 2847 1046 2894 noster
1073 2838 1230 2894 hodie
1277 2838 1430 2892 vobis
1457 2837 1716 2892 videatur
1757 2838 1969 2892 exilior.

383 2930 484 2998 Qui
503 2931 646 2986 enim
674 2946 904 3001 paupere
927 2946 1111 2986 mensa
1142 2930 1394 2985 continue
1423 2928 1638 2995 fruitur,
1687 2929 1731 2982 si
1753 2928 1969 2998 quando

386 3022 524 3077 forte
547 3021 754 3076 fortuna
786 3022 837 3075 in
868 3020 1222 3090 copiosiorem
1249 3019 1514 3084 inciderit,
1575 3035 1698 3073 mox
1727 3018 1794 3073 ad
1851 3035 1971 3088 pro-

385 3120 552 3184 prlam
576 3129 826 3170 reversus
853 3123 1000 3168 tanto
1040 3113 1210 3182 magis
1250 3112 1414 3166 sentit
1437 3111 1552 3181 ejus
1584 3111 1836 3180 inopiam.
1872 3113 1968 3166 At-

383 3215 560 3261 tamen
625 3204 794 3259 nihilo
835 3204 1054 3274 segnius
1095 3203 1390 3257 orationem
1444 3201 1741 3272 aggrediar.
1791 3201 1971 3258 Nostis

383 3296 523 3349 enim
546 3310 576 3349 a
600 3295 763 3350 Paulo
780 3295 921 3349 docti
938 3295 1252 3360 etsaturari,
1281 3304 1336 3348 et
1357 3295 1583 3359 esurire,
1603 3293 1964 3361 etabundare,

381 3397 436 3442 et
459 3402 637 3457 egere,
670 3386 852 3442 mirari
881 3387 1093 3452 divites,
1128 3402 1226 3441 uec
1249 3396 1423 3440 tamen
1444 3401 1706 3456 pauperes
1730 3397 1969 3440 contem-

383 3493 510 3533 nere
533 3476 791 3548 (Philipp.
817 3479 870 3532 4.
906 3477 1015 3548 12).
1043 3478 1107 3532 Et
1127 3475 1576 3548 quemadmodum
1598 3476 1704 3530 viui
1727 3485 1968 3532 amantes

381 3580 436 3624 et
452 3577 722 3640 potatores
732 3569 1065 3624 delectantur
1079 3569 1293 3640 quidem
1312 3583 1598 3640 generoso,
1616 3567 1709 3623 sed
1732 3567 1968 3624 deterius

383 3677 487 3716 non
511 3660 826 3715 fastidiunt:
859 3661 936 3715 sic
977 3676 1070 3716 vos
1097 3675 1308 3731 quoque
1337 3661 1427 3730 qui
1480 3659 1736 3730 deperitis
1787 3659 1966 3715 divina

380 3751 612 3821 eloquia,
637 3753 923 3822 magistros
945 3750 1214 3805 doctiores
1259 3751 1531 3823 suscipitis
1551 3791 1566 3817 ,
1598 3751 1668 3804 ita
1700 3760 1877 3806 tamen
1910 3760 1966 3806 ut

381 3858 490 3896 non
518 3843 736 3910 vulgare
775 3841 1012 3896 Studium
1044 3841 1364 3910 impendatis
1392 3842 1552 3896 etiam
1583 3840 1963 3896 mediocribus.

377 3934 477 4003 Qui
498 3934 638 3988 enim
662 3934 789 3988 luxu
815 3933 1082 3992 difﬂuunt.
1107 3933 1190 3988 vel
1211 3933 1276 3987 ad
1320 3943 1688 4003 sumptuosam
1725 3950 1964 3989 mensam

379 4025 745 4081 nauseabuudi
773 4025 1154 4081 discumbunt:
1188 4035 1373 4080 contra
1403 4024 1569 4079 sobrii
1591 4025 1681 4094 qui
1721 4024 1966 4080 esuriant

376 4134 441 4174 ac
464 4119 652 4174 sitiunt
670 4118 954 4190 justitiam,
977 4119 1060 4172 vel
1083 4117 1149 4173 ad
1183 4134 1468 4189 pauperem
1501 4133 1740 4173 mensam
1773 4132 1963 4187 magna

377 4212 653 4266 alacritate
677 4220 984 4266 accurrunt.
1017 4209 1169 4276 Quod
1200 4221 1378 4265 autem
1407 4210 1521 4265 haec
1549 4224 1654 4264 non
1684 4209 1872 4279 loquar
1896 4209 1961 4264 ad

375 4303 623 4373 gratiam,
655 4307 923 4373 proximo,
954 4317 1115 4373 quem
1149 4318 1318 4371 nuper
1359 4302 1425 4358 ad
1477 4317 1572 4357 vos
1625 4301 1784 4356 habui
1843 4300 1916 4373 (ὁ)
1945 4343 1960 4367 ,

375 4409 629 4451 sermone
658 4395 788 4450 satis
801 4393 1068 4464 apparuit.
1097 4393 1229 4448 Cum
1262 4393 1403 4456 enim
1427 4391 1592 4447 multa
1622 4392 1783 4447 verba
1817 4391 1963 4446 face-

377 4501 558 4542 remus
579 4487 646 4541 de
667 4485 934 4556 eonjugio,
959 4485 1215 4540 docentes
1257 4499 1462 4538 merum
1491 4498 1612 4539 esse
1641 4482 1960 4538 adulterium

376 4577 646 4632 dimittere
677 4592 896 4642 uxores,
937 4586 1031 4631 aut
1056 4575 1304 4630 dimissas
1333 4575 1454 4628 vivo
1491 4575 1782 4629 etiamnum
1816 4578 1958 4644 prio-

377 4685 437 4726 re
484 4671 678 4726 marito
728 4670 965 4736 ducere,
1005 4671 1469 4740 allegaremusque
1509 4668 1678 4738 legem
1725 4669 1794 4723 ab
1846 4670 1961 4739 ipso

376 4763 593 4819 Christo
622 4764 800 4828 latam,
822 4762 909 4818 ubi
933 4762 1130 4818 diserte
1153 4761 1360 4833 legitur,
1392 4760 1491 4830 Qui
1511 4761 1771 4816 dimissam
1797 4761 1956 4828 ducit,

378 4857 636 4912 committit
665 4857 989 4922 adulterium,
1035 4866 1080 4908 et
1109 4856 1195 4925 qui
1235 4867 1418 4924 prwter
1441 4854 1606 4925 stupri
1645 4871 1849 4908 causam
1875 4856 1955 4906 di-

377 4950 528 5004 mittit
546 4966 774 5012 mrem,
791 4949 911 5012 facit
927 4965 1037 5002 eam
1057 4947 1339 5000 adulteram
1363 4945 1576 5018 (Matth.
1591 4947 1642 5001 5.
1659 4947 1773 5015 52),
1790 4948 1961 5000 anim-

372 5045 579 5100 adverti
611 5043 804 5098 tnultos
841 5041 1077 5097 demisso
1120 5042 1295 5108 capite
1337 5039 1546 5094 caedere
1594 5039 1692 5094 sibi
1747 5040 1956 5108 faciem,

373 5151 436 5190 ac
468 5150 536 5190 ne
556 5134 757 5190 vultum
788 5132 1003 5204 quidem
1036 5146 1191 5202 posse
1229 5131 1476 5185 attollere
1505 5148 1518 5183 :
1549 5129 1616 5184 ad
1647 5130 1787 5200 quod
1836 5146 1957 5199 spe-

373 5226 640 5281 ctaculum
667 5224 890 5278 sublatis
912 5223 962 5277 itt
993 5221 1182 5276 etrlum
1213 5221 1404 5285 oculis,
1437 5219 1751 5274 Benedictus
1777 5262 1790 5283 ,
1823 5221 1953 5282 dixi,

377 5318 539 5382 Deus,
568 5316 708 5387 quod
728 5331 833 5369 ttutt
865 5314 1087 5369 mortuis
1110 5312 1706 5375 inclautemusaurihns,
1727 5313 1819 5367 sed
1861 5330 1956 5366 nn-

434 5478 511 5539 (a)
541 5475 718 5527 (:ollata
741 5481 981 5539 cumgnss.
997 5471 1206 5539 (iolbert.
1222 5473 1382 5539 970et
1407 5473 1542 5539 1950,
1561 5472 1607 5520 in
1623 5473 1801 5539 quibus
1812 5473 1956 5523 deest

371 5535 508 5594 illud.
534 5547 654 5590 Laus
671 5535 888 5596 maximi,
912 5535 1119 5599 perinde
1140 5541 1288 5599 atque
1320 5537 1370 5584 in
1393 5535 1509 5599 edit.
1536 5535 1673 5599 savil.
1702 5547 1715 5584 :
1740 5540 1953 5599 attamen

370 5595 1139 5662 genuntum‘existlmo.’[idem
1164 5595 1352 5646 munito.
1393 5595 1660 5645 Admodum
1696 5609 1844 5659 pauca
1877 5597 1954 5646 hic

370 5658 625 5712 ὖυυιιιτυιιι
647 5660 910 5712 lectionum
932 5658 1222 5707 discrimina.

431 5725 505 5785 (ο)
539 5732 703 5788 Supra,
722 5721 892 5773 ttomil.
909 5721 973 5772 de
997 5718 1163 5770 libello
1184 5718 1390 5782 repudii.

2087 1205 2196 1250 stra
2223 1199 2382 1252 verba
2410 1200 2756 1261 vehementer
2783 1215 3002 1278 tangant
3029 1212 3332 1272 auditorum
3359 1234 3587 1280 animos.

2191 1289 2582 1360 Justiﬁcationis
2643 1315 2762 1368 pars
2829 1311 3088 1371 peccatum
3152 1308 3414 1367 damnare.
3474 1314 3678 1372 Mature

2084 1381 2146 1434 de
2209 1385 2398 1454 nuptiis
2459 1388 2860 1447 deliberandum.
2916 1425 2985 1435 —
3034 1397 3218 1456 Salius
3262 1403 3479 1474 quidem
3532 1421 3677 1465 esset

2083 1477 2300 1532 omnino
2347 1494 2376 1532 a
2426 1483 2700 1550 peccando
2747 1487 3056 1555 abstinere,
3101 1507 3206 1548 non
3249 1510 3468 1565 parvum
3496 1507 3672 1557 tamen

2082 1567 2148 1622 ad
2177 1569 2402 1626 salutem
2427 1586 2755 1631 momentum
2782 1587 2885 1644 est,
2942 1582 3178 1654 agnitum
3211 1597 3486 1654 peceatum
3517 1591 3672 1648 dam«

2085 1677 2232 1726 nare,
2281 1672 2334 1719 et
2386 1667 2649 1737 castigare
2699 1669 2985 1741 diligenter
3026 1678 3441 1747 conscientiam,
3491 1692 3674 1754 utpote

2081 1769 2201 1807 eum
2254 1754 2353 1809 hoc
2393 1757 2565 1826 ipsmn
2631 1759 3032 1828 justifieationis
3072 1783 3194 1835 pars
3223 1769 3334 1835 sit,
3388 1781 3442 1827 et
3498 1774 3672 1844 impo-

2082 1854 2283 1900 sterunt
2333 1862 2363 1901 a
2419 1851 2690 1918 peccando
2732 1865 2931 1910 arceat.
2986 1857 3120 1912 Hine
3171 1870 3255 1916 est
3311 1864 3455 1932 quod
3513 1869 3670 1922 etiam

2084 1935 2279 1990 Paulus
2329 1953 2444 2005 eos,
2496 1942 2585 2012 qui
2632 1957 2982 2013 peccaverant
3013 1989 3028 2013 ,
3083 1953 3429 2012 contristatos
3488 1958 3672 2015 videns

2080 2026 2380 2121 gaudebat,
2413 2046 2518 2086 non
2559 2033 2628 2090 ob
2680 2050 2866 2092 eorum
2915 2039 3219 2108 tristitiam,
3261 2046 3356 2102 sed
3399 2051 3542 2118 quod
3579 2066 3672 2121 per

2082 2116 2219 2173 hanc
2264 2122 2601 2180 occasionem
2647 2130 2876 2185 correcti
2929 2143 3126 2188 essent.
3181 2116 3428 2207 Gaudeo,
3476 2116 3668 2212 inquit,

2080 2225 2179 2263 non
2207 2215 2343 2282 quod
2367 2218 2649 2272 contristati
2670 2220 2887 2289 fueritis,
2938 2226 3028 2280 sed
3066 2230 3201 2297 quod
3249 2233 3538 2288 contristati
3564 2238 3671 2292 sitis

2079 2301 2148 2402 ad
2176 2304 2517 2371 pamitentiam
2543 2326 2562 2363 :
2593 2326 2709 2364 nam
2735 2314 2822 2380 qui
2846 2317 3121 2370 secundum
3151 2318 3314 2374 Deum
3357 2333 3429 2377 est
3478 2325 3626 2380 dolor
3649 2367 3668 2390 ,

2079 2395 2122 2484 is
2149 2395 2490 2461 paenitentiam
2519 2401 2588 2454 ad
2627 2403 2841 2458 salutem
2875 2422 2977 2461 non
3001 2408 3208 2463 dubiam
3233 2413 3370 2481 parit
3420 2414 3513 2484 (2.
3548 2416 3668 2471 Cor.

2075 2483 2132 2536 7.
2164 2485 2217 2540 9.
2255 2486 2364 2556 lO).
2397 2489 2536 2559 Ergo
2559 2492 2674 2548 sive
2717 2497 2945 2565 propriis
2970 2539 2985 2564 ,
3027 2502 3142 2556 sive
3191 2503 3384 2559 alienis
3432 2483 3667 2576 peccatis

2081 2585 2205 2632 tunc
2236 2577 2560 2649 indoluistis,
2587 2584 2791 2656 ingenti
2824 2588 2979 2643 laude
3006 2592 3136 2646 estis
3180 2592 3503 2664 dignissimi.
3533 2597 3664 2655 Nam

2077 2669 2237 2739 etqui
2263 2686 2361 2740 pro
2377 2672 2568 2728 alienis
2589 2673 2756 2743 dolet,
2781 2680 3073 2748 apostolica
3096 2699 3202 2752 pra:
3227 2699 3287 2740 se
3312 2685 3420 2742 fert
3441 2687 3664 2756 viscera,

2078 2769 2131 2813 et
2159 2761 2372 2816 beatum
2404 2763 2555 2820 illum
2588 2767 2845 2835 imitatur,
2873 2771 3166 2840 dicentem,
3200 2776 3326 2842 Quis
3349 2779 3661 2849 inﬁrmatur,

2077 2861 2123 2904 ct
2149 2869 2239 2923 ego
2267 2870 2366 2908 non
2391 2856 2666 2925 inﬁrmor?
2713 2862 2825 2928 quis
2850 2864 3268 2936 scandalizatur,
3321 2881 3371 2925 et
3421 2888 3514 2942 ego
3567 2891 3666 2929 non

2077 2946 2313 3018 uror(2.
2352 2948 2469 3004 Cor.
2515 2953 2601 3006 ll.
2633 2953 2765 3026 29)?
2813 2956 2880 3011 Et
2923 2959 3014 3027 qui
3059 2963 3289 3032 propriis
3336 2965 3617 3023 mordetur
3645 3007 3660 3035 ,

2076 3037 2308 3095 debitam
2335 3042 2625 3098 sceleribus
2646 3047 2757 3100 suis
2785 3063 2996 3115 pmuam
3019 3052 3305 3121 exstinxit,
3330 3065 3383 3110 et
3411 3073 3505 3126 per
3523 3057 3665 3116 hunc

2076 3129 2316 3186 dolorem
2349 3134 2400 3187 in
2422 3133 2660 3190 futurutn
2687 3153 2748 3192 se
2792 3140 3090 3196 cautiorem
3142 3145 3393 3201 reddidit.
3443 3148 3554 3205 llac
3597 3151 3665 3206 de

2075 3236 2231 3277 causa
2256 3239 2355 3294 ego
2394 3240 2608 3298 quoque
2635 3244 2756 3285 cum
2785 3230 3019 3288 viderem
3047 3250 3142 3289 vos
3173 3236 3412 3294 demisso
3440 3243 3618 3312 capite
3644 3285 3661 3306 .

2075 3327 2456 3388 gementesque
2478 3330 2533 3375 et
2559 3321 2842 3377 tundentes
2865 3322 3078 3392 faciem,
3109 3329 3324 3397 gavisus
3375 3346 3493 3386 sum
3519 3336 3666 3404 cogiv

2079 3417 2196 3464 laus
2216 3420 2444 3480 quantus
2471 3413 2540 3466 sit
2568 3411 2772 3468 fructus
2799 3415 2915 3484 ejus
2939 3418 3188 3474 tristitize.
3234 3419 3352 3488 Quo
3400 3421 3460 3477 lit
3508 3434 3566 3480 ut
3611 3435 3662 3480 et

2078 3501 2234 3558 hodie
2279 3503 2417 3558 idem
2448 3516 2824 3576 argumentum
2871 3518 3098 3569 tractare
3148 3511 3346 3581 libeat,
3399 3525 3457 3570 ut
3475 3517 3663 3586 quibur

2075 3593 2220 3648 cordi
2263 3603 2389 3650 sunt
2418 3598 2638 3668 nuptiae,
2666 3608 2875 3654 mature
2895 3601 2962 3656 de
2987 3601 3091 3657 hoc
3114 3605 3329 3674 negotio
3348 3605 3646 3664 deliberent

2075 3685 2131 3741 Si
2157 3686 2299 3742 enim
2323 3687 2540 3745 domum
2566 3693 2797 3762 empturi
2818 3702 2909 3748 aut
2930 3695 3214 3767 mancipia,
3243 3698 3456 3756 curiose
3483 3703 3656 3757 cousi-

2074 3775 2326 3833 deramus
2359 3788 2466 3833 tum
2487 3781 2816 3848 venditores,
2847 3794 2957 3838 tum
2987 3786 3198 3856 priores
3225 3786 3495 3856 dominos,
3521 3790 3661 3862 ἱρεοσ

2077 3883 2194 3922 rum
2235 3884 2449 3940 quoque
2489 3873 2754 3928 venalium
2802 3885 2908 3930 tam
2955 3877 3200 3948 corporis
3250 3879 3617 3940 habitudinem
3646 3925 3663 3950 ,

2072 3975 2230 4030 quam
2256 3962 2488 4017 indolem
2514 3965 2712 4020 animi:
2747 3976 2948 4036 quanto
2977 3971 3146 4041 magis
3168 3971 3556 4042 dispiciendqu
3585 3988 3665 4033 est

2071 4055 2138 4111 de
2165 4055 2340 4111 futura
2359 4057 2626 4128 conjuge?
2651 4059 2879 4114 Domum
2905 4061 3072 4128 enim,
3095 4063 3142 4118 si
3165 4064 3353 4121 vitiosa
3373 4067 3479 4134 sit,
3535 4068 3663 4126 licet

2071 4146 2246 4202 denuo
2276 4147 2509 4203 vendere
2527 4188 2544 4214 ,
2570 4148 2715 4205 sicut
2742 4161 2797 4205 et
2825 4164 3040 4206 servum
3071 4167 3300 4223 nequam
3331 4167 3662 4228 compertum

2072 4241 2338 4298 venditori
2377 4244 2703 4301 restituere:
2731 4261 2955 4302 uxorem
3003 4262 3131 4303 vero
3173 4249 3344 4305 semel
3389 4261 3662 4322 acceptam

2071 4347 2177 4388 non
2210 4334 2336 4388 item
2363 4333 2440 4390 fas
2465 4343 2546 4390 est
2566 4350 2596 4389 a
2625 4335 2817 4406 quibus
2837 4337 3109 4406 acceperis
3137 4337 3399 4396 reddere:
3429 4341 3527 4396 sed
3557 4358 3659 4399 ne-

2069 4439 2222 4480 cesse
2247 4435 2331 4480 est
2362 4425 2417 4480 in
2441 4436 2758 4497 perpetuum
2796 4441 2914 4483 eam
2951 4427 3094 4483 domi
3123 4428 3342 4499 habere,
3373 4431 3475 4488 nisi
3506 4435 3660 4491 mali:

2069 4533 2132 4572 ea
2164 4527 2223 4573 ut
2251 4517 2490 4588 improba
2515 4518 2685 4588 ejecta
2716 4533 2843 4574 reus
2868 4517 3116 4574 adulterii
3139 4519 3287 4590 juxta
3319 4521 3490 4594 legem
3516 4524 3657 4581 divi-

2071 4625 2192 4664 nam
2222 4611 2356 4667 lieri.
2389 4610 2613 4679 Quando
2657 4610 2818 4682 igitur
2839 4627 3060 4668 uxorem
3091 4612 3350 4670 ducturus
3396 4631 3456 4674 es
3484 4658 3502 4684 ,
3551 4633 3658 4674 non

2067 4703 2240 4758 solum
2261 4705 2415 4759 civile
2437 4704 2545 4774 jus,
2578 4719 2761 4760 verum
2790 4705 2952 4760 etiam
2976 4706 3400 4764 ecclesiasticum
3449 4711 3609 4782 legito
3641 4731 3655 4768 :

2069 4809 2191 4849 nam
2217 4795 2513 4851 secundum
2535 4796 2654 4862 hoc,
2675 4810 2783 4852 nou
2811 4796 2961 4863 illud,
2981 4807 3218 4855 extrema
3238 4799 3328 4857 die
3337 4801 3656 4868 iudicandus

2066 4901 2097 4941 a
2147 4887 2257 4942 Deo
2299 4900 2400 4942 es:
2429 4893 2485 4941 et
2529 4886 2624 4941 illo
2648 4895 2960 4958 contempto
2988 4903 3364 4959 saepenumero
3414 4895 3655 4962 pecuniis

2068 4987 2270 5033 tantum
2302 4977 2664 5045 mulctaberis,
2696 4978 2798 5036 hoc
2825 4989 3002 5037 autem
3022 4982 3230 5038 calcato
3258 4983 3654 5057 inanimazsup-

2066 5069 2279 5139 plieimn
2308 5069 2509 5124 incides
2536 5079 2590 5125 et
2612 5069 2783 5140 ignem
2813 5071 3325 5143 inexstinguibilem.

2134 5163 2187 5215 2.
2231 5161 2308 5215 Tu
2337 5176 2462 5216 vero
2503 5176 2721 5216 uxorem
2764 5162 3018 5219 ducturus
3061 5165 3267 5221 externi
3293 5165 3430 5235 juris
3453 5165 3647 5234 peritoi

2065 5253 2342 5323 diligenter
2365 5253 2622 5318 consulis,
2655 5261 2709 5308 et
2751 5252 2870 5308 illos
2914 5253 3253 5323 frequentans
3280 5255 3510 5310 sollicite
3535 5255 3654 5313 diso

2063 5345 2250 5414 quiris,
2277 5345 2399 5414 quid
2431 5346 2662 5400 futurum
2693 5344 2782 5408 sit,
2815 5344 2858 5398 si
2905 5360 2966 5399 ea
3002 5345 3225 5402 decedat
3264 5344 3419 5401 nullis
3453 5335 3659 5402 relictis

2063 5437 2264 5501 liberis,
2283 5436 2407 5506 quid
2431 5436 2477 5490 si
2501 5437 2661 5490 lilium
2685 5435 2970 5505 relinquat,
2989 5435 3112 5505 quid
3135 5436 3260 5492 item
3281 5436 3326 5491 si
3347 5435 3454 5492 duo
3473 5445 3650 5494 tresve

2062 5530 2261 5587 fuerint
2289 5528 2601 5598 superstites
2623 5569 2636 5592 ,
2673 5538 2782 5582 tum
2805 5528 3071 5598 quomodo
3099 5528 3220 5583 vivo
3246 5537 3397 5598 patre
3425 5543 3523 5585 suo
3551 5529 3648 5586 deo

2061 5620 2307 5676 funetove
2333 5621 2489 5676 rebus
2516 5619 2628 5674 suis
2656 5633 2816 5674 usura
2847 5620 2947 5685 sit,
2979 5627 3232 5688 quantum
3254 5635 3317 5675 ex
3345 5620 3460 5690 ejus
3486 5621 3650 5691 patri-

2060 5711 2238 5766 utouio
2275 5712 2484 5778 marito,
2519 5719 2774 5778 quantum
2819 5707 3070 5765 fratribus
3114 5709 3350 5767 mulieris
3389 5717 3644 5776 ubi-mire
