4110 6198
469 256 574 312 2ξῖ

463 370 655 424 debeat
684 386 697 423 :
727 367 939 438 quando
965 369 1090 422 item
1119 367 1362 421 uniVersa
1393 367 1574 422 uxoris
1601 365 1738 420 bona
1769 364 2046 420 retinenda

462 444 590 525 sint,
619 470 687 514 tta
715 471 766 514 ιιι
793 456 922 513 nihil
953 475 1018 512 ex
1059 459 1137 513 eis
1171 458 1261 512 alii
1295 457 1696 513 concedendum
1721 457 1810 523 sit,
1841 459 2052 528 quando

464 565 646 608 contra
676 553 970 609 cedendum
989 536 1244 606 omnibus
1272 569 1286 605 :
1310 552 1518 623 aliaque
1543 552 1734 606 similia
1768 560 2049 622 perconta-

465 649 539 702 ris
561 647 842 709 curiosius,
877 647 1050 702 modis
1075 647 1322 701 omnibus
1347 647 1782 718 circumspiciens
1823 663 1889 702 ne
1925 648 2052 718 quid

462 757 524 794 ex
551 741 729 796 uxoris
759 740 913 796 boois
939 741 1004 795 ad
1032 751 1254 810 agnatos
1279 742 1446 812 ipsius
1475 743 1678 808 redeat,
1707 743 1972 813 quamvis,
1997 753 2054 796 ut

459 833 566 900 jam
593 831 724 896 dixi,
750 832 793 886 si
815 832 939 900 quid
963 842 1154 901 praeter
1180 834 1482 901 opinionem
1503 833 1776 899 acciderit,
1798 833 2050 888 damnum

463 933 513 977 te
556 932 809 991 sequatur
850 931 1052 976 tantutn
1097 925 1478 993 pecuniarum;
1517 933 1752 979 attamen
1794 924 1926 979 nihil
1958 924 2053 979 lto-

459 1032 578 1069 rum
605 1017 922 1070 contemnis.
957 1017 1036 1070 Au
1069 1033 1174 1070 ttott
1199 1016 1488 1070 absurdum
1521 1015 1751 1083 videtur,
1780 1031 1902 1072 cum
1935 1026 2052 1071 tan-

465 1117 570 1162 tam
621 1114 877 1161 rationem
924 1107 1214 1162 habeamus
1247 1108 1516 1178 pecuniae,
1545 1108 1736 1162 animat
1761 1108 2051 1177 periculum

460 1211 514 1252 et
558 1198 877 1253 reddendam
910 1198 961 1252 in
999 1198 1085 1252 illa
1124 1198 1210 1252 die
1249 1199 1508 1253 rationem
1535 1211 1901 1266 contemnere,
1926 1215 2048 1255 cum

463 1289 550 1344 ltic
583 1290 914 1360 potissimum
945 1305 1070 1343 cura
1094 1288 1391 1342 adhibenda
1418 1289 1519 1343 sit?

534 1381 731 1436 Paulus
756 1382 1064 1436 matrimonii
1092 1382 1222 1453 leges
1252 1382 1548 1452 pra’scribit.
1587 1381 1783 1437 Uxores
1801 1383 2059 1453 quomodo,

460 1477 751 1547 diligendis.
783 1505 850 1514 -—
879 1475 1002 1530 Ideo
1031 1491 1224 1530 uxores
1252 1477 1489 1530 ductoris
1518 1475 1718 1530 suadeo
1745 1487 1805 1532 ιιι
1839 1485 2050 1531 beatum

464 1569 681 1622 Paulum
706 1567 930 1634 adeant,
969 1579 1022 1623 et
1059 1568 1202 1638 leges
1229 1567 1368 1638 apud
1394 1582 1514 1622 eum
1544 1567 1611 1622 de
1639 1568 1888 1640 cettjngio
1913 1569 2049 1625 scri-

461 1669 579 1729 ptas
606 1659 899 1729 pet-legant,
929 1658 1248 1730 cognitoque
1284 1660 1430 1731 prius
1454 1659 1595 1731 quod
1633 1659 1724 1715 ille
1756 1671 1936 1716 censet
1978 1663 2054 1715 ia-

461 1755 730 1820 ciendum,
760 1756 805 1810 si
833 1771 967 1810 uxor
993 1755 1264 1824 contingat
1292 1755 1553 1810 malitiosa
1581 1765 1673 1809 aut
1700 1755 1822 1809 vino
1850 1753 2048 1822 dedita,

461 1846 506 1901 si
532 1847 792 1902 maledica
816 1856 906 1900 aut
935 1846 1075 1901 fatua
1101 1846 1330 1902 similive
1353 1846 1582 1901 obnoxia
1615 1846 1744 1901 vitio
1765 1887 1782 1912 ,
1813 1857 1923 1902 tum
1952 1847 2050 1902 de-

462 1951 606 1990 mum
644 1936 713 1992 de
756 1937 951 2007 nuptiis
987 1935 1240 2007 cogitent.
1289 1937 1344 1992 Si
1395 1937 1537 1992 enim
1583 1937 1780 1992 videris
1806 1953 1930 1992 eum
1959 1939 2050 1992 tibi

461 2027 769 2096 permittere
794 2027 844 2080 in
871 2042 978 2082 uno
1007 2028 1194 2098 quovis
1233 2028 1320 2082 tali
1357 2029 1484 2082 vitio
1523 2027 1914 2098 deprehensam
1954 2044 2051 2083 ex-

461 2119 660 2187 pellere
683 2118 863 2186 domo,
896 2129 948 2174 et
981 2119 1138 2173 aliam
1177 2135 1272 2189 pro
1307 2119 1391 2172 illa
1434 2119 1792 2186 introducere,
1822 2129 1878 2174 ttt.
1900 2129 2048 2174 extra

460 2211 750 2280 periculum
779 2209 1100 2265 constitutus
1129 2209 1270 2264 bono
1294 2219 1410 2264 esto
1440 2211 1637 2264 animo.
1679 2209 1830 2278 Quod
1864 2211 1908 2264 si
1951 2209 2052 2264 huc

457 2318 562 2358 non
589 2303 748 2367 sinat,
787 2304 881 2358 sed
922 2303 1106 2374 jttbeat
1146 2302 1516 2373 quodcumque
1546 2312 1738 2372 pra‘tcr
1767 2302 2043 2373 impudici-

459 2395 582 2449 tiam
635 2396 820 2450 vitinm
877 2395 1162 2450 habentem
1211 2393 1465 2465 diligere,
1510 2395 1734 2448 ohlirma
1789 2395 2047 2459 animum,

455 2488 606 2557 quasi
637 2489 839 2542 laturus
865 2487 1155 2558 quamlibet
1174 2487 1289 2554 ejus
1313 2485 1621 2555 nequitiam.
1655 2485 1746 2540 Sin
1773 2487 1873 2540 ltoc
1891 2500 2050 2554 grave

456 2577 665 2632 videtur
688 2588 739 2632 et
772 2577 1129 2642 intolerabile,
1153 2591 1366 2630 omnem
1394 2591 1576 2628 curam
1608 2575 1801 2628 adhibe
1827 2584 1883 2628 ut
1905 2591 2050 2629 cont-

457 2665 692 2733 tnodam,
722 2667 891 2737 aequis
937 2666 1173 2720 moribus
1219 2665 1531 2735 praeditam,
1577 2675 1627 2720 et
1668 2665 2048 2735 obsequentem

458 2775 678 2815 uxorem
701 2759 865 2814 ducas
890 2799 907 2824 ,
939 2768 1118 2814 certus
1145 2757 1307 2828 quod,
1331 2759 1376 2813 si
1407 2759 1598 2812 malam
1628 2759 1864 2825 duxeris,
1888 2760 2050 2814 alter-

457 2862 633 2906 utrum
679 2851 981 2907 necessario
1029 2851 1288 2922 sequitur,
1319 2859 1376 2904 ut
1419 2860 1509 2904 aut
1556 2849 1698 2904 feras
1742 2859 2047 2920 perpetuam

457 2944 778 3009 molestiam,
807 2951 897 2997 aut
932 2943 977 2998 si
1026 2942 1129 2998 hoc
1171 2943 1328 3010 nolis,
1361 2942 1532 3013 ejecta
1565 2943 1650 2997 illa
1680 2958 1803 2998 reus
1834 2945 1929 2998 tias
1955 2942 2053 2998 ad-

459 3034 654 3088 ulterii.
703 3034 805 3102 Qui
840 3035 971 3088 enim
1006 3035 1140 3104 ejicit
1181 3050 1409 3100 uxorem,
1445 3035 1643 3105 inquit,
1672 3033 1858 3106 absque
1895 3051 2050 3090 causa

456 3128 836 3196 fornicationis,
865 3128 986 3199 facit
1011 3144 1121 3183 eam
1146 3126 1430 3182 adulteram
1462 3143 1481 3182 :
1505 3137 1549 3182 et
1572 3129 1660 3198 qui
1687 3129 1759 3182 sic
1788 3129 2048 3183 dimissam

455 3219 615 3286 ducit,
637 3219 901 3274 committit
921 3218 1225 3274 adulterium
1254 3218 1464 3290 (Matth.
1488 3219 1540 3273 5.
1561 3217 1672 3289 3‘2).
1709 3219 1832 3274 llaec
1857 3221 1900 3275 si
1926 3229 2051 3277 ante

456 3312 668 3382 nuptias
704 3322 849 3367 recte
890 3309 1280 3382 dispexerimus
1300 3351 1314 3375 ,
1352 3319 1407 3366 et
1437 3311 1583 3381 iegcs
1613 3310 1708 3365 has
1733 3313 2046 3381 cognoveri-

457 3418 596 3469 mus,
625 3403 867 3458 dabimus
891 3417 1111 3472 operam
1149 3411 1206 3456 ιιι
1246 3401 1314 3454 ab
1353 3400 1504 3455 initio
1530 3411 1705 3470 aptam
1729 3413 1778 3455 et
1810 3402 2047 3456 morihns

457 3494 654 3548 nostris
691 3492 1094 3547 convenientem
1139 3491 1393 3546 ducamus
1423 3506 1439 3544 :
1465 3506 1573 3561 quo
1617 3491 1754 3546 iacto
1794 3507 1900 3545 non
1948 3493 2050 3546 hoc

457 3591 662 3637 tantum
696 3582 1038 3646 Iucrabimur,
1081 3581 1224 3649 quod
1267 3597 1386 3634 eum
1427 3597 1714 3651 numquam
1751 3581 2045 3650 cjieiemus,

455 3673 550 3728 sed
578 3687 771 3742 magno
795 3672 954 3727 etiam
983 3671 1176 3726 aﬂ‘ectu
1205 3686 1323 3726 eam
1353 3671 1639 3742 diligemus
1657 3714 1673 3738 ,
1702 3673 2048 3742 quemadmos

455 3765 582 3820 dum
611 3765 802 3820 Paulus
828 3763 1086 3834 praecipit.
1111 3763 1244 3818 Cum
1272 3764 1413 3821 enim
1445 3765 1704 3821 dixisset:
1735 3765 1839 3820 Viri
1865 3782 2048 3821 uxores

455 3857 670 3928 diligant
694 3855 909 3928 (Ephes.
943 3856 995 3911 5.
1025 3856 1120 3927 25)
1147 3874 1159 3909 :
1185 3871 1291 3910 non
1318 3855 1406 3912 hic
1430 3858 1690 3925 constitit,
1709 3857 1801 3912 sed
1831 3859 2045 3914 modum

455 3948 616 4003 etiam
643 3949 841 4003 amoris
872 3948 1173 4017 prasilnivit.
1209 3947 1302 4020 [At
1322 3963 1479 4019 quem
1502 3949 1758 4006 tandem?
1792 3949 1897 4005 Viri
1928 3951 2048 4005 dili-

455 4042 556 4112 gite
584 4057 785 4096 uxores.
833 4040 929 4095 Dic
966 4040 1274 4110 quomodo?
1311 4057 1470 4112 quem
1499 4041 1627 4096 milti
1653 4043 1902 4114 diligendi
1935 4060 2050 4098 mo-

455 4134 581 4188 dum
608 4133 942 4204 praescribis?
965 4131 1064 4205 (a)]
1111 4132 1258 4188 Sicut
1296 4143 1344 4187 et
1377 4131 1608 4188 Christus
1645 4135 1821 4188 dilexit
1864 4133 2045 4189 Eccle-

455 4227 605 4280 siam.
656 4225 723 4280 Et
764 4225 1052 4296 quomodo,
1093 4240 1310 4295 quaeso,
1339 4225 1584 4280 Christus
1630 4227 1852 4282 dilexit?
1881 4227 1964 4282 Ita
1994 4239 2048 4283 ut

457 4319 774 4389 semetipsum
805 4335 897 4387 pro
938 4333 1000 4372 ea
1039 4318 1273 4372 traderet.
1325 4317 1502 4388 itaque
1531 4319 1739 4373 etiamsi
1776 4319 1910 4372 tnori
1950 4335 2048 4389 pro

457 4428 623 4468 uxore
661 4421 934 4481 oporteat,
977 4425 1309 4480 nequaquam
1352 4410 1806 4480 tergiversaheris.
1837 4409 1969 4464 Nam
1999 4412 2044 4466 si

459 4505 716 4559 Dominus
743 4518 949 4556 servant
983 4501 1050 4555 ita
1077 4500 1284 4566 dilexit,
1309 4509 1366 4554 ut
1391 4509 1562 4555 semet
1589 4516 1684 4570 pro
1704 4517 1765 4554 ea
1791 4501 2044 4569 traderet,

409 4607 413 4611 ‘
458 4594 625 4648 multo
650 4593 817 4661 magis
840 4606 1154 4646 conservam
1183 4600 1396 4660 oportet
1424 4591 1503 4646 sic
1525 4590 1692 4661 diligi.
1731 4591 1839 4647 Sed
1864 4592 2046 4647 vidca-

459 4698 600 4747 mus,
633 4699 700 4736 ne
730 4681 865 4736 forte
894 4680 1228 4750 pulchritudo
1253 4697 1465 4750 sponsa:
1489 4691 1582 4736 aut
1609 4683 1860 4751 pneclara
1889 4683 2045 4738 indo-

462 4774 541 4828 les
562 4787 817 4843 sponsum
846 4772 1141 4825 attraxerit.
1185 4771 1263 4826 Ne
1291 4772 1392 4826 hoc
1419 4772 1632 4842 quidem
1654 4772 1832 4827 dicere
1862 4788 2046 4842 possu-

460 4881 599 4919 mus.
632 4863 782 4930 Quod
807 4863 947 4916 enim
973 4862 1228 4918 deformis
1255 4877 1319 4917 ac
1339 4861 1541 4932 impura
1575 4862 1752 4926 fuerit,
1780 4863 1900 4916 andi
1928 4879 2046 4933 qua:

458 4957 710 5028 deinceps
737 4967 1024 5026 sequantur
1092 4955 1221 5009 Nam
1259 4971 1381 5009 cum
1421 4956 1669 5021 dixisset,
1701 4955 1935 5009 Tradidit
1963 4973 2042 5010 se-

459 5049 624 5118 ipsnm
652 5065 744 5117 pro
772 5064 852 5112 ea,
884 5063 1004 5102 tttox
1035 5047 1334 5116 subjunxit,
1364 5045 1432 5101 Ut
1455 5049 1789 5115 sancti/icore!
1813 5065 1923 5102 cum
1947 5064 2042 5116 pu-

458 5142 708 5209 riﬁcatam
747 5142 947 5194 lavacro
976 5156 1122 5210 aqua
1156 5139 1316 5206 (Ibid.
1349 5155 1394 5192 υ.
1425 5138 1554 5210 26).
1604 5140 1737 5194 Cutn
1763 5150 1938 5194 autem
1967 5140 2046 5194 di-

455 5232 528 5286 cit
557 5232 907 5303 puriﬁcatam,
942 5232 1174 5285 ostendit
1213 5231 1472 5300 impuram
1497 5239 1622 5285 ante
1648 5230 1813 5286 fuisse
1835 5241 1888 5285 et
1912 5248 2042 5285 con-

459 5323 790 5385 lttlt‘tilldlaltl,
828 5322 985 5390 idque
1014 5336 1118 5375 non
1148 5305 1350 5391 vulgari
1396 5320 1721 5390 impuritate,
1752 5321 1844 5376 sed
1891 5323 2046 5394 longe

459 5415 709 5480 maxima,
745 5422 801 5466 ιιι
826 5431 944 5483 qua:
977 5413 1163 5468 nidore
1193 5429 1258 5468 ac
1279 5413 1424 5467 fumo
1451 5429 1748 5483 cruoreqne
1777 5431 1897 5468 cum
1927 5416 2047 5471 aliis

463 5507 508 5563 id
551 5523 720 5577 genus
759 5508 1052 5563 innumeris
1082 5507 1334 5562 sordebat
1365 5508 1606 5563 maculis.
1652 5508 1902 5563 Attamen
1939 5525 2043 5563 non

514 5643 592 5754 Si.)
625 5651 752 5751 itare,
779 5656 887 5753 quia
911 5643 1100 5754 upciuis
1124 5641 1428 5704 clauduntur,
1449 5644 1497 5694 in
1521 5651 1681 5695 timeo
1707 5657 1801 5693 non
1829 5649 2041 5706 exstant,

590 5717 621 5751 ιι
647 5717 816 5754 et-rres
861 5719 940 5754 eet
969 5740 980 5753 .

459 5704 547 5754 scd
571 5704 816 5765 lutet-pres
839 5704 980 5768 legit.

1206 257 1266 313 S.
1303 253 1582 312 JOANNIS
1618 252 2088 312 CllliYSOSTOMI
2127 251 2448 314 ARCIIIEP.
2487 256 3024 318 CONSTANTINOP.

3628 267 3736 320 ειη

2159 378 2435 424 aversatus
2457 379 2540 426 est
2567 370 2683 442 ejus
2706 372 3119 440 deformitatem,
3151 375 3244 432 sed
3271 376 3669 434 transformavit
3691 382 3742 434 in

2162 459 2434 516 meliorem
2476 461 2664 519 faciem
2704 466 2943 522 remissis
2969 469 3200 537 peccatis
3232 469 3486 539 pristinis.
3515 469 3665 529 Hunc
3691 488 3743 530 et

2163 559 2216 604 tu
2239 551 2462 608 imitare.
2495 553 2608 608 Etsi
2639 555 2921 625 plurimmn
2961 562 3012 612 in
3058 568 3109 615 te
3146 576 3282 616 uxor
3317 566 3636 632 peccaverit,
3663 576 3748 622 to—

2161 651 2269 695 tum
2306 643 2355 698 ei
2397 645 2610 700 remitte
2637 655 2688 701 et
2713 648 2954 704 condona
2987 667 3002 703 :
3029 651 3076 706 si
3107 653 3245 708 male
3273 664 3531 710 moratam
3559 668 3746 714 nactus

2160 731 2355 802 fueris,
2385 736 2587 808 reiinge
2609 753 2728 794 eam
2755 738 2823 794 ad
2855 740 3142 798 bonitatem
3172 760 3235 799 ac
3260 747 3746 818 mansuetudinem,

2158 826 2298 881 sicut
2321 839 2375 883 et
2400 828 2645 886 Christus
2671 833 2984 888 Ecclesiam.
3016 835 3132 890 Non
3158 837 3330 892 solum
3353 840 3494 894 enim
3519 842 3747 896 immun-

2157 918 2342 973 ditiam
2364 920 2479 989 ejus
2498 923 2767 990 abstersit,
2792 925 2886 980 sed
2907 927 3113 981 senium
3137 944 3348 1000 quoque
3365 930 3564 986 abrasit
3585 943 3749 988 exuto

2159 1009 2324 1065 veteri
2372 1012 2626 1081 homine,
2671 1015 2763 1085 qui
2815 1025 2958 1072 totus
3001 1021 3282 1076 constabat
3323 1038 3356 1077 e
3383 1023 3544 1079 vitiis.
3591 1025 3744 1092 Quod

2157 1104 2318 1158 etiam
2362 1104 2557 1160 Paulus
2585 1107 2884 1165 subindicat
2911 1109 2994 1165 bis
3018 1111 3195 1166 verbis
3216 1155 3232 1176 ,
3265 1113 3332 1169 Ut
3361 1116 3611 1171 exhiberet
3631 1135 3746 1172 eam

2156 1195 2350 1263 sibiipsi
2369 1197 2640 1266 gloriosam
2665 1197 2964 1266 Ecclesium,
2988 1218 3087 1256 non
3108 1204 3364 1258 habentem
3386 1207 3634 1264 maculam
3655 1219 3748 1263 aut

2157 1305 2336 1358 rugam
2383 1287 2611 1362 (Ep/tes.
2644 1289 2845 1363 5.27)
2876 1310 2890 1347 :
2918 1310 3027 1349 non
3069 1296 3214 1350 enim
3249 1298 3522 1367 pulchram
3570 1305 3745 1357 solum

2159 1379 2405 1445 reddidit,
2435 1382 2532 1437 sed
2550 1392 2604 1438 et
2617 1382 2890 1454 juvenem,
2912 1402 3018 1441 non
3039 1386 3188 1457 juxta
3214 1399 3455 1444 naturam
3478 1407 3558 1446 con
3573 1394 3744 1463 poris,

2156 1470 2250 1526 sed
2275 1471 2425 1542 juxta
2451 1475 2736 1530 voluntatis
2763 1475 3148 1534 habitudinem.
3177 1481 3286 1537 Nec
3313 1482 3420 1538 hoc
3447 1486 3619 1540 solum
3649 1489 3746 1541 ad—

2159 1562 2439 1618 miratione
2478 1565 2694 1636 dignum
2723 1578 2801 1623 est
2824 1610 2840 1635 ,
2875 1569 3016 1639 quod
3047 1582 3234 1626 nactus
3259 1573 3575 1640 deﬁtrmetn,
3607 1580 3745 1633 mala

2158 1653 2292 1708 facie
2319 1655 2616 1724 pra-ditant,
2647 1667 2854 1728 tttrpem
2882 1678 2942 1715 ae
2967 1664 3216 1727 vetulam,
3244 1680 3348 1719 non
3368 1679 3643 1722 aversatus
3661 1679 3748 1724 est

2158 1745 2317 1801 talem
2344 1764 2357 1799 :
2380 1747 2474 1802 sed
2500 1749 2641 1819 quod
2663 1750 2818 1806 morti
2847 1753 3078 1823 seipsnm
3105 1754 3360 1825 oltjiciens
3389 1759 3601 1813 reﬁnxit
3623 1777 3744 1816 eam

2159 1835 2211 1888 in
2238 1836 2685 1906 pulchritudinem
2715 1842 3080 1900 incredibilem
3106 1863 3120 1901 :
3143 1847 3237 1903 sed
3268 1850 3408 1919 quod
3433 1853 3593 1907 etiam
3624 1864 3747 1923 post

2159 1929 2272 1982 Ita:c
2288 1944 2433 2000 sche
2446 1931 2768 1988 sordidatam
2781 1935 3205 1994 animadvertetis
3218 1949 3273 1995 et
3289 1944 3630 2014 maculatam,
3646 1962 3746 2002 nec

2156 2019 2300 2088 ejicit
2324 2037 2442 2076 eam
2469 2038 2500 2077 e
2527 2023 2763 2080 thalamo
2783 2067 2798 2093 ,
2831 2042 2930 2083 nec
2955 2028 3226 2099 abrumpit
3264 2048 3434 2088 nexus
3469 2037 3696 2107 conjngii
3725 2057 3741 2105 ;

2156 2111 2250 2166 sed
2277 2113 2477 2167 mavult
2505 2129 2621 2170 eam
2648 2131 2839 2174 curare
2861 2160 2875 2182 ,
2906 2129 2960 2174 et
2985 2121 3235 2176 remediis
3259 2126 3544 2196 corrigere.
3573 2129 3742 2196 Quam

2159 2200 2306 2256 ntttlti
2335 2202 2498 2270 enim,
2528 2221 2729 2276 qtneso,
2759 2217 2879 2277 post
2917 2220 3188 2280 acceptant
3230 2212 3387 2268 fidem
3433 2216 3484 2269 in
3531 2229 3742 2285 peccata

2157 2293 2350 2363 relapsi
2377 2297 2541 2350 sunt?
2566 2313 2664 2352 nec
2692 2307 2866 2353 tamen
2903 2315 2996 2356 eos
3033 2302 3101 2355 ob
3137 2301 3238 2359 hoc
3278 2304 3490 2361 fastidiit
3524 2326 3537 2362 :
3571 2311 3744 2378 qualis

2155 2386 2254 2442 fuit
2281 2388 2368 2445 ille
2383 2389 2474 2459 qui
2498 2389 2636 2460 apud
2657 2390 2962 2448 Corinthios
2982 2404 3223 2465 stuprum
3237 2399 3597 2463 commiserat,
3618 2416 3740 2455 cunt

2154 2489 2298 2535 esset
2337 2482 2635 2536 membrum
2677 2483 2964 2551 ECCICSit19;
2998 2488 3338 2543 nihilontinus
3369 2507 3472 2544 non
3504 2494 3741 2548 cxci~unt

2155 2581 2237 2625 est
2269 2570 2318 2625 id
2351 2572 2670 2636 membrum,
2703 2575 2797 2630 sed
2825 2577 3038 2631 sanitati
3073 2579 3356 2634 redditum.
3385 2582 3520 2650 Quin
3550 2593 3602 2638 et
3631 2584 3741 2639 Ga-

2157 2662 2380 2716 latarum
2428 2662 2665 2719 Ecclesia
2709 2666 2953 2721 universa
2996 2669 3202 2732 resiliit,
3233 2684 3283 2726 et
3317 2672 3367 2725 in
3405 2671 3737 2729 Judaismum

2155 2752 2298 2822 lapsa
2330 2762 2433 2818 est,
2457 2763 2692 2809 attamen
2727 2772 2793 2810 ne
2823 2757 2965 2812 illaut
2992 2761 3207 2828 quidem
3236 2764 3447 2830 repulit,
3472 2764 3562 2818 sed
3587 2780 3744 2819 cura-

2155 2852 2261 2897 tam
2290 2843 2437 2898 Panli
2464 2861 2624 2914 opera
2647 2846 2712 2900 ad
2739 2848 3012 2917 pristinam
3039 2850 3253 2905 reduxit
3277 2855 3737 2910 consuetudinem.

2153 2935 2611 3003 Quemadmodum
2654 2950 2707 2994 et
2751 2941 2802 2994 in
2853 2943 3050 2996 nostris
3081 2945 3396 3013 corpurihus
3436 2947 3478 3001 si
3525 2951 3742 3004 morbus

2151 3027 2425 3096 acciderit,
2461 3043 2564 3084 non
2603 3031 2898 3086 membrum
2943 3035 3325 3100 altsciuditttus,
3368 3037 3461 3091 sed
3496 3041 3739 3095 utorbuttt

2152 3119 2397 3191 pellinttts
2426 3137 2440 3174 :
2471 3119 2549 3175 sic
2587 3131 2638 3176 ct
2674 3138 2792 3176 cum
2840 3139 3005 3179 uxhre
3051 3127 3314 3196 agendum
3351 3138 3452 3183 est.
3499 3129 3556 3183 Si
3597 3132 3739 3200 quod

2154 3209 2277 3264 insit
2315 3210 2363 3264 ci
2393 3211 2594 3270 vitium.
2627 3228 2694 3267 ne
2744 3215 2910 3283 ipsam
2954 3215 3153 3284 ejicias,
3187 3217 3280 3272 sed
3310 3219 3491 3274 vitium
3519 3220 3736 3290 abigito.

2151 3302 2310 3372 Atqui
2340 3318 2472 3356 uxor
2490 3303 2704 3373 quidem
2727 3305 2998 3360 emendari
3025 3318 3218 3376 potest,
3242 3311 3540 3364 membrum
3561 3323 3740 3366 autent

2154 3394 2396 3448 mutilum
2415 3411 2604 3451 curare
2623 3412 2766 3466 saepe
2785 3407 2867 3452 est
2889 3399 3246 3468 impossibile;
3277 3412 3332 3456 et
3359 3413 3535 3458 tamen
3554 3421 3742 3474 quant-

2153 3486 2230 3540 vis
2259 3488 2486 3542 sciamus
2531 3487 2581 3542 id
2628 3489 2954 3555 incurabile,
2997 3506 3064 3546 ne
3107 3491 3183 3548 sic
3225 3495 3436 3562 quidem
3477 3498 3737 3552 rescindi»

2152 3592 2271 3632 mus
2299 3595 2313 3630 :
2343 3579 2437 3632 sed
2464 3595 2584 3632 cum
2611 3579 2748 3634 alius
2779 3581 2973 3650 loripes
2996 3623 3011 3647 ,
3043 3583 3179 3636 alius
3203 3599 3268 3638 ex
3295 3600 3454 3640 crure
3493 3586 3742 3641 laborans

2151 3667 2434 3733 claudicet,
2464 3669 2600 3725 alius
2626 3685 2842 3725 manum
2871 3673 3073 3728 aridam
3100 3683 3154 3729 et
3180 3685 3476 3731 emortuam
3503 3678 3739 3732 circum-

2153 3758 2323 3827 ferat,
2351 3759 2486 3814 alius
2511 3761 2724 3817 oculum
2755 3763 2955 3819 lumine
2985 3767 3173 3820 orlmm
3200 3808 3216 3830 ,
3254 3784 3412 3821 nemo
3441 3778 3617 3824 tamen
3647 3788 3739 3826 eo-

2153 3866 2271 3904 rttm
2315 3852 2524 3906 oculum
2573 3865 2662 3908 aut
2715 3870 2964 3923 manum,
3006 3867 3097 3912 aut
3139 3874 3263 3914 crus
3308 3860 3600 3931 pedemque
3628 3866 3740 3916 vult

2151 3943 2396 3998 amittere
2413 3960 2425 3994 :
2441 3953 2494 4000 et
2517 3946 2758 4015 quamvis
2778 3948 2884 4001 sint
2909 3949 3131 4016 inutilia,
3155 3951 3464 4019 exterisque
3485 3953 3742 4008 membris

2150 4033 2386 4091 dedecus
2428 4036 2692 4103 aderant,
2741 4047 2916 4092 tamen
2958 4039 3139 4093 innato
3183 4041 3410 4110 quodam
3459 4042 3647 4096 amet-tu
3681 4055 3741 4097 ιιι

2153 4135 2356 4195 partem
2403 4126 2643 4196 ejusdem
2689 4131 2932 4198 corporis
2973 4146 3033 4184 ea
3077 4132 3466 4202 prosequimur.
3507 4135 3586 4186 An
3630 4151 3737 4188 non

2152 4219 2311 4288 igitur
2335 4219 2622 4274 absurdum
2653 4218 2828 4282 fuerit,
2861 4221 2946 4276 ubi
2980 4222 3125 4276 nulla
3149 4234 3394 4292 speratur
3421 4224 3618 4278 utilitas
3645 4237 3740 4278 aut

2150 4312 2414 4366 correctio
2433 4353 2449 4377 ,
2493 4321 2691 4367 tantam
2722 4312 2976 4369 adhibere
3004 4315 3420 4371 sollicitudinem
3446 4335 3459 4368 :
3492 4318 3580 4372 ubi
3610 4333 3740 4372 vero

2153 4403 2289 4458 bona
2315 4419 2440 4472 spes
2461 4415 2705 4475 superest
2728 4415 2779 4458 et
2811 4404 2980 4478 facilis
3012 4407 3254 4471 tttntatio,
3282 4407 3479 4462 ttttllattt
3513 4408 3734 4462 medici-

2153 4511 2275 4549 nam
2306 4493 2522 4550 facere?
2551 4495 2680 4550 Nam
2711 4497 2886 4551 innata
2914 4497 3036 4550 vitia
3062 4499 3222 4553 nullis
3241 4499 3436 4554 cedunt
3463 4500 3734 4564 remediis,

2151 4589 2395 4642 voluntas
2418 4598 2595 4642 autem
2622 4589 2904 4658 depravata
2939 4601 3112 4657 potest
3136 4592 3350 4661 corrigi.

2223 4682 2275 4736 ὅ.
2306 4679 2457 4747 Quod
2478 4681 2524 4733 si
2551 4689 2693 4733 tuam
2717 4697 2933 4736 uxorem
2965 4692 3084 4750 post
3105 4682 3338 4737 adhibita
3362 4684 3527 4737 multa
3559 4699 3734 4738 rente-

2150 4771 2236 4826 dia
2282 4787 2444 4841 neges
2484 4771 2797 4835 curabileut,
2836 4785 2886 4825 ut
2933 4789 3053 4841 quae
3088 4773 3351 4827 obstinate
3397 4789 3574 4827 mores
3611 4791 3739 4827 suos

2153 4864 2412 4926 retineat,
2445 4878 2512 4916 ne
2544 4872 2651 4914 ιιιιιι
2681 4863 2893 4931 quidem
2923 4863 3212 4932 altleganda
3240 4873 3320 4918 est
3348 4883 3360 4915 :
3393 4880 3566 4934 neque
3593 4866 3736 4917 enim

2153 4955 2447 5009 membrum
2500 4954 2792 5007 incttrahile
2839 4954 3126 5008 recidimus
3200 4956 3294 5010 Est
3331 4966 3512 5009 autem
3542 4966 3595 5008 et
3627 4957 3691 5008 Ita
3710 4974 3739 5006 ι·

2154 5063 2275 5118 pars
2329 5046 2401 5100 tui
2440 5047 2679 5115 corporis
2713 5064 2727 5100 :
2760 5047 2958 5099 dictum
3007 5055 3090 5100 est
3135 5048 3274 5101 enim
3306 5065 3319 5101 :
3356 5046 3517 5100 Erunt
3549 5048 3652 5100 duo
3688 5049 3739 5099 in

2151 5158 2301 5196 carne
2325 5159 2425 5196 una
2452 5140 2602 5214 (Gen.
2634 5142 2688 5196 Ξ.
2717 5143 2832 5212 2i).
2867 5142 2933 5195 Et
2956 5141 3253 5196 membrum
3279 5142 3492 5211 quidem
3523 5157 3740 5196 curasse

2153 5235 2352 5289 tmllunt
2395 5249 2574 5304 opera:
2619 5235 2844 5304 pretium
2890 5235 3066 5298 fuerit,
3096 5235 3139 5287 si
3166 5250 3231 5288 ex
3261 5235 3567 5288 inﬁrmitate
3598 5234 3739 5288 insa-

2153 5325 2328 5380 nabile
2355 5334 2596 5392 maneat;
2628 5335 2812 5378 contra
2851 5325 3032 5379 uxoris
3059 5325 3187 5379 vitio
3223 5328 3267 5380 si
3319 5325 3582 5380 medearis
3605 5364 3622 5390 ,
3675 5324 3736 5379 h-

2150 5427 2236 5472 cet
2271 5417 2564 5472 insanabtle
2601 5425 2830 5474 maneat.
2879 5431 3127 5486 magnum
3166 5417 3257 5472 tibi
3295 5418 3620 5485 propositum
3660 5429 3744 5470 est

2153 5509 2450 5578 praetttium,
2477 5509 2520 5563 si
2557 5524 2674 5564 eam
2697 5508 2942 5563 docueris
2976 5516 3029 5561 ct
3055 5507 3366 5563 institueris.
3392 5508 3742 5576 Quatttnmvis

2151 5599 2293 5654 enint
2323 5601 2514 5654 t‘tustra
2556 5602 2626 5655 sit
2670 5603 2844 5655 omnis
2889 5599 3164 5670 disciplina
3206 5610 3260 5653 et
3300 5600 3579 5664 institutio,
3610 5601 3739 5654 tole—

2156 5697 2323 5752 rantia
2373 5706 2549 5750 tamen
2601 5704 2688 5749 tua
2742 5693 2984 5750 mercede
3027 5694 3279 5748 divinitus
3324 5694 3585 5763 promissa
3635 5709 3742 5749 non
