4110 6198
369 485 382 515 ι

428 238 534 290 9.2!!)

428 350 567 406 Θεοῦ
590 351 873 423 ληψόμεθα
907 351 999 405 10v
1034 350 1246 422 μισθὸν,
1271 351 1352 403 ὅτι
1381 350 1466 402 διὰ
1498 349 1589 402 τὸν
1613 347 1821 401 ἐκείνου
1850 345 2013 416 φόϐον

431 441 701 512 τοσαύτην
725 438 1004 510 ὑπομονὴν
1034 437 1448 508 ἐπεδειξάμεθα,
1475 438 1566 490 καὶ
1580 436 1681 506 τὴν
1700 434 1897 488 κακίαν
1922 434 2020 487 a6—

432 531 533 600 τῆς
570 528 758 599 πράως
784 526 1100 597 ἠνέγκαμεν
1119 564 1134 586 ,
1184 526 1278 577 καὶ
1306 524 1367 576 10
1412 524 1571 593 μέλος
1598 522 1754 594 ήμῶν
1783 522 2019 593 ἐκρατή-

439 634 632 686 σαμεν.
662 615 836 677 Μέλος
868 614 975 685 γὰρ
1005 613 1163 684 ἡμῶν
1193 614 1489 680 ἀναγκαῖον
1512 613 1546 682 ἠ
1577 612 1712 681 γυνή
1738 627 1751 641 ο
1791 610 1886 663 καὶ
1934 608 2023 663 διὰ

437 702 597 755 τοῦτο
626 701 791 770 αὐτὴν
820 700 1051 770 μάλιστα
1081 700 1161 752 δεῖ
1195 700 1387 769 φιλεῖν.
1423 700 1600 770 Ὅπερ
1639 695 1734 752 οὖν
1767 698 1862 751 καὶ
1893 696 2023 749 a610

439 789 597 844 10610
623 788 891 842 διδάσκων
914 787 1077 840 πάλιν
1106 789 1134 840 ὀ
1157 785 1369 850 Παῦλος
1396 785 1600 854 ἔλεγεν·
1627 784 1827 849 Οὕτως
1867 782 2025 852 ὀφεί-

439 882 661 930 λουσιν
681 878 735 930 οὶ
761 874 979 944 ἄνδρες
1003 872 1245 944 ἀγαπᾷν
1264 873 1371 940 τὰς
1388 870 1620 927 ἑαυτῶν
1640 869 1929 939 γυναῖκας
1945 869 2025 933 ὡς

443 964 515 1019 τὰ
545 963 778 1019 ἑαυτῶν
807 961 1071 1031 σώματα.
1111 961 1319 1027 Οὐδεὶς
1356 959 1470 1029 γάρ
1497 971 1644 1013 ⁴τινοῑέ
1668 958 1784 1026 τὴν
1808 956 2027 1011 ἑαυτοῦ

441 1053 641 1123 σάρκα
662 1053 979 1122 ἐμίσησεν,
1003 1052 1142 1106 ἀλλ’
1166 1050 1433 1121 ἐκτρέφει
1457 1049 1559 1104 καὶ
1575 1048 1787 1104 θάλπει
1809 1045 2026 1113 αὐτὴν,

444 1143 639 1209 καθὼς
681 1141 780 1195 καὶ
823 1144 856 1195 ό
890 1140 1145 1209 Χριστὸς
1174 1140 1287 1208 τὴν
1322 1139 1719 1206 Ἐκκλησίαν
1756 1136 1845 1189 ὅτι
1874 1134 2030 1204 μέλη

444 1230 635 1300 ἐσμὲν
660 1229 765 1284 τοῦ
791 1228 1066 1298 σώματος
1096 1228 1304 1290 αὐτοῦ,
1323 1227 1391 1280 ἐκ
1419 1225 1530 1294 τῆς
1554 1223 1781 1293 σαρκὸς
1812 1220 1999 1276 αὐτοῦ
2016 1261 2031 1286 ,

448 1318 545 1372 καὶ
570 1318 639 1371 ἐκ
669 1315 788 1369 τῶν
818 1314 1046 1369 ὀστέων
1084 1314 1291 1369 αὑτοῦ.
1321 1312 1592 1383 Καθάπερ
1635 1312 1746 1384 γὰρ
1794 1314 1827 1382 ὴ
1878 1309 1990 1362 Εὔα
2016 1348 2031 1371 ,

450 1406 635 1475 φησὶν,
668 1401 779 1456 ἀπὸ
809 1401 911 1471 τῆς
958 1401 1199 1472 πλευρᾶς
1239 1400 1334 1454 τοῦ
1390 1400 1563 1472 Ἀδάμ
1612 1401 1859 1468 γέγονεν,
1893 1397 2036 1450 οὕτω

451 1495 545 1553 καὶ
584 1494 745 1563 ἡμεῖς
781 1493 845 1543 ὲκ
876 1491 977 1560 τῆς
1017 1491 1258 1562 πλευρᾶς
1286 1490 1378 1543 τοῦ
1409 1489 1670 1562 Χριστοῦ.
1715 1488 1886 1541 Τοῦτο
1926 1487 2036 1557 γάρ

451 1586 622 1644 ἐστιν,
657 1582 759 1634 Ἐκ
779 1579 890 1648 τῆς
915 1578 1144 1648 σαρκὸς
1176 1577 1385 1642 αὑτοῦ,
1416 1579 1513 1632 καὶ
1548 1578 1616 1631 ἐκ
1647 1576 1765 1631 τῶ»⁴
1809 1575 2037 1629 ὀστέων

451 1669 660 1725 αὐτοῦ.
714 1668 851 1721 Ἀλλ’
892 1669 974 1721 δτι
1011 1669 1109 1739 μὲν
1151 1669 1183 1740 ἡ
1233 1667 1347 1722 Εῦα
1374 1669 1437 1721 ὲκ
1465 1668 1563 1738 τῆς
1592 1667 1834 1738 πλευρᾶς
1870 1664 2035 1719 αὐτοῦ

451 1758 547 1811 τοῦ
590 1756 763 1827 Ἀδὰμ
808 1756 1054 1825 γέγονεν,
1093 1754 1333 1819 ἅπαντες
1386 1754 1576 1825 ῐσμεν,
1626 1756 1719 1808 καὶ
1780 1754 2035 1823 σαφῶςή

454 1845 646 1917 Γραφὴ
680 1843 837 1897 106:0
869 1842 1112 1912 εἴρηκεν,
1167 1844 1250 1895 ὅτι
1309 1842 1574 1895 ὲπέϐαλεν
1630 1841 1890 1895 ἔκστασιν
1951 1842 2038 1893 ἐπ’

455 1928 649 1989 αὑτὸν,
696 1928 788 1979 καὶ
842 1925 999 1979 ἔλαϐε
1062 1926 1191 1996 μίαν
1248 1925 1356 1978 τῶν
1415 1923 1665 1995 πλευρῶν
1718 1923 1908 1988 αὑτοῦ,
1949 1926 2041 1977 καὶ

454 2011 773 2082 ᾠκοδόμησε
826 2009 925 2082 τὴν
972 2012 1227 2079 γυναῖκα·
1288 2010 1371 2063 ὅτι
1418 2009 1476 2063 δὲ
1515 2010 1610 2063 καὶ
1658 2010 1692 2079 ἠ
1744 2008 2040 2079 Ἐκκλησία

455 2095 565 2148 ἀπὸ
584 2095 683 2164 τῆς
708 2093 947 2165 πλευρᾶς
972 2092 1067 2146 τοῦ
1087 2091 1321 2164 Χριστοῦ
1351 2092 1605 2164 συνέστη,
1626 2091 1788 2146 πόθεν
1819 2091 1931 2162 ἔχοι
1958 2109 2040 2154 τις

457 2178 527 2231 ἂν
547 2175 861 2243 ἀποδεῖξαι;
898 2177 1008 2229 Καὶ
1042 2177 1201 2231 τοῦτο
1230 2179 1262 2249 ὴ
1286 2177 1478 2249 ι’ραερὴ
1507 2177 1799 2231 δείκνυσιν.
1820 2176 2040 2247 Ἐπειδὴ

457 2260 567 2330 γάρ
593 2260 622 2312 0
648 2260 881 2330 Χριστὸς
910 2261 991 2323 εἰς
1024 2260 1115 2312 10v
1158 2260 1389 2332 01a690v
1415 2260 1707 2330 ἀνηνέχθη,
1729 2260 1823 2313 καὶ¹
1878 2275 2045 2330 προσ-

455 2341 763 2413 ηλὼθη,κα”ἰ
783 2341 1408 2410 ἀπέθανε,Προσελθὼν
1427 2338 1516 2408 εἷς
1533 2342 1652 2395 τῶν
1668 2341 2045 2411 στρατιωτῶν

456 2426 677 2489 ἔνυξεν
704 2425 892 2479 αὐτοῦ
916 2423 1030 2491 τὴν
1052 2427 1342 2492 πλευρὰν.
1376 2425 1475 2478 καὶ
1502 2424 1763 2493 ἐξῆλθεν
1781 2421 1924 2495 αἷμα
1946 2425 2043 2477 καί

459 2507 634 2576 ὕδωρ·
663 2510 757 2561 καὶ
787 2508 845 2574 ἐξ
881 2507 1090 2560 ἐκείνου
1131 2507 1227 2560 τοῦ
1270 2508 1500 2579 αἵματος
1527 2510 1621 2562 xal
1650 2508 1744 2561 106
1794 2508 1984 2570 ὕδατος
2011 2510 2043 2577 η

474 2591 768 2661 Ἐκκλησία
808 2590 994 2644 ἅπασα
1040 2590 1355 2660 συνέστηκε.
1411 2591 1522 2644 Kal
1573 2594 1842 2662 μαρτυρεῖ
1886 2590 2046 2654 αὐτὸς

462 2671 658 2739 λέγων,
676 2673 757 2724 ὅτι
781 2672 923 2725 Ἐὰν
951 2671 1150 2742 μήτις
1178 2670 1560 2741 ararat-1011017
1597 2672 1665 2736 ἐξ
1697 2673 1914 2739 ὕδατος
1947 2674 2046 2726 καί

462 2755 821 2823 πνεύματος,
860 2757 931 2809 οὐ
974 2755 1222 2808 δύναται
1250 2756 1550 2810 εἰσελθεῖν
1593 2757 1680 2822 εἰς
1717 2754 1833 2822 τὴν
1862 2747 2046 2820 βασι-

462 2838 638 2892 λείαν
665 2836 781 2891 τῶν
801 2837 1091 2906 οἰφιινῶν.
1121 2838 1194 2890 1‘0
1222 2838 1279 2891 δὲ
1313 2832 1473 2909 αἷμα,
1497 2838 1718 2909 πνεῦμα
1742 2837 1911 2906 λέγει.
1941 2838 2049 2890 Kal

465 2920 784 2990 γεννώμεθα
816 2921 915 2989 μὲν
940 2921 1028 2973 διὰ
1052 2921 1145 2974 τοῦ
1177 2920 1369 2985 ὕδατος
1397 2921 1490 2974 τοῦ
1514 2921 1908 2992 βαπτίσματος,
1932 2937 2050 2992 τρε-

468 3003 685 3073 φόμεθα
702 3004 760 3057 δὲ
781 3003 873 3057 διά
900 3004 995 3057 τοῦ
1023 3005 1274 3075 αἵματος.
1309 3006 1471 3076 Ὁρᾷς
1492 3005 1608 3068 πῶς
1637 3008 1701 3059 ἐκ
1725 3005 1825 3077 τῆς
1847 3006 2049 3076 σαρκὸς

467 3086 636 3141 αὐτοῦ
672 3087 861 3158 ἐσμεν,
889 3088 983 3141 καὶ
999 3089 1065 3142 ὲκ
1085 3088 1191 3141 τῶν
1207 3087 1409 3141 ὀστέων
1438 3088 1627 3150 αὑτοῦ,
1649 3090 1756 3142 ἀπὸ
1771 3088 1865 3142 τοῦ
1886 3089 2050 3159 αἵμα-

469 3188 561 3234 τος
586 3170 798 3224 ἐκείνου
816 3170 1019 3224 καὶτοῦ
1038 3170 1231 3235 ὓδατος
1252 3172 1560 3243 τικτόμενοι
1579 3174 1672 3226 καὶ
1691 3174 2015 3245 τρεφόμενοι
2033 3189 2048 3238 ;

471 3254 583 3309 Kal
604 3254 877 3325 καθάπερ,
908 3253 1003 3308 τοῦ
1043 3253 1215 3325 Ἀδάμ
1250 3255 1624 3317 καθεύδοντος,
1668 3258 1701 3327 ἡ
1750 3256 1888 3327 γυνὴ
1922 3273 2053 3309 κατ-

471 3337 819 3402 εσκευάζετο,
856 3337 1017 3403 οὓτω,
1059 3336 1152 3391 τοῦ
1182 3338 1422 3410 Χριστοῦ
1452 3340 1831 3402 ἀποθανόντος,
1861 3342 1894 3411 η
1932 3339 2054 3391 Ἐκ-

472 3422 672 3493 κλησία
704 3421 1054 3475 διεπλάττετο
1074 3423 1137 3473 ὲκ
1173 3422 1276 3491 τῆς
1308 3422 1553 3493 πλευρᾶς
1605 3422 1795 3476 αὐτοῦ.
1840 3424 1915 3475 ()6
1966 3421 2055 3474 διά

471 3505 630 3558 τοῦτο
661 3503 718 3557 δὲ
758 3506 918 3574 μόνον
954 3505 1063 3574 χρὴ
1099 3504 1271 3572 φιλεῖν
1314 3504 1411 3575 τὴν
1452 3507 1722 3572 γυναῖκα,
1768 3505 1848 3558 ὅτι
1893 3504 2053 3575 μέλος

472 3586 632 3658 ἡμῶν
673 3587 811 3647 ἐστι,
846 3585 941 3638 καὶ
983 3585 1041 3651 ἐξ
1072 3585 1229 3655 ἡμῶν
1272 3586 1395 3657 ἔσχε
1428 3587 1525 3658 τὴν
1563 3587 1661 3657 τῆς
1696 3585 2053 3658 δημιουργίας

473 3670 670 3741 ἀρχὴν*
705 3668 820 3720 ἀλλ’
846 3668 928 3720 ὅτι
950 3668 1043 3720 καὶ
1068 3668 1231 3739 νόμον
1255 3669 1393 3740 ὑπὲρ
1418 3668 1584 3721 αὑτοῦ
1606 3669 1794 3721 τούτου
1815 3669 2057 3722 τέθεικεν

472 3755 505 3806 0
540 3751 692 3815 Θεὸς,
723 3749 865 3802 061w
906 3750 1099 3818 λέγων’
1143 3750 1292 3804 Ἀντί
1335 3752 1550 3804 τούτου
1582 3751 1927 3820 καταλείψει
1955 3752 2058 3805 ἄν·

476 3837 708 3902 θρωπος
748 3833 857 3888 τὸν
904 3832 1131 3902 πατέρα
1171 3834 1357 3887 αὐτοῦ
1389 3833 1485 3887 καί
1522 3834 1640 3901 τὴν
1672 3833 1927 3905 μητέρα,
1960 3836 2058 3888 καὶ

476 3916 1083 3984 προσκολληθήσεται
1115 3916 1264 3983 πρὸς
1298 3916 1415 3984 τὴν
1441 3916 1696 3985 γυναῖκα
1727 3918 1934 3981 αὑτοῦ,
1960 3918 2057 3970 καὶ

475 4003 724 4055 ἔσονται
746 4002 803 4053 οἰ
838 3999 946 4053 δύο
970 4002 1056 4067 εἰς
1081 3999 1280 4069 σάρκα
1312 4006 1481 4070 μίαν.
1513 4001 1613 4054 Διά
1641 4001 1750 4072 γάρ
1778 4000 1938 4055 τοῦτο
1966 4002 2061 4055 καὶ

477 4083 666 4138 τοῦτον
696 4086 826 4154 ἡμῖν
872 4084 901 4135 0
942 4084 1152 4147 Παῦλος
1178 4084 1392 4152 ἀνέγνω
1418 4085 1509 4138 10v
1544 4084 1743 4155 νόμον,
1793 4085 1878 4139 ἵνα
1926 4102 2062 4138 παν-

476 4168 707 4239 ταχόθεν
761 4168 909 4239 ἡμᾶς
963 4168 1099 4238 πρὸς
1160 4159 1270 4221 τὸν⁵
1302 4168 1480 4239 ἔρωτα
1529 4168 1799 4239 συνελάσῃ
1850 4168 2058 4223 τοῦτον.

480 4252 591 4304 Kal
625 4251 818 4303 σκόπει
855 4250 1046 4318 σοφίαν
1084 4249 1477 4320 ἀποστολικήν·
1508 4249 1631 4303 οὔτε
1662 4250 1770 4320 γὰρ
1808 4252 1917 4304 ἀπὸ
1954 4252 2061 4306 τῶν

479 4334 642 4387 θείων
698 4334 899 4403 νόμων,
925 4331 1048 4385 οὔτε
1077 4333 1184 4385 ἀπὲ
1222 4331 1331 4385 τῶν
1368 4332 1726 4404 ἀνθρωπίνων
1759 4334 1948 4405 μόνον,
1982 4338 2063 4399 εἰς

479 4416 579 4488 τὴν
609 4418 830 4488 ἀγάπην
860 4416 1006 4486 ἡμᾶς
1032 4415 1212 4484 ἐνάγει
1238 4414 1346 4468 τῶν
1371 4414 1667 4484 γυναικῶν,
1690 4416 1824 4469 ἀλλά
1845 4419 1939 4470 καὶ
1954 4418 2063 4472 ἀπὸ

481 4501 684 4555 τούτων
711 4500 924 4553 xal011‘
964 4499 1189 4553 ἐκείνων
1233 4498 1529 4563 ἐναλλάξας
1567 4500 1852 4571 ἀμφότερα
1891 4500 2063 4555 ταῦτα

481 4583 726 4655 τίθησιν·
767 4585 853 4635 ἵνα
893 4583 921 4634 0
972 4582 1072 4652 μὲν
1118 4581 1448 4653 ὑψηλότερος
1489 4584 1581 4636 καὶ
1633 4581 2063 4654 φιλοσοφώτερος

483 4667 592 4720 ἀπὸ
612 4665 721 4717 τῶν
756 4666 983 4729 ἀνωθεν,
1016 4666 1045 4716 0
1078 4664 1134 4717 δὲ
1168 4665 1398 4736 ἀσθενὴς
1425 4667 1531 4720 ἀπὸ
1565 4666 1672 4719 τῶν
1707 4666 1945 4720 κάτωθεν
1970 4667 2064 4720 καὶ

484 4749 594 4802 τῶν
620 4749 721 4818 τῆς
753 4746 968 4815 φύσεως
998 4749 1077 4810 είς
1101 4747 1320 4817 φίλτρον
1344 4750 1623 4818 ὲνάγηται.
1658 4749 1755 4804 Διά
1785 4748 1943 4803 τοῦτο
1969 4751 2066 4821 ἀρ-

486 4830 713 4901 χόμενος
760 4829 860 4897 μὲν
893 4830 1001 4882 ἀπὸ
1033 4831 1144 4884 τῶν
1176 4831 1271 4883 τοῦ
1306 4831 1545 4901 Χριστοῦ
1595 4832 2065 4903 κατορθωμάτων,

485 4916 585 4985 τὴν
617 4912 941 4983 παραίνεσιν
974 4914 1185 4982 εἰσάγει
1217 4914 1360 4969 οὕτω
1401 4916 1597 4986 λέγων·
1642 4915 1931 4986 Ἀγαπᾶτε
1963 4917 2065 4983 τὰς

490 4998 797 5070 γυναῖκας,
845 4995 1038 5064 καθὼς
1083 5000 1182 5052 καί
1221 5002 1254 5053 ὁ
1304 5000 1560 5067 Χριστὸς
1610 5000 1892 5071 ἠγάπησε
1954 5000 2070 5068 τὴν

502 5083 886 5150 Ἐκκλησίαν
918 5079 1035 5135 εἶτα
1075 5083 1236 5137 πάλιν
1262 5083 1370 5136 ἀπὸ
1400 5083 1507 5137 τῶν
1537 5083 1917 5154 ἀνθρωπίνων
1961 5084 2069 5139 Οὕ-

490 5184 603 5233 τως
653 5166 1010 5234 όφείλουσιν
1055 5170 1107 5220 οἱ
1151 5166 1367 5236 ἄνδρες
1407 5165 1649 5235 ἀγαπᾷν
1688 5175 1793 5234 τας
1839 5168 2071 5223 ἑαυτῶν

489 5250 794 5318 γυναῖκας,
824 5250 907 5315 ὡς
929 5249 1000 5302 τὰ
1027 5248 1176 5321 [ἳίθ]
1205 5248 1434 5303 ἑαυτῶν
1456 5249 1722 5320 σώματα’
1761 5247 1880 5305 εἶτα
1908 5252 2071 5305 πάλιν

490 5333 597 5385 ἀπὸ
635 5330 728 5385 106
780 5331 1038 5404 Χριστοῦ·
1088 5333 1169 5385 ὅτι
1206 5332 1344 5403 μέλη
1385 5334 1553 5404 ἐσμὲν
1596 5335 1659 5387 ἐκ
1692 5333 1787 5388 τοῦ
1819 5334 2070 5406 σώματος

492 5412 680 5477 αὑτοῦ,
709 5416 802 5469 καὶ
836 5416 899 5466 ἐκ
926 5415 1026 5484 τῆς
1057 5415 1258 5483 σαρκὸς
1286 5415 1471 5480 αὑτοῦ,
1500 5417 1593 5470 καὶ
1630 5420 1694 5470 ἐκ
1730 5416 1837 5471 τῶν
1866 5418 2070 5472 ὀστέων

494 5498 676 5551 αὐτοῦ·
710 5494 827 5550 εἷτα
860 5498 1020 5551 πάλιν
1043 5498 1151 5552 ἀπὸ
1181 5498 1289 5553 τῶν
1322 5500 1676 5572 ἀνθρωπίνων
1706 5517 1717 5530 ⁸
1762 5502 1911 5557 Ἀντί
1942 5504 2073 5558 τού-

494 5594 601 5634 του
632 5583 984 5651 καταλείψει
1012 5581 1322 5652 ἄνθρωπος
1351 5584 1453 5638 τίν
1487 5586 1711 5654 πατέρα
1750 5586 1937 5641 αὐτοῦ
1973 5586 2071 5640 λιιιί

497 5659 609 5731 τὴν
651 5664 897 5735 μητέρα,
950 5666 1046 5721 καὶ
1102 5668 1702 5737 προσκολληθήσεται
1760 5669 1911 5739 πρὸς
1960 5668 2073 5738 τὴν

1136 259 1196 316 S.
1237 256 1527 315 JO.\NNIS
1563 245 2051 308 (ζιιιιγςοςτοδιι
2079 240 2402 297 ARCHIEP.
2430 228 2984 296 CONSTANTINOP.

3595 216 3705 273 ‘250

2121 342 2375 415 γυναῖκα
2422 342 2608 397 αὐτοῦ
2630 360 2644 373 θ
2708 340 2929 396 καὶτὸν
2981 337 3146 410 νόμον
3200 336 3465 406 ἀναγνοὺς
3513 336 3707 393 τοῦτόν

2120 446 2251 499 φησι
2276 444 2290 458 ⁶
2333 426 2404 481 Τὸ
2431 425 2769 496 μυστήριον
2801 425 2978 479 τοῦτο
3007 420 3165 493 μέγα
3201 420 3355 476 ἐστι.
3400 420 3523 486 Πῶς
3559 422 3707 495 μέγα

2120 509 2304 576 ἐστίν;
2343 510 2463 564 εἰπέ
2494 527 2605 581 μοι.
2638 510 2758 564 Ὀτι
2804 508 2896 562 τὸν
2938 504 3155 560 ἃπαντα
3198 502 3615 576 θαλαμευομένη
3670 507 3705 576 η

2121 594 2259 665 κόρη
2297 591 2508 664 χρόνον,
2540 592 2812 665 μηδέποτε
2845 590 2936 644 τὸν
2975 587 3210 660 νυμφίον
3251 587 3569 658 ἑωρακυῖα,
3598 589 3709 643 ἀπὺ

2120 678 2219 748 τῆς
2241 676 2463 749 πρώτης
2487 678 2702 748 ἡμέρας
2724 674 2867 729 οῦτω
2896 674 3053 730 ποθεῖ
3073 674 3169 728 καὶ
3198 673 3419 746 στέργει
3444 673 3521 737 ὡς
3551 672 3708 745 σῶμα

2123 762 2340 814 οἰκεῖον·
2372 758 2534 813 πάλιν
2556 761 2584 812 ὁ
2612 760 2775 831 ἀνὴρ,
2807 760 2874 830 ἣν
2898 758 3156 813 οὐδέποτε
3183 750 3432 829 εἶδεν,ἧς
3452 755 3711 810 οὐδέποτε

2123 845 2220 915 τῆς
2244 843 2302 895 ἐν
2331 843 2473 912 λόγῳ
2499 842 2827 911 ἐκοινώνησε
2859 840 3144 905 συνουσίας
3166 880 3181 904 ,
3225 838 3435 911 ταύτην
3458 839 3714 902 κάκεῖνος

2126 925 2234 980 ἀπὸ
2253 925 2349 996 τῆς
2371 923 2598 995 πρώτης
2622 924 2835 995 ἡμέρας
2858 923 3118 978 ἀπάντων
3148 921 3461 994 προτίθησι,
3491 920 3716 976 καὶτῶν

2127 1010 2316 1079 φίλων,
2335 1009 2429 1062 καὶ
2444 1007 2551 1061 τῶν
2570 1006 2808 1070 οἰκείων,
2826 1007 2921 1061 καὶ
2940 1006 3049 1060 τῶν
3072 1004 3493 1075 γεννησαμένων
3508 1002 3713 1057 αὐτῶν.

2129 1093 2192 1145 Οἰ
2221 1093 2398 1163 γονεῖς
2417 1089 2605 1155 πάλιν,
2638 1089 2705 1144 ἂν
2738 1090 2837 1160 μὲν
2866 1088 2924 1156 ἐξ
2945 1087 3137 1159 ἐτέρας
3156 1086 3466 1149 ὑποθέσεως
3488 1086 3721 1156 ἀφαιρε-

2130 1176 2263 1230 θῶσι
2293 1175 2572 1246 χρήματα,
2608 1174 2915 1234 δάκνονται,
2947 1171 3228 1243 ἀλγοῦσιν,
3265 1173 3345 1236 εἰς
3369 1171 3721 1240 δικαστήριον

2129 1260 2255 1323 τοὺς
2303 1258 2671 1328 ἀφελομένους
2722 1256 3010 1310 ἕλκουσιν·
3058 1253 3333 1326 ἀνθρώπῳ
3365 1254 3420 1308 δὲ
3459 1253 3722 1314 πολλάκις

2134 1343 2406 1414 μηδέποτε
2438 1341 2680 1411 ὀφθέντι,
2713 1342 2848 1412 μηδὲ
2878 1339 3269 1412 γνωρισθέντι,
3305 1339 3398 1393 καὶ
3425 1336 3525 1408 τὴν
3551 1336 3725 1404 θυγα-

2130 1428 2265 1499 τέρα
2293 1426 2391 1498 τὴν
2423 1426 2633 1480 ἑαυτῶν
2666 1426 2762 1478 καὶ
2806 1428 3011 1497 προῖκα
3045 1422 3345 1496 χρημάτων
3379 1420 3592 1474 πολλῶν
3629 1422 3723 1488 ἑγ-

2131 1510 2453 1580 χειρίζουσι.
2496 1508 2607 1563 Kal
2640 1508 2891 1578 χαίρουσι
2929 1506 3089 1561 τοῦτο
3129 1504 3444 1568 ποιοῦντες,
3494 1504 3588 1557 καὶ
3625 1502 3725 1571 οὐχ

2133 1593 2389 1665 ἡγοῦνται
2418 1592 2623 1663 ζημίαν
2634 1588 2780 1647 εἶναι
2802 1592 2864 1647 10
2891 1593 3196 1662 γινόμενον·
3227 1589 3343 1643 ἀλλ’
3363 1587 3601 1659 ὁρῶντες
3625 1588 3726 1657 τὴν

2134 1676 2413 1748 θυγατέρα
2438 1676 2818 1747 ἀπαγομένην,
2855 1677 2915 1728 o6
2946 1674 3233 1747 συνηθείας
3274 1672 3601 1743 μέμνηνται,
3625 1670 3729 1722 ούκ

2135 1761 2414 1829 ἀλγοῦσιν,
2450 1761 2512 1814 06
2541 1760 2849 1824 δάκνονται,
2886 1758 3023 1813 ἀλλά
3051 1759 3145 1812 καὶ
3176 1754 3595 1828 εὐχαριστοῦσι,
3635 1754 3730 1807 καὶ

2135 1846 2300 1916 εύχῆς
2349 1845 2511 1917 ἔργον
2551 1839 2691 1899 εἶναι
2744 1843 3027 1914 νομίζουσι
3076 1842 3137 1895 10
3172 1842 3270 1894 καὶ
3313 1839 3413 1911 τὴν
3452 1837 3731 1907 θυγατέρα

2140 1929 2264 1983 ίδεῖν
2293 1930 2393 1999 τῆς
2414 1929 2591 1992 οξκίας
2617 1926 2986 1998 ἐξαγομένην,
3030 1925 3123 1979 καὶ
3164 1924 3334 1978 πολλά
3364 1923 3482 1995 μετ’
3516 1920 3730 1990 ἐκείνης

2142 2015 2241 2084 χρή
2252 2029 2419 2085 ματα.
2446 2011 2632 2065 Ταῦτα
2660 2007 2753 2065 06v
2787 2010 3004 2064 ἅπαντα
3031 2010 3290 2079 ἐννοήσας
3317 2008 3346 2060 0
3387 2004 3618 2068 Παῦλος,
3649 2005 3731 2056 ὅτι

2138 2097 2265 2159 τοὺς
2298 2098 2477 2165 γονεῖς
2497 2095 2728 2164 ἀφέντες
2758 2094 3060 2165 ἀμφότεροι
3085 2090 3337 2160 ἀλλήλοις
3366 2086 3731 2158 συνδεσμοῦν-

2140 2199 2248 2242 ται,
2289 2179 2386 2233 καὶ
2417 2179 2611 2249 χρόνου
2633 2176 2899 2230 τοσούτου
2942 2174 3234 2245 συνηθείας
3258 2176 3291 2244 ἡ
3312 2173 3433 2225 τότε
3469 2170 3733 2241 συντυχία

2139 2262 2588 2335 τυραννικωτέρα
2623 2262 2835 2330 γίνεται
2860 2299 2873 2321 ,
2916 2260 3013 2312 καὶ
3056 2256 3319 2321 συνιδὼν,
3350 2256 3433 2309 ὅτι
3470 2250 3579 2309 οὐκ
3616 2254 3732 2305 ἔστι

2140 2346 2299 2401 τοῦτο
2332 2344 2695 2417 ἀνθρώπινον,
2728 2344 2843 2397 ἀλλ’
2876 2345 2906 2395 0
2933 2342 3067 2403 Θεὸς
3095 2340 3223 2403 τοὺς
3264 2338 3474 2410 ἔρωτας
3505 2336 3733 2399 τούτους

2142 2429 2542 2499 ὲγκατέσπειρε
2562 2470 2577 2492 ,
2615 2427 2710 2481 καὶ
2749 2427 2876 2489 τοὺς
2907 2424 3219 2486 ὲκδιδόντας
3243 2423 3338 2476 καὶ
3367 2421 3495 2486 τοὺς
3527 2420 3734 2474 ἐκδιδο-

2147 2514 2342 2584 μένους
2371 2511 2510 2583 μετά
2524 2512 2700 2582 χαρᾶς
2720 2508 2880 2561 τοῦτο
2907 2509 3079 2560 ποιεῖν
3102 2501 3505 2575 παρεσκεύασε,
3538 2502 3700 2573 φησίν
3717 2518 3732 2533 σ

2151 2595 2220 2649 Τὸ
2242 2593 2586 2664 μυστήριον
2626 2592 2803 2647 τοῦτο
2836 2589 2992 2660 μέγα
3022 2589 3177 2642 ἐστί.
3215 2588 3326 2640 Kal
3366 2585 3619 2655 καθάπερ
3643 2584 3737 2636 ἐπὶ

2142 2679 2251 2731 τῶν
2283 2677 2510 2741 παίδων,
2537 2676 2599 2729 10
2624 2674 2832 2728 παιδίον
2855 2672 3048 2743 τεχθὲν
3074 2670 3183 2724 ἀπὸ
3211 2670 3311 2739 τῆς
3334 2668 3509 2736 ὅψεως
3534 2666 3736 2730 εὐθέως

2146 2759 2435 2814 ἐπίσταται
2469 2759 2597 2821 τοὺς
2630 2759 2807 2826 γονεῖς
2840 2756 2902 2809 06
2937 2753 3337 2824 φθεγγόμενον’
3366 2750 3509 2804 οὓτω
3541 2749 3606 2820 δὴ
3641 2749 3739 2802 καὶ

2144 2843 2379 2915 νυμφίος
2408 2843 2504 2895 καὶ
2528 2841 2740 2912 νύμφη,
2763 2838 2980 2901 οὐδενὸς
3001 2832 3573 2904 συνάγοντος,οῦδενὸς
3597 2848 3738 2915 παρ-

2146 2923 2429 2989 αινοῦντος
2455 2924 2552 2978 καὶ
2577 2920 3061 2994 συμϐουλεύοντος,
3091 2918 3200 2973 ἀπὸ
3230 2916 3536 2988 τῆςδψεως
3569 2914 3737 2984 ἀλλή-

2145 3008 2259 3073 λοις
2289 3006 2710 3078 συμπλέκονται.
2744 2999 2877 3057 Εἶτα
2919 3003 3044 3057 ἰδὼν
3073 3003 3155 3055 ὅτι
3199 3002 3294 3054 καὶ
3343 2999 3438 3051 ἐπὶ
3475 2996 3568 3050 τοῦ
3606 2999 3739 3068 Χρι-

2148 3089 2277 3143 στοῦ
2304 3090 2466 3143 τοῦτο
2495 3089 2734 3157 ἐγένετο,
2753 3088 2846 3141 καὶ
2863 3086 2957 3140 ἐπὶ
2980 3085 3084 3155 τῆς
3115 3082 3442 3153 Ἐκκλησίας
3479 3079 3739 3151 μάλιστα,

2148 3172 2422 3244 ἐξεπλάγη
2450 3173 2545 3226 καὶ
2593 3171 2897 3241 ἐθαύμασε.
2945 3169 3069 3231 Πῶς
3108 3163 3202 3221 οὖν
3237 3165 3330 3218 ἐπὶ
3368 3163 3465 3217 τοῦ
3499 3159 3738 3233 Χριστοῦ

2151 3258 2246 3313 καὶ
2274 3259 2374 3328 τῆς
2413 3256 2741 3328 Ἑκκλησίας
2781 3253 2941 3309 τοῦτο
2968 3253 3218 3322 ὲγένετο;
3251 3248 3518 3318 Καθάπερ
3547 3248 3578 3300 0
3600 3262 3737 3314 νυμ-

2150 3343 2271 3411 φίος
2299 3342 2390 3395 τὸν
2417 3340 2630 3413 πατέρα
2685 3339 2844 3409 ἀφεὶς
2897 3336 3034 3409 πρὸς
3086 3334 3187 3406 τὴν
3231 3333 3451 3403 νύμφην
3499 3330 3741 3413 ἔρχεται,

2149 3424 2294 3478 οὕτω
2321 3424 2417 3478 καὶ
2453 3426 2483 3477 0
2511 3411 2747 3495 Χριστὸς
2775 3421 2868 3474 τὸν
2897 3418 3165 3490 πατρικὸν
3195 3416 3388 3487 θρόνον
3413 3414 3575 3482 ἀφεὶς
3606 3411 3743 3495 προς

2152 3508 2250 3578 τὴν
2302 3506 2521 3578 νύμφην
2546 3493 2740 3577 ἦλθεν·
2778 3505 2876 3575 οὐχ
2915 3503 3066 3574 ἡμᾶς
3124 3501 3237 3556 ἀνω
3291 3498 3580 3563 ἐκάλεσεν,
3626 3493 3744 3548 ἀλλ’

2154 3590 2316 3654 αὐτὸς
2344 3591 2483 3662 πρὸς
2510 3591 2660 3661 ἡμᾶς
2691 3587 3048 3660 παρεγένετο.
3076 3586 3247 3636 Ὅταν
3287 3582 3345 3636 δὲ
3380 3579 3623 3649 ἀκούσῃς
3655 3579 3744 3631 ὅτι

2153 3675 2354 3746 ἀφῆκε.
2388 3674 2462 3744 μὴ
2497 3674 2828 3744 μετάστασιν
2863 3671 3082 3742 νοήσῃς.
3116 3666 3255 3722 ἀλλά
3294 3662 3742 3746 myxa10_60mv_'

2156 3740 2508 3827 καὶγὰρ-καῖ
2530 3754 2649 3825 μεθ’
2688 3753 2848 3825 ἡμῶν
2873 3740 2969 3816 ὢν,
3004 3740 3139 3822 μετά
3164 3746 3260 3802 τοῦ
3291 3746 3502 3818 Πατρὸς
3522 3740 3614 3816 ἦν.
3643 3744 3744 3797 Διά

2153 3839 2315 3895 τοῦτὸ
2345 3854 2509 3909 φησι·
2540 3838 2612 3893 Τὸ
2634 3834 2976 3907 μυστήριον
3002 3834 3182 3887 τοῦτο
3204 3832 3360 3901 μέγα
3387 3831 3540 3885 ἐστί.
3582 3829 3746 3896 Μέγα

2160 3925 2259 3996 μέν
2287 3925 2406 3977 ἐστι
2445 3921 2541 3975 καὶ
2578 3921 2672 3974 ἐπὶ
2706 3918 3016 3991 ἀνθρώπων
3047 3917 3336 3988 γινόμενον
3359 3934 3373 3947 η
3404 3915 3533 3968 ὅταν
3559 3914 3615 3966 δὲ
3647 3914 3742 3966 ἴδω

2156 4010 2238 4072 εἰς
2269 4008 2362 4061 10v
2386 4006 2624 4077 Χριστὸν
2648 4007 2741 4058 καί⁸
2766 4005 2845 4067 εἰς
2880 4002 2978 4073 τὴν
3013 3999 3343 4070 Ἐκκλησίαν
3361 3998 3494 4053 αὐτὸ
3513 3998 3747 4067 συμϐαῖ-

2158 4108 2269 4155 νον,
2313 4090 2437 4143 τότε
2480 4087 2879 4157 ἐκπλήττομαι,
2931 4087 3054 4138 τότε
3104 4081 3390 4152 θαυμάζω.
3434 4080 3531 4133 Διά
3585 4078 3748 4132 τοῦτο

2160 4172 2354 4235 εἰπὼν,
2391 4171 2460 4225 Τὸ
2484 4167 2826 4240 μυστήριον
2850 4165 3028 4221 τοῦτο
3050 4166 3206 4236 μέγα
3228 4164 3419 4229 ἐστὶν,
3444 4163 3743 4232 ἐπήγαγεν·

2172 4257 2321 4326 Ἐγὼ
2341 4253 2412 4308 δέ
2430 4253 2609 4321 λέγω,
2634 4254 2724 4318 εἰς
2752 4250 2859 4303 τὸν
2895 4249 3176 4319 Χριστὸν,
3214 4246 3314 4301 καὶ
3345 4248 3436 4312 εἰς
3460 4244 3575 4313 τὴν
3617 4245 3749 4298 Ἐκ-

2161 4340 2447 4408 κλησίαν.
2496 4334 2668 4399 Εἰδὼς
2719 4333 2900 4387 τοίνυν
2952 4332 3139 4405 ἡλίκον
3190 4330 3487 4402 μυστήριόν
3537 4329 3686 4381 ἔστιν
3718 4330 3751 4380 0

2160 4423 2361 4495 γάμος,
2379 4420 2473 4474 καὶ
2495 4418 2685 4488 ἡλίκου
2713 4416 3042 4486 πράγματος
3066 4414 3256 4478 τύπος,
3281 4411 3356 4483 μὴ
3374 4411 3584 4474 ἁπλῶς,
3614 4409 3750 4495 μηδὲ

2159 4492 2419 4574 ῶςήέτυχε
2457 4501 2587 4573 περ)⁸
2614 4499 2804 4554 τούτου
2835 4497 3117 4569 βουλεύου,
3166 4495 3301 4568 μηδὲ
3334 4494 3634 4569 χρημάτων
3657 4492 3748 4546 εὐ·-

2164 4588 2359 4658 πορίαν
2385 4586 2537 4657 ζήτει
2566 4583 2775 4654 μέλλων
2800 4581 3033 4650 ἄγεσθαι
3066 4579 3305 4651 νύμφην.
3333 4579 3412 4633 06
3445 4577 3556 4648 γάρ
3580 4592 3751 4646 καπηο

2163 4672 2332 4733 λείαν,
2365 4667 2502 4723 ἀλλά
2541 4667 2657 4738 βίου
2700 4665 2984 4721 κοινωνίαν
3019 4660 3162 4718 εἶναι
3210 4664 3304 4716 τὸν
3337 4661 3515 4734 γάμον
3549 4662 3628 4714 δεῖ
3665 4675 3752 4714 νο-

2214 4754 2368 4818 ίζειν.

2169 4772 2388 4908 μιῖἐὶνλ]
2408 4836 2471 4890 δ’.
2500 4831 2609 4889 Καὶ
2629 4829 2736 4903 γάρ
2756 4829 2965 4883 πολλῶν
2984 4826 3188 4899 ἥκουσα
3206 4824 3487 4896 λεγόντων,
3514 4823 3575 4878 ’0
3605 4822 3751 4908 δεῖνα

2166 4907 2542 4991 εὐπορώτερος
2560 4917 2781 4987 γέγονεν
2801 4916 2908 4970 ἀπὸ
2923 4913 3230 4983 τοῦ,γάμου,
3256 4911 3424 4981 πένης
3443 4908 3536 4961 ὧν·
3566 4907 3751 4991 ξπειδῇ

2166 4989 2399 5072 γυναίκα
2441 4989 2674 5073 εὔπορον
2708 4999 2892 5061 ἔλαϐε,
2929 4998 3155 5051 πλουτεῖ
3198 4996 3291 5048 καὶ
3316 4993 3500 5063 τρυφᾴ
3534 4989 3651 5045 νῦν.
3685 4989 3751 5044 Τί

2167 5084 2367 5153 λέγεις,
2385 5083 2640 5155 ἄνθρωπε
2659 5099 2674 5147 ;
2698 5082 2808 5137 ἀπὸ
2828 5079 3089 5149 γυναικὸς
3118 5076 3422 5145 κερδαίνειν
3443 5074 3751 5155 ἐπιθυμεῖς,

2168 5169 2262 5223 καὶ
2289 5168 2391 5222 οὐκ
2438 5154 2690 5239 αἰσχύνῃ,
2743 5164 2866 5217 οὐδὲ
2899 5162 3193 5235 ἐρυθριᾷς
3248 5158 3371 5212 οὐδὲ
3404 5159 3485 5222 είς
3511 5156 3613 5228 τὴν
3647 5154 3755 5225 γῆν

2170 5250 2415 5324 καταδύῃ
2467 5250 2744 5311 τοιούτους
2787 5245 2995 5318 κερδῶν
3039 5242 3316 5313 ἐπιζητῶν
3347 5242 3611 5313 τρόπους;
3659 5239 3757 5291 xal

2174 5334 2274 5390 ποῦ
2326 5335 2501 5389 ταῦτα
2557 5333 2751 5405 ἀνδρὸς
2799 5332 2868 5385 τά
2920 5331 3178 5401 ῥήματας
3236 5327 3275 5378 Γ
3278 5326 3496 5388 υναικδς
3532 5325 3591 5377 ἓν
3637 5326 3757 5377 ἐστι

2175 5417 2355 5487 μόνον,
2386 5417 2455 5472 τά
2480 5415 2851 5485 συλλεγόμενα
2892 5410 3297 5482 διαφυλάττειν,
3336 5408 3433 5470 τὰς
3461 5405 3755 5477 προσόδους

2171 5504 2469 5573 διατηρεῖν,
2490 5500 2589 5572 τῆς
2607 5498 2786 5563 οἰκίας
2809 5494 3208 5567 ἐπιμελεῖσθαι·
3237 5490 3461 5561 καὶγὰρ
3483 5489 3573 5543 διά
3596 5487 3757 5573 τοῦτο

2175 5569 2348 5658 αὐτὴν
2401 5569 2597 5638 ἔδωκεν
2652 5584 2680 5635 0
2717 5580 2884 5644 Θεὸς,
2929 5578 3017 5632 ἵνα
3063 5578 3122 5629 ἐν
3158 5574 3369 5658 τούτοις
3416 5573 3561 5658 ημῖν
3587 5569 3758 5658 βοηθῆ

2184 5653 2321 5743 μετά
2342 5669 2444 5723 τῶν
2475 5667 2646 5724 ἄλλων
2669 5666 2941 5719 ἁπάντων.
2988 5659 3203 5728 Ἐπειδὴ
3234 5656 3342 5729 γὰρ
3381 5656 3470 5710 τὸν
3509 5655 3623 5726 βίον
3662 5653 3752 5708 10v
