4110 6198
461 267 570 323 1B9

460 381 824 452 frustrabitur,
845 387 987 457 quod
1014 396 1231 458 propter
1254 388 1348 444 Dei
1379 389 1622 446 timorem
1653 399 1856 446 tantum
1883 391 2050 446 mole-

459 481 682 529 stiarum
700 479 1036 543 sustinueris,
1050 489 1105 534 et
1127 495 1394 536 morosam
1418 481 1667 537 feminam
1687 498 1842 555 aequo
1866 487 2046 539 animo

460 566 667 633 tuleris,
696 578 752 623 et
778 571 1074 626 membrum
1107 581 1252 627 tuum
1280 584 1590 631 constanter
1613 576 1915 646 pertuleris.
1951 577 2048 632 Est

458 659 602 713 enim
649 677 784 716 uxor
827 663 1124 719 membrum
1163 677 1402 722 nostrum
1441 669 1831 734 necessarium;
1862 682 1916 725 et
1945 670 2046 725 hoc

461 752 800 817 potissimum
827 756 1040 811 nomine
1067 757 1293 813 debetur
1315 761 1362 813 ei
1392 760 1779 815 benevolentia.
1808 761 1961 827 Quod
1992 773 2047 816 et

459 840 658 896 Paulus
682 842 765 897 his
793 845 968 901 verbis
995 850 1264 920 praecipit:
1287 849 1376 905 Sic
1405 851 1580 905 debent
1606 852 1699 906 viri
1724 869 1843 906 suas
1865 869 2046 906 uxores

458 933 669 1004 diligere
717 937 846 990 sicut
889 941 1096 1009 prapria
1137 957 1373 1013 corpora.
1421 941 1586 998 Nemo
1630 945 1765 998 enim
1810 962 2044 1014 umquam

456 1041 600 1078 suam
620 1043 823 1082 carnem
850 1031 967 1084 odia
988 1032 1179 1100 habuit,
1202 1036 1290 1088 sed
1319 1037 1474 1088 nutrit
1503 1045 1548 1089 et
1577 1040 1708 1108 fovet
1735 1036 1898 1102 illaut,
1917 1038 2045 1092 sicut

457 1125 504 1168 ct
546 1115 776 1172 Christus
807 1118 1118 1190 Ecclesium,
1154 1126 1393 1194 quoniam
1436 1127 1657 1180 membra
1689 1144 1862 1183 sumus
1900 1129 2042 1198 ejus-

455 1207 571 1262 dem
600 1212 846 1282 corporis,
873 1228 938 1266 ea:
959 1230 1109 1269 carne
1131 1216 1242 1286 ejus
1277 1227 1325 1270 et
1355 1217 1548 1272 ossibus
1563 1212 2073 1288 ejus(Ep.5.28-30).

531 1305 764 1360 Ecclesia
792 1322 907 1361 cum
942 1305 1046 1359 Eva
1074 1306 1282 1359 collata.
1303 1335 1377 1345 —
1398 1304 1660 1376 [Magnum
1690 1303 1775 1356 hic
1801 1302 2046 1357 subiudi-

459 1395 602 1448 cavit
638 1396 985 1465 mysterium,
1016 1396 1233 1458 dicens,
1263 1394 1347 1448 Ea:
1380 1395 1612 1448 carnibus
1649 1395 1758 1464 ejus
1785 1403 1830 1447 et
1856 1395 2048 1448 ossibus

460 1488 570 1556 ejus
601 1485 725 1560 (a).]
760 1485 911 1542 Sicut
947 1488 1089 1542 enim
1133 1488 1260 1549 Eva,
1298 1486 1486 1556 inquit,
1531 1501 1596 1539 ex
1645 1487 1812 1540 latere
1858 1485 2047 1540 Adami

464 1580 678 1651 prodiit,
713 1581 784 1634 ita
811 1590 866 1636 et
893 1595 992 1635 nos
1021 1595 1053 1636 e
1077 1579 1274 1636 Christi
1305 1580 1489 1635 latere.
1521 1578 1630 1634 Hoc
1654 1579 1795 1632 enim
1823 1589 1931 1642 est,
1967 1577 2050 1632 Ex

465 1690 617 1728 carne
641 1675 750 1744 ejus
770 1683 818 1728 et
843 1675 1037 1728 ossibus
1065 1675 1175 1744 ejus
1201 1673 1350 1747 (Gen.
1371 1673 1429 1730 2.
1451 1673 1568 1743 21).
1600 1672 1704 1728 Sed
1739 1673 1902 1727 Evam
1932 1673 2049 1742 qui-

463 1766 584 1822 dem
611 1781 642 1821 e
672 1766 837 1822 latere
867 1767 1055 1821 Adami
1085 1775 1393 1837 prognatam
1423 1766 1623 1821 scimus
1649 1781 1866 1829 omnes,
1895 1775 1949 1820 et
1971 1763 2053 1818 di—

465 1868 610 1914 serte
636 1857 739 1913 hoc
769 1860 820 1913 in
850 1858 1124 1930 Scriptura
1152 1859 1360 1929 legitur,
1383 1858 1522 1928 quod
1545 1857 1827 1912 immiserit
1853 1858 1904 1910 in
1927 1873 2048 1912 eum

465 1965 748 2022 soporem,
788 1962 842 2008 et
872 1963 1116 2023 exempta
1146 1968 1247 2006 una
1279 1967 1309 2007 e
1353 1955 1519 2006 costis
1557 1951 1674 2020 ejus
1709 1952 2052 2006 aediﬁcaverit

467 2043 742 2099 mulierem
771 2061 785 2098 :
817 2044 958 2114 quod
985 2053 1160 2099 autem
1192 2044 1428 2100 Ecclesia
1458 2060 1488 2098 e
1518 2042 1711 2098 Christi
1742 2043 1907 2098 latere
1937 2053 2052 2096 orta

467 2137 556 2203 sit,
594 2135 857 2190 undenam
898 2136 1104 2191 discere
1152 2135 1466 2206 possumus?
1511 2135 1621 2189 lloc
1662 2149 1872 2205 quoque
1912 2134 2056 2189 Scri-

468 2237 622 2297 ptura
669 2226 888 2283 indicat.
944 2227 1230 2297 Postquam
1278 2227 1420 2282 enim
1468 2227 1712 2281 Christus
1747 2228 1800 2280 in
1839 2241 2053 2280 crucem

468 2319 709 2373 sublatus
732 2328 781 2373 el
814 2318 1004 2373 affixus
1029 2318 1318 2388 exspiravit
1337 2360 1351 2381 ,
1381 2318 1635 2371 Accedens
1673 2334 1802 2371 unus
1838 2316 2054 2370 militum

470 2410 685 2480 pupugit
710 2410 841 2463 latus
867 2410 1025 2476 illius,
1061 2420 1108 2464 et
1137 2411 1256 2464 exiit
1285 2410 1402 2464 inde
1421 2411 1627 2480 sanguis
1648 2419 1693 2463 et
1713 2426 1844 2480 aqua
1875 2409 2052 2478 (Joan.

472 2501 560 2557 19.
591 2502 685 2572 54)
719 2519 732 2556 :
764 2509 819 2557 et
847 2517 910 2557 ex
941 2501 1027 2556 illa
1053 2517 1188 2573 aqua
1213 2511 1266 2557 et
1293 2502 1550 2572 sanguine
1576 2510 1681 2556 tota
1713 2511 1922 2556 constat
1953 2502 2055 2554 Ec-

469 2594 653 2650 clesia.
684 2595 860 2650 Testis
889 2604 971 2650 est
1001 2595 1114 2666 ipse
1139 2595 1323 2649 dicens
1349 2613 1364 2648 :
1390 2592 1509 2648 Nisi
1534 2595 1645 2666 quis
1674 2605 1878 2647 renatus
1906 2594 2058 2665 fuerit

469 2702 532 2740 ea;
555 2701 688 2755 aqua
708 2694 754 2739 et
781 2686 983 2755 spiritu,
1017 2702 1115 2740 non
1144 2695 1304 2756 potest
1332 2686 1540 2739 introire
1573 2685 1625 2738 iu
1659 2701 1869 2756 regnum
1905 2685 2054 2738 cwlo-

469 2795 583 2832 runt
627 2778 820 2852 (Joan.
854 2781 905 2834 3.
941 2779 1016 2849 5)
1049 2798 1061 2832 :
1094 2779 1405 2849 sanguinem
1434 2787 1611 2833 autem
1639 2778 1868 2848 appellat
1896 2777 2056 2846 spiri-

473 2880 602 2924 tum.
655 2870 722 2924 Et
766 2871 1036 2926 nascimur
1072 2869 1285 2940 quidem
1329 2885 1424 2940 per
1464 2885 1654 2940 aquam
1703 2868 2056 2938 baptismatis,

470 2961 663 3016 alimur
689 2970 864 3015 autem
899 2977 992 3031 per
1017 2963 1349 3032 sanguinem.
1398 2959 1558 3015 Vides
1596 2959 1864 3030 quomodo
1889 2959 2058 3013 simus

469 3070 536 3110 ex
565 3069 727 3109 carne
753 3053 890 3124 ejus,
924 3064 979 3109 et
1007 3069 1072 3109 ex
1098 3054 1308 3110 ossibus
1348 3052 1482 3123 ejus,
1527 3054 1652 3106 dum
1695 3068 1760 3107 ex
1801 3050 2059 3121 sanguine

469 3145 562 3200 illo
587 3154 641 3200 et
665 3160 800 3215 aqua
829 3153 938 3199 tum
967 3144 1268 3208 nascimur,
1299 3154 1409 3197 tum
1435 3142 1662 3196 alimur?
1708 3141 1776 3195 Et
1801 3139 2058 3210 quemad-

469 3236 686 3293 modum
709 3236 913 3291 Adamu
931 3235 1230 3291 dormiente
1253 3235 1443 3288 mulier
1461 3243 1541 3288 cst
1561 3234 1792 3297 condita,
1817 3233 1892 3286 sic
1913 3231 2052 3285 Chri-

469 3337 553 3384 sto
581 3339 792 3384 mortuo
817 3327 949 3382 facta
987 3338 1068 3382 est
1104 3326 1338 3382 Ecclesia
1371 3342 1436 3381 ex
1473 3325 1586 3394 ejus
1616 3325 1803 3382 latere.
1843 3323 1953 3378 Nec
1991 3325 2060 3376 ob

472 3420 585 3474 lucc
624 3428 824 3474 tantum
865 3419 1092 3474 amanda
1131 3426 1215 3471 est
1250 3432 1406 3484 uxor,
1441 3415 1582 3486 quod
1623 3416 1920 3470 membrum
1959 3433 2058 3468 no-

470 3519 646 3565 strum’
677 3521 788 3575 est,
835 3520 889 3566 et
931 3527 1000 3565 ex
1048 3508 1201 3564 nobis
1246 3508 1504 3578 originem
1555 3507 1757 3573 habuit,
1799 3506 1891 3561 sed
1939 3507 2058 3574 quia

470 3604 641 3674 legem
670 3604 830 3658 etiam
860 3619 1024 3673 super
1045 3600 1146 3657 hoc
1179 3602 1316 3656 Deus
1342 3602 1544 3668 statuit,
1579 3601 1656 3656 sic
1682 3599 1887 3665 dicens,
1928 3597 2060 3652 Pro-

473 3706 642 3763 pterea
669 3695 912 3763 relinquet
941 3693 1090 3747 homo
1120 3703 1314 3765 patrem
1349 3709 1498 3746 suum
1533 3702 1578 3746 et
1605 3701 1850 3757 matrem,
1883 3701 1927 3744 et
1968 3691 2061 3743 ad-

471 3787 676 3841 lia'rebit
706 3788 852 3841 uxori
877 3803 1016 3851 suae,
1048 3796 1094 3839 et
1125 3795 1266 3839 erunt
1297 3784 1398 3838 duo
1420 3785 1473 3838 in
1499 3801 1649 3838 carne
1679 3801 1778 3837 una
1806 3783 1974 3856 (Gen.
2003 3783 2058 3836 2.

471 3878 584 3950 26).
610 3877 741 3933 Nam
762 3878 880 3933 ideo
898 3877 1052 3932 nobis
1075 3877 1209 3932 hanc
1240 3877 1406 3947 legem
1438 3875 1634 3931 Paulus
1654 3876 1798 3945 legit,
1816 3885 1868 3926 ut
1889 3875 2061 3926 modis

473 3969 722 4024 omnibus
751 3983 849 4023 nos
872 3968 936 4022 ad
971 3969 1110 4022 hunc
1133 3983 1369 4022 amorem
1403 3966 1763 4035 compelleret.
1816 3966 1908 4018 llic
1931 3965 2058 4017 mihi

472 4059 751 4115 considera
791 4060 1107 4128 sapientiam
1156 4057 1548 4128 apostolicam:
1590 4071 1694 4110 non
1740 4055 1882 4109 enim
1932 4054 2061 4108 solis

473 4151 667 4207 divinis
687 4161 777 4206 aut
801 4151 929 4207 Solis
951 4151 1197 4205 humanis
1224 4149 1424 4218 legibus
1455 4163 1551 4202 nos
1582 4147 1778 4201 inducit
1798 4146 1864 4200 ad
1887 4163 2062 4199 aman-

474 4243 570 4296 das
599 4243 874 4313 coniuges,
904 4241 996 4296 sed
1026 4241 1230 4295 mixtim
1259 4241 1498 4308 utrisque
1531 4257 1543 4292 :
1576 4249 1629 4292 ut
1661 4237 1916 4292 sublimes
1943 4238 2064 4306 qni-

476 4335 599 4389 dem
624 4335 722 4389 viri
747 4349 808 4387 ae
832 4331 1183 4403 pliilosopbici
1207 4331 1375 4401 magis
1399 4339 1711 4384 moveantur
1735 4329 2058 4394 czelestilms,

476 4426 717 4480 inlinnos
755 4436 933 4480 autem
979 4434 1031 4480 et
1074 4425 1302 4480 humiles
1350 4421 1586 4476 naturale
1631 4421 1830 4474 amoris
1876 4419 2063 4472 incita-

475 4529 713 4574 mentum
742 4519 908 4590 magis
936 4529 1164 4574 moveat.
1215 4516 1337 4572 Ideo
1365 4517 1590 4585 primum
1619 4531 1645 4567 a
1673 4515 1868 4568 Christi
1900 4515 2063 4568 bene-

478 4611 610 4666 liciis
637 4611 935 4666 doctrinam
967 4612 1102 4665 hanc
1131 4610 1310 4678 incipit
1341 4609 1416 4662 sic
1443 4609 1624 4661 dicens
1645 4649 1659 4671 ,
1698 4605 1904 4676 Diligite
1938 4623 2064 4657 urc-

477 4722 554 4759 res
584 4715 771 4759 vestras
789 4746 804 4767 ,
832 4705 964 4758 sicut
988 4716 1033 4757 et
1060 4704 1286 4758 Christus
1315 4703 1491 4756 dilexit
1518 4701 1798 4754 Ecclesium
1830 4702 1846 4769 (
1869 4701 2057 4768 [Cp/tes.

476 4798 529 4851 5.
583 4795 702 4867 ‘25);
759 4797 950 4851 deinde
1000 4811 1183 4851 rursus
1237 4795 1373 4849 idem
1418 4795 1525 4864 agit
1575 4793 1818 4846 luunan's
1846 4791 2060 4845 rationi-

479 4886 576 4940 bus
610 4905 624 4940 :
657 4887 748 4942 Sic
772 4888 948 4941 debent
982 4888 1072 4940 viri
1104 4884 1222 4940 suas
1248 4903 1430 4939 uxores
1467 4885 1693 4954 diligere,
1721 4893 1774 4934 ut
1803 4900 1894 4934 sna
1923 4883 2055 4950 ipso-

476 4995 589 5030 rum
610 4995 824 5048 corpora
853 4976 1070 5047 (Ep/tes.
1099 4978 1152 5031 5.
1182 4976 1296 5046 28),
1340 4976 1530 5031 deinde
1571 4991 1778 5029 rursum
1817 4973 1880 5026 ad
1910 4973 2063 5026 Chri-

477 5081 618 5126 stum
652 5073 935 5126 revertitur
966 5090 978 5126 :
1010 5070 1258 5136 Quoniam
1290 5068 1508 5122 membra
1545 5084 1720 5121 suums
1756 5081 1818 5118 ea:
1854 5081 2064 5135 corpore

477 5165 610 5235 ejus,
638 5174 685 5218 et
706 5180 770 5217 ea:
792 5179 943 5217 carne
969 5163 1097 5233 ejus.
1121 5171 1167 5214 ct
1194 5177 1255 5214 ex
1279 5161 1388 5231 ejus
1410 5159 1603 5212 ossibus
1635 5158 1738 5227 (Ib.
1773 5174 1818 5210 υ.
1843 5158 1955 5224 50);
1998 5172 2062 5212 ac

479 5270 689 5311 rursum
729 5255 794 5309 ad
836 5255 1094 5308 lnunauas
1126 5253 1358 5306 rationes
1389 5251 1555 5312 redit,
1592 5249 1863 5317 l’rOptei-ea
1906 5249 2061 5301 relin-

475 5357 594 5417 quel
625 5347 774 5401 homo
798 5357 989 5418 patrem
1025 5361 1170 5399 suum
1209 5352 1254 5397 et
1289 5354 1518 5408 matrem,
1547 5352 1594 5394 et
1619 5340 1888 5394 (td/twrebit
1917 5339 2060 5392 uxori

479 5453 587 5493 sua:
611 5435 721 5509 (Ib.
746 5453 793 5492 υ.
822 5437 936 5507 51);
968 5437 1207 5505 lectaque
1234 5434 1331 5489 hac
1357 5435 1471 5504 lege
1497 5452 1509 5487 :
1537 5432 1850 5503 Mysterittm,
1873 5431 2056 5500 inquit,

473 5529 565 5581 hoc
599 5548 836 5602 magnum
866 5542 938 5585 est
974 5529 993 5600 (
1018 5528 1160 5583 Ibid.
1213 5550 1262 5591 υ.
1293 5536 1408 5608 52).

536 5639 609 5713 (a)
643 5647 889 5713 tuumquze
915 5642 1099 5690 uncinis
1123 5641 1425 5698 clauduntur.
1449 5659 1542 5693 non
1566 5650 1677 5695 sunt
1701 5647 1749 5696 in
1773 5655 1950 5713 Graeco,
1966 5651 2058 5705 sed

473 5700 538 5751 ita
563 5698 685 5763 legit
708 5698 967 5764 lutérpres.

1425 275 1699 345 QUALES
1739 274 2087 334 DUCENDE
2127 277 2277 336 SlNT
2320 283 2609 346 UXURES.
2655 291 2740 346 Ill.

3632 294 3736 354 9.30

2226 389 2530 448 Parentibus
2558 397 2875 466 praeferenda
2902 413 3048 452 uxor.
3076 430 3146 440 —-—
3172 401 3450 468 Quomodo
3489 422 3737 480 magnum

2153 488 2262 545 est,
2291 482 2378 536 dic
2416 483 2544 538 mihi
2571 486 2595 539 ?
2633 486 2783 552 Quod
2815 488 2960 558 virgo
2985 503 3252 546 asservata
3283 497 3429 550 omni
3459 507 3698 569 tempore
3723 545 3738 567 ,

2153 587 2412 641 sponsum
2456 592 2746 648 numquam
2791 594 2914 637 ante
2942 583 3111 638 visum
3143 601 3266 640 mox
3295 605 3324 641 a
3352 589 3517 658 prima
3547 592 3636 649 die
3662 595 3740 650 sic

2154 663 2454 732 desiderat,
2481 677 2535 722 et
2562 680 2705 724 amat
2732 680 3000 742 tamquam
3033 690 3226 745 corpus
3269 680 3538 748 proprium
3572 703 3584 737 :
3616 700 3738 739 rur-

2158 769 2274 808 sum
2306 756 2388 810 vir
2409 772 2566 826 quam
2591 775 2876 831 numquam
2907 765 3068 833 vidit,
3103 784 3391 840 numquam
3437 774 3741 846 alloquutus

2155 854 2270 911 est,
2320 864 2441 902 mox
2482 865 2510 903 a
2553 852 2722 921 prima
2763 853 2852 909 die
2883 856 3095 924 przefert
3123 863 3331 917 caeteris
3355 867 3638 933 omnibus,
3686 880 3742 924 et

2155 937 2340 992 amicis
2366 950 2419 994 et
2451 941 2796 998 familiaribus
2817 986 2830 1009 ,
2865 947 3094 1018 denique
3124 951 3253 1021 ipsis
3280 956 3603 1023 parentibus.
3636 958 3738 1012 Pa-

2157 1038 2336 1084 rentes
2365 1030 2489 1084 item
2509 1074 2524 1098 ,
2556 1034 2600 1086 si
2627 1049 2723 1103 per
2751 1036 2906 1090 aliam
2938 1053 3152 1095 causam
3179 1043 3448 1102 auferatur
3467 1049 3547 1104 eis
3575 1064 3738 1118 pet-u-

2156 1119 2239 1172 nia
2257 1159 2272 1184 ,
2300 1120 2546 1178 dolenter
2574 1125 2750 1181 ferunt
2773 1169 2788 1194 ,
2836 1139 2891 1184 et
2919 1131 2970 1184 in
2990 1131 3079 1201 jus
3108 1134 3324 1190 trahunt
3345 1155 3470 1192 eum
3497 1141 3585 1210 qui
3613 1141 3737 1197 abs-

2157 1211 2320 1266 tulit:
2354 1213 2550 1268 homini
2592 1226 2770 1273 autem
2823 1235 2967 1290 smpe
3022 1239 3309 1295 numquam
3360 1237 3484 1284 ante
3535 1231 3648 1286 viso
3688 1243 3742 1288 et

2157 1301 2337 1370 ignoto
2360 1304 2522 1360 etiam
2553 1306 2731 1363 dotem
2777 1325 2880 1364 una
2911 1326 3030 1365 cum
3064 1314 3169 1368 lilia
3197 1316 3514 1374 luculentam
3546 1321 3598 1376 in
3625 1338 3740 1377 ma-

2156 1411 2256 1449 nus
2282 1394 2430 1449 dant.
2482 1397 2645 1469 ldque
2690 1401 2916 1458 libenter
2958 1403 3182 1471 faciunt,
3226 1423 3398 1478 neque
3442 1425 3502 1466 se
3545 1411 3744 1470 damno

2153 1485 2295 1541 afﬁci
2323 1488 2661 1557 existimant;
2693 1493 2786 1547 sed
2819 1494 3060 1551 videntes
3088 1498 3278 1554 abduci
3301 1500 3465 1556 ﬁliam
3490 1520 3594 1559 non
3627 1523 3740 1562 me-

2159 1579 2429 1635 minerunt
2468 1585 2866 1640 consuetudinis
2886 1629 2901 1654 ,
2933 1604 3039 1643 non
3062 1590 3272 1658 dolent,
3306 1609 3410 1647 non
3442 1607 3738 1666 anguntur,

2157 1672 2249 1726 sed
2295 1675 2490 1744 gratias
2517 1689 2677 1746 agunt
2708 1679 2923 1748 insuper
2946 1723 2959 1746 ,
2995 1691 3048 1736 et
3077 1698 3188 1738 rem
3237 1686 3524 1754 optabilem
3556 1699 3745 1758 putant

2159 1764 2319 1818 filiam
2347 1782 2377 1821 e
2406 1768 2566 1820 domo
2586 1784 2705 1822 eum
2736 1772 2898 1825 multa
2929 1774 3118 1828 abduci
3153 1779 3394 1844 pecunia.
3437 1779 3560 1835 llaec
3587 1782 3746 1852 igitur

2157 1857 2334 1908 omnia
2383 1857 2576 1912 Paulus
2616 1861 2992 1930 considerans,
3038 1865 3178 1934 quod
3211 1869 3518 1936 parentibus
3546 1874 3745 1927 relictis

2157 1945 2316 1999 ambo
2339 1947 2439 2000 sibi
2472 1950 2668 2002 mutuis
2692 1950 2982 2020 junguntur
3001 1955 3250 2022 nexibus,
3281 1972 3580 2030 novumque
3611 1977 3742 2016 con-

2159 2037 2381 2090 sortiqu
2413 2040 2668 2109 majorem
2692 2044 2909 2113 antiqua
2931 2048 3320 2105 consuetudine
3349 2051 3454 2105 vim
3477 2054 3702 2124 accipiat
3729 2075 3742 2109 :

2159 2129 2702 2203 animadvertensque
2729 2151 2833 2189 non
2858 2152 2977 2192 esse
3006 2138 3106 2194 hoc
3128 2138 3417 2197 humanum
3448 2146 3739 2215 negotium,

2157 2223 2251 2277 sed
2296 2223 2550 2280 divinitus
2594 2243 2806 2281 amores
2852 2230 2984 2284 tales
3037 2232 3232 2298 inseri,
3267 2243 3323 2289 ut
3348 2246 3524 2305 nupta:
3555 2240 3665 2308 pari
3692 2251 3746 2295 et

2159 2313 2478 2369 tradentium
2509 2326 2561 2370 et
2603 2319 2974 2387 accipientium
3007 2338 3126 2379 cum
3160 2323 3337 2379 laetitia
3369 2326 3645 2387 elocentur
3667 2339 3748 2384 at-

2155 2419 2262 2473 que
2311 2415 2688 2471 assumantur,
2738 2409 3066 2480 Mysterium,
3124 2416 3325 2484 inquit,
3374 2421 3469 2471 hoc
3509 2437 3746 2492 magnum

2159 2505 2252 2549 est.
2282 2495 2351 2551 Et
2376 2498 2513 2551 sicut
2551 2513 2741 2555 recens
2781 2510 2935 2557 natus
2967 2502 3258 2561 infantulus
3283 2507 3536 2577 adSpectu
3566 2512 3742 2566 statim

2159 2595 2411 2655 parentes
2435 2591 2694 2659 agnoscit,
2731 2590 3034 2662 priusquam
3075 2596 3210 2650 sciat
3253 2611 3412 2652 voces
3445 2600 3606 2656 edere
3636 2619 3647 2654 :
3678 2602 3744 2657 ita

2158 2691 2290 2732 sane
2316 2687 2369 2733 et
2391 2694 2618 2748 sponsus
2642 2696 2703 2735 ac
2731 2697 2950 2752 sponsa,
2973 2687 3182 2741 nemine
3207 2699 3505 2759 sequestro,
3535 2695 3748 2750 nemine

2159 2767 2436 2825 hortatore
2457 2811 2470 2836 ,
2501 2772 2673 2840 primo
2701 2773 2878 2828 statim
2926 2773 3183 2846 adspectu
3233 2781 3583 2838 conciliantur
3608 2785 3746 2841 invi-

2158 2877 2299 2916 cem.
2344 2863 2398 2918 Id
2429 2879 2550 2920 cum
2577 2868 2629 2920 in
2681 2865 2895 2922 Christo
2943 2869 3106 2923 etiam
3151 2871 3648 2950 animadvertisset,
3695 2887 3750 2932 et

2161 2958 2458 3025 praesertim
2497 2958 2548 3011 in
2580 2958 2812 3013 Ecclesia
2831 3001 2845 3025 ,
2875 2975 2981 3015 non
3011 2961 3128 3017 sine
3153 2973 3371 3034 stupore
3397 2967 3626 3036 quodam
3647 2969 3744 3024 ad-

2159 3047 2381 3100 miratus
2429 3057 2533 3101 est.
2591 3047 2869 3115 Quomodo
2917 3051 3074 3120 igitur
3100 3053 3150 3107 in
3178 3053 3393 3110 Christo
3423 3066 3478 3112 et
3505 3057 3742 3113 Ecclesia

2159 3139 2297 3194 idem
2328 3140 2548 3210 contigit
2566 3141 2589 3194 ?
2606 3142 2751 3196 Sicut
2772 3158 2998 3211 sponsus
3018 3144 3204 3198 relicto
3231 3156 3378 3215 patre
3401 3147 3468 3203 ad
3495 3164 3743 3219 Sponsam

2163 3239 2441 3301 properat,
2471 3231 2540 3285 ita
2572 3242 2626 3286 et
2656 3231 2898 3288 Christus
2930 3234 3113 3288 relicto
3146 3245 3364 3305 paterno
3394 3238 3529 3292 solio
3549 3282 3563 3306 ,
3606 3242 3750 3296 venit

2157 3323 2225 3376 ad
2270 3338 2518 3393 sponsam
2553 3341 2566 3377 :
2598 3341 2701 3379 non
2747 3340 2846 3380 nos
2888 3327 3125 3380 evocavit
3161 3327 3226 3382 ad
3253 3344 3476 3398 supera,
3509 3332 3601 3385 sed
3633 3332 3747 3401 ipse

2159 3415 2298 3469 ultro
2325 3416 2390 3470 ad
2439 3431 2537 3471 nos
2566 3417 2796 3472 advenit.
2846 3419 2976 3472 Cum
3018 3430 3192 3474 autem
3228 3421 3512 3476 adventum
3559 3425 3746 3490 audis,

2159 3521 2266 3560 non
2319 3507 2723 3576 migrationem,
2777 3509 2869 3564 sed
2921 3511 3415 3579 attemperationeut
3462 3512 3740 3585 intellige:

2160 3614 2284 3654 nam
2325 3599 2485 3654 etiam
2537 3615 2657 3654 cum
2698 3601 2969 3655 uobiscum
3001 3611 3176 3667 esset,
3230 3616 3352 3656 cum
3405 3603 3561 3660 Patre
3609 3615 3744 3662 erat.

2158 3691 2495 3763 Quapropter
2532 3694 2700 3764 inquit
2727 3711 2738 3746 :
2770 3693 3071 3765 Mysterium
3111 3697 3204 3749 hoc
3230 3707 3300 3750 est
3341 3715 3599 3769 magnum.
3631 3700 3742 3754 Ma—

2158 3799 2322 3852 gnum
2364 3799 2493 3838 sane
2531 3786 2690 3838 etiam
2722 3785 2860 3854 apud
2890 3787 3164 3851 homines;
3197 3787 3290 3841 sed
3331 3804 3451 3843 cum
3495 3790 3648 3846 video
3692 3791 3746 3846 in

2157 3873 2424 3928 Christum
2451 3889 2662 3944 quoque
2679 3885 2732 3930 et
2761 3876 3054 3931 Ecclesium
3081 3877 3218 3931 idem
3247 3891 3552 3950 competere
3571 3925 3586 3948 ,
3633 3891 3745 3938 tum

2157 3973 2302 4016 certe
2327 3963 2585 4018 miraculo
2615 3965 2689 4018 rei
2714 3965 2909 4019 reddor
2937 3967 3210 4021 attonitus.
3247 3970 3601 4035 Quamobrem
3621 3990 3742 4028 cum

2156 4052 2412 4117 dixisset,
2447 4053 2745 4124 Mysterium
2771 4055 2865 4109 hoc
2909 4066 3146 4128 ntaguuut
3173 4069 3279 4125 est,
3321 4061 3550 4130 subjecit
3574 4079 3694 4118 mox
3731 4085 3742 4118 :

2161 4143 2272 4216 Ego
2296 4155 2463 4214 autem
2489 4148 2602 4201 dico
2620 4149 2671 4202 in
2694 4147 2894 4203 Christo
2920 4159 2965 4204 et
2985 4152 3036 4204 iu
3063 4151 3291 4206 Ecclesia
3312 4153 3526 4225 (Epltes.
3546 4158 3598 4212 5.
3630 4158 3742 4228 52).

2160 4239 2340 4310 Itaque
2369 4256 2491 4295 cum
2514 4242 2651 4296 scias
2679 4251 2936 4312 quantum
2958 4243 3027 4299 sit
3055 4245 3105 4298 in
3131 4245 3378 4317 conjugio
3405 4250 3740 4319 mysterium,

2157 4340 2211 4386 et
2231 4333 2414 4402 quanti
2437 4334 2602 4403 ﬁgura
2623 4334 2842 4404 negotii,
2873 4349 2977 4388 non
3011 4343 3212 4390 temere
3239 4336 3308 4391 de
3333 4339 3435 4392 hoc
3469 4338 3702 4395 delibera
3724 4382 3740 4404 ,

2159 4439 2330 4496 neque
2350 4427 2604 4482 ducturus
2621 4441 2892 4496 sponsam,
2913 4427 3256 4496 pecuniarum
3275 4429 3634 4485 accessionem
3656 4448 3742 4486 re-

2158 4522 2324 4591 Spice.
2357 4519 2472 4574 Non
2503 4518 2643 4573 enim
2672 4518 2988 4586 negotiatio,
3016 4517 3109 4573 sed
3138 4518 3258 4573 vitae
3301 4519 3529 4576 societas
3553 4522 3744 4592 conju-

2156 4616 2300 4684 gium
2329 4610 2740 4668 existimandum
2771 4621 2871 4664 est.

2231 4707 2285 4761 4.
2322 4705 2509 4760 Mulier
2533 4713 2701 4757 creata
2731 4712 2784 4756 ut
2812 4703 3084 4757 aua‘ilietur
3111 4703 3236 4757 viro.
3277 4735 3348 4744 -—
3386 4703 3577 4761 Multos
3599 4709 3742 4764 enim

2160 4797 2340 4854 audivi
2369 4796 2645 4864 dicentes,
2683 4795 2771 4850 llle
2797 4794 3099 4865 opulentior
3151 4805 3270 4866 post
3315 4797 3526 4867 nuptias
3581 4800 3747 4854 factus

2163 4901 2280 4958 est,
2308 4907 2430 4946 cum
2461 4889 2646 4944 fuisset
2677 4903 2878 4958 pauper
2904 4900 3094 4952 antea;
3125 4904 3264 4942 nunc
3293 4890 3450 4942 ducta
3480 4907 3642 4944 uxore
3667 4893 3743 4945 di~

2160 4987 2266 5039 vite
2294 4992 2351 5039 et
2392 4984 2506 5053 ipse
2551 4982 2658 5052 agit
2707 4980 2758 5035 in
2789 4981 3018 5035 deliciis.
3049 4980 3186 5047 Quid
3213 4980 3322 5043 ais,
3359 4980 3497 5035 bone
3525 4983 3650 5036 vir?
3680 4998 3747 5037 ex

2160 5092 2326 5131 uxore
2354 5074 2546 5129 lucrari
2576 5071 2725 5144 cupis
2745 5115 2759 5138 ,
2791 5081 2844 5127 et
2881 5088 2985 5126 non
3033 5071 3306 5127 erubescis
3333 5070 3356 5125 ?
3387 5087 3490 5125 non
3524 5088 3631 5142 pra:
3660 5088 3750 5141 pu-

2159 5169 2288 5221 dore
2315 5167 2414 5221 sub
2441 5175 2634 5221 terram
2666 5175 2717 5219 te
2744 5164 2896 5218 abdis
2929 5164 3112 5218 talium
3152 5164 3416 5218 lucrorum
3448 5165 3754 5232 appetens?

2160 5257 2396 5313 lneccine
2425 5265 2549 5310 sunt
2570 5257 2728 5310 verba
2753 5255 2846 5308 viri
2871 5255 2894 5306 ?
2924 5254 3158 5308 Mulieris
3185 5268 3344 5308 unum
3373 5261 3455 5307 est
3475 5252 3708 5308 ollicium
3734 5295 3749 5318 ,

2160 5361 2217 5406 ut
2244 5360 2388 5420 parta
2412 5348 2696 5413 custodiat,
2729 5356 2788 5401 ut
2810 5356 3092 5401 conservet
3121 5345 3319 5401 reditus
3341 5385 3355 5408 ,
3380 5353 3433 5398 et
3462 5353 3612 5398 curet
3633 5360 3746 5398 rem

2160 5443 2505 5498 domesticam
2533 5460 2546 5495 :
2577 5454 2698 5493 nam
2739 5437 2941 5493 idcirco
2965 5453 3082 5492 eam
3111 5437 3248 5491 Deus
3277 5436 3450 5501 dedit,
3483 5444 3542 5490 ut
3569 5435 3667 5491 hac
3695 5453 3748 5490 tu

2159 5551 2214 5590 re
2236 5534 2361 5590 etin
2382 5532 2590 5588 caeteris
2620 5529 2774 5585 nobis
2801 5529 2870 5584 sit
2893 5527 3110 5583 auxilio.
3154 5527 3412 5594 Quoniam
3455 5526 3598 5582 enim
3644 5527 3750 5582 vita

2160 5630 2273 5684 hee
2303 5635 2482 5683 nostra
2513 5643 2543 5683 e
2573 5623 2778 5680 duobus
2808 5629 3051 5687 constat,
3081 5639 3109 5675 e
3137 5621 3292 5676 rebus
3326 5618 3542 5690 privatis
3573 5620 3624 5666 cl
3646 5624 3747 5679 νυ-
