4110 6198
374 242 468 296 251

381 359 563 424 hlicis,
591 375 743 414 suam
772 359 980 428 utrique
1010 365 1216 427 partem
1248 357 1386 409 Deus
1412 353 1650 408 attribuit
1670 393 1686 420 ,
1733 352 1964 408 femineo

381 451 597 519 quidem
624 449 808 521 generi
834 463 1018 503 curam
1045 446 1120 501 rei
1141 444 1451 499 domesticae
1469 483 1484 505 .
1507 442 1634 498 viris
1657 454 1835 498 autem
1869 459 1966 496 ne-

381 542 524 610 gotia
572 540 779 608 publica
801 579 817 604 ,
848 537 1076 593 forensia
1099 577 1114 601 ,
1133 535 1333 605 judicia
1359 533 1624 589 senatoria
1641 575 1656 600 ,
1682 533 1928 588 militaria
1947 573 1964 600 ,

381 647 573 691 ca-tera
599 633 828 702 denique
849 633 1046 684 omnia.
1074 629 1187 684 Non
1211 636 1385 698 potest
1410 626 1598 682 mulier
1624 627 1830 681 hastam
1860 635 1970 680 tor-

382 741 550 794 quere
575 733 667 778 aut
689 723 911 792 jaculari
935 720 1227 790 Spiculum;
1250 719 1343 774 sed
1370 719 1546 774 colum
1575 727 1748 788 potest
1784 733 1968 771 sumc-

385 833 464 882 re,
487 827 541 872 et
571 817 728 870 telam
752 825 952 880 texere,
984 824 1039 868 et
1066 823 1256 868 cmtera
1281 813 1492 882 negotia
1511 811 1800 866 domestica
1819 810 1967 866 obire

383 908 614 979 egregie.
643 906 758 961 Non
789 913 963 975 potest
988 905 1040 958 in
1069 912 1257 958 senatu
1287 904 1604 959 sententiam
1633 903 1842 966 dicere;
1873 901 1966 956 sed

385 1012 559 1071 potest
586 1000 652 1055 de
682 1015 739 1054 re
779 997 1022 1052 familiari
1068 998 1206 1052 ferre
1230 996 1583 1060 sententiam,
1606 1004 1661 1050 et
1684 1011 1826 1064 sarpe
1857 1011 1966 1049 me-

385 1094 484 1147 lius
510 1108 668 1162 quam
699 1091 919 1146 maritus
960 1089 1232 1158 prospexit
1271 1089 1432 1143 rebus
1478 1087 1804 1142 domesticis.
1850 1087 1964 1142 Non

387 1193 562 1254 potest
589 1184 965 1238 administrare
995 1181 1229 1250 publica;
1265 1181 1358 1236 sed
1389 1180 1606 1250 pulchre
1632 1189 1804 1249 potest
1832 1180 1966 1236 edu-

383 1293 507 1332 care
549 1276 777 1340 liberos,
824 1290 941 1344 qua:
967 1273 1181 1342 quidem
1225 1273 1486 1342 prmcipna
1531 1281 1613 1327 cst
1654 1274 1964 1342 possessio:

385 1377 558 1436 potest
584 1366 893 1419 ancillarum
922 1363 1199 1419 malefacta
1225 1363 1654 1432 deprehendere,
1687 1374 1741 1418 et
1770 1365 1821 1417 in
1849 1364 1968 1418 ofli-

381 1461 466 1514 cio
509 1459 782 1512 continere
831 1455 1119 1521 familiam,
1175 1455 1306 1509 alias
1347 1459 1660 1510 securitates
1713 1457 1968 1512 exhibere

384 1549 572 1603 marito
600 1548 856 1616 illumque
884 1547 1110 1602 liberare
1136 1545 1513 1612 sollicitudine,
1533 1547 1659 1601 dum
1691 1548 1801 1616 ipsa
1824 1548 1966 1603 domi

380 1650 531 1696 curat
557 1655 770 1710 penum,
800 1638 1110 1703 lanificium,
1136 1637 1368 1692 culinam
1391 1679 1404 1700 .
1433 1637 1683 1692 decorem
1718 1641 1964 1705 vestium,

385 1749 683 1803 caue-raque
732 1749 904 1802 neque
951 1732 1144 1786 decora
1201 1731 1458 1796 maribus,
1491 1747 1662 1800 neque
1687 1731 1892 1798 facilia,
1923 1733 1968 1786 si

381 1826 481 1880 sibi
525 1824 611 1877 illa
638 1837 896 1892 usurpare
926 1821 1208 1876 voluerint.
1241 1821 1330 1874 Est
1356 1822 1496 1877 enim
1537 1833 1590 1876 et
1641 1822 1742 1876 hoc
1777 1823 1969 1876 divina:

386 1916 762 1985 providentia},
809 1912 950 1982 quod
993 1913 1038 1966 is
1065 1913 1154 1982 qui
1182 1913 1232 1964 in
1278 1912 1570 1981 majoribus
1619 1914 1844 1983 negotiis
1887 1923 1968 1968 est

386 2007 530 2062 utilis
549 2047 565 2070 ,
599 2006 649 2060 in
677 2003 970 2058 minoribus
1013 2002 1278 2071 reperitur
1297 2001 1557 2068 deterior,
1586 2011 1639 2056 ut
1672 2003 1966 2057 necessaria

383 2099 453 2154 sit
481 2097 760 2151 mulierum
788 2109 972 2164 opera.
996 2091 1051 2148 Si
1078 2093 1222 2148 enim
1249 2094 1301 2148 in
1331 2095 1568 2164 utrisque
1591 2095 1671 2148 vir
1696 2093 1970 2163 przece'le-

385 2199 502 2253 ret,
537 2188 690 2242 facile
713 2195 1146 2242 contemneretur
1165 2201 1334 2255 genus
1361 2184 1648 2239 femineum
1677 2202 1689 2236 :
1714 2197 1898 2239 contra
1925 2185 1967 2238 si

385 2281 438 2334 in
470 2277 924 2348 prmstantimibus
956 2274 1126 2344 major
1153 2283 1296 2328 esset
1326 2289 1452 2328 usus
1497 2275 1806 2342 mulierum,
1856 2274 1961 2343 ple-

387 2386 468 2423 mc
495 2378 677 2424 essent
706 2366 1004 2421 insolentia.
1055 2364 1411 2433 Quamobrem
1441 2381 1544 2419 non
1583 2367 1851 2420 commisit
1876 2367 1966 2420 nni

387 2470 641 2530 utraque,
675 2473 740 2512 ne
770 2457 989 2510 alterius
1014 2455 1226 2524 generis
1251 2455 1489 2509 deterior
1535 2457 1691 2512 fieret
1732 2457 1970 2512 conditio

385 2562 444 2607 ut
469 2549 849 2619 supervacanei
885 2565 896 2599 :
931 2562 1030 2601 nec
1074 2557 1247 2600 tamen
1278 2561 1344 2600 ex
1381 2563 1534 2615 a‘quo
1559 2547 1828 2602 distribuit
1851 2547 1972 2600 offi-

384 2642 464 2695 cia
485 2680 501 2704 ,
536 2657 603 2693 ne
649 2640 786 2692 inter
815 2646 1051 2704 aequatos
1091 2635 1292 2690 honore
1323 2637 1556 2690 oriretur
1582 2637 1647 2690 de
1677 2637 1971 2704 priuetpatu

388 2730 686 2794 contentio,
710 2727 968 2782 uxoribus
986 2741 1091 2778 non
1118 2725 1453 2796 dignantibus
1471 2726 1600 2778 viris
1628 2726 1970 2796 praerogativa

391 2821 586 2875 cedere
639 2836 650 2872 :
702 2817 794 2870 scd
826 2830 930 2884 quo
954 2826 1007 2868 et
1051 2814 1351 2868 concordiae
1382 2825 1435 2868 et
1475 2815 1922 2885 decoroju'ospct
1947 2847 1974 2858 -

387 2921 500 2978 ret,
530 2912 598 2966 ita
622 2909 809 2964 ordine
829 2921 952 2960 suas
971 2907 1162 2974 cuique
1183 2897 1656 2959 sexuifunctiones
1673 2905 1969 2972 distribuit,

389 3015 446 3058 ut
490 3001 672 3056 utilior
714 3014 776 3053 ac
815 2997 981 3067 magis
1019 2997 1320 3055 necessaria
1347 3011 1468 3065 pars
1496 2996 1612 3050 viro
1635 2997 1931 3066 obtingeret
1955 3037 1974 3065 ,

390 3095 562 3148 minor
601 3099 780 3146 autem
812 3096 867 3144 et
903 3086 1394 3150 inferiorfeminm;
1422 3095 1476 3141 et
1500 3087 1586 3141 ille
1605 3087 1817 3157 quidem
1850 3105 1977 3158 pro-

389 3197 505 3256 pter
536 3185 861 3254 prmcipuum
889 3180 968 3233 sui
997 3194 1151 3233 usum
1176 3181 1326 3233 fieret
1347 3177 1693 3244 honorabilis,
1719 3178 1833 3234 lucc
1851 3195 1976 3234 vero

388 3289 606 3350 propter
636 3276 818 3330 viliora
841 3273 1131 3328 ministeria
1154 3280 1337 3327 contra
1366 3271 1646 3342 conjugem
1671 3289 1776 3326 non
1805 3273 1986 3357 insur-'

422 3378 555 3424 CI'CL

422 3386 555 3424 eret.

385 3386 418 3440 8
458 3459 586 3515 Sola
627 3459 784 3512 vinus
820 3466 868 3508 et
908 3471 1105 3508 morum
1141 3454 1360 3522 probitas
1412 3454 1464 3506 in
1493 3469 1651 3507 uxore
1679 3456 1970 3522 qua'reuda.

394 3550 578 3606 Uxoris
594 3548 761 3602 divitis
778 3543 1312 3599 iucommoda.—ll:nc
1335 3543 1492 3614 igitur
1517 3559 1702 3599 omnes
1712 3563 1832 3600 eum
1846 3547 1980 3601 scia-

389 3658 529 3706 Inus,
561 3655 724 3693 unum
761 3647 961 3690 tantum
980 3649 1302 3704 qtimranttts,
1322 3649 1512 3702 nempe
1530 3634 1774 3688 virtutem
1793 3637 1975 3704 animi,

388 3743 442 3787 et
469 3746 674 3786 morunt
696 3727 960 3798 egregiam
982 3725 1123 3779 indol
1147 3741 1234 3789 -ιιι,
1256 3735 1313 3778 ut
1331 3740 1458 3795 pace
1477 3726 1732 3792 fruamur,
1757 3737 1809 3780 et
1830 3728 1979 3783 ohle-

391 3834 598 3876 rteiuur
623 3818 905 3874 concordia
935 3825 1287 3885 perpetuaque
1314 3817 1696 3872 benevolentia.
1716 3819 1814 3886 Qui
1837 3823 1978 3875 enim

390 3914 610 3968 divitem
631 3911 780 3965 duxit
806 3924 1059 3974 uxorem,
1088 3907 1356 3962 dominam
1386 3912 1552 3979 magis
1580 3911 1680 3966 sibi
1706 3913 1976 3982 qumsivit,

392 4021 547 4073 quam
577 4002 878 4071 conjugem.
907 3998 1196 4070 Gnincnim
1212 3999 1480 4069 ctabsque
1501 4000 1602 4056 hoc
1625 4004 1875 4059 mulieres
1898 4005 1980 4058 in-

393 4095 550 4164 genio
578 4092 809 4162 superbo
829 4091 929 4144 sint
950 4090 1273 4159 honorisque
1302 4091 1511 4159 cupido,
1544 4092 1587 4146 si
1614 4109 1742 4161 opes
1767 4109 1980 4164 quoque

397 4186 752 4246 accesserint,
792 4180 1060 4252 quomodo
1088 4190 1246 4236 erunt
1275 4183 1478 4236 maritis
1509 4183 1855 4239 tolerabiles?
1880 4187 1978 4254 Qui

395 4285 573 4330 autem
616 4273 876 4343 arqualem
916 4271 1103 4335 duxit,
1131 4279 1224 4323 aut
1254 4271 1442 4339 opibus
1468 4271 1567 4325 sibi
1597 4273 1886 4342 imparem,
1917 4276 1980 4330 iis

394 4365 709 4434 adjutricem
751 4362 899 4418 duxit
936 4371 992 4417 et
1033 4363 1229 4416 sociam
1251 4403 1266 4426 ,
1309 4372 1363 4417 et
1389 4364 1567 4417 omnia
1594 4363 1730 4418 bona
1758 4367 1868 4422 suis
1901 4368 1983 4421 in-

396 4460 548 4513 duxit
592 4457 814 4511 aalibus.
869 4454 984 4525 Ipsa
1033 4455 1175 4509 enim
1227 4457 1552 4524 paupertatis
1595 4460 1886 4513 necessitas
1929 4461 1978 4516 ei

402 4550 718 4619 persuadet,
753 4561 805 4602 ut
836 4548 1083 4600 maritmn
1109 4545 1250 4600 colat
1281 4546 1450 4601 modis
1475 4548 1721 4604 onmibus
1743 4592 1756 4616 ,
1785 4550 1981 4606 cedens

399 4642 474 4696 illi
522 4648 576 4694 et
618 4641 918 4708 obsequens
961 4652 1055 4707 per
1093 4638 1270 4691 omnia
1313 4655 1327 4692 :
1364 4639 1545 4708 sicque
1583 4643 1938 4697 contentionis
1963 4685 1980 4711 ,

399 4737 562 4798 ItXt',
611 4729 936 4792 illSoleltlize,
982 4729 1424 4782 contumeliarum
1468 4732 1688 4786 materia
1735 4733 1978 4789 tollitur:

403 4825 546 4894 pacis
571 4833 746 4875 autem
772 4862 788 4887 ,
815 4820 1132 4886 Concordite,
1159 4820 1457 4875 dilectionis
1477 4838 1874 4893 consensusque
1895 4841 1982 4879 ac-

396 4916 540 4970 cedit
589 4913 876 4967 vinculum.
927 4913 1035 4968 Pax
1095 4913 1252 4983 igitur
1293 4923 1347 4966 et
1383 4913 1614 4982 jucunda
1654 4917 1982 4971 consuetudo

397 5005 684 5076 qtta'retttla
728 5013 836 5081 est,
885 5020 988 5056 non
1029 5005 1266 5072 pecunia.
1303 5002 1357 5055 ln
1385 5003 1485 5056 hoc
1511 5004 1704 5058 factum
1734 5013 1818 5060 est
1844 5021 1978 5060 coo-

396 5099 591 5170 jugium
613 5138 629 5163 ,
661 5113 762 5151 non
794 5108 848 5150 ut
876 5097 1004 5150 rixis
1031 5097 1184 5164 plena
1215 5097 1284 5148 sit
1307 5095 1497 5148 domus
1519 5106 1572 5150 et
1594 5096 1696 5150 bell
1721 5118 1731 5146 ι
1752 5140 1767 5163 ,
1794 5114 1896 5151 non
1924 5109 1978 5153 ut

395 5192 516 5245 lites
559 5190 734 5243 adsint
774 5198 828 5242 et
872 5187 1176 5249 contentio,
1221 5201 1324 5238 non
1368 5196 1422 5238 ut
1452 5189 1649 5242 nnnuis
1679 5187 1980 5244 laboremus

391 5281 647 5343 discidiis,
672 5288 724 5334 et
749 5279 826 5332 sic
857 5279 1096 5332 vivamus
1128 5286 1183 5330 ut
1213 5276 1334 5330 vita:
1365 5277 1554 5330 taedeat
1587 5296 1600 5331 :
1634 5279 1724 5332 sed
1752 5289 1807 5333 ut
1835 5280 1978 5333 frua-

395 5392 514 5428 Inur
536 5373 830 5444 adjutorio,
854 5379 908 5426 et
950 5378 1155 5438 portum
1186 5367 1470 5423 habeamus
1491 5411 1506 5434 ,
1533 5371 1790 5439 refugimn
1827 5383 1984 5443 atque

393 5466 638 5517 solatium
662 5505 676 5529 ,
707 5479 811 5533 quo
841 5461 1007 5517 levius
1038 5459 1270 5514 feramus
1300 5461 1630 5515 inconnnoda
1658 5501 1673 5528 ,
1709 5473 1870 5532 utque
1893 5464 1981 5531 ju-

390 5554 579 5607 condis
622 5555 803 5607 uxoris
842 5568 1142 5608 recreemur
1171 5550 1464 5620 colloquiis.
1494 5551 1631 5617 Quot
1657 5553 1846 5606 divites
1875 5553 1968 5606 dus

390 5646 494 5700 etis
531 5645 793 5716 opulentis
840 5643 1119 5712 uxoribus,
1157 5656 1215 5697 re
1245 5652 1393 5698 aucta
1425 5641 1730 5697 exciderunt
1759 5657 1790 5696 a
1823 5642 1968 5698 volu-

1085 242 1144 297 S.
1185 239 1461 298 JOANNIS
1496 237 1972 296 CIIRYSOSTOMI
2010 237 2328 295 AllClllEP.
2367 187 2897 299 CONSTANTI‘NOP.

3541 247 3646 305 252

2073 361 2220 423 ptate
2250 354 2554 408 concordia:
2574 397 2588 420 ,
2623 371 2690 410 ne
2721 371 2902 410 mensa
2933 356 3145 426 quidem
3177 368 3393 415 vacante
3420 377 3448 414 a
3479 368 3649 431 quoti-

2070 443 2242 498 dianis
2267 445 2456 514 pugnis
2473 453 2526 500 et
2546 447 3019 501 contentionibus?
3045 458 3174 518 quot
3196 466 3457 520 pauperes
3480 453 3652 508 ductis

2073 532 2237 588 etiam
2264 536 2666 604 pauperioribus
2692 537 2872 591 vivunt
2899 538 2951 592 in
2972 555 3132 610 pace,
3157 550 3212 594 et
3231 542 3516 598 admodum
3547 546 3650 601 licti

2070 626 2236 680 solem
2285 625 2424 679 hunc
2465 627 2761 696 aspiciunt;
2793 628 2984 684 divites
3011 641 3195 686 contra
3223 634 3470 689 onmibus
3495 635 3650 690 afflu-

2069 724 2224 769 entes
2247 714 2454 770 deliciis
2474 757 2487 778 ,
2525 727 2741 787 propter
2767 733 2962 773 uxores
2987 720 3147 773 vitam
3177 737 3397 776 exesam
3426 723 3616 780 habent
3634 769 3650 789 ,

2069 817 2124 862 et
2162 818 2388 862 mortem
2434 809 2570 863 votis
2606 811 2908 879 expetunt?
2949 812 3084 868 adeo
3128 815 3270 870 nulla
3297 825 3379 870 est
3407 820 3654 886 pecunia-

2069 917 2188 957 rum
2229 902 2455 966 utilitas,
2496 903 2596 956 nisi
2635 903 2686 957 in
2729 906 2922 958 bonam
2963 906 3192 961 animam
3243 908 3542 964 inciderint.
3586 911 3654 966 Et

2068 991 2194 1062 quid
2220 1007 2355 1063 Opus
2384 1004 2466 1047 est
2492 993 2560 1049 de
2581 1009 2710 1064 pace
2736 995 2878 1066 loqui
2905 1007 2958 1052 et
2986 999 3267 1053 concordia
3289 1040 3306 1066 ,
3333 1002 3546 1070 quando
3570 1003 3651 1058 di-

2071 1085 2258 1137 tiorem
2301 1084 2518 1139 duxisse
2558 1100 2950 1156 nonnumquam
2997 1087 3065 1142 ad
3114 1090 3363 1158 pecunias
3392 1093 3654 1160 parandas

2069 1173 2167 1228 fuit
2192 1174 2562 1230 obstaculum?
2590 1175 2674 1230 Fit
2694 1177 2834 1231 enim
2864 1177 3129 1233 interdum
3153 1191 3209 1235 ut
3229 1182 3318 1250 qui
3342 1191 3506 1236 totam
3527 1184 3655 1237 sub-

2069 1267 2319 1322 stantiam
2351 1268 2402 1321 in
2427 1269 2736 1324 accessione
2760 1269 2900 1324 dotis
2927 1273 3127 1326 uxoria:
3155 1273 3468 1338 contribuit,
3495 1276 3655 1344 paulo

2070 1368 2190 1429 post
2230 1361 2301 1416 ob
2347 1361 2686 1414 immaturum
2730 1361 2974 1432 conjugis
3017 1362 3219 1418 obitum
3265 1372 3428 1419 totam
3473 1366 3652 1421 dotem

2071 1466 2356 1506 numerare
2396 1461 2619 1522 cogatur
2642 1451 2890 1508 affinibus
2922 1471 2934 1506 :
2964 1463 3018 1508 et
3042 1455 3488 1524 quemadmodum
3517 1473 3652 1510 nau-

2071 1545 2199 1613 fragi
2239 1552 2456 1599 euanuit
2492 1543 2635 1599 nudo
2672 1560 2897 1614 corpore
2919 1586 2934 1611 ,
2974 1546 3044 1600 ita
3075 1554 3130 1602 et
3158 1546 3244 1601 hic
3275 1557 3394 1617 post
3418 1557 3495 1602 tot
3517 1564 3650 1604 con-

2073 1637 2369 1700 tentiones,
2405 1636 2546 1690 rixas
2565 1677 2582 1702 ,
2617 1637 2736 1692 lites
2765 1646 2819 1692 et
2843 1638 3061 1708 injurias
3087 1655 3226 1711 a‘gre
3255 1650 3464 1696 tueatur
3493 1642 3655 1698 liber-

2073 1737 2232 1782 tatem
2272 1728 2529 1796 corporis.
2577 1729 2641 1783 Et
2667 1729 2804 1783 sicut
2832 1730 3158 1787 insatiabiles
3189 1734 3540 1802 negotiatores
3567 1751 3654 1790 re—

2073 1819 2210 1886 pleta
2254 1818 2371 1871 navi
2415 1818 2706 1874 innumeris
2747 1821 3004 1886 sarcinis,
3043 1831 3098 1876 et
3132 1823 3397 1892 congestis
3424 1824 3656 1893 pluribus

2071 1927 2228 1980 quam
2276 1910 2496 1979 perferri
2537 1913 2741 1980 possint
2781 1913 3063 1979 oneribus,
3095 1928 3272 1967 merso
3300 1915 3512 1984 navigio
3537 1931 3657 1985 per-

2072 2001 2202 2054 dunt
2247 2001 2423 2055 omnia
2455 2017 2472 2054 :
2505 2001 2574 2055 ita
2616 2011 2672 2055 et
2699 2003 2786 2069 qui
2817 2017 3120 2073 praegraves
3146 2002 3338 2072 opibus
3366 2016 3657 2075 sequuntur

2073 2093 2282 2160 nuptias
2303 2133 2319 2156 ,
2349 2093 2474 2145 dum
2503 2092 2760 2162 majorem
2783 2109 2877 2163 per
2901 2093 3204 2162 conjugiutn
3235 2093 3451 2164 adipisci
3475 2112 3534 2150 se
3563 2112 3656 2166 pu-

2074 2193 2182 2236 tant
2213 2183 2594 2250 substantiam,
2633 2184 2883 2238 amittunt
2918 2194 2970 2240 et
3011 2199 3127 2238 eam
3151 2222 3168 2250 ,
3207 2200 3324 2254 quae
3358 2185 3503 2253 prius
3531 2186 3657 2256 ipsis

2073 2275 2279 2336 fuerat;
2308 2276 2444 2330 sicut
2475 2277 2617 2329 enim
2644 2275 2748 2330 illic
2775 2277 2930 2330 unius
2956 2276 3148 2330 fluctus
3175 2275 3373 2345 impetu
3395 2278 3544 2332 navis
3562 2293 3656 2347 op-

2077 2367 2318 2434 primitur
2349 2384 2362 2420 :
2395 2366 2473 2421 sic
2493 2375 2547 2422 et
2566 2365 2653 2421 hic
2675 2366 2953 2421 immatura
2981 2381 3126 2420 mors
3147 2367 3387 2436 conjugis
3411 2383 3660 2438 superve-

2075 2459 2227 2511 niens
2242 2474 2363 2512 cum
2392 2474 2556 2513 uxore
2579 2461 2738 2514 etiam
2770 2476 2882 2515 rem
2909 2475 3124 2516 omnem
3151 2462 3331 2531 eripit.

2145 2548 2198 2602 5.
2250 2547 2376 2602 llaec
2417 2549 2577 2618 igitur
2599 2552 2775 2604 omnia
2801 2551 3097 2620 cogitantes
3128 2567 3234 2606 non
3263 2553 3511 2622 pecunias
3535 2569 3656 2624 spe-

2075 2646 2278 2692 ctemus
2301 2678 2316 2702 ,
2344 2638 2439 2692 sed
2459 2639 2773 2709 probitatem
2797 2681 2812 2705 ,
2835 2639 3167 2696 honestatem
3188 2683 3204 2707 ,
3228 2651 3281 2696 et
3304 2643 3655 2712 prudentiam.

2071 2729 2266 2784 Mulier
2310 2729 2454 2784 enim
2500 2730 2754 2796 cordata,
2805 2735 3060 2802 probata,
3104 2734 3384 2799 modesta,
3425 2736 3496 2790 sit
3536 2737 3660 2791 licet

2077 2837 2278 2891 panper
2294 2864 2309 2888 ,
2338 2830 2706 2892 paupertatem
2727 2823 3061 2879 commodius
3081 2823 3215 2880 feret
3237 2843 3394 2896 quam
3416 2827 3655 2881 divitias:

2076 2912 2214 2965 sicut
2254 2923 2437 2966 contra
2484 2928 2694 2968 morosa
2721 2953 2740 2980 ,
2780 2915 3143 2981 contentiosa,
3182 2926 3237 2970 et
3273 2916 3656 2984 intemperans,

2078 3003 2282 3055 etiamsi
2317 3003 2555 3072 ingentes
2582 3003 2861 3058 thesauros
2884 3005 2936 3058 in
2959 3005 3161 3060 tedibus
3190 3005 3419 3060 inveniat
3439 3047 3455 3072 ,
3479 3009 3662 3076 quavis

2081 3093 2309 3160 procella
2331 3094 2487 3148 citius
2513 3109 2604 3148 eos
2632 3093 2884 3164 dissipat,
2911 3095 3262 3165 maritumque
3279 3109 3332 3151 et
3354 3107 3662 3167 paupertate

2078 3195 2129 3238 et
2161 3184 2452 3238 innumeris
2479 3185 3120 3241 involvitcalamitatibus.
3143 3185 3256 3240 Non
3280 3188 3436 3257 igitur
3453 3187 3664 3242 divitias

2079 3290 2416 3344 quzcratnus,
2452 3275 2547 3330 sed
2587 3291 2705 3345 qua:
2748 3286 3041 3346 praesentes
3079 3276 3359 3334 facultates
3392 3279 3664 3349 dispenset

2079 3366 2380 3420 commode.
3627 3379 3635 3386 ’

2151 3456 2254 3508 Cur
2291 3458 2574 3512 institutum
2616 3459 2768 3530 fuerit
2807 3460 3119 3532 conjugium.
3178 3459 3480 3530 Exemplum
3506 3461 3664 3516 Abru-

2082 3541 2219 3593 Immi
2247 3540 2356 3608 [ilio
2379 3558 2471 3596 suo
2507 3559 2714 3596 uxorem
2739 3545 3027 3615 quarrentis.
3059 3574 3131 3585 ——
3158 3546 3294 3609 Apte
3318 3547 3494 3599 omnia
3521 3546 3666 3601 disice.

2082 3650 2324 3704 quamam
2354 3634 2511 3690 fuerit
2532 3652 2689 3691 causa
2717 3637 2969 3707 conjugii,
2992 3646 3046 3691 et
3065 3638 3410 3708 quamobrem
3440 3639 3490 3692 in
3517 3653 3664 3692 COIII-

2083 3743 2295 3781 munem
2327 3727 2485 3782 vitam
2516 3727 2872 3783 introductum
2894 3730 2982 3796 sit,
3005 3745 3104 3786 nec
3123 3731 3406 3801 qttidquam
3428 3732 3668 3800 requiras

2083 3819 2332 3888 amplius.
2375 3818 2504 3884 Quze
2543 3820 2698 3889 igitur
2736 3820 2832 3874 fuit
2859 3837 3016 3874 causa
3045 3821 3273 3891 conjugii
3295 3863 3310 3889 ,
3336 3833 3386 3876 et
3413 3837 3510 3875 cur
3536 3819 3662 3878 illud

2084 3907 2264 3963 datum
2305 3920 2383 3962 est
2425 3909 2721 3963 divinitus?
2746 3909 2882 3965 Audi
2916 3910 3132 3964 Paulum
3163 3912 3456 3977 dicentem,
3491 3911 3571 3964 Ad
3593 3912 3666 3965 vi-

2082 4000 2262 4052 tandas
2301 4011 2466 4052 autent
2505 4001 2828 4054 scortationes
2854 4003 3062 4072 quisque
3094 4019 3237 4055 suam
3262 4019 3466 4056 uxorem
3488 4002 3667 4055 habent

2090 4092 2164 4160 (l.
2195 4089 2310 4144 Cor.
2347 4092 2400 4143 7.
2428 4089 2503 4160 ι’).
2551 4091 2664 4145 Non
2709 4091 2878 4156 dixit,
2927 4091 2993 4147 Ut
3021 4094 3246 4148 evitetur
3274 4102 3584 4162 paupertas,
3613 4103 3670 4147 ct

2089 4191 2338 4250 parentur
2375 4182 2572 4236 lellliB
2619 4200 2634 4237 :
2677 4183 2771 4238 sed
2801 4183 2965 4252 quid?
2991 4183 3057 4240 Ut
3085 4183 3462 4239 scortationetn
3493 4185 3664 4239 evite-

2087 4287 2234 4333 mus,
2283 4281 2338 4325 ιιι
2383 4272 2724 4327 moderemur
2768 4275 3294 4344 concupiscentiam,
3343 4284 3400 4330 ut
3429 4277 3668 4330 vivamus

2086 4363 2295 4429 sobrie,
2343 4374 2400 4417 ut
2441 4364 2548 4418 Deo
2589 4366 2893 4432 placeamus
2930 4367 3165 4421 contenti
3205 4382 3370 4422 uxore
3407 4367 3618 4437 prepria
3650 4386 3664 4421 :

2089 4454 2189 4509 hoc
2235 4455 2389 4509 nobis
2430 4455 2584 4510 affert
2631 4457 2967 4529 conjugium,
3020 4458 3105 4512 hic
3151 4459 3267 4527 ejus
3305 4459 3539 4524 fructus,
3568 4459 3668 4513 hoc

2090 4546 2212 4601 inde
2239 4548 2440 4601 lucrum
2469 4557 2568 4602 est.
2598 4547 2736 4602 Cave
2767 4547 2926 4617 igitur
2951 4548 3161 4603 omissis
3188 4550 3478 4618 potioribus
3496 4559 3670 4604 secte-

2091 4637 2163 4690 ris
2191 4653 2308 4706 qnaz
2338 4639 2560 4692 minoris
2583 4648 2708 4692 sunt
2738 4640 2892 4707 pretii
2919 4658 2932 4692 :
2965 4656 3114 4693 mens
3144 4641 3285 4694 enim
3313 4640 3488 4694 sobria
3514 4640 3670 4709 longe

2092 4739 2306 4797 prwstat
2331 4728 2549 4783 divitiis.
2582 4729 2691 4783 lloc
2718 4731 2857 4784 cnim
2892 4747 3052 4785 unum
3079 4732 3130 4784 in
3154 4731 3400 4802 conjugio
3424 4741 3671 4800 spectan-

2086 4820 2209 4874 dum
2237 4831 2318 4876 est
2346 4822 2574 4875 maxime
2597 4863 2612 4886 ,
2641 4831 2696 4874 ut
2727 4833 2998 4891 peccatum
3031 4824 3341 4892 elfugiamus
3360 4864 3375 4890 ,
3398 4834 3449 4876 ul
3471 4824 3670 4876 immu-

2087 4930 2180 4967 nes
2223 4912 2389 4967 simus
2430 4929 2460 4966 a
2502 4914 2915 4969 seortationibus
2960 4931 2973 4968 :
3012 4915 3062 4967 in
3097 4913 3517 4984 hocqua-rcndte
3545 4924 3674 4966 sunt

2089 5003 2283 5073 nuptia:
2309 5043 2323 5070 ,
2354 5013 2409 5057 ut
2436 5003 2502 5057 ad
2536 5007 2693 5058 vitam
2722 5005 2907 5074 pudice
2929 5005 3222 5074 degendam
3252 5020 3349 5058 nos
3377 5003 3626 5072 adjuvent
3655 5023 3667 5055 :

2087 5093 2227 5164 quod
2257 5095 2325 5148 ita
2354 5095 2564 5149 demum
2598 5095 2828 5150 futurum
2857 5107 2936 5150 est
2960 5137 2976 5160 ,
3004 5098 3046 5148 si
3077 5096 3194 5148 talis
3213 5111 3407 5165 sponsa
3435 5097 3672 5164 contige-

2089 5186 2184 5251 rit,
2217 5201 2334 5254 qua:
2359 5184 2424 5238 ad
2456 5185 2518 5253 pi.
2542 5195 2730 5249 tatem,
2763 5185 2828 5239 ad
2857 5187 3256 5256 temperantiam
3279 5198 3331 5239 et
3353 5185 3668 5254 probitatem

2089 5292 2184 5329 nos
2215 5291 2456 5345 magnam
2490 5277 2690 5346 redigat
2752 5277 3001 5346 Corporis
3031 5279 3170 5331 enim
3205 5277 3542 5346 pulchritudo
3567 5277 3668 5330 nisi

2087 5367 2421 5433 conjunctam
2467 5367 2657 5421 habeat
2691 5368 2937 5422 virtutem
2984 5368 3176 5433 animi,
3211 5367 3404 5438 poterit
3452 5367 3668 5437 quidem

2090 5459 2337 5511 tnaritum
2383 5475 2550 5528 usque
2589 5459 2654 5513 ad
2681 5459 2865 5513 decem
2892 5469 2981 5514 aut
3013 5459 3224 5529 viginti,
3255 5459 3532 5528 trigintave
3556 5456 3670 5510 dies

2087 5565 2312 5618 capere,
2369 5550 2460 5603 sed
2507 5551 2747 5605 eamdem
2797 5553 2902 5604 vim
2951 5568 3056 5606 non
3097 5551 3356 5607 obtinebit
3407 5550 3669 5616 ulterius,

2085 5641 2225 5712 quod
2269 5642 2588 5698 incentivum
2637 5644 2763 5699 illud
2807 5645 3003 5700 amoris
3050 5654 3299 5702 vanescat
3328 5643 3532 5700 detecta
3560 5657 3672 5696 ma-
