4110 6198
408 311 514 366 255

403 421 506 494 τῆς
546 422 724 496 ψυχῆς
775 424 1227 496 καταλάμπουσαι
1253 467 1269 491 ,
1329 429 1549 499 ὅσῳπερ
1593 427 1660 482 ἂν
1708 430 1738 483 6
1790 430 1979 502 χρόνος

406 504 592 578 προΐῃ,
626 506 721 559 καὶ
754 508 948 576 πεῖραν
984 508 1082 576 τῆς
1112 510 1318 574 οἰκείας
1346 511 1623 579 εὐγενείας
1658 513 1938 583 παρέχωσι
1963 556 1979 576 ,

404 586 643 657 τοσούτῳ
668 587 903 657 μάλιστα
949 589 1281 662 θερμότερον
1331 596 1444 655 τοῖς
1497 594 1716 657 οἰκείοις
1756 595 1982 667 ἀνδράσι

407 667 617 722 ποιοῦσι
660 670 751 721 τὸν
779 668 981 742 ἔρωτα,
1017 672 1111 725 καί
1150 673 1248 744 τὴν
1284 675 1421 746 πρὸς
1462 676 1623 729 αὐτὸν
1664 676 1983 741 ἐξάπτουσιν

405 752 645 823 ἀγάπην.
679 753 880 806 Τούτου
926 755 983 809 δὲ
1032 757 1204 820 ὄντος,
1243 758 1338 811 καὶ
1363 758 1542 828 φιλίας
1574 759 1778 830 μεταξύ
1798 764 1985 832 κειμέ-

407 850 503 915 νης
524 833 733 905 θερμῆς
789 837 884 889 καὶ
916 838 1166 908 γνησίας,
1224 840 1369 894 ἀπαν
1430 841 1709 896 ἐλαύνεται
1731 845 1985 915 πορνείας

407 912 564 998 εἶδος,
606 918 698 971 καὶ
724 919 844 971 οὐδέ
875 920 1052 975 ἔννοιά
1077 939 1162 986 τις
1194 923 1486 987 ἀκολασίας
1510 924 1588 994 τῷ
1614 912 1856 994 φιλοῦντι
1886 927 1984 998 τὴν

407 997 599 1051 ἐαυτοῦ
640 1002 875 1067 γυναῖκά
916 1019 1046 1055 ποτε
1086 1004 1429 1075 ἐμπεσεῖται,
1461 1007 1596 1061 ἀλλά
1632 1008 1782 1077 μένει
1807 997 1983 1080 διηνε-

406 1080 514 1143 κῶς
540 1082 638 1153 τὴν
666 1083 860 1136 ἐαυτοῦ
896 1086 1135 1156 στέργων
1157 1090 1251 1141 καὶ
1275 1088 1361 1142 διὰ
1383 1090 1481 1159 τῆς
1512 1089 1865 1163 σωφροσύνης
1894 1091 1985 1145 τὸν

404 1163 535 1215 θεὸν
567 1165 945 1235 ἐπισπώμενος
970 1169 1050 1231 είς
1082 1169 1179 1239 τὴν
1206 1170 1304 1241 τῆς
1330 1171 1507 1235 οἰκίας
1529 1172 1746 1243 ἀπάσης
1774 1173 1985 1229 εὔνοιάν

402 1259 461 1295 τε
513 1247 607 1298 καὶ
660 1249 1011 1318 προστασίαν.
1070 1249 1257 1313 Οὕτως
1324 1252 1630 1323 ἐλάμϐανον
1663 1257 1710 1307 οἱ
1749 1258 1985 1324 γενναῖοι

404 1324 511 1378 τῶν
544 1327 785 1383 παλαιῶν
814 1329 1022 1402 ἀνδρῶν
1054 1334 1331 1399 γυναῖκας,
1355 1334 1533 1405 ψυχῆς
1562 1335 1840 1404 εὐγένειαν
1865 1340 1987 1391 ἐπι-

403 1408 708 1477 ζητοῦντες,
750 1413 844 1464 καὶ
903 1413 1003 1466 οὐκ
1049 1415 1310 1486 εὐπορίαν
1366 1419 1683 1488 χρημάτων.
1753 1421 1862 1474 Καὶ
1904 1421 1981 1475 ὄτι

401 1493 557 1548 τοῦτό
586 1497 731 1549 ἐστιν
760 1495 978 1566 ἀληθὲς,
1014 1498 1457 1570 παραδείγματος
1492 1500 1697 1568 ἕνεκεν,
1732 1502 1850 1567 ἐνὸς
1869 1504 1989 1558 ἐπι-

406 1575 784 1648 μνησθήσομαι
807 1579 989 1649 γάμου
1009 1595 1024 1610 '
1058 1581 1169 1635 Καὶ
1211 1582 1456 1652 Ἀϐραὰμ
1484 1585 1886 1654 πρεσϐύτερος
1907 1581 1988 1657 ἥν

403 1659 894 1731 καίπροόεόηκὼς
938 1663 1194 1733 ἡμερῶν,
1232 1665 1386 1737 φησὶ,
1426 1667 1523 1721 καί
1548 1664 1680 1722 εἷπε
1707 1668 1788 1735 τῷ
1818 1669 1985 1725 παιδί

400 1743 589 1796 αὐτοῦ
626 1742 707 1809 τῷ
758 1748 1141 1815 πρεσϐυτέρῳ
1183 1747 1294 1815 τῆς
1326 1749 1519 1815 οἰκίας
1550 1751 1756 1818 αὐτοῦ,
1777 1751 1858 1817 τῷ
1883 1752 1989 1819 ἆρ-

403 1842 567 1893 χοντι
590 1824 708 1878 τῶν
744 1829 930 1882 αὑτοῦ
961 1828 1222 1883 πάντωνο
1249 1829 1360 1896 Θὲς
1391 1831 1507 1899 τὴν
1534 1832 1702 1901 χεῖρὰ
1728 1851 1843 1888 σου
1867 1834 1986 1889 ὑπὸ

402 1908 510 1960 τὸν
534 1910 732 1976 μηρόν
770 1927 912 1978 μου,
941 1911 1039 1966 καί
1068 1911 1319 1981 ἐξορκιῶ
1348 1928 1422 1967 σε
1448 1916 1667 1982 Κύριον
1694 1916 1802 1969 τὸν
1840 1916 1989 1971 Θεὸν

401 1989 508 2043 τοῦ
531 1991 792 2057 ούρανοῦ
839 1992 940 2045 καί
983 1991 1095 2060 τῆς
1135 1991 1269 2063 γῆς,
1293 1995 1485 2065 ἵναμὴ
1510 1995 1704 2068 λάθῃς
1734 1999 1989 2067 γυναῖκα

401 2070 481 2135 τῷ
511 2070 618 2136 υἱῷ
633 2091 752 2141 μου
798 2074 996 2129 Ἰσαὰκ
1031 2075 1149 2128 ἀπὸ
1183 2074 1303 2130 τῶν
1341 2077 1676 2147 θυγατέρων
1720 2078 1839 2132 τῶν
1869 2082 1986 2133 Χα-

400 2155 679 2217 ναναίων,
708 2158 837 2223 μεθ’
884 2150 972 2209 ὧν
1012 2157 1126 2226 ἐγὼ
1154 2157 1295 2210 οίκῶ
1323 2159 1451 2227 μετ’
1487 2159 1703 2223 αὐτῶν,
1729 2161 1865 2215 ἀλλ’
1899 2164 1986 2226 εὶς

400 2236 516 2303 τὴν
542 2235 658 2305 γῆν
667 2255 787 2305 μου
831 2235 902 2293 οὗ
928 2240 1287 2309 ἐγεννήθην,
1311 2243 1605 2310 πορεύσῃ,
1633 2244 1730 2297 καί
1759 2246 1847 2311 εὶς
1874 2244 1989 2313 τὴν

399 2319 607 2383 φυλήν
626 2336 767 2387 μου,
793 2322 888 2374 καί
909 2321 1083 2395 λήψῃ
1100 2322 1351 2391 γυναῖκα
1371 2322 1451 2389 τῷ
1473 2324 1581 2389 υίῷ
1594 2343 1714 2394 μου
1735 2324 1983 2381 ἐκεῖθεν.

400 2396 560 2464 Εἶδες
582 2402 676 2454 τοῦ
701 2403 907 2457 δικαίου
930 2404 1028 2475 τὴν
1051 2406 1271 2477 ἀρετὴν,
1296 2406 1468 2479 πόσην
1498 2408 1637 2479 ὑπὲρ
1656 2408 1837 2480 γάμου
1854 2410 1989 2481 πρό-

401 2500 550 2536 νοιαν
587 2487 916 2559 ὲποιήσατος
961 2489 1036 2541 Οὐ
1093 2488 1205 2560 γάρ
1241 2490 1305 2561 δὴ
1357 2492 1723 2559 μαστρωποὺς
1752 2491 1988 2557 καλέσας

400 2571 685 2636 γυναῖκας,
715 2571 966 2643 καθάπερ
996 2574 1045 2625 οἰ
1093 2572 1210 2638 νῦν,
1245 2574 1366 2626 οὐδὲ
1401 2575 1838 2646 προμνηστρίας,
1866 2577 1987 2631 οὐδὲ

400 2650 622 2721 γραῖδια
678 2652 1001 2722 μυθεύοντα,
1044 2655 1179 2708 ἀλλά
1238 2655 1330 2708 τὸν
1361 2657 1577 2728 οἰκέτην
1619 2657 1710 2710 τὸν
1746 2659 1941 2712 ἑαυτοῦ
1964 2700 1979 2723 ,

399 2731 574 2803 τούτῳ
595 2731 655 2786 τὸ
686 2736 917 2805 πρᾶγμα
955 2736 1278 2807 ἐνεχείρισεν
1299 2752 1315 2767 θ
1355 2737 1384 2790 6
1413 2738 1506 2790 καὶ
1544 2739 1675 2792 αὐτὸ
1698 2739 1795 2810 τῆς
1823 2741 1983 2794 εὐλα-

401 2815 554 2893 ϐείας
606 2816 701 2870 τοῦ
756 2820 1092 2891 πατριάρχου
1159 2819 1412 2891 μέγιστόν
1476 2822 1594 2876 ἐστι
1622 2826 1865 2894 σημεῖον,
1904 2825 1986 2878 ὅτι

399 2899 641 2951 τοιοῦτον
687 2901 1058 2955 κατεσκεύασε
1089 2901 1179 2954 τὸν
1207 2903 1445 2974 οἰκέτην,
1483 2903 1559 2968 ὡς
1615 2907 1709 2958 καὶ
1745 2905 1986 2959 τοιούτου

402 2981 726 3051 πράγματος
759 2983 977 3053 νομίσαι
1023 2984 1332 3048 ἀξιόπιστον
1369 2982 1509 3040 εἶναι
1561 2986 1826 3042 διάκονον.
1856 2985 1987 3043 Εἶτα

401 3067 636 3130 γυναῖκα
664 3066 836 3137 ζητεῖ,
868 3068 968 3121 οὐκ
993 3066 1245 3139 εὔπορον,
1289 3068 1408 3123 οὐδὲ
1441 3068 1739 3143 εὖμορφον,
1762 3072 1877 3126 ἀλλ’
1897 3075 1989 3128 εὐ-

401 3147 534 3217 γενῆ
550 3150 663 3210 τοῖς
700 3149 945 3219 τρόποις,
979 3151 1072 3204 καὶ
1097 3151 1186 3204 διὰ
1219 3149 1376 3204 τοῦτο
1410 3152 1679 3225 τοσαύτην
1713 3154 1986 3209 όδδνάπο-

399 3230 600 3301 δημίας
626 3231 961 3302 προπέμπει.
993 3233 1136 3305 Ὅρα
1182 3233 1240 3286 δέ
1279 3233 1373 3286 καὶ
1407 3234 1500 3287 τοῦ
1538 3236 1750 3289 οἰκέτου
1777 3236 1877 3308 τὴν
1901 3239 1989 3290 εὐ-

399 3314 788 3384 γνωμοσύνην·
842 3314 963 3367 οὐδέ
1008 3317 1119 3387 γὰρ
1162 3312 1307 3379 εἷπε,
1343 3315 1409 3370 Τί
1447 3335 1575 3371 ποτε
1613 3318 1771 3373 τοῦτό
1801 3322 1986 3388 ἐστινς

399 3397 529 3467 ἔθνη
567 3398 805 3451 τοσαῦτα
855 3396 1083 3467 πλησίον
1110 3396 1261 3471 [220]
1285 3399 1463 3471 ἡμῶν,
1493 3401 1744 3474 εὐπόρων
1770 3396 1989 3476 ’ἀνδρῶν

400 3480 699 3551 θυγατέρες
727 3479 1011 3546 τοσαῦται,
1059 3482 1346 3552 ἐπισήμων
1380 3484 1476 3536 καὶ
1520 3485 1837 3554 περιφανῶν
1860 3502 1874 3516 ο
1925 3489 1989 3541 σὺ

399 3564 458 3616 δὲ
482 3566 563 3627 είς
592 3563 811 3634 μακράν
860 3562 1003 3616 οὓτω
1039 3563 1285 3632 πέμπεις
1330 3566 1454 3635 γῆν,
1498 3566 1634 3637 πρὸς
1670 3568 1991 3638 ἀνθρώπους

400 3648 680 3711 ἀγνῶτας·
713 3645 820 3699 τίνι
862 3645 1212 3714 διαλέξομαις
1245 3647 1328 3710 τίς
1372 3666 1438 3717 με
1478 3650 1716 3716 είσεται;
1746 3651 1895 3719 τίδὲ,
1923 3652 1990 3707 ἂν

398 3730 549 3783 δόλον
584 3746 674 3800 μοι
699 3728 966 3800 ῥάψωσιν,
995 3729 1061 3782 ἂν
1078 3729 1299 3800 ἀπάτην
1318 3730 1660 3801 ἐργάσωνται
1682 3750 1696 3799 ;
1717 3733 1866 3788 οὐδὲν
1881 3735 1991 3808 γάρ

400 3810 573 3874 οὕτως
593 3811 1026 3883 εὐεπιχείρητον,
1070 3811 1145 3874 ὡς
1177 3810 1343 3876 ξένος.
1374 3813 1540 3866 Οὐδὲν
1574 3814 1779 3869 τούτων
1814 3812 1988 3883 εἶπεν,

398 3893 537 3948 ἀλλά
553 3893 725 3948 ταῦτα
755 3894 970 3948 ἅπαντα
1002 3893 1265 3966 παριδὼν,
1302 3895 1330 3948 6
1358 3895 1595 3965 μάλιστά
1624 3899 1770 3952 ἐστιν
1805 3900 1989 3954 ὑπιδέ-

401 3976 543 4042 σθαι,
568 3975 725 4030 τοῦτο
761 3976 1032 4043 ὑπείδετο,
1068 3976 1179 4030 ἀπὸ
1211 3978 1310 4048 μὲν
1359 3978 1454 4033 τοῦ
1485 3980 1651 4052 μηδὲν
1672 3982 1865 4055 ἐκείνῳ
1892 3984 1989 4038 ἀν-

400 4062 609 4114 τειπεῖν
636 4060 735 4130 τὴν
765 4058 1012 4131 ὑπακοὴν
1051 4060 1516 4131 ἐπιδεικνύμενος,
1548 4063 1657 4118 ἀπὸ
1692 4065 1748 4118 δὲ
1777 4065 1869 4120 τοῦ
1895 4068 1988 4139 μό-

398 4162 489 4198 νον
516 4145 691 4197 ἐκεῖνο
734 4143 976 4215 ἐρέσθαι,
999 4143 1028 4196 6
1072 4143 1305 4213 μάλιστα
1345 4145 1560 4200 πάντων
1588 4146 1819 4219 ζητῆσαι
1857 4150 1984 4218 ἔδει,

396 4232 498 4303 τὴν
531 4231 746 4285 σύνεσιν
788 4232 888 4301 τὴν
925 4232 1089 4286 αὐτοῦ
1123 4234 1219 4286 καὶ
1252 4231 1506 4304 πρόνοιαν
1546 4230 1739 4302 δηλῶν.
1769 4235 1833 4286 Τί
1870 4247 1988 4290 ποτ’

396 4311 491 4368 οὖν
518 4316 633 4367 ἐστι
670 4313 865 4380 τοῦτο;
910 4315 1003 4368 καὶ
1030 4315 1084 4367 τί
1113 4316 1204 4367 τὸν
1240 4313 1505 4382 δεσπότην
1548 4314 1710 4384 ηρετο
1743 4315 1834 4368 τὸν
1862 4316 1988 4369 ἐαυο

398 4397 530 4462 τούς
576 4397 709 4450 Ἐὰν
739 4396 914 4466 δὲμὴ
947 4395 1254 4464 βουληθῇ,
1295 4395 1482 4465 φησὶν,
1522 4397 1561 4463 ’ὴ
1594 4396 1749 4464 γυνὴ
1771 4413 1986 4466 πορευο

397 4479 573 4547 θῆναι
603 4481 728 4548 μετ’
753 4479 919 4548 ἐμοῦ,
947 4478 1307 4547 ἀποστρέψαι
1326 4478 1433 4530 τὸν
1458 4480 1594 4531 υίίν
1622 4494 1739 4531 σου
1770 4482 1856 4544 είς
1875 4479 1989 4549 τὴν

398 4561 538 4629 γῆν,
574 4562 712 4616 ὅθεν
727 4560 1019 4630 ἐξῆλθες;
1053 4556 1231 4614 Εἷταό
1272 4560 1550 4629 Ἀϐραάμ’
1583 4559 1678 4627 Μὴ
1707 4560 1989 4631 ἀποστρέ-

398 4648 560 4712 mm!
582 4645 689 4698 τὸν
711 4645 844 4697 υἱόν
861 4662 980 4713 μου
1027 4642 1166 4697 ἐκεῖ.
1194 4645 1408 4711 Κύριος
1433 4647 1465 4697 ό
1506 4643 1645 4710 Θεὸς
1665 4645 1771 4698 τοῦ
1811 4647 1988 4714 οὐρα-

399 4726 509 4779 νοῦ
534 4726 629 4779 καί
660 4724 767 4792 τῆς
787 4724 917 4795 γῆς,
944 4724 1012 4790 ὃς
1040 4725 1218 4780 ἔλαϐέ
1240 4744 1316 4794 με
1342 4727 1409 4779 ἐκ
1436 4725 1541 4779 τοῦ
1554 4727 1722 4780 οἴκου
1749 4727 1854 4781 τοῦ
1879 4745 1990 4781 πα-

402 4811 538 4878 τρός
559 4826 699 4879 μου,
728 4810 826 4863 καί
855 4810 923 4863 ἐκ
950 4808 1062 4887 τῆς
1085 4808 1216 4879 γῆς.
1265 4805 1342 4880 ἧς
1373 4810 1727 4880 ἐγεννήθην,
1759 4811 1825 4874 ὃς
1846 4811 1986 4866 ἑλά-

397 4891 554 4960 λησέ
575 4910 675 4961 μοι
701 4892 796 4945 καί
821 4891 1018 4961 ὤμοσέ
1043 4911 1147 4962 μοι
1167 4891 1380 4963 λέγων’
1414 4892 1515 4946 Σοί
1544 4892 1716 4947 δώσω
1742 4893 1856 4960 τὴν
1873 4891 1989 4964 γῆν

398 4978 627 5042 ταύτην
666 4975 760 5028 καί
802 4973 882 5040 τῷ
936 4974 1232 5044 σπέρματί
1271 4993 1410 5040 σου,
1449 4975 1629 5040 αὐτὸς
1664 4975 1994 5029 ἀποστελεῖ

399 5059 506 5111 τὸν
545 5059 804 5129 ἄγγελον
847 5059 1034 5113 αὐτοῦ
1085 5058 1427 5129 ἔμπροσθέν
1474 5074 1611 5122 σου,
1652 5059 1746 5112 καί
1788 5075 1990 5114 κατευ-

396 5142 609 5196 οδώσει
629 5142 745 5209 τὴν
769 5141 912 5199 ὁδόν
950 5157 1087 5197 σου.
1105 5143 1269 5213 Ὁρᾷς
1293 5142 1475 5195 πίστιν
1502 5142 1720 5213 ἀνδρόςς
1743 5143 1816 5196 Οὐ
1847 5160 1987 5215 παρ-

396 5224 622 5278 εκάλεσε
653 5225 860 5293 φίλους,
888 5224 922 5295 ἢ
947 5227 1252 5293 συγγενεῖς,
1284 5224 1385 5279 οὐκ
1412 5224 1570 5280 ἄλλον
1601 5224 1815 5285 οὐδένα.
1851 5226 1987 5280 ἀλλὰ

395 5308 487 5360 τὸν
506 5309 637 5362 Θεὸν
651 5309 851 5364 ἔδωκεν
878 5307 1026 5379 αὐτῷ
1059 5310 1285 5381 μεσίτην
1310 5311 1402 5363 καὶ
1433 5308 1826 5380 συνοδοιπόρον.
1855 5305 1986 5363 Εἶτα

397 5391 720 5463 βουλόμενος
767 5393 1189 5465 παραθαρσῦναι
1242 5394 1333 5448 τὸν
1380 5393 1619 5466 οἰκέτην,
1668 5394 1766 5464 οὐχ
1802 5394 1987 5457 ἀπλῶς

397 5469 539 5540 εἷπε,
577 5474 781 5548 Κύριος
817 5479 847 5530 6
877 5476 1009 5541 Θεὸς
1043 5476 1136 5531 τοῦ
1175 5478 1405 5550 οὐρανοῦ
1452 5478 1547 5531 καὶ
1583 5478 1682 5548 τῆς
1705 5479 1828 5548 γῆς,
1851 5478 1988 5532 ἀλλὰ

398 5557 772 5628 προστίθησιν,
813 5560 908 5623 *ος
942 5559 1103 5614 ἔλαϐέ
1140 5578 1208 5633 με
1247 5564 1312 5616 ἐκ
1338 5561 1432 5615 τοῦ
1470 5561 1620 5615 οἴκου
1654 5560 1746 5614 τοῦ
1781 5562 1988 5631 πατρός

399 5654 521 5707 μου.
579 5640 1013 5714 Ἀναμνήσθητι,
1052 5645 1206 5716 φησὶ,
1271 5645 1388 5711 πῶς
1445 5644 1715 5716 τοσαύτην
1749 5643 1986 5717 ηλθομεν

461 5750 489 5780 ⁸
510 5749 619 5798 Duo
639 5762 755 5799 mss.
781 5752 1113 5816 ἀποστρέψεις.

1101 332 1159 390 S.
1200 322 1484 391 J()AN.\'IS
1511 298 2000 396 CIIRYSOSTOMI
2029 339 2348 398 ARCIIIEP.
2387 340 2948 397 CONSTANTINOP.

3543 332 3650 390 254

2081 432 2407 519 ἀποδημίαν,
2432 435 2547 519 πῶς
2564 437 2660 510 τὴν
2678 442 2885 496 οίκείαν
2904 442 3129 512 ἀφέντες
3150 442 3242 496 ἐπὶ
3261 445 3358 517 τῆς
3377 446 3664 519 ἀλλοτρίας
3698 483 3705 489 τ

2080 514 2323 577 πλείονος
2363 518 2750 592 ἀπελαύσαμεν
2799 525 3119 596 εὐημερίας,
3168 526 3285 590 πῶς
3314 514 3385 582 τὰ
3428 514 3663 585 ἀδύνατα

2080 597 2268 685 γέγονε
2289 597 2507 654 δυνατά.
2544 604 2619 655 Οὐ
2655 604 2812 658 τοῦτο
2855 607 2913 660 δὲ
2952 607 3111 676 μόνον
3142 608 3467 680 βουλόμενος
3495 613 3665 685 δηλῶ-

2083 696 2175 731 σαι
2211 680 2418 763 ἔλεγεν,
2454 685 2551 749 Ὃς
2576 685 2755 740 ἔλαϐέ
2774 705 2851 756 με
2881 689 2949 742 ἐκ
2968 688 3076 743 τοῦ
3105 690 3277 745 οἴκου
3305 693 3411 746 τοῦ
3439 680 3667 763 πατρός

2075 778 2217 848 μου,
2243 762 2356 816 ἀλλ’
2380 765 2462 817 ὅτι
2480 766 2575 819 καὶ
2593 769 2877 839 ὀφειλέτην
2918 770 3033 841 ἔχει
3058 772 3151 825 τὸν
3172 772 3325 831 Θεόν.
3348 776 3393 828 Χ
3401 762 3663 848 ρεώστης,

2083 845 2269 931 φησὶν,
2326 848 2459 917 ἡμῖν
2485 850 2642 931 ἐστιν
2663 866 2678 883 ⁸
2725 853 2886 917 αὐτὸς
2930 848 3071 916 εἷπε,
3115 855 3209 907 Σοὶ
3249 845 3411 911 δώσω
3435 860 3534 929 τὴν
3561 845 3667 931 γῆν

2082 925 2285 1011 ταύτην
2324 930 2417 1011 καὶ
2438 928 2517 1000 τῷ
2559 933 2831 1004 σπέρματί
2901 952 3013 990 σου.
3041 936 3205 990 Ὥστε
3260 938 3309 990 εἰ
3365 939 3460 992 καὶ
3490 925 3666 1011 ⁷ἡμεῖς

2082 1007 2313 1075 ἀνάξιοι,
2361 1010 2449 1064 διὰ
2480 1012 2610 1081 γοῦν
2649 1016 2749 1087 τὴν
2790 1017 3081 1088 ὑπόσχεσιν
3115 1018 3275 1082 αὐτὸς
3301 1020 3400 1089 τὴν
3452 1007 3661 1078 ἑαυτοῦ.

2084 1092 2181 1173 καὶ
2207 1092 2296 1147 ἵνα
2348 1094 2520 1166 αὐτὴν
2561 1098 2642 1160 εἰς
2667 1099 2819 1163 τέλος
2850 1101 3054 1172 ἀγάγῃ,
3102 1103 3484 1173 συμπαρέσται
3507 1142 3523 1166 ,
3571 1108 3668 1159 καὶ

2084 1172 2402 1262 ἐξευμαριεῖ
2446 1178 2513 1262 τά
2559 1183 2894 1253 προκείμενα
2922 1185 3158 1250 ἅπαντα,
3190 1188 3283 1240 καὶ
3300 1172 3455 1252 τέλος
3475 1189 3668 1262 ἐπιθήη

2086 1275 2167 1312 σει
2185 1259 2394 1395 διξιούτου
2419 1254 2592 1334 οὗπερ
2617 1264 2905 1337 εὐχόμεθα.
2936 1267 3121 1324 Ταῦτα
3149 1270 3318 1324 είπὼν
3344 1271 3556 1342 έπεμψε
3572 1254 3666 1326 τδν

2086 1345 2186 1395 παῖ
2252 1380 2269 1395 .

2085 1345 2269 1397 παῖδα.

2155 1435 2290 1495 Εἶτα
2317 1443 2485 1497 ἐλθὼν
2519 1445 2726 1508 ἐκεῖνος
2756 1447 2836 1509 είς
2854 1446 2955 1515 τὴν
2969 1445 3153 1519 χώραν
3175 1448 3408 1519 ἐκείνην,
3428 1451 3488 1500 οὐ
3505 1462 3665 1519 προσ.

2084 1522 2215 1593 ἦλθέ
2243 1541 2349 1579 τινι
2379 1527 2486 1580 τῶν
2511 1527 2609 1598 τὴν
2648 1527 2802 1581 πόλιν
2849 1530 3161 1595 οίκούντων,
3194 1532 3256 1584 οὐ
3297 1530 3544 1602 διελέχθη
3571 1533 3667 1585 άν-

2087 1605 2345 1677 θρώποις,
2372 1610 2471 1663 οὐκ
2520 1609 2745 1663 ἐκάλεσε
2794 1613 3090 1679 γυναῖκας·
3124 1612 3238 1666 ἀλλ’
3269 1614 3370 1685 δρα
3420 1613 3537 1677 πῶς
3571 1613 3667 1667 καὶ

2087 1688 2294 1754 ἐκεῖνος
2341 1691 2530 1756 πιστὸς
2561 1692 2656 1759 ὢν,
2709 1693 2802 1746 τὸν
2847 1694 3095 1765 μεσίτην,
3146 1695 3204 1749 δν
3255 1695 3463 1760 ἔλαὸεν,
3504 1696 3667 1749 αὐτὸν

2087 1774 2358 1842 κατεῖχεν,
2410 1774 2560 1844 αὐτῷ
2596 1775 2867 1844 διελέγετο
2922 1777 3089 1847 μόνῳ,
3133 1779 3227 1831 καὶ
3268 1779 3399 1843 στὰς
3442 1778 3665 1849 ηὔξατο,

2088 1854 2240 1924 φησὶ,
2293 1856 2404 1910 Καὶ
2460 1855 2612 1921 εἶπε,
2655 1860 2833 1927 Κύριε
2872 1862 2905 1913 ὀ
2946 1860 3093 1924 Θεὸς
3139 1861 3246 1915 τοῦ
3297 1862 3506 1929 κυρίου
3545 1879 3668 1932 μου

2100 1936 2365 2006 Ἀϐραὰμ,
2421 1940 2727 1994 εὐόδωσον
2771 1941 3049 1995 ἐναντίον
3077 1960 3196 2012 μου
3237 1942 3535 2012 σήμερον·
3571 1945 3669 1997 καλ⁵

2086 2018 2187 2072 οὐκ
2216 2015 2358 2084 εἷπε,
2393 2020 2566 2093 Κύριε
2602 2024 2630 2075 ό
2662 2022 2795 2087 Θεός
2835 2040 2959 2094 μου,
2987 2025 3122 2079 ἀλλὰ
3148 2027 3239 2092 τίς
3272 2026 3499 2095 Κύριεό
3523 2026 3669 2091 Θεὸς

2086 2100 2194 2155 τοῦ
2231 2103 2444 2171 κυρίου
2474 2122 2595 2173 μου
2646 2105 2921 2175 Ἀϐραάμ.
2968 2107 3029 2161 El
3059 2107 3153 2161 καὶ
3186 2107 3295 2175 ἐγὼ
3328 2108 3550 2179 εὐτελὴς
3572 2109 3670 2161 καὶ

2087 2182 2516 2255 ἀπερριμμένος,
2567 2188 2749 2257 φησὶν,
2781 2188 2918 2241 ἀλλὰ
2959 2189 3051 2243 τὸν
3080 2189 3344 2261 δεσπότην
3371 2189 3670 2261 προϐάλλο-

2090 2282 2189 2336 μαι
2217 2266 2308 2320 τὸν
2332 2268 2463 2336 ἐμόν
2489 2285 2506 2298 ·
2533 2270 2595 2322 οὐ
2620 2270 2730 2341 γάρ
2778 2271 3019 2343 ἐμαυτῷ,
3055 2272 3168 2326 ἀλλ’
3188 2273 3380 2343 ἐκείνῳ
3411 2272 3669 2326 διακονῶν

2085 2349 2232 2419 ἥκων
2259 2350 2469 2404 ἐκείνου
2514 2351 2692 2405 τοίνυν
2721 2353 2986 2418 αἰδεσθεὶς
3017 2355 3119 2425 τὴν
3142 2355 3364 2427 ἀρετὴν,
3396 2357 3669 2425 συγκατά·

2087 2431 2295 2501 πραξόν
2331 2450 2422 2503 μοι
2446 2434 2505 2486 τὸ
2533 2435 2894 2505 προκείμενον
2925 2436 3091 2491 ἀπαν.

2158 2530 2210 2588 ς’
2219 2563 2232 2577 .
2252 2520 2383 2577 Εἶτα
2406 2525 2491 2578 ῖνα
2517 2527 2590 2597 μὴ
2612 2527 2839 2599 νομίσῃς
2854 2529 2933 2583 ὃτι
2959 2528 3034 2591 ὡς
3054 2528 3213 2600 χρέος
3239 2529 3479 2594 ἀπαιτεῖ,
3508 2529 3670 2584 ἄκου.

2089 2621 2179 2657 σον
2226 2607 2320 2658 καὶ
2357 2606 2465 2659 τῶν
2499 2607 2660 2677 ἑξῆς·
2707 2610 2815 2662 Καὶ
2856 2611 3117 2678 ποίησον
3169 2610 3343 2678 ἔλεος
3368 2611 3518 2680 μετὰ
3559 2612 3667 2664 τοῦ

2087 2685 2296 2754 κυρίου
2333 2705 2452 2757 μου
2502 2689 2767 2760 Ἀϐραάμ.
2804 2692 2922 2744 Κᾶν
2956 2693 3124 2762 μυρία
3150 2687 3319 2764 ὦμεν,
3347 2694 3504 2765 φησι,
3534 2710 3668 2746 κατ-

2085 2767 2427 2837 ωρθωκότες,
2479 2769 2739 2843 ἀξιοῦμεν
2777 2775 2961 2845 χάριτι
2999 2776 3258 2846 σωθῆναι,
3289 2776 3385 2829 καὶ
3414 2776 3522 2830 ἀπὺ
3551 2775 3667 2846 φιλ-

2087 2849 2398 2921 ανθρωπίας
2425 2853 2583 2906 τοῦτο
2623 2853 2827 2919 λαϐεῖν,
2857 2856 2957 2909 οὐκ
3007 2857 3065 2923 ἐξ
3113 2859 3334 2929 όφειλῆς
3383 2874 3528 2921 τινος
3572 2856 3669 2912 καὶ

2083 2934 2299 3004 χρέους.
2330 2936 2393 2987 Τί
2426 2935 2607 2990 τοίνυν
2633 2937 2811 3007 βούλει
2834 2954 2848 2969 ·
2894 2939 3038 2993 Ἰδοὺ
3074 2940 3322 3010 ἕστηκα,
3361 2943 3547 3014 φησὶν,
3567 2942 3667 2995 ἐπὶ

2086 3016 2194 3086 τῆς
2217 3017 2416 3088 πηγῆς
2450 3020 2556 3074 τοῦ
2587 3020 2807 3088 ὕδατος
2826 3038 2840 3052 ⁸
2886 3026 2946 3077 αἱ
2975 3024 3044 3077 δὲ
3086 3026 3404 3095 θυγατέρες
3448 3024 3567 3080 τῶν
3593 3029 3670 3080 ol-

2087 3102 2358 3155 κούντων
2387 3103 2501 3171 τὴν
2521 3107 2702 3159 πόλιν
2730 3103 2878 3178 [221]
2913 3107 3334 3175 ἐκπορεύονται
3369 3108 3668 3177 ἀντλῆσαι

2086 3182 2242 3252 ὕδωρ
2263 3201 2280 3217 ο
2331 3184 2429 3238 καί
2474 3186 2646 3240 ἔσται
2694 3188 2733 3254 ή
2782 3188 3110 3255 παρθένος,
3154 3184 3195 3262 ᾖ
3219 3190 3297 3245 ἂν
3342 3191 3459 3261 ἐγὼ
3500 3193 3666 3254 sum.

2084 3266 2430 3324 Ἓπίκλινόν
2443 3286 2543 3340 μοι
2565 3270 2681 3339 τὴν
2705 3269 2917 3339 ὑδρίαν
2938 3287 3076 3334 σου,
3099 3273 3198 3327 ἵνα
3216 3275 3350 3339 πίω,
3377 3274 3475 3328 καί
3503 3276 3668 3344 ειπῃ.

2088 3350 2192 3405 Πίε
2229 3352 2327 3406 καί
2365 3353 2468 3418 σὺ,
2502 3346 2598 3407 καί
2624 3353 2727 3417 τὰς
2746 3352 3058 3423 καμήλους
3093 3369 3211 3410 σου
3241 3354 3572 3425 ποτιῶ,ἔως
3595 3356 3671 3412 ἂν

2089 3432 2433 3486 παύσωνται
2470 3432 2660 3490 πᾶσαι
2711 3438 3018 3504 πίνουσαι,
3066 3439 3293 3507 ταύτην
3340 3441 3673 3510 ἡτοίμασας

2088 3513 2169 3580 τῷ
2191 3513 2359 3568 παιδί
2398 3529 2513 3569 σου
2546 3517 2769 3579 Ἰσαὰκ,
2803 3518 2901 3572 καί
2930 3519 3001 3573 ἐν
3037 3521 3225 3588 τούτῳ
3257 3520 3555 3593 γνώσομαι
3580 3522 3670 3578 ὅτι

2088 3596 2381 3663 ἐποίησας
2405 3596 2577 3677 ἕλεος
2600 3599 2681 3665 τῷ
2728 3601 2911 3669 κυρίῳ
2932 3618 3053 3670 μου
3091 3603 3352 3673 Ἀϐραάμ.
3402 3606 3546 3677 Ὅρα
3584 3624 3674 3660 σο-

2091 3678 2219 3747 φίαν
2236 3678 2470 3740 οίκέτου,
2491 3671 2604 3733 οἷον
2620 3679 2799 3753 τίθησι
2821 3685 3063 3752 σημεῖον.
3080 3671 3194 3740 Οὐκ
3214 3671 3385 3752 εἶπεν,
3410 3671 3534 3742 Ἐάν
3551 3706 3672 3743 τινα

2091 3760 2186 3814 ῖδω
2206 3761 2299 3815 ἐπὶ
2319 3762 2558 3833 ήμιόνων
2580 3764 2910 3836 φερομένην,
2932 3766 3025 3819 ἐπὶ
3048 3766 3321 3838 ὀχήματος
3348 3770 3669 3843 ὀχουμένην,

2089 3844 2356 3915 εὐνούχων
2383 3845 2440 3897 δὲ
2464 3845 2632 3916 ἐσμὸν
2652 3847 3076 3919 ἐπισυρομένην,
3097 3848 3297 3922 πολλὴν
3327 3852 3555 3922 ἔχουσαν
3579 3852 3670 3907 θε-

2090 3928 2346 3999 ραπείαν,
2386 3927 2660 4000 εὔμορφον
2697 3929 2792 3984 καὶ
2820 3930 3249 4002 ἀπολάμπουσαν
3276 3934 3417 3989 κατά
3459 3936 3671 4007 τὴντού

2090 4011 2340 4082 σώματος
2373 4010 2544 4082 ὥραν,
2570 4009 2775 4084 ταύτην
2788 4013 3088 4084 ἡτοίμασας
3104 4015 3185 4087 τῷ
3209 4018 3358 4071 παιδί
3382 4035 3475 4071 σου
3497 4034 3513 4050 ⁸
3536 4020 3673 4075 ἀλλά

2087 4095 2140 4146 τί
2160 4111 2174 4159 ;
2206 4088 2282 4165 *ῌ
2299 4094 2367 4147 ἂν
2398 4093 2508 4163 ἐγὼ
2521 4095 2678 4147 εῐπωο
2698 4095 3036 4150 Ἐπίκλινόν
3046 4115 3150 4167 μοι
3175 4097 3291 4167 τὴν
3311 4100 3671 4169 ὑδρίανσου.

2090 4178 2190 4247 ἵνα
2205 4176 2411 4229 πίω.Τί
2429 4179 2624 4240 ποιεῖς,
2643 4177 2899 4248 ἄνθρωπε
2921 4195 2937 4245 ;
2954 4178 3125 4243 οὕτως
3141 4181 3333 4253 εὐτελῆ
3349 4186 3581 4252 γυναῖκα
3595 4186 3673 4256 τῷ

2088 4257 2322 4330 δεσπότῃ
2346 4275 2440 4311 σου
2473 4258 2674 4330 ζητεῖς,
2705 4259 3126 4332 ὑδροφοροῦσαν,
3151 4263 3245 4317 καί
3278 4281 3360 4318 σοι
3386 4266 3672 4339 διαλεχθῆ-

2087 4357 2176 4394 ναι
2200 4341 2532 4411 δυναμένηνς
2553 4342 2681 4406 Ναὶ,
2705 4342 2896 4413 φησιν’
2925 4344 2987 4397 οὐ
3025 4344 3136 4416 γάρ
3161 4346 3374 4418 ἔπεμψέ
3427 4366 3496 4420 με
3538 4367 3674 4422 χρη-

2093 4422 2276 4491 μάτων
2323 4423 2579 4494 εὐπορίαν
2598 4462 2614 4486 ,
2655 4425 2778 4477 οὐδὲ
2832 4426 3024 4494 γένους
3083 4428 3441 4500 λαμπρότητα
3459 4471 3475 4497 ,
3537 4433 3674 4488 ἀλλὰ

2086 4504 2264 4574 ψυχῆς
2289 4505 2566 4573 εὐγένειαν
2594 4506 3015 4579 ἐπιζητήσοντα.
3053 4510 3253 4565 Πολλαὶ
3282 4513 3540 4580 πολλάκις
3564 4515 3674 4569 τῶν

2089 4590 2499 4672 ύδροφορουσῶν
2522 4588 2725 4644 τούτων
2745 4591 3035 4664 ὀλόκληρον
3072 4594 3285 4665 ἔχουσιν
3318 4599 3540 4672 ἀρετὴν,
3575 4600 3672 4656 άλ-

2006 4712 2016 4729 ,
2088 4670 2262 4724 λαιὸέ
2303 4674 2360 4725 ἐν
2386 4673 2557 4735 οίκοις
2605 4673 2877 4745 λαμπροῖς
2932 4675 3260 4748 καθήμεναι,
3305 4670 3523 4735 πάντων
3565 4683 3673 4736 είσὶ

2089 4752 2304 4824 χείρους
2353 4757 2448 4809 καὶ
2486 4756 2834 4828 φαυλότεραι.
2870 4755 3000 4813 Είτα
3047 4761 3145 4814 καὶ
3176 4762 3341 4817 πόθεν
3380 4763 3562 4827 τοῦτο,
3589 4768 3672 4821 ὅτι

2089 4837 2339 4919 ἐχάρετός
2364 4839 2510 4891 ἐστιν
2538 4841 2571 4909 ἡ
2615 4841 2788 4910 γυνής
2836 4840 2968 4894 Ἀπὸ
2992 4842 3086 4896 τοῦ
3115 4846 3364 4915 σημείου,
3395 4849 3580 4919 φησὶν,
3605 4844 3673 4904 οὗ

2088 4914 2230 4974 εἰπε.
2269 4922 2381 4974 Καὶ
2409 4923 2560 4974 ποῖον
2602 4921 2762 4976 τοῦτο
2792 4923 2854 4977 τὸ
2883 4928 3107 4995 σημεῖον
3131 4914 3333 4998 ἀρετῆς
3356 4945 3371 4993 ;
3400 4914 3674 4998 Μέγιστον

2088 5004 2180 5056 καὶ
2202 5004 2705 5075 ἀναμφισϐήτητον.
2734 5006 3039 5074 Φιλοξενίας
3077 5008 3185 5081 γὰρ
3214 5010 3374 5065 τοῦτο
3404 5013 3549 5083 μέγα
3578 5032 3675 5086 ση-

2092 5086 2240 5157 μεῖόν
2272 5087 2440 5150 ἐστιν,
2502 5088 2643 5142 ὥστε
2703 5092 2883 5143 πᾶσαν
2914 5095 3218 5163 παρασχεῖν
3268 5095 3566 5163 ἀπόδειξιν.
3601 5101 3669 5149 ’0

2087 5169 2264 5223 τοίνυν
2316 5168 2465 5237 λέγει
2511 5170 2750 5225 τοιοῦτόν
2782 5173 2949 5236 ἐστιν,
2987 5176 3036 5227 εί
3063 5175 3157 5228 καὶ
3195 5177 3270 5248 μὴ
3301 5177 3475 5231 ταῦτα
3502 5179 3671 5249 φθέγ·

2088 5268 2243 5332 γεται
2268 5252 2335 5305 τὰ
2369 5256 2589 5324 ῥήματα
2609 5270 2624 5284 ’
2655 5255 2901 5327 Ὲκείνην
2924 5256 3071 5331 ζητῶ
3094 5259 3191 5332 τὴν
3237 5259 3523 5331 παρθένον,
3552 5263 3674 5332 ητις

2087 5330 2232 5386 οὕτω
2263 5334 2537 5404 φιλόξενός
2578 5339 2746 5403 ἐστιν,
2771 5337 2848 5401 ὡς
2877 5330 3057 5393 πᾶσαν
3096 5330 3396 5412 παρασχεῖν
3417 5345 3475 5397 ἐν
3501 5330 3585 5407 οἷς
3607 5346 3673 5397 ἂν

2086 5416 2309 5487 δύνηται
2346 5418 2664 5489 θεραπείαν.
2719 5421 2828 5474 Καὶ
2869 5422 2969 5492 οὐχ
3034 5423 3221 5488 ἀπλῶς
3254 5425 3412 5480 τοῦτο
3450 5427 3673 5499 ἐζήτει⁹

2088 5499 2204 5552 ἀλλ’
2236 5501 2424 5572 ἐπειδὴ
2446 5502 2700 5573 τοιαύτης
2723 5505 2902 5569 οίκίας
2923 5502 3012 5577 ἦν,
3042 5508 3101 5559 ἐν
3218 5509 3451 5579 μάλιστα
3484 5509 3552 5564 τά
3574 5511 3674 5581 τῆς

2090 5582 2393 5651 φιλοξενίας
2426 5584 2579 5654 ἧνθει
2611 5586 3031 5659 κατορθώματα,
3062 5591 3220 5646 τοῦτο
3244 5594 3349 5664 πρὸ
3371 5593 3478 5648 τῶν
3498 5594 3673 5651 ἄλλων

2090 5665 2372 5737 ἐζήτησεν,
2423 5669 2725 5739 όμότροπον
2753 5676 2865 5738 τοῖς
2901 5675 3096 5728 ἑαυτοῦ
3143 5677 3432 5742 δεσπόταις
3465 5678 3668 5734 λαϐεῖν.

2093 5747 2187 5813 Εἰς
2207 5750 2382 5803 οίκίαν
2415 5752 2584 5824 αὐτην
2611 5754 2897 5829 μέλλομεν,
2930 5760 3093 5831 φησὶν
3133 5763 3469 5831 είσαγατεῐν,
3501 5761 3669 5829 ξένοις
