4110 6198
401 357 508 411 255

398 472 505 524 litia
537 485 552 534 ;
581 476 637 523 at
661 483 780 539 qua:
810 465 972 520 animi
1004 461 1204 533 pollent
1229 459 1626 530 pulchritudine
1645 500 1660 522 ,
1686 472 1790 528 quo
1815 456 1982 524 magis

401 561 661 630 temporis
706 573 956 629 processu
1005 555 1413 626 generositatem
1459 567 1607 606 suam
1647 549 1980 620 approbant,

402 661 552 706 tanto
589 649 787 704 acriori
817 647 1028 702 flamma
1059 653 1220 700 urunt
1249 645 1562 698 maritorum
1611 655 1844 711 pectora.
1877 641 1984 693 Hoc

400 753 557 812 pacto
588 741 676 796 ubi
707 739 907 795 fervida
947 747 1001 792 et
1031 750 1281 807 germana
1327 735 1621 789 innascitur
1665 732 1985 788 benevolen-

399 836 493 896 tia.
525 848 686 888 omne
709 830 878 901 stupri
907 843 1075 900 genus
1099 827 1328 890 exsulat,
1355 835 1410 880 et
1434 826 1513 881 sic
1536 824 1733 879 amanti
1763 838 1981 876 uxorem

399 939 469 979 ne
511 924 566 979 in
610 931 846 977 mentem
876 920 1088 990 quidem
1117 918 1259 971 venit
1286 915 1530 986 voluptas
1570 915 1670 968 nisi
1716 914 1983 983 legitima,

403 1013 710 1070 immanenti
740 1011 1010 1066 amoribus
1041 1009 1302 1078 propriis,
1345 1017 1399 1062 et
1431 1022 1522 1076 per
1553 1005 1852 1074 pudicitiam
1893 1018 1980 1056 ca-

401 1107 568 1172 ptanti
613 1104 849 1159 favorem
880 1103 1111 1157 czelestis
1150 1101 1420 1165 numinis,
1453 1098 1602 1168 cujus
1645 1097 1894 1166 auspiciis
1931 1107 1987 1151 et

404 1197 772 1252 benevolentia
803 1197 944 1251 inter
967 1194 1220 1264 conjuges
1249 1193 1318 1248 sit
1347 1200 1622 1262 perpetua,
1658 1200 1710 1244 et
1740 1189 1854 1258 ejus
1884 1205 1986 1258 ope

400 1290 802 1343 administretur
828 1303 915 1342 res
942 1286 1257 1341 domestica.
1283 1284 1374 1340 Sic
1401 1297 1598 1337 uxores
1637 1282 1736 1336 sibi
1780 1297 1988 1350 quieve-

402 1383 524 1435 bant
571 1380 728 1452 prisci
763 1380 835 1435 illi
862 1381 1057 1433 virtute
1087 1377 1294 1433 nobiles
1315 1418 1328 1440 ,
1362 1375 1672 1446 praeclaram
1713 1373 1874 1427 animi
1908 1373 1986 1425 in-

401 1473 577 1526 tlolem
620 1471 671 1524 in
717 1471 795 1524 eis
835 1477 1174 1539 spectantes,
1228 1482 1332 1521 non
1379 1465 1718 1536 pecuniarum
1755 1464 1984 1531 capiam,

402 1562 542 1631 quod
577 1562 645 1615 ita
675 1577 794 1616 esse
828 1569 886 1614 ιιι
913 1560 1022 1615 dixi
1055 1575 1160 1614 uno
1187 1558 1433 1627 exemplo
1461 1556 1798 1611 indicabitur.
1825 1556 1987 1608 Abra-

405 1655 584 1707 lntntus
599 1653 714 1722 jam
740 1652 908 1706 senior
939 1660 1279 1721 provectteque
1303 1648 1465 1702 aztatis
1490 1648 1618 1700 dixit
1641 1662 1783 1700 servo
1804 1646 1988 1714 majori

403 1746 582 1798 domus
605 1761 731 1810 sum,
753 1745 838 1813 qui
861 1752 1072 1812 praeerat
1094 1743 1202 1812 ejus
1223 1739 1452 1794 omnibus
1477 1739 1820 1811 facultatibus,
1849 1738 1990 1792 Pone

404 1851 608 1888 manum
655 1844 792 1888 tuam
828 1833 996 1888 subter
1035 1837 1200 1902 femur
1242 1848 1444 1893 meum,
1473 1841 1526 1884 ut
1552 1831 1782 1898 adiurent
1823 1839 1870 1883 te
1900 1846 1992 1898 per

406 1925 679 1978 Dominum
703 1922 869 1978 Deum
889 1923 1000 1978 cteli
1028 1932 1074 1978 et
1105 1934 1251 1976 terra:
1270 1961 1286 1986 ,
1321 1931 1374 1974 ut
1404 1937 1502 1974 non
1533 1921 1756 1988 accipias
1782 1936 1990 1973 uxorem

408 2020 518 2088 [ilio
557 2035 668 2071 meo
705 2015 857 2070 Isaac
900 2017 962 2070 de
989 2016 1193 2083 ﬁliabus
1219 2014 1626 2068 Cltanamt’orum
1649 2053 1664 2077 ,
1696 2013 1826 2065 inter
1867 2027 1992 2081 quos

405 2109 595 2175 habito,
617 2109 705 2162 sed
723 2108 790 2162 ad
810 2117 991 2161 terram
1008 2122 1170 2160 meant
1187 2105 1269 2158 ubi
1286 2114 1432 2159 natus
1446 2121 1577 2164 sunt,
1593 2112 1637 2157 et
1651 2103 1720 2156 ad
1733 2105 1991 2173 cognatio-

405 2217 516 2254 nem
544 2216 706 2253 meum
727 2197 1084 2268 proﬁciscaris,
1105 2206 1150 2251 et
1176 2195 1293 2249 inde
1312 2211 1518 2249 uxorein
1535 2195 1642 2262 ﬁlio
1667 2209 1778 2247 meo
1810 2191 1992 2259 capias

407 2293 424 2359 (
451 2291 580 2344 Gen.
604 2291 698 2344 24.
733 2290 829 2343 1-4
851 2288 893 2359 ).
924 2287 1111 2342 V'iden’
1133 2287 1261 2356 justi
1293 2286 1448 2355 hujus
1477 2285 1764 2350 virtutem,
1795 2295 1992 2352 quanta

405 2396 532 2434 cura
582 2379 780 2448 nuptiis
824 2377 1188 2448 prospexerit?
1213 2377 1330 2430 Non
1360 2377 1502 2432 enim
1535 2375 1774 2429 adhibuit
1803 2374 1993 2443 perdu-

404 2471 602 2524 ctrices
633 2468 977 2523 mulierculas
998 2510 1012 2533 ,
1041 2477 1097 2522 ut
1126 2484 1265 2522 nunc
1296 2467 1381 2531 lit,
1414 2481 1587 2537 neque
1609 2465 1877 2535 pronubas
1901 2475 1992 2519 aut

406 2581 538 2618 auus
568 2563 834 2636 garrulas,
863 2563 959 2621 sed
997 2561 1202 2617 famulo
1229 2576 1328 2620 suo
1357 2559 1628 2615 commisit
1679 2559 1780 2613 hoc
1825 2574 1988 2628 nego-

407 2667 538 2717 tium
564 2682 577 2717 :
603 2662 744 2733 quod
770 2677 944 2732 ipsum
968 2677 1218 2732 magnum
1252 2660 1464 2730 pietatis
1490 2653 1806 2728 patnarchat
1834 2671 1994 2728 argu-

408 2764 643 2809 mentum
674 2763 790 2818 est,
819 2753 960 2823 quod
1004 2762 1109 2806 tam
1157 2752 1293 2806 bene
1326 2751 1553 2806 instituit
1596 2750 1849 2804 famulum
1876 2789 1891 2811 ,
1935 2758 1993 2804 ιιι

408 2849 596 2916 dignus
623 2847 795 2911 fieret,
819 2845 904 2901 cui
925 2845 1235 2900 crederetur
1259 2845 1365 2899 tale
1392 2843 1764 2899 ministerium.
1793 2842 1992 2898 Deinde

409 2940 683 2994 mulierem
721 2939 910 3008 qua‘rit
941 2955 1046 2991 non
1081 2938 1369 2992 formosam
1401 2945 1492 2990 aut
1520 2936 1759 3001 divitem,
1783 2935 1876 2988 sed
1901 2950 1993 3004 ge-

409 3032 614 3086 nerosis
657 3031 896 3085 moribus
929 3029 1201 3100 przcditant
1234 3047 1246 3081 :
1281 3039 1334 3084 et
1364 3028 1463 3084 hac
1500 3028 1568 3082 de
1609 3043 1768 3082 causa
1815 3027 1990 3080 homi-

409 3138 529 3178 nem
574 3121 724 3191 jubet
767 3131 875 3175 tam
921 3121 1264 3190 longinquam
1308 3119 1788 3188 peregrinationem
1825 3117 1994 3171 susci-

410 3228 554 3281 pere.
583 3211 734 3267 Nunc
753 3211 1120 3280 contemplare
1144 3219 1200 3266 et
1223 3208 1402 3263 famuli
1432 3219 1662 3262 mentem
1687 3207 1988 3277 egregiam:

408 3319 514 3358 non
541 3303 686 3358 enim
725 3302 897 3356 dixit:
928 3301 1064 3367 Quid
1107 3300 1212 3355 hoc
1243 3301 1316 3354 rei
1348 3301 1470 3353 est?
1503 3307 1579 3352 tot
1607 3309 1733 3352 sunt
1773 3297 1991 3367 pr0pin-

408 3411 528 3466 qua:
571 3404 792 3465 gentes,
846 3403 922 3448 tot
965 3394 1017 3446 in
1057 3392 1134 3446 eis
1173 3392 1292 3445 filiae
1322 3390 1576 3445 nobilium
1606 3399 1660 3444 et
1689 3389 1988 3454 illustrium,

408 3486 673 3554 simulque
701 3483 1067 3554 pnedivitum;
1098 3493 1152 3536 et
1179 3495 1232 3536 tu
1266 3497 1354 3536 me
1386 3481 1550 3535 mittis
1582 3481 1632 3534 itt
1662 3489 1857 3534 terram
1888 3489 1992 3533 tam

412 3578 566 3644 longe
595 3575 856 3639 dissitam,
890 3575 955 3627 ad
979 3575 1191 3644 ignotos
1219 3573 1462 3627 homines
1487 3591 1500 3626 :
1524 3587 1682 3642 quem
1716 3571 1822 3626 illic
1843 3586 1992 3626 com-

412 3666 656 3736 pellalto?
691 3665 810 3735 quis
860 3679 946 3718 me
993 3663 1285 3733 agnoscet?
1324 3662 1450 3732 quid
1501 3662 1544 3716 si
1598 3661 1817 3716 insidias
1865 3661 1992 3716 mihi

412 3759 666 3814 struant?
692 3757 816 3826 quid
845 3755 889 3810 si
915 3763 1176 3810 conentur
1216 3753 1498 3822 decipere?
1537 3752 1667 3806 nihil
1713 3753 1853 3806 enim
1895 3751 1994 3806 ho-

413 3852 552 3922 spite
578 3851 746 3919 niagis
789 3849 1000 3918 injuriis
1029 3847 1349 3917 expositum.
1380 3845 1520 3899 Nihil
1555 3845 1659 3899 tale
1701 3845 1833 3899 dixit
1861 3861 1874 3898 :
1901 3845 1996 3899 sed

416 3944 590 3996 missis
612 3941 805 3995 talibus
823 3938 1255 4009 cogitationibus,
1279 3935 1420 4006 quod
1441 3937 1671 3990 maxime
1690 3944 1996 4004 suspectum

415 4049 536 4087 esse
559 4041 784 4102 poterat,
816 4031 1115 4099 suspicatus
1144 4037 1247 4094 est,
1276 4029 1392 4083 sine
1419 4027 1842 4083 contradictione
1865 4026 1996 4080 obe-

416 4125 604 4187 diens,
659 4122 961 4177 necessaria
1017 4132 1193 4175 tamen
1255 4121 1668 4190 interrogatione
1719 4118 1999 4173 declarans

415 4232 564 4270 suam
613 4215 965 4282 prudentiam.
993 4213 1130 4278 Quid
1170 4213 1328 4283 igitur
1365 4221 1447 4266 est
1483 4210 1624 4280 quod
1657 4209 2000 4280 interrogavit

417 4306 728 4360 dominum?
757 4305 818 4360 Si
859 4305 1076 4358 noluerit
1095 4343 1111 4368 ,
1141 4304 1342 4373 inquit,
1372 4303 1552 4357 mulier
1577 4304 1744 4356 venire
1769 4317 1962 4355 mecum
1981 4341 1997 4366 ,

417 4400 664 4469 numquid
701 4399 940 4452 reducere
973 4397 1128 4450 debeo
1165 4397 1330 4464 ﬁlium
1368 4405 1508 4449 tuum
1555 4395 1622 4448 ad
1660 4395 1912 4465 regionem
1939 4410 2003 4447 ea:

417 4507 516 4559 qua
545 4505 770 4559 egressus
796 4505 848 4543 es
877 4487 1028 4556 (Gen.
1052 4487 1140 4540 24.
1175 4486 1278 4555 5)?
1307 4485 1600 4554 Respondit
1629 4485 1999 4539 Ahrahamus:

420 4580 550 4635 Cave
591 4580 855 4650 nequando
896 4579 1107 4632 reducas
1149 4578 1312 4645 ﬁlium
1352 4593 1516 4630 meum
1559 4575 1700 4629 illuc.
1754 4575 2003 4630 Dominus

420 4673 561 4726 Deus
588 4673 698 4726 σωιὶ
728 4683 773 4725 et
803 4681 969 4734 teme,
998 4671 1082 4741 qui
1106 4670 1222 4722 tulit
1251 4684 1329 4721 me
1357 4669 1420 4720 de
1448 4667 1599 4720 domo
1630 4667 1788 4734 patris
1812 4667 1928 4731 mei,
1959 4677 2002 4721 et

421 4766 485 4817 de
514 4776 646 4816 terra
677 4762 951 4816 nativitatis
982 4776 1124 4820 mete.
1154 4760 1236 4828 qui
1265 4760 1503 4828 loquutus
1529 4767 1599 4811 est
1629 4757 1754 4810 nti/ti
1783 4767 1828 4811 et
1847 4758 2004 4826 jura-

424 4857 488 4908 rit
511 4897 524 4918 ,
558 4855 728 4906 dicens
748 4896 759 4917 ,
791 4853 903 4906 Tibi
933 4854 1062 4905 dabo
1092 4863 1274 4904 terram
1303 4851 1432 4904 Itane
1469 4861 1514 4903 et
1541 4851 1716 4903 semini
1745 4861 1829 4902 tuo
1849 4889 1863 4912 ,
1897 4851 2005 4919 ipse

423 4946 585 5000 mittet
607 4945 841 5016 angelum
861 4959 1009 4996 suum
1035 4959 1206 4996 corum
1231 4957 1296 5006 te,
1320 4943 1407 5012 qui
1431 4942 1524 4995 iter
1549 4952 1688 4995 tuum
1711 4959 2008 5012 prosperum

427 5037 578 5106 faciet
604 5033 710 5103 (Ib.
742 5050 789 5087 tt.
819 5034 872 5089 6.
906 5034 986 5104 7).
1019 5033 1203 5088 Viden’
1231 5033 1328 5087 viri
1362 5033 1561 5087 tidem?
1588 5031 1703 5086 Non
1733 5033 2009 5087 advocavit

426 5130 664 5190 amicos,
701 5137 794 5181 aut
830 5137 1122 5197 cognatos,
1169 5141 1274 5180 non
1313 5125 1472 5179 alium
1517 5140 1870 5194 quemquam,
1915 5123 2006 5179 sed

430 5218 596 5272 Deum
641 5218 877 5288 adjunin
917 5217 966 5271 ei
1009 5229 1345 5287 sequestrum
1388 5225 1443 5271 et
1487 5219 1780 5271 comitem:
1811 5225 1865 5270 et
1905 5232 2010 5286 quo

429 5309 596 5376 magis
623 5309 858 5361 animum
890 5307 1109 5362 adderet
1130 5306 1347 5370 famulo,
1379 5321 1482 5359 non
1511 5307 1822 5376 simpliciter
1840 5307 2006 5361 dixit:

430 5398 679 5454 Dominus
711 5399 847 5453 Deus
875 5401 986 5453 rteli
1013 5409 1058 5453 et
1087 5409 1233 5452 terra
1254 5413 1273 5450 :
1295 5397 1389 5452 sed
1417 5398 1710 5466 subjunxit.
1741 5398 1841 5465 Qui
1868 5415 2009 5452 sunt-

430 5492 527 5557 psit
556 5507 633 5544 nte
658 5491 848 5544 edonto
869 5493 1027 5560 patris
1058 5492 1170 5543 mei.
1194 5489 1514 5552 Recordare,
1533 5490 1720 5558 inquit,
1745 5491 2012 5558 quomodo

433 5591 631 5634 tantam
664 5583 1142 5651 peregrinationem
1167 5582 1516 5651 suscepimus,
1537 5582 1805 5650 quomodo
1827 5582 2013 5636 relicto

431 5673 550 5725 solo
581 5674 750 5742 patrio
781 5674 1038 5742 majorem
1067 5673 1202 5743 apud
1240 5683 1454 5728 exteros
1477 5672 1780 5728 felicitatem
1807 5672 2013 5725 inveni-

434 5781 550 5819 mus
583 5784 593 5818 :
627 5768 893 5836 quomodo
939 5783 1056 5837 qua!
1103 5767 1446 5839 impossibilia
1496 5766 1829 5833 videbantur,
1879 5765 2012 5819 facta

1439 342 1713 411 QUALES
1753 341 2099 397 DUCENDAS
2138 341 2288 396 SINT
2332 342 2626 399 UXORES.
2669 344 2756 400 111.

3575 357 3676 412 231

2094 467 2212 508 sunt
2238 457 2531 525 possibilia.
2555 457 2662 514 Nec
2687 458 2788 514 hoc
2815 459 2986 515 solum
3017 461 3071 516 in
3093 472 3325 520 mentem
3348 466 3396 522 ei
3423 483 3679 525 revocans

2091 545 2243 612 dixit,
2293 547 2392 613 Qui
2427 551 2638 618 suntpsit
2664 566 2742 603 me
2780 566 2809 602 e
2849 550 2998 605 domo
3033 554 3194 622 patris
3221 557 3352 624 mei,
3380 560 3474 614 sed
3517 562 3678 615 etiam

2091 637 2231 706 quod
2271 637 2566 694 debitorem
2616 640 2780 695 Deum
2824 642 3037 698 habeat.
3081 643 3346 717 Obligavit
3386 665 3447 705 se
3489 653 3682 717 nobis,

2094 728 2294 798 inquit;
2329 729 2441 800 ipse
2473 730 2737 798 pollicitus
2763 742 2844 787 est
2877 742 3072 790 terram
3105 736 3239 792 hanc
3269 739 3399 794 mihi
3431 757 3492 797 se
3519 744 3678 797 datu-

2093 836 2208 875 rum
2238 833 2290 876 ct
2322 837 2445 877 meo
2495 825 2707 878 semini.
2738 826 3076 898 Quapropter
3102 833 3312 888 etiamsi
3343 850 3441 890 nos
3480 837 3681 909 indigni

2093 911 2280 977 simus,
2312 922 2458 968 certe
2490 929 2557 968 ne
2592 917 2875 982 promissio
2901 918 2991 972 fiat
3015 920 3185 987 irrita,
3219 924 3372 980 nobis
3395 927 3594 993 aderit,
3627 942 3680 985 et

2092 1014 2283 1058 cuncta
2329 1021 2446 1074 quze
2487 1006 2877 1064 destinavimus
2925 1013 3112 1068 reddet
3151 1014 3353 1080 facilia,
3383 1028 3435 1073 et
3458 1020 3523 1074 ad
3548 1022 3680 1077 ell'e-

2092 1101 2272 1236 ptum,
2320 1097 2530 1165 qualem
2583 1107 2863 1168 optamus,
2911 1102 3182 1171 perducet.
3215 1106 3306 1161 llis
3343 1109 3498 1164 dictis
3539 1113 3681 1170 misit

2113 1185 2370 1236 amulum.

2113 1185 2370 1238 amulum.

2177 1274 2385 1330 Famuli
2437 1277 2654 1333 Abraltte
2714 1281 2962 1336 laudatio.
3037 1283 3376 1356 llospitalitas
3438 1291 3681 1347 bonorum

2092 1386 2262 1424 causa.
2287 1402 2358 1412 —
2385 1372 2479 1428 llle
2509 1375 2594 1428 tibi
2627 1379 2871 1444 pervenit
2908 1380 3064 1447 illuc,
3103 1397 3208 1436 non
3237 1383 3365 1438 adiit
3405 1386 3572 1440 ullum
3615 1404 3682 1443 ex

2092 1460 2317 1523 civibus,
2346 1479 2452 1518 non
2480 1465 2783 1535 alloquutns
2805 1480 2883 1523 cst
2915 1470 3179 1538 homines,
3205 1490 3311 1528 nott
3337 1478 3682 1546 compellavit

2094 1552 2342 1607 mulieres
2373 1571 2387 1608 :
2415 1555 2510 1610 sed
2543 1556 2664 1610 vide
2695 1573 2850 1626 quam
2879 1560 3016 1614 bona
3047 1562 3173 1627 lide,
3204 1581 3360 1634 quem
3397 1581 3683 1640 acceperat

2093 1653 2426 1712 sequestrum
2448 1685 2463 1710 ,
2506 1648 2758 1711 retinuit,
2793 1660 2986 1717 praeter
3022 1669 3144 1707 eum
3181 1657 3468 1725 appellavit
3508 1661 3680 1714 nemio

2097 1749 2248 1799 nem;
2282 1743 2337 1788 et
2365 1745 2512 1791 stans
2541 1740 2734 1800 oravit,
2760 1739 2826 1791 Et
2856 1743 2948 1807 ait,
2973 1742 3182 1797 Domine
3207 1745 3346 1800 Deus
3374 1749 3567 1803 domini
3585 1755 3684 1806 mei

2096 1825 2374 1876 Abraltami
2400 1865 2414 1887 ,
2446 1829 2515 1880 sis
2545 1829 2669 1881 mihi
2696 1830 2846 1883 hodie
2884 1848 3104 1900 prtesens
3131 1852 3193 1888 ac
3232 1840 3479 1908 propitius
3512 1840 3679 1911 (Gen.

2094 1912 2183 1968 24.
2220 1915 2308 1982 12)
2341 1933 2353 1968 :
2385 1932 2484 1970 nec
2511 1917 2683 1981 dixit,
2733 1920 2953 1976 Domine
3000 1923 3138 1978 Deus
3179 1941 3329 1982 meus
3355 1946 3366 1981 ;
3391 1929 3486 1984 sed
3516 1932 3684 2001 quid?

2100 2003 2314 2058 Domine
2341 2005 2476 2060 Deus
2502 2009 2692 2062 domini
2719 2011 2813 2063 mei
2839 2011 3131 2068 Abrultunti.
3166 2015 3386 2072 Etiamsi
3417 2034 3516 2089 ego
3539 2021 3686 2092 abje-

2097 2104 2213 2150 ctus
2241 2096 2362 2162 sim,
2395 2098 2584 2168 inquit,
2616 2113 2664 2155 et
2702 2101 2916 2158 humilis
2942 2147 2956 2170 ,
2987 2117 3133 2161 certe
3162 2107 3348 2162 hermn
3381 2127 3556 2164 meum
3588 2129 3685 2182 pro

2098 2201 2182 2240 me
2230 2188 2437 2257 allego:
2470 2207 2575 2245 non
2621 2194 2762 2247 enim
2815 2194 2985 2260 mihi,
3033 2197 3126 2251 sed
3171 2199 3243 2252 illi
3291 2199 3684 2258 ministraturos

2097 2279 2200 2334 huc
2230 2283 2346 2336 veni
2377 2299 2389 2334 :
2425 2283 2564 2338 illius
2598 2285 2757 2355 igitur
2789 2288 2997 2342 virtutis
3026 2302 3271 2360 respectu
3293 2302 3515 2350 conatus
3536 2312 3686 2352 meos

2097 2370 2306 2439 adjuva.

2169 2465 2219 2518 ti.
2256 2464 2455 2521 Deinde
2493 2482 2560 2522 ne
2602 2478 2754 2537 putes
2783 2485 2904 2523 cum
2943 2479 3210 2542 tamquam
3247 2472 3485 2530 debitum
3527 2492 3687 2546 repe-

2099 2561 2232 2617 tere,
2265 2556 2385 2609 audi
2416 2574 2534 2625 qua:
2558 2569 2853 2628 sequuntur
2887 2578 2899 2612 :
2934 2561 2997 2614 Et
3028 2567 3110 2631 [ac
3137 2564 3533 2619 misericordiam
3570 2584 3687 2621 cum

2098 2645 2300 2698 domino
2330 2663 2436 2700 meo
2464 2649 2720 2702 [lbra/tant
2743 2649 2760 2720 (
2780 2649 2908 2704 Gen.
2933 2651 3022 2704 24.
3049 2652 3166 2722 12).
3195 2653 3418 2709 Etiamsi
3461 2657 3687 2726 plurima

2095 2752 2401 2809 exstarent,
2433 2741 2630 2812 inquit,
2663 2749 2847 2794 nostra
2879 2745 3068 2797 merita
3090 2784 3104 2807 ,
3134 2763 3383 2817 rogamus
3423 2759 3599 2806 tamen
3630 2769 3684 2813 ut

2100 2844 2184 2889 tua
2215 2851 2314 2890 nos
2342 2851 2528 2892 serves
2551 2839 2742 2906 gratia,
2777 2848 2941 2893 totum
2973 2853 3027 2896 ιιι
3053 2841 3377 2900 beneficium
3409 2854 3684 2914 acceptum

2101 2926 2356 2991 ferentes,
2389 2943 2492 2981 non
2523 2938 2580 2982 ut
2609 2929 2870 2984 debitum.
2897 2932 2959 2986 Et
2982 2934 3107 3004 quid
3138 2937 3231 2991 tibi
3259 2941 3535 3008 postulas?
3563 2937 3692 2993 Ecce

2099 3035 2190 3087 ego
2221 3028 2318 3080 sto,
2354 3020 2553 3087 inquit,
2580 3037 2736 3090 prope
2769 3024 2957 3092 fontem
2987 3041 3166 3094 aqua,
3199 3039 3246 3081 et
3274 3030 3400 3098 ﬁlia:
3434 3034 3688 3089 habitato-

2097 3128 2210 3164 rum
2238 3113 2450 3165 civitatis
2476 3113 2792 3181 egredientur
2828 3116 2896 3167 ad
2936 3117 3264 3173 hauriendam
3292 3139 3496 3192 aquam.
3515 3124 3538 3176 1
3543 3125 3688 3194 gitur

2099 3203 2267 3273 puella
2289 3204 2366 3255 cui
2396 3204 2571 3256 dixero
2596 3219 2614 3256 :
2639 3203 2813 3258 Pra'be
2833 3207 3065 3276 Itydriant
3083 3220 3220 3262 tuam
3245 3221 3298 3264 ut
3319 3212 3505 3278 bibam,
3529 3225 3577 3267 ct
3599 3218 3690 3269 illo

2096 3295 2429 3366 responderit,
2463 3296 2602 3362 Bibe,
2625 3298 2746 3365 quin
2764 3307 2812 3350 et
2832 3300 3036 3352 carnalis
3055 3301 3153 3354 tuis
3173 3300 3302 3356 dabo
3328 3315 3500 3373 potum
3525 3321 3544 3358 :
3573 3307 3688 3375 ipsa

2097 3396 2169 3440 est
2194 3404 2341 3456 quant
2365 3389 2665 3458 praeparasti
2689 3404 2830 3442 servo
2853 3399 2939 3443 tuo
2962 3388 3114 3446 Isaac
3133 3432 3148 3456 ,
3176 3402 3222 3446 et
3251 3411 3339 3463 per
3367 3396 3463 3449 ltoc
3495 3413 3686 3468 cogno-

2098 3495 2254 3540 scant.
2274 3480 2410 3548 quod
2430 3481 2602 3550 feceris
2623 3481 3017 3536 misericordium
3035 3498 3150 3536 cum
3167 3484 3288 3538 hero
3306 3502 3416 3540 meo
3433 3489 3689 3542 Abraham

2104 3570 2254 3643 (Gen.
2275 3571 2364 3625 24.
2391 3573 2473 3627 l3.
2500 3571 2750 3642 ll).Vide
2765 3573 3077 3642 sapientiam
3095 3575 3296 3643 famuli,
3311 3580 3467 3647 quale
3482 3580 3690 3650 signum

2101 3672 2281 3732 ponat.
2305 3661 2420 3717 Non
2441 3663 2594 3726 dixit,
2615 3663 2670 3718 Si
2694 3680 2850 3734 quam
2875 3666 3058 3722 videro
3079 3668 3238 3723 mulis
3273 3682 3593 3740 carpentove
3612 3672 3691 3727 in-

2102 3755 2244 3822 vehi,
2267 3758 2741 3826 cunuchorumque
2769 3773 2958 3827 agmen
2986 3769 3106 3828 post
3133 3773 3193 3815 se
3220 3760 3431 3816 trahere
3449 3801 3466 3830 ,
3498 3772 3554 3818 et
3594 3781 3694 3818 titt-

2102 3864 2368 3903 merosum
2401 3848 2735 3912 famulitium,
2763 3850 2989 3918 puellam
3019 3859 3175 3906 aetate
3195 3866 3257 3906 ac
3278 3851 3446 3907 forma
3478 3854 3690 3922 florida,

2101 3955 2218 3993 eam
2239 3942 2545 4009 przeparaSti
2561 3951 2651 3995 tuo
2669 3940 2892 4005 famulo;
2906 3941 2998 3994 sed
3015 3943 3174 4011 quid?
3191 3943 3283 3997 Cui
3297 3945 3474 3999 dixero
3493 3947 3697 4003 :Pratbe

2103 4032 2340 4102 ltydrium
2363 4041 2520 4097 tuam,
2553 4043 2605 4085 ut
2631 4034 2814 4086 bibant.
2845 4032 2982 4099 Quid
3008 4035 3137 4102 agis,
3170 4035 3308 4090 bone
3335 4037 3454 4090 vir?
3477 4039 3697 4094 Adeone

2103 4123 2260 4177 vilem
2290 4121 2422 4176 hero
2451 4133 2540 4175 tuo
2569 4124 2764 4192 qmeris
2793 4125 3072 4194 conjugem
3095 4167 3110 4192 ,
3155 4138 3403 4196 aquatum
3445 4129 3659 4186 missam
3679 4174 3694 4193 ,

2106 4222 2159 4266 et
2185 4229 2303 4283 qua:
2332 4225 2385 4267 te
2413 4213 2608 4284 alloqui
2642 4213 2848 4283 potest?
2875 4215 3070 4282 Etiam,
3104 4217 3304 4286 inquit:
3329 4219 3524 4274 missus
3552 4222 3698 4276 enim

2104 4319 2221 4358 smn
2250 4319 2354 4356 non
2383 4304 2722 4372 pecuniosam
2748 4314 2838 4358 aut
2867 4304 3133 4371 nobilem,
3162 4307 3264 4361 Sed
3282 4309 3518 4364 moribus
3551 4311 3698 4381 inge-

2107 4395 2226 4449 nuis
2272 4395 2544 4464 praeditam
2588 4410 2848 4462 qumrere.
2903 4395 3077 4450 Multa:
3118 4412 3259 4466 saepe
3303 4414 3367 4453 ex
3414 4400 3529 4454 istis
3576 4417 3698 4472 qua:

2105 4495 2356 4555 aquatum
2387 4487 2665 4540 mittuntur
2689 4528 2704 4551 ,
2757 4489 2806 4540 in
2847 4487 3076 4542 Solidum
3105 4490 3353 4544 virtutem
3384 4492 3695 4561 possident:

2108 4577 2228 4629 alia:
2256 4587 2436 4630 contra
2471 4578 2524 4630 in
2556 4578 2849 4647 magnilicis
2875 4577 3180 4634 desidentes
3205 4581 3430 4649 aedibus,
3459 4583 3694 4654 ignavis.

2111 4668 2263 4720 sione
2285 4677 2408 4720 sunt
2434 4677 2488 4721 et
2512 4669 2835 4722 deterrimus.
2864 4670 2930 4723 Et
2952 4670 3039 4739 qtti
3070 4672 3176 4726 scis
3200 4671 3337 4728 hanc
3359 4688 3480 4729 esse
3507 4678 3701 4733 virtute

2116 4756 2430 4826 pra‘ditam?
2459 4757 2498 4811 Ε
2525 4757 2677 4828 signo
2697 4800 2710 4824 ,
2745 4759 2913 4829 inquit
2939 4801 2952 4822 ,
2979 4761 3119 4830 quod
3151 4761 3279 4816 dixi.
3311 4762 3377 4818 Et
3415 4767 3573 4835 quale
3599 4767 3702 4824 hoc

2115 4850 2322 4902 virtutis
2351 4850 2557 4919 signum
2589 4851 2705 4904 est?
2754 4851 3116 4906 indubitatum
3150 4865 3205 4909 et
3247 4858 3558 4912 maximum.
3605 4863 3699 4916 list

2113 4943 2253 4996 enim
2285 4942 2665 5012 hospitalitatis
2703 4945 2911 5013 signum
2941 4947 3319 5002 certissimum.
3366 4951 3456 5005 Sic
3498 4953 3696 5022 igitur,

2115 5035 2214 5087 etsi
2247 5049 2351 5087 non
2382 5034 2582 5088 eisdem
2614 5035 2826 5101 verbis,
2857 5035 3088 5106 loquitur
3113 5055 3124 5089 :
3153 5038 3297 5092 illam
3329 5056 3510 5108 quzero
3539 5042 3701 5112 virgi-

2118 5141 2275 5191 nem,
2317 5141 2436 5194 qua:
2464 5136 2569 5180 tam
2614 5126 2892 5195 hospitalis
2916 5135 3036 5191 est,
3077 5137 3134 5182 ιιι
3179 5129 3416 5194 nullum,
3446 5141 3703 5199 quantum

2119 5225 2312 5284 potest,
2348 5228 2557 5271 recuset
2585 5218 2960 5272 tninisteriutn.
2996 5217 3157 5288 idque
3188 5234 3291 5273 non
3325 5229 3528 5276 temere
3554 5239 3705 5292 qua:-

2121 5309 2206 5368 rit,
2237 5307 2329 5361 sed
2357 5308 2479 5378 quia
2508 5309 2558 5361 in
2590 5309 2668 5362 eis
2698 5309 2870 5362 fuerat
2891 5308 3146 5364 educatus
3169 5309 3404 5376 aedibus,
3436 5310 3706 5382 inquibus

2121 5402 2350 5454 maxime
2400 5401 2674 5455 colebatur
2726 5401 3252 5471 hospitalitaszante
3295 5405 3472 5457 omnia
3529 5420 3710 5460 mores

2120 5494 2309 5561 qua'rit
2335 5491 2582 5546 berorum
2605 5508 2820 5546 suorum
2846 5494 3084 5548 moribus
3103 5495 3430 5561 consimiles,
3454 5495 3710 5551 ducturus

2121 5599 2370 5653 sponsam
2405 5585 2456 5638 in
2487 5585 2628 5638 :rdes
2655 5594 2899 5654 patentes
2929 5585 3245 5654 hospitibus.
3286 5585 3374 5640 Sic
3415 5602 3542 5658 ergo
3567 5588 3712 5658 cogi-

2126 5674 2270 5727 tabat
2301 5691 2313 5726 :
2342 5689 2410 5727 ne
2437 5689 2539 5743 qua
2581 5677 2691 5728 rixa
2719 5675 2920 5729 oriatur
2951 5675 3088 5728 inter
3115 5675 3281 5745 ipsam
3310 5685 3364 5730 et
3387 5678 3704 5748 conjugcm,

2121 5767 2247 5820 dum
2282 5767 2504 5821 maritus
2525 5781 2618 5820 sua
2650 5765 2876 5837 benigne
2899 5768 3276 5835 communicat,
3307 5767 3359 5824 itt
3385 5768 3486 5825 hoc
3505 5782 3533 5822 a
3557 5776 3708 5838 patro
