4110 6198
422 317 528 372 235

422 451 526 490 non
557 431 790 503 degener
813 473 828 497 ,
859 441 914 486 et
943 431 1179 499 hospites
1207 429 1344 483 ultro
1370 430 1630 493 invitatis;
1673 429 1786 482 hate
1813 436 1998 480 contra

419 543 529 597 pra:
562 527 719 579 nimia
747 522 1070 592 pareimonia
1097 521 1147 575 id
1175 530 1340 586 vetat,
1368 530 1424 574 et
1454 537 1557 573 non
1583 521 1825 585 sustinet,
1862 530 1917 572 ιιι
1945 519 2004 572 fit

421 622 472 673 in
505 619 772 688 plerisque
798 615 1075 676 domibus;
1116 614 1225 682 jam
1272 629 1412 667 nunc
1440 613 1667 681 experiri
1697 613 1816 666 volo
1844 628 2001 682 quam

421 709 696 780 hoSpitalis
755 709 823 761 sit
866 725 880 764 :
919 704 1347 776 quandoquidem
1405 702 1747 770 hospitalitati
1787 718 2000 757 omnem

419 812 651 856 nostram
707 798 1008 852 felicitatem
1066 795 1345 850 debemus.
1403 795 1503 847 Per
1557 793 1694 846 hanc
1747 807 2001 862 sponsum

418 891 588 961 ipsum
618 889 780 943 herus
816 894 1177 954 consequutus
1206 897 1286 938 est
1310 927 1325 949 ,
1372 901 1466 954 per
1498 885 1633 937 hanc
1663 894 1809 954 pater
1835 885 2003 939 factus

416 992 532 1046 est,
565 981 785 1034 vitulum
817 980 1100 1044 mactavit,
1147 988 1199 1032 et
1229 977 1433 1044 accepit
1479 977 1733 1040 liliolnnt,
1778 975 2000 1030 farinam

416 1072 748 1126 fermentavit
769 1112 784 1135 ,
817 1080 869 1124 et
897 1078 1092 1140 quanta
1119 1067 1392 1122 stellarum
1425 1075 1506 1120 est
1530 1107 1542 1129 ,
1579 1076 1777 1121 tantam
1824 1067 2004 1121 multi-

416 1163 650 1216 tudinem
683 1171 932 1231 nepotttttt
977 1159 1024 1213 ei
1062 1161 1198 1212 Deus
1227 1167 1306 1211 est
1341 1157 1625 1225 pollicitus.
1659 1157 1880 1223 Quando
1907 1158 2002 1227 igi-

415 1266 502 1310 tur
529 1255 652 1310 hinc
679 1255 855 1308 omnia
883 1254 1020 1306 bona
1049 1251 1370 1305 inﬂuxerant
1393 1249 1444 1303 itt
1468 1259 1704 1303 nostram
1725 1249 1998 1316 familiam,

417 1348 554 1401 hanc
589 1347 836 1400 virtutem
881 1343 1093 1412 requiro
1135 1350 1260 1396 ante
1299 1341 1496 1394 omnia.
1547 1340 1662 1394 Non
1709 1340 1810 1395 hoc
1857 1341 1999 1395 enim

412 1436 848 1497 consideremus,
897 1433 1035 1501 quod
1077 1433 1235 1485 homo
1265 1447 1454 1500 aquam
1489 1431 1874 1500 postulaverit,
1906 1431 1999 1486 sed

412 1527 553 1596 quod
594 1525 878 1579 admodum
910 1523 1185 1592 hospitalis
1215 1523 1282 1574 sit
1311 1523 1510 1585 animi,
1547 1537 1650 1573 non
1673 1522 1844 1575 solum
1871 1521 2001 1576 dare

410 1618 550 1688 qttod
577 1617 804 1685 petitur,
841 1616 934 1668 sed
967 1615 1103 1668 ultro
1135 1613 1330 1667 offerre
1363 1613 1609 1682 amplius.
1661 1612 1727 1665 Et
1769 1613 1952 1666 accidit
1974 1653 1990 1676 ,

413 1710 616 1778 inquit,
661 1718 713 1760 ut
743 1708 1033 1776 priusquam
1063 1706 1105 1758 is
1133 1705 1282 1771 ﬁnem
1310 1703 1548 1770 loquendi
1575 1703 1788 1773 faceret,
1821 1704 1968 1773 prodi
1980 1732 1998 1741 -

409 1810 483 1852 ret
526 1798 747 1852 Rebecca
788 1813 853 1849 ex
896 1795 1083 1866 Oppido
1120 1791 1289 1864 (Gen.
1319 1793 1408 1846 25.
1442 1793 1571 1861 15).
1615 1792 1996 1860 Prophetarum

413 1891 538 1945 illud
565 1889 649 1943 hic
681 1888 951 1956 impletum
971 1895 1054 1939 est
1078 1903 1090 1939 :
1114 1885 1294 1938 Adhuc
1320 1887 1552 1952 loquente
1575 1893 1622 1936 te
1647 1884 1833 1947 dicam,
1870 1883 2000 1937 Ecce

411 1984 589 2036 adsum
637 1979 788 2050 (Iles.
829 1978 919 2034 58.
970 1974 1046 2050 9).
1095 1976 1255 2031 Tales
1301 1987 1423 2029 sont
1475 1977 1733 2028 bonorum
1778 1989 1995 2044 preces:

414 2085 539 2128 ante
569 2071 726 2126 finem
750 2084 930 2124 earum
964 2068 1202 2122 sentiunt
1228 2068 1480 2120 annuisSe
1498 2065 1661 2119 Deum
1689 2065 1994 2134 prapitium.

412 2171 549 2238 lit-go
579 2178 632 2221 ιιι
677 2181 885 2237 quoque
921 2179 1141 2216 uxorem
1187 2161 1442 2214 ducturus
1486 2175 1589 2212 non
1631 2157 1902 2227 confugias
1930 2157 1997 2211 ad

410 2259 672 2322 homines,
704 2266 789 2311 aut
809 2255 872 2309 ad
897 2253 1147 2309 mulieres
1163 2261 1424 2320 quaestum
1449 2249 1704 2304 facientes
1727 2265 1789 2304 ex
1811 2250 1998 2304 alienis

410 2349 746 2412 infortuniis,
799 2357 852 2402 et
901 2345 1033 2400 nihil
1079 2344 1221 2399 aliud
1261 2353 1561 2413 quaerentes
1589 2357 1745 2409 quam
1779 2351 1831 2394 ut
1869 2341 1997 2409 ipsae

408 2458 585 2510 opera:
631 2439 930 2494 mercedem
978 2436 1344 2506 capiantzsed
1386 2437 1452 2487 ad
1500 2436 1661 2488 Deum
1705 2431 1991 2503 confugito.

407 2531 523 2586 Non
553 2529 854 2600 gravabitur
897 2543 1016 2582 esse
1060 2536 1181 2580 tuus
1224 2526 1514 2594 pronubas.
1557 2522 1726 2592 Ipsius
1754 2531 1836 2576 est
1867 2537 1995 2591 pro-

407 2624 590 2678 missio
615 2640 629 2675 :
657 2621 875 2688 Quaerite
917 2634 1125 2688 regnum
1163 2617 1421 2680 caelorum,
1461 2623 1508 2667 et
1534 2615 1640 2667 [nec
1666 2614 1834 2666 omnia
1857 2613 1996 2682 adjr'.

406 2715 598 2766 cientur
620 2711 754 2764 vobis
781 2707 970 2779 (Matth
1019 2707 1070 2760 ϐ.
1095 2707 1204 2774 53).
1231 2704 1308 2759 Ne
1329 2704 1501 2766 dicas,
1529 2701 1797 2772 quomodo
1826 2702 1990 2756 Deum

406 2804 590 2858 videre
640 2799 893 2871 possunt?
937 2798 1026 2866 qui
1071 2811 1284 2865 possum
1329 2792 1526 2847 habere
1565 2807 1684 2845 cum
1729 2807 1794 2845 eo
1821 2791 1992 2846 collo-

409 2894 588 2964 quium
614 2933 630 2958 ,
671 2902 725 2945 et
765 2892 1092 2958 interrogare
1121 2886 1401 2940 cominus?
1433 2884 1664 2938 Inlidelis
1693 2883 1807 2937 hinc
1832 2885 1992 2938 verba

407 2993 532 3040 sunt
574 2983 787 3036 animm.
820 2979 1004 3034 Potest
1027 2978 1170 3033 enim
1200 2977 1338 3031 Deus
1367 2986 1421 3030 et
1463 2975 1659 3045 absque
1684 2989 1812 3028 voce
1836 2974 1993 3044 quid-

406 3077 530 3148 quid
554 3076 664 3129 vnlt
684 3091 714 3128 e
740 3073 964 3144 vestigio
983 3069 1274 3126 conficere:
1290 3068 1429 3140 quod
1453 3068 1542 3125 hic
1559 3083 1771 3139 quoque
1795 3067 1990 3122 factum

407 3177 508 3224 est.
540 3167 668 3222 Nam
696 3175 749 3221 et
776 3165 876 3220 iste
903 3177 1002 3219 nec
1031 3177 1219 3216 vocem
1247 3162 1404 3215 ullam
1432 3160 1660 3224 audivit,
1703 3175 1802 3215 nec
1831 3159 1990 3213 visio-

405 3275 527 3315 nem
558 3259 706 3322 vidit,
734 3257 828 3313 sed
852 3256 918 3310 ad
943 3255 1311 3310 fontem-stans
1330 3268 1394 3308 ac
1414 3262 1679 3322 precatus,
1709 3253 1989 3308 confestim

405 3351 514 3406 voti
545 3362 768 3418 compos
798 3347 966 3400 factus
995 3355 1098 3399 est.
1127 3343 1358 3407 Accidit,
1390 3343 1580 3412 inqttit,
1611 3351 1664 3395 ut
1699 3343 1989 3412 priusquam

408 3442 559 3508 ﬁnem
588 3437 826 3509 loquendi
861 3436 1066 3505 faceret,
1101 3434 1324 3488 Rebecca
1363 3435 1585 3502 prodiret
1610 3443 1809 3504 gestans
1828 3450 1989 3504 nqua-

404 3534 504 3586 lem
523 3533 576 3584 iu
597 3528 840 3592 humeris,
865 3527 974 3596 ﬁlia
999 3524 1260 3578 Bathuelis
1278 3539 1308 3577 e
1329 3523 1531 3577 Melcha
1560 3525 1822 3594 progeniti,
1851 3525 1990 3594 virgo

403 3623 551 3678 valde
585 3623 829 3691 formosa,
869 3619 1008 3689 virgo
1045 3627 1092 3670 et
1130 3618 1235 3670 viro
1273 3617 1531 3686 incognita
1601 3614 1752 3687 (Gen.
1776 3615 1866 3670 9.4.
1900 3615 1986 3670 15.

406 3713 518 3782 l6).
548 3710 684 3779 Quid
725 3709 852 3763 milti
896 3723 1080 3762 narras
1108 3705 1553 3776 pulchritudinem
1594 3706 1876 3775 corporis?
1922 3706 1990 3761 Ut

404 3806 581 3860 discas
605 3803 865 3871 insignem
893 3799 1007 3870 ejus
1036 3798 1363 3869 pudicitiam,
1397 3807 1454 3852 ut
1473 3797 1646 3851 discas
1671 3798 1834 3852 animi
1867 3799 1985 3867 pul-

404 3892 786 3951 ehritudinent.
816 3889 1164 3960 Suspicienda
1205 3903 1433 3957 namque
1467 3902 1553 3942 res
1579 3901 1659 3942 est
1690 3889 1799 3956 ipsa
1833 3889 1988 3958 pudi-

403 3986 526 4040 citia
550 4026 566 4049 ,
607 3983 701 4038 sed
749 3983 918 4051 magis
943 3981 1103 4036 etiam
1136 3979 1180 4033 si
1209 3978 1494 4046 conjuncta
1533 3978 1599 4031 sit
1627 3992 1750 4049 cum
1779 3980 1988 4048 egregia

411 4079 610 4150 specie.
659 4076 794 4131 Hine
832 4083 916 4130 est
954 4071 1094 4143 quod
1133 4072 1200 4126 de
1243 4070 1438 4140 Josejh
1486 4071 1638 4124 nobis
1683 4081 1988 4126 narraturus

407 4173 630 4242 ejusque
660 4167 1046 4238 temperantia,
1100 4164 1353 4234 praefatus
1387 4172 1470 4216 est
1513 4163 1580 4216 de
1622 4163 1760 4216 illius
1797 4162 1987 4216 eximia

407 4262 795 4333 pulchritudine
815 4258 1076 4328 corporis,
1098 4256 1283 4310 dicens
1310 4253 1602 4308 formosmn
1624 4252 1807 4317 fuisse,
1831 4268 1957 4320 :ispe
1971 4283 1984 4291 -

405 4367 600 4426 ctuque
628 4363 832 4426 gratum
864 4361 919 4406 et
959 4350 1010 4404 in
1061 4350 1176 4419 ipso
1202 4347 1332 4402 flore
1361 4343 1798 4415 pulchritudinis,
1828 4356 1988 4411 atque

409 4453 476 4505 ita
518 4451 730 4506 demum
771 4445 1044 4516 subiunxit
1071 4444 1136 4498 de
1157 4442 1367 4511 juvenis
1392 4439 1761 4508 temperantia,
1789 4437 1988 4492 docens

407 4544 546 4614 quod
583 4543 767 4598 forma:
804 4542 998 4595 decore
1034 4553 1138 4592 non
1183 4537 1252 4590 sit
1290 4549 1417 4590 usus
1441 4534 1507 4588 ad
1538 4534 1805 4587 lasciviam
1833 4533 1984 4602 (Gen.

408 4637 494 4690 59.
539 4633 618 4706 6).
651 4632 1069 4700 Haudquaquam
1109 4628 1253 4682 enim
1283 4623 1620 4696 pulchritudo
1649 4623 1987 4677 scortationis
2033 4687 2037 4690 _

408 4740 568 4780 causa
600 4737 812 4791 semper
840 4729 954 4784 est,
985 4720 1121 4773 sicut
1165 4732 1264 4771 nec
1288 4715 1596 4771 deformitas
1623 4715 1982 4768 continenti-.0.

407 4815 584 4872 Multa:
599 4813 741 4867 enim
761 4811 1000 4866 illustres
1013 4809 1201 4879 insigni
1219 4807 1400 4878 specie
1414 4807 1655 4876 corporis
1672 4805 1986 4860 illustriores

407 4911 560 4964 factae
603 4917 725 4960 sunt
768 4921 862 4975 per
905 4902 1210 4974 pudicitiam
1244 4918 1257 4953 ε
1289 4899 1408 4953 alia:
1457 4898 1588 4952 facie
1639 4908 1819 4967 turpes
1870 4906 1986 4951 tur-

407 5001 612 5070 piorem
673 4998 902 5050 animam
961 4992 1158 5062 stupris
1208 4989 1617 5044 sordidavernnt
1674 4988 1984 5042 innumeris.

408 5090 699 5159 Utrobique
727 5100 885 5142 causa
915 5093 1000 5139 est
1041 5080 1369 5150 prepositum
1413 5077 1611 5142 animi,
1658 5093 1762 5132 non
1801 5086 1983 5131 natura

401 5184 664 5251 Corporis.

474 5277 524 5328 7.
541 5273 644 5329 Cur
666 5271 742 5327 bis
769 5269 985 5340 appellet
1009 5265 1245 5334 virginem
1262 5261 1554 5316 Rebeccam.
1573 5291 1640 5300 -—
1655 5260 1762 5315 Nec
1787 5271 1986 5315 temere

401 5382 520 5420 eam
555 5364 636 5418 bis
661 5361 894 5431 appellat
937 5356 1218 5424 virginem.
1258 5353 1392 5406 Cum
1425 5351 1566 5406 enim
1590 5350 1698 5419 jam
1728 5349 1982 5413 dixisset,

415 5456 566 5525 Virgo
603 5461 747 5515 erat,
799 5447 1066 5517 suhjunxit
1094 5463 1106 5498 :
1141 5444 1294 5514 Virgo
1323 5453 1428 5497 erat
1451 5485 1464 5505 ,
1507 5453 1551 5496 et
1578 5443 1684 5494 viro
1710 5443 1982 5512 inroquita.

401 5545 662 5614 Quoniam
706 5543 846 5597 enim
889 5540 1065 5592 multm
1106 5537 1336 5604 virgines
1382 5547 1576 5602 corpus
1625 5533 1983 5600 incorruptunt

401 5608 713 5696 servantes,
761 5632 990 5685 animam
1038 5629 1233 5682 habent
1287 5627 1492 5695 plenam
1548 5625 1982 5691 intemperantia,

401 5734 649 5798 unisque
684 5723 892 5776 turbam
926 5729 1222 5773 amatorum
1253 5717 1552 5782 attrahunt,
1596 5728 1650 5770 et
1688 5715 1986 5768 incscantes

1171 313 1224 368 S.
1267 311 1542 368 JOANNIS
1577 310 2050 366 CilliYSOSTOlll
2091 313 2406 371 ARClllEP.
2447 315 2978 374 CONSTANTINOP.

3590 333 3699 388 936

2116 430 2300 484 oculos
2319 431 2571 500 jnvcnum
2604 435 2656 488 in
2688 434 2908 490 insidias
2943 452 3036 492 eos
3064 440 3299 504 tralnmt,
3329 452 3489 510 atque
3515 448 3578 500 ad
3609 452 3698 502 lia-

2112 522 2288 574 ratlira
2337 522 2641 590 pelliciunt,
2694 527 2983 582 ostendens
3026 530 3200 585 Moses
3243 534 3384 604 quod
3433 539 3548 591 luce
3592 555 3700 594 non

2113 613 2251 679 talis,
2281 614 2375 668 sed
2404 623 2509 668 tam
2537 616 2716 670 animo
2745 633 2902 687 quam
2925 634 3148 689 corpore
3171 623 3318 694 virgo
3340 625 3520 694 fuerit,
3542 629 3694 695 dixit,

2122 701 2274 774 Virgo
2300 716 2426 770 erat,
2460 715 2506 758 et
2536 707 2642 759 viro
2676 708 2950 778 incognita.
2983 709 3214 765 Tametsi
3249 716 3442 770 multas
3473 719 3702 773 habebat

2110 797 2420 850 occasiones
2441 839 2457 863 ,
2509 813 2604 866 per
2633 815 2762 868 quas
2791 816 2819 853 a
2848 802 2974 856 viris
2999 817 3447 874 cognosceretur:
3473 813 3698 880 primunt

2108 889 2351 955 corporis
2393 889 2871 957 pulchritudinem;
2908 891 3104 948 deinde
3135 899 3350 951 modum
3383 901 3698 968 ministerii,

2108 993 2214 1044 quo
2246 977 2482 1048 perfnugi
2513 988 2596 1034 est
2615 981 2792 1036 solita.
2826 981 2879 1037 Si
2907 983 3048 1037 enim
3073 985 3124 1039 in
3149 985 3383 1042 thalamo
3407 991 3700 1048 desedisset

2109 1077 2398 1137 perpetuo,
2431 1071 2567 1123 sicut
2599 1073 2765 1126 noSIri
2799 1075 3052 1144 temporis
3081 1076 3344 1147 virgines,
3392 1097 3489 1137 nec
3520 1083 3692 1138 forum

2108 1159 2359 1222 adiisset,
2409 1177 2506 1216 nec
2539 1162 2737 1216 exisset
2784 1172 3056 1232 paternam
3098 1168 3313 1224 domum
3335 1213 3349 1235 ,
3381 1173 3522 1226 nulla
3553 1187 3698 1230 esset

2110 1250 2257 1315 laus,
2299 1250 2345 1304 si
2371 1251 2640 1306 diceretur
2681 1254 2796 1307 viro
2837 1255 3120 1327 incognita.
3151 1259 3284 1314 Cum
3315 1271 3491 1316 autem
3518 1264 3700 1319 videas

2109 1354 2227 1393 eam
2261 1339 2430 1394 forum
2472 1352 2684 1409 petere,
2711 1345 3055 1416 quotidieque
3079 1349 3198 1418 cogi
3224 1361 3473 1420 aquatum
3506 1353 3582 1408 ire
3607 1369 3698 1409 se-

2110 1429 2242 1494 mel,
2273 1429 2354 1484 bis
2377 1441 2470 1485 aut
2495 1434 2719 1502 smpius,
2754 1444 2912 1505 atque
2952 1436 3023 1490 ita
3066 1454 3284 1494 manere
3313 1441 3427 1496 viro
3456 1443 3698 1513 incogni-

2108 1529 2250 1587 tam,
2299 1537 2360 1576 ea
2391 1538 2518 1577 vero
2549 1524 2663 1579 laus
2702 1534 2785 1579 est
2814 1541 2920 1580 non
2953 1529 3191 1583 minima.
3222 1529 3354 1585 Cum
3387 1535 3530 1587 enim
3563 1552 3699 1590 non-

2107 1625 2392 1681 numquam
2419 1614 2657 1681 accidat,
2703 1627 2758 1670 ut
2801 1633 2924 1672 raro
2963 1618 3130 1674 forum
3164 1632 3348 1690 petens
3377 1625 3545 1695 virgo,
3593 1643 3695 1681 nec

2106 1701 2337 1758 formosa
2363 1747 2377 1771 ,
2411 1715 2464 1760 et
2489 1708 2738 1762 comitata
2769 1710 2977 1765 ancillis
3003 1712 3223 1781 aliquot,
3254 1716 3461 1771 amittat
3489 1735 3694 1773 morum

2106 1794 2386 1862 puritatem
2417 1798 2469 1850 in
2498 1797 2758 1866 ejusmodi
2777 1802 3179 1870 evagationibus
3204 1807 3352 1860 ξιιωο
3371 1823 3490 1877 qua:
3515 1811 3696 1878 quoti—

2104 1885 2191 1938 die
2222 1887 2332 1940 sola
2363 1890 2588 1956 prodite
2611 1893 2845 1960 paternis
2870 1893 3092 1961 aedibus,
3120 1895 3278 1968 idque
3304 1915 3408 1952 non
3438 1901 3489 1955 in
3518 1900 3690 1956 forum

2107 1985 2333 2044 tantum,
2365 1981 2457 2033 sed
2487 1991 2734 2051 aquatum
2765 1983 2830 2037 ad
2865 1983 3086 2049 fontem,
3116 2003 3223 2056 quo
3251 1998 3305 2042 et
3332 1989 3467 2045 alios
3497 1993 3694 2046 multos

2106 2071 2394 2124 convenire
2442 2083 2521 2124 est
2567 2088 2820 2135 necesse,
2867 2091 2933 2128 an
2977 2093 3078 2130 non
3113 2095 3298 2147 magna
3342 2081 3694 2137 admiratione

2105 2159 2259 2228 digna
2289 2161 2408 2214 est?
2435 2163 2630 2232 quippe
2649 2164 2801 2232 cujus
2826 2167 3068 2234 prob'tati
3093 2185 3263 2238 neque
3284 2171 3455 2225 crebri
3479 2189 3510 2226 e
3528 2173 3691 2227 domo

2103 2250 2298 2315 exitus,
2327 2267 2497 2321 neque
2524 2255 2734 2322 egregia
2761 2256 2936 2310 vultus
2964 2257 3155 2324 forma,
3187 2276 3356 2330 neque
3385 2261 3693 2331 frequentes

2099 2340 2356 2410 jnvenum
2389 2359 2664 2410 occursus,
2690 2361 2862 2416 neque
2887 2349 3031 2404 aliud
3059 2352 3368 2422 quidquam,
3399 2355 3694 2410 detrimen-

2104 2445 2213 2488 tum
2256 2435 2417 2489 ulluin
2461 2437 2690 2504 afferat,
2731 2438 2858 2492 dttttt
2905 2451 3008 2495 tam
3053 2446 3232 2499 animo
3279 2460 3435 2516 quam
3469 2463 3691 2518 corpore

2103 2537 2280 2582 servat
2307 2529 2609 2597 pudicitiam
2643 2531 2966 2601 diligentius,
2998 2551 3156 2604 quam
3185 2553 3303 2606 quze
3335 2554 3618 2608 numquam
3651 2556 3686 2596 e

2100 2634 2357 2689 gytueeeo
2395 2635 2454 2673 se
2482 2621 2753 2690 proferunt
2776 2666 2790 2687 ,
2822 2625 2976 2694 plane
3007 2627 3123 2680 talis
3149 2628 3357 2696 qualem
3386 2629 3575 2684 Paulus
3603 2647 3691 2686 re-

2102 2711 2266 2779 quirit
2292 2710 2472 2764 dicens
2493 2752 2506 2775 ,
2546 2711 2614 2766 fit
2642 2715 2704 2767 sit
2745 2727 2922 2769 sancta
2951 2733 3162 2787 corpore
3185 2730 3231 2772 et
3259 2721 3439 2789 spiritu
3465 2722 3540 2792 (l.
3563 2722 3684 2777 Cor.

2099 2801 2151 2854 7.
2180 2801 2311 2864 3i)?
2339 2799 2464 2854 Cum
2493 2804 2646 2872 igitur
2671 2805 2739 2857 ad
2777 2810 2965 2876 fontem
2991 2807 3342 2874 descendisset,
3366 2811 3575 2881 jamque
3601 2829 3685 2864 re-

2103 2893 2238 2962 pleta
2264 2893 2446 2963 hydria
2470 2905 2815 2961 reverteretur,
2841 2915 3106 2954 occurrens
3132 2903 3178 2954 ei
3202 2918 3373 2957 seruus
3392 2904 3494 2957 ait:
3510 2903 3689 2958 Prcebe

2098 2985 2222 3037 mihi
2251 2984 2536 3053 pauxillum
2573 2997 2717 3055 potus
2753 2989 2814 3042 de
2857 3000 2942 3042 tua
2981 2990 3183 3061 hydria.
3225 2991 3352 3056 Quae
3393 2995 3682 3064 respondit,

2101 3073 2224 3128 Bibe
2251 3117 2266 3136 ,
2317 3073 2551 3141 domine;
2603 3079 2922 3150 celeriterque
2965 3081 3198 3150 deposuit
3249 3083 3485 3153 hydriam
3536 3103 3686 3155 super

2096 3167 2268 3219 ulnam
2311 3182 2454 3218 suum
2478 3208 2492 3227 ,
2546 3177 2593 3221 et
2645 3170 2858 3238 praebuit
2910 3171 2954 3225 ei
3005 3171 3163 3226 donec
3209 3173 3456 3229 desineret
3499 3175 3681 3230 bibere.

2097 3256 2317 3325 Moxque
2344 3256 2413 3306 ait
2431 3295 2446 3321 ,
2481 3257 2648 3311 Etiam
2681 3261 2885 3313 camelis
2918 3262 3016 3315 tuis
3045 3262 3299 3328 hauriant,
3327 3265 3486 3319 donec
3514 3283 3684 3320 omnes

2095 3348 2284 3404 bibant.
2318 3352 2683 3418 Festinansque
2707 3350 2865 3417 eﬂ'nsa
2896 3369 3027 3424 aqua
3050 3355 3100 3407 in
3128 3357 3322 3408 alveum
3353 3359 3488 3412 unde
3512 3368 3683 3426 potum

2093 3454 2362 3510 sumerent,
2391 3445 2610 3499 accurrit
2640 3443 2708 3496 ad
2736 3455 2973 3513 puteum,
3013 3456 3066 3498 ut
3113 3447 3338 3502 hauriret
3371 3466 3554 3520 aquam
3594 3468 3683 3505 ca-

2099 3537 2242 3588 melis
2267 3536 2496 3590 omnibus
2524 3534 2673 3604 (Gen.
2704 3535 2791 3588 Ἦ.
2821 3535 3024 3605 16-20).

2158 3625 2492 3696 llospitutitas
2511 3637 2556 3679 et
2579 3626 2818 3679 modestia
2837 3626 3090 3682 Rebeccte.
3121 3628 3238 3683 Non
3257 3647 3321 3684 ex
3335 3642 3536 3702 sumptu
3552 3634 3682 3687 csti-

2093 3717 2280 3768 mamla
2335 3717 2672 3786 hospitalitas.
2699 3747 2769 3756 —
2811 3716 2994 3787 Magna
3041 3719 3375 3790 hospitalitas
3417 3721 3625 3777 femina:
3655 3765 3673 3789 ,

2096 3822 2284 3878 ntagna
2325 3808 2582 3862 modestia
2605 3849 2619 3871 ,
2649 3815 2704 3860 nt
2742 3823 2806 3862 ex
2833 3808 2997 3877 ipsius
3023 3818 3128 3863 tam
3159 3811 3316 3865 dictis
3341 3811 3679 3882 quant-factis

2093 3911 2170 3953 est
2215 3901 2582 3968 eonSpicuum.
2610 3898 2793 3953 Viden‘
2821 3899 3089 3967 quomodo
3131 3917 3228 3956 nec
3268 3902 3544 3958 modestius
3583 3904 3682 3959 ho-

2093 3992 2354 4059 Spitalitas
2406 3991 2614 4052 obfuit,
2665 4005 2766 4045 nec
2817 3990 3158 4061 hospitalitati
3205 3994 3498 4050 modestia?
3525 3996 3677 4063 Quod

2093 4081 2232 4134 enim
2262 4097 2366 4134 non
2399 4083 2541 4150 prior
2577 4081 2840 4144 occurrit,
2877 4097 2974 4136 nec
3002 4083 3289 4151 appellavit
3326 4085 3494 4139 virum
3519 4128 3534 4152 ,
3577 4087 3678 4142 hoc

2093 4169 2190 4223 fuit
2212 4169 2487 4224 tnodesda:
2520 4188 2532 4222 :
2563 4184 2770 4224 rursum
2799 4170 2939 4240 quod
2965 4171 3031 4225 ad
3065 4175 3321 4242 postulata
3345 4190 3450 4230 non
3478 4178 3673 4239 renuit,

2093 4277 2264 4329 neque
2287 4261 2498 4329 negavit
2522 4276 2580 4314 se
2610 4259 2864 4314 facturam
2883 4302 2900 4326 ,
2933 4260 3035 4317 hoc
3061 4279 3266 4334 magna:
3301 4265 3676 4336 bOSpitalitatis

2091 4369 2154 4408 ac
2181 4354 2522 4408 lnunanitatis
2551 4354 2651 4408 fuit
2673 4354 2926 4409 officium.
2958 4355 3028 4411 Ut
3056 4357 3198 4411 enim
3227 4357 3564 4428 impudenter
3592 4360 3671 4414 fe-

2091 4446 2285 4507 cisset,
2315 4447 2358 4498 si
2404 4447 2547 4514 prior
2589 4447 2944 4512 occurrisset,
2974 4456 3027 4501 et
3054 4448 3194 4502 ultro
3230 4451 3546 4518 appellasset
3576 4452 3675 4505 ho-

2093 4534 2292 4588 minem
2323 4551 2337 4587 :
2372 4535 2440 4588 ita
2473 4534 2818 4588 inhumanum
2847 4547 2960 4589 erat
2988 4547 3042 4592 et
3074 4538 3375 4604 barbarum,
3406 4541 3448 4594 si
3483 4557 3672 4610 rogan-

2093 4627 2158 4678 tis
2194 4625 2350 4679 verba
2394 4627 2692 4693 repulisset.
2734 4626 2882 4680 Nunc
2919 4643 3046 4681 vero
3083 4639 3325 4682 neutrum
3373 4632 3491 4684 fecit
3529 4653 3541 4686 :
3578 4648 3674 4686 nec

2093 4717 2365 4769 modestia:
2389 4716 2566 4768 studio
2589 4717 2932 4786 hospitalitati
2959 4717 3146 4784 defuit,
3175 4737 3272 4775 nec
3303 4721 3677 4791 hospitalitatis

2091 4819 2214 4859 cura
2249 4805 2458 4860 laudem
2491 4807 2822 4860 verecundia:
2866 4808 2968 4861 sihi
3011 4809 3202 4864 minuit
3223 4851 3237 4870 ,
3272 4812 3365 4865 sed
3399 4821 3675 4882 utramque

2091 4899 2337 4950 virtutem
2377 4898 2632 4966 integram
2672 4895 2900 4950 obtinuit
2921 4939 2936 4961 ,
2959 4898 3286 4954 declarando
3311 4917 3460 4956 suam
3491 4905 3677 4957 modo.

2091 4989 2245 5040 stium
2271 5028 2285 5050 ,
2313 4986 2436 5040 dum
2471 4987 2644 5055 rogari
2670 4998 2941 5055 exspectat
2966 5006 2980 5052 ;
3011 4991 3198 5044 miram
3228 5007 3358 5046 vero
3390 4994 3672 5064 hospitali-

2092 5090 2286 5141 tatem,
2318 5078 2443 5132 dum
2489 5089 2669 5149 rogata
2716 5081 2830 5134 sine
2880 5096 3025 5135 mora
3080 5083 3409 5152 obsequitur.
3464 5085 3672 5138 Etenim

2090 5185 2312 5224 sumunt:
2343 5169 2716 5237 hospitalitatis
2755 5170 2884 5235 fuit,
2918 5187 3022 5224 non
3054 5173 3213 5227 modo
3237 5189 3357 5243 qua:
3383 5175 3675 5243 postulavit

2090 5260 2302 5314 dedisse
2326 5300 2340 5325 ,
2379 5259 2473 5315 sed
2521 5260 2678 5314 etiam
2712 5262 2986 5330 plusquam
3019 5263 3109 5317 ille
3152 5265 3302 5333 petiit
3339 5265 3670 5320 exhibuisse.

2091 5352 2197 5406 Nec
2243 5352 2403 5406 refert
2453 5351 2593 5420 quod
2655 5369 2790 5422 aqua
2835 5361 2951 5407 erat
2997 5370 3117 5422 quae
3163 5345 3487 5412 offerebatur
3518 5379 3531 5413 :
3563 5367 3673 5411 tmn

2091 5443 2231 5495 enim
2284 5441 2419 5495 hanc
2457 5442 2623 5495 solam
2653 5441 2855 5498 habuit.
2888 5443 3189 5512 llosm’tales
3228 5456 3404 5500 autem
3448 5462 3552 5503 non
3601 5463 3671 5502 ex

2091 5541 2302 5599 sumptu
2329 5531 2579 5585 censendi
2610 5543 2731 5584 sunt
2759 5573 2774 5594 ,
2815 5533 2906 5586 sed
2947 5549 3012 5587 ex
3059 5533 3423 5598 faeultatibus;
3463 5539 3676 5607 quando

2095 5625 2230 5677 Deus
2250 5639 2370 5678 eum
2411 5625 2570 5679 etiant
2610 5625 2825 5687 laudat,
2857 5627 2944 5696 qtti
2973 5627 3116 5681 dedit
3160 5629 3361 5698 frigidae
3388 5632 3672 5700 poculum.

2093 5725 2144 5767 et
2173 5730 2289 5768 eam
2307 5757 2320 5782 ,
2354 5730 2470 5784 qua:
2497 5713 2628 5768 duos
2653 5730 2823 5770 aereos
2868 5719 3098 5773 minutos
3123 5718 3348 5787 obtulit,
3377 5723 3449 5774 ait
3482 5729 3671 5776 contu-
