4110 6198
376 284 484 341 εδδ

375 411 729 486 ἀνεῳγμένην
752 430 765 446 ⁸
798 414 885 470 τνα
908 415 983 488 μὴ
1012 411 1302 490 πόλεμος
1324 415 1418 469 καὶ⁵
1447 416 1613 487 μάχη,
1639 413 1733 469 τοῦ
1763 414 1955 486 ἀνδρὸς
1978 468 1979 471 η

375 498 702 571 προϊεμένου
717 499 943 565 τάδντα,
961 500 1161 554 καὶτὸν
1185 501 1395 572 πατέρα
1420 500 1779 572 μιμουμένου,
1812 510 1839 539 ι
1862 499 1957 552 καὶ

372 586 499 647 τοὺς
527 583 708 648 ξένους
754 585 1145 657 ὑποδεχομένου
1169 603 1185 619 ·
1213 587 1417 657 ταύτης
1458 576 1515 639 δέ
1563 585 1960 656 σμικρολογου-

377 665 546 736 μένης
572 682 633 718 τε
664 667 758 720 καὶ
790 668 865 738 μὴ
914 668 1230 741 ἀνεχούσης,
1276 670 1369 724 καὶ
1404 668 1741 738 κωλυούσης,
1772 668 1799 720 ὃ
1831 666 1961 720 πολ-

373 747 531 812 λάκις
565 751 623 802 ἐν
668 750 891 815 πολλαῖς
922 752 1122 817 οἰκίαις
1163 753 1320 808 εἴωθε
1369 752 1612 821 γίνεσθαι
1641 769 1655 783 ο
1712 750 1960 804 ἐντεῦθεν

372 831 477 902 ἤδη
494 831 757 903 βούλομαι
772 832 963 904 μαθεῖν
974 836 1024 888 εἰ
1040 836 1313 905 φιλόξενός
1326 838 1464 889 ἐστι’
1484 834 1699 905 καὶγὰρ
1710 832 1960 886 ἐντεῦθεν

372 914 507 985 ἡμῖν
554 914 768 968 ἅπαντα
824 916 1015 985 γέγονε
1060 919 1131 972 τά
1172 918 1372 987 ἀγαθά.
1415 917 1573 972 Οὕτω
1609 917 1701 971 τὸν
1732 916 1960 987 νυμφίον

372 999 642 1069 ἐκτήσατο
681 999 711 1051 ό
754 998 1020 1070 δεσπότης
1054 1004 1083 1055 ὁ
1114 1003 1276 1071 ἐμός·
1317 1000 1461 1055 οὑτω
1496 1001 1680 1072 πατὴρ
1721 1000 1958 1068 ἐγένετο,

377 1081 577 1151 μόσχον
603 1080 783 1144 ἔθυσε,
818 1082 913 1135 καὶ
936 1084 1149 1138 παιδίον
1173 1084 1389 1145 ἐλαϐεν,
1417 1083 1621 1154 ἀλευρα
1641 1083 1831 1155 ἐφυρε,
1868 1084 1963 1136 καὶ

373 1162 592 1217 κατὰτὸ
612 1161 814 1234 πλῆθος
840 1163 947 1218 τῶν
967 1165 1181 1238 ἄστρων
1206 1168 1329 1231 τοὺς
1369 1165 1628 1236 ἐκγόνους
1668 1165 1819 1236 αὐτῷ
1855 1165 1961 1219 ὐπ-

373 1245 565 1315 έσχετο
608 1242 802 1299 δώσειν
839 1248 868 1299 ὁ
911 1247 1065 1311 Θεός.
1118 1250 1268 1303 Ἐπεὶ
1299 1245 1392 1303 οὖν
1428 1247 1678 1303 ἐντεῦθεν
1710 1250 1841 1321 ήμῖν
1870 1249 1965 1303 καὶ

372 1330 439 1399 τῇ
477 1328 626 1396 οἰκία
677 1327 896 1383 ἅπαντα
953 1331 1144 1399 γέγονε
1170 1331 1239 1385 τά
1285 1332 1485 1402 ἀγαθά,
1534 1334 1691 1387 τοῦτο
1720 1332 1827 1404 πρὸ
1856 1332 1965 1386 τῶν

372 1410 549 1466 ἄλλων
577 1411 841 1482 ἐπιζητῶ.
872 1413 963 1484 Μὴ
989 1415 1099 1485 7&9
1119 1415 1277 1469 τοῦτο
1314 1417 1532 1489 ἴδωμεν,
1559 1418 1641 1471 ὅτι
1660 1415 1806 1487 ὕδωρ
1833 1418 1963 1468 ἐπε·-

374 1495 631 1566 ξήτησεν,
664 1495 781 1548 ἀλλ’
810 1497 989 1549 ἐκεῖνο
1033 1501 1420 1571 σκοπήσωμεν,
1452 1502 1534 1556 δτι
1579 1502 1786 1572 σφόδρα
1814 1500 1960 1570 φιλο-

374 1578 525 1645 ξένου
552 1578 753 1656 ψυχῆς,
789 1578 864 1650 μὴ
898 1579 1059 1650 μόνον
1094 1581 1276 1636 δοῦναι
1318 1584 1380 1637 τὸ
1420 1585 1662 1656 αἰτηθὲν,
1698 1583 1833 1638 ἀλλά
1871 1583 1966 1636 καὶ

374 1661 538 1714 πλέον
569 1653 644 1714 ὧν
676 1661 844 1733 ⁴ᾔτησε
876 1667 1202 1734 παρασχεῖν.
1234 1667 1343 1721 Καὶ
1367 1653 1626 1737 ἐγένετο,
1661 1668 1816 1738 φησὶ,
1852 1666 1965 1736 πρὸ

372 1742 479 1796 τοῦ
524 1740 889 1796 συντελέσαι
935 1744 1124 1799 αὑτὸν
1166 1748 1497 1811 λαλοῦντα,
1531 1748 1661 1803 ἰδοὺ
1698 1749 1968 1803 Ῥεϐέκκα

370 1825 780 1894 ἐξεπορεύετο,
839 1827 933 1882 καὶ
972 1827 1033 1881 τὸ
1053 1832 1392 1902 προφητικὸν
1420 1834 1598 1887 ἐκεῖνο
1626 1832 1925 1904 ἐπληροῦτο
1948 1851 1963 1865 ο

377 1904 501 1961 Ἔτι
547 1907 886 1974 λαλοῦντός
930 1923 1050 1965 σου
1072 1911 1207 1980 ἐρῶ,
1250 1911 1399 1970 ἰδοὺ
1422 1914 1682 1985 πάρειμι.
1710 1914 1966 1969 Τοιαῦται

372 1990 483 2045 τῶν
509 1991 769 2060 γενναίων
792 1994 1003 2064 ἀνδρῶν
1029 1996 1086 2049 αί
1124 1996 1315 2067 εὐχαί·
1357 1998 1464 2070 πρὸ
1495 1999 1589 2053 τοῦ
1633 1998 1821 2061 τέλους
1850 1998 1969 2052 πεί-

373 2072 526 2127 θουσι
570 2073 663 2129 τὸν
728 2074 862 2129 Θεὸν
923 2076 1210 2132 ἐπινεῦσαι
1246 2081 1358 2144 τοῖς
1400 2079 1733 2152 λεγομένοις.
1771 2079 1965 2134 Καὶσύ

370 2158 573 2222 τοίνυν,
614 2158 835 2214 ἐπειδάν
889 2161 1090 2233 μέλλῃς
1133 2168 1368 2232 γυναῖκα
1409 2165 1657 2235 ἄγεσθαι,
1706 2165 1782 2236 μὴ
1830 2165 1970 2235 πρὸς

371 2240 691 2311 ἀνθρώπους
749 2243 1100 2314 καταφύγης,
1152 2247 1287 2318 μηδέ
1324 2248 1463 2319 πρὸς
1496 2251 1759 2317 γυναῖκας
1798 2250 1970 2319 ἐμπο-

373 2324 676 2394 ρευομένας
726 2324 827 2388 τὰς
867 2325 1155 2399 ἀλλοτρίας
1200 2332 1504 2400 συμφορὰς,
1572 2333 1664 2385 καὶ
1700 2330 1968 2403 ζητούσας

369 2403 428 2457 ἓν
476 2405 659 2475 μόνον,
703 2405 856 2479 [222]
890 2409 1039 2473 ὅπως
1082 2411 1246 2466 αὐταὶ
1275 2412 1466 2483 μισθὸν
1504 2413 1742 2468 λάϐωσιν
1765 2430 1779 2443 ·
1833 2412 1969 2467 ἀλλά

368 2487 657 2557 κατάφυγε
685 2490 780 2543 ἐπὶ
804 2491 894 2543 τὸν
928 2492 1078 2547 θεόν.
1118 2495 1233 2548 Οὐκ
1264 2495 1655 2568 ἐπαισχύνεται
1683 2513 1778 2551 σου
1810 2496 1968 2565 γενέ-

370 2569 497 2624 σθαι
528 2575 916 2641 νυμφαγωγός.
970 2575 1142 2640 Αὐτὸς
1198 2576 1464 2649 ὑπέσχετο
1513 2580 1608 2632 καὶ
1647 2575 1770 2633 εἰπε
1792 2598 1806 2611 ·
1850 2584 1966 2649 Ζη-

365 2653 523 2709 τεῖτε
531 2654 647 2723 τὴν
664 2655 995 2720 ,βασιλείαν
1006 2656 1124 2712 τῶν
1140 2661 1432 2728 οὐρανῶν,
1456 2662 1555 2716 καί
1571 2663 1757 2719 ταῦτα
1771 2665 1968 2720 πάντα

368 2738 848 2807 προστεθήσεται
891 2740 1052 2810 ὑμῖν.
1113 2743 1225 2797 Καὶ
1279 2745 1356 2815 μή
1405 2740 1553 2815 λέγε,
1576 2747 1703 2811 Πῶς
1729 2747 1967 2820 δύναμαι

366 2820 463 2875 τὸν
487 2820 621 2874 Θεὸν
651 2821 783 2875 ίδεῖν
808 2838 823 2887 ;
853 2823 927 2894 μὴ
971 2823 1082 2893 7&9
1118 2825 1336 2894 ἀφεῖναί
1381 2844 1471 2898 μοι
1500 2828 1684 2900 φωνὴν
1714 2829 1847 2901 ἔχει,
1871 2836 1967 2889 καὶ

367 2901 714 2974 διαλεχθῆναι
738 2905 1009 2976 φανερῶς,
1037 2907 1124 2961 ἵνα
1149 2908 1461 2979 προσελθὼν
1480 2912 1742 2984 ἐρωτήσω
1767 2930 1783 2980 ;
1816 2914 1964 2969 Ἀπί-

371 3004 499 3072 στου
527 2987 705 3044 ταῦτα
740 2988 940 3072 ψυχῆς.
980 2992 1090 3045 Καὶ
1130 2992 1238 3066 7&9
1267 2994 1433 3060 ὀξέως
1462 2996 1557 3050 καὶ
1585 2997 1766 3068 χωρὶς·
1781 3001 1966 3072 φωνῆς

371 3071 575 3134 πάντα,
603 3072 705 3125 ὅσα
733 3071 801 3126 ἂν
821 3072 972 3146 θέλῃ,
1018 3072 1239 3129 δύναται
1282 3079 1709 3144 κατασκευάζειν
1737 3084 1766 3135 ό
1793 3071 1929 3149 Θεός
1948 3102 1963 3118 ο

367 3155 398 3209 δ
423 3156 488 3226 δὴ
519 3157 614 3211 καὶ
640 3157 734 3210 ἐπὶ
761 3155 953 3209 τούτου
982 3159 1231 3227 γέγονεν.
1269 3161 1403 3215 Οὐδέ
1441 3162 1552 3234 7&9
1581 3164 1767 3235 φωνὴν
1793 3167 1963 3237 ἡκου-

372 3256 485 3304 σεν,
520 3240 642 3293 οὐδὲ
664 3239 788 3311 ὄψιν
813 3241 933 3294 τινά
961 3237 1135 3295 εἴδενο
1191 3242 1305 3297 ἀλλ’
1341 3245 1435 3297 ἐπὶ
1474 3248 1623 3318 πηγῇ
1662 3248 1833 3311 ἐστῶς
1864 3248 1964 3320 ηὖ-

370 3327 520 3391 ξατο,
575 3324 671 3378 καὶ
709 3324 920 3394 ταχέως
977 3326 1261 3397 ἐπέτυχεν.
1303 3328 1569 3398 Ἐγένετο
1625 3329 1738 3399 γὰρ
1761 3330 1961 3402 πρίνῆ

369 3406 739 3462 συντελέσαι
766 3408 1077 3463 λαλοῦντα
1098 3410 1306 3477 αὐτὸν,
1347 3412 1502 3482 φησὶ,
1542 3412 1812 3469 Ῥεϐέκκα
1868 3415 1962 3480 ἐξ·

366 3491 683 3561 επορεύετο
729 3490 769 3558 ἡ
808 3490 1086 3560 τεχθεῖσα
1119 3494 1397 3562 Βαθουὴλ
1445 3493 1526 3560 τῷ
1553 3494 1662 3561 υίῷ
1693 3496 1959 3567 Μελχᾶς,

368 3575 602 3644 ἔχουσα
631 3574 747 3640 τὴν
768 3573 985 3642 ὑδρίαν
1004 3573 1236 3629 ἐπὶτῶν
1264 3576 1439 3646 ὤμων
1462 3590 1476 3605 ⁸
1504 3578 1543 3646 ή
1569 3577 1639 3631 δὲ
1663 3579 1961 3646 παρθένος

366 3654 447 3729 ἦν
482 3655 638 3725 καλὴ
656 3656 730 3725 τῇ
759 3655 896 3726 ὄψει
931 3656 1188 3728 σφόδρα,
1221 3659 1519 3728 παρθένος
1546 3655 1645 3731 ἦν,
1664 3661 1821 3730 ἀνὴρ
1848 3664 1960 3718 οὐκ

365 3739 521 3809 ἔγνω
542 3737 754 3807 αὑτήν.
778 3738 844 3792 Τί
863 3757 954 3810 μοι
981 3738 1161 3808 λέγεις
1181 3742 1279 3812 τὴν
1308 3742 1612 3815 εὐμορφίαν
1640 3742 1735 3797 τοῦ
1769 3742 1957 3816 σῶμα·

367 3839 501 3888 τος;
550 3822 668 3875 Ἵνα
727 3821 908 3894 μάθῃς
947 3823 1048 3893 τὴν
1084 3824 1390 3897 ὑπερϐολὴν
1431 3826 1531 3895 τῆς
1581 3828 1954 3899 σωφροσύνης,

368 3907 462 3960 ἵνα
494 3905 673 3978 μάθῃς
708 3905 770 3959 τὸ
807 3904 1003 3968 κάλλος
1024 3905 1084 3959 τὸ
1120 3908 1178 3959 ἐν
1210 3909 1277 3977 τῇ
1307 3907 1475 3979 ψυχῇ.
1503 3909 1829 3979 Θαυμαστὸν
1857 3911 1957 3980 μὲν

365 3990 476 4061 γὰρ
518 3988 581 4041 τὸ
636 3991 969 4061 σωφρονεῖν
1014 3989 1193 4061 πολλῷ
1227 3990 1285 4044 δέ
1339 3990 1796 4064 θαυμαστότερον,
1830 3994 1956 4047 ὅταν

368 4075 487 4145 μετ’
562 4074 868 4146 εὐμορφίας
930 4070 1087 4126 τοῦτο
1149 4073 1383 4145 γίνηται.
1468 4074 1567 4129 Διά
1642 4076 1801 4131 τοῦτο
1862 4080 1956 4132 καὶ

365 4159 496 4229 περὶ
551 4157 645 4211 τοῦ
707 4156 906 4225 Ἰωσὴφ
958 4155 1166 4226 μέλλων
1201 4158 1331 4228 ἡμῖν
1384 4157 1690 4229 διηγεῖσθαι
1728 4163 1822 4215 καὶ
1854 4161 1956 4232 τῆς

364 4241 576 4295 ἐκείνου
642 4238 1017 4310 σωφροσύνης,
1073 4240 1337 4311 πρότερον
1383 4241 1485 4313 τὴν
1524 4243 1827 4316 εὐμορφίαν
1858 4244 1953 4298 τοῦ

366 4323 618 4395 σώματος
651 4321 914 4385 τέθεικεν,
970 4320 1170 4374 εἰπών·
1204 4322 1382 4385 Καλὸς
1424 4319 1494 4395 ἦν
1543 4324 1622 4396 τῷ
1669 4325 1827 4391 εῖδει,
1861 4328 1956 4382 καὶ

363 4407 566 4479 ὡραῖος
619 4407 683 4475 τῇ
743 4403 864 4474 ὄψει
888 4404 1092 4477 σφόδρα
1122 4420 1135 4435 ·
1169 4407 1262 4460 καὶ
1299 4406 1420 4459 τότε
1454 4406 1552 4478 τὴν
1598 4410 1953 4482 σωφροσύνην

365 4489 532 4545 αὐτοῦ
583 4488 880 4559 διηγήσατο
923 4487 1158 4552 δεικνὺς,
1215 4489 1298 4541 ὅτι
1331 4489 1393 4542 τὸ
1425 4490 1620 4554 κάλλος
1672 4493 1833 4547 αὐτὸν
1872 4496 1954 4558 εἰς

364 4571 650 4643 ἀσέλγειαν
707 4571 769 4624 οὐ
822 4571 1159 4641 προήγαγεν.
1188 4570 1325 4625 Οὔτε
1368 4571 1475 4643 7&9
1504 4572 1565 4627 τὸ
1598 4574 1793 4640 κάλλος
1820 4594 1954 4649 πορ-

365 4656 513 4719 νείας
553 4654 744 4719 αἴτιον,
795 4651 917 4706 οὐτε
964 4655 998 4723 ή
1043 4654 1290 4725 ἀμορφία
1317 4657 1669 4728 σωφροσύνης
1710 4658 1947 4724 πάντως.

366 4741 569 4796 Πολλαί
597 4741 705 4813 7&9
754 4740 893 4795 κατά
944 4740 1042 4812 τήν
1078 4740 1228 4812 ὥραν
1252 4741 1347 4795 τοῦ
1375 4741 1624 4813 σώματος
1644 4743 1948 4816 λάμψασαι,

368 4823 632 4895 μειζόνως
656 4823 797 4877 κατά
826 4824 926 4892 τὴν
968 4823 1320 4896 σωφροσύνην
1346 4824 1596 4896 ἔλαμψαν
1620 4842 1632 4856 ·
1658 4828 1814 4883 άλλαι
1848 4832 1950 4885 πά-

364 4910 449 4962 λιν
476 4908 701 4979 αἰσχραὶ
757 4907 850 4960 καὶ
875 4906 1135 4972 δυσειδεῖς
1182 4904 1361 4974 οὖσαι,
1410 4910 1765 4984 αἰσχρότεραι
1807 4915 1950 4968 κατὰ

361 4994 464 5065 τήν
485 4992 667 5063 ψυχήν
710 4990 977 5060 ἐγένοντο,
1012 4990 1231 5062 μυρίαις
1265 4992 1603 5062 ρυπωθιῖσαι
1647 4994 1945 5067 πορνείαις.

364 5078 442 5129 Οὐ
479 5078 589 5145 7&9
616 5075 650 5145 ή
682 5072 843 5143 φύσις
869 5072 963 5126 τοῦ
991 5073 1261 5144 σώματος,
1283 5074 1398 5128 ἀλλ’
1436 5077 1471 5146 ή
1512 5077 1831 5150 προαίρεσις
1848 5079 1949 5150 τῆς

362 5158 545 5230 ψυχῆς
572 5157 667 5212 καὶ
682 5155 871 5210 τούτου
895 5157 1147 5210 κάκείνου
1168 5158 1335 5213 αίτία.

436 5242 505 5304 ζ’.
538 5240 651 5310 οὐχ
681 5231 868 5303 ἁπλῶς
901 5240 960 5293 δέ
992 5239 1242 5313 δεύτερον
1271 5241 1439 5313 αὐτὴν
1473 5242 1739 5313 παρθένον
1769 5238 1942 5298 εἶπεν.

365 5323 549 5378 Εἰπὼν
570 5324 701 5396 7&9,
730 5321 1032 5393 Παρθένος
1056 5319 1154 5394 ἦν,
1189 5325 1435 5396 ἐπήγαγε
1459 5340 1475 5357 ’
1517 5327 1815 5395 Παρθένος
1844 5324 1944 5399 ἦν,

362 5407 519 5475 ἀνὴρ
546 5409 660 5461 οὐκ
696 5407 850 5478 ἔγνω
881 5406 1093 5472 αὑτήν.
1145 5407 1361 5479 Ἐπειδὴ
1389 5407 1505 5482 γὰρ,
1528 5408 1718 5465 πολλαὶ
1743 5412 1947 5484 παρθέ-

362 5506 469 5542 νων
488 5489 549 5543 τὸ
577 5490 735 5561 σῶμα
780 5489 1101 5561 ἀδιάφθορον
1147 5488 1431 5561 τηροῦσαι,
1469 5493 1568 5563 τὴν
1593 5493 1773 5564 ψυχὴν
1815 5495 1947 5549 πολι

364 5569 460 5645 λῆς
494 5573 783 5637 ἀκολασίας
833 5573 1130 5646 πληροῦσι,
1173 5573 1674 5648 καλλωπιζόμεναι,
1720 5580 1948 5649 μυρίους

434 5708 452 5729 ⁸
479 5702 569 5754 mc
592 5704 685 5754 loci
704 5700 963 5753 verborum
989 5704 1127 5759 ordo.
1166 5716 1227 5753 ex
1275 5704 1466 5756 Morem
1496 5709 1715 5759 editione
1740 5712 1944 5761 reamu-

364 5768 465 5829 1ος,
488 5764 716 5815 turbatus
727 5763 952 5814 exstabat
974 5766 1100 5827 apud
1127 5764 1293 5815 Montf.
1318 5766 1452 5817 ιίυιτ.

674 5855 946 5918 huc!"
993 5855 1109 5919 Gn.
1158 5857 1256 5918 LI.

1348 307 1626 378 QUALES
1669 304 2017 365 DUCENDE
2058 303 2215 361 SINT
2247 298 2531 360 UXORES
2596 296 2685 353 111.

3544 295 3649 352 εῑε

2064 413 2400 483 πανταχόθεν
2430 410 2812 483 ἐπισπώμενοι
2843 408 3097 482 ἐραστάς,
3123 410 3215 464 καὶ
3231 409 3357 474 τούς
3390 409 3501 464 τῶν
3521 412 3659 471 νέων

2063 498 2377 568 ὀφθαλμοὺς
2397 496 2814 567 ἀναπτεροῦσιν,
2838 494 3056 566 ἐνέδρας
3083 493 3316 547 τιθεῖσαι
3348 495 3441 548 καὶ
3458 492 3651 566 ιβάρα-

2065 581 2188 652 θρα,
2223 581 2440 645 δεικνὺς
2473 582 2503 633 ὁ
2534 581 2775 651 Μωύσῆς
2811 582 2894 635 ὅτι
2939 579 3040 632 οὐκ
3084 578 3223 650 αὐτὴ
3255 577 3501 649 τοιαύτη,
3540 576 3659 632 ἀλλ’

2065 664 2407 736 ἑκατέρωθεν
2448 660 2516 734 ἦν
2550 664 2837 736 παρθένος,
2897 663 3005 718 ἀπό
3061 680 3120 715 τε
3156 660 3428 732 σώματος,
3460 661 3569 715 ἀπό
3597 678 3660 716 τε

2063 746 2262 816 ψυχῆς,
2288 747 2441 815 φησί,
2471 747 2771 815 Παρθένος
2797 744 2895 817 ἦν,
2925 747 3081 815 ἀνὴρ
3106 747 3216 799 οὐκ
3256 746 3409 814 ἔγνω
3442 742 3655 810 αὑτήν.
3744 788 3759 801 κ

2068 830 2259 883 Καίτοι
2292 847 2359 899 γε
2410 830 2614 894 πολλὰς
2666 828 2809 903 εῖχεν
2860 830 3114 901 ἀφορμὰς
3164 828 3259 883 τοῦ
3292 827 3659 900 γνωρισθῆναι

2067 913 2292 984 ἀνδράσι
2312 931 2328 945 ο
2351 914 2565 983 πρῶτον
2601 914 2721 984 μὲν,
2755 914 2817 967 τὸ
2863 913 3058 976 κάλλος
3092 911 3186 966 τοῦ
3223 912 3473 982 σώματος
3497 928 3511 943 ·
3538 910 3661 965 δεύο

2066 1012 2222 1068 τερον
2252 996 2331 1062 δέ,
2363 998 2391 1049 ὁ
2415 996 2515 1066 τῆς
2539 996 2812 1061 διακονίας
2858 996 3077 1068 τρόπος.
3110 997 3172 1049 Εἰ
3215 994 3315 1066 μὲν
3338 995 3447 1066 7&9
3476 996 3534 1049 ἓν
3560 993 3658 1048 θα-

2069 1078 2227 1150 λάμῳ
2248 1079 2511 1149 διηνεκῶς
2559 1078 2826 1150 ἐκάθητο,
2876 1078 3124 1149 καθάπερ
3165 1079 3223 1131 αἰ
3249 1077 3345 1131 νῦν
3374 1076 3655 1149 παρθένοι,

2069 1164 2164 1216 καὶ
2200 1163 2468 1234 μηδέποτε
2524 1164 2604 1227 εἰς
2644 1162 2850 1234 ἀγοράν
2896 1162 3168 1225 ἐνέϐαλεν,
3214 1161 3347 1232 μηδὲ
3383 1160 3531 1232 ἐξῄει
3557 1160 3657 1229 τὴν

2068 1246 2245 1299 οίκίαν
2273 1245 2371 1316 τὴν
2401 1245 2680 1317 πατρῴαν,
2714 1246 2864 1299 οὐδὲν
2908 1244 3160 1299 τοσοῦτον
3185 1239 3254 1316 ἧν
3281 1245 3361 1307 εἰς
3386 1242 3657 1312 ἐγκώμιον

2069 1328 2321 1399 λέγεσθαι
2354 1332 2482 1401 περὶ
2510 1330 2701 1401 αὐτῆς,
2725 1331 2807 1384 ὅτι
2824 1331 2962 1402 ἀνὴρ
2994 1331 3093 1383 οὐκ
3120 1328 3263 1399 ἔγνω
3293 1326 3658 1405 αὐτήν.”οταν

2070 1412 2126 1467 δὲ
2148 1410 2278 1485 κίδῃς
2310 1413 2479 1485 αὐτὴν
2498 1414 2579 1477 εἰς
2593 1413 2800 1484 ἀγορὰν
2834 1413 3101 1478 ἐξιοῦσαν,
3128 1413 3248 1466 καθ’
3272 1411 3507 1483 ἐκάστην
3523 1410 3659 1482 ήμέ-

2075 1513 2174 1568 ραν
2196 1497 2513 1569 ὑδροφορεῖν
2538 1496 3012 1568 ἀναγκαζομένην,
3041 1497 3135 1550 καὶ
3160 1494 3308 1560 ἅπαξ
3332 1494 3428 1548 καὶ
3453 1494 3535 1557 δὶς
3560 1492 3657 1546 καὶ

2073 1580 2367 1645 πολλάκις,
2415 1578 2535 1634 εἷτα
2571 1580 2761 1652 μηδενὶ
2794 1579 3072 1651 γνώριμον
3112 1573 3276 1632 οὖσαν
3318 1577 3494 1649 ἀνδρὶ,
3532 1576 3655 1630 τότε

2075 1662 2311 1733 μάλιστα
2334 1664 2504 1735 αὐτῆς
2532 1664 2735 1734 δυνήσῃ
2759 1662 2996 1717 κατιδεῖν
3025 1662 3088 1715 τὸ
3117 1661 3413 1732 ἐγκώμιον.
3449 1660 3513 1713 Εἰ
3546 1659 3656 1731 γὰρ

2072 1744 2317 1813 ὀλιγάκις
2360 1748 2442 1809 εἰς
2488 1747 2694 1817 ἀγορὰν
2744 1746 3176 1817 παραδάλλουσα
3218 1743 3511 1815 παρθένος,
3559 1744 3656 1795 καὶ

2072 1826 2321 1899 δυσειδὴς
2345 1824 2479 1883 οὖσα
2510 1831 2604 1883 καὶ⁸
2635 1828 2909 1899 ἄμορφος,
2950 1827 3161 1882 πολλῶν
3189 1826 3473 1897 ἑπομένων
3502 1825 3657 1896 θερα-

2073 1911 2355 1976 παινίδων,
2385 1912 2494 1965 ἀπὸ
2528 1911 2639 1965 τῶν
2671 1912 2865 1976 ἐξόδων
2893 1911 3100 1966 τούτων
3139 1909 3405 1982 διεφθάρη
3432 1908 3495 1962 τὸ
3522 1904 3654 1979 ἦθος

2074 1994 2367 2058 πολλάκις
2405 1997 2439 2067 ή
2474 1995 2595 2049 καθ’
2626 1996 2869 2067 ,ἑκάστην
2905 1995 3121 2066 ἡμέραν
3159 1996 3225 2049 ἐκ
3255 1994 3357 2065 τῆς
3396 1991 3656 2064 πατρῴας

2073 2078 2250 2142 οἰκίας
2268 2078 2483 2143 ἐξιοῦσα
2508 2079 2664 2151 μόνη,
2688 2080 2784 2133 καὶ
2808 2078 2909 2131 οὐκ
2932 2080 3013 2142 εἰς
3035 2077 3243 2149 ἀγοράν
3266 2077 3479 2142 ἀπλῶς,
3503 2076 3654 2149 [225]

2073 2160 2187 2214 ἀλλ’
2218 2163 2297 2225 εἰς
2327 2162 2426 2233 τὴν
2455 2161 2640 2234 πηγὴν
2671 2162 2972 2215 ἀπαντῶσα
3007 2162 3102 2216 καὶ
3136 2160 3493 2234 ὑδρευομένη,
3525 2161 3655 2215 ἔνθα

2074 2243 2302 2308 πολλοὺς
2340 2245 2436 2299 καὶ
2479 2244 2699 2318 ἐτέρους
2743 2246 2984 2298 συνιέναι
3015 2244 3252 2315 ἀνάγκη,
3291 2244 3409 2309 πῶς
3443 2245 3545 2298 οὐκ
3588 2246 3657 2299 ἀν

2074 2328 2160 2399 εῐη
2187 2327 2393 2398 μυρίων
2415 2328 2542 2395 ἀξία
2571 2328 2886 2400 θαυμάτων,
2912 2327 3037 2381 οὔτε
3067 2327 3177 2381 ἀπὸ
3201 2326 3308 2381 τῶν
3334 2328 3528 2394 ἐξόδων
3548 2329 3656 2383 τῶν

2076 2410 2349 2482 συνεχῶν,
2389 2409 2514 2464 οὐτε
2558 2411 2666 2465 ἀπὸ
2697 2410 2793 2482 τῆς
2834 2410 2978 2465 κατά
3013 2410 3112 2483 τὴν
3149 2409 3275 2481 ὄψιν
3320 2411 3653 2483 εὐμορφίας,
3754 2416 3763 2425 ‘

2072 2493 2196 2548 οὐτε
2222 2495 2331 2549 ἀπὸ
2366 2494 2461 2549 τοῦ
2490 2494 2727 2568 πλήθους
2752 2495 2861 2550 τῶν
2890 2494 3349 2567 παραγινομένων
3366 2534 3382 2558 ,
3411 2494 3535 2549 οὐτε
3564 2496 3660 2550 ἀλ-

2073 2577 2228 2631 λοθεν
2257 2578 2556 2648 οὐδαμόθεν
2584 2578 2945 2651 διαφθαρεῖσα
2979 2578 3040 2633 τὸ
3059 2574 3211 2650 ἦθος,
3240 2578 3377 2632 ἀλλά
3403 2579 3464 2632 τὸ
3495 2577 3657 2650 σῶμα

2074 2662 2170 2716 καὶ
2196 2661 2297 2735 τὴν
2333 2661 2511 2734 ψυχὴν
2539 2663 2867 2733 ἀδιάφθορος
2890 2662 3151 2734 μείνασα,
3183 2663 3279 2716 καὶ⁸
3313 2663 3413 2733 τήν
3443 2680 3657 2735 σωφρο-

2074 2745 2241 2814 σύνην
2260 2745 2371 2800 τῶν
2397 2747 2456 2799 ὲν
2483 2745 2885 2815 γυναικωνίτιδι
2909 2746 3237 2818 καθημένων
3264 2745 3656 2819 ἀκριϐέστερον

2071 2827 2483 2900 διατηρήσασα,
2519 2828 2615 2884 καὶ
2649 2828 2872 2899 τοιαύτη
2923 2831 3185 2899 φανεῖσα,
3217 2829 3338 2883 οἵαν
3373 2831 3402 2884 ὁ
3445 2828 3656 2893 Παῦλος

2072 2911 2321 2985 ἐπιζητεῖ
2345 2911 2540 2982 λέγων,
2565 2913 2700 2966 Ἵνα
2724 2907 2766 2983 ᾖ
2788 2912 2928 2982 ἀγιά
2955 2912 3185 2983 σώματι
3209 2912 3307 2966 καί
3327 2913 3652 2983 πνεύματα

2070 2994 2393 3050 Καταϐᾶσα
2443 2995 2654 3049 τοίνυν
2704 2994 2801 3049 ἐπὶ
2847 2995 2964 3063 τὴν
2999 2995 3207 3066 πηγὴν
3253 2994 3490 3065 ἔπλησε
3536 2995 3650 3064 τὴν

2071 3077 2284 3147 ὑδρίαν
2332 3077 2439 3132 τοῦ
2481 3076 2726 3144 ὕδατος,
2773 3078 2871 3131 καί
2914 3078 3097 3146 ἀνέϐη
3117 3092 3132 3108 '
3175 3077 3277 3131 καί
3322 3078 3579 3148 ἔδραμεν
3619 3082 3655 3134 ὁ

2071 3160 2212 3227 παῖς
2238 3162 2326 3227 είς
2355 3160 2737 3227 συνάντησιν
2761 3158 2972 3229 αὐτῆς,
2998 3158 3097 3214 καί
3113 3160 3273 3214 εἷπεν
3293 3161 3551 3215 Πότισόν
3576 3179 3655 3231 με

2064 3243 2285 3313 μικρὸν
2310 3243 2378 3297 ἐκ
2404 3240 2513 3311 τῆς
2542 3242 2745 3311 ὑδρίας
2774 3256 2911 3298 σου.
2942 3243 3007 3298 Ἡ
3027 3241 3096 3295 δὲ
3121 3238 3253 3297 εῖπε
3273 3241 3425 3307 ·Πίε,
3450 3246 3615 3313 κύριε
3632 3262 3649 3279 ο

2069 3328 2168 3381 καί
2195 3326 2485 3390 ἔσπευσε,
2502 3325 2602 3381 καὶ
2623 3324 2862 3381 καθεῖλε
2876 3325 2992 3394 τὴν
3009 3324 3224 3393 ὑδρίαν
3248 3325 3345 3379 ἐπὶ
3374 3324 3484 3379 τὸν
3496 3328 3649 3398 βρα-

2068 3412 2246 3481 χίονα
2281 3410 2504 3481 αὐτῆς,
2538 3410 2636 3465 καὶ
2663 3411 2945 3465 ἐπότισεν
2984 3411 3174 3466 αὑτὸν
3201 3409 3314 3477 ἕως
3339 3410 3650 3469 ἐπαύσατο

2068 3495 2292 3549 πίνων·
2331 3494 2431 3549 καί
2471 3490 2603 3548 εἶπε
2622 3511 2634 3525 ·
2669 3494 2779 3549 Καὶ
2803 3494 2932 3562 ταῖς
2964 3493 3258 3564 καμήλοις
3291 3509 3408 3550 σου
3441 3494 3651 3564 ὑδρεύ-

2067 3592 2270 3648 σομαι,
2311 3578 2423 3645 ἕως
2472 3576 2550 3633 ἂν
2585 3576 2777 3633 πᾶσαι
2822 3578 3021 3633 πίωσι.
3062 3575 3177 3632 Καὶ
3228 3577 3497 3634 ἔσπευσε
3547 3583 3650 3637 καί

2065 3660 2398 3726 ἐξεκένωσε
2435 3661 2552 3729 τὴν
2593 3659 2807 3728 ὑδρίαν
2848 3662 2935 3726 εἰς
2967 3660 3033 3723 τὸ
3076 3660 3500 3730 ποτιστήριον,
3548 3666 3647 3718 καί

2064 3748 2321 3819 ἔδραμεν
2347 3749 2447 3804 ἐπί
2473 3748 2540 3804 τὸ
2567 3748 2755 3819 φρέαρ
2782 3748 3084 3817 ἀντλῆσαι
3110 3747 3210 3803 καὶ
3241 3748 3648 3819 ὑδρεύσασθαι

2066 3832 2294 3898 πάσαις
2334 3833 2464 3899 ταῖς
2500 3834 2815 3902 καμήλοις.

2136 3929 2313 3998 Πολλὴ
2348 3930 2446 3998 μέν
2472 3930 2572 3999 τῆς
2610 3929 2869 3997 γυναικὸς
2902 3927 3271 4010 ήηφιλοξενία,
3305 3929 3473 4010 πολλὴ
3507 3932 3587 4010 δὲἸ
3610 3934 3645 4004 ή

2066 4012 2412 4082 σωφροσύνη,
2443 4012 2539 4065 καὶ
2558 4010 2848 4080 ἀμφότερα
2866 4008 3043 4064 ταῦτα
3068 4010 3162 4063 καὶ
3184 4011 3279 4080 ἀφ’
3298 4004 3374 4066 ὧν
3397 4004 3642 4083 ἐποίησε,

2064 4096 2160 4150 καὶ
2201 4096 2294 4164 ἀφ’
2343 4087 2419 4147 ὧν
2461 4088 2618 4159 εἰπε,
2656 4091 2889 4163 μάλιστα
2939 4093 3055 4147 ἔστι
3087 4093 3448 4165 καταμαθεῖν.
3488 4091 3644 4162 Εἶδες

2064 4178 2182 4242 πῶς
2213 4176 2338 4232 οὐτε
2383 4178 2416 4248 ή
2459 4175 2780 4248 σωφροσύνη
2814 4176 2914 4247 τήν
2967 4173 3271 4244 φιλοξενίαν
3312 4177 3640 4251 ἐλυμήνατο,

2062 4261 2187 4316 οὔτε
2219 4263 2254 4334 ή
2282 4260 2555 4332 φιλοξενία
2583 4258 2683 4331 τὴν
2714 4258 3068 4332 σωφροσύνην
3100 4258 3406 4331 διέφθειρες
3440 4261 3514 4315 Τὸ
3540 4262 3642 4334 μιν

2062 4346 2172 4419 γὰρ
2211 4344 2289 4418 μὴ
2325 4344 2595 4416 προτέραν
2640 4343 2961 4414 ἐπιδραμεῖν
2982 4381 2997 4405 ,
3031 4342 3166 4413 μηδὲ
3202 4348 3519 4414 προσειπεῖν
3550 4345 3642 4399 τὸν

2061 4429 2253 4501 ἄνδρα,
2282 4425 2637 4499 σωφροσύνης
2662 4420 2759 4497 ἦν·
2788 4425 2850 4478 τὸ
2872 4424 2929 4477 δέ
2956 4423 3272 4495 αίτηθεῖσαν
3301 4425 3375 4497 μὴ
3415 4426 3642 4482 ἀνανεῦ-

2063 4532 2176 4579 σαι,
2213 4512 2349 4585 μηδέ
2382 4509 2740 4583 ἀρνήσασθαι,
2777 4507 3079 4577 φιλοξενίας
3111 4508 3205 4563 καὶ
3231 4509 3641 4585 φιλανθρωπίας

2061 4598 2283 4669 πολλῆς.
2334 4596 2548 4665 Ὥσπερ
2598 4592 2708 4661 7&9
2752 4593 2801 4645 εί
2854 4590 3093 4663 προτέρα
3131 4593 3501 4667 προσέδραμε,
3546 4599 3641 4653 καὶ

2063 4682 2230 4753 μηδὲν
2254 4678 2459 4733 εἰπόντι
2486 4674 2754 4746 διελέχθη,
2793 4674 3114 4747 ἰταμότητος
3136 4672 3205 4748 ἧν
3232 4679 3326 4731 καὶ
3350 4679 3641 4752 ἀναισχυν-

2059 4767 2199 4831 τίαςο
2230 4764 2427 4827 οὑτως,
2457 4762 2506 4815 εἰ
2529 4759 2990 4833 παρακαλέσαντα
3021 4760 3398 4833 διεκρούσατο,
3430 4764 3641 4836 ὠμότη.

2056 4866 2149 4913 τος
2185 4845 2253 4920 ἦν
2289 4846 2385 4901 καὶ
2415 4843 2835 4915 ἀπανθρωπίας.
2869 4842 2986 4896 Νῦν
3020 4843 3079 4897 δέ
3110 4844 3392 4918 οὐδέτερον
3430 4847 3641 4903 τούτων

2058 4932 2342 5004 ἐποίησενο
2375 4928 2501 4984 οὐτε
2537 4927 2629 4981 διὰ
2666 4928 2768 4998 τὴν
2811 4926 3168 4999 σωφροσύνην
3198 4929 3299 5000 τήν
3331 4930 3636 4999 φιλοξενίαν

2058 5015 2148 5070 ἐλυ
2156 5016 2380 5087 μήνατο,
2396 5011 2505 5066 οὐδ’
2519 5008 2586 5065 αὖ
2608 5009 2769 5065 πάλιν
2786 5008 2877 5063 διὰ
2893 5008 2993 5081 τὴν
3009 5010 3315 5080 φιλοξενίαν
3330 5013 3392 5067 τὸ
3406 5014 3506 5085 τῆς
3530 5032 3637 5070 οω-

2058 5099 2333 5172 φροσύνης
2364 5093 2640 5166 ἐγκώμιον
2666 5093 2986 5163 ὑπετέμετο,
3018 5093 3136 5148 ἀλλ’
3163 5095 3457 5167 ὀλόκληρον
3513 5098 3637 5152 ἐκα-

2054 5182 2219 5255 τέραν
2239 5179 2553 5245 ἐπεδείξατο
2566 5176 2664 5250 τὴν
2686 5176 2989 5250 ἀρετὴν,τῴ
3013 5178 3110 5247 μὲν
3123 5180 3409 5249 ἀναμεῖναι
3435 5179 3532 5253 τὴν
3558 5183 3637 5237 αῖ-

2053 5282 2213 5339 τησιν
2227 5265 2326 5337 τὴν
2340 5260 2696 5335 σωφροσύνην
2708 5259 3153 5332 ἐπιδεικνυμένη,
3172 5260 3249 5333 τῷ
3259 5261 3315 5316 δὲ
3330 5267 3635 5336 παρασχεῖν

2057 5347 2196 5419 μετά
2209 5348 2307 5421 τὴν
2328 5346 2543 5418 αι’τησιν
2567 5343 2664 5416 τὴν
2686 5343 2994 5415 φιλοξενίαν
3021 5343 3121 5418 τὴν
3143 5345 3368 5415 ἄφατον.
3394 5347 3503 5401 Καὶ
3525 5346 3633 5419 γὰρ

2052 5432 2260 5501 άφάτου
2278 5429 2583 5501 φιλοξενίας
2599 5423 2689 5500 ἦν,
2714 5426 2774 5481 τὸ
2798 5427 2871 5498 μὴ
2896 5426 3056 5497 μόνον
3083 5427 3219 5498 ὅπερ
3239 5429 3409 5500 ᾔτησε
3424 5429 3631 5493 δοῦναι,

2053 5513 2190 5568 άλλά
2223 5514 2318 5569 καὶ
2355 5512 2517 5566 πλέον
2544 5529 2598 5565 τι
2628 5511 2934 5581 παρασχεῖν
2964 5508 3075 5562 τῶν
3106 5509 3457 5580 αἰτηθέντων.
3487 5512 3550 5566 Εἰ
3574 5511 3632 5567 δὲ

2054 5597 2199 5669 ὕδωρ
2222 5591 2289 5668 ἦν
2316 5597 2378 5649 τὸ
2406 5595 2702 5665 διδόμενον,
2730 5590 2921 5645 τούτου
2948 5592 3113 5662 κυρία
3136 5588 3205 5664 ἦν
3231 5592 3374 5647 τότε.
3407 5595 3548 5659 Τοὺς
3573 5595 3633 5651 δέ

2052 5679 2361 5748 φιλοξένους
2390 5679 2494 5733 οὐκ
2524 5677 2632 5732 ἀπὸ
2661 5678 2761 5748 τῆς
2789 5674 3140 5739 πολυτελείας
3176 5677 3288 5732 τῶν
3311 5678 3631 5751 διδομένων,

2053 5755 2168 5821 ἀλλ’
2199 5761 2308 5817 ἀπὸ
2323 5762 2421 5834 τῆς
2441 5761 2745 5834 δυνάμεως,
2764 5754 2831 5832 ἧς
2858 5764 3178 5834 παρέχουσι,
3205 5762 3412 5833 κρίνειν
3434 5752 3633 5822 εἰώθαέ
3668 5794 3673 5801 -

3145 5868 3220 5930 15
