4110 6198
431 293 535 348 237

431 407 555 463 lisse
582 409 704 479 plus
733 418 1002 486 omnibus,
1033 422 1154 490 quia
1189 432 1354 478 totum
1385 427 1525 495 quod
1559 429 1738 484 habuit
1765 432 2012 502 conjece-

429 505 510 551 rat
540 499 753 570 (Matth.
777 507 864 560 to.
893 508 998 575 42;
1025 509 1150 566 Luc.
1179 512 1434 586 21.2-4).
1461 517 1548 572 Sic
1572 528 1627 574 et
1660 520 1756 575 ista
1807 499 1888 576 his
1914 524 2011 577 bo-

429 603 556 643 num
597 591 745 646 illum
782 597 953 651 virum
994 603 1204 671 excepit
1249 605 1440 670 xeniis,
1482 624 1600 676 quae
1638 610 1748 664 sola
1795 620 1903 665 tum
1943 615 2008 668 ad

427 694 641 734 manum
687 683 927 741 aderant.
967 688 1077 745 Nec
1117 702 1317 749 temere
1344 695 1581 752 additum
1611 709 1692 753 est
1715 741 1730 762 ,
1762 702 1900 770 quod
1934 703 2008 756 fe-

424 769 628 824 stinans
651 776 908 841 cucurrit,
939 787 994 832 et
1021 780 1236 849 similia,
1264 785 1358 840 sed
1389 796 1447 840 ut
1475 787 1738 859 intelligas
1764 806 1880 846 eam
1907 793 2010 847 ala-

423 861 588 914 criter
615 864 801 920 fecisse
827 870 1003 923 omnia
1026 912 1040 934 ,
1069 888 1174 927 non
1204 892 1346 945 aegre
1389 893 1452 932 ac
1475 882 1731 948 gravatim
1751 923 1764 946 ,
1797 899 1894 937 nec
1922 885 2006 938 in-

423 950 584 1005 vitam
625 966 679 1008 et
726 968 927 1013 coactae
966 962 1214 1018 similem.
1244 966 1313 1020 Et
1355 983 1423 1023 ne
1474 969 1526 1024 id
1575 986 1795 1039 parvum
1823 985 2000 1044 putes,

421 1055 568 1113 smpe
595 1044 824 1114 aliquem
855 1060 1263 1118 prmtercuntem
1293 1060 1614 1130 rogavimus,
1645 1072 1702 1117 ut
1734 1066 2003 1136 paulisper

417 1133 640 1200 gradum
677 1137 923 1204 sisteret,
950 1146 1338 1217 summissaque
1372 1166 1466 1205 sua
1503 1151 1617 1208 lace
1647 1166 1880 1212 nostram
1911 1173 2003 1215 ac-

416 1225 689 1294 conderet,
714 1242 804 1284 aut
826 1248 854 1286 a
882 1233 1154 1304 bajulante
1174 1254 1361 1310 aquam
1384 1245 1632 1312 petiimus
1651 1257 1709 1302 ut
1733 1251 1997 1305 modicum

419 1314 540 1370 inde
564 1316 747 1374 bibere
776 1321 962 1379 liceret
994 1344 1006 1380 :
1037 1343 1134 1383 nec
1163 1329 1213 1384 id
1244 1330 1419 1388 facere
1444 1338 1725 1404 sustinuit,
1755 1339 1849 1394 scd
1882 1342 1999 1396 tulit

415 1408 677 1472 graviter:
701 1409 815 1467 luce
842 1424 1019 1470 autem
1045 1434 1152 1473 non
1183 1423 1344 1477 modo
1371 1427 1636 1482 summisit
1655 1429 1703 1482 ei
1730 1429 1993 1501 hydriam,

413 1497 505 1550 sed
524 1501 742 1556 cannulis
757 1504 916 1558 etiam
935 1510 1180 1564 omnibus
1193 1528 1381 1583 aquam
1403 1515 1577 1571 hausit
1590 1518 1806 1585 all‘atim,
1831 1522 1994 1578 labori

414 1603 517 1642 non
551 1607 794 1661 parcens,
819 1606 874 1651 et
892 1614 991 1654 suo
1016 1615 1240 1672 corpore
1266 1607 1606 1678 hospitalitati
1629 1615 1851 1668 comiter
1871 1617 1995 1671 sub-

409 1681 650 1734 serviens
681 1701 694 1736 :
729 1700 834 1740 non
860 1689 1005 1744 enim
1035 1690 1232 1748 factum
1259 1695 1360 1752 hoc
1389 1701 1592 1768 solum,
1623 1719 1804 1758 verum
1828 1708 1990 1764 etiam

407 1768 656 1826 alacritas
699 1774 947 1841 adjuncta
973 1782 1219 1838 virtutem
1249 1788 1436 1856 puella:
1474 1791 1707 1860 indicat,
1731 1813 1850 1864 qua:
1889 1798 1990 1852 ho-

406 1856 603 1913 minem
641 1861 876 1930 ignotum
923 1877 978 1923 et
1009 1879 1117 1926 tum
1156 1877 1383 1943 primum
1419 1881 1590 1936 visunt
1634 1895 1789 1940 vocat
1813 1887 1988 1943 domi-

406 1959 553 2002 num.
588 1950 646 2004 Et
688 1954 825 2008 sicut
854 1957 1190 2018 Abrahamus
1230 1966 1396 2036 ipsius
1426 1984 1581 2028 socer
1605 1987 1989 2044 prartereuntes

404 2051 510 2092 non
539 2040 846 2114 interrogat,
879 2053 1094 2119 quinam
1129 2056 1235 2110 sint
1270 2069 1322 2112 et
1358 2061 1583 2130 cujates,
1605 2040 1786 2136 quove
1811 2068 1912 2124 iter
1934 2079 1988 2125 et

403 2128 542 2183 unde
582 2132 812 2200 faciant,
842 2140 937 2194 sed
985 2143 1300 2213 simpliciter
1343 2128 1688 2221 hospitalitati
1726 2158 1818 2213 dat
1850 2175 1983 2230 ope-

399 2233 512 2273 ram
543 2237 557 2274 :
585 2223 653 2277 ita
679 2235 732 2279 et
756 2226 870 2283 haec
892 2246 996 2286 non
1023 2237 1343 2304 sciscitatur,
1361 2241 1480 2310 quis
1508 2258 1570 2298 es
1591 2254 1645 2300 et
1672 2249 1812 2304 unde
1832 2250 1856 2303 ?
1875 2266 1980 2321 qua

399 2307 468 2364 de
495 2325 654 2368 causa
698 2319 890 2374 venis?
931 2323 1024 2377 sed
1070 2325 1439 2396 hospitalitatis
1463 2350 1592 2405 opes
1621 2352 1978 2411 congregans,

397 2423 505 2462 non
531 2414 612 2465 est
629 2409 833 2471 curiosa
856 2421 1189 2479 exterarum.
1217 2419 1424 2484 Etenim
1450 2409 1805 2502 gemmarii’et
1824 2409 1982 2493 imm-

395 2501 604 2556 mularii
646 2505 747 2561 hoc
786 2524 948 2565 unum
977 2524 1206 2586 curant,
1242 2529 1300 2574 ut
1343 2501 1546 2578 lucrum
1574 2527 1787 2596 Capiant
1821 2545 1886 2588 ex
1915 2532 1980 2588 iis

395 2610 516 2648 cum
548 2597 738 2665 quibus
766 2605 1135 2673 negotiantur,
1175 2625 1358 2679 parum
1388 2616 1597 2671 solliciti
1630 2619 1815 2688 quales
1857 2630 1978 2676 tan-

394 2683 516 2738 dem
549 2686 622 2740 illi
650 2688 758 2744 sint
788 2708 802 2744 :
836 2693 914 2748 sic
940 2694 1056 2751 haec
1080 2699 1252 2755 solum
1284 2703 1334 2756 id
1362 2706 1585 2774 quaerit,
1617 2718 1672 2763 ut
1697 2709 1976 2780 hospitali-

394 2776 518 2830 tatis
562 2779 788 2835 fructum
816 2786 1022 2854 capiat,
1052 2797 1214 2860 utque
1241 2793 1467 2850 solidam
1499 2797 1626 2866 ejus
1673 2803 1973 2859 mercedem

397 2867 672 2936 percipiat.
709 2871 851 2929 Bene
891 2877 1094 2933 sciebat
1134 2881 1395 2951 hospitem
1440 2888 1671 2944 maxime
1715 2906 1975 2949 verecun-

390 2958 515 3012 dum
537 2975 677 3027 esse,
708 2964 931 3036 ideoque
959 2985 1200 3041 magnam
1225 2974 1274 3029 ei
1296 2977 1599 3034 comitatem
1620 2983 1971 3041 exhibendam

387 3062 509 3104 esse
547 3060 600 3105 et
628 3054 941 3111 modestiam
983 3076 1089 3115 non
1115 3065 1380 3120 curiosam
1412 3086 1425 3121 :
1457 3070 1597 3138 quod
1626 3073 1670 3126 si
1704 3072 1772 3129 de
1815 3076 1972 3132 rebus

389 3138 505 3207 ejus
559 3156 932 3211 percontemur
995 3151 1316 3221 immodice,
1353 3160 1688 3229 tergiversari
1743 3180 1862 3220 eum
1917 3181 1973 3224 et

389 3234 644 3298 gravatim
674 3237 953 3294 accedere.
984 3239 1320 3315 Quapropter
1343 3263 1516 3319 neque
1541 3249 1657 3307 haec
1679 3268 1739 3310 se
1773 3256 1841 3310 ita
1878 3275 1970 3328 ge-

389 3321 459 3375 rit
497 3338 620 3393 erga
660 3327 840 3396 illum,
870 3347 1042 3402 neque
1081 3336 1197 3405 ejus
1236 3353 1390 3394 socer
1413 3342 1680 3399 Abraham
1709 3363 1833 3418 erga
1873 3350 1971 3405 ho-

388 3414 583 3483 spites,
614 3436 680 3473 ne
713 3421 791 3476 sic
838 3427 1171 3483 venationem
1213 3446 1364 3486 suam
1388 3433 1683 3494 absterreat
1709 3455 1722 3492 :
1753 3442 1846 3496 sed
1871 3459 1968 3498 cu-

388 3506 515 3559 ratis
558 3517 986 3576 pra-tereuntium
1031 3523 1344 3592 corporibus
1396 3536 1450 3582 et
1497 3527 1824 3602 obsequuhns
1868 3551 1966 3594 suo

384 3597 583 3664 animo,
613 3602 690 3656 sic
717 3619 810 3659 eos
837 3606 1070 3664 dimittit.

455 3687 508 3743 8.
552 3690 664 3746 llne
715 3705 869 3763 pacto
920 3701 1080 3756 etiam
1136 3706 1354 3776 angelos
1394 3710 1678 3780 aliquando
1720 3719 1961 3789 excepit,

382 3778 521 3834 circa
552 3799 682 3848 quos
711 3785 755 3838 si
779 3787 964 3844 fuisset
985 3793 1277 3862 curiosior,
1301 3815 1406 3854 non
1429 3817 1615 3870 parum
1644 3805 1962 3864 decessisset

383 3875 614 3928 mercedi
639 3877 755 3944 ejus
781 3879 972 3938 debita:
995 3883 1143 3957 (Gen.
1173 3889 1282 3956 18).
1315 3893 1654 3952 Admiramur
1673 3901 1812 3955 enim
1839 3917 1959 3957 eum

383 3977 486 4016 non
513 3967 654 4034 quod
682 3975 954 4040 exceperit
979 3979 1199 4047 angelos
1221 4022 1234 4044 ,
1264 3983 1356 4038 sed
1395 3986 1536 4056 quod
1575 3992 1816 4047 nesciens
1841 4009 1962 4050 esse

380 4055 629 4121 angelos,
657 4064 951 4131 exceperit.
985 4065 1093 4122 Nec
1132 4070 1271 4125 enim
1314 4055 1610 4131 mirandum
1653 4081 1695 4134 si
1729 4083 1960 4150 prudens

378 4157 440 4195 ac
483 4145 658 4201 sciens
715 4159 992 4210 tractasset
1033 4173 1129 4213 eos
1170 4163 1392 4220 cmniter
1416 4207 1429 4228 .
1463 4184 1686 4237 quorum
1732 4173 1960 4245 dignitas

378 4239 716 4300 quantumvis
747 4240 977 4300 humane
1020 4257 1204 4316 pectus
1230 4267 1292 4306 ac
1318 4269 1536 4312 saxeum
1558 4261 1625 4314 ad
1653 4261 1954 4321 humanita-

381 4335 486 4379 tem
512 4327 992 4406 benignitatemque
1015 4352 1192 4408 posset
1218 4359 1408 4415 cogere
1437 4366 1452 4404 :
1479 4350 1572 4405 scd
1600 4351 1700 4409 hoc
1719 4368 1958 4413 meretur

375 4417 816 4490 admirationem,
847 4427 990 4497 quod
1017 4432 1248 4488 viatores
1291 4437 1528 4508 vulgares
1561 4453 1706 4500 ratus
1751 4455 1953 4504 tantum

379 4503 599 4565 honoris
621 4513 699 4567 eis
723 4514 926 4574 habuit.
958 4519 1100 4575 Talis
1127 4535 1240 4578 erat
1269 4503 1656 4601 hzecvquoque:
1684 4540 1956 4594 nesciebat

377 4596 645 4656 hominem
676 4607 917 4673 quisnam
947 4621 1110 4678 esset,
1137 4625 1226 4668 aut
1253 4631 1471 4672 curnam
1499 4623 1752 4691 venisset,
1782 4643 1954 4699 neque

376 4690 513 4758 quod
541 4695 920 4753 conciliaturus
945 4713 1088 4757 esset
1117 4704 1281 4773 ipsius
1310 4710 1548 4779 nuptias,
1576 4714 1668 4768 sed
1695 4718 1950 4776 viatorem

374 4794 537 4836 unum
564 4783 793 4856 aliquem
825 4791 1042 4859 putabat
1084 4803 1140 4850 et
1176 4795 1462 4868 hospitem.
1493 4801 1697 4859 Idcirco
1742 4809 1955 4867 uberior

372 4872 422 4925 ei
459 4871 832 4945 hospitalitatis
861 4897 1066 4939 merces
1093 4889 1384 4959 contingit,
1410 4893 1549 4964 quod
1577 4897 1748 4952 modis
1773 4903 1949 4954 omni-

373 4959 472 5016 bus
499 4965 732 5032 ignotum
764 4978 907 5026 unita
936 4987 1255 5046 prosequuta
1283 4980 1352 5034 sit
1390 4959 1755 5042 benevolentia
1775 5031 1790 5054 ,
1832 5007 1950 5046 ser-

373 5063 495 5108 vata
537 5057 745 5114 interim
772 5072 826 5116 et
864 5065 1144 5122 modestia.
1173 5068 1353 5140 Neque
1381 5075 1522 5128 enim
1554 5076 1754 5135 effrena
1785 5089 1950 5138 teme-

371 5143 560 5213 ritate,
605 5166 777 5220 neque
823 5153 926 5208 vim
968 5156 1199 5212 aﬂ'crcns
1244 5171 1333 5216 aut
1369 5167 1819 5225 stomachabunda
1848 5171 1950 5228 hoc

371 5235 629 5304 faciebat,
657 5242 750 5296 sed
794 5259 914 5298 cum
950 5245 1147 5303 decoro
1187 5250 1257 5305 ita
1285 5262 1341 5306 ut
1371 5269 1464 5323 par
1491 5265 1627 5312 erat.
1666 5259 1776 5316 lloc
1805 5263 1945 5318 enim

371 5328 542 5396 ipsmn
575 5331 747 5388 Moses
785 5336 1078 5394 subindicat
1131 5341 1212 5396 his
1254 5346 1468 5402 verbis:
1498 5347 1599 5403 Ille
1625 5363 1792 5407 autem
1821 5371 1943 5410 eon-

369 5419 706 5488 templabatur
739 5441 851 5480 eam
879 5429 1059 5484 tacitus
1077 5470 1093 5494 .
1117 5433 1244 5487 seire
1266 5437 1435 5490 uolens
1464 5448 1630 5493 utrum
1652 5458 1945 5514 prosperum

368 5508 464 5561 iter
501 5527 646 5566 suam
692 5518 887 5584 fecisset
918 5518 1163 5578 Dominus
1196 5522 1361 5595 (Gen.
1391 5525 1480 5584 ει.
1513 5529 1628 5601 21).
1652 5508 1789 5602 Quid
1827 5548 1943 5601 est.

366 5602 812 5672 Contemplabatur
826 5611 976 5665 eant?
991 5613 1054 5668 Et
1075 5611 1333 5682 habitum,
1351 5626 1404 5673 ct
1423 5617 1708 5688 incessum,
1727 5634 1781 5680 et
1801 5639 1947 5697 aspe

367 5702 532 5757 ctum,
557 5705 612 5754 ct
637 5700 816 5764 verba,
840 5702 1015 5757 omnia
1037 5703 1262 5775 denique
1282 5707 1563 5782 diligenter
1582 5715 1937 5781 examinabat,

1406 312 1673 380 QUALES
1713 317 2054 375 DUCENDrE
2094 322 2246 379 SINT
2289 325 2579 386 UXORES.
2622 332 2708 388 ΙΙΙ.

3594 357 3697 415 2311

2122 451 2188 490 ex
2235 444 2474 510 corporis
2515 447 2754 514 gestibus
2804 449 3164 513 habitudinem
3215 463 3377 520 animi
3421 468 3693 541 colligens.

2119 526 2226 583 Nec
2252 529 2335 585 bis
2373 545 2684 605 contentus,
2730 542 2953 600 alterum
2997 552 3421 618 experimentum
3454 526 3689 620 adhibet.

2115 621 2351 691 Accepto
2389 627 2531 681 enim
2575 631 2644 685 ab
2677 648 2737 687 ea
2779 646 2904 704 potu
2953 655 3060 695 non
3089 642 3329 712 destitit,
3361 652 3454 706 sed
3505 669 3693 726 rogare

2116 712 2282 779 pergit
2306 729 2319 764 :
2348 712 2506 785 Cujus
2533 735 2584 773 es
2604 721 2746 789 ﬁlia,
2785 726 2956 782 indica
2984 732 3109 785 mihi
3133 749 3154 787 :
3178 745 3314 791 estne
3340 742 3392 794 in
3421 712 3690 816 domovpa:

2112 802 2202 854 tris
2224 805 2296 856 tui
2319 804 2459 861 locus
2485 826 2582 878 quo
2612 816 2800 881 possim
2829 817 3073 876 divertere
3106 825 3259 895 (Gen.
3281 830 3371 885 24.
3397 833 3530 904 23)?
3551 802 3686 904 Quid

2109 890 2198 946 illa
2223 894 2289 948 ad
2320 896 2474 952 iure?
2497 901 2763 961 Patienter
2788 925 2850 964 ac
2881 926 3154 971 mansuete
3179 934 3334 975 suum
3366 933 3566 994 patrem
3603 931 3686 993 in:

2107 980 2272 1039 dicat.
2302 986 2416 1042 Non
2449 989 2580 1046 dixit
2611 993 3001 1064 indignabunda
3029 1022 3043 1057 :
3075 1006 3152 1060 Tu
3189 1024 3316 1064 vero
3341 980 3460 1082 quis
3491 980 3684 1075 estan

2106 1078 2348 1134 curiosus
2390 1094 2727 1149 percontator
2768 1089 2927 1146 etiam
2965 1095 3034 1150 de
3076 1101 3272 1156 nostris
3299 1104 3538 1175 :edibus;
3588 1114 3682 1166 sed

2103 1165 2270 1234 quid?
2297 1167 2436 1223 Filia
2459 1190 2570 1226 sum
2597 1175 2854 1234 Bal/melis
2879 1183 2975 1252 ﬁlii
3009 1185 3241 1249 Metella.
3270 1209 3415 1263 quem
3452 1165 3682 1255 Ndrhori

2103 1259 2313 1326 peperit.
2353 1260 2629 1320 Palearnm
2667 1285 2863 1341 quoque
2886 1283 2930 1327 et
2955 1278 3076 1347 {mni
3104 1282 3242 1349 apud
3277 1259 3368 1338 nos
3393 1296 3464 1340 est
3506 1289 3679 1360 copia,

2101 1357 2146 1400 et
2190 1350 2330 1406 locus
2367 1355 2436 1407 ad
2477 1358 2821 1416 diuertendum
2855 1366 2872 1435 (
2897 1364 2977 1421 Ib.
3007 1386 3056 1422 υ.
3101 1371 3190 1426 24.
3219 1373 3332 1444 25).
3362 1376 3510 1433 Sicut
3557 1350 3680 1436 ante

2099 1454 2288 1510 aquam
2331 1449 2527 1513 petenti
2559 1450 2834 1522 plusquam
2863 1471 3103 1527 posceret
3141 1463 3330 1520 obtulit
3360 1483 3374 1520 :
3407 1484 3526 1523 nam
3553 1486 3673 1526 cum

2099 1532 2190 1587 ille
2215 1545 2396 1601 potum
2423 1540 2522 1594 sibi
2545 1544 2642 1598 soli
2676 1547 2932 1615 petiisset,
2962 1553 3122 1607 etiam
3147 1557 3362 1612 camelis
3391 1574 3450 1614 se
3481 1561 3675 1630 praebi-

2099 1633 2268 1680 turam
2299 1639 2381 1684 est
2420 1633 2655 1702 pollicita
2676 1678 2690 1700 ,
2717 1648 2772 1692 et
2800 1643 2976 1711 utique
3003 1645 3224 1714 pra:buit
3252 1665 3267 1703 :
3297 1650 3374 1706 sic
3397 1653 3555 1708 etiam
3588 1655 3674 1710 hic

2095 1718 2383 1785 requirenti
2406 1729 2768 1782 tantummodo
2787 1729 3154 1799 diversorium,
3180 1738 3396 1808 insuper
3417 1741 3484 1796 de
3509 1746 3674 1813 paleis

2093 1818 2156 1858 ac
2183 1805 2326 1862 faeno
2362 1815 2651 1881 prospicit,
2683 1817 2856 1887 deque
2893 1822 3009 1875 aliis
3043 1826 3256 1890 multis,
3285 1830 3525 1886 alliciens
3549 1849 3669 1888 eum

2093 1891 2176 1947 his
2201 1899 2470 1966 omnibus,
2499 1911 2552 1957 et
2587 1903 2804 1960 domum
2837 1910 3151 1977 pertrahens
3174 1957 3189 1980 ,
3219 1925 3275 1971 ut
3301 1918 3670 1988 hospitalitatis

2091 1981 2317 2042 fructum
2346 2000 2398 2044 et
2428 1995 2726 2051 mercedem
2753 2001 2943 2068 capiat.
2977 2003 3099 2059 llzec
3125 2016 3301 2064 autem
3342 1981 3444 2065 non
3474 2013 3664 2075 obiter.

2090 2089 2260 2145 neque
2299 2080 2627 2152 negligenter
2646 2088 2942 2157 audiamus,
2973 2093 3066 2149 sed
3106 2099 3466 2170 nosmetipsos
3491 2108 3668 2159 consi-

2087 2162 2368 2234 derantes,
2398 2170 2464 2225 ad
2508 2171 2611 2229 hoc
2650 2180 2951 2249 exemplum
2992 2184 3330 2244 conferamus
3361 2208 3376 2246 :
3407 2193 3486 2248 sic
3521 2194 3662 2249 enim

2089 2256 2444 2329 intelligemus
2463 2265 2712 2324 virtutem
2739 2270 2895 2342 hujus
2915 2273 3146 2332 feminae.
3174 2278 3549 2350 Saepenumero
3568 2301 3664 2340 no-

2087 2355 2168 2402 tos
2204 2349 2409 2419 aliquos
2449 2363 2502 2410 et
2529 2361 2856 2417 necessarios
2885 2365 3208 2436 excipientes
3234 2387 3374 2441 aegre
3401 2371 3621 2430 ferimus
3644 2417 3658 2439 ,

2082 2449 2135 2498 et
2157 2456 2460 2517 gravamur,
2488 2451 2533 2506 si
2564 2467 2726 2510 unum
2767 2467 2858 2512 aut
2895 2457 3121 2516 alterum
3167 2463 3306 2519 diem
3348 2471 3658 2524 commorati

2081 2533 2280 2593 fuerint
2308 2555 2323 2605 ;
2357 2538 2472 2596 haec
2499 2552 2676 2601 autem
2702 2545 2938 2617 ignotum
2961 2560 3014 2605 et
3035 2551 3296 2623 hospitem
3331 2571 3516 2628 magna
3544 2559 3658 2614 ala-

2080 2630 2270 2686 critate
2297 2630 2513 2688 domum
2567 2638 2858 2706 pertraxit,
2904 2643 3203 2711 prmsertim
3242 2659 3364 2700 eum
3408 2662 3514 2702 non
3559 2649 3659 2720 ipsi

2079 2722 2178 2774 Soli
2203 2763 2218 2788 ,
2240 2723 2334 2779 sed
2367 2733 2444 2780 tot
2466 2727 2688 2783 camelis
2714 2729 2873 2785 etiam
2893 2731 3107 2789 oﬂ‘erret
3133 2749 3314 2790 curam
3337 2745 3394 2792 et
3417 2738 3659 2795 ministe-

2078 2813 2236 2867 rium.
2265 2815 2548 2888 Postquam
2591 2828 2768 2876 autem
2823 2822 3178 2894 introgressus
3222 2837 3306 2882 est
3348 2827 3654 2899 hospitium,

2070 2902 2180 2972 jam
2204 2906 2369 2976 magis
2395 2909 2674 2964 considera
2700 2912 2839 2966 servi
2862 2914 3214 2982 prudentiam.
3239 2918 3491 2989 Apposita
3513 2921 3654 2976 enim

2076 3009 2256 3049 mensa
2277 3037 2291 3061 ,
2319 2997 2506 3069 inquit,
2537 2999 2658 3055 Non
2692 3003 2834 3068 prius
2860 3003 3025 3059 cibum
3056 3006 3254 3076 capiam
3287 3026 3437 3075 quam
3479 3011 3657 3082 loquar

2074 3086 2219 3140 verba
2240 3105 2351 3142 mea
2379 3089 2528 3157 (Gen.
2561 3091 2652 3147 24.
2677 3094 2790 3164 35).
2819 3093 2954 3152 Vide
2980 3112 3138 3167 quam
3171 3100 3394 3170 vigilans
3417 3102 3573 3157 fuerit
3601 3116 3654 3158 et

2071 3177 2282 3232 sobrius
2297 3179 2320 3232 ?

2143 3267 2420 3322 Abrahami
2445 3272 2681 3342 potentia.
2710 3273 2835 3330 Cum
2869 3287 3059 3346 quanta
3101 3281 3346 3350 sapientia
3385 3299 3418 3335 a
3457 3284 3655 3353 famulo

2070 3355 2320 3412 laudetur.
2374 3359 2478 3415 Deo
2524 3364 2728 3431 auspice
2765 3382 2878 3431 qua
2918 3368 3049 3437 fiunt
3087 3370 3208 3424 bene
3248 3373 3538 3427 succedtmt.
3577 3405 3650 3417 -ο

2073 3447 2272 3504 Deinde
2301 3460 2580 3522 postquam
2611 3457 2924 3523 permissum
2951 3468 3034 3514 est
3055 3459 3106 3516 ei
3130 3461 3308 3517 dicere
3331 3505 3346 3530 ,
3375 3465 3646 3520 videamus

2068 3539 2334 3607 quomodo
2358 3542 2474 3596 illos
2495 3544 2798 3616 alloquitur.
2817 3547 2952 3603 Num
2976 3550 3075 3605 ista
3093 3553 3251 3607 verba
3275 3553 3340 3608 ad
3361 3569 3456 3610 eos
3478 3555 3644 3616 dixit:

2069 3627 2262 3684 llerum
2289 3645 2348 3686 se
2372 3632 2569 3690 habere
2594 3635 2853 3693 illustrem
2879 3647 2932 3695 et
2959 3641 3312 3712 Splendidum,
3333 3645 3644 3705 honoratmn

2068 3719 2134 3774 ab
2159 3723 2426 3790 omnibus,
2452 3725 2622 3782 virum
2649 3745 2854 3800 magna:
2879 3735 3208 3790 auctoritatis
3230 3737 3368 3806 apud
3393 3741 3536 3796 cives
3556 3759 3643 3797 re-

2065 3810 2240 3879 gionis
2262 3852 2276 3875 ,
2309 3812 2360 3867 in
2386 3830 2489 3885 qua
2518 3827 2625 3870 tum
2655 3818 2912 3890 degeret?
2937 3822 3168 3879 Tametsi
3201 3837 3438 3896 poterat,
3469 3833 3514 3886 si
3546 3849 3642 3887 vo-

2070 3901 2292 3970 luisset,
2329 3905 2442 3961 hmc
2468 3923 2592 3963 vere
2615 3910 2794 3966 dicere
2821 3929 2834 3964 :
2867 3915 3063 3969 etenim
3089 3925 3352 3987 tamquam
3382 3935 3468 3975 res
3493 3924 3641 3980 cole-

2065 3993 2219 4048 batur
2245 3995 2313 4048 ab
2335 3996 2452 4065 ejus
2475 3999 2704 4055 nationis
2736 4001 3053 4060 hominibus.
3097 4006 3343 4064 Attamen
3380 4013 3507 4067 nihil
3540 4015 3641 4071 ho-

2063 4100 2178 4140 rum
2206 4087 2377 4154 dixit,
2408 4089 2502 4145 sed
2531 4094 2742 4148 omissis
2773 4095 2905 4162 istis,
2931 4111 3052 4166 qute
3080 4099 3219 4169 apud
3248 4100 3494 4160 homines
3515 4119 3640 4163 sunt

2063 4177 2115 4233 in
2141 4181 2328 4249 pretio,
2351 4197 2380 4236 a
2403 4184 2584 4238 divino
2609 4201 2729 4240 eum
2761 4186 2938 4244 favore
2962 4192 3301 4249 commendat
3325 4194 3408 4252 his
3431 4198 3639 4255 verbis:

2065 4267 2176 4340 Ego
2204 4270 2428 4328 Abraluz
2462 4291 2651 4330 smus.
2701 4277 2942 4332 Dominus
2988 4281 3238 4338 benedixit
3283 4285 3487 4342 domino
3531 4305 3640 4344 meo

2061 4360 2226 4429 valde,
2253 4363 2596 4436 exaltatusque
2621 4376 2710 4429 est,
2741 4379 2785 4421 et
2814 4369 2950 4423 dedit
2975 4372 3021 4424 ei
3048 4389 3162 4426 oves
3190 4383 3238 4428 et
3264 4375 3430 4443 bores,
3457 4395 3641 4449 argen-

2061 4460 2162 4504 tum
2186 4463 2230 4505 et
2259 4469 2438 4508 aurum
2471 4456 2629 4524 (Gen.
2657 4458 2745 4512 24.
2771 4458 2856 4513 54.
2888 4461 2956 4514 35
2979 4461 3019 4530 ).
3052 4462 3268 4519 Divitias
3291 4465 3407 4536 ejus
3435 4483 3639 4523 memo-

2060 4549 2179 4604 rat,
2207 4557 2312 4597 non
2339 4553 2395 4597 ut
2421 4545 2728 4614 epulentum
2753 4589 2768 4614 ,
2799 4548 2890 4604 sed
2930 4560 2988 4604 ut
3023 4551 3166 4621 pium
3197 4568 3315 4609 esse
3343 4557 3592 4612 ostendat
3617 4600 3630 4622 ,

2062 4631 2161 4684 hoc
2187 4634 2399 4688 nomine
2425 4635 2644 4692 laudans
2671 4638 2814 4708 quod
2842 4655 2870 4694 a
2917 4641 3026 4696 Deo
3052 4641 3165 4698 haec
3192 4647 3497 4715 acceperit,
3529 4665 3637 4704 non

2057 4721 2198 4790 quod
2229 4731 2488 4778 tantarum
2519 4742 2697 4781 rerum
2738 4729 2810 4783 sit
2846 4730 3117 4787 dominus.
3161 4734 3360 4793 Deinde
3403 4738 3638 4809 loquitur

2057 4813 2121 4866 de
2148 4827 2346 4881 sponso
2375 4831 2390 4866 :
2419 4814 2485 4868 Et
2506 4818 2696 4886 peperit
2735 4817 2896 4883 Sara,
2949 4838 3078 4876 uxor
3101 4823 3292 4880 domini
3321 4828 3449 4892 mei,
3474 4830 3636 4895 ﬁlium

2055 4905 2258 4958 domino
2285 4923 2392 4960 meo
2409 4909 2521 4976 jam
2547 4909 2654 4963 seni
2677 4909 2833 4980 (Gen.
2859 4913 3093 4986 25.36).
3122 4915 3218 4973 Hic
3239 4929 3293 4973 et
3319 4931 3500 4988 partus
3529 4937 3636 4975 ntu-

2055 4995 2180 5051 dum
2209 4999 2527 5066 subindicat,
2557 5000 2756 5059 docens
2779 5005 2919 5076 quod
2945 5014 2997 5061 et
3027 5017 3209 5077 partus
3229 5009 3278 5062 ei
3304 5010 3478 5064 divina
3509 5027 3636 5080 pro-

2055 5087 2285 5142 videntia
2316 5103 2603 5146 concessus
2641 5093 2751 5161 sit,
2791 5109 2896 5150 non
2935 5107 3136 5153 natura;
3171 5099 3378 5154 ordine.
3407 5099 3546 5167 Ergo
3579 5109 3634 5154 tu

2054 5193 2263 5248 quoque
2292 5178 2404 5236 sive
2437 5196 2714 5251 sponsum,
2742 5184 2854 5239 sive
2879 5201 3125 5253 sponsam
3154 5203 3384 5259 quaeras,
3418 5188 3522 5246 hoc
3544 5190 3631 5246 in-

2053 5268 2204 5337 quire
2241 5279 2365 5325 ante
2411 5273 2628 5340 omnia,
2668 5273 2807 5331 sitne
2849 5277 3050 5332 amicus
3093 5277 3238 5342 Deo,
3296 5293 3364 5333 an
3408 5279 3630 5339 multam

2053 5365 2264 5410 sursum
2295 5351 2534 5409 obtineat
2561 5355 3002 5412 benevolentiam.
3036 5357 3091 5414 Si
3121 5359 3261 5416 enim
3289 5359 3405 5416 haec
3431 5361 3628 5424 adsint.

2051 5453 2438 5515 consequenter
2474 5456 2527 5501 et
2563 5447 2666 5502 alia
2695 5465 2708 5502 :
2737 5450 2819 5504 sin
2856 5461 3032 5505 autem
3069 5450 3274 5517 desint,
3304 5452 3513 5514 etiamsi
3543 5470 3632 5512 res

2054 5534 2320 5591 familiaris
2346 5536 2556 5595 abunde
2582 5547 2856 5610 suppetat,
2885 5539 3018 5597 nihil
3049 5541 3302 5610 proderit.
3336 5544 3537 5603 Deinde
3562 5564 3630 5603 ne

2050 5628 2230 5684 audiat
2248 5629 2315 5686 ab
2339 5631 2436 5692 eis.
2465 5630 2574 5688 Cur
2601 5633 2758 5703 igitur
2781 5633 2976 5688 nullam
3006 5629 3306 5702 indigenam
3329 5638 3380 5693 in
3407 5655 3623 5697 uxorem

2052 5723 2287 5794 accipit?
2321 5723 2580 5790 Adiumrit
2611 5742 2722 5787 me.
2755 5726 2921 5797 inquit
2945 5765 2963 5793 ,
2990 5724 3219 5782 dentium
3253 5747 3397 5788 meus
3423 5735 3624 5799 dicens,
