4110 6198
439 337 548 393 ’259

443 455 558 508 Non
582 456 796 526 accipies
818 469 1022 509 uaorem
1042 454 1150 522 ﬁlio
1172 470 1281 506 mro
1300 470 1363 507 ea:
1380 455 1581 522 ﬁliabus
1598 454 2023 522 Cliannn‘a'orum,

429 549 524 602 sui
547 548 616 603 nd
638 548 843 602 deruunt
869 546 1026 613 patris
1051 562 1145 599 met
1177 546 1515 615 proﬁcisceris
1538 590 1551 610 ,
1584 558 1629 602 et
1656 550 1719 603 de
1751 550 1885 603 tribu
1916 567 2024 602 mea

431 639 648 708 accipies
674 653 883 691 uxorem
912 635 1020 705 [ilio
1045 652 1155 691 meo
1183 637 1334 707 (Gen.
1353 637 1444 693 24.
1466 639 1553 692 57.
1586 640 1699 709 58).
1723 640 1825 695 Sed
1845 657 1911 694 ne
1940 651 2022 695 to-

439 739 545 800 tam
587 727 864 783 historiam
906 727 960 782 in
1006 727 1238 782 medium
1274 728 1558 785 aﬂ’erenles
1598 730 1806 784 molesti
1838 731 2022 785 videa-

431 833 570 880 mur,
602 818 667 871 ad
692 817 849 872 finem
882 825 1236 874 transeamus.
1261 816 1394 875 Cum
1414 819 1557 874 enim
1585 820 1870 883 retulisset,
1894 837 2024 888 quo-

432 913 593 967 modo
635 912 701 966 ad
740 912 938 968 fontem
979 913 1242 966 adstiterit
1268 954 1280 971 .
1327 913 1450 982 quid
1480 929 1509 967 a
1550 914 1719 982 puella
1761 914 2017 981 petierit,

430 1002 699 1071 quomodo
737 1003 828 1059 illa
870 1003 990 1073 plus
1029 1018 1186 1073 quam
1220 1005 1440 1073 petitum
1464 1013 1608 1059 esset
1634 1003 1860 1069 dederit,
1887 1018 2023 1074 quo-

436 1094 596 1149 modo
623 1095 762 1149 Deus
793 1095 1056 1149 mediator
1082 1095 1258 1161 fuerit,
1285 1109 1515 1166 cumque
1538 1095 1716 1150 omnia
1742 1096 2024 1165 diligenter

437 1185 753 1249 nuntiasset,
787 1185 1051 1239 sermonis
1080 1184 1237 1239 finem
1271 1185 1412 1240 fecit.
1441 1185 1535 1240 llis
1557 1187 1807 1240 omnibus
1829 1185 2024 1240 auditis

435 1275 509 1329 illi
557 1292 662 1331 non
706 1277 937 1347 amplius
981 1276 1406 1342 dubitaverunt,
1457 1292 1629 1350 neque
1678 1278 2025 1348 neglexerunt

434 1380 571 1433 rem,
602 1367 693 1421 sed
733 1367 883 1434 quasi
910 1367 1167 1422 divinitus
1196 1368 1428 1423 instincti
1448 1410 1463 1433 ,
1497 1370 1613 1423 sine
1641 1383 1786 1423 mora
1816 1366 1864 1423 ei
1898 1384 2021 1438 pro-

434 1459 700 1513 miserunt
735 1460 918 1513 filiam.
962 1458 1474 1530 Respondentcsquc
1504 1460 1682 1514 Laban
1712 1470 1762 1515 et
1804 1460 2024 1515 Bathuel

435 1549 681 1603 dixerunt
713 1567 727 1604 :
762 1548 1067 1604 Mandatum
1104 1550 1200 1604 hoc
1237 1566 1489 1621 egressum
1530 1563 1600 1604 est
1643 1568 1678 1604 a
1714 1550 1825 1604 Deo
1851 1567 1871 1605 :
1899 1549 2024 1605 Ideo

436 1655 537 1693 non
570 1656 835 1710 possumus
877 1649 978 1695 tute
1021 1641 1347 1711 postulationi
1391 1642 1748 1695 contradicere.
1796 1639 1877 1695 En
1918 1640 2022 1696 Re-

433 1730 580 1783 becca
598 1770 615 1796 ,
643 1730 764 1784 tolle
784 1746 895 1785 eam
919 1739 965 1785 et
995 1746 1233 1801 prepare,
1262 1741 1311 1786 et
1338 1732 1403 1788 sit
1431 1748 1563 1787 uxor
1585 1731 1778 1787 domini
1804 1733 1899 1797 tui,
1929 1734 2026 1788 sic-

435 1826 490 1871 ut
523 1818 756 1889 loquutus
780 1829 853 1875 est
899 1818 1143 1876 Dominus
1175 1819 1342 1892 (Gen.
1370 1822 1461 1877 24.
1488 1823 1579 1878 50.
1605 1823 1666 1877 5|
1692 1821 1732 1893 ).
1762 1822 1892 1891 Quis
1919 1839 2023 1876 non

436 1911 874 1980 obstupesceret?
898 1913 1018 1983 quis
1042 1928 1146 1968 non
1174 1913 1550 1981 admiraretur,
1579 1924 1774 1986 quanta
1803 1916 2027 1986 impedi-

441 2010 618 2057 menta
650 2002 797 2059 brevi
826 2005 1084 2074 temporis
1105 2015 1378 2060 momento
1403 2007 1609 2061 sublata
1634 2007 1784 2062 sint?
1813 2008 2021 2063 Etenim

438 2094 521 2148 vel
547 2095 686 2165 quod
709 2095 905 2166 hospes
924 2106 1062 2164 erat,
1085 2097 1171 2153 vel
1195 2097 1336 2168 quod
1365 2113 1572 2165 servus,
1601 2099 1682 2155 vel
1710 2098 1850 2169 quod
1877 2101 2027 2170 igno-

441 2195 528 2239 tus
550 2226 566 2249 ,
595 2184 678 2241 vel
706 2186 849 2255 quod
878 2186 1097 2258 longum
1122 2195 1269 2243 esset
1295 2188 1502 2244 itineris
1532 2189 1866 2245 intervallum
1891 2230 1907 2255 ,
1940 2190 2023 2246 vel

436 2275 578 2344 quod
607 2291 708 2331 nec
734 2291 911 2343 socer,
945 2292 1044 2334 Itec
1073 2292 1302 2349 sponsus
1325 2319 1342 2345 ,
1382 2294 1556 2350 neque
1583 2280 1719 2336 alius
1742 2296 1807 2336 ex
1838 2297 2023 2337 eorum

439 2369 756 2424 necessariis
797 2379 955 2425 notus
994 2379 1110 2426 erat
1132 2412 1148 2437 ,
1179 2370 1367 2426 borum
1398 2373 1821 2443 unumquodque
1847 2389 1942 2443 per
1964 2389 2026 2430 se

435 2458 567 2514 satis
584 2470 700 2514 erat
721 2460 1109 2530 impedimenti,
1131 2463 1416 2531 quominus
1437 2463 1540 2518 hoc
1562 2464 1883 2519 connubium
1904 2478 2027 2519 suc-

438 2547 658 2604 cederet
692 2567 706 2603 :
737 2558 972 2604 attamen
1000 2550 1114 2606 haec
1140 2553 1389 2608 universa
1417 2551 1592 2608 facilia
1618 2565 1743 2608 sunt
1775 2554 1978 2609 reddita
2003 2594 2019 2621 ,

436 2647 490 2691 et
520 2637 658 2692 haud
688 2654 844 2695 secus
867 2656 1027 2711 quam
1057 2643 1102 2696 si
1134 2651 1291 2699 notus
1321 2654 1486 2709 esset,
1514 2644 1884 2717 babitaretque
1904 2661 2027 2717 pro-

440 2742 504 2795 pe
525 2768 541 2793 ,
570 2738 625 2783 et
654 2739 816 2785 totam
846 2739 1059 2788 aetatem
1089 2748 1211 2788 eum
1241 2735 1322 2790 eis
1349 2745 1591 2792 versatus
1620 2736 1846 2804 fuisset,
1873 2755 2023 2795 com-

434 2819 699 2876 miserunt
720 2834 974 2892 sponsam
996 2823 1114 2895 ejus
1141 2824 1297 2893 fidei,
1325 2825 1426 2882 hac
1452 2826 1522 2882 de
1549 2843 1731 2896 causa,
1759 2831 1900 2901 quod
1929 2846 2018 2886 au~

439 2911 588 2980 spice
619 2912 730 2969 Deo
757 2928 846 2970 res
873 2916 1146 2993 agebatur.
1172 2917 1319 2974 Sicut
1342 2920 1485 2974 enim
1515 2922 1559 2975 si
1589 2921 1716 2990 quid
1741 2937 1807 2976 eo
1835 2938 2022 2993 parum

431 3003 651 3059 favente
676 2990 1069 3077 aggrediamtir,
1091 3010 1298 3066 etiamsi
1315 3012 1493 3067 omnia
1513 3016 1619 3067 sint
1644 3013 1795 3082 plana
1821 2990 1877 3070 et
1898 3013 2025 3070 faci-

441 3096 507 3150 lia
531 3138 546 3159 ,
581 3100 862 3168 voragines
887 3109 942 3156 et
967 3101 1209 3158 salebras
1233 3111 1289 3158 et
1316 3103 1621 3160 innumeras
1650 3105 2022 3163 frustrationes

431 3184 611 3241 obiter
632 3186 953 3244 offendimus
987 3208 1001 3244 :
1029 3190 1109 3246 sic
1136 3191 1320 3248 eodem
1348 3207 1610 3264 praesente
1635 3204 1689 3250 et
1718 3195 2021 3266 adiuvante,

434 3274 557 3330 licet
581 3278 758 3332 omnia
786 3294 905 3349 qua:
934 3279 1192 3338 habemus
1215 3296 1326 3352 pra:
1355 3285 1598 3339 manibus
1616 3324 1634 3352 ,
1661 3284 1770 3339 sint
1795 3284 2023 3356 impedi-

433 3364 671 3432 tissima,
705 3370 858 3439 plana
889 3370 1022 3427 fiunt
1046 3382 1102 3428 et
1139 3371 1336 3429 facilia.
1372 3374 1512 3430 Nihil
1554 3377 1713 3447 igitur
1741 3377 1825 3434 vel
1855 3379 2019 3433 facia-

438 3472 577 3519 mus.
608 3460 687 3514 vel
716 3461 986 3527 dicamus,
1019 3464 1119 3518 nisi
1148 3465 1392 3522 invocato
1415 3467 1664 3535 Numine,
1693 3479 1749 3524 ut
1781 3486 1866 3525 res
1889 3486 2024 3541 quas

436 3556 727 3604 tractamus
753 3552 979 3621 dirigat,
1009 3564 1065 3607 ut
1091 3554 1181 3610 ille
1205 3553 1351 3610 fecit.

506 3638 560 3693 9.
600 3639 754 3695 Nunc
815 3643 1109 3707 videamus,
1160 3656 1440 3717 postquam
1485 3665 1604 3704 cam
1645 3652 1871 3721 accepit,
1915 3667 2022 3721 quo

434 3738 592 3798 pacto
625 3730 850 3787 adornet
882 3734 1111 3803 nuptias.
1154 3736 1290 3792 Nunt
1322 3740 1584 3809 cymbala,
1625 3742 1851 3808 fistulas,
1891 3743 2022 3798 cbo-

434 3834 576 3887 reas,
610 3829 881 3893 tympana,
912 3825 1067 3880 tibias
1109 3842 1290 3883 secum
1329 3831 1507 3891 traxit,
1551 3832 1887 3903 reliquasque
1928 3848 2024 3903 ap-

436 3920 654 3981 paratus
678 3916 926 3984 species?
951 3916 1088 3971 Nihil
1119 3918 1330 3986 borum,
1367 3921 1461 3976 sed
1493 3922 1576 3976 illa
1605 3923 1717 3977 sola
1748 3933 2019 3993 assumpta

432 4002 581 4069 abiit,
613 4004 913 4063 deducente
949 4017 1005 4063 et
1041 4012 1330 4065 comitante
1375 4013 1586 4083 angelo.
1630 4030 1790 4085 quem
1836 4016 2017 4082 herus,

427 4092 561 4150 dum
615 4094 867 4152 famulum
906 4114 939 4154 e
967 4098 1131 4155 domo
1164 4102 1475 4167 dimitteret,
1520 4120 1621 4158 una
1671 4105 1804 4160 mitti
1853 4121 1884 4161 a
1913 4107 2021 4162 Deo

432 4189 655 4259 supplex
706 4191 1101 4260 impetraverat.
1150 4195 1323 4265 Atque
1360 4195 1431 4250 ita
1475 4195 1769 4252 ducebatur
1820 4212 2016 4266 sponsa

433 4279 595 4334 mntis
623 4279 765 4335 tibiis
790 4289 845 4336 et
866 4281 1085 4337 citharis
1108 4283 1494 4349 occinentibus,
1541 4286 1636 4341 sed
1666 4288 1960 4344 innumeris
1988 4303 2017 4344 a

434 4369 548 4425 Deo
571 4378 730 4440 caput
749 4381 933 4427 ornata
966 4372 1445 4442 benedictionibus,
1489 4379 1604 4432 vice
1642 4390 1857 4432 coronze
1898 4395 2019 4448 pre-

433 4460 668 4516 tiosioris
695 4461 885 4529 quovis
910 4462 1231 4519 diademate.
1266 4465 1567 4521 Ducebatur
1587 4476 1763 4523 autem
1792 4484 2016 4525 nouau-

431 4554 560 4607 ratis
597 4553 790 4608 amicta
823 4554 1079 4622 vestibus,
1110 4557 1201 4611 sed
1241 4567 1427 4613 ornata
1466 4560 1749 4626 modestia,
1797 4563 2013 4631 pietate,

429 4640 1422 4715 hospitalimtemmterisquevirtutibus
1433 4649 1699 4706 omnibus.
1718 4652 2018 4709 Ducebatur

431 4747 540 4787 non
567 4734 620 4788 in
644 4744 898 4804 carpento
932 4747 1223 4804 camerato,
1244 4749 1334 4794 aut
1358 4750 1611 4812 apparatu
1632 4741 1810 4811 aliquo
1829 4743 2011 4811 simili,

428 4822 526 4877 sed
578 4824 787 4879 camelo
837 4824 1091 4881 insidens.
1137 4826 1269 4884 Nam
1317 4838 1510 4899 praeter
1548 4831 1771 4887 virtutes
1825 4835 2008 4901 animi,

431 4913 594 4983 etiam
624 4929 847 4985 corpora
887 4917 1150 4988 virginum
1180 4920 1308 4975 olim
1337 4921 1536 4991 optima
1561 4921 1779 4977 fuerunt
1808 4924 2011 4979 habitu-

427 5005 573 5061 dine.
604 5005 722 5061 Non
762 5008 905 5063 enim
954 5009 1034 5065 sic
1057 5010 1421 5066 educabantur
1456 5026 1487 5066 a
1516 5013 1794 5080 matribus,
1845 5024 1903 5070 ut
1942 5015 2002 5070 fit

430 5099 610 5165 hodie,
639 5102 826 5157 crebra
853 5100 995 5158 inter
1022 5114 1290 5174 unguenta
1316 5110 1372 5159 et
1395 5103 1604 5170 balnea,
1637 5103 1814 5160 fucum
1844 5116 1901 5161 et
1931 5108 2010 5177 pi-

428 5200 666 5261 gmenta,
696 5192 751 5247 in
776 5193 1026 5249 mollibus
1051 5193 1395 5261 indumentis,
1424 5194 1648 5265 aliisque
1677 5198 2009 5269 corruptela-

433 5300 551 5338 rum
595 5284 770 5341 modis
816 5284 1113 5341 innumeris
1135 5327 1150 5353 ,
1195 5285 1389 5357 quibus
1407 5287 1537 5342 flant
1558 5287 1832 5359 plusquam
1854 5290 2012 5346 deret

428 5373 713 5430 molliculas
764 5389 779 5427 :
837 5373 932 5429 sed
986 5375 1158 5430 modis
1202 5376 1450 5432 omnibus
1495 5376 1626 5432 dura
1669 5387 1783 5434 erat
1814 5393 2009 5435 earnm

422 5463 696 5520 educatio.
745 5464 1105 5531 Quamobrem
1156 5475 1209 5522 et
1258 5469 1500 5538 corporis
1543 5468 1719 5523 nativa
1748 5468 2012 5527 florebant

433 5551 828 5623 pulchritudine
849 5597 865 5622 ,
904 5557 1063 5612 nullis
1102 5557 1297 5630 adjutze
1332 5560 1570 5614 externis
1610 5560 1886 5615 lenociniis
1907 5602 1921 5626 ,
1956 5571 2010 5616 et

429 5644 742 5701 valetudine
769 5663 921 5717 atque
950 5646 1086 5705 felici
1109 5666 1171 5706 ac
1198 5651 1362 5706 forma
1394 5651 1725 5712 fruebantur.
1757 5653 1899 5707 nulla
1928 5654 2015 5709 ine

416 5734 654 5791 testante
688 5738 1033 5808 mgritudine,
1071 5742 1417 5813 ablegalaque
1456 5743 1601 5797 omni
1632 5741 1872 5798 mollitie.
1903 5743 2005 5799 La-

1157 337 1211 393 S.
1254 338 1529 395 JO.\NNIS
1565 338 2036 396 CIIRYSOSTOMI
2084 337 2397 394 ARCIIIEP.
2437 324 2973 393 CONSTANTINUP.

3604 334 3710 389 2m

2133 455 2292 510 bores
2341 454 2483 509 enim
2512 463 2567 509 et
2595 469 2759 523 opera
2786 494 2801 517 ,
2843 454 3037 524 quibus
3071 453 3457 508 exercebantur
3479 491 3495 515 ,
3526 450 3668 503 varia
3694 490 3708 509 ,

2129 530 2439 615 languorem
2468 562 2681 601 omnem
2710 546 3001 615 pellebant,
3031 544 3195 600 robur
3219 553 3398 598 autem
3422 553 3474 597 et
3504 542 3710 596 sanita-

2131 648 2235 693 tem
2267 646 2431 691 tutam
2449 638 2527 692 eis
2553 624 2929 703 conciliabant,
2952 637 3352 706 reddebantque
3375 644 3522 689 tanto
3536 636 3706 705 magis

2129 731 2332 785 maritis
2352 739 2530 801 gratas
2560 738 2614 785 et
2641 730 2900 785 amabiles
2925 749 2938 785 :
2972 731 3050 785 sic
3075 731 3218 785 enim
3257 744 3361 782 non
3395 728 3568 782 solum
3589 742 3714 781 cor-

2131 836 2281 892 pora,
2338 820 2438 877 sed
2468 829 2523 876 et
2571 820 2734 875 animi
2790 821 2842 875 in
2895 820 3083 874 melius
3129 818 3494 889 proficiebant.
3550 815 3714 872 Veen

2129 915 2288 983 igitur
2333 913 2540 967 camelo
2583 921 2866 983 postquam
2939 910 3006 965 ad
3067 910 3387 964 destinatam
3440 909 3714 978 regionem

2133 1003 2395 1074 pervenit,
2415 1003 2638 1058 sublatis
2661 1003 2844 1072 procul
2873 1003 3042 1057 oculis
3058 1002 3187 1057 vidit
3207 1001 3463 1067 lsaacum,
3487 1016 3719 1070 moxque

2126 1111 2155 1150 a
2186 1097 2392 1163 camelo
2424 1097 2642 1153 desiliit.
2680 1095 2844 1151 Vides
2869 1094 3078 1150 robur?
3106 1095 3254 1149 vides
3278 1095 3473 1149 bonam
3502 1092 3716 1146 habitu-

2129 1188 2426 1244 dinem'lA
2458 1188 2666 1243 camelo
2712 1187 2928 1242 desiliit.
2970 1186 3197 1240 Tantum
3244 1186 3317 1239 illi
3362 1184 3554 1238 virium
3613 1199 3716 1237 una

2126 1294 2249 1335 cum
2283 1279 2539 1334 modeSIia
2571 1287 2870 1349 supererat.
2897 1278 2964 1332 Et
2992 1277 3065 1331 ait
3093 1276 3158 1330 ad
3190 1291 3400 1330 servum
3434 1294 3445 1328 :
3473 1273 3602 1339 Quis
3641 1284 3717 1326 est

2126 1370 2214 1425 ille
2260 1371 2409 1425 homo
2453 1370 2537 1440 qui
2579 1385 2875 1440 progressas
2911 1378 2985 1423 est
3031 1369 3084 1421 in
3120 1367 3400 1435 camaram?
3434 1365 3713 1434 Respondit

2125 1476 2295 1516 seruus
2322 1477 2342 1516 :
2369 1460 2397 1514 Ι
2405 1478 2491 1529 pse
2522 1470 2594 1515 est
2636 1461 2871 1513 dominus
2897 1476 3057 1513 meus.
3116 1457 3241 1511 Tum
3271 1457 3361 1510 illa
3389 1455 3560 1510 restire
3589 1455 3710 1524 pat-

2134 1552 2256 1605 liolo
2283 1562 2485 1620 sumpto
2512 1567 2564 1605 se
2599 1550 2832 1620 obnupsit
2849 1548 3000 1621 (Gen.
3026 1548 3117 1603 24.
3141 1548 3255 1618 65).
3279 1546 3513 1602 Observa
3537 1545 3717 1599 omnia

2129 1643 2309 1697 testari
2355 1642 2473 1712 ejus
2518 1640 2834 1697 modestiam
2852 1679 2870 1709 ,
2896 1656 3056 1712 quam
3093 1639 3298 1708 pudens
3325 1646 3435 1694 erat
3465 1653 3529 1692 ac
3557 1651 3716 1693 verc-

2125 1734 2321 1790 cunda.
2367 1734 2435 1788 Et
2489 1734 2682 1807 accepit
2726 1750 2837 1788 eam
2877 1749 3087 1788 uxorem
3144 1733 3315 1796 Isaac,
3360 1732 3629 1801 dilexitque
3664 1733 3717 1785 in

2128 1834 2322 1879 tantum
2373 1832 2429 1878 ut
2478 1824 2652 1878 leniret
2697 1825 2923 1879 dolorem
2948 1865 2963 1888 ,
3006 1826 3091 1894 qui
3137 1824 3215 1877 illi
3256 1839 3320 1877 ea:
3346 1834 3505 1877 morte
3541 1822 3720 1878 Same

2134 1916 2312 1970 matris
2340 1916 2593 1969 acciderat
2629 1915 2649 1986 (
2679 1914 2807 1970 Gen.
2837 1914 2926 1970 24-
2951 1916 3074 1985 67).
3109 1915 3232 1970 Hzec
3260 1929 3364 1969 non
3407 1925 3608 1969 temere
3634 1914 3719 1967 dio

2128 2019 2340 2075 cuntur,
2368 2007 2506 2078 quod
2547 2008 2791 2063 dilexerit
2819 2023 2938 2063 eam
2971 2048 2987 2073 ,
3018 2007 3264 2077 quodque
3309 2021 3408 2077 pro
3454 2005 3718 2061 solamine

2133 2100 2308 2154 luctus
2336 2098 2600 2164 habuerit,
2630 2098 2724 2153 sed
2755 2106 2812 2152 ut
2836 2097 3033 2162 discas,
3060 2096 3254 2165 quibus
3281 2095 3441 2151 rebus
3472 2095 3562 2148 illa
3594 2109 3712 2148 ma-

2127 2191 2289 2244 ritum
2337 2190 2393 2244 in
2430 2203 2668 2243 amorem
2715 2188 2796 2243 sui
2841 2188 3117 2257 pcllexerit
3142 2228 3156 2249 ,
3188 2199 3321 2256 quas
3346 2185 3506 2239 domo
3535 2198 3716 2238 secum

2130 2279 2404 2335 attulerat.
2438 2278 2569 2346 Quis
2588 2277 2732 2333 enim
2762 2276 2922 2332 talem
2973 2292 3081 2330 non
3128 2275 3434 2340 adamaret,
3463 2284 3569 2328 tam
3598 2289 3717 2327 mo-

2129 2369 2376 2437 destam,
2408 2377 2515 2424 tam
2542 2368 2846 2430 honestam.
2871 2376 2977 2421 tam
3018 2365 3335 2436 hospitalem
3359 2406 3375 2432 ,
3406 2365 3713 2427 humanam,

2131 2471 2186 2517 et
2214 2461 2523 2529 amabilem,
2552 2459 2743 2516 fortem
2764 2460 2945 2514 animo
2967 2468 3024 2513 et
3048 2456 3274 2512 validam
3295 2456 3558 2525 corpore?
3585 2455 3713 2509 llaec

2129 2553 2247 2607 dixi
2267 2593 2284 2620 ,
2316 2561 2376 2608 ut
2404 2569 2511 2608 non
2551 2552 2776 2607 audiatis
2806 2559 3008 2605 tantum
3030 2591 3045 2615 ,
3077 2557 3168 2604 aut
3200 2548 3397 2604 auditis
3426 2548 3716 2618 applauda-

2130 2647 2197 2701 tis
2227 2687 2244 2711 ,
2275 2646 2373 2701 sed
2407 2646 2649 2700 utetiam
2671 2641 3016 2698 aemulemini.
3050 2640 3119 2695 Et
3145 2649 3323 2711 patres
3349 2638 3561 2710 quidem
3583 2654 3714 2708 pro-

2133 2736 2425 2792 videntiam
2471 2734 2790 2807 patriarcha:
2834 2733 3136 2797 imitamini,
3191 2747 3295 2802 qua
3356 2746 3482 2785 usus
3527 2739 3607 2785 est
3658 2730 3712 2784 in

2135 2829 2383 2898 paranda
2407 2842 2573 2884 uxore
2598 2826 2828 2898 simplici
2853 2867 2869 2892 ,
2904 2840 3012 2881 non
3039 2824 3296 2895 pecunias
3318 2838 3583 2893 qua-rens,
3604 2839 3712 2877 non

2127 2919 2468 2990 splendorem
2511 2920 2724 2989 generis
2746 2959 2762 2985 ,
2792 2931 2898 2972 non
2946 2915 3393 2987 pulchritudinem
3429 2916 3668 2985 corporis
3692 2956 3710 2982 ,

2129 3025 2235 3065 non
2266 3008 2412 3064 aliud
2441 3009 2729 3080 quidquam
2760 3015 2959 3079 praeter
2976 3006 3393 3077 generositatem
3418 3005 3600 3059 animi.

2201 3100 2469 3166 Quomodo
2498 3100 2787 3155 audienda:
2811 3099 2936 3168 ﬁlia
2957 3116 2989 3152 a
3016 3096 3280 3151 matribus.
3311 3126 3384 3137 —
3402 3095 3511 3151 Vos
3535 3106 3711 3151 autem

2126 3202 2325 3249 matres
2353 3233 2369 3260 ,
2399 3193 2521 3248 date
2563 3206 2783 3262 operam
2826 3201 2882 3247 ut
2914 3190 2979 3245 ad
3030 3190 3171 3244 hunc
3209 3188 3424 3243 modum
3470 3186 3710 3243 educetis

2126 3295 2336 3340 vestras
2379 3282 2535 3338 filias.
2586 3283 2754 3338 Porro
2794 3281 2976 3352 sponsi
3028 3279 3118 3350 qui
3181 3293 3275 3333 cas
3314 3278 3526 3332 ducturi
3563 3290 3709 3343 smn,

2126 3376 2325 3432 ducant
2354 3391 2477 3432 cum
2505 3376 2784 3431 honestate
2821 3374 2979 3429 simili
3007 3416 3022 3439 ,
3048 3373 3467 3428 exterminantes
3497 3373 3662 3425 risum
3689 3412 3705 3434 ,

2125 3467 2354 3523 choreas
2376 3509 2393 3534 ,
2424 3466 2801 3537 turpiloqnium
2828 3507 2843 3530 ,
2892 3465 3097 3520 fistulas
3123 3503 3138 3529 ,
3162 3463 3317 3519 tibias
3341 3502 3357 3527 ,
3388 3462 3710 3517 diabolicum

2127 3560 2274 3614 illum
2311 3568 2623 3629 apparatum
2659 3566 2717 3614 et
2753 3557 2959 3628 reliqua
3001 3554 3305 3627 bnjusmodi
3330 3595 3346 3621 ,
3391 3570 3712 3625 semperque

2126 3653 2435 3707 invocantes
2469 3652 2633 3707 Deum
2659 3691 2675 3717 ,
2716 3659 2774 3705 ut
2823 3649 3090 3705 mediator
3132 3648 3272 3703 adsit
3314 3646 3581 3702 actionum
3613 3661 3712 3699 no-

2125 3753 2358 3796 strarum
2403 3740 2668 3795 omnium.
2721 3739 2777 3794 Si
2832 3739 2974 3794 enim
3031 3751 3117 3792 res
3161 3747 3370 3791 nostras
3413 3734 3514 3790 hoc
3555 3746 3710 3804 pacto

2123 3830 2568 3901 disposuerimus,
2595 3829 2798 3884 nullum
2825 3827 3115 3883 divortium
3142 3829 3262 3889 crit,
3290 3824 3435 3879 nulla
3460 3823 3709 3878 adulterii

2124 3922 2380 3992 suspicio,
2404 3929 2495 3975 aut
2523 3920 2736 3975 occasio
2766 3918 3067 3990 zelotypiar,
3114 3931 3219 3970 non
3266 3915 3399 3976 rixa.
3432 3929 3538 3968 non
3580 3929 3712 3965 ron-

2127 4012 2316 4077 tentio,
2339 4011 2432 4066 sed
2457 4011 2619 4068 multa
2645 4009 2887 4065 fruemur
2908 4024 3037 4078 pace
3052 4049 3066 4071 ,
3092 4007 3361 4077 multaque
3397 4005 3708 4070 concordia,

2122 4116 2152 4155 a
2180 4102 2373 4171 quibus
2419 4115 2526 4156 non
2572 4099 2799 4156 aberunt
2845 4099 3066 4153 virtutes
3111 4108 3342 4151 cwterze.
3383 4095 3533 4150 Sicut
3559 4095 3706 4149 enim

2124 4208 2292 4248 nsore
2325 4208 2355 4248 a
2401 4192 2592 4247 marito
2620 4190 2916 4247 dissidente
2961 4189 3093 4245 nihil
3135 4188 3250 4244 sani
3274 4197 3356 4243 est
3385 4188 3436 4241 in
3464 4187 3705 4254 mdibus,

2122 4284 2330 4339 etiamsi
2358 4282 2591 4353 alioquin
2623 4296 2711 4337 res
2753 4295 2936 4336 eorum
2985 4278 3222 4335 secundo
3249 4277 3490 4334 ferantur
3526 4276 3650 4332 flatu
3682 4296 3700 4331 :

2123 4375 2193 4430 ita
2237 4375 2363 4430 dum
2411 4389 2512 4443 pax
2558 4371 2826 4428 constabit
2873 4381 2925 4427 et
2964 4369 3293 4432 concordia,
3327 4369 3456 4423 nihil
3479 4369 3579 4423 erit
3622 4368 3703 4422 in-

2121 4479 2305 4532 suave,
2334 4463 2542 4519 etiamsi
2585 4462 2824 4534 quotidie
2863 4470 3216 4531 tempestates
3258 4458 3503 4515 accidant
3530 4458 3702 4528 pluri-

2122 4572 2246 4611 mae.
2292 4556 2348 4612 Si
2396 4557 2500 4612 hoc
2546 4555 2707 4611 modo
2748 4554 3173 4611 conciliabuntur
3202 4554 3423 4623 nuptiu‘,
3453 4552 3702 4621 perfacile

2122 4649 2415 4717 poterimus
2458 4647 2525 4701 ad
2554 4649 2806 4703 virtutem
2843 4645 3073 4702 educare
3137 4646 3357 4700 liberos.
3412 4644 3511 4699 Ubi
3555 4645 3700 4699 enim

2119 4746 2293 4794 mater
2315 4746 2421 4793 tam
2454 4737 2681 4793 honesta
2719 4735 2904 4800 fuerit,
2956 4750 3040 4791 ac.
3068 4734 3250 4790 sobria
3272 4775 3288 4799 ,
3319 4734 3569 4804 omnique
3595 4734 3701 4787 vir-

2120 4841 2231 4887 tute
2271 4831 2511 4902 praedita,
2540 4828 2779 4900 profecto
2817 4828 3065 4884 maritum
3094 4826 3362 4883 desiderio
3399 4826 3482 4880 sui
3524 4826 3701 4895 capiet

2116 4935 2180 4976 ac
2205 4920 2505 4985 devinciet;
2533 4929 2692 4988 atque
2723 4920 2794 4974 ita
2824 4918 3040 4974 habebit
3081 4932 3204 4972 eum
3230 4916 3462 4971 alacrem
3490 4914 3699 4984 adjuto-

2115 5027 2228 5066 rem
2258 5012 2307 5064 in
2339 5009 2588 5064 curandis
2616 5018 2774 5079 atque
2798 5006 3136 5063 instituendis
3156 5003 3533 5061 communibus
3560 5004 3698 5060 libe-

2117 5103 2192 5159 ris
2218 5119 2233 5169 ;
2256 5100 2521 5171 simulque
2558 5102 2722 5156 Deum
2748 5100 2815 5155 ad
2860 5098 3289 5169 prospiciendum
3316 5098 3394 5153 eis
3420 5096 3652 5152 attrabet
3680 5115 3696 5151 :

2115 5211 2223 5266 quo
2248 5194 2519 5265 aspirante
2558 5203 2666 5246 tant
2694 5192 2934 5249 honestae
2958 5190 3402 5247 administrationi
3443 5188 3702 5243 domesti-

2114 5295 2292 5353 cte,et
2319 5293 2607 5341 exercente
2651 5300 2939 5355 puerorum
2990 5283 3222 5350 animos,
3270 5282 3446 5336 omnia
3477 5281 3699 5351 posthac

2110 5376 2344 5448 jucunda
2374 5383 2534 5430 erunt
2560 5383 2616 5430 et
2647 5374 2836 5439 felicia,
2870 5374 3030 5429 rebus
3061 5382 3167 5428 tam
3196 5372 3336 5427 bene
3358 5371 3696 5441 compositis,

2113 5479 2169 5524 et
2207 5468 2277 5523 iis
2297 5468 2389 5538 qui
2411 5476 2645 5538 praesunt
2683 5467 2762 5521 sic
2787 5465 2992 5522 affectis
3024 5483 3039 5521 :
3080 5465 3382 5536 poteritque
3409 5463 3696 5533 unusquis-

2113 5575 2215 5630 que
2241 5575 2345 5615 una
2381 5576 2504 5616 cum
2541 5574 2642 5615 sua
2685 5558 3159 5624 domoLvideliect
3201 5572 3400 5620 uxore.
3432 5556 3612 5611 liberis
3632 5571 3697 5607 ac

2114 5650 2345 5718 famulis,
2373 5659 2428 5706 et
2458 5658 2772 5720 praesentem
2809 5651 2971 5707 vitam
3012 5664 3202 5705 secure
3232 5662 3484 5718 peragere
3508 5689 3522 5710 .
3550 5656 3604 5701 et
3626 5647 3694 5701 ad

2116 5742 2369 5801 cmlorum
2400 5757 2620 5815 regnum
2648 5741 2930 5814 pervenire
2955 5759 2968 5796 :
2995 5757 3114 5812 qua:
3141 5741 3293 5798 nobis
3322 5739 3567 5796 omnibus
3597 5752 3694 5807 per
