4110 6198
456 316 569 372 259

452 435 628 498 ,ιιξψῃ
674 430 749 494 τῷ
798 434 901 498 υἱῷ
940 453 1059 504 μου
1098 437 1350 505 γυναῖκα
1381 438 1501 492 ἀπὸ
1543 436 1661 491 τῶν
1697 437 2034 507 θυγατέρων

455 518 573 573 τῶν
609 523 986 589 Χαναναίων,
1030 526 1166 580 ἀλλ’
1206 530 1293 591 εἰς
1322 527 1430 581 τὸν
1472 524 1641 582 οἶκον
1672 529 1777 583 τοῦ
1808 528 2033 593 πατρός

449 630 567 681 μου
594 615 886 682 πορεύσῃ,
912 616 1011 670 καί
1038 619 1126 682 εἰς
1163 619 1277 686 τὴν
1310 619 1518 687 φυλήν
1548 637 1689 688 μου,
1728 619 1822 673 καί
1860 616 2030 684 λήψῃ

449 704 705 774 γυναῖκα
730 706 807 771 τῷ
830 707 937 772 υιῷ
965 727 1105 777 μου.
1146 709 1283 762 Ἀλλ’
1311 711 1397 763 ἵνα
1439 711 1513 781 μὴ
1548 713 1730 765 πᾶσαν
1757 711 1857 781 τὴν
1886 711 2029 762 ἰστο-

451 797 576 869 ρίαν
601 800 680 861 είς
711 798 873 868 μέσον
898 800 1154 870 φέροντες
1184 802 1536 872 παρενοχλεῖν
1560 802 1823 871 δόξωμεν,
1856 802 1949 853 ἐπὶ
1971 798 2031 851 τὸ

449 886 603 951 τέλος
636 889 825 958 ἴωμεν.
869 890 1086 962 Ἐπειδὴ
1117 892 1227 963 γὰρ
1261 890 1404 955 εἷπε,
1435 893 1553 956 πῶς
1590 894 1683 945 ἐπὶ
1714 894 1812 963 τῆς
1847 892 2031 961 πηγῆς

451 979 603 1048 ἔστη,
628 978 745 1042 πῶς
763 979 932 1051 ᾔτησε
954 981 1053 1051 τὴν
1080 983 1269 1054 κόρην,
1297 984 1415 1047 πῶς
1436 984 1633 1037 ἔδωκεν
1657 984 1841 1053 ὲκείνη
1869 983 2031 1036 πλέον

451 1069 549 1138 τῆς
569 1068 857 1138 αἰτήσεως,
880 1072 996 1135 πῶς
1016 1076 1044 1125 ό
1066 1072 1198 1137 Θεὸς
1227 1075 1452 1145 μεσίτης
1474 1075 1709 1142 ἐγένετο,
1736 1075 1829 1128 καὶ
1854 1075 2031 1128 πάντα

454 1161 594 1231 μετά
645 1163 931 1233 ἀκριϐείας
976 1166 1351 1235 ἀπαγγείλας,
1392 1167 1684 1220 κατέλυσεν
1722 1170 1779 1221 ἐν
1823 1166 2034 1229 τούτοις

453 1251 606 1322 [226]
638 1254 730 1306 τὸν
764 1255 942 1322 λόγον.
976 1256 1161 1309 Ταῦτα
1195 1257 1411 1311 ἅπαντα
1448 1258 1777 1320 ἀκούσαντες
1811 1258 2030 1318 ἐκεῖνοι,

449 1342 634 1395 οὐκέτι
694 1342 880 1398 λοιπὸν
940 1346 1290 1416 ἀμφέϐαλον,
1340 1348 1494 1401 οὐδὲν
1549 1348 1866 1419 ἠμέλησαν,
1917 1347 2033 1401 ἀλλ’

450 1433 639 1505 ὥσπερ
663 1435 757 1488 τοῦ
791 1436 926 1490 Θεοῦ
956 1438 1054 1506 τὴν
1081 1438 1257 1509 ψυχὴν
1278 1439 1459 1492 αὐτῶν
1487 1441 1567 1503 εἰς
1591 1439 1747 1493 τοῦτο
1774 1441 2031 1510 κινήσαν-

452 1543 561 1590 τος,
602 1526 805 1591 εὐθέως
856 1528 1007 1599 αὐτῷ
1064 1530 1528 1603 καθωμολόγησαν
1580 1533 1680 1604 τὴν
1730 1532 2026 1604 θυγατέρα.

453 1620 563 1673 Kal
586 1619 905 1691 ἀποκριθεὶς
934 1621 1119 1675 Λάϐαν
1151 1624 1245 1676 zeal
1268 1624 1510 1694 Βαθουὴλ
1539 1620 1710 1677 εἷποψ
1737 1624 1805 1679 Τὸ
1838 1627 2027 1692 πρόσ-

451 1729 642 1782 ταγμα
677 1712 851 1767 τοῦτο
878 1717 1034 1781 παρὰ
1058 1713 1205 1768 Θεοῦ
1236 1713 1496 1783 ἐξῆλθεν
1554 1718 1623 1770 οὐ
1648 1716 2029 1785 δυνησόμεθα

450 1800 564 1857 οὖν
590 1818 687 1857 σοι
719 1803 1025 1858 ἀντειπεῖν
1060 1805 1277 1857 κακόνο
1313 1802 1443 1858 ἰδοὺ
1485 1804 1753 1858 Ῥεϐέκκα
1774 1846 1788 1866 ,
1829 1804 2030 1858 λαϐὼν

448 1896 763 1966 ἀπότρεχε,
787 1894 888 1950 καί
916 1895 1088 1949 ἔσται
1116 1895 1268 1965 γυνὴ
1292 1895 1372 1961 τῷ
1395 1896 1579 1963 κυρίῳ
1599 1910 1736 1958 σου,
1765 1893 2028 1962 καθάπερ

449 1986 717 2054 manus
748 1987 983 2055 Κύριος.
1011 1987 1108 2050 Τίς
1135 1987 1236 2040 οὐκ
1260 1986 1328 2040 ἂν
1355 1986 1656 2056 ἐκπλαγείη
1678 2002 1693 2050 ς
1725 1984 1807 2047 τίς
1835 1985 1935 2037 οὐκ
1961 1984 2029 2037 ἂν

450 2078 810 2148 θαυμάσειεν,
857 2080 957 2131 ὅσα
1002 2080 1096 2131 καὶ
1144 2077 1309 2149 ήλίκα
1354 2077 1653 2147 κωλύματα
1697 2079 1755 2129 ἐν
1798 2076 2029 2146 βραχείᾳ

450 2170 644 2240 καιροῦ
677 2171 818 2240 ῥοπῇ
852 2170 1139 2241 ἀνῃρεῖτος
1175 2169 1286 2222 Kal
1327 2169 1435 2240 γὰρ
1463 2168 1523 2222 τὸ
1553 2165 1700 2233 ξένον
1744 2162 1902 2229 εἶναι,
1935 2168 2028 2219 zeal

448 2261 689 2332 οἰκέτην,
717 2261 813 2314 zeal
840 2261 1081 2329 ἀγνῶτα,
1105 2262 1198 2315 καὶ
1221 2260 1356 2314 πολὺ
1379 2261 1479 2331 τῆς
1505 2260 1626 2313 ὁδοῦ
1652 2260 1711 2313 τὸ
1730 2261 2025 2331 διάστημα,

450 2354 544 2405 καὶ
582 2352 642 2405 τὸ
684 2352 819 2422 μηδὲ
848 2351 938 2403 τὸν
965 2351 1252 2422 κηδεστὴν,
1296 2351 1432 2422 μηδὲ
1462 2352 1555 2404 τὸν
1588 2350 1853 2421 νυμφίον,
1886 2350 2026 2420 μήτε

449 2443 608 2497 ἄλλον
642 2442 761 2494 τινὰ
793 2442 900 2495 τῶν
934 2442 1115 2513 ἐκείνῃ
1138 2455 1164 2483 ι
1208 2442 1589 2513 προσηκόντων
1627 2440 1989 2513 γνωρίζεσθαι
2010 2482 2024 2504 ,

450 2536 544 2589 zeal
590 2533 709 2587 καθ’
747 2534 906 2587 ἑαυτὸ
948 2532 1151 2587 τούτων
1186 2534 1418 2587 ἕκαστον
1463 2533 1644 2587 ἱκανὸν
1675 2530 1743 2604 ἦν
1786 2532 2027 2587 κωλῦσαι

448 2623 541 2677 τὸν
574 2625 778 2694 γάμον·
826 2622 942 2677 ἀλλ’
975 2624 1125 2694 ὅμως
1152 2623 1303 2677 οὐδὲν
1331 2622 1604 2677 ἐκώλυσεν
1626 2662 1641 2686 ,
1672 2623 1809 2677 ἀλλά
1851 2623 2028 2678 πάντα

449 2715 621 2770 ταῦτα
648 2714 1044 2786 ὲξηυμαρίζετο
1070 2715 1164 2768 zeal
1195 2714 1444 2785 καθάπερ
1473 2714 1734 2787 γνωρίμῳ
1768 2718 1862 2770 zeal
1889 2716 2026 2787 πλησ-

452 2806 567 2861 σίον
598 2805 860 2869 οἰκοῦντι,
907 2806 1000 2858 zeal
1035 2807 1101 2858 ὲκ
1146 2804 1368 2875 πρώτης
1397 2805 1608 2876 ήμέρας
1656 2824 2026 2877 συναναστρα-

452 2895 626 2962 φέντι,
659 2893 831 2958 οὕτως
862 2893 1013 2963 αὐτῷ
1045 2893 1373 2967 θαρροῦντες
1411 2894 1737 2966 ἐνεχείριζον
1767 2896 1864 2966 τὴν
1894 2895 2025 2965 νύμ.

451 3003 559 3055 φην
581 3002 595 3016 ε
632 2984 694 3038 τὸ
721 2984 778 3038 δὲ
818 2985 1006 3045 αἴτιον,
1042 2986 1071 3037 ὁ
1099 2983 1232 3047 Θεὸς
1258 2980 1325 3055 ἦν
1353 2986 1411 3037 έν
1455 2984 1625 3055 μέσῳ·
1667 2985 1880 3057 Ὥσπερ
1918 2985 2027 3057 γὰρ

450 3078 578 3129 ὅταν
598 3076 768 3147 χωρὶς
796 3076 959 3129 αὐτοῦ
987 3093 1039 3129 τι
1065 3075 1329 3146 ποιῶμεν,
1359 3076 1460 3130 κᾶν
1487 3077 1702 3130 ἅπαντα
1790 3077 1906 3129 λεῖα
1931 3078 2027 3130 καὶ

454 3165 646 3237 ῥᾴδια,
676 3165 924 3237 βάραθρα
951 3166 1045 3219 zeal
1078 3168 1355 3235 κρημνοὺς
1387 3168 1480 3220 zeal
1514 3166 1714 3237 μυρίας
1751 3170 1808 3220 ὲν
1842 3166 2027 3232 αὐτοῖς

449 3258 750 3329 ἀποτυχίας
800 3257 1155 3329 εὑρίσκομεν*
1202 3257 1373 3321 οὕτως
1407 3259 1534 3311 ὅταν
1573 3261 1721 3330 παρῇ
1762 3260 1857 3313 zeal
1904 3276 2027 3311 συν-

449 3349 780 3420 εφάπτηται,
799 3349 900 3403 κᾶν
916 3349 1169 3403 ἁπάντων
1188 3349 1513 3420 ἀπορώτερα
1585 3349 1650 3401 τὰ
1668 3350 2023 3421 προκείμενα,

450 3444 665 3498 ἅπαντα
716 3443 835 3496 λεῖα
883 3444 978 3497 zeal
1031 3443 1185 3514 ῥᾴδια
1232 3442 1461 3511 γίνεται.
1514 3441 1693 3511 Μηδὲν
1742 3440 1836 3495 οὖν
1888 3445 2025 3515 μήτε

450 3534 715 3607 ποιῶμεν,
764 3536 900 3606 μήτε
942 3534 1225 3603 λέγωμεν,
1260 3536 1387 3607 πρὶν
1425 3535 1459 3605 ἢ
1502 3537 1592 3591 τὸν
1631 3536 1762 3589 Θεὸν
1797 3536 2025 3591 καλέσαι

450 3629 543 3683 zeal
575 3626 956 3697 παρακαλέσαι
992 3628 1400 3697 συνεφάψασθαι
1428 3629 1536 3681 τῶν
1579 3629 1637 3682 ὲν
1675 3631 1862 3701 χερσὶν
1894 3633 2025 3702 ήμῖν

451 3719 725 3783 ἁπάντων,
760 3717 1010 3789 καθάπερ
1035 3715 1128 3772 οῦν
1158 3720 1261 3773 zeal
1277 3713 1431 3783 οὗτος
1455 3720 1731 3792 ἐποίησεν.
1844 3782 1859 3803 δ

521 3809 588 3863 θ’.
632 3809 769 3862 Ἀλλ’
792 3809 1012 3880 ίδωμεν,
1035 3809 1221 3879 ἐπειδὴ
1253 3810 1422 3880 αὐτὴν
1454 3810 1635 3874 ἔλαϐε,
1669 3812 1807 3882 ποίῳ
1842 3813 2025 3884 τρόπῳ

451 3896 543 3948 τὸν
557 3897 732 3965 γάμον
748 3894 1083 3950 ἐπετέλεσεν.
1098 3890 1167 3948 Ἀ
1178 3913 1245 3966 pa
1262 3895 1519 3968 κύμϐαλα
1537 3897 1631 3952 zeal
1650 3898 1916 3969 σύριγγας
1932 3900 2026 3954 zeal

449 3978 643 4049 χοροὺς
672 3978 763 4032 zeal
779 3976 1038 4047 τύμπανα
1064 3980 1159 4031 zeal
1182 3977 1377 4043 αὐλοὺς
1397 3980 1492 4032 zeal
1517 3979 1617 4051 τὴν
1639 3980 1807 4052 ἀλλην
1830 3981 2025 4035 ἔπεσύ-

450 4078 583 4132 ρατο
624 4062 957 4129 φαντασίαν;
1003 4061 1166 4114 Οὐδὲν
1196 4061 1402 4116 τούτων
1424 4105 1440 4127 ,
1477 4065 1614 4118 ἀλλά
1646 4064 1813 4135 μόνην
1845 4064 2025 4120 λαϐὼν

446 4143 621 4209 οὕτως
656 4145 850 4216 ἀπῄει,
891 4144 983 4198 τὸν
1014 4144 1245 4213 ἄγγελον
1284 4145 1423 4217 ἔχων
1466 4147 1585 4218 μεθ’
1616 4147 1811 4202 ἑαυτοῦ
1848 4165 2026 4221 παρα-

450 4225 735 4298 πέμποντα
761 4225 931 4297 αὐτὴν
960 4226 1056 4281 zeal
1086 4227 1561 4302 συνοδοιποροῦντα
1580 4270 1595 4295 ,
1624 4230 1682 4284 δν
1704 4233 1735 4285 ό
1760 4230 2025 4304 δεσπότης

446 4307 613 4362 αὐτοῦ
633 4308 725 4361 τὸν
750 4308 882 4361 Θεὸν
914 4309 1190 4363 ἱκέτευσεν
1217 4311 1366 4382 αὐτῷ
1395 4315 1806 4367 συναποστεῖλαι
1833 4315 1898 4369 ἐκ
1926 4316 2026 4386 τῆς

447 4390 625 4453 οἰκίας
648 4390 1007 4462 έξερχομένῳ.
1037 4392 1146 4446 Kal
1170 4394 1335 4463 ήγετο
1358 4393 1541 4449 λοιπὸν
1564 4398 1597 4466 ή
1630 4396 1815 4469 νύμφη
1846 4398 2025 4452 αὐλῶν

451 4473 553 4541 μιν
573 4474 668 4526 zeal
689 4474 920 4545 κιθάρας
945 4474 1041 4528 zeal
1065 4473 1176 4527 τῶν
1201 4474 1377 4529 ἄλλων
1400 4478 1509 4530 τῶν
1534 4480 1791 4534 τοιούτων
1811 4482 2024 4545 οὐδενὸς

448 4557 749 4618 ἀκουσασα,
781 4556 979 4629 μυρίας
1002 4555 1060 4610 δὶ
1082 4558 1234 4628 παρά
1259 4557 1352 4611 τοῦ
1377 4560 1513 4613 Θεοῦ
1534 4562 1628 4615 ἐπὶ
1656 4564 1756 4633 τὴν
1782 4565 2026 4636 κεφαλὴν

449 4638 549 4702 τὰς
598 4639 848 4706 εὐλογίας
883 4638 1082 4709 ἔχουσα
1102 4680 1117 4704 ,
1166 4640 1430 4710 στέφανον
1467 4644 1792 4716 διαδήματος
1827 4647 2027 4712 παντὸς

450 4718 1057 4791 λαμπρότερον.Ἠγετο
1076 4723 1139 4775 οὐ
1159 4726 1338 4793 χρυσᾶ
1352 4726 1787 4800 περιϐεϐλημένη
1810 4729 2022 4800 ἰμάτια,

450 4802 588 4857 ἀλλά
618 4803 970 4876 σωφροσύνην
1004 4806 1097 4859 zeal
1125 4805 1428 4874 εὐλάϐειαν,
1458 4811 1551 4863 zeal
1579 4811 1902 4880 φιλοξενίαν,
1930 4815 2025 4867 zeal

449 4886 546 4955 τὴν
577 4886 743 4958 ἀλλην
770 4887 987 4942 ἃπασαν
1018 4889 1238 4962 ἀρετήν.
1274 4892 1475 4962 Ἦγετο
1501 4894 1601 4947 οὐκ
1629 4895 1723 4948 ἐπὶ
1749 4894 2024 4966 ὀχήματος

453 4970 813 5039 καταστέγου,
852 4971 974 5025 οὐδὲ
999 4973 1093 5026 ἐπὶ
1128 4973 1292 5044 ἀλλης
1322 4975 1469 5039 τινὸς
1506 4976 1807 5045 φαντασίας
1845 4978 2026 5033 τοιαύ-

448 5068 569 5123 της,
596 5052 710 5106 ἀλλ’
735 5054 828 5107 ἐπὶ
854 5054 952 5124 τῆς
977 5055 1225 5127 καμήλου
1255 5058 1561 5130 καθημένη.
1591 5059 1748 5114 Μετά
1776 5059 1886 5131 γὰρ
1924 5061 2025 5132 τῆς

449 5135 651 5206 ἀρετῆς
683 5136 785 5207 τῆς
814 5138 872 5191 ὲν
900 5140 967 5208 τῇ
997 5137 1164 5210 ψυχῇ,
1192 5141 1285 5193 καί
1311 5140 1380 5193 τά
1408 5139 1633 5211 σώματα
1663 5145 1783 5206 ταῖς
1813 5144 2022 5216 παρθέ-

448 5235 558 5282 νοις
584 5219 645 5272 τὸ
677 5219 906 5274 παλαιὸν
936 5220 1136 5292 πολλῆς
1178 5225 1391 5293 μετεῖχε
1421 5224 1519 5293 τῆς
1544 5225 1776 5291 εὐέξίας.
1806 5228 1881 5280 Οὐ
1913 5228 2022 5300 γάρ

446 5300 619 5365 οὕτως
650 5302 821 5368 αὐτὸς
847 5303 1072 5375 ἔτρεφον
1102 5306 1158 5359 al
1197 5306 1454 5377 μητέρες,
1489 5308 1739 5380 καθάπερ
1774 5309 1874 5373 τὰς
1904 5310 2018 5377 νῦν,

449 5383 752 5453 βαλανείοις
798 5389 1050 5451 πυκνοῖς,
1105 5386 1290 5459 μύρων
1334 5389 1603 5459 ἀλοιφαῖς,
1653 5392 2019 5464 έπιτρίμμασι

448 5470 835 5541 σκιατραφίας,
865 5470 1126 5537 μαλακοῖς
1154 5472 1407 5541 ἱματίοις,
1431 5473 1641 5545 ἑτέροις
1672 5476 1885 5548 μυρίοις
1908 5476 2022 5531 δια-

444 5551 763 5623 φθείρουσαι
812 5555 1063 5624 τρόποις,
1112 5557 1204 5608 zeal
1247 5555 1341 5609 τοῦ
1382 5556 1591 5621 δέοντος
1625 5557 2020 5631 μαλακωτέρας

444 5634 718 5699 ποιοῦσαι,
765 5636 878 5689 ἀλλ’
940 5638 1019 5701 εἰς
1067 5638 1283 5691 ἃπασαν
1341 5638 1508 5700 αὐτάς
1557 5641 1762 5711 ἧγαγον
1812 5644 2016 5696 ἐκεῖναι

446 5716 882 5798 σκληραγωγίαν.
913 5718 1011 5773 Διά
1038 5720 1196 5773 τοῦτο
1232 5721 1418 5784 αὐταῖς
1458 5723 1550 5775 καὶ
1578 5723 1671 5778 τοῦ
1708 5723 1955 5796 σώματος
1988 5728 2018 5798 ή

443 5803 562 5869 ὥρα
588 5800 791 5872 σφόδρα
821 5797 886 5871 ἦν
917 5803 1146 5875 εὐανθὴς
1176 5806 1266 5857 zeal
1302 5807 1517 5875 γνησία,
1555 5805 1647 5861 ἀτε
1694 5810 1892 5881 φυσική
1927 5827 2005 5874 τις

515 5924 533 5945 ⁸
559 5919 708 5973 Savil.
738 5919 787 5972 in
812 5935 963 5985 marg.
990 5925 1185 5987 conjie‘ll
1206 5925 1390 5986 ἐκείνῳ.

1442 340 1720 404 QUALES
1753 337 2104 394 DUCENDA'I
2145 333 2302 392 SINT
2340 331 2638 389 UXORES.
2680 331 2776 387 111.

3607 328 3712 383 ειο

2142 430 2297 499 οὖσα,
2323 436 2439 490 ἀλλ’
2464 436 2527 490 οὐ
2552 436 2948 508 χειροποίητος,
2975 435 3099 490 οὔτε
3121 434 3594 506 ὲπιτετηδευμένη.
3622 436 3720 490 Διὰ

2141 511 2300 563 τοῦτο
2331 513 2424 565 zeal
2451 512 2640 580 ὑγείας
2670 513 2940 568 ἀπέλαυον
2973 516 3237 584 καθαρᾶς,
3269 515 3364 566 zeal
3393 512 3586 576 κάλλος
3619 520 3721 567 αὐ·-

2142 595 2260 654 ταῖς
2301 591 2585 661 ἀμήχανον
2624 589 2726 663 ἦν,
2758 594 3017 662 οὐδεμιᾶς
3052 593 3365 664 ἀρρωστίας
3403 591 3724 662 ἐνοχλούσης

2140 670 2214 738 τῷ
2245 668 2477 738 σώματι,
2506 671 2641 724 ἀλλὰ
2681 672 2863 743 πάσης
2900 673 3157 742 βλακείας
3195 670 3619 740 ὲκϐεϐλημένης.
3657 672 3721 721 ()ἰ

2141 746 2247 815 γὰρ
2272 747 2423 801 πόνοι
2455 749 2544 801 καὶ
2572 750 2627 802 αἰ
2661 750 3028 820 ταλαιπωρίαι
3061 750 3155 803 zeal
3185 748 3245 802 τὸ
3273 749 3332 801 ὲν
3360 748 3563 801 άπασιν
3594 746 3723 798 αὐτο

2139 828 2359 895 ουργεῖν
2406 826 2661 896 βλακείαν
2707 830 2805 899 μὲν
2846 830 3127 901 ἀπήλαυνε
3169 829 3384 889 πᾶσαν,
3423 823 3721 897 εὐρωστίαν

2143 902 2294 975 [227]
2322 905 2376 958 δὲ
2404 908 2499 960 zeal
2529 908 2716 975 ὑγείαν
2752 909 2892 978 μετὰ
2918 910 3117 979 πολλῆς
3147 910 3375 979 παρεῖχε
3411 906 3510 976 τῆς
3542 906 3717 979 dim?”

2140 982 2305 1045 λείας.
2346 985 2437 1037 Διὸ
2481 985 2542 1057 δὴ
2578 988 2671 1039 zeal
2714 976 3087 1056 ποθεινότεραι
3125 976 3243 1048 τοῖς
3269 976 3525 1053 ἀνδράσιν
3554 976 3718 1051 ἦσαν.

2142 1062 2236 1113 zeal
2284 1063 2484 1131 μᾶλλον
2527 1064 2816 1133 ὲπέραστοι
2839 1082 2852 1095 ³
2890 1065 2950 1117 οὐ
2991 1065 3101 1134 γὰρ
3139 1064 3203 1133 δὴ
3235 1062 3297 1114 τὸ
3334 1059 3494 1128 σῶμα
3536 1057 3719 1134 μόνον.

2140 1136 2275 1189 ἀλλὰ
2304 1140 2399 1191 zeal
2427 1140 2524 1209 τὴν
2552 1139 2732 1210 ψυχὴν
2768 1140 2977 1203 τούτοις
3007 1133 3199 1208 βελτίω
3226 1138 3319 1193 zeal
3349 1133 3722 1205 σωφρονεστέ-

2143 1232 2242 1285 ραν
2271 1218 2721 1287 κατειργάσαντο.
2757 1219 3058 1290 Καθημένη
3088 1218 3267 1270 τοίνυν
3295 1216 3387 1268 ἐπὶ
3414 1214 3514 1281 τῆς
3540 1212 3723 1281 καμή·

2139 1293 2230 1346 λου
2265 1296 2358 1348 zeal
2391 1296 2644 1365 φθάσασα
2672 1300 2753 1361 εἰς
2789 1299 2888 1369 τήν
2920 1299 3102 1369 χώραν
3122 1340 3136 1363 ,
3176 1297 3306 1369 πρὶν
3349 1294 3518 1364 αὐτὴν
3549 1291 3723 1369 ἐλθεῖν

2139 1372 2305 1447 ἔξγγύς
2326 1414 2339 1433 ,
2368 1374 2720 1444 ἀναϐλέψασα
2746 1367 2854 1430 εἶδε
2895 1367 3016 1441 τοῖς
3046 1367 3346 1447 ὀφθαλμοῖς
3373 1373 3465 1426 τὸν
3510 1367 3720 1432 Ἰσαὰκ,

2142 1444 2235 1527 z'eal
2288 1452 2661 1524 κατεπήδησεν
2702 1455 2811 1508 ἀπὸ
2851 1457 2952 1524 τῆς
2992 1444 3262 1527 καμήλου.
3319 1448 3474 1514 Εἶδες
3525 1448 3719 1527 ίσχύνς

2140 1524 2279 1591 εἶδες
2298 1529 2544 1597 εὐεξίαν;
2572 1533 2966 1602 Κατεπήδησεν
2990 1524 3099 1589 ἀπὸ
3117 1524 3217 1604 τῆς
3237 1531 3507 1602 καμήλου.
3528 1526 3722 1604 Ὀὕτως

2138 1608 2327 1670 αὐταῖς
2348 1610 2506 1679 ῥώμη
2530 1610 2696 1681 πολλή
2722 1612 2861 1681 μετά
2880 1602 3230 1684 σωφροσύνης
3257 1606 3344 1682 ἦν.
3370 1610 3479 1664 Kal
3499 1602 3621 1660 εἷπε
3643 1604 3723 1675 τῷ

2139 1685 2310 1738 παιδί’
2338 1687 2431 1752 Τίς
2448 1688 2617 1741 ἐστιν
2644 1691 2677 1741 ό
2703 1688 3013 1756 ἄνθρωπος
3026 1690 3257 1754 ἐκεῖνος
3278 1690 3310 1742 ό
3322 1685 3722 1756 πορευόμενος

2137 1763 2208 1816 ἐν
2233 1763 2312 1829 τῷ
2332 1764 2547 1832 πεδίῳ;
2582 1762 2731 1819 Elaea
2756 1766 2825 1819 δὲ
2852 1771 2885 1821 ό
2904 1766 3068 1834 παῖς·
3104 1768 3159 1820 '0
3193 1765 3395 1832 κύριός
3414 1779 3555 1832 μου.
3578 1755 3722 1813 Εἶτα

2137 1842 2414 1896 λαϐοῦσα
2438 1844 2505 1896 τὸ
2528 1843 2839 1911 θέριστρον
2865 1844 3260 1911 περιεϐάλετο.
3284 1843 3425 1913 Ὅρα
3444 1837 3720 1913 πανταχοῦ

2137 1920 2238 1988 τὴν
2268 1917 2622 1989 σωφροσύνην
2651 1921 2820 1987 αὐτῆς
2852 1919 3308 1991 μαρτυρουμένην
3335 1911 3492 1980 ,πῶς
3527 1911 3596 1986 ἦν
3630 1914 3722 1966 αἰσ-

2140 1998 2443 2066 σχυντηρά,
2476 1997 2593 2060 πῶς
2621 1993 2691 2068 ἦν
2733 1998 3032 2063 αἰδέσιμος.
3062 1998 3170 2052 Καὶ
3206 1997 3424 2050 ἐλαϐεν
3456 1991 3650 2059 αὐτὴν
3688 1994 3723 2047 ὁ

2150 2073 2365 2137 Ἰσαὰκ,
2385 2074 2481 2127 καί
2492 2075 2729 2143 ἐγένετο
2739 2093 2775 2127 ιι
2784 2073 2899 2139 ὺτῷ
2915 2078 3001 2141 είς
3017 2075 3270 2144 γυναῖκα
3288 2075 3383 2128 καί
3404 2072 3724 2142 ἠγάπησεν

2137 2169 2174 2203 (ι
2183 2150 2347 2218 ἰοτὴν.
2369 2152 2466 2204 καί
2490 2151 2837 2221 παρεκλήθη
2854 2152 2987 2220 περί
3006 2152 3236 2221 Σάρῤας
3250 2152 3360 2219 τῆς
3373 2149 3599 2220 μητρὸς
3616 2149 3722 2203 αὐ-

2138 2229 2263 2283 τοῦ.
2295 2231 2409 2299 Οὐχ
2435 2229 2621 2293 ἁπλῶς
2649 2229 2705 2283 δὲ
2731 2230 2903 2284 ταῦτα
2934 2232 3171 2302 εἴρηται,
3203 2232 3286 2284 ὅτι
3312 2229 3597 2299 ήγάπησεν
3623 2227 3721 2281 αὐ-

2136 2311 2255 2377 τὴν,
2300 2308 2397 2359 zeal
2444 2307 2766 2377 παρεκλήθη
2803 2308 2932 2377 περὶ
2974 2308 3073 2377 τῆς
3106 2308 3324 2379 Σάρρας
3367 2305 3467 2375 τῆς
3515 2302 3721 2375 μητρὸς

2136 2389 2324 2455 αὐτοῦ,
2357 2389 2473 2443 ἀλλ’
2500 2390 2590 2443 ἵνα
2627 2389 2806 2461 μάθῃς
2843 2388 2936 2442 τοῦ
2970 2389 3195 2460 φίλτρου
3238 2389 3333 2442 zeal
3372 2386 3474 2457 τῆς
3497 2385 3721 2454 ἀγάπης

2135 2472 2233 2535 τὰς
2262 2471 2568 2535 ὑποθέσεις,
2600 2470 2664 2534 ἀς
2697 2470 2909 2523 οἴκοθεν
2940 2470 3137 2541 ἔχουσα
3169 2466 3333 2541 ἦλθεν
3359 2473 3392 2540 ή
3433 2469 3589 2539 γυνή.
3622 2467 3721 2530 Τίς

2135 2556 2244 2626 γὰρ
2281 2553 2383 2625 τὴν
2429 2553 2689 2625 τοιαύτην
2727 2554 2829 2607 οὐκ
2864 2555 2930 2606 ἂν
2976 2556 3264 2626 ἠγάπησε,
3291 2553 3391 2624 τήν
3436 2552 3579 2604 οὓτω
3617 2548 3719 2603 σώο

2137 2655 2343 2709 φρονα,
2372 2638 2473 2707 τὴν
2504 2636 2649 2690 οὕτω
2696 2637 2959 2705 κοσμίαν,
2990 2638 3090 2707 τήν
3123 2636 3266 2689 οὕτω
3304 2635 3579 2705 φιλόξενον
3624 2634 3721 2687 zeal

2136 2720 2515 2791 φιλάνθρωπον
2545 2720 2638 2771 καί
2667 2719 2895 2788 ἥμερον,
2918 2719 3017 2789 τὴν
3045 2719 3298 2789 ἀνδρείαν
3331 2720 3431 2788 μὲν
3455 2716 3595 2770 κατά
3620 2715 3720 2785 τὴν

2134 2802 2335 2873 ψυχὴν,
2369 2801 2657 2872 ρωμαλέαν
2696 2801 2751 2854 δὲ
2788 2802 2926 2854 κατά
2970 2800 3030 2853 τὸ
3066 2801 3256 2871 σῶμα;
3305 2799 3492 2853 Ταῦτα
3540 2796 3717 2860 εἷπον,

2134 2887 2231 2954 οὐχ
2272 2885 2360 2939 ἵνα
2395 2883 2666 2954 ἀκούσητε
2689 2927 2703 2949 ,
2749 2885 2855 2937 οὐδ’
2888 2885 2975 2938 ἵνα
3024 2884 3357 2948 ἀκούσαντες
3394 2883 3718 2952 ὲπαινέσητε

2139 2968 2319 3037 μόνον,
2350 2966 2465 3020 ἀλλ’
2510 2967 2598 3020 ἵνα
2625 2968 2716 3019 zeal
2742 2965 3043 3038 ζηλώσητε.
3069 2967 3179 3022 Kal
3210 2968 3444 3039 πατέρες
3476 2966 3601 3037 μὲν,
3620 2966 3721 3036 τὴν

2138 3049 2393 3119 πρόνοιαν
2423 3048 2514 3102 τοῦ
2544 3048 2880 3121 πατριάρχου
2916 3049 3195 3120 μιμεῖσθε,
3225 3050 3292 3121 ἣν
3325 3052 3561 3103 ἐποιεῖτο
3594 3050 3720 3120 περὶ

2134 3132 2227 3184 τοῦ
2265 3132 2452 3187 λαϐεῖν
2478 3133 2709 3198 γυναῖκα
2742 3133 3049 3196 ἄπλαστον,
3075 3133 3137 3185 οὐ
3166 3135 3424 3204 χρήματα
3463 3134 3721 3205 ἐπιζητή-

2136 3232 2257 3277 σας,
2281 3216 2344 3268 οὐ
2373 3214 2561 3282 γένους
2588 3214 2972 3285 λαμπρότητα,
3004 3216 3066 3268 οὐ
3095 3214 3346 3285 σώματος
3377 3216 3593 3282 κάλλος,
3618 3217 3719 3270 οὐκ

2134 3296 2262 3350 ἄλλο
2287 3296 2459 3360 οὐδὲν,
2485 3294 2625 3348 ἀλλά
2648 3295 2828 3365 ψυχῆς
2856 3295 3139 3363 εὐγένειαν
3156 3297 3316 3366 μόνον
3337 3311 3349 3323 ·
3376 3296 3612 3366 μητέρες
3633 3297 3713 3359 δὲ,

2134 3377 2280 3432 οὓτω
2331 3378 2429 3440 τάς
2486 3378 2697 3431 ἑαυτῶν
2750 3378 3083 3450 ἀνατρέφετε
3144 3377 3466 3450 Θυγατέρας.
3528 3378 3591 3431 Οἱ
3660 3380 3718 3432 δὲ

2133 3461 2363 3530 ἄγεσθαι
2408 3460 2577 3524 αὐτὰς
2633 3458 2920 3531 μέλλοντες
2965 3461 3226 3532 νυμφίοι,
3261 3461 3401 3532 μετὰ
3449 3460 3719 3533 τοσαύτης

2134 3545 2303 3605 αὐτὰς
2337 3542 2498 3611 ἄγετε
2532 3542 2913 3612 κοσμιότητος,
2953 3542 3172 3615 χορείας
3214 3542 3313 3614 μὲν
3344 3545 3438 3597 zeal
3476 3543 3720 3612 γέλωτας
3826 3560 3831 3565 '

2135 3624 2229 3680 zeal
2269 3625 2492 3696 ῥήματα
2533 3623 2754 3693 αἰσχρὰ,
2800 3624 2894 3677 zeal
2928 3624 3196 3696 σύριγγας
3237 3625 3332 3679 zeal
3360 3626 3590 3701 αὐλοὺς,
3624 3627 3720 3679 zeal

2131 3707 2230 3778 τὴν
2262 3706 2575 3777 διαϐολικὴν
2614 3708 2949 3775 φαντασίαν,
2997 3710 3091 3763 zeal
3134 3709 3201 3762 τὰ
3243 3708 3380 3763 άλλα
3427 3710 3603 3763 πάντα
3651 3709 3719 3764 τὰ

2133 3789 2356 3843 τοιαῦτα
2395 3788 2730 3859 ὲξορίζοντες
2748 3828 2763 3852 ,
2790 3790 2881 3843 τὸν
2919 3791 3050 3844 Θεὸν
3075 3791 3131 3845 δὲ
3161 3791 3248 3846 ἀεὶ
3274 3790 3720 3862 παρακαλοῦντες

2136 3873 2361 3941 μεσίτην
2402 3872 2655 3939 γενέσθαι
2700 3872 2807 3924 τών
2852 3875 3244 3943 πραττομένων
3290 3875 3570 3930 ἀπάντων.
3621 3877 3718 3928 Ἂν

2134 3955 2242 4024 γὰρ
2269 3953 2412 4006 οὑτω
2440 3954 2508 4006 τά
2541 3952 2664 4006 καθ’
2707 3953 2935 4017 ἑαυτοὺς
2957 3958 3403 4027 οἰκονομήσωμεν
3428 3996 3442 4019 ,
3471 3958 3571 4010 οὐκ
3592 3958 3719 4011 ἀπο-

2136 4037 2355 4090 στάσιον
2388 4035 2540 4089 έσται
2572 4036 2724 4100 ποτὲ,
2757 4037 2817 4089 οὐ
2847 4037 3092 4107 μοιχείας
3130 4036 3333 4105 ὑποψία
3353 4078 3367 4102 ,
3392 4040 3453 4091 οὐ
3494 4039 3716 4109 ζηλοτυ·

2135 4120 2264 4183 πίας
2302 4120 2598 4190 πρόφασις,
2632 4121 2694 4173 οὐ
2731 4121 2880 4191 μάχη
2920 4122 3013 4174 zeal
3044 4121 3182 4192 έρις,
3222 4121 3357 4176 ἀλλά
3387 4121 3587 4195 πολλῆς
3618 4124 3717 4194 μὲν

2132 4203 2552 4274 ἀπολαυσὸμεθα
2579 4204 2677 4274 τῆς
2706 4206 2948 4276 εἰρήνης,
2976 4204 3179 4275 πολλῆς
3206 4204 3263 4257 δὲ
3299 4205 3399 4271 τῆς
3432 4205 3710 4278 ὁμονοίας·

2132 4286 2338 4357 ταύτης
2382 4285 2441 4339 δὲ
2493 4285 2689 4357 οῦσης,
2745 4287 2839 4341 zeal
2892 4287 2951 4339 αἰ
3005 4287 3161 4342 ἄλλαι
3224 4286 3440 4352 πάντως
3493 4286 3715 4357 ἕψονται

2131 4370 2339 4441 ἀρεταί.
2386 4370 2596 4442 Ὠσπερ
2641 4370 2772 4442 γάρ,
2819 4372 3079 4439 γυναικὸς
3132 4371 3266 4442 πρὸς
3295 4370 3462 4443 ἄνδρα
3496 4389 3719 4426 στασια-

2133 4456 2356 4524 ζούσης,
2379 4455 2533 4508 οὐδὲν
2559 4455 2709 4523 ὑγιὲς
2735 4453 2886 4508 ἔσται
2914 4455 3006 4509 ἐπὶ
3033 4456 3127 4525 τῆς
3148 4453 3344 4519 οἰκίας,
3372 4454 3475 4509 κᾶν
3497 4455 3713 4510 ἅπαντα

2132 4542 2198 4593 τὰ
2230 4539 2365 4593 ἄλλα
2409 4538 2551 4592 κατά
2591 4537 2718 4608 ῥοῦν
2745 4539 2980 4608 φέρηται
3012 4539 3314 4609 πράγματα
3340 4555 3353 4569 ·
3387 4536 3559 4602 οὕτως
3589 4538 3716 4609 όμο-

2140 4622 2357 4693 νοούσης
2402 4623 2499 4674 zeal
2544 4620 2956 4693 εἰρηνευούσης,
2990 4620 3144 4675 οὐδὲν
3180 4621 3333 4674 ἔσται
3378 4620 3561 4692 ἀηδὲς,
3612 4623 3713 4675 κᾶν

2136 4705 2319 4776 μυρίοι
2343 4705 2608 4775 χειμῶνες
2634 4703 2755 4757 καθ’
2776 4703 3016 4775 ἑκάστην
3042 4703 3330 4757 τίκτωνται
3353 4704 3451 4776 τὴν
3476 4704 3709 4777 ἡμέραν.

2136 4790 2234 4842 ’Ἂν
2263 4789 2435 4852 οὓτως
2482 4789 2531 4840 οἰ
2564 4787 2731 4859 γάμοι
2781 4787 3070 4856 γένωνται,
3116 4788 3209 4841 zeal
3242 4788 3309 4842 τά
3354 4787 3545 4842 παιδία
3575 4790 3715 4859 μετά

2135 4872 2333 4942 πολλῆς
2365 4872 2461 4942 τῆς
2483 4871 2732 4934 εὐκολίας
2761 4872 2839 4932 εἰς
2868 4872 3069 4943 ἀρετὴν
3098 4871 3324 4939 ἀγαγεῖν
3346 4870 3707 4942 δυνησόμεθα.

2136 4957 2304 5019 Ὅταν
2334 4953 2442 5024 γὰρ
2485 4956 2519 5024 ἡ
2562 4956 2747 5025 μήτηρ
2785 4953 2959 5017 οῦτως
2990 4951 3023 5026 ᾖ
3071 4954 3289 5025 κοσμία,
3330 4960 3421 5007 και
3455 4954 3706 5025 σώφρων,

2135 5036 2229 5089 zeal
2259 5036 2438 5087 πᾶσαν
2463 5033 2662 5104 ἀρετὴν
2689 5034 3030 5105 κεκτημένη.
3060 5035 3276 5098 πάντως
3304 5035 3399 5088 zeal
3424 5035 3515 5087 τὸν
3540 5034 3709 5105 ἄνδρα

2134 5114 2275 5168 ἑλεῖν
2332 5112 2619 5183 δυνήσεται
2676 5114 2768 5167 zeal
2820 5113 3189 5184 χειρώσασθαι
3236 5113 3313 5183 τῷ
3365 5114 3492 5184 περὶ
3540 5114 3711 5184 αὐτήν

2133 5192 2316 5262 πόθῳ·
2349 5193 2543 5244 ἑλοῦσα
2576 5193 2634 5246 δὲ
2662 5195 2845 5259 αὐτὸν,
2880 5193 3017 5265 μετὰ
3060 5193 3259 5263 πολλῆς
3298 5192 3408 5259 ἕξει
3447 5191 3545 5263 τῆς
3577 5209 3709 5264 προ-

2137 5272 2337 5341 θυμίας
2378 5271 2678 5342 βοηθοῦντα
2706 5273 2844 5344 πρὸς
2873 5275 2971 5341 τὴν
3000 5271 3109 5325 τῶν
3139 5271 3341 5324 παίδων
3369 5270 3710 5342 ἐπιμέλειαν,

2134 5350 2228 5404 zeal
2273 5349 2363 5402 τὸν
2416 5350 2548 5405 Θεὸν
2596 5349 2772 5415 οὕτως
2813 5352 3176 5405 ἐπισπάσεται
3221 5350 3358 5421 πρὸς
3402 5349 3501 5420 τὴν
3540 5348 3709 5422 αὐτὴν

2133 5428 2335 5501 ταύτην
2384 5430 2676 5501 πρόνοιαν*
2732 5432 2942 5485 ἐκείνου
2985 5432 3041 5485 δέ
3084 5430 3563 5500 συνεφαπτομένου
3610 5430 3713 5501 τῆς

2134 5509 2304 5579 καλῆς
2326 5508 2529 5580 ταύτης
2559 5511 2892 5581 οἰκονομίας,
2922 5512 3017 5565 zeal
3041 5509 3141 5572 τάς
3167 5508 3344 5580 ψυχὰς
3367 5509 3475 5563 τῶν
3503 5510 3711 5565 παίδων

2134 5586 2447 5651 ἀσκοῦντος,
2489 5589 2644 5641 οὐδὲν
2673 5590 2836 5658 ἀηδὲς
2877 5590 3029 5642 ἔσται
3060 5588 3274 5650 λοιπὸν,
3320 5588 3455 5642 ἀλλά
3499 5590 3596 5643 καὶ
3641 5594 3711 5646 τά

2133 5667 2231 5736 τῆς
2264 5667 2441 5732 οἰκίας
2468 5664 2527 5721 εὖ
2564 5668 2917 5730 διακείσεται,
2945 5669 3054 5721 τῶν
3083 5668 3360 5739 ἀρχόντων
3386 5667 3531 5724 οὕτω

2133 5744 2491 5815 διακειμένων
2511 5763 2524 5777 ·
2555 5748 2649 5800 zeal
2674 5748 2810 5819 μετά
2837 5750 2933 5819 τῆς
2966 5748 3142 5812 οἰκίας
3170 5746 3345 5812 οὕτως
3376 5748 3603 5814 ἕκαστος
3625 5749 3710 5803 δυο

2133 5824 2374 5893 νήσεται,
2404 5827 2503 5897 τῆς
2535 5827 2731 5881 ἑαυτοῦ
2761 5829 3017 5896 γυναικὸς
3048 5827 3213 5895 λέγω,
3254 5828 3345 5881 zeal
3378 5829 3585 5883 παίδων
3615 5831 3710 5882 zeal

2128 5902 2375 5972 οἰκετῶν,
2407 5906 2499 5960 zeal
2525 5906 2614 5959 τὸν
2643 5906 2876 5961 ἐνταῦθα
2907 5907 3044 5977 μετά
3078 5906 3262 5972 ἀδείας
3292 5907 3508 5977 ἀπάσης
3533 5904 3706 5961 διανύ-
