4110 6198
351 333 449 391 2H

355 458 604 519 grattam,
628 447 1026 518 benignitatem,
1057 453 1108 500 et
1145 446 1561 500 miscricordiam
1606 461 1754 500 suam
1804 460 1937 497 con-

353 539 509 595 cedat
541 538 798 595 Dominus
827 548 1006 593 noster
1024 537 1178 592 .lesus
1194 536 1460 602 Christus,
1479 551 1599 590 cum
1631 551 1736 605 quo
1755 534 1894 588 Patri
1920 574 1935 598 ,

358 628 624 699 simulque
647 627 866 696 Spiritui
897 626 1103 682 vivifico
1133 634 1187 680 et
1211 635 1399 680 sancto
1417 625 1606 695 gloria,
1627 623 1930 692 imperium,

1159 335 1222 388 IN
1265 332 1516 391 DlCTUM
1558 332 1782 397 PAULI,
1824 331 2002 387 N0l.0
2043 327 2170 385 VOS
2209 327 2577 393 IGNORARE,
2620 323 2768 381 ETC.

3516 311 3620 365 243

2047 455 2101 500 et
2147 445 2336 509 honor,
2367 457 2506 496 ntttte
2531 450 2584 495 et
2613 453 2844 508 semper,
2869 446 2921 491 et
2946 437 2998 492 itt
3039 432 3233 491 szeeula
3275 422 3616 488 surculorum.

2049 539 2241 592 Amen.

385 866 3592 897 W

1081 1197 1299 1260 Νοιο
1344 1197 1498 1258 VOS
1539 1195 1986 1269 IGNORARE,
2035 1195 2434 1267 FRATRES,
2481 1192 2736 1266 QUOD,
2781 1208 2918 1253 nc.

380 1406 618 1460 habitam
653 1403 823 1460 fuisse
842 1403 928 1459 vel
960 1401 1083 1458 inde
1115 1403 1306 1474 liquet,
1339 1405 1486 1474 quod
1522 1403 1664 1460 dicta
1699 1405 1771 1460 sit
1806 1417 1929 1476 post
1963 1404 2160 1461 festum
2192 1405 2368 1461 sancti
2405 1403 2694 1469 Barlaami,
2725 1401 3026 1458 Antiochiae
3058 1399 3319 1458 celebrari
3359 1402 3577 1456 solitum
3600 1434 3618 1462 .

381 1529 441 1572 ut
478 1517 659 1573 videas
684 1517 739 1572 in
773 1515 976 1572 Monito
1001 1517 1068 1571 ad
1105 1516 1394 1573 llomiliam
1423 1520 1476 1573 in
1511 1528 1760 1576 sanctum
1791 1520 2136 1576 Barlaamum
2172 1519 2332 1575 Tom.
2371 1521 2437 1575 il.
2473 1519 2846 1592 Chrysostomi
2885 1533 3083 1588 scopus
3115 1524 3193 1572 est
3223 1517 3621 1580 demonstrare,

384 1633 551 1689 resin
600 1634 769 1689 veteri
798 1632 938 1707 Lege
966 1645 1118 1690 actas
1145 1635 1451 1691 futurarum
1487 1651 1668 1691 rerum
1704 1638 2148 1708 praedictionibus
2182 1638 2340 1693 fidem
2374 1637 2592 1692 facere:
2623 1649 2852 1706 esseque
2884 1633 3006 1688 illas
3043 1645 3225 1687 rerum
3277 1629 3400 1684 novi
3427 1629 3622 1684 Testa-

385 1747 550 1800 ntenti
576 1754 760 1817 typum
780 1757 834 1802 et
860 1749 1129 1804 umbram.
1162 1747 1518 1813 Mareionem,
1550 1748 1904 1804 Manichatmu
1949 1759 2003 1804 ct
2044 1749 2269 1804 Paulum
2309 1747 2724 1804 Samosatenunt
2768 1747 2943 1800 obiter
2976 1744 3323 1814 perstringit,
3351 1751 3404 1796 et
3432 1749 3624 1811 postu-

387 1862 510 1918 latis
541 1861 593 1916 iu
620 1863 726 1918 fine
753 1873 1068 1920 sanctorum
1103 1865 1358 1935 precibus
1390 1865 1669 1920 homiliatn
1711 1865 1935 1919 claudit.

458 1972 653 2028 incerti
683 1972 1187 2044 interpretationem
1214 1974 1484 2041 Latinam,
1521 1982 1708 2042 utpote
1737 1988 1844 2030 non
1875 1981 2205 2033 accuratam,
2237 1972 2546 2042 rejecimus,
2575 1983 2880 2032 novamque
2909 1969 3238 2038 paravimus.

380 2198 1622 2225 Μ

1717 2216 2393 2226 .__.-——__—————__.
2416 2218 2810 2230 ——-—-——.__

1304 2621 1413 2693 IN
1454 2618 2204 2695 APOSTOLICUM
2253 2618 2693 2705 DICTUM,

370 2785 530 2829 ηοω
575 2787 684 2830 νος
727 2788 1070 2842 IGNORARE,
1118 2789 1422 2845 ιηιΑτιιιῖε,
1468 2789 1638 2854 QUOD
1671 2790 1905 2834 PATRES
1946 2790 2168 2834 NOSTRI
2212 2791 2419 2834 OMNES
2465 2791 2580 2832 SUB
2612 2789 2775 2831 NUBE
2809 2788 3122 2838 FURRUN'I‘,
3172 2787 3250 2827 ΕΤ
3277 2784 3483 2828 ωιηε
3515 2783 3628 2826 PII!

1283 2889 1456 2932 Imm
1505 2889 1949 2933 'I‘RANSIEBUNT
1993 2871 2250 2951 (t.Cor.
2300 2873 2396 2932 10.
2448 2871 2531 2950 1)
2581 2870 2689 2949 (u).

440 3097 491 3150 l.
533 3095 718 3150 Nauta:
747 3114 864 3151 eam
893 3099 1054 3153 maris
1077 3108 1280 3168 partem
1311 3099 1561 3155 libentius
1585 3101 1941 3171 frequentant,

356 3203 486 3258 qua:
515 3188 697 3244 multis
727 3190 964 3259 portibus
986 3190 1276 3262 insulisque
1303 3194 1555 3248 instructa
1587 3202 1687 3248 est.
1723 3194 1948 3265 Pelagus

367 3278 512 3333 enim
534 3280 788 3348 portubus
817 3283 1150 3345 destitutum,
1177 3283 1336 3337 etiam
1369 3283 1656 3352 tranquillo
1679 3293 1943 3354 tempore,

369 3368 593 3424 multum
637 3371 826 3427 incutit
863 3374 1230 3443 navigantibus
1276 3383 1560 3429 tremorem
1590 3392 1604 3429 :
1635 3375 1724 3430 ubi
1765 3385 1944 3432 autem

369 3471 558 3530 portus
586 3472 640 3517 et
667 3461 842 3518 littora
871 3465 1240 3536 undecumque
1266 3475 1468 3534 patent,
1489 3482 1610 3522 cum
1637 3483 1826 3539 magna
1857 3483 1945 3524 se-

367 3553 592 3606 curitate
615 3555 878 3624 navigant.
915 3555 1129 3610 Etiamsi
1155 3558 1294 3611 enim
1322 3574 1467 3612 mare
1488 3559 1945 3628 aliquantum‘sat-

368 3644 482 3698 vire
534 3645 768 3714 videant,
826 3663 948 3703 eum
998 3649 1050 3703 in
1094 3651 1338 3720 proximo
1386 3650 1645 3722 refugium
1697 3651 1944 3720 habeant,

372 3744 614 3806 prompte
645 3735 903 3808 facileque
926 3749 1147 3808 possunt
1169 3740 1238 3796 ab
1266 3741 1582 3796 instantibus
1608 3745 1859 3814 periculis
1885 3746 1949 3800 li-

373 3825 560 3879 berari.
596 3825 893 3898 Eapropter
911 3844 1017 3883 non
1046 3829 1204 3885 modo
1229 3847 1347 3886 cum
1378 3849 1540 3902 prope
1566 3843 1776 3904 porttun
1799 3847 1945 3904 sunt,

369 3914 462 3968 sed
491 3915 698 3970 etiamsi
742 3919 927 3987 procul
970 3921 1097 3986 sint,
1143 3936 1172 3974 a
1215 3922 1330 3976 solo
1358 3933 1539 3991 portus
1578 3936 1794 3994 aspectu
1837 3943 1950 3980 nta-

369 4019 527 4072 gnam
548 4007 964 4063 consolationem
992 4011 1277 4079 accipiunt.
1311 4011 1424 4066 Non
1446 4015 1586 4067 enim
1619 4031 1801 4084 parum
1830 4016 1949 4072 illos

373 4111 614 4151 recreare
661 4099 837 4153 solent
876 4101 1136 4155 montium
1175 4103 1447 4157 cacumina
1478 4106 1658 4174 procul
1705 4106 1836 4172 visa,
1868 4106 1948 4162 fu-

371 4203 491 4240 mus
518 4188 794 4256 exsiliens,
843 4199 898 4245 et
943 4194 1120 4246 Ovium
1146 4209 1336 4264 greges
1379 4193 1444 4248 ad
1472 4195 1620 4250 littus
1644 4205 1944 4266 pascentes.

373 4277 569 4334 Verum
609 4280 698 4334 ubi
733 4280 798 4334 ad
838 4291 1022 4352 portus
1066 4285 1360 4354 ingressum
1390 4287 1740 4356 devenerunt,
1791 4290 1946 4360 plena

373 4368 622 4425 fruuntur
650 4370 853 4425 ltetitia.
882 4372 1032 4428 Tunc
1057 4376 1199 4429 enim
1229 4385 1284 4431 et
1325 4392 1532 4431 remum
1558 4378 1853 4450 deponunt,
1895 4390 1949 4436 et

369 4475 596 4530 corpora
659 4462 926 4533 salsugine
996 4463 1239 4520 confecta
1296 4467 1611 4536 potabilibus
1678 4470 1949 4527 oblectant

365 4554 541 4622 aquis.
571 4563 625 4609 et
650 4552 717 4608 ad
757 4555 905 4610 littus
940 4557 1161 4626 egressi,
1193 4557 1244 4610 itt
1274 4571 1519 4628 terraque
1562 4561 1717 4615 nudis
1751 4577 1946 4631 corpo-

373 4645 522 4699 ribus
549 4647 876 4716 aliquantum
907 4660 1202 4712 versantes,
1232 4649 1502 4704 nauticum
1542 4667 1702 4706 omne
1732 4654 1944 4710 taedium

371 4736 663 4804 deponunt.
693 4737 1151 4803 Quemadmodum
1183 4741 1340 4808 igitur
1362 4741 1434 4795 illi
1472 4756 1589 4796 eam
1632 4743 1794 4796 maris
1824 4759 1944 4813 par-

374 4837 479 4882 tem
508 4827 757 4884 libentius
795 4831 1186 4900 amplexantur,
1219 4833 1287 4887 ob
1313 4833 1613 4904 frequentes
1641 4835 1756 4890 illas
1784 4847 1838 4891 et
1860 4854 1946 4891 as-

371 4919 553 4976 siduas
587 4922 948 4977 recreationes
978 4938 992 4976 :
1024 4922 1094 4977 ita
1131 4932 1185 4978 et
1218 4939 1317 4996 ego
1343 4923 1480 4980 hanc
1503 4927 1627 4981 anni
1661 4937 1947 4996 tempesta-

371 5023 479 5069 tem
516 5015 746 5070 maxime
773 5015 956 5086 diligo,
994 5031 1099 5071 non
1127 5019 1249 5086 quia
1291 5018 1496 5074 liberati
1535 5035 1719 5075 sumus
1750 5021 1945 5087 hieme,

369 5119 469 5160 nec
486 5105 630 5176 quod
665 5115 852 5162 testate
890 5105 1127 5162 fruamur
1157 5109 1393 5180 zephyro
1436 5110 1669 5166 suaviter
1705 5111 1944 5177 afllaute,

368 5196 460 5251 sed
489 5197 610 5266 quia
638 5196 828 5251 adsunt
848 5198 1149 5266 spirituales
1177 5210 1378 5270 portus,
1409 5199 1498 5270 qui
1524 5218 1619 5254 nos
1646 5202 1949 5272 frequenter

367 5290 675 5360 excipiunt,
722 5290 840 5345 festi
885 5305 1075 5360 nempe
1117 5300 1427 5346 sanctorum
1467 5303 1763 5362 martyrum
1807 5293 1944 5351 dies.

368 5379 482 5433 Non
521 5378 664 5434 enim
711 5390 900 5449 portus
943 5379 1162 5449 perinde
1211 5390 1416 5446 nautas,
1466 5390 1624 5450 atque
1675 5382 1787 5436 dies
1830 5383 1946 5438 festi

366 5490 672 5536 sanctorum
692 5480 880 5536 horum
911 5480 1093 5535 ﬁdeles
1119 5494 1363 5536 recreare
1386 5480 1576 5534 solent.
1604 5479 1726 5534 Illos
1749 5482 1943 5551 quippe

367 5586 394 5624 a
439 5568 691 5626 fluctuum
752 5571 950 5642 impetu
997 5579 1052 5626 et
1090 5571 1339 5626 diuturna
1378 5571 1721 5639 rentigatioue
1763 5582 1945 5642 portus

368 5664 626 5726 liberant;
655 5662 752 5716 hos
781 5673 959 5716 autem
988 5661 1053 5716 ad
1098 5672 1388 5732 martyrum
1432 5660 1822 5717 solemnitatem
1854 5679 1938 5719 ac-

429 5778 503 5840 (Ω)
537 5777 709 5827 milata
735 5791 842 5828 cum
869 5786 970 5828 uss.
996 5775 1284 5827 Oolbertinis
1303 5775 1395 5825 070
1421 5781 1471 5825 et
1493 5775 1636 5826 3058.

2057 3100 2328 3163 cedentes,
2366 3114 2395 3152 a
2427 3099 2655 3152 violenta
2689 3115 2780 3166 per
2809 3098 3071 3168 malignos
3103 3099 3445 3167 impurosque
3473 3094 3630 3165 spiri-

2055 3199 2157 3250 tus,
2191 3204 2389 3259 perque
2432 3189 2690 3243 absortlas
2717 3189 3066 3258 cogitationes
3107 3189 3159 3241 itt
3201 3188 3380 3241 animo
3403 3186 3630 3241 excitata

2055 3289 2397 3350 tempestate,
2430 3288 2738 3333 sanctorum
2775 3279 3030 3332 memoria
3059 3277 3244 3346 eripit.
3273 3276 3397 3331 Sive
3424 3274 3544 3343 quis
3564 3289 3626 3328 ex

2054 3373 2296 3440 publicis,
2328 3371 2442 3426 sive
2484 3385 2548 3424 ex
2577 3370 2796 3439 privatis
2838 3369 3063 3439 negotiis
3103 3382 3335 3422 maerore
3359 3375 3632 3421 contracto

2053 3463 2156 3519 huc
2210 3463 2569 3534 ingrediatur,
2622 3462 2714 3517 illo
2755 3475 2973 3531 prorsus
3023 3461 3266 3530 deposito
3312 3459 3630 3520 revertitur,

2051 3567 2211 3626 atque
2239 3555 2541 3626 expeditior
2563 3555 2832 3623 leviorque
2856 3554 2985 3619 abit,
3011 3569 3116 3607 non
3146 3554 3316 3621 posito
3343 3565 3510 3614 remo,
3536 3564 3632 3603 nec

2054 3649 2250 3704 relictis
2277 3648 2674 3718 gubernaculis,
2705 3647 2796 3700 sed
2825 3661 3049 3700 excussa
3077 3644 3162 3699 illa
3192 3659 3417 3699 onerosa
3452 3643 3628 3696 varia-

2051 3756 2156 3811 que
2201 3741 2470 3796 ssecularis
2514 3741 2742 3796 tristitia:
2791 3739 3018 3803 sarcina,
3073 3737 3348 3808 multaque
3392 3733 3628 3805 repletus

2052 3835 2214 3889 animi
2260 3835 2461 3888 laetitia.
2499 3833 2699 3887 llorum
2747 3832 2983 3886 omnium
3019 3846 3111 3884 vos
3154 3838 3317 3886 testes
3347 3829 3497 3890 estis,
3539 3831 3626 3894 qui

2053 3925 2106 3980 itt
2135 3926 2518 3980 certaminibus
2560 3925 2699 3978 beati
2743 3923 2982 3977 Barlaam
3030 3921 3143 3975 lteri
3175 3920 3252 3990 (α)
3283 3917 3552 3982 Oblectati,
3581 3927 3634 3971 et

2052 4033 2172 4082 cum
2209 4031 2398 4086 magna
2432 4016 2814 4084 tranquillitate
2841 4015 2892 4066 itt
2921 4013 3037 4080 ejus
3061 4019 3268 4082 portum
3297 4009 3624 4070 festinantes,

2054 4109 2384 4163 smculariutn
2422 4121 2671 4160 curarum
2716 4105 3035 4176 salsuginem
3063 4103 3326 4167 abluistis,
3354 4112 3512 4173 atque
3539 4117 3633 4156 au-

2051 4199 2176 4254 ditis
2203 4199 2270 4253 de
2318 4200 2410 4254 illo
2452 4199 2812 4265 scrtttonihus,
2862 4198 3007 4252 leves
3049 4204 3104 4250 et
3143 4194 3374 4265 expediti
3414 4195 3630 4249 domum

2055 4291 2373 4346 recessisus.
2405 4293 2474 4345 At
2496 4306 2624 4346 ecce
2652 4291 2753 4344 alia
2787 4299 3077 4362 martyrum
3117 4288 3322 4342 accedit
3346 4287 3629 4341 festivitas.

2055 4381 2234 4436 Donec
2263 4381 2422 4452 igitur
2441 4380 2506 4436 ad
2529 4382 2739 4435 illorum
2765 4390 2974 4448 portum
3001 4378 3346 4447 appellamus.
3380 4392 3477 4447 age
3499 4392 3628 4431 nau-

2055 4483 2134 4528 tas
2164 4475 2464 4540 imitemur;
2497 4483 2552 4530 et
2577 4475 2712 4529 sicut
2754 4473 2829 4528 illi
2873 4471 3178 4542 navigantes
3213 4471 3264 4525 in
3293 4471 3482 4541 pelago
3505 4485 3631 4524 can-

2053 4574 2188 4632 tant,
2222 4577 2379 4621 cautu
2409 4567 2642 4622 laborem
2689 4565 2978 4619 sedantes:
3013 4562 3081 4616 ita
3121 4569 3178 4617 et
3216 4576 3314 4616 nos
3355 4561 3528 4616 donec
3565 4561 3631 4615 ad

2055 4655 2267 4710 illorum
2295 4666 2504 4725 portutn
2534 4655 2887 4725 appellamus,
2925 4653 3228 4724 spirituales
3255 4653 3511 4722 quosdam
3545 4653 3628 4708 in-

2055 4758 2138 4802 ter
2191 4763 2286 4800 nos
2329 4747 2666 4802 conferamus
2710 4762 3007 4811 sermones,
3052 4747 3210 4801 beato
3262 4746 3428 4800 Paulo
3471 4746 3626 4816 hujus

2055 4839 2256 4906 pulchri
2293 4839 2538 4908 colloquii
2566 4839 2702 4892 duce
2729 4837 3038 4902 constituto,
3072 4845 3130 4892 ut
3156 4853 3299 4902 eum,
3331 4853 3431 4908 qua
3457 4837 3630 4905 jusse-

2054 4930 2122 4982 rit
2141 4928 2232 4983 ille
2259 4929 2362 4991 via,
2386 4943 2690 4998 sequamur.
2713 4929 2950 4994 Quanam
2979 4942 3140 4997 porro
3165 4928 3316 4998 sequi
3338 4928 3418 4981 via
3439 4927 3629 4997 jubet?

2054 5022 2157 5076 Per
2187 5020 2453 5076 desertum
2481 5030 2536 5075 et
2569 5037 2662 5089 per
2687 5020 2960 5084 miracula,
2993 5035 3112 5090 qua:
3138 5018 3243 5075 illic
3266 5021 3620 5090 contigerunt.

2055 5112 2263 5167 Etenim
2289 5112 2510 5169 audistis
2540 5114 2686 5167 illum
2717 5113 2872 5168 Itodie
2894 5111 2972 5168 sic
2991 5114 3308 5168 clamantem
3339 5129 3354 5165 :
3385 5110 3522 5165 Nolo
3544 5127 3627 5163 ras

2052 5203 2304 5274 ignorare,
2345 5203 2548 5273 fratres,
2585 5204 2720 5272 quod
2763 5216 2931 5273 patres
2963 5205 3122 5259 nostri
3155 5220 3326 5256 omnes
3371 5202 3462 5256 sub
3500 5203 3630 5255 nubs

2053 5295 2274 5364 fuerunt,
2317 5305 2363 5348 et
2391 5311 2564 5349 omnes
2602 5313 2690 5366 per
2738 5312 2876 5349 utare
2905 5297 3230 5359 transierunt,
3275 5306 3323 5349 et
3369 5311 3537 5348 eomes
3578 5296 3629 5347 in

2056 5387 2281 5457 Moysem
2311 5388 2551 5457 baptismi
2580 5395 2716 5451 sunt,
2749 5397 2794 5440 ct
2819 5403 2990 5462 omnes
3021 5387 3245 5441 eamdem
3281 5403 3445 5440 escam
3475 5388 3627 5456 spiri-

2051 5479 2236 5530 tualem
2283 5478 2623 5541 comederunt,
2680 5486 2727 5530 et
2777 5493 2947 5530 omnes
2991 5479 3221 5530 eumdem
3270 5486 3440 5547 potum
3475 5477 3628 5546 spiri-

2053 5569 2236 5624 tualem
2265 5569 2511 5625 biberunt.
2543 5569 2780 5622 Bibeltmtt
2831 5570 2960 5622 enim
3011 5570 3072 5623 de
3124 5569 3376 5637 spirittmlt'
3404 5581 3630 5640 sequente

2053 5673 2230 5734 petra;
2256 5674 2396 5731 petra
2422 5671 2587 5715 autem
2624 5672 2732 5715 erat
2757 5661 3005 5717 Christus.
3040 5662 3144 5718 Sed
3184 5679 3283 5714 non
3319 5662 3372 5716 in
3399 5663 3627 5732 pluribus

2114 5776 2187 5842 (α)
2220 5779 2304 5830 Die
2330 5779 2622 5842 t-raecedcuti
2645 5779 2707 5831 de
2732 5785 2878 5830 Beato
2901 5778 3110 5831 Barlaam
3127 5779 3285 5833 fuerat
3300 5783 3625 5834 conclamans.
