4110 6198
409 292 520 352 245

403 415 582 458 eorum
633 404 991 474 beneplacitum
1022 405 1117 476 fuit
1171 406 1272 458 De)
1298 419 1316 458 :
1344 403 1581 474 prostrati
1625 403 1754 455 enim
1795 410 1907 454 sunt
1943 401 1994 453 in

419 493 632 548 deserto.
680 491 801 547 liter:
839 504 1005 546 autem
1034 495 1213 564 ﬁgurae
1252 495 1412 548 nostri
1440 497 1600 564 fuere,
1631 502 1684 544 ut
1715 508 1817 545 non
1843 491 1998 544 simus

423 584 825 654 concupiscentes
849 585 1117 652 mulorum,
1140 587 1267 640 sicut
1293 595 1338 639 et
1359 586 1436 638 illi
1461 584 1888 650 concupiuerunt;
1915 599 2001 636 ne-

423 692 518 742 que
541 675 828 731 idololatrat
850 677 1028 744 simus,
1060 678 1186 732 sicut
1215 677 1421 747 quidam
1459 675 1683 734 illorum.
1717 675 1846 727 sicut
1871 673 1998 728 scri-

430 779 578 836 ptum
609 780 685 823 est
709 783 725 820 :
752 769 896 823 Sedit
924 769 1148 837 populus
1173 766 1494 820 manducare
1519 775 1566 820 et
1600 765 1790 831 bibere,
1810 774 1859 818 et
1890 780 2005 818 sur-

435 867 682 911 rexerunt
717 857 914 911 ludere.
949 855 1130 925 Neque
1159 856 1498 925 fornicamur,
1531 856 1665 908 sicut
1695 854 1907 923 quidam
1936 855 2010 908 il-

433 947 603 1002 lorum
623 948 874 1016 fornicati
897 957 1042 1008 sunt,
1059 958 1104 1000 et
1131 947 1426 1000 ceciderunt
1446 964 1549 1000 uno
1573 947 1674 1010 die,
1699 947 1884 1016 viginti
1905 947 2010 999 tria

432 1039 626 1095 millia.
648 1037 824 1108 Neque
843 1031 1095 1091 tentemus
1115 1037 1400 1100 Christum,
1419 1040 1552 1091 sicut
1569 1037 1780 1107 quidam
1794 1037 2006 1090 illorum

432 1140 780 1192 tentaverunt,
803 1139 850 1183 et
873 1147 902 1182 α
921 1128 1244 1196 serpentibus
1265 1130 1549 1199 perierunt.
1577 1127 1756 1198 Neque
1775 1144 2008 1180 murmu-

431 1236 627 1283 remus,
648 1222 783 1274 sicut
805 1221 1021 1291 quidam
1045 1221 1257 1274 illorum
1278 1230 1756 1282 murmuraverunt,
1776 1228 1822 1271 et
1845 1219 2007 1287 perie-

430 1322 550 1366 runt
581 1311 645 1364 ab
674 1313 1076 1396 exteg'minatore
1098 1311 1142 1382 (Ι
1174 1311 1295 1365 Cor.
1327 1312 1409 1366 l0.
1435 1313 1590 1377 t—lO;
1627 1311 1795 1364 Exod.
1821 1309 1999 1379 52.6).

434 1403 696 1458 Videntur
713 1402 934 1472 quidem
967 1403 1079 1457 haec
1100 1403 1386 1457 maui'esta
1425 1419 1576 1470 esse;
1599 1405 1692 1457 sed
1715 1405 2004 1474 diligenter

433 1493 835 1548 advertenlibus
881 1493 1264 1549 dubitationem
1306 1493 1533 1549 alterunt
1577 1508 1684 1549 non
1723 1495 2016 1564 vulgarem.

435 1582 646 1640 Etenim
677 1586 846 1655 primo
874 1587 1154 1657 quaeritur,
1181 1601 1277 1641 cur
1303 1593 1513 1640 veteres
1552 1595 1814 1641 memoret
1850 1585 2020 1641 histo-

434 1676 541 1729 rias
567 1693 580 1728 :
611 1685 666 1730 et
706 1691 808 1745 qua
847 1676 1244 1745 consequentia,
1285 1691 1407 1732 cum
1453 1675 1522 1730 de
1573 1676 1637 1729 iis
1679 1675 2018 1746 disputasset,

433 1779 554 1833 qua:
583 1764 737 1818 idolis
765 1773 887 1818 sunt
913 1766 1204 1831 immolata,
1237 1765 1288 1819 in
1319 1764 1457 1818 hanc
1494 1764 1737 1819 inciderit
1761 1765 2021 1820 narratio-

439 1870 584 1922 nem,
613 1869 672 1908 ea
702 1854 928 1910 atl‘erens
952 1855 1003 1910 in
1034 1855 1286 1923 medium,
1316 1871 1434 1926 qua:
1462 1857 1512 1910 in
1545 1855 1760 1910 deserto
1788 1856 2025 1925 contige-

439 1954 580 2000 runt.
610 1945 793 2016 Neque
819 1947 962 2001 enim
1007 1956 1208 2002 temere
1245 1946 1327 2001 vel
1381 1945 1597 2001 fortuito
1633 1960 1760 2000 casu
1812 1955 2025 2001 sanctus

439 2038 532 2093 ille
556 2037 808 2108 loquitur,
847 2039 940 2093 sed
976 2054 1096 2094 cum
1131 2055 1320 2110 magna
1346 2039 1746 2109 consequentia,
1785 2047 1839 2094 et
1864 2053 2026 2094 accu-

439 2139 607 2183 ratam
654 2144 868 2199 semper
919 2138 1094 2185 servat
1143 2130 1408 2184 dictorum
1454 2131 1878 2184 consonantiam.
1923 2129 2029 2184 Cur

440 2237 567 2293 ergo
607 2230 660 2276 et
698 2221 840 2277 unde
874 2223 924 2276 in
969 2223 1106 2278 hanc
1137 2223 1320 2278 incidit
1372 2222 1683 2277 historiam?
1718 2222 2031 2292 lncrepabat

441 2321 664 2390 eos,qui
690 2326 890 2374 temere
921 2326 975 2372 et
998 2318 1112 2372 sine
1131 2321 1374 2372 examine
1397 2316 1461 2371 ad
1487 2317 1624 2371 idola
1654 2315 2028 2386 ingredieban-

445 2423 551 2482 tur,
584 2411 759 2482 deque
800 2415 998 2484 polluta
1036 2427 1222 2471 mensa
1246 2409 1623 2482 degustabant,
1671 2417 1830 2478 atque
1857 2407 2029 2462 idolo-

444 2507 594 2578 thyla
643 2506 1021 2577 contingebant
1047 2526 1060 2561 :
1089 2517 1141 2562 et
1186 2522 1307 2561 cum
1353 2503 1674 2561 ostendisset
1709 2503 1860 2575 ipsos
1895 2500 2033 2558 .hinc

445 2594 644 2664 duplici
662 2595 858 2650 damno
886 2595 1048 2664 allici,
1079 2613 1198 2652 cum
1227 2606 1283 2651 et
1327 2596 1551 2650 inﬁrmis
1595 2595 1914 2651 oll'endiculo
1941 2611 2030 2652 es-

448 2695 587 2750 sent,
619 2695 674 2741 et
700 2687 798 2758 ipsi
831 2687 1131 2742 d:rmonum
1159 2687 1440 2758 participes
1465 2695 1647 2742 essent
1671 2700 1686 2740 :
1711 2697 1764 2742 et
1791 2701 1912 2742 cum
1941 2702 2036 2756 per

447 2775 700 2846 praedicta
746 2779 876 2832 satis
903 2779 1332 2833 illorumanimos
1359 2779 1705 2846 coercuisset,
1729 2779 2028 2836 docuisset-

449 2882 574 2936 que,
605 2878 854 2938 0p0rtere
880 2870 1089 2926 lidelem
1118 2886 1223 2925 non
1267 2886 1361 2925 sua
1390 2880 1590 2924 tantum
1617 2873 1904 2941 respicere,
1941 2871 2033 2926 sed

451 2957 610 3011 etiam
647 2973 731 3022 ea,
759 2975 878 3028 quze
922 2961 1149 3015 aliorum
1191 2961 1479 3016 multorum
1517 2975 1658 3027 sunt,
1693 2963 1879 3017 volens
1907 2962 2036 3032 ipsis

455 3048 698 3104 timorem
722 3050 941 3116 addere,
970 3061 1179 3107 veteres
1204 3051 1453 3107 historias
1475 3063 1875 3108 commemorat.
1904 3053 2036 3121 Quia

453 3143 596 3198 enim
624 3143 698 3198 illi
721 3145 884 3198 altum
910 3145 1206 3216 sapiebant,
1235 3154 1419 3216 utpote
1447 3144 1652 3211 ﬁdeles,
1687 3155 1739 3200 et
1763 3147 1830 3199 ah
1855 3161 2039 3201 errore

455 3233 684 3299 liberati,
727 3243 887 3306 atque
931 3237 1206 3292 scientiam
1253 3238 1544 3306 assequuti,
1593 3246 1648 3291 et
1691 3236 2034 3292 inrﬁ‘abilium

456 3326 828 3396 mysteriorum
869 3328 1154 3398 participes
1191 3328 1386 3391 etl'ecti,
1424 3327 1492 3382 ad
1522 3343 1853 3398 regnumque
1877 3327 2040 3384 ecclo-

457 3432 574 3471 rum
603 3419 772 3472 vocati
805 3435 819 3473 :
851 3419 1127 3474 declarare
1147 3420 1330 3474 volens
1354 3434 1540 3474 eorum
1571 3420 1770 3474 nullam
1799 3435 1918 3476 esse
1940 3422 2045 3474 uti-

458 3509 676 3570 litatem,
728 3509 826 3562 nisi
867 3508 1081 3563 adesset
1126 3509 1425 3579 vita_tant:e
1468 3511 1653 3580 gratia:
1693 3525 1949 3578 consona,
1976 3525 2040 3567 ex

461 3601 627 3655 veleri
659 3601 875 3655 historia
901 3601 1044 3669 ipsos
1071 3602 1265 3655 erudit.

535 3689 590 3743 2.
620 3689 723 3744 Cur
751 3689 945 3745 Paulus
984 3691 1048 3744 de
1085 3692 1243 3759 poenis
1272 3703 1592 3761 peccatorum
1615 3693 1822 3763 loquens
1859 3693 2045 3748 Veteris

465 3779 768 3836 Testamenti
808 3783 966 3837 verbis
1007 3792 1181 3836 utatur
1211 3785 1376 3854 potius
1411 3801 1564 3856 quam
1593 3784 1745 3839 Novi.
1772 3783 2044 3840 Praeterita

462 3881 598 3941 gesta
618 3872 902 3942 futurorum
932 3875 1336 3943 prwdirtionibus
1362 3876 1512 3944 ﬁdem
1535 3877 1746 3946 faciunt.
1764 3906 1835 3917 —
1855 3878 1923 3930 At
1945 3876 2044 3932 hoc

466 3963 633 4026 ipsum
685 3964 880 4018 multas
923 3965 1297 4035 complectitur
1341 3967 1682 4036 qumstiones.
1713 3966 1820 4022 Cur
1844 3981 1948 4021 non
1977 3983 2042 4022 ex

465 4054 640 4109 verbis
664 4054 856 4109 Christi
878 4058 931 4113 in
953 4057 1241 4132 Evangelio
1263 4057 1448 4126 positis
1469 4073 1590 4112 cum
1617 4057 1745 4127 ipsis
1764 4056 2000 4127 disputet
2023 4058 2048 4112 t

465 4160 561 4198 cur
582 4160 688 4199 non
709 4145 1006 4215 gehennam
1035 4157 1315 4212 memoret,
1344 4161 1448 4202 non
1467 4146 1714 4202 tenebras
1730 4150 2042 4213 exteriores,

469 4250 572 4290 non
599 4246 917 4292 venenatum
943 4252 1176 4292 vermem
1194 4277 1210 4301 ,
1252 4255 1358 4293 non
1391 4239 1598 4294 vincula
1622 4248 1876 4311 perpetua
1896 4281 1911 4304 ,
1941 4254 2046 4293 non

467 4327 641 4397 ignem
669 4337 908 4398 paratum
933 4327 1147 4384 diabolo
1171 4336 1226 4383 et
1251 4329 1456 4400 angelis
1474 4329 1610 4398 ejus,
1626 4344 1733 4383 non
1758 4328 2049 4384 stridorem

468 4419 704 4474 dentium
725 4461 739 4484 ,
771 4429 822 4474 et
848 4420 949 4475 alia
977 4419 1351 4475 lnenarrabilia
1375 4419 1670 4490 supplicia?
1694 4419 1750 4475 Si
1775 4419 1916 4474 enim
1945 4428 2050 4474 ter-

468 4525 588 4566 rere
613 4510 804 4574 voluit,
831 4526 859 4563 a
888 4511 1220 4580 gravioribus
1245 4510 1295 4565 id
1323 4509 1622 4566 faciendum
1653 4511 1917 4581 Oportuit,
1943 4525 2048 4564 non

470 4608 646 4654 autem
675 4601 742 4654 ab
770 4601 832 4654 iis
851 4641 867 4667 ,
892 4616 1011 4670 qua:
1056 4603 1108 4655 in
1139 4600 1352 4656 deserto
1377 4602 1730 4671 contigerunt.
1760 4600 1840 4655 Illi
1871 4599 2013 4656 enim
2033 4639 2048 4666 ,

466 4691 678 4747 etiamsi
711 4692 849 4760 plexi
880 4693 1016 4757 sint,
1049 4699 1106 4745 at
1146 4692 1356 4748 mitiore
1407 4703 1460 4747 et
1500 4702 1838 4762 temporanea
1863 4704 2048 4762 paena,

467 4795 625 4851 atque
655 4797 755 4835 una
786 4791 987 4836 tantum
1014 4782 1205 4846 die;hi
1235 4793 1415 4839 autem
1433 4784 1714 4839 immortali
1737 4797 1799 4839 ac
1817 4781 2046 4852 graviori

471 4883 595 4928 sunt
621 4873 883 4943 supplicio
909 4873 1194 4942 plectendi.
1236 4874 1344 4930 Cur
1363 4891 1490 4945 ergo
1518 4877 1636 4930 illos
1668 4892 1770 4929 non
1802 4892 1866 4928 ex
1904 4875 2050 4929 hisce

471 4965 692 5030 terruit,
722 4979 894 5034 neque
919 4964 1118 5019 Christi
1156 4965 1294 5020 dicta
1338 4966 1773 5021 commemoravit
1799 4967 1821 5018 ?
1843 4965 2056 5020 Poterat

472 5058 614 5113 enim
647 5057 752 5112 illis
792 5056 1008 5124 dicere,
1053 5057 1189 5112 Nolo
1217 5072 1314 5112 vos
1358 5058 1635 5127 ignorare.
1671 5057 1857 5112 fratres
1880 5097 1896 5122 ,
1925 5073 2072 5124 quas

475 5151 618 5220 leges
647 5149 893 5204 Christus
919 5148 1156 5219 posuerit
1183 5149 1267 5214 iis,
1309 5149 1399 5219 qui
1446 5163 1566 5203 cum
1597 5149 1753 5207 ﬁdem
1797 5148 1980 5203 habeat
2004 5154 2054 5212 t,

474 5241 634 5296 vitam
684 5250 864 5296 tamen
917 5241 1174 5310 optimam
1222 5254 1326 5294 non
1375 5238 1648 5295 exhibent.
1711 5239 1919 5293 Etenim
1963 5253 2056 5292 eos

473 5332 666 5396 etiam,
715 5333 804 5403 qui
856 5332 1110 5387 miracula
1161 5331 1444 5401 patrabant
1480 5340 1535 5386 et
1579 5329 1872 5400 prophetiae
1914 5330 2057 5384 dono

478 5424 746 5494 fulgebant
767 5467 782 5490 ,
813 5425 1038 5480 exclusit
1065 5439 1095 5479 a
1141 5439 1305 5495 regno
1327 5424 1578 5479 crelorum
1598 5465 1613 5490 ,
1641 5423 1826 5478 dicens
1859 5440 1873 5476 :
1906 5403 2098 5475 Multi‘

475 5519 638 5573 dicent
659 5519 783 5572 mihi
807 5519 862 5572 in
883 5519 964 5572 die
982 5518 1105 5583 illa,
1138 5516 1385 5585 Domine,
1415 5517 1660 5579 Domine,
1690 5532 1856 5570 nonne
1880 5515 1932 5568 in
1961 5531 2053 5567 no-

479 5611 611 5661 mine
635 5621 718 5662 tuo
741 5611 988 5664 dwmonia
1008 5610 1244 5680 eiecimus
1265 5651 1280 5670 ,
1305 5619 1349 5662 et
1377 5612 1428 5663 in
1451 5611 1652 5663 nomine
1674 5619 1759 5661 tuo
1783 5607 2053 5678 preplteta-

480 5699 749 5769 vimus,et_
773 5700 987 5754 virtutes
1019 5700 1212 5755 multa:
1227 5697 1492 5768 fecimus?
1523 5701 1587 5755 Et
1616 5710 1736 5770 tunc
1769 5700 2052 5769 confitebor

1119 290 1153 345 Ξ
1214 287 1496 346 JOANNIS
1533 284 2004 344 CHRYSOSTOMI
2044 289 2362 350 ARCHIEP.
2404 287 2948 347 CONSTANTINOP.

3569 284 3673 339 ΞΗ

2103 408 2198 472 eis,
2220 405 2458 461 Recedite
2479 423 2510 459 a
2529 421 2626 463 me.
2650 421 2753 456 non
2776 403 2893 456 novi
2923 417 3034 464 vos,
3058 403 3149 470 qui
3173 397 3464 469 operamini
3481 398 3675 451 iniam-

2110 506 2269 552 tatem
2305 497 2518 565 (Matth.
2543 494 2703 551 7.22.
2725 493 2838 561 23).
2874 490 2937 544 Ει
2960 491 3200 561 virgines
3221 503 3439 560 quoque
3471 502 3575 541 non
3608 486 3676 541 de

2103 589 2207 643 ﬁde
2229 597 2282 644 et
2301 587 2649 658 dogmatibus
2674 600 2930 656 arguens.
2950 583 3045 638 sed
3079 581 3149 636 de
3181 595 3436 652 perversa
3470 580 3602 641 vita,
3623 589 3676 633 et

2100 679 2505 736 inhumanitate
2528 686 2580 731 et
2604 677 2952 740 crudelitate,
2975 674 3210 730 exclusit
3242 688 3272 727 e
3303 673 3542 726 thalamo
3572 686 3676 724 nu-

2099 773 2252 845 ptiali
2273 770 2491 844 (Matth.
2511 769 2604 824 25.
2633 768 2855 837 10-12);
2882 767 3035 820 illum
3058 780 3188 819 vero
3208 763 3300 832 qui
3323 761 3563 817 sordidis
3590 761 3678 814 in-

2109 865 2269 919 dutus
2298 870 2417 917 erat
2440 861 2709 924 vestibus,
2753 860 2874 915 ideo
2901 860 3134 914 vinctum
3175 857 3331 928 eiecit
3362 855 3577 928 (Matth.
3602 855 3694 910 22.

2115 955 2168 1008 ll
2203 983 2231 993 -
2259 952 2352 1021 l5)
2384 968 2398 1004 :
2428 966 2534 1005 non
2559 950 2700 1020 quod
2728 950 2974 1020 dogmata
2997 958 3140 1005 recta
3178 963 3284 1003 non
3338 957 3572 1013 teneret,
3603 946 3699 1002 sed

2111 1044 2253 1112 quod
2273 1043 2435 1097 vitam
2468 1041 2739 1097 sordidam
2763 1051 2815 1096 et
2846 1042 3107 1109 impuram
3133 1040 3358 1110 egisset;
3389 1039 3507 1093 illos
3534 1039 3657 1092 item
3680 1078 3699 1103 ,

2112 1149 2247 1204 quos
2276 1133 2464 1188 abduci
2492 1133 2652 1201 jussit
2679 1133 2729 1186 in
2761 1133 2934 1202 ignem
2971 1141 3211 1202 paratum
3237 1130 3447 1184 diabolo
3472 1139 3525 1183 et
3548 1143 3704 1198 ange-

2116 1226 2180 1280 lis
2223 1225 2339 1293 ejus
2380 1223 2594 1293 (Matth.
2625 1223 2717 1279 25.
2774 1223 2889 1292 41),
2943 1236 3046 1275 non
3081 1230 3358 1290 propterea
3391 1219 3480 1273 illo
3525 1218 3700 1282 misit,

2117 1316 2259 1386 quod
2297 1331 2329 1370 a
2380 1315 2484 1370 lide
2528 1314 2888 1377 excidissent,
2931 1311 3023 1366 sed
3051 1310 3190 1381 quod
3237 1309 3428 1364 nullius
3456 1323 3706 1377 umquam

2119 1407 2326 1464 miserti
2357 1416 2558 1462 essent.
2596 1406 2722 1460 Hmc
2765 1404 2944 1458 omnia
2984 1411 3039 1458 et
3063 1401 3255 1456 similia
3282 1411 3710 1454 commemorare

2121 1508 2350 1571 poterat,
2379 1514 2440 1553 ac
2463 1497 2643 1552 dicere
2663 1538 2676 1558 ,
2708 1495 2842 1550 Nolo
2889 1509 2987 1548 vos
3035 1494 3280 1562 ignorare
3305 1532 3320 1556 ,
3354 1491 3576 1553 fratres,
3609 1487 3711 1542 hos

2122 1605 2312 1646 omnes
2341 1590 2657 1661 baptismum
2682 1602 2802 1642 esse
2839 1592 3196 1655 eonsequutos
3231 1589 3286 1637 et
3333 1581 3711 1652 mysteriorum

2127 1681 2409 1753 participes
2433 1679 2682 1742 ellectos,
2711 1677 2931 1731 multam
2974 1673 3287 1730 exhibuisse
3312 1671 3470 1727 ﬁdem
3490 1713 3506 1737 ,
3533 1670 3712 1724 scien-

2127 1775 2254 1829 tiam
2283 1774 2532 1828 habuisse
2565 1770 2854 1842 perlectam
2873 1785 2889 1835 ;
2911 1768 3005 1822 sed
3033 1767 3154 1837 quia
3182 1765 3343 1820 vitam
3373 1763 3495 1818 ﬁdei
3517 1776 3715 1816 conso-

2129 1885 2250 1924 nam
2284 1883 2388 1924 non
2418 1868 2792 1932 instituerunt,
2817 1880 2849 1918 a
2879 1877 3045 1934 regno
3065 1861 3318 1916 exclusos
3337 1899 3352 1923 ,
3383 1867 3438 1912 et
3465 1856 3572 1927 igni
3604 1867 3715 1910 tra-

2129 1962 2267 2016 ditos
2297 1959 2478 2015 fuisse.
2519 1959 2628 2014 Cur
2667 1971 2795 2027 ergo
2824 1954 2940 2009 lucc
2977 1967 3083 2007 non
3109 1952 3269 2015 dixit,
3304 1949 3398 2004 sed
3427 1949 3509 2002 his
3539 1945 3718 2001 missis

2131 2050 2380 2106 omnibus
2401 2092 2416 2116 ,
2450 2048 2528 2104 sic
2554 2048 2804 2118 loquutus
2833 2052 2947 2099 est:
2984 2042 3121 2096 Nolo
3147 2050 3312 2093 autem
3337 2055 3422 2092 vos
3450 2039 3717 2108 ignorare,

2132 2146 2336 2211 fratres,
2364 2139 2500 2210 quod
2526 2148 2693 2209 patres
2720 2135 2877 2190 nostri
2903 2149 3072 2188 omnes
3109 2131 3200 2185 sub
3241 2130 3368 2183 nube
3395 2132 3628 2199 fuerunt,
3663 2135 3719 2179 et

2135 2250 2193 2287 ea
2227 2243 2686 2293 commemorans,
2715 2242 2833 2295 qua:
2864 2224 2930 2279 ad
2958 2223 3194 2294 Moysen]
3225 2219 3569 2290 spectabant,
3601 2230 3722 2286 qua:

2136 2325 2200 2378 ad
2230 2323 2453 2395 gratiam
2481 2319 2824 2391 pertinebant
2851 2316 3017 2372 tacuit
3040 2317 3063 2370 ἶ)
3088 2314 3206 2370 Non
3235 2323 3438 2369 temere
3467 2325 3566 2366 nec
3603 2310 3723 2364 sine

2137 2427 2298 2467 causa
2328 2412 2407 2467 sic
2429 2411 2571 2479 agit;
2605 2409 2770 2464 multa
2807 2407 3004 2478 quippe
3045 2404 3304 2474 sapientia
3351 2403 3540 2469 plenus
3586 2407 3722 2455 erat.

2136 2502 2242 2558 Sed
2271 2517 2364 2557 cur
2387 2537 2403 2563 ,
2426 2511 2508 2583 .et
2553 2508 2771 2569 propter
2789 2497 2915 2568 quid
2951 2497 2974 2550 ?
3005 2495 3217 2550 Duabus
3240 2493 3388 2548 hisce
3415 2492 3483 2583 de
3508 2491 3681 2546 causis
3704 2505 3721 2556 ;

2139 2605 2196 2654 ut
2222 2580 2479 2654 videlicet
2505 2591 2628 2645 illos
2655 2597 2925 2660 tangeret,
2953 2585 3226 2652 simulque
3248 2580 3582 2650 ostenderet,
3609 2599 3728 2641 ma-

2136 2705 2295 2760 gnam
2318 2701 2439 2743 esse
2470 2684 2843 2755 cognationem
2873 2681 3038 2738 Vetus
3063 2682 3202 2737 inter
3220 2690 3273 2737 et
3303 2679 3505 2735 Novum
3535 2679 3726 2733 Testa-

2142 2788 2402 2835 mentum.
2432 2776 2695 2845 Quoniam
2720 2775 2864 2830 enim
2898 2773 3050 2827 multi
3078 2781 3232 2838 sunt,
3277 2771 3365 2840 qui
3406 2785 3503 2824 nec
3527 2769 3729 2840 gehen-

2143 2889 2264 2928 nam
2287 2885 2386 2926 nec
2406 2867 2724 2940 supplicium
2744 2880 2865 2921 esse
2891 2872 3107 2935 putant,
3136 2862 3228 2918 scd
3257 2870 3531 2916 autumant
3558 2860 3727 2914 Deum

2141 2963 2493 3033 simpliciter,
2537 2968 2597 3016 ut
2637 2969 2837 3014 metum
2869 2965 2922 3012 et
2974 2954 3379 3026 temperantiam
3423 2953 3727 3016 induceret,

2145 3054 2259 3108 lucc
2284 3056 2662 3108 comminatum
2686 3063 2806 3104 esse
2823 3089 2837 3113 ,
2865 3061 3102 3102 vermem
3133 3044 3486 3100 immortalem
3507 3086 3521 3110 ,
3553 3044 3730 3114 ignem

2146 3142 2664 3213 iuexstinguibilem;
2696 3139 2943 3195 tenebras
2971 3137 3302 3203 exteriores,
3335 3135 3428 3191 sed
3456 3150 3560 3190 non
3609 3149 3733 3204 pos-

2143 3244 2268 3290 sunt
2315 3233 2600 3305 prznteritis
2657 3231 2815 3286 ﬁdem
2844 3244 3062 3302 negare.
3094 3228 3226 3284 Nam
3247 3244 3365 3298 qua:
3406 3228 3541 3281 facta
3573 3237 3694 3281 sunt
3714 3267 3730 3291 ,

2145 3343 2253 3400 quo
2301 3339 2456 3399 pacto
2509 3325 2628 3397 quis
2684 3325 2864 3380 dicere
2903 3323 3075 3393 possit
3123 3337 3230 3376 non
3276 3321 3412 3375 facta
3452 3319 3622 3374 esse?
3665 3318 3734 3372 lis

2146 3425 2343 3494 quippe
2372 3436 2489 3490 qua:
2519 3434 2627 3475 non
2659 3419 2793 3484 visa,
2824 3432 2922 3472 nec
2948 3416 2999 3470 in
3031 3429 3166 3485 opus
3196 3413 3382 3468 educta
3401 3420 3554 3473 sunt,
3580 3411 3732 3464 multi

2149 3530 2252 3567 non
2281 3512 2542 3576 credunt;
2571 3511 2636 3565 iis
2663 3519 2838 3564 autem
2864 3524 2981 3579 quae
3012 3506 3145 3561 facta
3185 3513 3344 3569 sunt,
3391 3513 3445 3558 et
3472 3502 3537 3556 ad
3572 3504 3734 3556 ﬁnem

2148 3603 2395 3668 deducta,
2429 3601 2766 3672 quantumvis
2794 3613 3077 3669 perversos
3106 3605 3160 3652 et
3185 3595 3458 3664 improbus
3481 3593 3600 3664 quis
3624 3591 3739 3647 fue-

2150 3698 2248 3763 rit,
2282 3712 2350 3752 ne
2387 3695 2601 3767 quidem
2631 3695 2674 3749 si
2701 3693 2861 3760 velit,
2893 3691 3088 3764 poterit
3121 3690 3279 3745 ﬁdem
3307 3702 3520 3758 negare.
3565 3685 3646 3741 Ab
3672 3686 3739 3740 iis

2151 3805 2311 3860 ergo,
2357 3804 2477 3859 qua:
2502 3790 2556 3843 in
2586 3787 2834 3843 contesso
2870 3783 3008 3854 apud
3037 3797 3224 3838 oumes
3261 3790 3416 3845 sunt,
3449 3787 3632 3849 utpote
3662 3777 3743 3832 fa-

2152 3890 2237 3935 cta
2261 3923 2274 3943 ,
2301 3895 2524 3950 quormn
2561 3878 2718 3933 etiam
2747 3875 2984 3944 reliquia:
3013 3881 3262 3937 manent,
3306 3871 3419 3925 vult
3445 3885 3536 3924 eos
3560 3867 3629 3922 de
3653 3883 3740 3922 re-

2152 3980 2240 4026 cto
2272 3971 2361 4025 Dei
2397 3969 2596 4039 judicio
2623 3967 2740 4022 ﬁeri
2769 3965 3062 4026 certiores;
3091 3977 3154 4017 ac
3183 3963 3226 4017 si
3253 3961 3457 4016 diceret
3493 3977 3506 4012 :
3548 3958 3604 4014 Si
3633 3974 3740 4012 non

2153 4071 2308 4132 putas
2325 4077 2445 4117 esse
2468 4060 2794 4131 gehennam,
2841 4071 3014 4126 neque
3041 4069 3250 4124 pmnam
3270 4093 3286 4118 ,
3334 4066 3505 4123 neque
3535 4048 3744 4119 suppli-

2155 4154 2296 4210 cium
2315 4193 2332 4218 ,
2362 4152 2456 4206 sed
2485 4151 2652 4205 Deum
2683 4148 2878 4203 frustra
2902 4145 3281 4202 comminatum
3303 4158 3423 4198 esse
3439 4183 3454 4210 ,
3475 4139 3743 4211 praeterita

2155 4256 2435 4317 repetens,
2485 4242 2674 4298 futuris
2716 4241 2876 4298 etiam
2924 4239 3106 4296 crede.
3141 4237 3198 4292 Si
3224 4235 3367 4292 enim
3413 4235 3457 4289 is
3500 4234 3617 4303 ipse
3660 4241 3746 4287 est

2159 4338 2298 4392 Deus
2317 4379 2332 4402 ,
2362 4336 2449 4406 qui
2479 4343 2535 4390 et
2567 4332 2833 4403 praeterita
2869 4340 2923 4386 et
2949 4329 3227 4400 pratsentia
3255 4326 3559 4396 dispensat;
3592 4325 3745 4378 item-

2157 4444 2261 4500 que
2290 4443 2351 4484 ea
2380 4443 2496 4498 qua:
2523 4425 2622 4480 sub
2649 4423 2827 4480 Veteri
2863 4422 3024 4492 Lege,
3053 4429 3107 4475 et
3135 4435 3194 4473 ea
3223 4433 3342 4489 qua:
3373 4417 3425 4470 in
3451 4423 3589 4469 statu
3619 4429 3743 4482 gra-

2159 4523 2247 4578 tiae
2267 4564 2281 4587 ,
2313 4521 2450 4575 sicut
2489 4531 2674 4574 revera
2719 4516 2857 4571 idem
2887 4523 2937 4568 et
2966 4513 3080 4584 ipse
3100 4522 3179 4566 est
3201 4551 3217 4577 ,
3249 4523 3350 4579 qua
3389 4507 3595 4562 ratione
3626 4505 3745 4558 illos

2161 4613 2381 4686 quidem
2433 4617 2718 4681 peccantes
2743 4605 3018 4676 castigavit
3046 4613 3100 4658 et
3143 4600 3316 4672 pmnis
3343 4597 3597 4666 subjecit,
3647 4608 3747 4649 nos

2158 4723 2287 4762 vero
2307 4705 2394 4774 qui
2417 4702 2593 4774 paria,
2616 4701 2723 4755 imo
2754 4699 2921 4752 multo
2947 4695 3189 4766 graviora
3220 4690 3569 4753 admisimus,
3603 4686 3748 4740 inul-

2163 4807 2246 4852 tos
2271 4797 2501 4852 dimittet
2519 4794 2542 4847 ?
2559 4795 2751 4860 Quaero
2772 4791 2952 4863 igitur,
2975 4802 3152 4842 annon
3174 4784 3340 4840 Judrei
3360 4780 3601 4836 fornicati
3623 4786 3750 4833 sunt

2163 4901 2216 4946 et
2259 4889 2396 4960 plexi
2439 4887 2605 4942 sunt?
2631 4899 2806 4938 annon
2853 4883 3352 4940 murmuraverunt,
3390 4882 3446 4928 et
3487 4869 3750 4940 supplicio

2163 4993 2287 5039 sunt
2313 4980 2484 5036 allecti
2511 4979 2535 5033 ἲ
2559 4977 2614 5032 ld
2646 4976 2886 5032 conﬁteri
2930 4986 3150 5026 necesse
3174 4978 3275 5024 est.
3317 4961 3596 5032 Quomodo
3621 4977 3751 5030 ergo

2163 5077 2252 5147 qui
2283 5074 2406 5129 illos
2448 5071 2626 5126 achcit
2649 5084 2801 5138 poma
2824 5109 2839 5133 ,
2867 5077 2919 5121 te
2951 5066 3096 5135 paria
3118 5076 3304 5116 ausum
3327 5055 3620 5128 pra'teribit
3648 5055 3670 5107 ?
3693 5052 3748 5107 ld

2165 5184 2292 5222 sane
2315 5181 2420 5220 non
2452 5174 2534 5218 est
2562 5163 2754 5217 rationi
2802 5173 3096 5214 consonum
3117 5157 3155 5209 ί.
3191 5155 3259 5208 At
3308 5152 3394 5206 hic
3423 5165 3525 5204 non
3556 5147 3752 5202 dedisti

2167 5258 2401 5327 prunas?
2439 5255 2563 5310 Ideo
2611 5252 2845 5308 maxime
2885 5247 3044 5303 crede
3094 5244 3394 5316 gehennam
3444 5254 3564 5294 esse
3591 5247 3754 5306 atque

2165 5350 2484 5420 supplicium
2507 5390 2522 5414 ,
2556 5347 2675 5416 quia
2721 5344 2807 5399 hic
2847 5358 2954 5398 non
3009 5337 3202 5395 dedisti
3236 5351 3438 5407 pmnas.
3473 5332 3582 5387 Nisi
3606 5330 3751 5385 enim

2167 5442 2391 5514 posthac
2432 5439 2644 5511 aliquod
2692 5435 3010 5506 supplicium
3061 5432 3292 5487 futurum
3334 5437 3514 5491 esSet,
3549 5437 3752 5494 nequa-

2231 5579 2247 5608 ‘-
2283 5579 2424 5626 δεινῇ.
2451 5589 2500 5624 ιιι
2523 5575 2744 5636 margine
2767 5573 2872 5622 hmc
2895 5566 3192 5636 additLillas
3215 5565 3412 5630 quidem
3435 5567 3752 5636 promeriture:

2167 5646 2274 5688 cata
2285 5621 2759 5702 'pté'c'te’r'éﬁios‘iierb
2771 5621 2998 5698 quamvis
3030 5621 3220 5683 illorum
3229 5621 3346 5691 ’συιδ
3363 5621 3512 5676 multo
3525 5621 3766 5687 graviora

2167 5708 2272 5752 sunt
2300 5698 2406 5751 reos
2430 5711 2520 5750 non
2543 5698 2769 5764 plectere.
