4110 6198
389 366 494 422 243

390 477 792 547 πνευματικὸν
816 477 1009 532 ἐπιονε
1051 477 1300 531 Ἐπινον
1320 479 1431 547 γὰρ
1459 479 1528 534 ἐκ
1562 480 1961 549 πνευματικῆς

387 561 847 628 ἀκολουθούσης
874 559 1112 629 πέτρας,
1138 561 1178 627 η
1205 561 1275 614 δὲ
1299 561 1486 629 πέτρα
1516 558 1598 632 ἦν
1624 565 1658 617 ό
1689 564 1962 631 Χριστός.

401 645 555 698 Ἀλλ’
579 645 691 697 οὐκ
721 642 792 695 ἐν
825 642 949 710 τοῖς
987 644 1270 698 πλείοσιν
1305 642 1505 698 αὐτῶν
1550 642 1887 712 εὐδόκησεν
1934 648 1968 699 ὁ

390 728 536 791 Θεός
553 743 567 757 ο
595 724 1094 792 κατεστρώθησαν
1121 724 1229 795 γὰρ
1255 725 1324 780 έν
1343 724 1419 795 τῇ
1445 726 1659 796 ἐρήμῳ.
1690 727 1883 781 Ταῦτα
1900 727 1969 780 δὲ

388 809 563 863 τύποι
607 804 775 877 ἡμῶν
815 806 1212 875 ἐγενήθησαν,
1260 810 1349 875 εἰς
1388 808 1455 862 τό
1496 808 1583 879 μὴ
1617 804 1770 864 εἶναι
1810 808 1969 879 ἡμᾶς

386 888 754 959 ἐπιθυμητὰς
787 888 1007 954 κακῶν,
1042 889 1234 956 καθὼς
1265 891 1530 946 κάκεῖνοι
1554 892 1963 961 ἐπεθύμησαν

384 971 539 1042 μηδέ
557 970 992 1040 εἰδωλολάτρης
1028 973 1319 1041 τίνεσθαι,
1345 972 1537 1040 καθώς
1560 991 1718 1039 τινες
1745 974 1965 1035 αὐτῶν,

386 1055 591 1124 ὥσπερ
631 1054 980 1124 γέγραπται·
1035 1054 1350 1110 Ἐκάθισεν
1373 1059 1407 1110 ό
1437 1057 1584 1123 λαὸς
1608 1056 1839 1126 φαγεῖν,
1868 1055 1965 1110 καί

387 1137 740 1205 ἀνέστησαν
757 1136 862 1190 τοῦ
891 1134 1135 1198 παίζειν.
1170 1136 1336 1205 Μηδὲ
1358 1140 1756 1207 πορνεύωιιεν,
1778 1139 1969 1204 καθώς

387 1236 547 1286 τινες
569 1217 770 1274 αὐτῶν
799 1217 954 1291 [‘250]
980 1220 1380 1287 ἐπόρνευσαν,
1404 1222 1501 1274 καί
1524 1221 1751 1276 ἔπεσον
1772 1221 1843 1274 ἐν
1859 1220 1967 1291 μιᾷ

386 1301 598 1371 ἡμέρᾳ,
628 1301 979 1370 εἰκοσιτρεῖς
1007 1301 1293 1371 χιλιάδες.
1341 1302 1509 1371 Μηδὲ
1540 1302 1969 1373 ἐκπειράζωμεν

390 1386 496 1439 τὸν
516 1384 792 1453 Χριστὸν,
832 1383 1025 1450 καθώς
1054 1401 1214 1451 τινες
1256 1385 1455 1440 αὐτῶν
1486 1387 1836 1455 ὲπεΙρασαν,
1866 1387 1966 1441 καί

389 1468 510 1525 ὑπὸ
547 1468 666 1522 τῶν
725 1468 919 1536 ὄφεων
961 1468 1294 1524 ἀπώλοντο.
1361 1469 1527 1538 Μηδὲ
1576 1468 1963 1541 γογγύζωμεν,

388 1550 581 1618 καθώς
604 1568 764 1615 τινες
782 1552 858 1604 αὐ
867 1547 980 1603 τῶν
999 1550 1363 1621 ἐγόγγυσαν.
1390 1552 1488 1606 καί
1517 1553 1826 1607 ἀπώλοντο
1848 1552 1966 1607 ὑπὸ

390 1636 498 1691 τοῦ
528 1633 906 1703 ὀλοθρευτοῦ.
937 1635 1049 1688 Kal
1076 1634 1223 1688 δοκεῖ
1250 1637 1349 1705 μὲν
1377 1632 1516 1689 εἶναι
1548 1636 1696 1706 σαφῆ
1725 1637 1793 1689 τά
1821 1635 1968 1704 λεγό-

393 1736 552 1789 μενα,
580 1717 808 1789 παρέχει
837 1716 895 1769 δέ
937 1733 1058 1770 τινα
1104 1717 1427 1790 διαπόρησιν
1472 1719 1533 1772 οὐ
1572 1717 1670 1790 τὴν
1698 1717 1968 1787 τυχοῦσαν

388 1805 500 1866 τοῖς
534 1801 879 1873 προσέχουσι.
929 1799 1040 1853 Kal
1084 1801 1192 1872 γάρ
1239 1802 1388 1866 ἄξιον
1433 1802 1664 1873 ζητῆσαι
1710 1801 1924 1872 πρῶτον
1950 1840 1965 1865 ,

388 1885 535 1949 τίνος
588 1884 775 1938 ἐνεκεν
822 1883 922 1948 τὰς
968 1883 1202 1947 παλαιάς
1268 1884 1432 1949 αὐτὸς
1505 1885 1909 1955 ἐμνημόνευσεν
1939 1895 1966 1924 ι

394 1966 653 2039 ἱστορίας.
681 1968 746 2020 ἐκ
772 1968 931 2029 ποίας
963 1967 1281 2031 ἀκολουθίας
1311 1969 1440 2040 περὶ
1467 1966 1829 2021 εἰδωλοθύτων
1856 1966 1971 2019 δια-

389 2051 679 2122 λεγόμενος
725 2051 806 2113 εἰς
843 2048 1050 2120 ταύτην
1091 2050 1312 2103 ἐνέπεσε
1342 2051 1440 2121 τὴν
1472 2050 1743 2121 διήγησιν,
1772 2049 1839 2103 τά
1877 2050 1968 2102 ἐπὶ

389 2135 491 2206 τῆς
522 2126 732 2206 ἐρῆμον
776 2132 958 2205 φέρων
996 2134 1080 2197 εἰς
1123 2133 1308 2203 μέσον.
1365 2134 1440 2187 Οὐ
1470 2133 1577 2205 γάρ
1604 2133 1809 2197 ἁπλῶς,
1846 2133 1968 2187 οὐδέ

388 2218 465 2283 ὡς
498 2217 706 2288 ἔτυχεν,
731 2219 759 2271 ό
797 2218 1065 2288 μακάριος
1096 2219 1304 2280 ἐκεῖνος
1330 2218 1645 2286 φθέγγεται,
1675 2216 1811 2270 ἀλλά
1834 2216 1971 2288 μετά

391 2301 591 2371 πολλῆς
612 2300 714 2370 τῆς
743 2298 1066 2362 ἀκολουθίας
1105 2300 1199 2355 zeal
1231 2298 1436 2371 ἀκριϐῆ
1468 2299 1738 2371 διατηρῶν
1771 2315 1973 2352 παντα-

390 2384 490 2455 χοῦ
522 2384 632 2436 τῶν
656 2383 747 2437 ὐπ“
781 2381 946 2435 αὐτοῦ
975 2381 1281 2452 λεγομένων
1310 2382 1407 2452 τὴν
1443 2381 1779 2452 συμφωνίαν.
1813 2381 1971 2444 Τίνος

388 2465 485 2522 οὖν
523 2467 732 2526 ἕνεκεν,
772 2465 865 2518 zeal
900 2464 1062 2518 πόθεν
1092 2466 1172 2527 εἰς
1198 2463 1404 2535 ταύτην
1438 2465 1662 2519 ἐνέπεσε
1691 2465 1790 2537 τὴν
1826 2466 1967 2517 ίστο-

392 2552 549 2623 ρίανς
596 2549 858 2620 Ἐπετίμα
888 2551 1001 2612 τοῖς
1027 2547 1215 2614 ἁπλῶς
1255 2549 1349 2602 zeal
1390 2548 1757 2613 ἀνεξετάστως
1797 2551 1877 2612 εἰς
1904 2548 1973 2602 τὰ

389 2634 584 2688 εῐδωλα
610 2631 859 2696 εἰσιοῦσι,
882 2632 976 2685 zeal
999 2632 1199 2702 μιαρᾶς
1221 2631 1645 2700 ἀπογενομένοις
1668 2632 1970 2704 τραπέζης,

390 2719 486 2772 zeal
520 2715 886 2770 εἰδωλοθύτων
915 2714 1263 2784 ἁπτομένοις·
1301 2715 1395 2769 zeal
1431 2712 1631 2780 δείξας,
1665 2716 1748 2769 ότι
1776 2715 1971 2784 διπλῆν

389 2801 500 2856 ἀπὸ
545 2798 640 2852 τοῦ
696 2799 1020 2868 πράγματος
1068 2796 1399 2867 ὑπομένουσι
1449 2796 1688 2868 βλάϐην,
1738 2797 1862 2861 τούς
1911 2814 1970 2850 τε

389 2884 638 2945 ἀσθενεῖς
681 2882 1027 2952 πλήττοντες,
1063 2882 1157 2935 zeal
1207 2881 1362 2935 αὐτοὶ
1406 2882 1656 2935 κοινωνοὶ
1698 2882 1971 2953 δαιμόνων

388 2969 685 3040 γινόμενοι,
710 2966 802 3020 καὶ
834 2964 1193 3028 καταστείλας
1220 2965 1399 3019 αὐτῶν
1435 2966 1635 3030 ἱκανῶς
1667 2964 1736 3019 τά
1766 2965 1970 3035 φρονή-

392 3068 538 3122 ματα
565 3049 654 3102 διά
680 3047 788 3101 τῶν
821 3046 1127 3118 ἔμπροσθεν
1163 3048 1488 3119 εἰρημένων,
1529 3047 1623 3101 καὶ
1653 3047 1968 3109 παιδεύσας,

388 3135 471 3188 ὅτι
500 3134 582 3187 δεῖ
609 3131 699 3184 τὸν
733 3128 923 3183 πιστὸν
954 3128 1028 3201 μὴ
1054 3130 1116 3183 τὸ
1141 3128 1336 3183 ἐαυτοῦ
1369 3128 1587 3200 βλέπειν
1620 3129 1801 3201 μόνον,
1836 3129 1973 3183 ἀλλά

390 3217 486 3271 zeal
520 3217 579 3270 τὸ
607 3214 717 3268 τῶν
746 3211 978 3273 πολλῶν,
1014 3211 1339 3283 βουλόμενος
1364 3213 1550 3276 αὐτοῖς
1581 3214 1848 3266 ἐπιτεῖναι
1884 3213 1973 3266 τὸν

390 3299 590 3369 φόϐον,
626 3295 873 3351 παλαιῶν
911 3296 1109 3357 αὐτοὺς
1141 3295 1550 3367 ἀναμιμνήσκει
1594 3294 1970 3366 διηγημάτων.

402 3381 621 3453 Ἐπειδὴ
659 3380 769 3451 γάρ
804 3381 1001 3432 ἐκεῖνοι
1036 3377 1178 3448 μέγα
1210 3377 1492 3451 ἐφρόνουν,
1525 3379 1601 3443 ὡς
1629 3379 1833 3439 πιστοὶ,
1878 3379 1973 3432 zeal

390 3465 599 3535 πλάνης
628 3461 1055 3529 ἀπαλλαγέντες,
1085 3460 1179 3514 zeal
1217 3460 1470 3529 γνώσεως
1519 3459 1969 3528 καταξιωθέντες,

390 3547 486 3602 zeal
515 3547 623 3599 τῶν
670 3545 1000 3615 ἀπορρήτων
1036 3546 1465 3617 κοινωνήσαντες
1509 3543 1846 3616 μυστηρίων,
1877 3546 1972 3597 zeal

390 3631 529 3703 πρὸς
561 3627 837 3700 βασιλείαν
864 3627 1108 3697 οὐρανῶν
1136 3628 1446 3699 κληθέντες,
1475 3629 1644 3696 δεῖξαι
1679 3629 1866 3690 θέλων,
1890 3630 1972 3683 ὅτι

388 3713 595 3767 τούτων
634 3712 825 3781 ὄφελος
858 3711 1035 3772 οὐδὲν,
1068 3711 1133 3764 ἂν
1185 3712 1261 3784 μὴ
1312 3712 1554 3765 πολιτεία
1604 3715 1781 3783 προσῇ
1835 3730 1973 3783 συμ-

391 3796 642 3867 φωνοῦσα
673 3797 740 3865 τῇ
766 3792 1003 3865 τοσαύτῃ
1033 3793 1235 3866 χάριτι,
1269 3796 1334 3849 ἐκ
1359 3795 1594 3858 παλαιάς
1618 3795 1814 3858 αὐτοὺς
1842 3812 1971 3847 παι-

388 3878 532 3932 δεύει
566 3878 825 3949 ἱστορίας.

462 3961 528 4034 βν.
546 3959 706 4014 ’Λλλά
738 3960 832 4013 zeal
856 3956 1011 4012 τοῦτο
1039 3956 1171 4011 αὐτὸ
1202 3956 1362 4011 πάλιν
1391 3956 1589 4026 πολλῆς
1616 3957 1776 4027 γέμει
1804 3956 1973 4028 ζητή-

392 4062 549 4108 σεως.
585 4044 742 4107 Τίνος
774 4043 959 4096 ἕνεκεν
996 4041 1096 4094 οὐκ
1128 4040 1238 4095 ἀπὸ
1261 4040 1372 4094 τῶν
1395 4041 1491 4093 τοῦ
1518 4039 1755 4111 Χριστοῦ
1790 4040 1971 4110 ῥημά-

389 4144 499 4180 των
538 4128 723 4190 αὐτοῖς
749 4125 1056 4193 διαλέγεται
1097 4123 1204 4176 τῶν
1237 4125 1295 4177 ἐν
1321 4123 1640 4193 Εὐαγγελίῳ
1678 4123 1968 4193 κειμένων,

389 4210 510 4264 οὐδὲ
535 4210 756 4280 γεέννης
785 4209 981 4274 αὐτοὺς
1007 4193 1437 4280 ἀναμιμνήσκει,
1469 4209 1563 4262 zeal
1589 4207 1811 4270 σκότους
1842 4205 1974 4271 ἐξω-

389 4294 572 4366 τέρου.
607 4293 700 4347 zeal
733 4290 1012 4363 σκώληκος
1042 4292 1273 4357 ἰοϐόλον,
1310 4293 1404 4345 zeal
1426 4290 1643 4361 δεσμῶν
1664 4290 1969 4356 ἀθανάτων,

392 4377 488 4431 zeal
536 4376 706 4447 πυρὸς
751 4374 846 4429 τοῦ
878 4374 1284 4447 ἡτοιμασμένον
1334 4372 1411 4444 τῷ
1455 4372 1687 4444 διαϐόλῳ
1737 4373 1972 4436 καὶτοῖς

391 4461 643 4530 ἀγγέλοις
671 4458 858 4524 αὐτοῦ,
888 4461 982 4513 zeal
1021 4459 1116 4513 τοῦ
1171 4457 1419 4529 βρυγμοῦ
1461 4458 1571 4510 τῶν
1599 4458 1847 4521 ὀδόντων,
1881 4458 1974 4511 καὶ

392 4546 500 4597 τῶν
524 4543 696 4597 ἄλλων
719 4542 822 4596 τῶν
838 4541 1166 4614 ἀπορρήτων
1183 4541 1489 4604 κολάσεων;
1521 4540 1582 4592 Εἰ
1606 4540 1714 4610 γάρ
1736 4539 1973 4609 φοϐῆσαι

394 4625 663 4689 ἐϐούλετο,
705 4624 812 4678 ἀπὸ
844 4627 952 4678 τῶν
985 4624 1245 4695 μειζόνων
1271 4622 1431 4674 τοῦτο
1458 4622 1682 4691 ποιῆσαι
1711 4622 1839 4686 ἔδει,
1870 4623 1972 4676 οὐκ

396 4710 502 4764 ἀπὺ
522 4709 631 4764 τῶν
660 4710 718 4762 ἐν
746 4711 813 4780 τῇ
844 4709 1056 4781 ἐρήμῳ.
1099 4708 1327 4760 Ἐκεῖνοι
1359 4704 1458 4776 μὲν
1491 4705 1620 4775 γάρ,
1658 4707 1705 4758 εἰ
1735 4706 1829 4759 zeal
1852 4706 1974 4759 ἑκο-

392 4793 690 4865 λάσθησαν,
724 4792 837 4847 ἀλλ’
866 4790 1215 4863 ἡμερώτερον
1256 4791 1348 4842 καὶ
1382 4789 1753 4860 προσκαίρως,
1784 4789 1880 4843 zeal
1912 4790 1972 4841 ἐν

391 4877 579 4950 ἡμέρᾳ
609 4879 737 4948 μιᾷ·
789 4870 934 4930 οῦτοι
967 4874 1024 4927 δὲ
1053 4874 1297 4928 ἀθάνατα
1328 4871 1581 4943 μέλλουσι
1614 4871 1969 4944 τιμωρεῖσθαι

392 4962 488 5014 καὶ
530 4959 904 5031 χαλεπώτερα.
957 4957 1113 5021 Τίνος
1153 4952 1247 5010 οῦν
1287 4955 1471 5009 ἕνεκεν
1519 4955 1726 5009 ἐκεῖθεν
1774 4957 1972 5021 αὐτοὺς

391 5042 681 5113 ἐφόϐησεν,
709 5041 830 5095 οὐδὲ
856 5039 1129 5111 ἀνέμνησε
1158 5039 1265 5093 τῶν
1291 5039 1385 5093 τοῦ
1411 5040 1646 5105 Χριστοῦ
1672 5039 1968 5110 madeant;

395 5126 502 5179 Kal
532 5125 641 5197 γὰρ
687 5123 918 5195 ἠδύνατο
967 5122 1145 5192 λέγειν
1192 5122 1329 5195 πρὸς
1363 5124 1560 5187 αὐτούς
1582 5140 1596 5155 ·
1634 5123 1709 5175 Οὐ
1746 5122 1883 5177 θέλω
1914 5123 1971 5175 δὲ

392 5208 533 5278 ὑμᾶς
567 5209 802 5277 ἀγνοεῖν,
846 5205 1086 5276 ἀδελφοὶ,
1136 5206 1278 5269 οἴους
1322 5207 1351 5259 ό
1394 5206 1625 5280 Χριστὸς
1670 5205 1834 5276 ἔθηκε
1880 5205 1971 5259 νό-

395 5307 529 5360 μους
556 5292 683 5363 περὶ
710 5290 817 5345 τῶν
851 5290 1032 5344 πίστιν
1062 5290 1159 5361 μὲν
1187 5289 1420 5360 ἐχόντων
1444 5328 1459 5350 ,
1500 5288 1612 5360 βίον
1655 5288 1710 5340 δὲ
1751 5287 1971 5359 ἄριστον

391 5374 491 5426 οὐκ
528 5373 1009 5443 ἐπιδεικνυμένων.
1053 5372 1165 5427 Kal
1201 5371 1310 5443 γὰρ
1348 5370 1601 5441 θαύματα
1639 5370 1974 5441 ποιήσαντας

394 5456 732 5528 ἀνθρώπους,
764 5458 858 5511 zeal
891 5456 1225 5529 προφητείαν
1253 5453 1725 5524 ἐπιδεικνυμένους
1751 5452 1969 5518 ἐξέϐαλε

391 5539 490 5608 τῆς
521 5540 796 5611 βασιλείας
826 5540 935 5592 τῶν
966 5537 1232 5611 οὐρανῶν,
1260 5537 1466 5607 λέγων’
1502 5536 1725 5592 Πολλοί
1762 5536 1971 5603 ἐροῦσι

385 5639 488 5692 μοι
519 5624 589 5678 ἐν
612 5625 813 5692 ἐκεΙνῃ
848 5622 921 5691 τῇ
944 5622 1152 5692 ἡμέρᾳ,
1196 5623 1393 5691 Κύριε,
1428 5623 1621 5690 Κύριε,
1661 5622 1731 5676 οὐ
1765 5619 1845 5687 τῷ
1880 5619 1972 5686 σῷ

391 5704 637 5775 ὀνόματι
661 5706 936 5777 δαιμόνια
957 5704 1340 5775 ἐξεϐάλομεν,
1365 5703 1464 5758 καί
1493 5702 1572 5769 τῷ
1608 5703 1699 5769 σῷ
1725 5706 1969 5775 ὀνόματι

450 5816 479 5849 ι
499 5810 609 5862 Duo
627 5825 742 5863 mss.
765 5816 848 5877 τῆς
868 5810 1072 5866 παλαιᾶς
1098 5809 1267 5867 αὐτοὺς
1288 5809 1567 5873 ἀνέμνησεν.

1245 365 1313 425 ΙΝ
1341 368 1598 429 DICTUM
1632 367 1859 438 PAULI,
1888 367 2073 423 NOLO
2108 366 2243 426 VOS
2279 370 2655 443 IGNORARE,
2686 374 2841 433 ETC.

3539 372 3644 427 2M

2072 481 2619 551 προεφητεύσαμεν.
2655 485 2752 537 καί
2786 482 3071 552 δυνάμεις
3096 482 3329 549 πολλὰς
3360 482 3652 552 ἐποιήσα-

2064 578 2217 631 per;
2248 564 2357 617 Kal
2392 565 2527 618 τότε
2565 567 2921 635 ὁμολογήσω
2960 566 3186 633 αὐτοῖς,
3222 566 3507 635 Ὑπάγετε
3543 568 3647 622 ἀπ’

2068 646 2237 714 ἐμοῦ,
2262 649 2373 700 οὐκ
2394 645 2526 700 οἶδα
2554 649 2727 717 ὑμᾶς,
2753 651 2807 703 οἰ
2827 649 3197 717 ἐργαζόμενοι
3220 648 3335 717 τὴν
3366 651 3643 720 ἀνομίαν.

2072 729 2181 782 Καὶ
2206 729 2304 792 τὰς
2326 730 2625 801 παρθένους
2646 732 2701 785 δὲ
2727 734 2823 802 οὐχ
2846 730 2985 806 ὑπὲρ
3014 733 3250 797 πίστεως
3282 733 3527 802 ἐγκαλῶν
3551 735 3646 790 zeal

2068 810 2374 882 δογμάτων,
2413 813 2528 866 ἀλλ’
2575 815 2716 885 ὑπὲρ
2768 814 2918 886 {23!}
2973 817 3089 887 βίου
3121 816 3520 889 διεφθαρμένου
3553 820 3648 873 καὶ

2067 895 2464 965 ἀπανθρωπίας
2525 897 2620 950 zeal
2671 898 2985 969 ὠμότητος,
3031 901 3323 953 ἀπέκλεισε
3368 900 3462 953 τοῦ
3509 918 3645 971 νυμο

2069 979 2279 1048 φῶνος·
2316 981 2412 1035 zeal
2445 980 2534 1033 τὸν
2567 981 2636 1034 τὰ
2673 982 2894 1053 ῥυπαρὰ
2938 983 3282 1054 ἐνδεδυμένον
3330 984 3540 1054 ἰμάτια,
3560 983 3649 1036 διά

2067 1060 2225 1115 τοῦτο
2270 1062 2553 1134 δεδεμένον
2586 1062 2860 1128 ἐξέϐαλεν,
2910 1066 3008 1118 οὐκ
3043 1065 3229 1136 ἐπειδὴ
3274 1065 3518 1136 δόγματα
3549 1066 3649 1119 οὐκ

2070 1138 2211 1214 εἶχεν
2240 1144 2395 1216 όρθά,
2427 1145 2543 1199 ἀλλ’
2572 1146 2757 1219 ἐπειδὴ
2788 1146 2903 1217 βίον
2928 1146 3171 1218 ῥυπαρὸν
3201 1149 3293 1201 zeal
3316 1148 3645 1221 ἀκάθαρτονο

2070 1229 2161 1280 καὶ
2203 1226 2297 1291 οῦς
2345 1227 2630 1283 ἐκέλευσεν
2660 1230 2740 1292 εἰς
2767 1228 2829 1283 τὸ
2874 1228 2982 1300 πῦρ
3025 1229 3387 1299 ἀπενεχθῆναι
3414 1230 3476 1283 τὸ
3499 1232 3648 1300 ἡτοι-

2073 1309 2348 1380 μασμένον
2393 1311 2470 1382 τῷ
2511 1311 2741 1383 διαϐόλῳ
2785 1312 3016 1371 καὶτοῖς
3049 1313 3303 1381 ἀγγέλοις
3351 1313 3536 1377 αὐτοῦ,
3585 1313 3647 1366 οὐ

2068 1392 2155 1445 διὰ
2197 1392 2355 1446 τοῦτο
2402 1393 2646 1465 ἐπεμψεν
2691 1396 2826 1455 ἐκεῖ,
2864 1394 3050 1465 ἐπειδὴ
3095 1395 3193 1465 τῆς
3242 1395 3477 1457 πίστεως
3506 1390 3648 1466 ἦσαν

2070 1475 2507 1539 ἐκπεπτωκότες,
2532 1476 2647 1529 ἀλλ’
2680 1475 2868 1546 ἐπειδὴ
2892 1475 3146 1529 οὐδέποτε
3172 1476 3359 1530 οὐδένα
3387 1477 3644 1548 ἠλέησαν.

2069 1556 2286 1612 Τούτων
2312 1558 2528 1613 πάντων
2560 1560 2652 1613 zeal
2674 1560 2783 1613 τῶν
2827 1558 3083 1613 τοιούτων
3108 1562 3299 1625 αὐτοὺς
3337 1562 3648 1633 ἀναμνῆσαι

2067 1641 2296 1710 ἠδύνατο
2320 1685 2336 1709 ,
2387 1644 2481 1697 zeal
2524 1646 2731 1696 εἰπεῖν’
2781 1643 2855 1696 Οὐ
2909 1643 3047 1697 θέλω
3095 1643 3151 1697 δὲ
3204 1645 3348 1714 ὑμᾶς
3394 1644 3646 1713 ἀγνοεῖν,

2069 1725 2285 1794 ἀδελφοὶ
2311 1767 2325 1788 ,
2372 1727 2455 1779 ὅτι
2488 1720 2634 1779 οῦτοι
2667 1726 2864 1791 πάντες
2899 1728 2991 1779 zeal
3021 1726 3396 1798 βαπτίσματος
3434 1728 3644 1799 ἔτυχον,

2070 1807 2165 1860 zeal
2221 1808 2533 1879 μυστηρίων
2597 1807 2960 1877 ἐκοινώνησαν
2980 1826 2998 1872 ·,
3060 1808 3154 1861 zeal
3212 1810 3395 1862 πίστιν
3450 1810 3649 1880 πολλὴν

2070 1890 2427 1955 ἐπεδείξαντο,
2458 1891 2554 1944 zeal
2606 1889 2806 1957 γνῶσιν
2850 1887 2996 1960 εἶχον
3037 1891 3485 1961 ἀπηρτισμένην·
3533 1892 3649 1945 ἀλλ’

2070 1971 2256 2041 ἐπειδὴ
2299 1973 2412 2043 βίον
2445 1974 2504 2025 οὐ
2540 1972 2813 2043 παρέσχον
2846 1976 2913 2044 τῇ
2964 1972 3145 2026 πίστει
3180 1975 3511 2044 συνᾴδοντα,
3544 1976 3645 2044 τῆς

2073 2052 2347 2122 βασιλείας
2379 2054 2781 2126 ἐξεϐλήθησαν,
2818 2056 2911 2108 zeal
2954 2054 3032 2124 τῷ
3066 2056 3201 2125 πυρί
3248 2055 3646 2128 παρεδόθησαν.

2071 2137 2226 2202 Τίνος
2254 2135 2347 2193 οῦν
2372 2139 2561 2192 ἕνεκεν
2605 2138 2665 2191 οὐ
2700 2137 2874 2191 ταῦτα
2904 2135 3077 2196 εἶπεν.
3108 2138 3243 2194 ἀλλά
3270 2141 3444 2194 ταῦτα
3472 2140 3650 2195 πάντα

2071 2220 2249 2289 ἀφεὶς,
2280 2220 2422 2274 οὕτω
2450 2219 2567 2285 πώς
2601 2238 2784 2292 φησιν·
2822 2223 2904 2279 Οὐ
2928 2222 3081 2277 θέλω
3106 2221 3173 2274 δὲ
3200 2221 3355 2290 ὑμᾶς
3384 2222 3647 2292 ἀγνοεῖν,

2022 2368 2027 2379 ι
2070 2302 2355 2372 ἀδελφοί,
2403 2303 2492 2357 ὅτι
2538 2306 2592 2357 οί
2626 2304 2877 2371 πατέρες
2928 2303 3098 2372 ημῶν
3131 2303 3357 2370 πάντες
3384 2304 3506 2365 ὑπὸ
3532 2304 3651 2372 τὴν

2070 2386 2336 2456 νεφέλην
2359 2383 2539 2456 ἦσαν,
2571 2387 2666 2440 zeal
2691 2387 2800 2440 τῶν
2823 2388 3103 2451 Μωῦσέως
3124 2387 3320 2451 αὐτοὺς
3346 2389 3651 2460 ἀναμιμνή-

2074 2488 2240 2537 σκων,
2261 2472 2330 2525 τά
2351 2471 2445 2524 ἐπὶ
2470 2471 2569 2541 τῆς
2598 2474 2817 2542 χάριτος
2837 2470 2972 2534 τέως
3001 2472 3259 2542 σιγήσαςς
3298 2472 3411 2542 Οὐχ
3438 2471 3647 2538 ἁπλῶς,

2071 2554 2190 2607 οὐδὲ
2228 2554 2356 2608 ἄνευ
2407 2553 2565 2621 λόγου
2609 2554 2753 2616 τινὸς
2785 2553 2943 2605 τοῦτο
2971 2556 3145 2606 ποιεῖ’
3195 2552 3395 2624 πολλῆς
3420 2554 3528 2626 γάρ
3558 2571 3650 2609 σο-

2072 2636 2200 2706 φίας
2219 2632 2287 2707 ῆν
2313 2636 2744 2707 πεπληρωμένος
2762 2674 2776 2688 .
2817 2634 2979 2688 Ἀλλά
3001 2635 3054 2688 τί
3080 2634 3302 2705 δήποτε,
3328 2637 3423 2690 καὶ
3445 2635 3535 2690 διὰ
3557 2636 3646 2702 τίς

2072 2720 2227 2770 Δυοῖν
2251 2718 2415 2771 ἕνεκα
2432 2716 2663 2772 τούτων’
2697 2716 2833 2786 ὁμοῦ
2854 2733 2910 2769 τε
2940 2716 3117 2770 αὐτῶν
3159 2714 3477 2789 βουλόμενος
3515 2719 3651 2774 καθ-

2073 2799 2310 2869 ἅψασθαι
2348 2799 2567 2871 μᾶλλον,
2602 2800 2698 2853 zeal
2734 2800 2906 2866 δεῖξαι
2950 2799 3051 2869 τῆς
3092 2798 3333 2865 Παλαιάς
3378 2800 3651 2872 Διαθήκης

2074 2880 2210 2952 πρὸς
2260 2882 2359 2949 τὴν
2404 2882 2609 2953 Καινὴν
2668 2882 2867 2955 πολλὴν
2931 2877 3097 2936 οὖσαν
3149 2882 3251 2954 τὴν
3309 2884 3649 2953 συγγένειαν.

2086 2963 2302 3035 Ἐπειδὴ
2330 2965 2440 3035 γὰρ
2468 2965 2652 3018 πολλοὶ
2677 2965 2787 3017 τῶν
2816 2964 3136 3034 ἀνθρώπων,
3165 2967 3214 3017 οἰ
3243 2964 3343 3035 μέν
3361 2968 3428 3038 τῇ
3457 2965 3651 3040 γεέννῃ

2072 3045 2437 3110 διαπιστοῦσι,
2468 3048 2564 3100 zeal
2588 3048 2708 3100 οὐδὲ
2741 3042 2880 3101 εἶναι
2909 3048 3129 3101 κόλασιν
3155 3048 3486 3119 νομίζουσιν,
3514 3050 3652 3105 ἀλλά

2072 3130 2165 3183 τὸν
2192 3129 2325 3183 Θεὸν
2354 3129 2541 3193 ἀπλῶς
2569 3130 2754 3182 ἕνεκεν
2775 3130 2940 3199 φόϐου
2971 3130 3064 3182 zeal
3095 3130 3474 3201 σωφρονισμοῦ
3497 3130 3651 3186 ταῦτ’

2074 3212 2455 3284 ἠπειληκέναι,
2501 3211 2758 3283 σκώληκα
2800 3212 2892 3264 τὸν
2936 3211 3309 3281 ἀτελεύτητον,
3352 3213 3413 3267 τὸ
3445 3213 3558 3285 πῦρ
3589 3214 3653 3268 τὸ

2073 3297 2354 3360 ἄσϐεστον,
2388 3296 2451 3349 τὸ
2492 3296 2683 3359 σκότος
2713 3295 2775 3348 τὸ
2805 3293 3086 3366 ἐξώτερον,
3117 3299 3229 3359 τοῖς
3263 3295 3322 3349 δὲ
3352 3296 3655 3368 παρελθοῦ-

2075 3396 2159 3433 σιν
2186 3379 2286 3432 οὐκ
2315 3378 2527 3449 ἔχουσιν
2561 3378 2876 3450 ἀπιστῆσαι.
2925 3378 2969 3429 Τ
2972 3377 3006 3430 ἀ
3036 3378 3143 3448 γὰρ
3168 3379 3509 3448 γεγενημένα
3534 3379 3652 3444 πῶς

2073 3462 2138 3514 ἄν
2170 3478 2251 3525 τις
2298 3461 2513 3514 δύναιτο
2560 3458 2737 3527 λέγειν
2791 3460 2866 3529 μὴ
2918 3460 3205 3527 γενέσθαις
3259 3461 3383 3524 Τοῖς
3413 3462 3515 3531 μὲν
3540 3459 3651 3535 γὰρ

2072 3544 2282 3598 οὐδέπω
2308 3547 2575 3613 φανεῖσιν,
2607 3543 2725 3596 οὐδὲ
2759 3544 2838 3607 εἰς
2870 3544 3029 3613 ἔργον
3054 3543 3358 3609 ἑξελθοῦσίν
3382 3545 3490 3599 εἰσι
3522 3545 3654 3599 πολ-

2073 3627 2156 3681 λοί⁵
2188 3629 2238 3681 οί
2264 3626 2691 3689 διαπιστοῦντες,
2733 3628 2847 3689 τοῖς
2878 3624 2934 3678 δέ
2961 3626 3347 3698 γεγενημένοις
3382 3629 3476 3681 zeal
3500 3627 3652 3693 τέλος

2073 3711 2340 3781 εἰληφόσι,
2366 3710 2469 3764 κάν
2494 3710 2748 3781 μυριάκις
2766 3725 2850 3772 τις
2871 3704 3211 3784 ἀνεύθυνος
3241 3710 3336 3763 zeal
3358 3710 3649 3783 ἀγνώμων,

2073 3792 2216 3855 οὔτε,
2249 3795 2297 3846 εἰ
2335 3792 2639 3864 βουληθείη,
2689 3791 2972 3862 δυνήσεταί
3010 3808 3139 3845 ποτε
3193 3793 3462 3848 ἀπιστεῖν.
3518 3795 3654 3850 Ἀπὸ

2071 3878 2180 3929 τῶν
2212 3875 2418 3945 σφόδρα
2456 3872 2907 3944 ὡμολογημένων,
2950 3874 3045 3926 καὶ
3081 3874 3232 3937 τέλος
3272 3874 3525 3944 ἐχόντων,
3556 3879 3652 3932 zeal

2073 3952 2149 4012 ὧν
2187 3958 2357 4011 πολλὰ
2388 3957 2541 4024 μένει
2569 3956 2640 4009 τὰ
2664 3955 2911 4024 λείψανα,
2945 3955 3191 4024 βούλεται
3222 3956 3418 4021 αὐτοὺς
3443 3959 3650 4013 πιστώ-

2075 4040 2268 4094 σασθαι
2296 4040 2426 4109 περί
2462 4037 2561 4107 τῆς
2603 4035 2699 4090 τοῦ
2734 4037 2869 4090 Θεοῦ
2909 4036 3324 4108 δικαιοκρισίας,
3367 4041 3651 4111 μονονουχὶ

2072 4123 2245 4191 λέγων
2265 4141 2277 4154 ·
2312 4123 2378 4176 Εἰ
2406 4120 2481 4192 μὴ
2506 4120 2744 4190 νομίζεις
2772 4114 2909 4172 εἶναι
2941 4120 3184 4188 γέενναν,
3218 4119 3354 4191 μηδὲ
3379 4122 3647 4192 τιμωρίαν

2073 4207 2172 4261 zeal
2212 4205 2432 4259 κόλασιν
2450 4243 2466 4269 ,
2507 4203 2620 4258 ἀλλ’
2653 4202 2838 4267 ἁπλῶς
2869 4204 2959 4257 τὸν
3000 4202 3132 4255 Θεὸν
3171 4202 3549 4274 ἠπειληκέναι,
3578 4204 3651 4259 τά

2074 4289 2413 4362 παρελθόντα
2442 4286 2935 4357 ἀναλογισάμενος,
2982 4287 3075 4341 zeal
3103 4289 3217 4348 τοῖς
3252 4286 3504 4356 μέλλουσι
3553 4288 3650 4341 πί-

2075 4390 2250 4429 στευε.
2299 4374 2362 4427 El
2385 4372 2495 4445 γὰρ
2531 4373 2561 4427 ό
2597 4371 2761 4435 αὐτός
2800 4372 2917 4423 ἐστι
2958 4368 3108 4433 Θεὸς,
3135 4372 3165 4423 ό
3189 4370 3283 4422 zeal
3310 4370 3379 4424 τά
3410 4370 3650 4443 πρότερα

2074 4458 2169 4513 zeal
2195 4458 2267 4511 τά
2290 4456 2387 4512 νῦν
2413 4453 2734 4525 οἰκονομῶν,
2765 4453 2859 4506 zeal
2894 4451 2963 4503 τὰ
3005 4453 3099 4504 ἐπὶ
3130 4452 3227 4522 τῆς
3254 4452 3519 4517 Παλαιᾶς,
3555 4456 3651 4510 καὶ

2072 4540 2141 4595 τὰ
2170 4542 2263 4594 ἐπὶ
2302 4539 2400 4611 τῆς
2443 4539 2687 4609 χάριτος,
2730 4535 2921 4604 ὥσπερ
2960 4530 3053 4587 οὖν
3095 4535 3189 4588 zeal
3220 4534 3367 4587 ἔστιν
3397 4537 3427 4589 ό
3464 4537 3647 4602 αὐτὸς,

2074 4627 2226 4678 ποῖον
2256 4622 2323 4677 ἂν
2347 4624 2459 4693 ἔχοι
2486 4621 2675 4689 λόγον,
2715 4616 2955 4680 ἐκείνους
2990 4617 3089 4687 μὲν
3117 4618 3524 4688 ἁμαρτάνοντας
3552 4639 3647 4675 κο-

2072 4707 2233 4762 λάσαι
2271 4707 2365 4760 zeal
2399 4701 2847 4776 τιμωρήσασθαι,
2877 4702 3022 4771 ἡμᾶς
3048 4701 3106 4755 δέ
3130 4701 3320 4766 ταῦτα,
3343 4703 3437 4756 zeal
3471 4703 3650 4776 πολλῴ

2072 4789 2426 4860 χαλεπώτερα
2446 4786 2668 4839 ἐκείνων
2690 4783 2977 4845 πταίοντας
2996 4784 3372 4856 ἀτιμωρήτους
3395 4786 3609 4856 ἀφεῖναι
3627 4806 3647 4855 ;

2085 4870 2306 4944 Ἐρωτῶ
2326 4870 2504 4923 τοίνυν
2522 4884 2537 4900 ο
2567 4867 2899 4939 ἐπόρνευσαν
2946 4866 2997 4919 οί
3046 4866 3307 4931 Ἰουδαῖοι,
3337 4870 3429 4921 καὶ
3460 4870 3649 4926 ἐκολά-

2075 4954 2314 5027 cenam;
2376 4952 2720 5021 ἐγόγγυσαν..
2771 4949 2866 5001 καὶ
2910 4948 3366 5020 ἐτιμωρήθησανς
3409 4951 3647 5024 Ἀνάγκη

2073 5038 2222 5091 πᾶσα
2241 5034 2588 5107 ὁμολογῆσαι.
2615 5033 2738 5096 Πῶς
2758 5028 2849 5085 οὖν
2869 5033 2897 5085 ό
2912 5033 3363 5103 τιμωρησάμενος
3382 5033 3647 5099 ἐκείνους,

2075 5120 2135 5174 σὲ
2162 5119 2235 5174 τά
2273 5119 2413 5173 αὐτὰ
2442 5115 2723 5187 τολμῶντα
2771 5113 3109 5184 παρόψεταις
3164 5115 3278 5168 Οὐκ
3321 5115 3388 5169 ἂν
3423 5115 3533 5186 ἔχοι
3563 5115 3649 5170 λό-

2072 5220 2167 5272 γον
2187 5203 2237 5258 b.
2298 5200 2437 5255 Ἀλλ’
2480 5200 2580 5253 οὐκ
2614 5198 2821 5260 έδωκας
2860 5196 3014 5272 δίκην
3045 5195 3309 5262 ἐνταῦθα;
3356 5199 3456 5251 Διά
3490 5199 3652 5253 τοῦτο

2076 5270 2308 5352 μάλιστα
2337 5281 2555 5332 πίστευε
2583 5276 2806 5345 γέενναν
2839 5270 2980 5327 εἶναι
3023 5275 3118 5328 zeal
3167 5276 3421 5339 κόλασιν,
3460 5277 3649 5349 ἐπειδὴ

2071 5364 2227 5437 δίκην
2271 5361 2506 5417 ἐνταῦθα
2537 5362 2638 5413 οὐκ
2682 5358 2910 5421 ἔδωκας.
2963 5356 3025 5410 Εἰ
3063 5355 3171 5428 γάρ
3201 5357 3277 5429 μὴ
3318 5358 3513 5428 ἔμελλέ
3563 5375 3650 5423 τις

2072 5446 2395 5502 ἀποκεῖσθαι
2441 5442 2579 5515 μετά
2607 5440 2781 5495 ταῦτα
2808 5439 3068 5511 τιμωρία,
3107 5440 3207 5494 οὐκ
3249 5440 3315 5495 ἀν
3354 5442 3423 5495 τά
3464 5442 3646 5496 αὐτάα

2133 5564 2162 5604 δ
2194 5562 2421 5631 ξανῖικξιι
2438 5574 2591 5631 ηιμ-ς.
2618 5555 2752 5631 adem
2785 5557 2989 5631 ἐκείνους
3028 5556 3111 5631 μὶν
3128 5556 3480 5631 emtam
3503 5559 3651 5631 κολά-

2071 5643 2173 5703 σμι,
2343 5626 2395 5673 δέ
2414 5618 2584 5682 ταῦτά,
2617 5620 2773 5668 καίτοι
2793 5619 2957 5682 πολλῷ
2995 5618 3281 5682 αἰσχρότερα
3307 5618 3652 5683 ἐργασαμένους

2069 5690 2420 5799 W3%?§3§l.
2433 5744 2514 5795 Sic
2526 5747 2672 5805 recte
2689 5740 2796 5805 φά.
2813 5755 2957 5804 unus,
2973 5740 3112 5803 cujus
3130 5737 3419 5803 scripturam
3438 5742 3651 5805 vulgatae

2072 5810 2283 5868 τοιαῦτα,
2307 5804 2665 5859 substituimus.
2690 5799 2822 5853 Eon.
