4110 6198
479 336 588 393 245

476 454 590 518 τοῖς
623 452 907 523 προτέροις
940 451 1233 522 τολμήσας,
1267 448 1614 522 ἀτιμώρητος
1654 447 1891 515 ἔμεινας.
1940 443 2052 498 Καὶ

481 536 547 589 σὺ
592 540 767 589 τοίνυν
818 535 945 587 ὅταν
997 534 1168 605 λάϐῃς
1214 534 1335 586 τινὰ
1383 532 1579 603 χαῦνον
1603 573 1618 595 ,
1673 532 1768 585 καὶ
1814 528 2055 583 διαλελυ-

481 619 662 689 μένον.
706 619 798 671 καί
844 615 1039 687 πολλὴν
1087 615 1379 685 ἀσέλγειαν
1436 614 1906 686 ἐπιδεικνύμενον,
1959 612 2052 666 καὶ

479 702 616 771 λέγῃ
647 700 781 770 πρὸς
804 700 884 760 σέ.
919 700 1001 753 ὅτι
1037 700 1204 771 μῦθος
1239 699 1413 753 ταῦτά
1453 700 1621 763 ἐστιν,
1653 699 1753 751 ούκ
1798 697 1912 750 ἐστι
1963 697 2054 749 κό-

475 783 653 847 λασις,
686 781 810 837 οὗτε
838 782 1050 852 γέεννα,
1089 781 1202 837 ἀλλ’
1230 781 1417 844 ἁπλῶς
1462 784 1491 836 0
1526 781 1656 845 Θεὸς
1696 779 1848 853 [ἳὸἓῖ
1895 779 2053 849 ήπεί-

474 865 610 939 λησε
668 856 903 937 φοϐῆσαι
953 865 1294 937 βουλόμενος,
1345 863 1472 932 λέγε
1521 863 1658 935 πρὸς
1692 863 1852 917 αὐτόν
1872 879 1885 893 ο
1925 865 2053 915 Ἀν-

475 950 685 1021 θρωπε,
713 952 824 1012 τοῖς
849 947 1130 1019 μέλλουσιν
1154 948 1421 1009 ἀπιστεῖς,
1452 946 1641 1016 ἐπειδὴ
1672 945 1746 1015 μὴ
1780 945 2050 1013 φαίνεται,

476 1032 615 1103 μηδέ
643 1033 723 1095 εἰς
754 1031 916 1102 μέσον
948 1026 1100 1103 ἦλθε,
1127 1030 1260 1102 μηδέ
1286 1029 1390 1083 ὑπὸ
1413 1031 1524 1092 τοῖς
1554 1027 1851 1098 ὀφθαλμοῖς
1875 1029 2050 1081 κεῖται

472 1117 589 1178 τοῖς
619 1113 907 1185 ἡμετέροις
928 1129 941 1143 ·
977 1112 1052 1185 μὴ
1089 1115 1181 1166 ἐπὶ
1210 1115 1320 1176 τοῖς
1350 1111 1737 1181 γεγενημένοις
1771 1110 1863 1164 καὶ
1899 1110 2051 1174 τέλος

472 1196 722 1267 εἰληφόσι
760 1195 982 1249 δυνατὸν
1014 1195 1312 1266 ἀπιστῆσαί
1344 1210 1496 1258 τινας
1540 1194 1819 1263 Ἑννόησόν
1862 1210 1952 1263 μοι
1982 1195 2052 1248 τά

475 1279 682 1351 Σόδομα
711 1280 805 1333 καί
835 1278 909 1332 τά
940 1279 1212 1350 Γόμορρα.
1257 1277 1470 1350 Ἑκείνη
1513 1276 1569 1331 δὲ
1612 1275 1765 1348 χώρα
1801 1276 1866 1329 δι’
1901 1275 2052 1329 οὐδε-

476 1362 607 1433 μίαν
636 1361 828 1433 ἑτέραν
871 1360 1146 1433 ἁμαρτίαν
1179 1360 1445 1431 τοσαύτην
1484 1361 1651 1414 ἔδωκε
1687 1360 1862 1431 δίκην,
1895 1359 1929 1431 ἢ
1968 1358 2049 1412 ὃτι

475 1444 825 1516 παρανόμους
852 1444 1145 1514 εἰσήγαγον
1174 1443 1347 1513 μίξεις
1375 1444 1424 1496 οἰ
1457 1442 1554 1507 τὰς
1581 1442 1762 1506 πόλεις
1793 1444 2047 1514 οἰκήσαν-

474 1547 565 1593 τες
595 1527 828 1591 ἐκείνας,
860 1529 952 1579 καὶ
978 1528 1249 1597 ἀθέσμους
1282 1526 1511 1597 ἔρωτας,
1541 1526 1633 1579 καὶ
1660 1527 1783 1589 τοὺς
1810 1526 1909 1596 τῆς
1943 1523 2047 1594 φύ-

477 1629 613 1675 σεως
645 1612 841 1681 νόμους
871 1612 934 1663 ἐκ
967 1608 1183 1680 βάθρων
1220 1610 1540 1680 ἀνέτρεψαν.
1577 1608 1701 1672 Πῶς
1729 1604 1822 1662 οὖν
1848 1607 1915 1661 ἂν
1935 1606 2048 1677 ἔχοι

471 1695 648 1763 λόγον,
697 1695 788 1746 τὸν
830 1692 983 1757 Θεὸν,
1026 1692 1117 1746 τὸν
1164 1691 1325 1747 αὑτὸν
1362 1693 1491 1746 ὄντα
1537 1693 1630 1746 καί
1658 1692 1778 1746 τότε
1809 1692 1903 1746 καὶ
1930 1692 2045 1755 νῦν,

471 1778 715 1839 ἐκείνους
753 1777 851 1848 μέν
890 1775 1302 1847 ἁμαρτάνοντας
1336 1775 1561 1829 κολάσαι
1591 1776 1761 1846 χωρὶς
1801 1774 2046 1843 συγγνώ-

476 1877 584 1931 μης
612 1859 848 1928 ἀπάσης,
885 1858 944 1911 σὲ
975 1858 1031 1912 δέ
1057 1858 1149 1911 τὸν
1178 1858 1293 1929 μετ’
1327 1858 1567 1919 ἐκείνους
1594 1858 1927 1930 ἁμαρτόντα,
1957 1857 2046 1911 τὸν

474 1941 653 2014 πολλῷ
695 1943 938 2013 μείζονος
970 1940 1097 1995 ὅντα
1123 1941 1392 2012 τιμωρίας
1439 1941 1588 2007 ἀξιον
1615 1942 1708 1995 καὶ
1748 1941 2041 2006 κολάσεως,

471 2028 581 2098 δσῳ
616 2027 709 2080 καὶ
741 2024 963 2096 χάριτος
995 2023 1315 2096 ἀπήλαυσας
1335 2063 1351 2087 ,
1395 2026 1489 2078 καὶ
1519 2025 1639 2080 οὐδέ
1674 2027 1795 2088 ταῖς
1823 2025 2046 2078 ἐκείνων

470 2108 916 2181 ἐσωφρονίσθηςι
951 2107 1262 2178 τιμωρίαις.
1305 2107 1651 2179 ἀτιμώρητον
1687 2110 1936 2178 ἀφεῖναι;

537 2199 585 2261 γ’
593 2234 606 2247 .
622 2191 723 2245 Διά
742 2191 807 2262 δὴ
828 2190 1002 2245 ταῦτα
1017 2192 1110 2243 καὶ
1127 2190 1338 2254 Παῦλος
1360 2190 1512 2245 οὐδὲν
1527 2193 1655 2264 περὶ
1670 2192 1891 2263 γεέννης
1908 2192 2043 2255 τέως

471 2275 660 2339 εἰπὼν,
688 2275 876 2346 ἐπειδὴ
902 2274 1116 2339 πολλοῖς
1139 2276 1207 2330 τά
1235 2274 1494 2346 μέλλοντά
1520 2277 1667 2330 ἐστιν
1696 2275 1917 2340 ἀπιστα,
1937 2276 2045 2329 ἀπὸ

469 2362 578 2416 τῶν
608 2362 708 2433 ήδη
746 2360 1091 2431 συμϐάντων,
1143 2360 1237 2413 καὶ
1281 2353 1357 2414 ὧν
1408 2360 1596 2431 ίκανὴν
1642 2354 1788 2431 εἶχον
1834 2361 2040 2425 πίστιν,

469 2446 666 2511 αὐτοὺς
693 2444 1022 2517 σωφρονίσαι
1053 2444 1318 2515 βούλεται.
1355 2446 1416 2499 Ei
1437 2445 1543 2516 γὰρ
1570 2447 1661 2498 καὶ
1692 2443 2041 2515 φοϐερώτερα

469 2529 538 2583 τά
569 2528 852 2600 μέλλοντα,
885 2527 1023 2581 ἀλλά
1062 2530 1174 2591 τοῖς
1200 2527 1572 2597 ἀτελεστέροις
1600 2526 1710 2579 τῶν
1738 2525 2041 2598 ἀνθρώπων

468 2612 537 2667 τά
570 2611 913 2682 παρελθόντα
936 2610 1251 2683 πιστότερα,
1281 2611 1373 2663 καὶ
1403 2611 1574 2664 ταῦτα
1615 2610 1816 2680 μᾶλλον
1843 2610 2041 2674 αὐτοὺς

468 2696 692 2750 ἐκείνων
725 2694 909 2765 φοϐεῖν
933 2693 1113 2747 εἴωθε.
1141 2692 1237 2745 Διά
1256 2693 1428 2747 ταῦτα
1456 2693 1703 2747 ἐντεῦθεν
1724 2694 1907 2757 αὐτοῖς
1927 2693 2042 2747 δια-

468 2779 706 2848 λέγεται,
733 2771 814 2840 οίς
837 2776 956 2830 ούδέ
985 2775 1076 2829 τὸν
1101 2775 1304 2845 σφόδρα
1336 2775 1793 2846 ἀναισχυντοῦντα
1816 2776 2041 2848 ἀπιστῆ-

470 2878 560 2915 σαι
586 2860 810 2915 δυνατὸν
830 2855 899 2930 ἦν
918 2875 934 2891 ⁸
968 2858 1103 2929 ὁμοῦ
1133 2859 1190 2913 δέ
1218 2860 1311 2913 καὶ
1340 2858 1626 2930 Μαρκίωνι
1652 2858 1746 2911 καὶ
1781 2859 2038 2923 Μάνεντι,

466 2944 564 2998 καὶ
598 2946 730 2997 πίσι
776 2945 887 3006 τοῖς
928 2942 996 2995 τά
1035 2942 1172 2994 αὺτά
1215 2941 1442 3005 ἐκείνοις
1474 2940 1685 2995 νοσοῦσι
1716 2942 1934 3014 καιρίαν
1963 2943 2042 2996 δί-

465 3029 599 3082 δωσι
625 3025 722 3097 τὴν
750 3025 984 3097 πληγήν.
1030 3023 1093 3078 Εἰ
1124 3025 1232 3096 γάρ
1261 3026 1335 3096 μή
1366 3026 1510 3079 ἐστιν
1540 3028 1568 3078 0
1601 3026 1759 3089 αὐτὸς
1779 3027 1911 3090 Θεὸς
1941 3029 2040 3098 τῆς

469 3110 711 3174 Παλαιᾶς
741 3111 835 3165 καὶ
866 3109 966 3179 τῆς
1013 3110 1240 3178 Καινῆς,
1274 3110 1302 3163 ό
1336 3109 1427 3162 καί⁵
1467 3110 1649 3164 ἐκεῖνα
1692 3110 2037 3183 νουθετήσας,

467 3193 761 3250 καὶταῦτα
810 3191 1019 3265 μέλλων
1055 3190 1378 3256 διατυποῦν,
1421 3193 1688 3263 περιττῶς
1741 3211 1830 3265 μοι
1871 3195 2040 3251 ταῦτα

465 3280 665 3348 λέγεις,
701 3272 746 3332 ῶ
780 3275 957 3332 Παῦλε
979 3316 993 3340 ,
1032 3278 1126 3331 καὶ
1170 3275 1333 3346 φόϐον
1366 3276 1559 3331 οὐδένα
1599 3280 1712 3341 τοῖς
1744 3279 2040 3350 ἀκροαταῖς

464 3365 697 3435 ἐντίθης.
729 3363 962 3418 Δύναται
1003 3364 1110 3433 γάρ
1141 3363 1169 3415 0
1199 3359 1412 3416 ἀκούων
1437 3359 1635 3430 λέγειν,
1670 3363 1823 3416 ότιεί
1855 3363 2040 3435 ἐτερος

463 3450 668 3515 ἐκεῖνός
696 3451 812 3503 ἐστι
835 3448 988 3511 Θεὸς,
1016 3447 1110 3500 καὶ
1136 3447 1321 3515 ἔτερος
1346 3439 1519 3509 οὗτος,
1544 3444 1607 3498 οὐ
1637 3446 1854 3511 πάντως
1885 3440 2040 3514 οὗτος

464 3535 606 3590 κατά
638 3533 735 3604 τὴν
774 3533 982 3586 ἐκείνου
1036 3531 1212 3601 κρινεῖ
1247 3527 1496 3599 γνώμην,
1546 3529 1665 3582 ούδέ
1708 3532 1818 3592 τοῖς
1857 3530 2041 3595 αὐτοῖς

465 3618 708 3672 πείθεται
752 3615 956 3686 νόμοις.
1009 3615 1074 3667 Τί
1122 3614 1251 3684 γάρ,
1285 3614 1334 3665 εἰ
1376 3612 1454 3683 τῷ
1499 3614 1597 3684 τῆς
1635 3613 1876 3678 Παλαιᾶς
1921 3615 2040 3688 Θεῷ

462 3702 673 3762 πάντας
714 3698 859 3765 ἔδοξε
901 3698 1127 3751 κο⁶σάσαι
1163 3699 1255 3752 καὶ
1283 3696 1722 3769 τιμωρήσασθαι,
1751 3698 1805 3752 τί
1832 3716 2041 3771 μορμο-

463 3784 675 3848 λύττεις
696 3783 791 3836 καὶ
810 3783 1097 3851 ἐκφοϐεῖς;
1130 3783 1358 3852 Ἕτερον
1381 3780 1488 3852 ἔχω
1505 3784 1781 3854 Δεσπότην
1797 3781 1888 3835 τὸν
1912 3784 2039 3854 μέλ-

461 3868 625 3921 λοντά
649 3883 716 3938 με
752 3866 977 3938 κρίνειν.
1019 3868 1179 3919 Ὥστε
1216 3867 1263 3919 εἰ
1293 3865 1477 3936 ἔτερος
1506 3863 1575 3936 ἦν
1601 3867 1629 3920 0
1651 3865 1749 3936 τῆς
1772 3868 2035 3933 Παλαιᾶς,

464 3953 557 4007 καὶ
578 3954 763 4024 ἐτερος
782 3953 809 4004 ό
830 3951 928 4021 τῆς
948 3952 1175 4021 Καινῆς,
1200 3950 1530 4015 τούναντίον,
1553 3952 1689 4023 ὅπερ
1715 3951 1985 4020 ἐϐούλετο,
2011 3956 2039 4007 0

464 4037 674 4101 Παῦλος
717 4036 973 4106 ἐποίησεν
1002 4049 1016 4064 ’
1058 4034 1119 4088 ού
1162 4035 1271 4106 γάρ
1321 4036 1479 4106 μόνον
1524 4036 1625 4090 οὐκ
1670 4036 1903 4109 ἐφόϐησε
1946 4038 2038 4092 τὸν

462 4123 750 4184 ἀκούοντα,
786 4119 922 4173 ἀλλά
953 4119 1048 4174 καὶ
1083 4119 1262 4190 πάσης
1296 4120 1534 4187 ἀγωνίας
1556 4120 1651 4173 καὶ
1681 4120 1833 4183 δέους
1861 4122 2039 4194 ἀπήλ-

460 4205 623 4272 λαεεν
643 4222 658 4238 ο
678 4206 818 4276 ὅπερ
837 4203 957 4257 ούδέ
978 4204 1086 4256 τῶν
1110 4203 1382 4273 τυχόντων
1402 4203 1706 4275 ἀνθρώπιον
1725 4206 1818 4258 καὶ
1832 4205 2036 4279 σφόδρα

462 4289 706 4359 ἀνοήτων
727 4303 810 4350 τις
824 4285 1027 4339 ἐπαθεν
1044 4285 1131 4350 ἂν,
1152 4286 1282 4356 μήτι
1302 4301 1366 4352 γε
1383 4284 1595 4348 Παῦλος
1618 4288 1646 4339 0
1667 4286 1935 4360 τοσαύτης
1950 4291 2037 4357 γέ-

466 4388 581 4442 μων
596 4369 806 4439 σοφίας.
834 4368 994 4422 Ὅθεν
1014 4366 1193 4439 δῆλον,
1217 4367 1297 4420 ὅτι
1320 4361 1405 4431 εἷς
1425 4369 1517 4422 καὶ
1533 4371 1562 4422 ό
1587 4369 1749 4433 αὐτός
1768 4370 1883 4424 ἐστι
1904 4370 2037 4436 Θεὸς

460 4456 492 4508 0
519 4456 613 4508 καὶ
643 4456 768 4518 τοὺς
812 4452 1094 4515 Ἰουδαίους
1120 4451 1213 4504 ἐπὶ
1246 4451 1346 4522 τῆς
1372 4453 1581 4524 ἐρήμου
1618 4452 2033 4524 καταστρώσας,

464 4539 557 4594 καὶ
584 4538 741 4609 ἡμῶν
783 4538 909 4601 τοὺς
937 4537 1352 4607 ἁμαρτάνοντας
1390 4535 1643 4601 κολάζειν
1681 4536 1911 4606 μέλλων.
1957 4540 2033 4593 00

462 4622 573 4692 γὰρ
598 4624 648 4674 εί
685 4620 761 4691 μὴ
791 4614 871 4682 εἷς
901 4615 970 4689 ἦν
1003 4618 1188 4689 (πάλιν
1217 4618 1327 4686 γάρ
1353 4618 1415 4671 τὸ
1446 4618 1577 4672 αὐτὸ
1605 4619 1757 4689 ἐρῶ),
1795 4620 1901 4673 ἀπὸ
1930 4622 2035 4676 τῶν

463 4704 565 4774 ἡδη
599 4703 977 4773 γεγενημένων
1015 4702 1104 4753 ὑπ’
1141 4702 1371 4765 ἐκείνου,
1403 4703 1497 4755 καὶ
1524 4705 1650 4773 περὶ
1674 4704 1781 4758 τῶν
1819 4704 2036 4775 μελλόν-

464 4804 571 4840 των
596 4786 742 4856 ῆμᾶς
770 4785 973 4854 ἐφόϐεισ
999 4782 1185 4854 ἐπειδὴ
1204 4783 1259 4837 δέ
1281 4786 1310 4838 0
1334 4785 1497 4848 αὐτός
1519 4787 1687 4850 ἐστιν,
1720 4788 2037 4861 ἀναντίρρη-

462 4887 556 4924 τον
582 4870 873 4941 εἰσήγαγεν
902 4869 1082 4931 αὐτοῖς
1105 4868 1202 4939 τὴν
1237 4870 1364 4940 περὶ
1396 4869 1496 4939 τῆς
1514 4875 1783 4942 τιμωρίας
1806 4874 2034 4943 προσδο-

464 4956 608 5018 κίαν,
638 4953 850 5017 δεικνὺς
876 4953 956 5007 ὅτι
987 4952 1282 5007 δεδοικέναι
1326 4953 1435 5025 χρὴ
1464 4955 1557 5007 καὶ
1602 4955 1904 5024 φοϐεῖσθαι.
1959 4958 2035 5012 Οὐ

464 5038 574 5111 γὰρ
603 5037 671 5093 ἂν
692 5040 722 5092 0
742 5037 870 5101 τοὺς
895 5036 1135 5109 πατέρας
1164 5036 1318 5107 ἡμῶν
1342 5036 1576 5101 κολάσας
1600 5039 2032 5112 ἁμαρτάνοντας,

466 5122 623 5196 ἡμῶν
653 5121 896 5192 φείσεται
942 5118 1012 5173 τὰ
1044 5118 1185 5172 αὐτά
1221 5118 1709 5189 πλημμελούντων.
1764 5123 1948 5188 ’Ἄξιον
1979 5124 2036 5177 δέ

463 5208 549 5261 ἐπ’
599 5205 768 5277 αὐτὴν
818 5206 918 5275 τὴν
966 5204 1141 5273 ἀρχὴν
1171 5202 1345 5255 ἐλθεῖν
1384 5202 1479 5256 τοῦ
1527 5204 1864 5276 διηγήματος
1888 5249 1904 5273 ,
1942 5209 2037 5262 καὶ

462 5287 700 5359 ἑκάστην
717 5286 1157 5358 διερευνήσασθαι
1179 5284 1337 5356 ῥῆσιν
1361 5285 1477 5355 μετ’
1500 5288 1782 5357 ἀκριϐείας
1796 5291 2031 5361 ἀπάσης,

462 5373 538 5426 υύ
585 5370 724 5425 θέλω
758 5369 817 5424 δέ
856 5368 1002 5439 ὑμᾶς
1037 5367 1281 5436 ἀγνοεῖν,
1323 5368 1560 5438 ἀδελφοί.
1604 5370 1742 5436 Τοὺς
1787 5373 2037 5445 μαθητὰς

461 5455 723 5525 ἀδελφοὺς
752 5454 1029 5518 ἐκάλεσεν,
1055 5455 1156 5508 οὑκ
1182 5454 1291 5509 ἀπὸ
1320 5455 1414 5509 τοῦ
1438 5457 1539 5527 τῆς
1563 5456 1742 5521 ἀξίας,
1784 5457 1900 5512 ἀλλ’
1928 5459 2038 5512 ἀπὸ

459 5537 554 5596 τοῦ
570 5542 668 5612 τῆς
686 5540 905 5614 ἀγάπης
919 5540 1115 5605 αὐτοὺς
1131 5542 1550 5616 προσαγορεύων
1567 5544 1848 5615 ὀνόματος.
1883 5547 2034 5619 ᾝδει

464 5624 593 5695 γὰρ,
608 5624 725 5695 ᾔδει
746 5626 952 5694 σαφῶς,
965 5625 1047 5679 ὃτι
1067 5628 1270 5699 ταύτης
1287 5629 1400 5681 ἴσον
1413 5628 1583 5687 οὐδὲν.
1598 5629 1691 5681 καὶ
1708 5628 1767 5682 τὸ
1782 5629 2036 5699 μέγιστον

459 5706 477 5777 Ῐ
488 5708 617 5779 233]
634 5708 732 5777 τῆς
748 5709 902 5773 ἀξίας
917 5703 1077 5773 εἶδος,
1103 5711 1163 5763 τὸ
1181 5711 1279 5781 τῆς
1295 5712 1515 5783 ἀγάπης
1530 5708 1671 5776 εἶδός
1696 5714 1831 5767 ἐστι.
1868 5715 2035 5768 Τοῦτο

530 5848 551 5869 ⁸
578 5844 708 5897 Εὰἱι.
733 5846 864 5896 male
893 5850 1235 5913 σωφρονισθείς·
1266 5864 1293 5900 e
1315 5851 1430 5902 Cod.
1453 5852 1541 5900 ΗΒ
1566 5864 1885 5903 corruimus.
1904 5856 2036 5919 Εοιτ,

1176 348 1233 403 S.
1266 347 1553 404 JOANNIS
1589 346 2082 409 CIIRYSOSTOMI
2121 345 2443 403 ARCHIEP.
2486 343 3027 404 CORSTANTINOP.

3634 331 3738 390 206

2160 441 2217 527 δέ
2239 444 2451 517 πρῶτον
2480 448 2573 502 καὶ
2594 450 2754 520 ἡμεῖς
2773 448 3127 523 ζηλὼσωμεν.
3152 452 3270 508 Κάν
3293 454 3495 527 σφόδρα
3517 458 3737 512 καταδε-

2165 526 2377 610 έστεροι
2398 547 2543 596 τινες
2564 532 2721 604 ἡμῶν
2750 527 2852 588 ὦσι
2870 535 2897 575 ι)
2915 574 2930 599 ,
2961 539 3069 599 τοῖς
3098 537 3198 607 τῆς
3228 526 3522 610 θεραπείας
3542 542 3733 606 αὐτούς

2159 608 2411 683 καλῶμεν
2455 615 2702 687 ὀνόμασι,
2742 617 2817 689 μὴ
2866 620 3025 689 μόνον
3073 608 3407 692 ἐλευθέρους,
3456 624 3593 679 ἀλλά
3639 628 3734 680 καὶ

2158 692 2394 779 δούλους,
2425 697 2500 769 μὴ
2534 698 2695 769 μόνον
2722 700 3029 767 πλουσίους.
3052 703 3187 758 ἀλλά
3216 706 3313 759 καὶ
3336 706 3596 779 πένητας,
3614 710 3737 762 ἐπεὶ

2161 778 2253 862 καὶ
2282 778 2492 844 Παῦλος
2523 781 2645 853 οὐχὶ
2688 782 2813 846 τοὺς
2844 783 3132 850 πλουσίους
3172 788 3298 852 τοὺς
3345 778 3500 859 παρά
3546 793 3737 862 Κοριν-

2160 860 2315 926 θίοις,
2350 863 2470 916 οὐδὲ
2495 864 2621 928 τοὺς
2643 864 2961 938 ἐλευθέρους
2986 868 3085 922 καὶ
3106 874 3444 942 περιφανεῖς,
3466 871 3588 927 οὑδέ
3608 860 3734 937 τοὺς

2158 944 2462 1016 ἐπισήμους
2501 946 2682 1017 μόνον,
2716 947 2853 1003 ἀλλά
2881 949 2975 1002 καὶ
3000 949 3237 1016 ἰδιώτας,
3266 953 3358 1007 καὶ
3383 955 3621 1020 οἰκέτας,
3640 958 3734 1009 καὶ

2159 1026 2368 1110 πάντας
2404 1028 2591 1092 ἀπλῶς
2636 1030 2807 1103 ταύτῃ
2849 1031 3110 1103 τετίμηκε
3142 1037 3210 1105 τῇ
3256 1039 3616 1110 προσηγορία.
3644 1041 3734 1092 Ἐν

2156 1108 2266 1190 γάρ
2317 1109 2537 1181 Χριστῷ
2573 1110 2747 1182 Ἰησοῦ
2800 1114 2862 1167 οὐ
2910 1113 3114 1179 δοῦλος,
3172 1116 3269 1170 οὐκ
3318 1108 3620 1190 ἐλεύθερος,
3669 1124 3733 1176 οὐ

2160 1189 2454 1264 βάρϐαρος,
2490 1193 2551 1246 ού
2593 1194 2825 1265 Σκύθης,
2852 1195 2913 1249 οὐ
2963 1197 3145 1267 σοφὸς,
3192 1200 3291 1253 οὐκ
3341 1189 3562 1271 ἄσοφος,
3598 1203 3733 1257 ἀλλὰ

2159 1275 2308 1357 πᾶσα
2351 1274 2509 1340 ἀξίας
2550 1277 2835 1347 ἀνωμαλία
2882 1280 3140 1351 βιωτικῆς
3181 1283 3470 1357 ἀνῄρηται.
3526 1286 3635 1340 Καὶ
3677 1288 3733 1341 τί

2158 1355 2488 1426 θαυμαστὸν,
2518 1361 2566 1411 εἰ
2590 1359 2800 1423 Παῦλος
2832 1363 2957 1425 τοὺς
2984 1363 3309 1433 ὁμοδούλους
3337 1355 3510 1430 οῦτως
3540 1368 3733 1422 ἐκάλε-

2158 1454 2270 1525 σεν,
2301 1439 2529 1525 ὅπουᾲγε
2581 1444 2675 1494 καὶ
2724 1444 2752 1496 ό
2797 1446 3071 1516 Δεσπότης
3102 1448 3265 1502 αὑτοῦ
3315 1449 3414 1521 τὴν
3456 1453 3734 1525 ἡμετέραν

2155 1518 2297 1604 οὕτω
2339 1523 2562 1576 ἐκάλεσε
2602 1525 2782 1593 φύσιν,
2832 1526 2975 1580 οὕτω
3014 1526 3222 1598 λέγων’
3272 1518 3641 1604 Ἀπαγγελῶ-
3664 1538 3733 1589 τὸ

2157 1603 2345 1674 ὄνομά
2385 1621 2501 1660 σου
2543 1607 2668 1674 τοῖς
2693 1607 2977 1678 ἀδελφοῖς
3005 1628 3144 1680 μου,
3178 1612 3249 1665 ἐν
3272 1612 3442 1681 μέσῳ
3490 1617 3735 1685 Ἐκκλη-

2155 1687 2297 1754 σίας
2333 1687 2587 1756 ὑμνήσω
2614 1705 2724 1753 σε;
2753 1689 2831 1747 Οὐ
2861 1691 3020 1761 μόνον
3043 1693 3099 1745 δὲ
3127 1694 3379 1750 ἐκάλεσεν
3410 1699 3556 1768 ἡμᾶς
3580 1699 3735 1753 ἀδελ-

2157 1771 2311 1839 φοὺς,
2344 1771 2478 1824 ἀλλά
2504 1773 2597 1826 καὶ
2627 1773 2878 1841 γενέσθαι
2903 1774 3128 1845 ἀδελφὸς
3158 1778 3314 1848 ἡμῶν
3344 1779 3602 1852 ἠθέλησε,
3637 1783 3732 1837 καὶ

2155 1853 2372 1920 ἐγένετο
2413 1852 2511 1925 τὴν
2561 1854 2738 1925 σάρκα
2781 1856 2978 1921 ὑποδὺς
3021 1859 3125 1931 τὴν
3168 1860 3465 1932 ¹ἡμετέραν,
3502 1867 3595 1917 καὶ
3632 1865 3732 1934 τῆς

2155 1938 2369 2008 φύσεως
2406 1938 2564 2011 ἡμῶν
2612 1943 2946 2013 κοινωνήσας
2977 1943 3078 2013 τῆς
3112 1944 3487 2019 αύτῆς.Ὄπερ
3515 1944 3607 2004 οὖν
3636 1952 3731 2003 καὶ

2154 2019 2286 2074 αὐτὸ
2312 2019 2604 2091 θαυμάζων
2649 2025 2678 2076 0
2730 2023 2937 2088 Παῦλος
2961 2024 3174 2095 ἐλεγενο
3207 2031 3289 2083 Οὐ
3320 2032 3429 2098 γὰρ
3460 2031 3732 2099 ἀγγέλων

2152 2101 2609 2172 ἐπιλαμϐάνεται
2639 2108 2673 2159 ό
2716 2106 2881 2173 Θεὸς,
2917 2108 3079 2163 ἀλλὰ
3113 2109 3451 2179 σπέρματος
3487 2113 3731 2183 Ἀϐραὰμ

2151 2183 2649 2256 ἐπιλαμϐάνεται,
2704 2188 2842 2243 ὅθεν
2895 2189 3111 2259 ὤφειλε
3158 2193 3308 2249 κατὰ
3354 2192 3550 2250 πάντα
3606 2197 3731 2264 τοῖς

2150 2267 2436 2338 ἀδελφοῖς
2468 2270 2845 2340 ὁμοιωθῆναι.
2876 2274 2986 2327 Καὶ
3016 2274 3179 2328 πάλιν
3202 2292 3215 2305 ⁸
3261 2276 3423 2331 Ἐπεί
3469 2272 3584 2333 οὖν
3629 2281 3728 2333 καί

2152 2351 2223 2405 τὰ
2251 2351 2458 2406 παιδία
2478 2353 2870 2422 κεκοινώνηκε
2895 2357 3123 2426 σαρκός
3147 2360 3243 2413 καί
3265 2361 3532 2430 αἵματος.
3552 2380 3729 2433 παρα·

2151 2436 2427 2502 πλησίως
2461 2436 2560 2490 καὶ
2594 2437 2778 2502 αὐτὸς
2801 2438 3059 2510 μετέσχε
3089 2438 3206 2496 τῶν
3235 2444 3451 2498 αὐτῶν.

2223 2518 2406 2571 Πάντα
2435 2519 2493 2573 δὲ
2520 2519 2691 2574 ταῦτα
2720 2521 3029 2588 ἀκούοντες,
3054 2522 3394 2589 ἀλαζονείαν,
3419 2528 3511 2581 καὶ
3537 2527 3725 2597 τῦφον,

2152 2599 2245 2652 καὶ
2296 2600 2551 2655 ἀπόνοιαν
2603 2601 2819 2657 ἃπασαν
2870 2605 2969 2672 τῆς
3015 2605 3193 2679 ψυχῆς
3250 2606 3583 2680 ἐξορίσωμεν
3629 2612 3727 2682 τῆς

2150 2682 2444 2752 ἡμετέρας,
2477 2684 2571 2737 καὶ
2597 2686 2733 2754 μετά
2764 2687 2964 2757 πολλῆς
2991 2689 3147 2742 τοῦτο
3173 2690 3607 2763 κατορθώσωμεν
3627 2694 3726 2764 τῆς

2153 2764 2406 2834 σπουδῆς,
2430 2764 2493 2818 τὸ
2524 2767 2938 2837 θεραπευτικοῖς
2965 2770 3192 2842 ὀνόμασι
3232 2774 3326 2828 καὶ
3355 2775 3518 2845 τιμὴν
3546 2775 3727 2846 έχουσι

2147 2846 2275 2929 τοὺς
2317 2848 2542 2919 πλησίον
2589 2851 2790 2905 καλεῖν.
2830 2852 2891 2906 Εἰ
2918 2853 3024 2924 γὰρ
3069 2855 3161 2908 καὶ
3210 2857 3406 2927 μικρὸν
3436 2858 3530 2912 καὶ
3574 2858 3729 2929 ψιλὸν

2148 2927 2286 2985 εἶναι
2311 2931 2460 2986 δοκεῖ
2477 2931 2539 2985 τὸ
2561 2934 2907 3006 κατόρθωμα,
2925 2936 3040 2990 ἀλλ’
3062 2938 3211 3008 ὅμως
3235 2941 3484 3010 μεγάλων
3507 2927 3728 3010 ἀγαθῶν

2148 3016 2297 3068 ἐστιν
2328 3017 2499 3070 αίτιον
2526 3033 2539 3046 °
2564 3015 2752 3087 ὥσπερ
2773 3014 2865 3072 οὖν
2893 3018 2951 3073 τὸ
2976 3021 3215 3074 ἐναντίον
3247 3022 3443 3088 πολλάς
3471 3025 3727 3091 πολλάκις

2149 3096 2348 3169 ἔχθρας
2372 3097 2466 3152 καὶ
2496 3098 2638 3170 ἕρεις
2660 3100 2756 3154 καὶ
2781 3100 3108 3170 φιλονεικίας
3131 3104 3404 3176 ἐποίησεν.
3428 3107 3500 3161 Ού
3524 3106 3727 3178 ταύτην

2147 3179 2203 3233 δὲ
2235 3181 2395 3251 μόνον
2422 3182 2520 3253 τὴν
2552 3183 2725 3254 ῥῆσιν,
2758 3183 2894 3237 ἀλλά
2926 3185 3021 3239 καὶ
3051 3187 3150 3257 τὴν
3187 3187 3315 3258 ἑξῆς
3364 3189 3500 3259 μετά
3526 3190 3727 3262 πολλῆς

2148 3263 2463 3329 ἐξεταστέον
2511 3267 2609 3336 τῆς
2653 3267 2968 3337 ἀκριϐείαςο
2998 3270 3118 3324 οὐδὲ
3157 3270 3264 3343 γάρ
3293 3272 3497 3344 ταύτην
3542 3274 3726 3338 άπλῶς

2146 3347 2407 3402 τέθεικεν.
2461 3349 2643 3403 Εἰπὼν
2694 3352 2835 3422 γάρ’
2910 3354 2992 3407 Οὐ
3045 3352 3197 3407 θέλω
3256 3354 3410 3423 ὑμᾶς
3462 3357 3724 3427 ἀγνοεῖν,

2147 3432 2418 3500 ἀδελφοὶ,
2455 3434 2766 3505 ἐπήγαγεν·
2804 3434 2925 3490 Ὅτι
2970 3438 3024 3490 οἱ
3078 3436 3329 3505 πατέρες
3368 3438 3534 3508 ἡμῶν
3574 3441 3727 3494 πάν-

2147 3531 2272 3581 τες’
2302 3513 2405 3567 οὐκ
2423 3508 2597 3579 εἶπεν,
2619 3513 2808 3571 ’οτιοὶ
2842 3517 3100 3582 Ἰουδαῖοι,
3126 3520 3246 3572 ούδέ
3280 3522 3328 3572 οἰ
3358 3521 3417 3585 ἐξ
3448 3523 3725 3591 Αἰγύπτου

2148 3595 2480 3661 ἐξελθόντες·
2527 3596 2665 3651 ἀλλά
2706 3598 2793 3661 τί;
2840 3602 2906 3652 Ol
2956 3600 3207 3669 πατέρες
3246 3601 3416 3671 ἡμῶν
3458 3605 3679 3674 πάντες
3706 3625 3721 3639 ·

2146 3679 2281 3749 ὁμοῦ
2311 3679 2542 3763 καίῂτὴν
2586 3682 3086 3754 ταπεινοφροσύνην
3135 3685 3576 3758 ἐπιδεικνύμενος
3621 3692 3728 3763 τὴν

2146 3760 2362 3827 ἐαυτοῦ,
2406 3761 2487 3815 ὅτι
2516 3763 2615 3817 ούκ
2642 3763 2918 3834 ἀπηξίωσε
2945 3765 3042 3837 τὴν
3070 3767 3204 3838 πρὸς
3237 3768 3475 3833 ἐκείνους
3523 3760 3723 3841 συγγέο

2146 3862 2314 3906 νειαν,
2351 3845 2605 3899 τοσοῦτον
2655 3847 2851 3912 αὐτοὺς
2894 3848 3252 3920 ἀναϐεϐηκὼς
3302 3852 3441 3905 κατά
3489 3854 3582 3906 τὸν
3622 3856 3722 3926 τῆς

2146 3928 2344 3998 ἀρετῆς
2391 3927 2570 3997 λόγον,
2600 3929 2693 3982 καὶ
2739 3929 2847 3984 τῶν
2898 3930 2996 4001 τὴν
3047 3933 3290 3987 Παλαιὰν
3329 3934 3723 3992 διαϐαλλόντων

2145 4010 2510 4081 ἐπιστομίζων
2560 4011 2656 4082 τὴν
2702 4012 3054 4083 ἀναίσχυντον
3083 4014 3347 4083 γλῶτταν.
3382 4019 3457 4071 Ού
3492 4019 3600 4091 γάρ
3629 4020 3719 4086 ἂν,

2145 4095 2195 4146 εί
2222 4093 2356 4165 πρὸς
2387 4093 2602 4165 ἐκείνην
2634 4095 2886 4165 ἀπεχθῶς
2916 4097 3164 4162 διέκειτο,
3199 4100 3306 4153 ἀπὸ
3342 4100 3450 4153 τῶν
3479 4103 3721 4174 εὐφημο-

2145 4177 2318 4245 τέρων
2364 4177 2640 4247 ὀνομάτων
2689 4178 2755 4232 ἀν
2803 4180 3068 4252 ἐμνήσθη,
3104 4181 3209 4236 τῶν
3249 4182 3369 4236 τότε
3413 4186 3721 4255 γενομένων

2145 4259 2398 4314 ἁπάντων
2450 4258 2701 4332 διαϐολὴν
2750 4254 3015 4331 ἐχόντων.
3071 4263 3315 4329 Πάντες.
3367 4267 3501 4320 υύδὲ
3546 4254 3723 4322 τοῦτο

2143 4342 2331 4406 ἁπλῶς
2371 4342 2579 4396 τέθεικε
2621 4344 2701 4408 τὸ,
2748 4343 3008 4412 Πάντες,
3055 4346 3173 4400 ούδέ
3221 4349 3534 4420 παρέργως,
3582 4351 3719 4406 ἀλλά

2147 4424 2284 4496 μετά
2315 4423 2515 4496 πολλῆς
2540 4426 2641 4496 τῆς
2668 4429 2875 4497 σοφίας.
2910 4428 3043 4481 οὐδὲ
3069 4428 3178 4500 γὰρ
3221 4430 3366 4496 άπαξ
3399 4431 3567 4486 εἰπὼν
3604 4436 3719 4488 ἐσί-

2144 4525 2327 4579 γησεν.
2355 4508 2489 4562 ἀλλά
2518 4510 2610 4563 καὶ
2634 4509 2714 4574 δὶς
2741 4511 2835 4564 καὶ
2863 4510 2984 4582 τρὶς
3016 4512 3110 4565 καὶ
3150 4512 3429 4577 πολλάκις,
3485 4515 3569 4569 ἵνα
3609 4518 3718 4588 μάο

2146 4592 2265 4663 θῃς,
2294 4593 2377 4646 ὃτι
2405 4593 2465 4645 ού
2491 4593 2783 4663 παρέργως
2810 4593 2950 4646 αύτά
2971 4596 3351 4667 προσέρριψεν.
3386 4596 3565 4652 Εἰπὼν
3588 4600 3712 4672 γάρ·

2146 4675 2266 4729 ’Ότι
2306 4677 2359 4728 οἱ
2400 4674 2651 4744 πατέρες·
2675 4674 2845 4744 ἡμῶν
2891 4673 3112 4741 πάντες
3156 4677 3275 4732 ὑπὸ
3312 4677 3424 4746 τὴν
3454 4682 3717 4749 νεφέλην

2143 4754 2327 4827 ἦσαν,
2371 4758 2664 4829 ἐπήγαγε·⁸
2687 4758 2794 4812 Καὶ
2843 4756 3065 4825 πάντες
3118 4758 3216 4812 διὰ
3245 4758 3354 4827 τῆς
3397 4762 3716 4830 θαλάσσης

2143 4838 2413 4907 διῆλθον,
2471 4840 2568 4893 καί
2618 4838 2840 4906 πάντες
2881 4843 2969 4906 είς
3008 4841 3114 4895 τὸν
3168 4842 3435 4912 Μωϋσῆν
3476 4845 3716 4899 ἐϐαπτί-

2144 4939 2353 4989 σαντο,
2394 4921 2495 4978 καὶ
2530 4921 2750 4987 πάντες
2782 4925 2847 4977 τὸ
2892 4922 3038 4977 αὐτὸ
3072 4924 3285 4993 ,βρῶμα
3314 4927 3716 4995 πνευματικὸν

2143 5008 2387 5075 ἔφαγον,
2418 5003 2515 5057 καὶ
2556 5003 2782 5065 πάντες
2816 5004 2882 5057 τὸ
2924 5005 3069 5058 αὐτὸ
3103 5007 3265 5076 πόμα
3309 5010 3716 5078 πνευματικὸν

2144 5087 2661 5150 ἔπινον.ἽΙκουσας
2709 5088 2825 5150 πῶς
2870 5087 3126 5152 πολλάκις
3154 5090 3235 5154 τὸ,
3263 5090 3512 5158 Πάντες,
3542 5093 3712 5147 τέθει-

2145 5188 2277 5233 κεν;
2312 5168 2431 5224 Οὐκ
2473 5169 2538 5223 ἂν
2582 5169 2639 5222 δὲ
2678 5169 2834 5223 τοῦτο
2861 5170 3139 5241 ἐποίησεν,
3168 5172 3214 5223 εί
3249 5172 3324 5243 μή
3369 5174 3513 5245 μέγα
3542 5193 3592 5229 τι
3622 5179 3715 5231 καὶ

2144 5253 2452 5324 θαυμαστὸν
2508 5254 2803 5324 μυστήριον
2848 5252 3151 5319 αἰνίξασθαι
3216 5255 3425 5326 ἡθελεν.
3479 5257 3541 5310 Εἰ
3607 5258 3715 5331 γὰρ

2144 5337 2331 5401 ἁπλῶς
2358 5336 2545 5403 ἐτίθει,
2573 5338 2732 5407 ἡρκει
2754 5337 2899 5403 ἅπαξ
2923 5337 3144 5391 εἰπόντα
3178 5340 3417 5410 σιγῆσαι,
3448 5339 3597 5415 [εει]
3621 5344 3717 5397 καὶ

2145 5425 2318 5476 εἰπεῖν
2357 5421 2554 5484 οὓτως
2581 5420 2775 5474 ’Ὀτιοί
2800 5417 3036 5489 πατέρες
3055 5421 3211 5491 ἡμῶν
3250 5422 3450 5485 πάντες
3484 5425 3587 5478 ύπὸ
3616 5425 3715 5497 τὴν

2143 5505 2378 5575 νεφέλην
2400 5499 2560 5574 ἦσαν,
2594 5502 2687 5557 καὶ
2714 5501 2802 5556 διά
2828 5504 2927 5574 τῆς
2946 5502 3222 5574 θαλάσσης
3247 5504 3481 5575 διῆλθον,
3511 5508 3604 5562 καὶ
3633 5511 3714 5572 είς

2146 5588 2235 5642 τὸν
2257 5587 2495 5658 Μωῦσῆν
2517 5586 2894 5650 ἐϐαπτίσαντο,
2932 5586 3026 5640 καὶ
3068 5584 3130 5638 τὸ
3166 5587 3298 5640 αὐτὸ
3324 5587 3521 5660 βρῶμα
3552 5608 3710 5645 πνευ-

2150 5671 2376 5743 ματικὸν
2404 5668 2626 5739 ἔφαγον,
2641 5668 2734 5721 κιιιί⁵
2756 5668 2814 5721 τὸ
2832 5669 2962 5722 αὐτὸ
2982 5669 3131 5740 πόμα
3154 5672 3519 5741 πνευματικὸν
3539 5673 3709 5727 ἔπιον.

2211 5792 2239 5829 ιι
2257 5792 2342 5858 _$ic
2365 5792 2480 5858 (tog.
2507 5790 2616 5852 τιὸ,
2639 5798 2692 5841 ει
2718 5792 2821 5843 haec
2842 5798 2950 5845 erat
2972 5794 3255 5858 conjectura
3278 5793 3463 5845 Savilii.
3491 5794 3714 5858 Legeba-

2145 5861 2225 5906 tur
2251 5856 2392 5909 ὄντες.
2420 5853 2552 5902 Enn.
