4110 6198
316 364 427 418 915

319 497 477 552 quam
506 479 692 538 eadem
711 495 828 552 qme
847 479 918 534 illi
943 479 1146 550 priores
1169 493 1352 543 ausus,
1377 479 1576 533 imtltns
1595 477 1902 533 mansisses.

320 573 400 628 τυ
438 589 567 645 ergo
605 574 649 628 si
674 572 977 644 quempiam
1007 569 1424 640 deprehenderis
1451 569 1664 624 mollem
1685 611 1699 634 ,
1729 569 1906 623 disso-

325 666 525 728 lutum,
555 664 884 733 multamque
933 659 1207 716 lasciviam
1237 661 1578 717 exhibentem
1601 702 1617 727 ,
1650 660 1737 731 qui
1767 659 1910 714 dicat

325 755 448 822 tibi,
500 755 625 810 Hzec
668 763 793 808 sunt
842 752 1063 819 fabulm;
1111 768 1216 808 non
1247 762 1330 808 est
1357 753 1707 823 supplicium,
1739 767 1910 821 neque

324 849 600 919 gehenna,
633 847 726 902 sed
760 848 899 902 Deus
942 846 1056 902 hzec
1083 847 1278 902 frustra
1312 845 1541 901 terrendi
1572 860 1730 900 causa
1759 860 1910 899 com-

325 941 554 996 minatus
583 948 696 1004 est,
743 939 1008 1010 responde
1051 939 1124 994 illi
1156 957 1169 994 :
1202 939 1408 1005 Homo,
1435 954 1538 992 non
1566 939 1740 992 credis
1769 937 1910 992 futu-

324 1033 434 1100 ris,
475 1032 598 1103 quia
627 1047 732 1086 non
765 1041 1050 1102 apparent,
1079 1046 1250 1101 neque
1275 1031 1326 1084 in
1353 1031 1530 1084 medio
1553 1031 1634 1084 vel
1661 1029 1759 1084 sub
1781 1018 1910 1083 Ocu-

328 1123 392 1178 lis
422 1132 544 1178 sunt
573 1121 857 1177 constituta
887 1137 901 1176 :
927 1137 1052 1176 num
1082 1130 1234 1193 potes
1262 1121 1419 1175 ﬁdem
1449 1136 1640 1190 negare
1664 1121 1727 1174 iis
1747 1162 1760 1185 ,
1795 1135 1912 1190 ane

327 1213 462 1270 facta
493 1214 759 1284 finemque
788 1213 975 1268 sortita
1005 1221 1128 1268 sunt
1150 1213 1174 1267 ?
1198 1212 1382 1282 Cogita
1413 1211 1699 1268 Sodomam
1727 1221 1780 1266 et
1808 1213 1914 1268 Go-

329 1304 591 1361 motham.
613 1304 780 1375 Regio
808 1305 896 1359 illa
943 1306 1086 1360 nulla
1117 1305 1216 1359 alia
1243 1305 1310 1360 de
1349 1321 1506 1359 causa
1557 1315 1729 1360 tantas
1769 1306 1914 1359 dedit

330 1407 546 1464 manus,
568 1410 729 1465 quam
758 1395 897 1466 quod
929 1396 1118 1450 incola:
1139 1396 1254 1466 ejus
1285 1396 1496 1451 illicitos
1543 1398 1715 1451 coitus
1762 1397 1913 1450 indu-

329 1495 516 1540 xerunt
541 1526 558 1552 ,
583 1486 990 1557 illegitimosque
1019 1502 1250 1552 amores,
1283 1503 1345 1542 ac
1372 1497 1574 1542 natura:
1603 1488 1745 1557 leges
1774 1488 1915 1542 radi-

279 1619 281 1621 .
325 1577 461 1630 citus
498 1576 894 1632 subverterunt.
939 1577 1049 1644 Qua
1080 1577 1238 1646 igitur
1267 1579 1474 1634 ratione
1505 1578 1616 1633 fieri
1649 1580 1814 1648 possit
1860 1589 1915 1634 ut

327 1669 469 1722 Deus
507 1667 648 1723 idem
677 1668 791 1739 ipse
824 1683 965 1724 nunc
1011 1669 1100 1739 qui
1143 1677 1268 1724 tunc
1312 1679 1460 1733 erat,
1486 1670 1606 1724 illos
1636 1681 1916 1740 peccantes

325 1759 444 1814 sine
483 1757 634 1814 venia
689 1759 959 1830 punierit,
1003 1767 1055 1815 te
1103 1777 1230 1816 vero
1269 1763 1355 1831 qui
1386 1772 1502 1832 post
1535 1762 1652 1816 illos
1684 1762 1914 1832 peccasti

326 1861 381 1905 et
421 1850 625 1920 majore
661 1850 850 1922 dignus
889 1867 950 1907 es
987 1853 1217 1916 ultione,
1259 1854 1380 1922 quia
1420 1853 1640 1922 gratiam
1696 1853 1916 1908 sortitus

325 1957 408 2007 es,
429 1957 599 2012 neque
627 1942 836 1996 illorum
858 1943 1118 2013 supplicio
1137 1943 1469 2010 emendatus,
1492 1945 1716 1998 inultum
1739 1945 1877 1997 sinat
1894 1943 1916 1984 7

400 2034 453 2089 5.
486 2033 740 2088 Probatur
759 2037 988 2090 eumdem
1011 2053 1119 2090 esse
1148 2035 1281 2090 Novi
1308 2054 1368 2090 ac
1400 2036 1587 2092 Veteris
1618 2037 1918 2092 Testamenti

329 2123 514 2178 Deum.
543 2155 617 2166 ——
645 2125 876 2196 Ideoque
907 2126 1102 2180 Paulus
1122 2169 1134 2190 ,
1169 2127 1425 2182 nihildum
1465 2127 1531 2182 de
1556 2127 1798 2198 gehenna
1841 2128 1919 2180 Io-

328 2227 563 2286 qntttus,
610 2218 732 2288 quia
781 2218 952 2273 futura
995 2235 1024 2270 a
1055 2218 1238 2271 multis
1269 2234 1372 2271 non
1403 2219 1724 2282 creduntur,
1756 2219 1824 2271 ab
1854 2219 1918 2272 iis

329 2323 448 2377 qua:
473 2307 584 2377 jam
607 2309 972 2378 contigerant,
1005 2317 1059 2363 et
1102 2309 1292 2377 quibus
1320 2309 1394 2362 illi
1425 2309 1579 2362 lidcnt
1613 2309 1915 2374 habebant,

331 2399 477 2467 ipsos
497 2398 715 2454 erudire
745 2399 880 2453 vult.
921 2398 1143 2454 Etiamsi
1192 2399 1333 2453 enim
1366 2397 1538 2452 futura
1599 2399 1916 2453 terribiliora

328 2490 465 2555 sint,
495 2489 840 2559 popularibus
879 2497 1060 2544 tamen
1102 2489 1368 2559 praeterita
1398 2497 1522 2543 sunt
1547 2489 1914 2554 credibiliora,

327 2589 384 2634 et
407 2579 524 2635 [nec
552 2581 671 2650 plus
696 2595 855 2650 quam
886 2580 975 2635 illa
1001 2580 1192 2635 terrori
1212 2589 1336 2635 sunt
1359 2580 1506 2650 ipsis.
1541 2578 1742 2636 Idcirco
1767 2596 1832 2635 ex
1856 2581 1920 2635 iis

329 2679 704 2739 argumentum
735 2678 1026 2736 mutuatur,
1049 2670 1242 2739 quibus
1272 2686 1338 2724 ne
1364 2669 1785 2740 impudentiores
1805 2671 1921 2741 qui-

331 2761 452 2816 dem
471 2759 628 2814 lldetn
647 2776 840 2831 negare
862 2770 1118 2830 possunt:
1141 2760 1299 2815 simul
1317 2770 1492 2815 autem
1510 2770 1564 2816 et
1585 2760 1838 2816 Marcioni
1866 2770 1923 2816 et

332 2852 624 2907 Manichzeo
650 2863 706 2907 et
733 2853 796 2907 iis
825 2851 915 2923 qui
942 2853 1052 2923 pari
1097 2854 1284 2907 morbo
1333 2851 1680 2918 laborabant,
1709 2851 1918 2908 letalem

335 2943 525 3015 inﬂigit
549 2945 776 3016 plagam.
799 2946 854 3002 Si
885 2947 1028 3000 enim
1051 2963 1156 3001 non
1183 2955 1266 3002 est
1291 2945 1429 3001 idem
1457 2947 1663 3000 Veteris
1682 2947 1772 3017 qui
1789 2945 1918 3002 Novi

333 3037 664 3093 Testamenti
695 3039 834 3093 Deus
854 3079 868 3104 ,
893 3039 981 3109 qui
1006 3049 1061 3094 et
1087 3038 1173 3094 illa
1196 3039 1419 3102 monuit,
1448 3049 1501 3094 et
1527 3039 1664 3094 hanc
1694 3039 1918 3094 formam

339 3129 630 3186 traditurus
669 3138 820 3198 erat,
851 3131 1048 3186 frustra
1077 3131 1204 3187 tnibi
1237 3131 1339 3187 hoc
1375 3132 1539 3197 dicis,
1571 3147 1605 3186 ο
1644 3132 1836 3196 Paule,
1869 3143 1924 3188 et

336 3221 541 3276 nullum
562 3221 898 3277 auditoribus
919 3222 1165 3278 timorem
1191 3223 1403 3278 incutis.
1426 3222 1558 3278 Nam
1579 3233 1750 3293 potest
1771 3225 1816 3278 is
1833 3225 1922 3295 qui

335 3311 484 3367 audit
516 3312 700 3368 dicere
741 3331 754 3366 :
787 3312 842 3368 Si
871 3313 1008 3368 alius
1036 3314 1158 3381 ille,
1187 3314 1324 3368 alius
1381 3315 1467 3370 hic
1507 3315 1646 3369 Dens
1676 3324 1755 3370 est
1791 3333 1804 3368 :
1841 3317 1926 3370 hic

335 3415 485 3460 certe
514 3421 619 3459 non
649 3405 943 3461 secundum
981 3406 1123 3462 illius
1145 3407 1465 3462 sententiam
1505 3406 1762 3476 judicahit
1781 3447 1796 3472 ,
1826 3424 1923 3462 nc-

337 3511 443 3566 que
489 3496 676 3551 iisdem
707 3497 1098 3568 obtemperabit
1143 3498 1364 3568 legibus.
1392 3498 1526 3566 Quid
1565 3499 1708 3554 enim
1739 3499 1784 3554 si
1819 3500 1927 3554 Deo

341 3585 553 3642 Veteris
581 3587 739 3658 Li-gis
767 3589 938 3642 visum
969 3597 1053 3644 est
1095 3604 1284 3645 omnes
1327 3570 1549 3660 punire,
1589 3606 1722 3662 quas
1751 3591 1928 3646 larvas

340 3677 573 3748 profers,
597 3680 724 3750 quid
755 3690 925 3736 terres
951 3679 1171 3735 ?Alium
1201 3680 1374 3735 habeo
1391 3681 1700 3747 Dominum,
1726 3682 1814 3752 qui
1843 3697 1928 3738 me

338 3769 670 3840 iudicaturus
691 3781 793 3828 est.
821 3771 1002 3844 Itaque
1023 3773 1068 3827 si
1113 3772 1247 3827 alius
1277 3771 1464 3828 fuisset
1506 3773 1747 3840 Veteris,
1791 3773 1929 3829 alius

347 3861 512 3918 Nova:
537 3863 696 3935 Legis
713 3906 729 3930 ,
757 3864 952 3920 Paulus
977 3875 1162 3920 contra
1183 3906 1198 3931 ,
1221 3880 1380 3935 quam
1410 3864 1651 3930 volebat,
1675 3863 1888 3920 fecisset
1912 3883 1925 3917 :

343 3971 448 4011 non
479 3957 639 4011 modo
664 3958 807 4012 enim
837 3973 941 4012 non
970 3958 1245 4012 terruisset
1271 3956 1567 4012 auditorem
1586 3997 1602 4023 ,
1632 3956 1728 4012 sed
1755 3957 1920 4012 etiam

341 4052 410 4106 ab
426 4053 571 4106 omni
596 4053 838 4124 angustia
862 4061 918 4108 et
946 4061 1088 4106 metu
1111 4051 1415 4116 liberasset,
1432 4050 1572 4121 quod
1595 4066 1751 4104 llClllO
1772 4066 1929 4119 quau-

343 4146 465 4200 tivis
491 4147 679 4216 pretii,
711 4147 871 4202 etiam
917 4145 1174 4216 insipiens
1219 4145 1440 4209 fecerit,
1488 4144 1680 4199 nedmn
1733 4143 1931 4198 Paulus

345 4251 489 4294 tanta
529 4240 718 4309 plenus
735 4240 1016 4309 sapientia.
1049 4238 1203 4295 Unde
1233 4239 1405 4308 palam
1431 4246 1516 4292 est
1538 4235 1784 4291 eumdem
1811 4250 1933 4290 esse

348 4331 544 4397 Deum,
579 4330 742 4400 quiet
777 4329 992 4386 Judaros
1018 4330 1071 4384 in
1099 4344 1281 4384 eremo
1303 4329 1619 4398 prostravit,
1651 4339 1706 4382 et
1743 4326 1810 4382 de
1832 4342 1930 4381 no-

344 4423 427 4477 bis
467 4438 563 4478 eos
589 4423 800 4478 ulturus
842 4433 954 4488 est,
995 4422 1086 4492 qui
1135 4420 1490 4491 peccaverint.
1538 4419 1720 4488 Neque
1750 4419 1930 4482 enim,

346 4513 448 4567 nisi
481 4527 616 4567 unus
644 4520 789 4568 esset
819 4511 893 4584 (id
922 4513 1114 4566 iterum
1142 4510 1308 4580 dico),
1340 4526 1435 4579 per
1479 4525 1541 4563 ea
1579 4524 1699 4580 qua:
1747 4509 1872 4562 olim
1903 4523 1931 4561 a

347 4621 407 4659 se
433 4615 580 4676 gesta
608 4613 762 4671 sunt,
793 4604 859 4659 de
897 4603 1089 4658 futuris
1137 4604 1296 4657 etiam
1346 4617 1444 4656 nos
1501 4610 1760 4664 terreret;
1811 4600 1932 4670 quia

345 4709 527 4754 autem
570 4697 711 4753 idem
742 4699 856 4768 ipse
889 4707 972 4752 est
995 4737 1010 4762 ,
1041 4695 1287 4765 supplicii
1315 4693 1767 4764 exspectationem
1791 4732 1803 4754 ,
1848 4690 1934 4746 cui

345 4791 641 4848 contradici
662 4791 876 4861 nequit,
909 4790 1041 4860 ipsis
1071 4787 1315 4853 induxit,
1360 4785 1650 4841 ostendens
1690 4793 1934 4839 metuen-

344 4885 474 4940 dum
501 4883 1001 4952 formidandumque
1025 4897 1166 4938 esse.
1195 4881 1295 4948 Qui
1343 4879 1485 4936 enim
1517 4888 1696 4948 patres
1725 4889 1936 4933 nostros

349 4988 638 5050 [meantes
664 4978 807 5034 ultus
835 4986 956 5043 est,
986 4991 1090 5030 non
1138 4975 1322 5044 utique
1366 4972 1518 5027 nobis
1561 4979 1740 5042 parcet
1792 4970 1937 5040 paria

351 5071 717 5143 peccantibus.
763 5070 881 5125 Jam
920 5083 1100 5140 operm
1149 5068 1378 5138 pretium
1419 5065 1578 5120 fuerit
1619 5064 1937 5136 principiqu

349 5164 675 5219 narrationis
701 5170 946 5232 repetere
967 5202 982 5227 ,
1010 5171 1063 5216 et
1088 5160 1227 5216 dicta
1259 5161 1462 5229 singula
1489 5174 1612 5213 cum
1653 5158 1802 5212 omni
1845 5171 1938 5210 ac-

348 5255 630 5311 curationc
654 5255 980 5310 examinare.
1005 5251 1143 5306 Nolo
1165 5262 1329 5304 autem
1351 5267 1435 5304 ros
1459 5253 1714 5320 ignorare,
1733 5252 1936 5318 fratres.

353 5345 651 5417 Discipulos
680 5356 837 5401 vocat
858 5344 1086 5409 fratres;
1113 5359 1217 5398 non
1244 5341 1516 5412 dignitatis
1535 5380 1550 5406 ,
1579 5340 1672 5394 sed
1703 5339 1940 5393 caritatis

351 5437 572 5493 nomine
622 5438 769 5507 ipsos
811 5436 1160 5507 compellans.
1215 5433 1429 5490 Sciebat
1485 5432 1666 5495 enim,
1698 5431 1941 5500 apprime

352 5531 536 5596 utique
553 5529 789 5596 sciebat,
819 5529 940 5584 huic
961 5527 1305 5600 appellationi
1327 5524 1534 5596 a-quale
1560 5524 1690 5579 nihil
1712 5538 1834 5580 esse
1849 5565 1865 5589 ,
1887 5531 1943 5578 et

353 5621 640 5674 maximam
663 5619 935 5691 dignitatis
963 5621 1232 5689 speciem,
1272 5618 1501 5691 speciem
1533 5630 1652 5671 esse
1677 5615 1936 5669 caritatis.

355 5711 468 5765 Iloc
492 5721 669 5765 autem
701 5713 848 5783 prius
875 5722 928 5767 et
959 5727 1058 5766 nos
1109 5709 1400 5764 imitentur.
1457 5707 1676 5762 Etiamsi
1723 5704 1938 5776 quidam

357 5812 599 5857 nostrum
629 5802 782 5857 valde
834 5802 1114 5857 inferiores
1142 5802 1278 5866 sint,
1314 5801 1458 5871 ipsos
1503 5799 1782 5854 ministerii
1839 5815 1934 5854 no-

1176 359 1239 416 IN
1279 360 1532 418 DICTUM
1573 360 1797 417 PAULI.
1825 359 2006 417 ΝΟιο
2046 362 2172 418 VOS
2213 364 2581 432 IGNORARE,
2627 367 2775 422 ETC.

3491 375 3597 428 ’ὶιϐ

2019 479 2161 534 mine
2187 483 2584 552 compellemus,
2606 499 2708 537 non
2739 485 2910 538 solum
2941 485 3154 550 liberos,
3185 485 3276 540 sed
3306 487 3462 540 etiam
3489 499 3600 539 svr-

2015 585 2140 634 vos;
2169 586 2272 624 non
2301 573 2472 626 solum
2493 574 2703 641 dixites,
2726 574 2818 630 sed
2841 588 2998 629 etiam
3028 591 3286 646 pauperes
3313 594 3325 629 :
3355 578 3596 646 quando-

2016 660 2228 729 quidem
2277 672 2331 718 et
2377 662 2572 720 Paulus
2611 681 2717 719 non
2748 667 2918 720 solum
2947 665 3344 721 Corinthiorum
3373 666 3598 732 divites,

2017 752 2214 808 liberos
2243 766 2294 808 et
2321 758 2638 826 conspicuos
2667 769 2720 813 et
2749 760 2988 827 nobiles,
3019 761 3114 816 sed
3157 761 3316 816 etiam
3371 763 3601 828 privatos

2016 845 2440 914 etdomesticos,
2463 860 2514 905 et
2538 866 2727 906 omnes
2756 852 3213 908 indiscriminatim
3245 856 3340 910 hac
3359 855 3598 926 appella-

2020 935 2160 989 tione
2210 936 2505 993 houoravit.
2558 939 2686 993 Nam
2713 942 2763 994 in
2813 942 3027 996 Christo
3051 943 3175 998 Jesu
3216 960 3386 1014 neque
3416 960 3600 999 servus

2017 1040 2190 1095 neque
2221 1027 2370 1093 liber,
2397 1045 2500 1082 non
2526 1029 2777 1084 barbarus
2795 1071 2808 1095 ,
2831 1049 2933 1086 non
2965 1032 3160 1104 Scytha
3186 1075 3202 1101 ,
3227 1051 3330 1087 non
3351 1035 3588 1103 sapiens,

2021 1133 2196 1188 neque
2222 1119 2476 1190 insipiens
2499 1121 2642 1192 (Gal.
2669 1125 2722 1179 5.
2751 1124 2820 1178 28
2849 1125 2888 1194 ),
2919 1124 3010 1178 sed
3041 1125 3215 1178 omnis
3237 1127 3604 1180 saecularisdi-

2017 1210 2233 1278 gnitatis
2289 1211 2618 1281 inarqnalitas
2657 1215 2862 1268 sublata
2919 1225 3016 1271 est.
3067 1215 3266 1286 Ecquid
3317 1217 3506 1270 mirum
3549 1218 3594 1271 si

2021 1299 2215 1354 Paulus
2239 1316 2528 1356 conservos
2555 1306 2631 1358 sic
2660 1306 3021 1375 appellavi-rit,
3040 1307 3250 1376 quando
3274 1316 3326 1361 et
3354 1307 3618 1361 Dominus.

2019 1392 2132 1459 ejus
2151 1402 2390 1446 naturam
2423 1404 2655 1448 nostram
2686 1397 2762 1450 sic
2781 1398 3004 1460 vocavit,
3031 1397 3113 1450 his
3135 1397 3311 1451 verbis
3335 1416 3348 1451 :
3370 1394 3608 1450 Narrabo

2024 1501 2204 1536 nomen
2236 1495 2376 1538 tuum
2407 1487 2649 1555 fratribus
2677 1489 2816 1552 meis,
2845 1490 2897 1541 in
2928 1489 3091 1542 medio
3118 1487 3359 1542 Ecclesz
3387 1487 3606 1541 laudabo

2021 1588 2069 1631 te
2095 1577 2262 1646 (l’sal.
2285 1578 2374 1632 21.
2405 1579 2495 1650 9.5)
2525 1582 2547 1617 ’δ
2584 1580 2763 1648 Neque
2796 1591 2997 1636 tantum
3040 1597 3136 1635 nos
3168 1580 3357 1634 fratres
3377 1580 3605 1644 vocavit,

2020 1669 2112 1722 sed
2141 1679 2193 1722 et
2215 1671 2328 1738 ipse
2359 1668 2521 1725 frater
2558 1687 2679 1725 esse
2702 1682 2881 1726 noster
2903 1672 3100 1736 voluit,
3129 1682 3182 1726 et
3209 1687 3329 1726 vere
3359 1669 3454 1724 fuit
3482 1686 3603 1724 cum

2022 1776 2237 1815 carnem
2290 1773 2524 1815 nostram
2583 1763 2785 1827 induit,
2835 1777 2890 1818 ct
2919 1773 3126 1816 natura:
3159 1771 3352 1816 nostra:
3388 1777 3611 1816 conSors

2024 1853 2192 1905 factus
2243 1863 2344 1906 est.
2398 1853 2549 1918 Quod
2602 1855 2770 1922 ipsum
2800 1855 3072 1909 admirans
3115 1855 3309 1909 Paulus
3355 1853 3608 1908 dicebat:

2027 1943 2146 1998 Non
2175 1945 2307 1998 enim
2331 1947 2536 2015 angelos
2564 1948 2896 2016 apprehendit
2921 1947 3090 2013 Dens,
3119 1949 3206 2002 sed
3244 1964 3414 2002 semen
3453 1947 3614 1999 Abra-

2024 2034 2103 2086 ha:
2124 2035 2489 2105 apprehendit;
2521 2037 2654 2090 unde
2692 2037 2862 2090 debuit
2907 2055 2995 2108 per
3021 2039 3190 2092 omnia
3217 2038 3455 2108 fratribus
3481 2038 3613 2090 assi-

2023 2127 2192 2180 milari
2218 2126 2412 2199 (Hebr.
2445 2129 2499 2182 9..
2544 2129 2628 2184 l6.
2674 2130 2796 2198 l7).
2829 2129 2897 2183 Et
2924 2146 3135 2184 rursum
3162 2148 3175 2184 :
3213 2130 3464 2197 Quoniam
3499 2143 3614 2182 vero

2023 2216 2169 2287 pueri
2195 2219 2620 2288 participaverttnt
2648 2219 2789 2272 carni
2813 2230 2859 2272 et
2879 2219 3149 2290 sanguini,
3172 2218 3404 2274 similiter
3439 2227 3484 2272 et
3507 2218 3613 2286 ipse

2024 2309 2342 2379 participavit
2369 2309 2544 2363 iisdem
2561 2311 2685 2376 ipsis
2716 2309 2876 2377 (lbid.
2902 2326 2948 2363 υ.
2977 2311 3085 2376 Μ).

2101 2396 2328 2452 Proximi
2353 2399 2554 2453 honeste
2578 2399 2933 2470 compellandi.
2955 2398 3219 2453 Transitus
3247 2415 3334 2469 per
3351 2415 3488 2453 mare
3512 2398 3616 2453 Ilu-

2023 2488 2167 2542 brum
2197 2489 2431 2559 baptismi
2454 2501 2624 2560 typus.
2655 2520 2725 2530 ——-
2755 2489 2880 2546 ΙΙωο
2913 2505 3075 2560 porro
3108 2491 3285 2544 omnia
3311 2489 3613 2552 audientes,

2023 2581 2379 2649 arrogantiam
2405 2621 2420 2642 ,
2451 2579 2641 2634 fastum
2665 2590 2719 2636 et
2761 2581 3062 2650 superbiam
3089 2581 3380 2651 quamlibet
3403 2595 3466 2635 ex
3504 2581 3616 2634 ani-

2027 2670 2128 2724 mis
2159 2670 2352 2725 nostris
2379 2671 2717 2726 eliminemus
2767 2689 2781 2726 :
2811 2671 2863 2725 id
2904 2686 3114 2726 summo
3143 2670 3319 2724 studio
3347 2684 3617 2733 caremus,

2026 2769 2084 2815 ut
2109 2760 2350 2830 obsequii
2381 2770 2435 2816 et
2481 2761 2703 2816 honoris
2755 2762 3061 2816 nominibus
3111 2763 3380 2830 proximos
3407 2769 3619 2815 nostros

2025 2851 2430 2920 compellemus.
2457 2851 2606 2908 Licet
2636 2855 2777 2908 enim
2800 2853 2901 2908 hoc
2927 2852 3160 2907 oflicium
3193 2852 3337 2922 parvi
3359 2852 3616 2906 momenti

2026 2956 2146 2994 csse
2175 2941 2438 3006 videatur,
2470 2957 2658 3013 magna
2701 2953 2875 2998 tamen
2902 2944 3042 3012 parit
3068 2943 3204 2997 bona
3235 2959 3248 2995 :
3274 2941 3620 3012 quemadmo-

2027 3032 2152 3086 dum
2181 3042 2236 3088 et
2260 3035 2561 3103 Oppositum
2585 3034 2777 3088 multas
2807 3033 3131 3098 inimicitias,
3165 3033 3285 3088 lites
3315 3041 3368 3088 et
3397 3044 3618 3087 conten-

2031 3126 2203 3180 tiones
2230 3126 2543 3196 plerumquc
2569 3127 2792 3195 peperit.
2825 3125 3008 3195 Neque
3037 3124 3137 3180 hoc
3162 3123 3500 3179 solummodo
3528 3124 3612 3177 di-

2027 3226 2192 3282 ctum,
2225 3217 2319 3273 sed
2347 3217 2506 3272 etiam
2536 3217 2664 3272 illud
2707 3215 2849 3288 quod
2881 3217 3141 3285 sequitur,
3181 3231 3369 3284 magna
3391 3229 3612 3268 accura—

2030 3311 2178 3367 tione
2229 3311 2560 3367 excutiamus
2617 3328 2632 3366 :
2692 3325 2864 3380 neque
2919 3309 3062 3363 enim
3121 3307 3248 3362 illud
3300 3307 3416 3362 sine
3460 3321 3618 3360 causa

2032 3403 2226 3473 posuit.
2256 3402 2389 3457 Cum
2418 3402 2561 3457 enim
2579 3401 2821 3467 dixisset,
2853 3399 2989 3454 Nolo
3016 3414 3102 3452 vos
3125 3398 3379 3469 ignorare,
3401 3401 3621 3466 fratres;

2029 3495 2244 3564 adjecit,
2298 3495 2448 3561 Quod
2495 3504 2662 3566 patres
2705 3493 2859 3547 nostri
2889 3508 3058 3546 omnes
3091 3505 3233 3545 :non
3284 3489 3438 3555 dixit,
3480 3488 3620 3558 quod

2031 3589 2224 3653 Judiei,
2257 3605 2432 3659 neque
2465 3588 2519 3653 ii,
2549 3587 2639 3658 qui
2670 3603 2734 3640 ex
2765 3584 2999 3657 Egypto
3024 3583 3224 3654 egressi
3249 3582 3495 3645 fuerant;
3525 3579 3618 3635 sed

2032 3680 2192 3751 quid?
2220 3679 2402 3735 Patres
2429 3680 2587 3734 nostri
2631 3695 2837 3743 omnes;
2869 3676 3026 3732 simul
3055 3691 3202 3729 suam
3233 3673 3490 3730 exhibens
3523 3672 3622 3726 huc

2033 3771 2334 3836 utilitatem,
2363 3785 2484 3826 cum
2521 3784 2706 3824 eorum
2751 3768 3120 3838 cognationem
3155 3781 3260 3820 non
3305 3763 3624 3833 dedignatus

2033 3871 2136 3927 est,
2157 3861 2258 3916 etsi
2284 3869 2488 3914 tantum
2531 3863 2774 3928 superior
2799 3859 2992 3912 virtute
3017 3874 3031 3922 ;
3059 3865 3114 3910 et
3139 3853 3501 3924 impudentem
3529 3867 3625 3907 eo-

2034 3970 2152 4009 rum
2174 3953 2406 4022 linguam
2433 3967 2712 4016 coercens,
2736 3950 2826 4018 qui
2861 3950 3100 4004 Veterem
3123 3947 3317 4016 Legem
3339 3946 3626 4000 criminan-

2037 4056 2144 4101 tur.
2185 4045 2368 4114 Neque
2407 4044 2548 4098 enim
2581 4044 2626 4098 si
2677 4041 2881 4096 odisset
2926 4041 3089 4104 illam,
3147 4037 3628 4093 honorabilioribus

2036 4139 2180 4193 illam
2210 4136 2512 4192 nominibus
2547 4143 3044 4197 commemorasset,
3072 4147 3190 4186 cunt
3222 4131 3299 4185 illi
3321 4145 3509 4184 omnes
3536 4131 3624 4200 qui

2039 4239 2163 4284 tunc
2214 4228 2455 4282 vixerant
2509 4225 2863 4281 criminationi
2912 4236 3094 4279 essent
3143 4223 3380 4277 olmoxii.
3420 4221 3626 4275 Omnes.

2036 4321 2219 4394 Neque
2241 4320 2368 4376 illud
2399 4329 2600 4375 temere
2635 4318 2826 4388 posuit,
2861 4315 3066 4381 Omnes,
3109 4330 3280 4384 neque
3305 4328 3624 4383 supervaca-

2040 4430 2162 4476 nee.
2195 4412 2288 4468 sed
2335 4426 2523 4482 magna
2562 4425 2682 4466 cum
2725 4408 3007 4478 sapientia.
3052 4405 3234 4476 Neque
3288 4420 3408 4460 cum
3462 4404 3628 4458 semel

2041 4507 2284 4572 dixisset,
2327 4503 2377 4558 id
2429 4511 2608 4574 postea
2661 4498 2976 4564 tacuit;,sed
3003 4507 3058 4553 et
3096 4497 3176 4552 bis
3201 4507 3253 4552 et
3287 4508 3366 4553 ter
3394 4505 3448 4551 et
3485 4512 3629 4565 sa-po

2042 4597 2424 4669 pronuntiavit,
2466 4603 2525 4649 ut
2566 4593 2773 4647 ediscas
2813 4590 2958 4645 illum
2989 4605 3092 4644 non
3125 4587 3481 4658 perfunctorie
3527 4586 3628 4639 hoc

2042 4690 2348 4762 protulisse.
2379 4686 2512 4740 Cum
2537 4684 2760 4740 dixisset
2779 4682 2942 4744 enim,
2968 4680 3119 4748 Quod
3148 4689 3314 4750 patres
3336 4677 3494 4732 nostri
3515 4693 3627 4730 om-

2043 4801 2129 4838 nes
2150 4781 2242 4837 sub
2271 4781 2400 4834 nube
2427 4783 2653 4848 fuerunt,
2699 4775 2913 4844 adjecit,
2945 4773 3009 4827 Et
3049 4788 3220 4826 omnes
3243 4788 3332 4842 per
3361 4787 3497 4823 mare
3523 4767 3630 4823 Ru-

2045 4875 2190 4928 brum
2212 4873 2538 4934 transierunt,
2566 4878 2612 4922 et
2636 4885 2806 4921 omnes
2831 4867 2884 4919 in
2917 4864 3146 4936 Moysem
3167 4863 3408 4933 baptisati
3425 4872 3559 4925 sunt,
3584 4871 3633 4915 et

2045 4983 2216 5020 onmes
2241 4963 2464 5018 canalem
2491 4977 2654 5015 escam
2681 4957 2992 5028 spiritualem
3016 4956 3361 5020 comederunt,
3387 4965 3430 5008 et
3456 4969 3630 5008 onmes

2045 5057 2269 5113 eumdem
2303 5065 2474 5126 potum
2495 5051 2810 5124 spiritualent
2852 5050 3095 5104 biberunt.
3129 5047 3332 5104 Audisti
3369 5045 3634 5116 quomodo

2045 5166 2189 5221 scepe
2220 5147 2369 5214 illud,
2406 5146 2613 5210 Omnes,
2644 5142 2922 5214 posuerit?
2950 5141 3100 5209 Quod
3125 5153 3458 5209 nequaquam
3482 5137 3634 5191 fecis-

2045 5252 2148 5306 set,
2174 5239 2273 5294 nisi
2316 5253 2564 5308 maguum
2591 5234 2714 5301 quid
2752 5242 2806 5287 et
2836 5231 3076 5286 mirabile
3107 5229 3415 5302 mysterium
3445 5226 3632 5281 subin-

2046 5337 2225 5392 dicare
2255 5333 2528 5387 voluisset.
2562 5328 2618 5384 Si
2665 5329 2807 5382 enim
2839 5325 3148 5392 simpliciter
3187 5321 3476 5394 posuissm,
3503 5318 3633 5372 satis

2046 5439 2162 5486 erat
2208 5429 2258 5483 id
2299 5424 2462 5481 semel
2507 5423 2706 5476 dictum
2753 5429 2933 5488 postea
2963 5426 3160 5480 tacere,
3213 5423 3269 5468 et
3296 5414 3372 5467 sic
3406 5411 3632 5466 dicere:

2047 5522 2198 5590 Quod
2252 5531 2428 5589 patres
2457 5513 2622 5569 nostri
2651 5523 2839 5564 omnes
2875 5508 2973 5561 sub
3008 5506 3146 5560 nube
3185 5504 3414 5561 fuerunt.
3461 5509 3516 5556 et
3542 5515 3637 5570 per

2049 5629 2194 5668 mare
2240 5607 2587 5667 transierunt,
2626 5613 2679 5656 et
2725 5602 2775 5654 in
2804 5599 3038 5669 Moysem
3095 5593 3344 5664 baptizati
3383 5600 3551 5658 sunt,
3582 5599 3635 5643 et

2048 5703 2294 5759 eamdem
2321 5713 2498 5754 escam
2551 5692 2875 5765 spiritualem
2906 5685 3272 5749 comederunt,
3303 5693 3358 5739 et
3389 5682 3634 5739 eumdem

2053 5805 2232 5868 polum
2255 5788 2582 5864 Spiritualem
2600 5785 2864 5842 biberunt.
2891 5779 3038 5836 Nunc
3058 5787 3235 5834 autem
3258 5793 3364 5834 non
3393 5776 3461 5832 ita
3481 5774 3633 5837 dixit,
