4110 6198
518 290 622 346 247

511 409 604 464 sed
653 407 719 461 ad
757 407 960 476 singula
1011 414 1159 469 gesta
1206 404 1350 465 illml,
1401 403 1607 466 Omnes,
1653 402 1927 468 adjiciens,
1988 416 2090 452 non

513 512 728 566 parvam
757 495 911 549 nobis
937 494 1214 548 sementim
1243 509 1352 546 sua:
1374 492 1590 560 jauuam
1637 491 1865 558 aperuit,
1896 499 1948 541 ut
1979 489 2095 553 ejus

509 586 819 657 sapientiam
844 584 1265 648 consideremus,
1299 581 1406 636 Cur
1431 597 1560 651 ergo
1583 581 1719 634 hanc
1759 595 1943 632 vocem
1993 578 2098 631 fte-

508 687 732 747 quenter
759 676 989 744 repetit?
1018 674 1086 730 Ut
1113 673 1356 728 Ostendat
1384 688 1627 742 magnam
1664 687 1783 725 esse
1811 669 1965 737 chis
1994 669 2095 722 Ve—

513 769 642 822 teris
667 782 786 820 eum
832 766 975 820 Nova
1029 765 1423 835 cognationem,
1483 772 1536 817 et
1566 762 1652 815 illa
1705 761 1864 814 fuisse
1908 761 2096 812 horum

512 858 730 926 ﬁguram
757 899 770 919 ,
804 866 858 910 et
890 856 1189 910 futurorum
1220 855 1482 907 umbram.
1520 853 1691 921 Atque
1719 852 1942 919 primum
1975 848 2098 903 hinc

511 949 912 1002 consonantiam
965 947 1217 1001 ostendit.
1268 945 1490 999 Volebat
1539 945 1677 998 enim
1733 943 2099 996 demonstrare

511 1039 670 1105 quod,
703 1037 1148 1107 quemadmodum
1182 1037 1230 1089 iu
1263 1035 1496 1090 ECelcsia
1531 1051 1633 1088 non
1685 1044 1764 1088 est
1811 1033 2098 1086 discrimen

514 1129 650 1181 inter
671 1143 883 1181 servum
915 1137 967 1182 ct
995 1128 1242 1187 liberum,
1274 1142 1447 1195 neque
1494 1126 1634 1179 inter
1667 1126 1999 1192 peregrinum
2049 1130 2102 1176 ct

513 1218 702 1275 civem.
732 1234 913 1271 senem
946 1226 1000 1271 et
1029 1219 1304 1285 juvenem,
1338 1218 1630 1286 sapientem
1655 1226 1706 1268 et
1741 1216 2098 1284 insipienti-in,

517 1309 780 1378 privatum
811 1321 863 1363 et
895 1309 1209 1377 principem,
1242 1310 1517 1363 mulierem
1545 1318 1597 1361 et
1636 1309 1827 1372 virum,
1861 1307 1952 1361 sed
1984 1323 2100 1359 om-

516 1398 598 1451 nis
624 1407 756 1451 tetas
777 1408 828 1450 et
853 1398 1102 1466 dignitas,
1137 1408 1293 1467 atque
1335 1406 1558 1466 uterque
1588 1414 1746 1450 sexus
1776 1396 2019 1449 similiter
2051 1397 2100 1448 in

519 1487 758 1540 eamdem
791 1488 932 1539 illam
962 1503 1218 1556 aquarum
1243 1487 1499 1556 piscinam
1527 1485 1876 1550 descendunt,
1907 1501 1970 1540 ac
1993 1487 2104 1540 sive

521 1591 611 1630 rex
628 1575 740 1629 sive
766 1575 1044 1630 mendicus
1065 1576 1252 1630 eadem
1275 1575 1575 1646 expiatione
1592 1575 1865 1630 fruuntur:
1889 1575 1938 1629 id
1962 1574 2102 1644 quod

516 1679 596 1722 est
651 1669 936 1721 maximum
970 1679 1166 1722 nostra:
1215 1669 1918 1737 nobilitatisargumentum,
1965 1667 2104 1737 quod

517 1758 676 1811 simili
711 1759 868 1811 t‘nodo
908 1759 1209 1812 mendicum
1239 1775 1301 1812 ac
1333 1775 1562 1828 purpura
1595 1761 1839 1812 vestitum
1889 1759 1952 1812 ad
1986 1775 2102 1828 my-

517 1851 678 1903 steria
731 1849 1116 1913 admittamus,
1171 1860 1328 1918 atque
1376 1850 1426 1903 in
1478 1850 1847 1919 mystcriormn
1902 1851 2106 1903 ratione

523 1938 651 1990 nihil
677 1937 762 1991 hic
793 1938 908 2006 plus
936 1938 1024 1991 illo
1051 1938 1243 1992 habeat
1276 1957 1288 1992 :
1319 1939 1397 1992 sic
1417 1945 1467 1992 et
1505 1939 1555 1991 in
1595 1937 1769 1992 Veteri
1789 1938 1926 2007 Lege
1955 1939 2103 2004 illud,

524 2027 728 2090 Omnes,
763 2029 1069 2097 frequenter
1100 2030 1288 2098 posuit.
1335 2027 1516 2098 Neque
1553 2031 1692 2084 enim
1715 2029 1894 2084 dicere
1922 2040 2094 2098 potes,

522 2119 752 2189 Muysem
783 2111 876 2187 per
919 2119 1151 2182 aridam,
1188 2118 1403 2172 Judaeos
1448 2135 1572 2173 vero
1621 2135 1713 2188 per
1741 2136 1886 2174 mare
1932 2128 2106 2172 trans-

524 2211 714 2277 ivisse;
741 2227 912 2281 neque
937 2213 1222 2280 opulentos
1250 2227 1344 2280 per
1375 2210 1511 2265 hanc
1540 2212 1698 2274 viam,
1733 2225 1992 2280 pauperes
2015 2227 2108 2279 per

520 2303 703 2369 aliam,
727 2319 899 2372 neque
927 2304 1172 2359 mulieres
1209 2304 1308 2356 Sub
1335 2319 1478 2369 aere,
1504 2305 1646 2357 viros
1684 2304 1782 2357 sub
1809 2304 1980 2368 nube;
2013 2291 2106 2358 sed

520 2410 707 2448 omnes
732 2409 830 2462 per
860 2412 1025 2461 mare,
1049 2397 1148 2450 sub
1176 2397 1316 2450 nube
1333 2409 1541 2459 omnes,
1566 2407 1619 2450 et
1650 2397 1701 2450 in
1725 2396 1960 2467 Moysen]
1995 2414 2110 2450 om-

527 2501 642 2540 nes.
688 2487 948 2553 Quoniam
992 2489 1133 2542 enim
1182 2489 1430 2540 transitus
1471 2488 1557 2541 ille
1584 2487 1744 2542 futuri
1777 2489 2108 2556 baptismatis

524 2589 678 2647 typus
709 2587 824 2631 erat
846 2619 861 2642 ,
909 2578 1009 2632 hoc
1042 2580 1270 2648 primum
1301 2593 1394 2645 per
1423 2578 1641 2647 ﬁguram
1671 2579 1902 2646 exprimi
1946 2594 2109 2649 opor—

523 2669 638 2731 tuit,
669 2683 859 2736 nempe
884 2684 1070 2723 omnes
1087 2669 1395 2723 corumdem
1415 2679 1690 2725 consortes
1718 2670 1902 2736 fuisse,
1919 2687 2108 2741 quem-

523 2759 806 2812 admodum
836 2771 890 2814 et
921 2759 1005 2815 hic
1033 2776 1220 2815 omnes
1240 2762 1426 2816 eadem
1454 2763 1728 2832 :eqttaliter
1770 2765 2106 2834 participant.

528 2849 598 2903 Et
641 2849 910 2916 quomodo
933 2861 1127 2919 potest,
1183 2851 1410 2921 inquies,
1459 2853 1586 2906 illud
1629 2855 1962 2922 pra'senlium
1993 2870 2112 2910 esse

525 2940 719 3011 typus?
742 2941 794 2996 Si
826 2943 972 3011 prius
994 2942 1242 2998 didiceris
1269 2945 1392 3014 quid
1421 2947 1491 3000 sit
1523 2956 1697 3016 typus,
1727 2947 1851 3016 quid
1885 2948 2106 3013 veritas,

526 3039 650 3084 tunc
679 3030 768 3084 tibi
795 3030 1014 3100 lmjusce
1042 3033 1115 3087 rei
1139 3034 1397 3088 rationem
1428 3035 1660 3089 reddam.

597 3121 650 3175 ι.
687 3119 968 3177 Discrimen
1026 3125 1155 3178 inter
1211 3126 1440 3179 umbram
1484 3137 1530 3180 et
1577 3128 1848 3181 veritatem.
1882 3129 2108 3196 ——-Quid

527 3212 681 3280 igitur
722 3222 804 3268 est
850 3216 1056 3279 umbra,
1097 3226 1150 3269 et
1184 3217 1309 3286 quid
1363 3218 1593 3273 veritas?
1624 3222 1753 3288 Age,
1805 3235 2109 3276 sermonem

525 3303 589 3357 ad
621 3304 875 3376 imagines
916 3307 1323 3375 transferamus,
1369 3326 1500 3380 quas
1551 3312 1781 3380 pictores
1820 3311 2107 3368 delineant.

527 3396 712 3450 Vidisti
743 3414 889 3468 schc
911 3400 1304 3468 imperatoriam
1329 3403 1610 3472 imaginem
1633 3405 1864 3458 caeruleo
1895 3407 2109 3459 tim-tam

526 3487 742 3550 colore;
773 3487 964 3541 deinde
991 3505 1121 3542 vero
1143 3491 1400 3558 pictorem
1427 3494 1573 3546 albas
1601 3493 1767 3546 lineas
1806 3495 2109 3561 ducentem,

530 3584 585 3627 et
612 3575 991 3644 imperatorem
1037 3577 1432 3648 depingeutem,
1484 3591 1539 3635 et
1582 3583 1773 3636 solium
1823 3585 2108 3651 imperato-

531 3665 688 3731 rium,
715 3676 769 3720 et
789 3682 955 3736 equos
990 3669 1282 3736 adstantes,
1320 3681 1375 3725 et
1415 3673 1670 3726 satellites
1698 3684 1750 3727 et
1777 3676 1981 3728 vinctos
2013 3677 2112 3729 ho-

529 3763 640 3808 stes
667 3763 824 3825 atque
865 3757 1130 3814 subactos.
1181 3763 1430 3814 Attamen
1469 3775 1587 3815 cum
1634 3763 1780 3816 vides
1811 3763 1924 3818 h.~ec
1976 3766 2112 3820 deli-

534 3855 686 3900 neata
720 3856 772 3902 et
811 3847 1142 3913 adumbrata,
1190 3867 1360 3920 neque
1389 3861 1553 3905 totum
1585 3855 1709 3918 scis,
1740 3870 1911 3924 neque
1948 3866 2110 3910 totmn

533 3939 746 4008 ignoras
774 3957 790 3996 :
837 3941 930 3995 scd
963 3940 1231 3997 hominem
1285 3945 1421 4016 pingi
1453 3955 1506 3999 et
1534 3961 1726 4016 equum
1754 3949 1977 4002 obscure
2022 3967 2112 4003 eo-

531 4033 774 4098 guoscis;
828 4035 997 4103 qualis
1025 4051 1150 4090 vero
1196 4037 1264 4090 sit
1295 4038 1584 4105 imperator
1618 4047 1672 4093 et
1717 4056 1784 4108 qu
1821 4039 1884 4095 lis
1924 4040 1971 4093 In
1994 4028 2109 4108 stis,

535 4139 638 4176 non
675 4125 743 4178 ita
778 4128 1050 4195 perspicue
1080 4131 1374 4198 cognoscis,
1399 4131 1568 4184 donec
1589 4133 1848 4187 accedens
1873 4135 2111 4188 colorum

533 4213 725 4266 veritas
741 4214 1202 4270 visumct-rtiorctn
1235 4218 1568 4273 faciat.Sieut
1589 4221 1745 4289 igitur
1783 4224 1832 4275 in
1857 4223 1944 4276 illa
1977 4224 2110 4277 ima-

532 4303 654 4372 gine
684 4319 786 4358 non
809 4307 977 4375 exigis
1005 4316 1171 4360 totum
1201 4320 1324 4362 ante
1351 4311 1587 4364 colorum
1612 4313 1920 4378 veritatem;
1953 4315 2046 4368 sed
2069 4315 2111 4368 si

537 4391 818 4448 obscuram
841 4397 1120 4464 quamdam
1153 4399 1226 4452 rei
1267 4401 1623 4469 cognitionem
1654 4403 1932 4473 percipias,
1983 4405 2114 4460 satis

534 4483 828 4538 absolutam
876 4485 1284 4542 delineationem
1335 4506 1453 4545 esse
1491 4492 1764 4548 arbitraris
1799 4513 1811 4548 :
1843 4496 1920 4550 sic
1965 4499 2115 4552 etde

542 4570 720 4626 Veteri
746 4583 798 4628 et
833 4575 903 4628 de
926 4576 1070 4630 Novo
1096 4577 1436 4634 Testamento
1461 4583 1658 4637 sentias
1713 4601 1727 4637 :
1783 4601 1953 4655 neque
2001 4603 2114 4640 om-

538 4662 802 4716 nimodam
835 4665 885 4717 in
919 4675 1042 4735 typo
1067 4668 1304 4724 veritatis
1329 4675 1724 4730 aceurationem
1769 4692 1796 4728 a
1826 4694 1910 4730 me
1935 4680 2116 4746 requi-

537 4766 660 4814 ras;
695 4763 909 4824 tuinque
940 4766 1124 4824 potero
1151 4768 1201 4812 te
1239 4759 1452 4828 docere,
1504 4781 1608 4834 quo
1637 4778 1790 4836 pacto
1835 4771 2115 4838 quamdam

538 4845 850 4899 afﬁnitatem
875 4845 1118 4904 habuerit
1147 4850 1306 4908 Vetus
1336 4870 1454 4908 cum
1482 4857 1649 4922 Novo,
1673 4869 1725 4912 et
1755 4861 1845 4913 ille
1868 4864 2117 4917 transitus

538 4950 658 4987 cmn
691 4937 951 5004 baptismo
974 4950 1176 4996 nostro.
1209 4943 1318 4998 Illic
1363 4961 1496 5014 aqua
1519 4958 1570 5001 et
1597 4949 1680 5002 hic
1708 4968 1840 5020 aqua
1875 4971 1887 5006 :
1928 4953 2013 5009 hic
2044 4958 2118 5023 pi-

540 5027 708 5090 scina,
742 5027 845 5081 illic
873 5030 1088 5100 pelagus
1123 5051 1135 5084 :
1167 5033 1253 5088 hic
1277 5051 1463 5089 omnes
1493 5039 1542 5091 in
1587 5057 1775 5110 aquam
1811 5044 2117 5113 ingrediun-

542 5123 645 5182 tur,
676 5117 783 5171 illic
807 5120 928 5173 item
957 5137 1144 5176 omnes
1192 5141 1205 5176 :
1255 5127 1550 5182 secundum
1599 5129 1976 5188 hocafiinitas.
2031 5137 2119 5192 Vis

541 5205 751 5262 demunt
779 5210 985 5267 discere
1021 5213 1259 5268 colorum
1304 5218 1619 5274 veritatem?
1651 5223 1760 5277 Illic
1791 5226 1858 5278 ab
1889 5226 2119 5297 ngypto

545 5314 638 5367 per
660 5316 804 5354 mare
827 5302 1204 5372 liberabantur,
1239 5305 1324 5361 hic
1371 5309 1439 5362 ab
1479 5311 1816 5368 idololatria:
1855 5317 1959 5370 illic
1982 5319 2119 5371 Pha-

543 5405 636 5445 rao
661 5390 1069 5464 demergcbatur
1089 5437 1102 5457 ,
1146 5397 1230 5452 hic
1262 5399 1504 5457 diabolus
1533 5420 1546 5456 :
1579 5405 1683 5459 illic
1716 5405 1950 5479 Egyptii
1985 5427 2119 5480 prze-

546 5479 874 5550 t'ocabantur,
898 5483 1007 5568 _hic
1047 5497 1198 5542 vetus
1227 5491 1385 5546 homo
1417 5496 1643 5561 peccatis
1671 5510 1892 5552 onustus
1913 5479 2122 5554 defodi-

546 5582 651 5624 tur.
707 5575 772 5628 Et
813 5577 931 5633 vide
975 5583 1342 5651 cognationem
1381 5589 1559 5656 ﬁgura:
1603 5605 1722 5643 cum
1775 5594 2014 5658 veritate,
2062 5612 2123 5650 ac

547 5662 783 5717 veritatis
816 5682 920 5734 prm
945 5678 1068 5739 typo
1092 5675 1485 5731 excellentiam.
1534 5677 1713 5748 Neque
1740 5681 1879 5736 enim
1906 5685 2122 5740 (mulino

1234 294 1290 347 S.
1333 291 1611 348 ,ιοςιΝΝιδ
1648 287 2117 344 ειιιιγδοδτοιιι
2149 287 2462 344 Αιιοιιιερ.
2503 286 3043 346 ΟΟἈΞΙἋΝΤΙΝΟΡ.

3687 296 3787 349 iis

2207 401 2439 453 alienum
2467 411 2678 468 oportet
2702 416 2821 455 esse
2851 411 3028 471 typum
3058 417 3087 456 a
3115 404 3358 471 veritate,
3389 405 3621 476 alioquin
3648 408 3788 462 enim

2206 498 2357 558 typus
2383 504 2489 542 non
2513 499 2656 543 esset
2683 507 2696 542 :
2727 505 2897 558 neque
2946 507 3156 545 rursum
3191 507 3284 560 par
3307 505 3389 547 est
3409 497 3676 564 exzequari
3715 507 3788 568 ty-

2207 595 2330 646 pum
2358 581 2604 644 veritati;
2646 581 2878 649 alioquin
2913 594 3068 652 typus
3110 583 3222 652 ipsa
3253 587 3451 639 veritas
3477 597 3620 640 esset
3653 605 3668 642 :
3699 589 3789 642 sed

2205 668 2257 722 iu
2293 685 2390 723 suo
2422 671 2582 724 modo
2614 678 2826 725 maneat
2850 680 3080 739 oportet,
3132 688 3303 742 neque
3344 675 3523 728 omnia
3579 675 3788 742 habeat,

2204 778 2322 830 qme.
2351 763 2541 816 veritas
2565 762 2744 828 habet,
2777 779 2949 832 neque
2983 779 3014 818 a
3044 773 3156 818 toto
3187 765 3416 820 excidat.
3459 766 3512 821 Si
3543 768 3684 822 enim
3715 779 3793 822 ιοη

2209 863 2317 906 tum
2347 851 2564 906 haberet
2584 893 2598 915 ,
2643 854 2755 922 ipsa
2794 855 2990 908 veritas
3013 864 3194 918 esset;
3228 856 3270 910 si
3299 871 3327 908 a
3361 867 3472 910 toto
3497 837 3788 923 excideret,

2206 959 2312 997 non
2342 953 2522 1014 possm
2547 958 2666 998 esse
2695 953 2878 1015 typus;
2906 945 2998 998 sed
3027 955 3236 1014 oportet
3263 955 3317 999 ut
3345 957 3545 1016 partem
3579 948 3789 1012 habeat,

2209 1043 2410 1103 partem
2439 1034 2647 1088 veritati
2678 1044 2932 1088 reservet.
2981 1034 3059 1090 Ne
3088 1035 3246 1104 igitur
3284 1037 3336 1090 in
3365 1037 3542 1092 Veteri
3571 1048 3735 1092 totum
3763 1056 3790 1092 a

2208 1138 2294 1178 me
2322 1123 2559 1192 requiras
2591 1123 2721 1177 :sed
2766 1124 2809 1178 si
2844 1140 2946 1194 qua
2983 1139 3140 1194 parva
3173 1135 3226 1180 et
3268 1127 3492 1181 obscura
3523 1130 3794 1196 acceperis

2208 1214 2506 1282 aenigmata,
2534 1223 2706 1267 tccmn
2739 1215 2874 1268 bene
2902 1227 3078 1269 actum
3129 1230 3249 1270 esse
3295 1227 3439 1286 puta.
3470 1217 3571 1272 Ubi
3617 1220 3794 1287 itaque

2211 1319 2290 1356 ρει
2320 1305 2566 1370 cognatio
2595 1306 2702 1374 typi
2730 1320 2849 1358 cum
2890 1305 3149 1359 veritate?
3181 1305 3236 1359 In
3273 1321 3338 1360 eo
3364 1307 3505 1376 quod
3535 1308 3644 1362 illic
3676 1325 3790 1361 uin-

2213 1409 2326 1455 nes,
2357 1393 2440 1448 hic
2468 1395 2591 1447 item
2629 1410 2817 1449 onmes
2847 1412 2859 1446 :
2895 1395 3003 1450 illic
3033 1412 3125 1464 per
3143 1412 3355 1466 aquam,
3391 1397 3476 1452 hic
3505 1400 3667 1452 etiam
3697 1414 3791 1468 per

2211 1500 2399 1553 aquam
2435 1503 2447 1537 :
2478 1486 2608 1538 illia
2635 1486 2888 1541 servitute
2915 1487 3122 1541 liberati
3164 1496 3308 1554 sunt,
3363 1499 3417 1543 et
3459 1504 3558 1544 nos
3598 1490 3724 1544 item
3764 1508 3794 1544 a

2211 1575 2463 1629 servitute
2495 1576 2720 1642 liberati,
2756 1577 2848 1630 sed
2873 1593 2976 1630 non
3005 1577 3073 1630 ab
3100 1578 3285 1632 eadem
3319 1597 3334 1633 :
3363 1595 3484 1634 nam
3515 1580 3640 1634 illia
3671 1596 3790 1636 ser-

2211 1666 2377 1720 vitute
2406 1665 2797 1736 Egyptiorum,
2829 1683 2924 1720 nos
2949 1683 2979 1721 a
3008 1669 3262 1722 servitute
3281 1668 3583 1724 daanonum
3617 1687 3630 1723 :
3662 1671 3734 1724 illi
3761 1687 3791 1725 a

2213 1759 2468 1810 Servitute
2500 1759 2876 1821 Barbarorum,
2909 1775 3006 1812 nos
3037 1775 3064 1810 a
3089 1761 3345 1815 servitute
3375 1763 3599 1830 peccati.
3627 1762 3705 1816 Ad
3735 1764 3799 1815 li-

2215 1849 2474 1902 bertatem
2501 1850 2702 1902 reducti
2731 1861 2853 1903 sunt
2896 1851 2989 1916 illi,
3039 1862 3091 1904 et
3135 1868 3230 1905 nos
3261 1854 3445 1916 etiam,
3476 1854 3568 1908 sed
3599 1871 3702 1907 non
3729 1855 3796 1906 ad

2213 1939 2477 2004 eamdem,
2523 1941 2614 1995 sed
2646 1940 2712 1994 ad
2744 1942 2911 1994 multo
2961 1943 3372 2012 splendidiorem
3409 1959 3525 1999 nos.
3561 1945 3712 2012 Quod
3752 1947 3799 1999 si

2218 2032 2417 2101 majora
2439 2033 2550 2086 suis
2580 2042 2758 2086 nostra
2791 2043 2842 2087 ct
2897 2034 3298 2100 excellentiora,
3329 2051 3396 2091 ne
3420 2045 3656 2105 stupeas.
3687 2035 3801 2090 Hoc

2214 2120 2354 2177 enim
2379 2123 2607 2178 maxime
2627 2124 2864 2178 veritatis
2894 2135 2995 2190 est,
3027 2125 3168 2194 quod
3190 2127 3257 2180 sit
3279 2139 3403 2198 typo
3430 2128 3585 2198 longe
3614 2128 3799 2182 excel-

2214 2215 2427 2278 lentior,
2462 2230 2635 2284 neque
2663 2224 2838 2269 tamen
2877 2215 2950 2268 illi
2999 2216 3298 2271 adversaria
3331 2219 3420 2282 sit,
3451 2226 3506 2272 et
3547 2233 3667 2272 cum
3702 2219 3796 2272 illo

2216 2316 2429 2376 pugnet.
2466 2306 2599 2372 Quid
2637 2317 2813 2360 autem
2843 2316 2944 2371 est,
2977 2307 3162 2361 Omnes
3191 2308 3243 2360 in
3285 2307 3511 2379 Moysem
3549 2309 3798 2377 baptizati

2214 2397 2374 2451 sunt?
2396 2396 2556 2451 Forte
2599 2397 2884 2450 obscurum
2915 2399 2930 2428 ¹
2962 2406 3044 2451 est
3077 2397 3217 2466 quod
3236 2398 3429 2452 dicitur
3449 2417 3464 2464 ;
3487 2399 3580 2454 sed
3606 2400 3803 2454 clarius

2215 2489 2430 2544 efﬁcere
2458 2489 2711 2543 conabor.
2747 2489 2891 2544 Mare
2915 2499 3038 2544 tunc
3060 2501 3172 2544 erat
3193 2490 3440 2546 diﬁ'usum
3467 2501 3591 2547 ante
3619 2493 3804 2548 oculos

2215 2595 2399 2634 eorum
2428 2589 2481 2634 ct
2505 2579 2826 2648 jubebantur
2865 2582 3093 2635 transire
3140 2597 3234 2651 per
3268 2591 3575 2636 extraneam
3616 2599 3804 2652 quam-

2217 2671 2337 2725 dam
2368 2681 2422 2726 et
2447 2671 2809 2725 admirabilem
2840 2671 2998 2724 viam.
3044 2671 3210 2726 Nemo
3240 2687 3488 2741 umquam
3519 2674 3596 2727 sic
3627 2683 3806 2728 trans-

2211 2757 2369 2818 ierat.
2397 2762 2794 2818 Cunetabantur
2831 2772 2885 2818 et
2915 2765 3249 2830 recusabant,
3299 2776 3457 2834 atque
3481 2783 3618 2835 aegre
3659 2766 3804 2821 fcre-

2217 2855 2364 2909 bant.
2415 2854 2683 2908 Transivit
2726 2854 2932 2926 Moyses
2986 2855 3208 2924 primus,
3253 2865 3304 2909 et
3335 2868 3388 2910 ut
3415 2871 3599 2912 oumes
3648 2858 3805 2912 facile

2217 2955 2565 3014 sequerentur
2606 2943 2802 3000 eifecit.
2838 2945 2948 2998 lloc
2993 2945 3092 2999 sibi
3135 2945 3245 3000 vult
3286 2945 3438 3012 illttd,
3469 2945 3532 3000 In
3576 2947 3806 3018 Moyseth

2217 3036 2456 3105 baptizari
2482 3044 2598 3088 sunt
2616 3051 2634 3099 ;
2654 3050 2773 3090 cum
2802 3035 2873 3088 illi
2896 3035 3269 3101 credidissent,
3307 3045 3431 3090 tunc
3450 3038 3500 3090 iu
3526 3053 3690 3107 aquas
3713 3038 3806 3092 illo

2217 3127 2351 3182 duce
2379 3127 2580 3197 ipsique
2603 3127 2822 3181 ﬁdentes
2846 3127 3046 3197 ingredi
3069 3128 3182 3181 ausi
3205 3138 3346 3182 sunt.
3372 3129 3481 3183 lloc
3498 3139 3551 3184 et
3568 3130 3616 3182 in
3639 3129 3802 3184 Chri-

2217 3227 2300 3272 sto
2321 3217 2508 3272 accidit
2541 3236 2554 3270 :
2589 3233 2712 3271 eum
2743 3221 2885 3270 enim
2918 3233 3017 3272 nos
3063 3219 3361 3272 reduxisset
3389 3219 3456 3273 ab
3497 3235 3701 3282 errore,
3747 3230 3804 3273 et

2218 3309 2285 3363 ab
2307 3309 2564 3363 idolorum
2591 3309 2735 3363 cultu
2765 3308 3064 3374 liberasset,
3097 3320 3150 3362 et
3183 3310 3236 3362 in
3270 3325 3490 3380 regnum
3523 3325 3619 3362 nos
3643 3325 3803 3363 manu

2217 3399 2457 3464 duceret,
2490 3399 2602 3467 ipse
2633 3399 2834 3468 primus
2875 3401 3014 3454 viam
3045 3401 3271 3469 aperuit,
3319 3402 3517 3470 ptittttls
3550 3401 3599 3454 in
3643 3402 3804 3454 etrlos

2217 3493 2473 3545 ascendit.
2518 3491 2975 3558 Quemadmodum
3009 3493 3168 3560 igitur
3211 3493 3283 3546 illi
3335 3492 3500 3565 Moysi
3553 3493 3798 3558 ﬁdentes,

2220 3583 2320 3637 iter
2346 3583 2617 3650 suscipere
2656 3591 2779 3636 sunt
2805 3583 2918 3636 ausi
2943 3625 2957 3648 ,
2988 3584 3056 3637 ita
3084 3594 3137 3638 et
3164 3600 3260 3636 nos
3301 3585 3510 3638 Christo
3554 3582 3799 3646 ﬁdentes,

2220 3671 2355 3726 hanc
2384 3674 2862 3740 peregrinationem
2896 3673 3120 3727 lidentcs
3149 3675 3488 3742 suscipimus.
3518 3673 3665 3740 Quod
3705 3689 3802 3726 au-

2219 3771 2324 3817 tem
2360 3763 2409 3817 id
2440 3763 2538 3817 sibi
2584 3764 2710 3818 velit
2753 3764 2878 3817 illud
2929 3764 2992 3816 In
3022 3764 3248 3835 Moysem
3290 3765 3528 3834 baptizati
3553 3775 3687 3829 siml,
3738 3781 3803 3820 ex

2223 3853 2438 3906 historia
2475 3853 2644 3922 palam
2672 3864 2773 3906 est.
2803 3853 2916 3906 Non
2939 3855 3082 3908 enim
3111 3855 3159 3908 in
3193 3870 3384 3908 nomen
3404 3855 3600 3927 Moysis
3627 3855 3803 3924 bapti-

2218 3944 2318 3997 zati
2353 3955 2495 3998 stitit.
2529 3944 2585 3999 Si
2630 3959 2784 4012 porro
2836 3959 2932 3999 nos
2979 3959 3083 4000 non
3133 3946 3290 3998 modo
3316 3945 3497 4000 Jesum
3525 3947 3712 4000 ducem
3743 3963 3807 4000 ac

2220 4038 2510 4106 principem
2534 4037 2810 4100 habemus,
2842 4037 2934 4091 sed
2957 4038 3114 4090 etiam
3145 4038 3195 4091 iu
3228 4055 3419 4091 nomen
3438 4039 3551 4106 ejus
3575 4038 3808 4108 baptiza-

2221 4145 2358 4193 nmr,
2390 4130 2510 4182 licet
2542 4129 2612 4182 illi
2666 4147 2768 4183 non
2801 4130 3131 4198 baptizentur
3170 4131 3222 4184 in
3253 4146 3445 4185 nomen
3479 4132 3690 4202 Moysis,
3739 4148 3806 4186 uc

2221 4218 2340 4273 ideo
2389 4220 2616 4272 turbt-ris
2649 4237 2660 4272 :
2693 4220 2799 4274 dixi
2851 4237 3076 4290 namque
3103 4233 3348 4290 oportere
3374 4233 3430 4275 nt
3475 4225 3667 4277 veritas
3710 4225 3806 4276 ali-

2219 4321 2375 4378 quam
2420 4309 2682 4380 ingentem
2727 4319 2782 4365 et
2825 4311 3145 4366 iucll‘abilem
3198 4313 3568 4368 excellentiam
3614 4313 3808 4369 habent

2219 4411 2378 4466 supra
2408 4399 2648 4467 ﬁguram.

2295 4488 2472 4544 Mensa
2488 4499 2533 4543 et
2562 4489 2807 4561 Hysteria
2851 4508 2999 4546 sacra
3025 4493 3075 4545 in
3125 4491 3290 4547 Veteri
3315 4495 3449 4564 Lege
3476 4494 3806 4556 adumbrata;

2221 4580 2423 4635 Paulus
2467 4581 2828 4636 Samosatam:
2875 4584 3140 4653 refellitur.
3171 4614 3242 4623 —
3269 4584 3506 4638 Vidistin'
3532 4584 3584 4637 in
3631 4586 3804 4654 bapti-

2221 4687 2339 4728 smo
2363 4676 2449 4744 qui
2480 4675 2551 4728 sit
2578 4685 2751 4746 typus,
2791 4691 2908 4744 qmc
2939 4675 3178 4732 veritas?
3225 4677 3353 4744 Age,
3382 4677 3654 4730 ostendant
3713 4677 3802 4730 tibi

2222 4775 2277 4820 et
2305 4781 2540 4820 mensam
2580 4775 2635 4820 et
2664 4767 3034 4836 mysteriorum
3083 4768 3539 4838 participationem
3568 4768 3674 4822 illic
3705 4768 3804 4821 ad-

2225 4857 2521 4910 umbratam
2549 4854 2732 4916 fuisse,
2779 4858 2821 4909 si
2875 4871 2978 4908 non
3021 4864 3190 4910 totum
3230 4872 3413 4911 rursus
3438 4872 3468 4910 a
3495 4873 3581 4913 me
3630 4868 3800 4926 petas,

2224 4947 2316 5006 sed
2344 4948 2420 5000 sic
2449 4963 2509 5001 ea
2538 4962 2655 5016 qua:
2699 4955 2844 5015 gesta
2873 4957 2996 5001 sunt
3038 4948 3330 5012 examines,
3363 4959 3421 5002 ut
3446 4964 3544 5020 par
3572 4960 3653 5003 est
3680 4965 3802 5004 um-

2227 5039 2346 5091 bras
2373 5049 2426 5092 et
2457 5039 2669 5108 ﬁguras.
2699 5037 2830 5091 Nam
2861 5053 2980 5092 cum
3012 5039 3236 5094 dixisset
3269 5039 3335 5093 dc
3361 5041 3512 5105 mari,
3547 5036 3615 5096 de
3643 5041 3804 5108 nube,

2224 5131 2396 5200 deque
2420 5131 2618 5201 Moyse,
2644 5130 2915 5200 subiunxit
2943 5146 2957 5183 :
2989 5131 3053 5184 Et
3073 5147 3242 5184 auiae:
3261 5131 3484 5185 eamdem
3505 5147 3666 5184 escam
3701 5135 3808 5198 spi-

2225 5223 2458 5276 ritualem
2505 5223 2848 5276 comederunt.
2897 5222 3356 5288 Quemadmodum
3407 5232 3483 5286 ttt,
3516 5223 3705 5292 inquit,
3740 5241 3802 5277 ex

2229 5313 2431 5384 piscina
2458 5328 2711 5382 aquarum
2739 5312 3053 5380 ascendens,
3102 5313 3168 5367 ad
3211 5328 3446 5367 mensam
3489 5314 3660 5367 curris
3692 5314 3804 5368 :sie

2227 5416 2278 5461 et
2306 5407 2376 5460 illi
2402 5421 2468 5460 ex
2496 5407 2628 5459 mari
2653 5405 3025 5470 ascendentes,
3049 5404 3116 5460 ad
3143 5420 3378 5459 mensam
3409 5420 3597 5458 novam
3618 5415 3672 5458 et
3706 5406 3803 5457 mi-

2231 5499 2451 5554 rabilem
2475 5506 2752 5564 venerunt,
2781 5497 2848 5552 de
2877 5513 3066 5550 manna
3096 5497 3305 5567 loquor.
3328 5499 3406 5551 Ac
3429 5511 3640 5551 rursum
3669 5495 3801 5549 sicut

2293 5643 2307 5673 ι
2339 5640 2393 5705 in
2435 5638 2590 5690 liditis
2630 5642 2829 5702 legitur,
2868 5641 3055 5692 clarum
3083 5642 3508 5705 (sapic);Savil.,
3550 5642 3802 5705 olei-mum

2231 5701 2466 5766 (ἀσαφὲς),
2481 5701 3096 5766 inmargineposuerat,et
3118 5701 3206 5754 nos
3227 5701 3437 5770 legimus
3460 5722 3486 5753 e
3508 5702 3670 5754 codice
3691 5706 3796 5752 738,
