4110 6198
295 290 400 346 24⁸)

297 415 352 458 tu
385 401 684 460 mirabilem
736 410 920 474 potum
959 400 1149 466 babes,
1188 399 1501 470 sanguinem
1555 397 1846 452 Salvatoris
1877 414 1890 449 :

300 495 378 551 sic
403 505 457 550 ct
487 495 558 550 illi
592 494 894 551 mirabilem
921 493 1155 547 habuere
1180 504 1338 563 potus
1365 501 1644 554 naturam;
1680 504 1783 544 non
1812 489 1895 542 in-

301 595 567 642 venerunt
607 585 804 651 fentes,
843 600 948 639 non
997 584 1208 648 ﬂuvios,
1247 583 1340 637 sed
1373 598 1438 636 ex
1471 591 1618 652 petra
1666 579 1800 634 dura
1843 587 1898 632 et

301 677 560 748 inaquosa
606 691 850 748 magnam
920 675 1238 730 ﬂuentorum
1282 675 1488 744 copiam
1555 679 1896 741 acceperunt.

304 768 429 823 Ideo
460 776 642 838 potum
675 768 847 833 illum,
875 766 1201 836 spiritualem
1230 765 1468 831 vocavit;
1499 781 1602 818 non
1631 762 1771 833 quod
1801 777 1898 815 na-

305 869 422 913 tura
457 859 576 913 talis
603 867 767 922 esset.
795 857 889 912 sed
911 858 1050 928 quod
1081 873 1145 912 ex
1175 856 1356 920 modo,
1385 871 1492 926 quo
1520 852 1900 924 suppeditaba-

306 961 414 1014 tur,
446 949 570 1004 talis
599 951 768 1003 lieret.
800 947 982 1019 Neque
1011 949 1154 1002 enim
1181 946 1474 1002 secundum
1501 953 1706 1000 natura:
1739 943 1902 997 ratio-

309 1058 431 1097 nem
460 1042 589 1112 ipsis
615 1041 861 1107 dabatur,
891 1040 981 1095 sed
1007 1038 1298 1096 secundum
1328 1038 1441 1102 Dei,
1471 1038 1617 1107 ipsos
1638 1035 1902 1102 ducentis,

310 1136 703 1204 operationem.
735 1133 886 1200 Quod
919 1134 1006 1188 ille
1048 1133 1113 1188 ad
1151 1144 1355 1187 rectum
1391 1147 1607 1186 sensum
1633 1129 1905 1184 deducens

311 1227 548 1281 dicebat.
579 1226 711 1281 Cum
736 1227 878 1281 enim
909 1225 1152 1289 dixisset,
1193 1223 1260 1277 Et
1291 1240 1462 1278 omnes
1482 1226 1707 1277 eamdem
1730 1230 1908 1291 potum

313 1318 630 1386 spiritualem
657 1317 902 1381 biberunt,
941 1331 1076 1386 aqua
1099 1326 1276 1369 autem
1309 1322 1427 1369 erat
1455 1329 1575 1383 qua:
1604 1311 1904 1377 bibebatur,

318 1417 374 1462 ut
394 1408 702 1462 ostenderet
726 1423 786 1463 se
817 1406 938 1462 ideo
960 1407 1294 1478 Spiritttalem
1323 1406 1544 1466 dixisse.
1579 1419 1688 1459 non
1717 1403 1787 1458 ob
1809 1417 1908 1456 na-

318 1509 492 1554 turam
513 1514 684 1569 aqum,
714 1499 807 1554 sed
840 1499 910 1554 ob
937 1498 1175 1561 modum,
1201 1513 1308 1567 quo
1335 1495 1788 1566 suppeditabatur,
1817 1492 1912 1548 ad-

315 1591 445 1661 jecit
474 1608 488 1645 :
510 1589 746 1644 Bibebant
775 1590 908 1643 enim
931 1589 994 1644 de
1009 1589 1264 1661 spirituali
1281 1596 1607 1657 consequente
1628 1603 1710 1640 eos
1734 1594 1874 1655 petra
1893 1599 1912 1638 :

323 1693 466 1754 petra
486 1693 654 1737 autem
678 1692 783 1736 erat
814 1681 1064 1738 Christus.
1091 1681 1429 1752 Non,inquit,
1467 1690 1654 1735 natura
1699 1677 1911 1749 lapidis,

324 1775 418 1829 sed
441 1775 710 1844 operantis
742 1775 833 1830 Dei
865 1776 1034 1829 virtus
1063 1773 1237 1828 fontes
1267 1774 1386 1827 illos
1415 1772 1712 1828 emittebat.

398 1867 452 1922 5.
495 1867 559 1921 Et
579 1866 665 1922 hic
689 1867 834 1922 Pauli
854 1867 1186 1922 Samosateni
1213 1865 1456 1920 haeresim
1485 1863 1740 1919 radicitus
1760 1860 1903 1934 evel-

334 1956 416 2010 lit.
459 1959 515 2012 Si
542 1959 683 2013 enim
709 1958 951 2013 Christus
973 1957 1062 2012 illa
1085 1957 1264 2012 omnia
1289 1956 1626 2025 operabatur,
1651 1952 1920 2024 quomodo

333 2047 508 2116 ipsum
541 2048 665 2104 hinc
681 2049 911 2120 coepisse
937 2048 1140 2115 dicunt,
1169 2063 1292 2102 cum
1318 2047 1477 2100 Maria
1506 2047 1677 2116 ipsum
1705 2041 1919 2113 genuit?

331 2137 468 2194 Cum
498 2141 641 2194 enim
673 2154 734 2194 ea
761 2155 879 2210 quae
915 2140 966 2194 in
1008 2139 1225 2194 deserto
1270 2147 1420 2207 gesta
1472 2146 1614 2198 sunt.
1642 2144 1767 2190 ante
1807 2134 1920 2188 Ma-

333 2230 470 2284 riam
522 2230 659 2308 facta
701 2232 831 2295 sint.
870 2239 930 2285 et
963 2230 1210 2286 Christus
1237 2228 1529 2284 secundum
1561 2227 1706 2281 Pauli
1736 2240 1921 2280 vocem

335 2323 424 2377 illa
455 2324 632 2376 omnia
675 2322 880 2388 fecerit,
914 2337 1136 2377 necesse
1171 2333 1254 2376 est
1292 2321 1441 2376 illum
1483 2330 1538 2375 et
1561 2327 1684 2374 ante
1716 2327 1923 2388 partum

332 2422 389 2466 et
411 2423 541 2466 ante
564 2412 974 2482 partui-itionem
995 2413 1154 2467 fuisse
1182 2431 1194 2466 :
1224 2411 1554 2482 nequeenim
1583 2414 1674 2482 qui
1702 2426 1807 2466 non
1827 2425 1925 2466 ex-

342 2505 589 2565 stitisset,
629 2513 734 2558 tam
776 2505 1037 2560 mirabilia
1081 2516 1241 2573 atque
1280 2504 1610 2559 incredibilia
1647 2519 1808 2574 opera
1835 2517 1926 2573 pa-

339 2603 556 2649 trasset.
578 2593 726 2648 Sicut
742 2604 920 2650 autem
943 2610 1065 2650 cum
1086 2594 1239 2660 dixit,
1264 2609 1454 2648 omnes
1481 2609 1574 2664 per
1589 2609 1736 2648 mare
1762 2603 1929 2648 trans-

338 2685 533 2750 ivissc,
569 2685 826 2740 Ecclesiae
853 2685 1181 2740 nobilitatem
1227 2686 1316 2739 diu
1371 2694 1494 2740 ante
1543 2689 1680 2757 typis
1705 2700 1927 2755 expres-

338 2790 454 2829 sam
487 2776 784 2830 declaravit
815 2795 826 2830 :
857 2777 935 2830 sic
960 2792 1082 2831 cuin
1103 2776 1255 2843 dixit,
1280 2791 1466 2831 omnes
1486 2777 1727 2835 eamdem
1750 2791 1926 2831 escam

340 2868 1012 2936 spiritualemcomedisse,
1048 2869 1273 2939 idipsum
1319 2871 1508 2924 iterum
1551 2868 1927 2922 subindicavit.

346 2959 806 3026 Quemadmodum
837 2962 980 3015 enim
1031 2961 1083 3014 in
1127 2961 1362 3015 Ecclesia
1410 2975 1514 3013 non
1553 2959 1696 3013 aliud
1739 2973 1932 3026 corpus

346 3050 519 3115 dives,
547 3050 687 3104 aliud
729 3066 952 3121 pauper.
986 3066 1086 3106 nec
1106 3052 1267 3105 alium
1295 3052 1608 3118 sanguinem
1640 3050 1744 3114 hic,
1766 3049 1929 3103 alium

355 3143 445 3196 ille
461 3142 655 3212 accipit
679 3160 691 3196 :
724 3144 802 3196 sic
823 3152 877 3197 et
899 3142 990 3196 illo
1009 3152 1248 3212 tempore
1268 3159 1374 3196 non
1396 3141 1537 3195 aliud
1565 3140 1714 3195 dives
1739 3155 1932 3195 manna

349 3235 576 3304 accepit,
605 3234 747 3288 aliud
795 3249 1028 3304 panper;
1077 3251 1176 3289 nec
1201 3234 1423 3288 alterius
1455 3233 1545 3289 ille
1575 3233 1756 3297 fontis,
1803 3223 1935 3289 alte-

351 3326 465 3379 rius
489 3325 573 3380 bic
602 3335 657 3380 et
681 3325 1048 3396 indigentioris
1072 3327 1338 3398 particeps
1366 3326 1462 3380 fuit
1492 3325 1624 3382 :scd
1639 3325 1774 3380 sicut
1796 3341 1936 3381 nunc

349 3414 538 3471 eadem
588 3417 698 3485 ipsa
752 3433 958 3483 mensa,
1012 3418 1237 3490 idipsum
1289 3419 1558 3488 poculum,
1607 3418 1746 3474 idem
1785 3419 1938 3474 cibus

355 3508 600 3563 onmibus
626 3509 730 3564 huc
759 3509 1178 3579 ingredientibus
1216 3510 1439 3565 offertur
1472 3529 1486 3564 :
1515 3511 1583 3565 ita
1615 3519 1668 3564 ct
1697 3519 1823 3564 tunc
1851 3509 1931 3564 id-

359 3600 532 3668 ipsum
582 3616 813 3666 manna,
866 3602 1004 3657 idem
1055 3601 1175 3657 fons
1222 3603 1471 3657 omnibus
1517 3602 1933 3672 proponebatur.

355 3691 613 3762 Quodque
659 3695 978 3765 stupendum
1007 3695 1486 3766 admirandumqne
1527 3705 1631 3760 est,
1665 3705 1938 3752 tentavcre

357 3786 573 3855 quidam
603 3787 694 3841 illo
720 3797 959 3858 tempore
981 3788 1120 3858 plus,
1152 3805 1309 3858 quam
1339 3805 1472 3858 opus
1501 3798 1635 3852 erat,
1665 3789 1938 3859 colligere,

355 3879 589 3949 nihilque
635 3880 828 3950 profuit
862 3882 968 3935 illis
997 3881 1240 3936 aVaritia.
1295 3881 1489 3935 Verum
1519 3882 1692 3936 donec
1723 3883 1938 3950 :rquali-

363 3983 524 4026 tatcm
556 3973 863 4040 servabant,
894 3990 1088 4028 manna
1132 3974 1379 4028 manebat
1424 3990 1651 4040 manna;
1697 3974 1782 4028 ubi
1814 3989 1943 4028 vero

359 4061 480 4131 plus
508 4064 751 4134 accipere
788 4065 1092 4132 studebant,
1138 4065 1357 4120 ςινεινίιίη
1393 4081 1584 4119 manna
1627 4065 1679 4119 in
1730 4075 1940 4119 vermes

362 4156 602 4209 mutabat
635 4173 650 4210 :
679 4159 923 4225 quamvis
953 4157 1054 4212 hoc
1081 4175 1185 4212 non
1217 4173 1336 4212 cum
1365 4158 1688 4213 detrimento
1717 4159 1941 4211 aliorum

360 4243 632 4300 faciebant
663 4265 675 4300 :
703 4262 808 4301 non
850 4249 993 4302 enim
1034 4249 1264 4320 proximi
1309 4265 1486 4303 escam
1526 4249 1785 4320 rapiendo
1829 4249 1945 4319 plus

358 4337 725 4407 colligebant,
775 4347 1010 4395 attamen
1072 4342 1192 4411 quia
1267 4341 1384 4410 plus
1449 4341 1942 4412 conetipiscehant,

361 4429 598 4484 damnati
627 4439 770 4485 sunt.
804 4431 953 4487 Licet
981 4433 1124 4488 enim
1171 4433 1470 4503 proximum
1515 4450 1618 4490 non
1667 4435 1943 4499 lazderent,

361 4520 462 4574 sibi
497 4530 673 4576 tamen
714 4524 1004 4578 maximum
1056 4524 1310 4578 damnum
1340 4523 1654 4592 all‘erebant,
1694 4539 1814 4580 cum
1847 4525 1949 4580 hoc

362 4612 653 4682 colligendi
673 4613 830 4669 modo
847 4616 1084 4670 avaritia:
1108 4624 1500 4672 assuescerent.
1521 4616 1702 4686 Itaque
1721 4616 1947 4685 idipsum

362 4704 521 4758 simul
551 4713 606 4759 et
633 4720 756 4760 esca
787 4717 900 4762 erat
929 4717 984 4762 et
1012 4708 1104 4762 Dei
1131 4707 1449 4779 cognitionis
1478 4708 1718 4763 doctrina
1753 4726 1766 4762 :
1791 4689 1949 4764 sintul

365 4811 595 4866 corpora
637 4798 926 4865 nutriebat.
955 4809 1009 4854 et
1037 4800 1316 4856 erudiebat
1351 4800 1621 4866 animum;
1652 4815 1826 4871 neque
1857 4817 1953 4855 nu-

368 4886 562 4941 triebat
587 4896 814 4952 tantum,
846 4889 940 4943 sed
973 4891 1133 4945 etiam
1162 4905 1192 4945 a
1222 4891 1404 4947 labore
1439 4893 1727 4950 eximebat.
1769 4893 1951 4964 Neque

364 4979 511 5032 enim
542 4993 677 5048 opus
701 4990 816 5036 erat
838 4980 1064 5052 jungere
1107 4982 1294 5048 boves,
1343 4995 1579 5040 aratrum
1609 4985 1840 5054 trahere,
1866 4987 1952 5041 vel

369 5080 567 5126 terram
590 5073 826 5139 sulcare,
846 5075 930 5129 vel
964 5091 1057 5144 per
1075 5091 1273 5131 annum
1295 5090 1605 5148 exspectare
1626 5095 1641 5145 ;
1665 5079 1756 5134 sed
1778 5080 1954 5135 subito

367 5163 666 5233 appositam
718 5165 983 5220 hauebant
1029 5182 1288 5234 mensam,
1334 5179 1628 5236 recentem,
1678 5185 1870 5225 nevam
1900 5182 1957 5226 et

363 5252 731 5320 quotidianam
759 5274 772 5309 :
799 5256 1062 5328 rebusque
1103 5258 1231 5328 ipsis
1273 5259 1551 5315 discebant
1584 5263 1953 5331 evangelicum

369 5343 500 5398 illud
543 5356 896 5416 prmccptum,
945 5363 1051 5402 non
1095 5349 1292 5405 debere
1321 5353 1627 5420 quempiam
1671 5352 1954 5408 sollicitum

369 5449 492 5489 esse
537 5436 589 5490 in
617 5438 908 5492 crastinum
965 5437 1177 5511 (Matth.
1206 5439 1258 5495 6.
1301 5441 1390 5511 δι)
1422 5458 1434 5494 :
1468 5441 1608 5496 nulla
1637 5443 1832 5512 quippe
1857 5444 1958 5498 uti-

373 5526 498 5581 btas
519 5543 585 5582 ex
615 5527 712 5583 hac
757 5529 1117 5586 sollicitudine
1154 5532 1600 5602 consequebatur.
1633 5535 1784 5600 Quod
1814 5537 1955 5592 cnim

375 5619 496 5687 plus
523 5619 790 5689 quispiam
821 5620 1128 5691 colligebat,
1178 5623 1619 5692 eorrumpcbatur
1642 5635 1698 5680 et
1728 5628 1954 5696 peribat,

377 5721 537 5781 atque
567 5723 936 5782 argumentum
983 5716 1216 5772 avaritia:
1247 5717 1418 5772 solum
1457 5719 1723 5774 manebat.
1757 5721 1955 5776 Deinde

1118 286 1183 343 lN
1223 283 1475 342 DICTUM
1517 283 1741 350 PAULI.
1781 281 1963 338 ΝΟιο
2007 281 2136 336 VOS
2178 282 2548 348 IGNORARE.
2593 285 2748 341 E'i'C.

3480 287 3583 339 ἐςο

2009 416 2076 453 ne
2125 410 2370 470 putarent
2412 399 2634 455 imbrem
2678 400 2822 454 illum
2860 415 2923 454 ex
2967 409 3166 454 natura!
3201 401 3588 456 consuetudine

2006 510 2246 556 manare,
2281 496 2330 548 in
2363 495 2448 547 die
2495 493 2704 548 sabbati
2745 491 2877 546 nihil
2922 491 3228 561 lntjusmodi
3267 494 3444 558 fiebat,
3481 493 3590 548 Deo

2010 586 2124 641 lia'c
2156 596 2378 656 utraque
2411 586 2554 655 ipsos
2582 586 2846 651 docente;
2889 586 3031 656 quod
3060 585 3266 640 scilicet
3297 587 3410 655 ipse
3452 602 3589 654 prae-

2007 681 2177 735 teritis
2206 680 2394 734 diebus
2416 679 2554 734 hanc
2581 676 2876 734 mirabilem
2899 679 3132 750 pluviam
3155 687 3405 748 operatus
3425 687 3591 738 esset.

2007 782 2060 826 et
2087 772 2227 842 quod
2262 771 2356 825 illo
2381 771 2468 825 die
2498 772 2729 841 pluviam
2773 771 2894 825 ideo
2914 769 3209 831 cohiberet,
3244 781 3298 822 nt
3333 768 3413 823 vel
3446 769 3592 822 inviti

2007 863 2279 916 discerent
2309 862 2399 916 illo
2437 862 2523 915 die
2554 861 2753 916 feriari.
2790 861 2974 930 Neque
3005 877 3069 914 ex
3091 862 3210 916 cibo
3243 868 3470 924 tantum,
3497 859 3592 912 sed

2009 955 2168 1009 etiam
2193 968 2260 1006 ex
2289 951 2623 1007 vestimentis
2649 960 2704 1006 et
2729 952 3104 1006 calcezttttenlis
3123 961 3176 1005 et
3191 967 3254 1006 ex
3271 951 3398 1029 [aliis
3418 951 3596 1004 omni.

2011 1045 2132 1109 bus,
2159 1043 2341 1098 videre
2359 1052 2477 1098 erat
2503 1043 2692 1097 tradita
2716 1043 2977 1112 apostolis
3000 1042 3244 1095 mandata
3268 1041 3440 1110 rcipsa
3461 1055 3601 1094 com-

2012 1139 2176 1208 pleta.
2219 1137 2403 1208 Neque
2427 1137 2567 1190 enim
2604 1135 2823 1190 domum
2854 1133 3144 1199 habebant,
3197 1149 3305 1187 non
3338 1147 3597 1198 mensam.

2013 1245 2118 1283 non
2149 1228 2370 1295 lectum,
2403 1243 2510 1282 non
2541 1238 2742 1282 vestem
2777 1226 3135 1290 mutatoriam,
3175 1240 3348 1294 neque
3369 1224 3599 1283 calceos.

2017 1322 2127 1376 Deo
2157 1322 2236 1374 sic
2277 1321 2646 1389 dispensante.
2675 1318 2812 1375 Vide
2842 1327 3035 1390 quanta
3067 1319 3138 1373 sit
3179 1317 3388 1373 Veteris
3414 1316 3603 1372 Testa-

2021 1415 2186 1470 menti
2215 1430 2335 1468 cum
2362 1413 2512 1468 Novo
2529 1412 2777 1467 affinitas.
2798 1409 3258 1480 Quemadmodum
3281 1410 3423 1464 enim
3449 1408 3605 1463 Chri-

2016 1517 2130 1560 stus
2170 1505 2442 1575 apostolos
2479 1504 2694 1558 demum
2745 1502 2812 1558 ad
2851 1518 2913 1557 ea
2954 1518 3072 1572 quae
3113 1500 3412 1556 necessaria
3452 1507 3606 1554 erant

2019 1596 2350 1656 informavit.
2387 1597 2468 1652 sic
2493 1605 2545 1649 et
2577 1595 2681 1649 illis
2708 1595 2830 1648 vita:
2876 1592 3070 1648 modus
3111 1593 3391 1661 adoptatus
3419 1599 3520 1657 est,
3553 1601 3606 1642 et

2019 1690 2194 1743 Omnis
2211 1697 2455 1742 creatura
2479 1687 2543 1741 ad
2569 1685 2927 1741 ministerium
2949 1700 3136 1739 eorum
3157 1690 3448 1753 prreparata
3469 1690 3603 1736 erat.

2021 1779 2088 1833 Et
2112 1794 2228 1842 cur,
2262 1779 2490 1847 inquies,
2519 1777 2633 1830 haec
2657 1776 2790 1828 facta
2819 1774 2983 1828 sunt?
3012 1774 3160 1844 Ipsos
3186 1773 3237 1825 in
3269 1787 3431 1825 unum
3455 1770 3602 1825 orbis

2023 1871 2198 1926 locum
2220 1870 2568 1924 conclusurus
2590 1877 2723 1931 erat,
2745 1876 2800 1922 et
2827 1865 3172 1922 mandaturus
3191 1865 3268 1918 eis
3289 1874 3342 1918 ut
3364 1863 3463 1918 sibi
3485 1878 3604 1932 per-

2025 1970 2188 2030 petuo
2222 1961 2331 2015 illic
2358 1960 2745 2022 ministrarent,
2770 1973 2833 2012 ac
2859 1973 3031 2028 neque
3059 1957 3310 2028 templum
3335 1956 3417 2010 vel
3443 1955 3612 2009 altare

2025 2055 2150 2109 alibi
2183 2070 2277 2122 per
2303 2054 2488 2108 orbem
2519 2060 2932 2116 eonstruerent;
2975 2050 3071 2108 sed
3119 2050 3415 2105 oblationes
3443 2055 3499 2103 et
3526 2061 3612 2100 sa-

2026 2145 2225 2200 crificia
2255 2160 2349 2200 sua
2377 2143 2505 2199 illuc
2531 2144 2807 2210 atl‘crrent,
2836 2142 2969 2198 festa
3000 2141 3350 2203 celebrarent.
3376 2140 3610 2209 legerent

2030 2237 2222 2306 legem,
2253 2244 2307 2290 et
2327 2250 2516 2290 omnes
2537 2235 2674 2289 alios
2699 2233 3135 2288 sanctiﬁcationis
3161 2231 3304 2286 illius
3333 2231 3466 2285 ritus
3495 2245 3614 2299 per-

2030 2325 2270 2380 ficerent.
2296 2324 2372 2380 Ne
2397 2326 2557 2395 igitur
2575 2340 2641 2380 ex
2663 2323 2883 2379 deﬁnito
2905 2323 3181 2378 ministerii
3205 2323 3307 2377 ritu
3331 2321 3614 2392 providen-

2031 2418 2158 2470 tiam
2186 2431 2336 2470 suam
2370 2417 2476 2471 illic
2501 2416 2746 2470 concludi
2778 2423 3044 2485 putarent,
3093 2429 3255 2483 seque
3302 2413 3464 2468 Deum
3488 2427 3615 2483 par-

2037 2510 2312 2566 ticularem
2347 2510 2488 2564 illius
2516 2509 2618 2563 loci
2647 2508 2947 2570 crederent,
2989 2506 3135 2576 prius
3174 2506 3423 2560 virtutem
3465 2519 3616 2560 suam

2035 2601 2088 2656 in
2115 2602 2291 2656 aliena
2322 2611 2463 2656 terra
2493 2600 2753 2663 exhibuit,
2794 2599 2846 2652 in
2893 2596 3148 2667 IEgypto,
3181 2598 3232 2650 in
3262 2595 3496 2660 deserto.
3528 2594 3616 2649 ubi

2035 2709 2196 2749 nemo
2234 2693 2323 2764 qui
2351 2709 2410 2747 se
2435 2693 2656 2758 coleret.
2690 2706 2849 2746 nemo
2889 2699 3002 2743 erat
3030 2689 3119 2759 qui
3159 2704 3218 2743 se
3242 2687 3493 2742 adoraret
3523 2703 3536 2738 :
3565 2695 3620 2740 et

2034 2787 2321 2840 contrariis
2350 2785 2507 2839 rebus
2533 2793 2778 2839 creatura
2810 2781 3097 2846 serviebat,
3133 2779 3384 2848 operibus
3403 2778 3512 2831 suis
3537 2777 3620 2830 vel

2036 2875 2328 2930 incredulis
2369 2875 2622 2940 suadens,
2664 2883 2723 2928 ut
2763 2873 3091 2928 creationem
3139 2872 3206 2926 ab
3251 2871 3402 2924 initio
3431 2869 3498 2923 ab
3531 2869 3623 2922 illo

2037 2966 2230 3020 factam
2274 2974 2641 3036 agnoscerent.
2694 2963 2902 3017 Etenim
2954 2977 3100 3017 mare
3143 2961 3277 3015 alios
3321 2960 3620 3021 sull'ocavit.

2036 3058 2170 3113 alios
2209 3059 2474 3121 servavit;
2518 3073 2612 3112 aer
2659 3071 2800 3110 nunc
2835 3053 3180 3124 grandinem,
3222 3067 3330 3121 quo
3369 3050 3626 3105 barbaros

2042 3151 2313 3221 perderet,
2349 3163 2488 3204 nunc
2529 3163 2744 3215 manna,
2779 3155 2834 3200 ut
2861 3145 3073 3201 ιιιάωοε
3108 3144 3296 3210 aleret,
3326 3136 3619 3199 emittebat.

2041 3243 2278 3299 Rursum
2308 3253 2468 3308 terra,
2497 3256 2641 3296 nunc
2667 3239 2937 3307 sciniphes
2960 3237 3026 3291 ad
3057 3235 3391 3292 ulciscendos
3420 3234 3624 3300 hostes,

2042 3352 2184 3392 nunc
2212 3337 2539 3390 coturnicem
2583 3335 2649 3388 ad
2690 3332 2913 3388 salutem
2946 3344 3164 3384 suorum
3205 3325 3478 3382 offerebat.
3519 3324 3628 3380 Illis

2044 3426 2275 3482 interdiu
2307 3428 2563 3490 tenebrre.
2597 3424 2678 3478 his
2705 3433 2867 3478 noctu
2896 3421 2984 3476 lux
3027 3419 3233 3475 aderat.
3283 3415 3514 3491 Egyptii
3542 3415 3628 3469 in-

2048 3519 2382 3575 terlluentcm
2410 3517 2669 3572 habentes
2694 3513 2893 3576 Nilum,
2921 3513 3005 3567 siti
3033 3519 3087 3566 et
3105 3511 3344 3565 siccitate
3368 3507 3627 3578 peribant;

2046 3612 2098 3667 hi
2127 3621 2303 3666 autem
2350 3610 2401 3664 in
2443 3609 2654 3664 deserto
2703 3607 2853 3662 arido
2871 3613 2926 3660 et
2950 3608 3093 3658 sicco
3129 3610 3304 3656 castra
3331 3608 3593 3654 metantes
3613 3639 3630 3663 .

2046 3704 2211 3759 multa
2253 3702 2565 3758 fruebantur
2603 3715 2860 3770 aquarum
2901 3697 3053 3767 copia
3096 3713 3109 3748 :
3152 3703 3208 3750 et
3256 3695 3373 3748 illos
3415 3691 3630 3762 quidem

2048 3810 2190 3849 ranm
2209 3792 2604 3863 oppugnabant,
2639 3791 2740 3844 hos
2766 3800 2940 3844 autem
2969 3803 3035 3842 nc
3052 3787 3292 3856 gigantes
3314 3782 3524 3854 quidem
3549 3795 3636 3834 ca-

2051 3904 2175 3958 pere
2208 3895 2474 3957 poterant.

2121 3979 2174 4033 6.
2215 3976 2322 4032 Sed
2351 3991 2447 4030 cur
2471 3974 2585 4029 hzec
2608 3972 2762 4027 nobis
2789 3979 3173 4025 commemorat
3200 3967 3388 4021 beatus
3411 3963 3638 4019 Paulus?

2049 4070 2131 4124 0b
2158 4083 2276 4124 eam
2308 4081 2544 4130 causam,
2589 4080 2747 4136 quam
2788 4063 2939 4118 initio
2983 4061 3134 4115 vobis
3177 4060 3286 4114 dixi
3320 4075 3333 4111 :
3365 4067 3422 4113 ut
3463 4057 3638 4111 discas

2053 4177 2227 4232 neque
2278 4159 2622 4228 baptismum,
2657 4170 2834 4226 neque
2875 4161 3212 4223 peccatorum
3243 4149 3634 4209 remissionem.

2054 4269 2159 4308 non
2180 4251 2480 4315 scientiam,
2503 4263 2606 4303 non
2631 4246 3004 4318 mysteriorum
3029 4242 3511 4314 participationem.
3531 4255 3638 4292 non

2054 4359 2294 4399 mensam
2330 4356 2558 4406 sacram,
2590 4355 2695 4394 non
2723 4336 2962 4408 corporis
3011 4335 3338 4395 fruitionem.
3383 4348 3488 4386 non
3517 4346 3642 4385 san-

2053 4435 2230 4506 guinis
2253 4431 2716 4503 participationem
2749 4469 2765 4492 ,
2789 4443 2888 4482 nec
2913 4425 3056 4481 aliud
3083 4424 3354 4496 quidpiam
3390 4422 3643 4492 prodesse

2057 4526 2231 4589 nobis,
2257 4524 2356 4578 nisi
2377 4524 2538 4576 vitam
2571 4530 2795 4585 rectam,
2825 4517 3143 4582 mirabilem,
3173 4523 3228 4570 et
3255 4513 3400 4569 omni
3423 4521 3643 4584 peccato

2057 4618 2279 4672 liberam
2307 4615 2584 4670 ducamus.
2617 4611 2770 4680 Quod
2797 4610 2940 4665 enim
2969 4608 3086 4663 hmc
3115 4607 3234 4662 ideo
3258 4619 3646 4661 commemora-

2058 4709 2193 4763 verit
2233 4707 2486 4772 ostendit,
2533 4719 2655 4759 cum
2702 4711 2984 4774 postquam
3033 4707 3378 4756 recensuerat
3421 4699 3644 4753 formam

2061 4800 2309 4870 baptismi
2341 4815 2436 4870 per
2479 4813 2625 4852 mare
2665 4807 2721 4851 et
2758 4812 2853 4866 per
2896 4795 3113 4858 nubem,
3166 4794 3648 4864 mysteriorumqne

2063 4904 2245 4965 typum
2277 4908 2372 4962 per
2399 4905 2591 4947 manna
2615 4899 2669 4944 et
2701 4905 2798 4960 per
2825 4898 3029 4960 petram
3059 4887 3110 4940 in
3137 4885 3317 4940 Veteri
3341 4885 3480 4954 Lege
3507 4899 3647 4952 pra:-

2065 4988 2346 5056 liguratum
2393 4984 2769 5054 descripserat.
2820 4997 2884 5036 ac
2929 4981 3156 5047 dixerat,
3197 4979 3382 5034 Omnes
3420 4975 3645 5031 eantdem

2064 5095 2229 5133 escam
2258 5077 2573 5148 spiritualem
2594 5076 2935 5138 comederunt,
2966 5081 3012 5126 et
3037 5069 3267 5124 eumdem
3298 5077 3467 5138 potum
3494 5066 3648 5135 spiri-

2067 5168 2258 5224 tualem
2279 5167 2548 5229 biberunt;
2576 5165 2770 5235 adjecit
2801 5163 3026 5218 dicens:
3055 5158 3161 5214 Sed
3203 5175 3302 5212 non
3341 5157 3392 5210 in
3422 5153 3649 5224 pluribus

2063 5276 2238 5314 eorum
2279 5258 2646 5328 beneplacitnm
2672 5264 2743 5310 est
2775 5253 2900 5308 Deo.
2949 5252 3073 5306 Post
3105 5258 3184 5304 tot
3210 5243 3459 5316 tantaqn'e
3487 5245 3650 5298 mira-

2065 5354 2206 5418 eota.
2235 5353 2424 5423 inquit,
2457 5367 2562 5404 non
2603 5347 2787 5404 ddexit
2822 5361 2915 5400 eos
2952 5345 3108 5399 Deus.
3159 5341 3264 5396 Sed
3306 5338 3471 5409 quid?
3520 5336 3649 5392 ιντο.

2065 5444 2212 5499 strati
2238 5453 2357 5497 sunt
2397 5443 2449 5494 in
2493 5441 2709 5494 deserto.
2740 5439 2846 5493 Cur
2877 5437 3052 5504 itaque
3089 5434 3203 5487 lucc
3241 5429 3414 5495 nobis.
3463 5428 3649 5493 Paule,

2067 5536 2295 5593 narras?
2331 5533 2450 5588 Ηατ
2479 5543 2645 5587 autent
2689 5531 2741 5584 in
2768 5530 2932 5600 ﬁgura
2963 5531 3098 5599 facta
3125 5533 3243 5578 sunt
3285 5522 3444 5585 nobis,
3472 5531 3523 5574 ut
3551 5536 3652 5575 non

2067 5629 2225 5681 simus
2257 5626 2666 5691 roncupisrentes
2707 5621 2975 5682 malorum,
3025 5619 3153 5671 sicut
3193 5625 3237 5670 et
3267 5615 3342 5669 illi
3384 5614 3652 5681 concupie-

2071 5730 2186 5775 runt
2230 5735 2248 5773 :
2285 5733 2441 5787 neque
2483 5715 2770 5770 idololatra?
2819 5711 3082 5783 efﬁciamur
3107 5749 3122 5777 ,
3172 5710 3297 5764 sicut
3343 5708 3550 5777 quidam
3585 5722 3648 5760 ea;
