4110 6198
495 284 592 340 ξδι

493 401 662 465 ipsis;
699 401 1137 468 quemadmodum
1181 404 1436 472 scriptum
1479 415 1556 460 est
1601 422 1617 460 :
1663 405 1810 461 Sedit
1847 410 2069 478 populus

493 491 826 560 manducare
855 502 904 545 et
949 492 1151 553 bibere,
1196 506 1245 548 et
1291 508 1630 552 surrexerunt
1682 499 1878 554 ludere.
1935 503 2069 558 Vide

491 579 643 634 l‘auli
692 582 1058 652 prudentiam.
1111 585 1250 639 Dixit
1293 600 1613 654 peccatum,
1659 591 1798 644 dixit
1843 607 2064 647 causam

494 678 720 745 peccati,
766 679 898 734 dixit
937 696 1152 752 pmuam
1197 692 1414 754 propter
1453 695 1722 753 peccatum
1765 685 2012 740 inﬂictam
2058 703 2072 740 :

498 765 580 820 his
609 781 706 820 nos
734 769 1004 835 erudiens,
1036 782 1092 825 ut
1116 787 1183 824 ne
1213 773 1330 827 illos
1352 775 1638 828 imitemur.
1669 775 1840 831 Causa
1872 777 2074 846 peccati

496 855 592 909 fuit
619 857 737 925 gula
766 875 779 911 :
817 859 961 912 Sedit
991 861 1212 930 papulas
1253 865 1562 918 manducare
1589 875 1635 918 et
1671 865 1853 919 bibere.
1881 867 2074 920 Pecca-

497 955 629 1010 tum,
663 947 776 1017 ipse
802 949 970 1004 lusus.
1020 951 1222 1008 Deinde
1249 967 1426 1023 pmna,
1458 953 1714 1012 Prostratt'
1750 966 1868 1010 sunt
1907 957 1958 1010 in
1984 957 2073 1011 de-

490 1049 639 1093 serto.
674 1041 868 1096 lterum
910 1059 1056 1108 vero,
1103 1043 1184 1098 Ne
1216 1047 1523 1116 fornicemur
1556 1087 1571 1112 ,
1601 1049 1727 1101 sicut
1752 1049 1956 1118 quidam
1988 1065 2076 1101 eo-

490 1147 604 1184 ru-n
629 1131 866 1200 fornicati
909 1145 1043 1191 sunt.
1074 1136 1171 1191 Hic
1195 1152 1409 1192 causam
1440 1139 1801 1195 fornicationis
1831 1155 1938 1195 non
1975 1156 2076 1210 po-

492 1222 620 1290 suit,
666 1223 761 1278 sed
806 1241 1037 1295 paruam.
1085 1227 1254 1296 Quam
1285 1244 1420 1286 vero
1443 1231 1624 1286 illam?
1653 1230 1949 1287 Ceciderunt
1977 1249 2080 1286 una

495 1313 578 1367 die
623 1315 804 1386 viginti
854 1318 951 1371 tria
990 1319 1171 1372 millia.
1220 1321 1326 1375 Cur
1377 1334 1553 1376 autem
1594 1325 1928 1379 occasionem
1972 1340 2078 1379 non

500 1403 655 1469 dixit,
686 1422 752 1461 ex
798 1423 904 1477 qua
935 1408 1218 1464 foruiealio
1259 1422 1373 1466 orta
1395 1414 1512 1468 est?
1541 1413 1806 1469 Studiosis
1842 1417 2076 1486 reliquit,

497 1505 552 1548 ut
581 1494 860 1551 historiam
889 1498 1118 1566 adirent,
1147 1510 1202 1556 et
1231 1502 1462 1558 radicem
1487 1505 1616 1560 mali
1657 1506 1944 1563 discerent.
1984 1509 2081 1563 llic

495 1596 578 1640 est
607 1587 884 1644 medicinae
911 1591 1121 1657 modus,
1150 1592 1332 1649 dicere
1372 1611 1564 1664 nempe
1603 1598 1744 1652 unde
1791 1611 2082 1655 nascantur

500 1679 694 1744 morbi,
735 1691 792 1735 et
837 1683 1070 1738 remedia
1123 1686 1378 1742 adhibere
1425 1689 1751 1745 vulneribus.
1797 1692 2080 1761 Propterea

497 1774 628 1827 dicit
658 1793 670 1826 :
705 1774 827 1829 Ila'e
865 1787 1030 1830 autem
1065 1780 1235 1832 omnia
1283 1782 1334 1833 in
1376 1783 1543 1851 ﬁgura
1579 1785 1929 1854 contingebant
1957 1786 2080 1849 illis,

498 1866 690 1935 scripta
717 1878 834 1920 sunt
882 1879 1048 1922 autem
1089 1870 1156 1922 ad
1198 1873 1570 1940 correptionem
1617 1887 1862 1928 nostram.
1905 1875 2084 1946 Itaque

502 1957 590 2026 qui
617 1955 742 2012 fecit
773 1957 881 2024 illa,
911 1969 965 2014 et
993 1961 1262 2030 improbos
1290 1964 1430 2018 ultus
1458 1975 1558 2027 est,
1592 1966 1637 2019 is
1672 1963 1788 2035 ipse
1823 1981 1961 2020 nunc
1988 1982 2084 2022 nos

501 2048 772 2116 admonet,
818 2066 922 2106 non
974 2054 1150 2108 verbis
1188 2065 1412 2121 tantum,
1457 2055 1550 2112 sed
1591 2056 1748 2112 rebus
1799 2059 1966 2128 ipsis;
1995 2060 2085 2129 qui

507 2142 770 2195 maximus
800 2152 884 2197 est
909 2143 1290 2200 admonitionis
1317 2147 1523 2202 modus.
1551 2148 1794 2203 Vidistiu'
1819 2150 2087 2218 quomodo

503 2233 572 2288 iis
591 2233 676 2303 qui
707 2235 757 2288 in
788 2237 956 2304 gratia
987 2245 1126 2302 sunt,
1152 2252 1293 2303 eum,
1330 2239 1418 2308 qui
1449 2239 1500 2292 in
1538 2239 1711 2294 Veteri
1743 2239 1845 2294 hoc
1865 2239 2085 2304 fecerat,

503 2324 810 2395 magistrum
839 2326 1145 2393 instituerit,
1175 2329 1466 2384 ostendens
1491 2330 1740 2384 eumdem
1775 2331 1947 2399 ipsum
1969 2346 2090 2386 esse

506 2415 594 2484 qui
618 2423 672 2468 ct
698 2415 784 2470 illa
811 2415 1029 2483 fecerat,
1054 2425 1108 2472 et
1136 2419 1246 2472 huic
1270 2434 1364 2489 per
1383 2421 1555 2488 ipsum
1585 2421 1936 2490 loquebatur?
1958 2422 2088 2476 Nam

506 2507 551 2560 si
578 2507 784 2561 alienus
807 2509 1013 2576 fuisset,
1043 2527 1374 2582 nequaquam
1403 2514 1487 2568 illa
1516 2512 1702 2567 horum
1726 2514 1968 2584 figuram,
1991 2529 2092 2568 nec

508 2595 574 2650 ad
604 2598 997 2666 correptionem
1039 2609 1273 2654 nostram
1317 2617 1378 2656 ea
1419 2603 1614 2672 scripta
1656 2605 1816 2658 fuisse
1846 2603 2089 2670 dixisset,

517 2703 688 2757 neque
716 2690 1027 2759 magistrum
1055 2693 1208 2747 nobis
1236 2694 1569 2762 instituisset,
1597 2710 1753 2764 quem
1785 2711 1889 2750 non
1913 2704 2094 2765 putas-

509 2789 592 2833 set
613 2794 733 2834 esse
764 2780 964 2836 Deum:
994 2797 1167 2852 neque
1197 2783 1263 2836 ab
1294 2784 1377 2849 iis,
1403 2801 1521 2854 qua:
1551 2782 1676 2840 tunc
1699 2784 1838 2841 facta
1860 2785 2089 2851 fuerant,

509 2884 609 2924 nos
663 2873 971 2937 terruisset,
1019 2875 1169 2943 quasi
1210 2875 1261 2928 in
1315 2876 1454 2931 illius
1510 2893 1696 2932 manus
1745 2877 2091 2933 deventuros.

514 2959 663 3016 Nunc
692 2971 868 3016 autem
893 2965 1184 3020 ostendens
1203 2981 1301 3020 nos
1323 2967 1374 3021 in
1403 2967 1543 3024 illius
1569 2983 1757 3022 manus
1783 2968 1977 3022 iterum
1999 2968 2094 3022 de-

514 3051 756 3123 lapsuros
778 3071 895 3112 esse
910 3089 927 3116 ν
949 3069 1106 3129 atque
1125 3070 1405 3132 utrumque
1431 3063 1704 3133 populum,
1734 3062 1877 3116 illum
1902 3077 2096 3133 nempe

1169 290 1226 346 S.
1268 290 1549 348 JOANNIS
1585 294 2068 352 CHRYSOSTOMI
2117 299 2432 360 Al‘tClllEP.
2474 307 3003 368 CONSTANTINOP.

3650 319 3754 375 95‘!

2177 426 2230 470 et
2280 417 2616 488 hodiernum,
2667 424 2807 478 illius
2847 427 3125 494 gubernari
3158 427 3396 498 legibus.
3447 435 3622 488 omnia
3671 437 3757 492 illa

2174 514 2644 579 commemoravit,
2693 529 2755 568 ac
2800 512 2957 580 dixit,
3003 519 3086 571 Ad
3122 531 3346 574 nostram
3399 527 3760 593 correptionem

2174 600 2364 669 scripta
2391 611 2526 655 sunt.
2557 602 2680 658 ch
2713 605 2870 674 igitur
2889 622 3008 661 cum
3037 610 3292 675 sciamus,
3322 621 3375 666 et
3408 615 3689 682 praeteritis
3710 629 3762 671 et

2179 689 2371 746 futuris
2397 693 2698 748 credamus.
2746 696 2802 751 Si
2829 712 2959 752 vero
2999 701 3230 770 qmpiam
3273 704 3399 768 sint,
3446 708 3535 775 qui
3576 707 3763 762 futuris

2182 797 2286 835 non
2315 783 2554 847 credant,
2585 800 2613 838 a
2639 789 2924 854 praeteritis
2953 804 3047 844 cos
3073 792 3137 846 ad
3167 794 3378 849 virtutis
3407 796 3639 850 studium
3665 799 3762 852 deo

2180 873 2457 939 ducamus,
2506 877 2590 930 illa
2637 891 2916 935 narrantes
2955 899 3074 950 quze
3119 884 3409 940 Sodomitis
3435 888 3762 952 acciderunt,

2179 977 2299 1032 qua:
2331 965 2381 1018 in
2409 965 2608 1021 diluvio
2636 968 2786 1034 item,
2815 985 2932 1039 qnzc
2983 972 3033 1025 in
3076 972 3311 1044 Egypto
3337 990 3762 1030 commemoran-

2182 1064 2292 1119 tes;
2322 1063 2377 1108 ut
2401 1055 2626 1110 aliorum
2667 1060 2840 1127 poenis
2871 1060 2936 1114 ad
2974 1063 3247 1136 meliorem
3279 1063 3485 1134 frugem
3536 1067 3760 1128 reducti,

2182 1144 2452 1215 vitamque
2475 1157 2696 1216 agentes
2720 1151 2995 1218 optimam,
3018 1152 3314 1208 doctrinam
3343 1155 3556 1211 demum
3581 1160 3649 1211 de
3675 1172 3764 1227 ge-

2185 1233 2361 1288 henna
2391 1245 2446 1288 et
2475 1236 2543 1292 de
2572 1241 2966 1296 resurrectione
2997 1243 3299 1299 admittant.
3327 1243 3764 1316 Quandoquidem

2183 1333 2236 1377 et
2267 1339 2408 1379 nunc
2432 1328 2520 1395 qui
2540 1327 2798 1395 judicium
2820 1344 2925 1384 non
2951 1331 3195 1398 credunt,
3230 1335 3441 1390 nonnisi
3464 1351 3492 1388 a
3516 1345 3763 1407 corrupta

2183 1417 2288 1469 vita
2311 1425 2366 1471 et
2395 1432 2559 1487 prava
2587 1422 2913 1476 conscientia
2964 1423 3043 1478 sic
3086 1424 3263 1479 affecti
3310 1436 3454 1481 sunt.
3502 1427 3681 1497 Itaque
3720 1429 3764 1482 si

2188 1516 2399 1575 peccata
2430 1507 2694 1576 eluamus,
2724 1521 2776 1565 et
2821 1522 2965 1566 metu
3016 1516 3405 1583 praeteritorum
3433 1532 3529 1571 nos
3555 1516 3766 1572 erudia-

2186 1612 2328 1661 mus.
2360 1599 2518 1653 etiam
2565 1599 2860 1656 doctrinam
2890 1602 2958 1657 de
2996 1602 3186 1658 futuris
3213 1603 3492 1660 admittere
3521 1607 3767 1661 suadebi-

2187 1703 2325 1742 mus.
2359 1689 2814 1755 Quemadmodum
2843 1693 2984 1746 enim
3019 1708 3178 1761 prava
3207 1693 3451 1764 dogmata
3476 1696 3634 1750 vitam
3663 1697 3765 1750 im-

2193 1795 2376 1846 puram
2433 1779 2687 1836 inducere
2739 1781 2932 1846 solent,
2983 1784 3059 1837 sic
3101 1790 3157 1837 et
3202 1794 3447 1854 corrupta
3475 1786 3579 1840 vita
3609 1801 3766 1855 prava

2189 1870 2436 1941 dogmata
2480 1872 2792 1942 plerumque
2841 1875 3062 1943 peperit.
3109 1875 3262 1942 Quod
3302 1891 3369 1931 ue
3406 1878 3676 1946 contingat
3716 1888 3772 1932 et

2193 1961 2348 2015 nobis
2375 1961 2524 2029 ipsis,
2552 1971 2606 2016 et
2625 1963 2763 2027 aliis,
2790 1964 2904 2018 hare
2929 1966 3282 2020 vociferantes
3308 1968 3468 2021 verba
3491 1977 3544 2021 et
3572 1977 3770 2022 rectam

2195 2051 2351 2107 fidem
2389 2067 2683 2118 servemus,
2716 2061 2770 2108 et
2824 2055 2946 2107 vita:
2997 2055 3293 2110 institutum
3335 2059 3592 2126 Optimum
3622 2057 3768 2111 exhi-

2195 2145 2435 2211 beamus,
2485 2145 2911 2215 quandoquidem
2948 2163 2975 2200 a
3018 2147 3171 2200 nobis
3200 2164 3265 2202 ex
3294 2149 3436 2202 omni
3483 2157 3631 2217 parte
3674 2147 3775 2202 de-

2197 2245 2547 2294 monstratum
2587 2245 2688 2301 est,
2718 2237 2833 2292 sine
2874 2239 3036 2307 proba
3065 2237 3168 2291 vita
3210 2239 3408 2292 nullam
3453 2239 3568 2293 lbre
3598 2248 3777 2294 recto-

2195 2344 2313 2382 rum
2353 2327 2662 2398 dogmatum
2691 2329 2991 2384 utilitatem.
3025 2330 3140 2384 Fiat
3170 2339 3347 2385 autem
3377 2331 3624 2398 precibus
3653 2345 3778 2384 san-

2195 2427 2424 2486 ctorum,
2453 2428 2506 2474 et
2535 2420 2818 2488 przesulum
2846 2420 3106 2485 omnium,
3138 2431 3196 2474 ut
3233 2429 3288 2476 et
3315 2431 3458 2475 recta
3502 2420 3776 2489 dogmata,

2197 2525 2318 2579 qua:
2346 2525 2376 2562 a
2402 2509 2694 2577 majoribus
2721 2511 2846 2564 olim
2875 2512 3199 2578 accepimus,
3232 2526 3361 2582 pura
3385 2525 3696 2573 servemus;
3726 2521 3784 2564 et

2200 2601 2360 2654 vitam
2391 2601 2522 2670 ipsis
2547 2611 2928 2671 congruentem
2957 2601 3290 2671 adjiciamus,
3323 2612 3378 2657 ut
3399 2603 3657 2672 promissa
3681 2603 3781 2656 bo-

2202 2707 2267 2744 na
2291 2706 2700 2761 consequamur,
2733 2695 2898 2762 gratia
2929 2701 2984 2748 et
3021 2693 3342 2762 benignitate
3375 2691 3582 2747 Domini
3611 2695 3783 2746 nostri

2197 2784 2327 2840 Jesu
2353 2783 2574 2848 Christi,
2599 2785 2812 2854 quicum
2846 2784 2983 2838 Patri
3021 2785 3282 2854 simulque
3316 2792 3504 2838 sancto
3541 2782 3782 2854 Spiritui.

2199 2879 2392 2949 gloria,
2423 2877 2728 2948 imperium,
2759 2877 2954 2942 honor,
3000 2892 3144 2932 nunc
3167 2885 3220 2932 et
3248 2890 3480 2946 semper,
3519 2875 3648 2930 etin
3679 2887 3787 2927 8:2-

2200 2973 2320 3030 cula
2344 2971 2686 3027 seculorum.
2715 2971 2909 3026 Amen.

1412 3740 1795 3804 MONITUM
1840 3741 1950 3802 AD
2003 3740 2423 3804 HOMILIAM
2461 3740 2542 3804 IN
2584 3742 2852 3817 ILLUD,

591 3925 646 3982 ld
683 3945 848 3984 unum
886 3932 1031 3986 circa
1069 3938 1388 4001 praesentem
1429 3930 1750 3986 concionem
1787 3929 2058 4000 expiscari
2094 3946 2410 4002 possumus,
2447 3931 2645 3985 dictam
2684 3942 2879 3999 nempe
2919 3927 3088 3982 fuisse
3126 3939 3413 3999 postquam
3454 3929 3508 3985 in
3543 3943 3748 4000 praece-

512 4044 662 4102 denti
697 4047 918 4102 homilia
945 4046 1340 4120 Jerosolymam
1367 4047 1710 4104 calamitates
1733 4063 1861 4102 suas
1893 4047 1965 4100 ita
1988 4047 2306 4117 παθητικῶς
2327 4045 2696 4116 deplorantem
2717 4045 3005 4101 induxerat
3025 4045 3464 4116 Chrysostomus,
3483 4052 3542 4098 ut
3561 4042 3752 4111 hujus-

515 4161 657 4217 modi
683 4172 989 4218 acroantate
1016 4163 1273 4218 commoti
1298 4179 1490 4218 ontnes
1521 4164 1612 4233 qui
1638 4163 1884 4230 aderant,
1920 4179 2044 4219 mox
2081 4167 2134 4219 iu
2168 4164 2328 4218 fletus
2355 4175 2410 4217 et
2458 4162 2691 4233 gemitus
2724 4163 2973 4231 erupturi
3010 4172 3214 4226 essent,
3248 4162 3352 4216 nisi
3398 4161 3620 4216 sedandi
3661 4160 3746 4213 lu-

514 4285 634 4330 ctus
659 4291 826 4331 causa
857 4291 1162 4332 sermonem
1191 4277 1299 4330 alio
1333 4276 1700 4330 transtulisset
1725 4283 1928 4328 orator.
1983 4274 2056 4329 De
2093 4291 2238 4329 anno
2285 4281 2466 4327 autem
2502 4272 2585 4326 vel
2631 4282 2970 4342 tempestate,
3008 4273 3243 4341 itemque
3280 4271 3652 4326 Antiocltiame
3683 4288 3750 4325 an

513 4387 984 4459 Constantinopoli
1020 4389 1160 4445 hanc
1208 4390 1458 4444 habuerit
1509 4389 1812 4452 homiliam,
1874 4402 1942 4440 ne
1989 4387 2342 4460 conjectando
2385 4386 2602 4456 quidem
2643 4386 2750 4440 dici
2799 4394 2996 4457 potest.
3039 4383 3163 4440 llaec
3202 4399 3327 4438 vero
3368 4383 3635 4452 praecipue
3667 4383 3754 4436 hic

512 4507 935 4562 demonstranda
981 4509 1250 4578 suscipit:
1303 4522 1496 4562 vocem
1542 4505 1624 4559 δεῖ
1671 4521 1769 4561 seu
1831 4515 2032 4574 oportet
2081 4505 2171 4560 hic
2213 4521 2320 4559 non
2370 4503 2728 4575 praecipientis
2775 4512 2868 4558 aut
2899 4503 3232 4558 consulentis
3278 4517 3419 4566 esse,
3445 4503 3538 4558 sed
3571 4502 3752 4557 futura

515 4625 950 4693 praenuntiantis,
972 4625 1431 4695 quemadmodum
1464 4634 1517 4682 et
1552 4624 1608 4680 in
1639 4624 1760 4680 aliis
1792 4639 1901 4680 non
1932 4623 2119 4694 paucis
2154 4621 2452 4693 Scriptura
2479 4622 2615 4678 locis
2655 4623 3014 4689 observatur;
3053 4622 3293 4692 itemque
3323 4621 3577 4686 haereses,
3609 4635 3752 4691 quas

1364 5168 1474 5240 IN
1511 5168 1939 5239 DICTUM
1986 5167 2301 5236 ILLUD
2340 5166 2886 5252 APOSTOLI,

487 5335 775 5380 oronrer
819 5337 897 5379 ET
942 5337 1234 5380 assumes
1280 5337 1426 5381 esse
1458 5335 1522 5379 tu
1567 5335 1770 5390 voms,
1816 5335 1900 5378 υτ
1929 5334 2035 5386 QUI
2068 5333 2334 5376 pnonm
2379 5335 2558 5389 sum,
2591 5333 2929 5376 MANIFESTI
2976 5332 3167 5376 sum
3215 5311 3282 5392 (ι.
3311 5311 3461 5372 Cor.
3509 5309 3605 5368 Η.
3643 5307 3768 5384 19).

561 5551 612 5604 l.
653 5548 793 5602 Satis
829 5563 1000 5617 nuper
1043 5545 1145 5601 hoc
1189 5546 1463 5614 Spiritualc
1505 5545 1773 5600 theatrum
1821 5545 2082 5609 incaluit,

493 5657 614 5696 cum
642 5641 1032 5711 .lcrosolymam
1071 5640 1314 5694 oratione
1357 5639 1508 5693 vobis
1551 5639 1852 5693 iuducerem
1884 5649 1937 5693 et
1965 5639 2080 5706 ιιιοο

493 5738 696 5783 rantem
722 5770 736 5790 ,
764 5739 817 5784 et
857 5731 1096 5799 proprias
1136 5730 1466 5786 calamitates
1501 5731 1922 5784 anuuntiantem.
1956 5731 2072 5784 Vidi

2195 5545 2336 5599 enim
2363 5542 2550 5596 oculos
2593 5549 2799 5594 vestros
2840 5539 3191 5608 lacrymarum
3222 5533 3434 5589 ﬂutnina
3464 5529 3721 5602 parturire
3755 5543 3770 5580 :

2190 5637 2295 5690 vidi
2337 5652 2400 5690 ex
2441 5635 2636 5690 affectu
2673 5643 2854 5686 vestro
2893 5629 3217 5700 singulorum
3254 5628 3459 5681 animos
3489 5621 3772 5694 gemitibus

2181 5729 2423 5798 oppletos
2444 5736 2600 5797 atque
2627 5724 2885 5780 turbatos.
2920 5722 3044 5778 Ideo
3070 5721 3252 5776 statim
3272 5728 3430 5788 atque
3456 5715 3506 5771 id
3533 5712 3762 5769 animad-
