4110 6198
364 357 462 414 251

363 470 664 562 λολάτρας
712 471 998 562 γίνεσθαι,
1033 476 1226 543 καθώς
1277 496 1436 546 τινες
1475 479 1694 546 αὐτῶν,
1736 480 1937 550 ὥσπερ

367 554 708 624 γέτιοιιπτὰι·
752 556 1059 612 Ἐκάθισεν
1099 563 1132 614 ὁ
1171 561 1321 628 λαὸς
1367 563 1580 632 φαγεῖν
1617 563 1718 618 καὶ
1760 563 1936 630 πιεῖν,

364 638 463 691 καὶ
503 638 852 706 ἀνέστησαν
900 640 1147 702 παίζειν.
1211 645 1351 716 Ὅρα
1405 646 1499 699 τοῦ
1565 647 1778 700 Παύλου
1840 648 1938 717 τὴν

366 718 602 801 σύνεσιν.
619 717 749 776 Εῖπε
766 723 861 793 τὴν
880 725 1172 795 ἁμαρτίαν,
1190 722 1312 781 εἷπε
1336 728 1433 801 τὴν
1455 730 1631 784 αἰτίαν
1646 731 1743 801 τῆς
1763 732 1938 801 ἀμαρ-

364 801 506 865 τίας,
535 800 655 858 εἷπε
676 803 772 876 τὴν
811 807 1028 861 κόλασιν
1056 809 1152 880 τὴν
1185 810 1278 864 ἐπὶ
1300 815 1365 882 τῇ
1393 800 1657 884 ἁμαρτίᾳ,
1685 800 1772 866 διὰ
1805 800 1941 866 πάν-

366 900 474 936 των
503 886 650 956 ἡμᾶς
701 886 969 942 παιδεύων
1008 892 1231 960 φεύγειν
1282 894 1380 964 τὴν
1425 895 1645 948 ἐκείνων
1687 895 1935 966 μίμησιν.

367 966 526 1020 Αίτία
571 970 672 1038 τῆς
716 969 989 1042 ἁμαρτίας
1031 975 1064 1044 ἡ
1101 971 1405 1046 ἀδηφαγία·
1451 976 1724 1030 Ἐκάθισε
1770 977 1879 1046 γὰρ
1909 979 1941 1029 ό

366 1049 517 1130 λαὸς
539 1051 751 1120 φαγεῖν
771 1053 868 1107 καὶ
891 1055 1067 1109 πιεῖν.
1085 1059 1148 1110 Ἦ
1171 1059 1440 1130 ἁμαρτία,
1465 1060 1596 1113 αὐτὸ
1620 1060 1680 1112 τὸ
1707 1060 1936 1124 παίζειν.

368 1127 501 1184 Εἶτα
530 1135 563 1204 ἡ
594 1135 849 1206 τιμωρία,
879 1137 958 1191 ὅτι
979 1127 1490 1209 Κατεστρώθησαν
1515 1143 1586 1196 ἐν
1621 1143 1695 1211 τῇ
1723 1143 1938 1211 ἐρήμῳ.

369 1215 560 1280 Πάλιν,
620 1216 788 1284 Μηδὲ
838 1224 1249 1292 πορνεύωμεν,
1301 1227 1494 1291 καθώς
1543 1243 1700 1291 τινες
1745 1224 1942 1279 αὐτῶν

369 1296 767 1366 ἐπόρνευσαν.
814 1302 1075 1358 Ἐνταῦθα
1101 1305 1198 1376 τὴν
1228 1307 1404 1360 αἰτίαν
1433 1309 1530 1378 τῆς
1565 1307 1817 1379 πορνείας
1844 1307 1943 1360 οὐκ

371 1378 588 1449 ἔθηκεν,
627 1383 762 1436 ἀλλὰ
793 1384 892 1454 τὴν
919 1389 1207 1460 τιμωρίαν.
1233 1390 1398 1442 Ποίαν
1427 1390 1483 1443 δέ
1507 1378 1741 1461 ταύτην;
1777 1391 1944 1443 Ἔπε-

372 1477 490 1515 σον
515 1464 584 1517 ἐν
605 1463 714 1533 μιᾷ
757 1467 947 1535 ἡμέρᾳ.
992 1471 1340 1538 εἰκοσιτρεῖς
1384 1471 1668 1540 χιλιάδες.
1700 1472 1854 1535 Τίνος
1888 1473 1943 1524 δέ

372 1544 534 1598 ἕνεκα
557 1544 659 1616 τὴν
699 1549 967 1618 πρόφασιν
1001 1552 1098 1605 οὐκ
1121 1549 1294 1615 εἶπεν,
1321 1554 1413 1622 ἀφ’
1442 1548 1508 1624 ἦς
1545 1555 1578 1624 ἡ
1605 1554 1827 1626 πορνεία
1852 1555 1945 1622 γέ-

372 1643 532 1693 γονε;
567 1630 691 1693 Τοῖς
710 1632 1014 1700 φιλοπόνοις
1044 1635 1218 1699 διδοὺς
1245 1638 1335 1689 ἐπὶ
1360 1637 1457 1705 τὴν
1485 1637 1722 1708 ἱστορίαν
1750 1637 1940 1701 ἐλθεῖν,

373 1710 468 1763 καὶ
504 1711 694 1782 μαθεῖν
725 1713 819 1766 τοῦ
843 1714 1014 1769 κακοῦ
1044 1718 1143 1788 τὴν
1176 1718 1350 1790 ῥίζαν.
1375 1713 1541 1781 Οὗτος
1568 1718 1674 1790 γὰρ
1705 1719 1944 1790 ἰατρείας

372 1792 593 1865 τρόπος,
628 1793 688 1848 τὸ
733 1796 911 1866 λέγειν
945 1797 1004 1862 ἐξ
1037 1793 1110 1853 ῶν
1143 1801 1388 1853 τίκτεται
1420 1800 1489 1852 τὰ
1518 1802 1817 1869 νοσήματα,
1851 1801 1944 1853 καὶ

374 1877 640 1947 φάρμακα
671 1879 964 1933 ἐπιτιθέναι
994 1883 1106 1944 τοῖς
1139 1882 1435 1953 τραύμασι.
1463 1880 1562 1933 Διὰ
1592 1881 1748 1933 τοῦτό
1777 1899 1908 1951 φησι
1927 1898 1942 1911 ο

379 1961 570 2015 Ὶαῦτιι
615 1960 682 2014 δὲ
737 1962 934 2016 πάντα
981 1965 1154 2017 τύποι
1197 1965 1560 2018 συνέϐαινον
1593 1975 1616 2002 δ
1667 1963 1940 2028 ἐκεινοις.

373 2042 600 2112 ἐγράφη
634 2045 702 2097 δὲ
730 2045 878 2112 πρὸς
907 2047 1230 2102 νουθεσίαν
1260 2043 1449 2115 ἡμῶν.
1477 2047 1637 2098 Ὥστε
1663 2047 1691 2098 6
1717 2047 1945 2115 ποιήσας

373 2125 577 2189 ἐκεῖνα,
628 2128 722 2179 καὶ
770 2128 1004 2191 κολάσας
1047 2130 1172 2192 τοὺς
1221 2130 1732 2199 ἀγνωμονήσαντας,
1793 2123 1943 2192 οὗτος

373 2211 522 2278 ἡμᾶς
560 2211 799 2262 νουθετεῖ
831 2210 948 2273 νῦν,
973 2211 1034 2264 οὗ
1071 2211 1159 2264 διὰ
1189 2211 1448 2280 ῥημάτων
1489 2211 1668 2281 μόνον,
1693 2209 1827 2262 ἀλλὰ
1853 2212 1946 2262 καὶ

373 2291 440 2343 δι’
473 2293 652 2346 αὐτῶν
687 2295 794 2346 τῶν
833 2295 1192 2364 πραγμάτων,
1218 2296 1354 2366 ὅπερ
1382 2294 1636 2364 μέγιστός
1675 2297 1789 2346 ἐστι
1825 2311 1938 2346 νου-

371 2377 563 2440 θεσίας
603 2379 822 2448 τρόπος.
858 2375 1012 2442 Εἶδες
1040 2379 1156 2442 πῶς
1181 2383 1294 2443 τοῖς
1331 2383 1387 2432 ἐν
1437 2383 1500 2450 τῇ
1533 2379 1717 2449 χάριτι
1761 2379 1850 2432 τὸν
1889 2382 1946 2433 ἐν

373 2467 440 2534 τῇ
471 2464 684 2535 Παλαιᾷ
725 2465 899 2520 ταῦτα
947 2469 1247 2536 ποιήσαντα
1287 2465 1603 2518 διδάσκαλον
1655 2465 1942 2536 ἐπέστησε,

373 2547 590 2608 δεικνὺς
620 2548 700 2600 ὅτι
730 2543 808 2612 εἷς
848 2552 962 2601 ἐστι
995 2550 1087 2602 καὶ
1118 2550 1147 2600 6
1173 2548 1354 2611 αὐτὸς,
1383 2551 1412 2602 6
1449 2549 1544 2601 καὶ
1577 2548 1759 2602 ἐκεῖνα
1789 2550 1946 2620 ποιή-

378 2647 497 2692 σας,
526 2630 812 2684 καὶταῦτα
849 2631 915 2684 δι’
950 2631 1114 2684 αὐτοῦ
1143 2630 1512 2700 φθεγγόμενος
1532 2648 1546 2696 ;
1570 2632 1633 2684 El
1658 2630 1766 2702 γὰρ
1795 2631 1949 2685 ἀλλό-

377 2730 523 2783 τριος
546 2709 633 2786 ἦν,
657 2715 756 2766 οὐκ
788 2715 968 2767 ἐκεῖνα
995 2713 1201 2767 τούτων
1223 2715 1424 2777 τύπους
1453 2713 1729 2778 ἐκάλεσεν,
1760 2714 1860 2768 οὐκ
1881 2714 1947 2768 ἂν

378 2797 459 2858 είς
499 2796 776 2850 νουθεσίαν
803 2797 958 2867 ἡμῶν
996 2796 1133 2851 αὐτὰ
1170 2797 1476 2867 γεγράφθαι
1521 2793 1694 2860 εἶπεν,
1744 2799 1845 2852 οὐκ
1882 2799 1948 2852 ἂν

378 2876 696 2930 διδάσκαλον
736 2879 866 2948 ἡμῖν
908 2879 1228 2948 ἐπέστησεν,
1276 2879 1334 2932 ὃν
1373 2881 1473 2933 οὐκ
1524 2879 1770 2950 ἐνόμιζεν
1811 2877 1946 2932 εἶναι

375 2959 531 3026 Θεὸν,
571 2963 670 3014 οὐκ
708 2960 775 3014 ἂν
808 2961 913 3014 ἀπὸ
946 2962 1052 3014 τῶν
1093 2962 1183 3014 ὑπ’
1231 2963 1440 3015 ἐκείνου
1481 2963 1787 3031 γενομένων
1826 2962 1946 3014 τότε

380 3043 526 3113 ἡμᾶς
542 3043 825 3112 ἐφόϐησεν,
846 3043 921 3106 ὡς
938 3042 1088 3115 [259]
1107 3044 1184 3104 είς
1206 3043 1304 3106 τάς
1321 3043 1526 3096 ἐκείνου
1544 3043 1704 3096 πάλιν
1724 3043 1944 3113 μέλλον-

378 3143 476 3189 τας
513 3128 804 3197 ἐμπίπτειν
845 3130 1048 3197 χεῖρας.
1080 3125 1194 3178 Νῦν
1235 3125 1290 3178 δέ
1335 3126 1564 3187 δεικνὺς,
1599 3126 1678 3178 ὅτι
1729 3127 1808 3188 είς
1849 3125 1947 3190 τὰς

379 3208 590 3262 ἐκείνου
625 3209 890 3280 μέλλομεν
910 3208 1202 3278 ἐμπίπτειν
1225 3207 1386 3262 πάλιν
1412 3210 1617 3278 χεῖρας,
1643 3208 1737 3260 καὶ
1758 3208 1947 3262 ἑκάτε-

341 3322 345 3325 ·
444 3312 473 3340 ⁸
495 3309 595 3359 Alii
615 3310 767 3359 πάντα
792 3310 930 3358 τύποι
955 3311 1241 3358 συνέϐαινον.
1264 3307 1317 3356 In
1342 3307 1452 3358 aliis
1474 3308 1610 3357 τύποι
1631 3310 1792 3359 deest.

1211 377 1284 435 ΙΝ
1323 376 1575 438 ῡΙΟΤυΜ
1609 379 1835 447 PAULI,
1867 375 2190 437 OPORTET
2231 380 2570 439 ILERESES
2612 379 2805 438 ESSE.

3501 369 3607 427 253

2045 501 2134 554 ρος
2155 485 2185 538 6
2215 484 2623 549 λαὸς,κάκεῖνος
2645 485 2739 537 καὶ
2765 477 2938 547 οὗτος,
2973 484 3084 545 τοῖς
3117 479 3323 534 ἐκείνου
3352 479 3609 534 διοικοῦν-

2040 583 2129 618 ται
2181 566 2383 636 νόμοις,
2420 566 2692 634 ἀνέμνησε
2748 565 2963 618 πάντων
3005 564 3246 626 ἐκείνων,
3284 564 3376 616 καὶ
3433 560 3606 629 εἶπεν,

2042 649 2123 700 ὅτι
2155 648 2302 715 Πρός
2330 647 2652 701 νουθεσίαν
2684 645 2853 714 ἡμῶν
2877 647 3124 715 ἐτράφη.
3160 645 3341 698 Ταῦτα
3365 641 3456 700 οῦν
3485 646 3610 699 εἰδό-

2041 747 2150 793 τες,
2180 734 2292 792 τοῖς
2325 747 2384 782 τε
2427 728 2772 800 παρελθοῦσι,
2801 732 2914 792 τοῖς
2948 746 3006 780 τε
3051 727 3300 799 μέλλουσι
3342 728 3609 781 πιστεύω-

2045 831 2164 883 μεν.
2199 813 2297 865 “Av
2325 813 2380 865 δέ
2408 829 2550 874 τινες
2576 805 2708 864 ὦσιν
2730 813 2782 863 οἱ
2805 814 2917 876 τοῖς
2947 812 3226 882 μέλλουσιν
3248 812 3306 864 ού
3334 812 3613 864 πιστεύον-

2041 912 2150 958 τες,
2183 895 2290 948 ἁπδ
2321 895 2429 947 τῶν
2469 893 2841 964 παρελθόντων
2872 895 3066 957 αὐτοὺς
3091 895 3371 964 ὲνάγωμεν
3405 896 3482 958 είς
3511 895 3609 966 τὴν

2040 977 2140 1046 τῆς
2188 977 2388 1047 ἀρετῆς
2431 976 2743 1046 ἐπιμέλειαν
2779 976 2849 1028 τὰ
2871 975 3012 1029 κατὰ
3035 977 3161 1040 τοὺς
3205 976 3493 1045 Σοδομίτας
3530 977 3610 1030 δι-

2041 1058 2350 1129 ηγούμενοι,
2393 1057 2463 1110 τὰ
2507 1059 2646 1110 κατὰ
2667 1058 2758 1110 τὸν
2808 1057 3190 1127 κατακλυσμὸν
3229 1057 3495 1125 λέγοντες,
3543 1059 3612 1110 τὰ

2043 1143 2182 1195 κατά
2213 1141 2241 1180 ι’
2275 1142 2373 1212 τὴν
2393 1140 2663 1207 Αἴγυπτον
2693 1141 3216 1211 ἀναμιμνήσκοντες,
3247 1139 3334 1192 ἵνα
3361 1144 3480 1203 ταῖς
3507 1141 3612 1192 ἐτέο

2041 1243 2153 1295 ρων
2189 1223 2642 1295 σωφρονισθέντες
2667 1223 2940 1287 κολάσεσι,
2973 1223 3066 1275 καὶ⁵
3103 1221 3214 1291 βίον
3247 1221 3468 1292 ἄριστον
3494 1224 3613 1274 ἐπι-

2042 1306 2364 1376 δειξάμενοι,
2415 1305 2624 1358 καὶτὸν
2651 1307 2776 1376 περὶ
2807 1306 2905 1375 τῆς
2945 1305 3168 1374 γεέννης
3207 1303 3299 1357 καὶ
3339 1305 3438 1373 τῆς
3479 1305 3612 1357 ἀνα-

2047 1391 2283 1452 στάσεως
2312 1389 2565 1454 δέξωνται
2598 1387 2773 1456 λόγον.
2820 1388 2972 1440 Ἐπεὶ
3003 1389 3096 1441 καὶ
3126 1386 3220 1439 νῦν
3241 1385 3362 1440 ’ὅσοι
3389 1390 3453 1458 τῇ
3496 1387 3614 1456 κρί-

2047 1489 2128 1524 σει
2156 1470 2543 1532 διαπιστοῦσιν,
2573 1471 2869 1541 οὐδαμόθεν
2902 1470 3184 1542 ἑτέρωθεν,
3213 1470 3325 1522 ἀλλ’
3357 1470 3465 1522 ἀπὸ
3497 1469 3612 1538 βίου

2044 1555 2434 1624 διεφθαρμένου
2472 1554 2566 1604 καὶ
2598 1553 2835 1623 πονηροῦ
2867 1552 3161 1615 συνειδότος
3192 1552 3349 1604 τοῦτο
3378 1552 3615 1621 πάσχου-

2048 1653 2150 1689 σιν.
2187 1637 2349 1689 ’Ὠστε
2376 1636 2470 1689 ἐὰν
2516 1634 2909 1705 ἐκκαθάρωμεν
2937 1635 3143 1687 ἑαυτῶν
3176 1634 3273 1696 τὰς
3320 1635 3611 1704 ἁμαρτίας,

2043 1720 2140 1772 καὶ
2177 1719 2276 1788 τῷ·
2302 1719 2452 1788 φόϐῳ
2510 1717 2619 1769 τῶν
2668 1716 3040 1786 παρελθόντων
3084 1716 3476 1786 παιδεύσωμεν,
3524 1718 3614 1770 καὶ

2048 1805 2176 1872 περὶ
2207 1803 2313 1855 τῶν
2339 1801 2634 1871 μελλόντων
2651 1800 2909 1870 πείσομεν
2927 1798 3177 1863 δέξασθαι
3199 1799 3372 1866 λόγον.
3405 1800 3614 1871 Ὠσπερ
3647 1868 3660 1874 Ἰ

2047 1884 2154 1953 γὰρ
2177 1883 2420 1954 δόγματα
2442 1883 2650 1952 πονηρά
2673 1882 2785 1952 βίον
2814 1882 3119 1954 ἀκάθαρτον
3145 1883 3381 1951 εἰσάγειν
3403 1882 3611 1944 είωθεν,
3661 1875 3663 1877 ’

2043 1965 2188 2018 οὕτω
2221 1967 2314 2018 καὶ
2334 1964 2722 2035 διεφθαρμένος
2750 1964 2862 2033 βίος
2895 1965 3158 2034 πονηρίαν
3180 1964 3460 2034 δογμάτων
3490 1963 3617 2016 πολ-

2045 2047 2203 2111 λάκις
2241 2048 2443 2101 ἔτεκεν.
2481 2048 2656 2113 Ὅπερ
2702 2047 2788 2100 ἵνα
2828 2046 2901 2117 μὴ
2939 2045 3185 2115 γένηται,
3222 2048 3315 2099 καὶ
3351 2047 3478 2117 ἡμῖν
3514 2047 3612 2100 αὐ·-

2045 2134 2178 2196 τοίς,
2207 2132 2300 2185 καὶ
2329 2133 2436 2195 τοῖς
2462 2130 2640 2194 ἄλλοις
2661 2131 2832 2184 ταῦτα
2862 2129 3254 2200 κατεπᾴδοντες
3277 2128 3344 2181 τά
3379 2130 3612 2198 ῥήματα,

2046 2215 2146 2285 τήν
2177 2231 2236 2267 τε
2277 2213 2440 2285 ὀρθὴν
2471 2214 2652 2265 πίστιν
2680 2212 3018 2282 διαμένωμεν
3067 2211 3300 2281 ἔχοντες,
3335 2212 3429 2262 καὶ
3461 2211 3614 2263 πολι-

2046 2297 2194 2350 τείαν
2220 2296 2447 2367 ἀρίστην
2475 2294 2886 2365 ἐπιδειξώμεθα,
2910 2292 3096 2364 ἐπειδὴ
3131 2291 3463 2361 πανταχόθεν
3485 2293 3617 2362 ἡμῖν

2047 2383 2076 2434 6
2112 2379 2266 2448 λόγος
2315 2376 2612 2442 ἀπέδειξεν,
2641 2379 2722 2431 ὅτι
2771 2377 2973 2449 ταύτης
3021 2377 3189 2447 χωρὶς
3233 2375 3382 2428 οὐδὲν
3424 2373 3616 2442 ὄφελος

2046 2464 2179 2533 ἡμῖν
2200 2459 2374 2531 ὀρθῶν
2399 2461 2703 2531 δογμάτων.
2738 2460 2952 2514 Γένοιτο
2989 2459 3046 2513 δὲ
3077 2459 3260 2528 εὐχαῖς
3290 2457 3397 2508 τῶν
3422 2456 3613 2524 ἁγίων,

2048 2546 2144 2599 καὶ
2187 2544 2294 2596 τῶν
2337 2544 2611 2615 προέδρων
2649 2543 2920 2607 ἁπάντων,
2967 2542 3066 2611 τήν
3101 2557 3160 2592 τε
3204 2537 3469 2609 ὀρθότητα
3505 2537 3616 2590 τῶν

2047 2627 2352 2696 δογμάτων,
2377 2627 2444 2695 ἣν
2471 2625 2676 2679 ἄνωθεν
2701 2626 2794 2677 καὶ
2822 2627 2886 2677 ἐκ
2910 2623 3186 2695 προγόνων
3210 2620 3614 2692 παρελάϐομεν,

2049 2709 2302 2779 ἀκέραιον
2318 2708 2661 2779 διατηρῆσαι,
2678 2708 2768 2761 καὶ
2788 2707 2899 2778 βίον
2925 2709 3060 2778 αὐτῇ
3077 2724 3137 2759 συ
3146 2705 3436 2776 μόαίνοντα
3454 2719 3615 2774 προσ-

2048 2791 2238 2857 θεῖναι,
2264 2793 2350 2845 ἵνα
2393 2790 2502 2844 τῶν
2535 2791 2956 2862 ἐπηγγελμένων
3006 2789 3223 2858 ἀγαθῶν
3253 2786 3613 2856 ὲπιτύχωμεν,

2049 2874 2232 2944 χάριτι
2289 2874 2382 2926 καὶ
2430 2874 2804 2944 φιλανθρωπίᾳ
2843 2872 2937 2926 τοῦ
2988 2871 3192 2942 Κυρίου
3243 2869 3400 2940 ἡμῶν
3441 2866 3616 2938 Ἰησοῦ

2053 2954 2311 3027 Χριστοῦ,
2349 2955 2465 3027 μεθ’
2489 2950 2549 3008 οὗ
2577 2954 2656 3024 τῷ
2682 2956 2877 3026 Πατρὶ,
2905 2954 3021 3026 ἅμα
3043 2955 3121 3026 τῷ
3149 2955 3288 3024 ἁγίῳ
3317 2952 3615 3024 Πνεύματι,

2052 3039 2199 3106 δόξα,
2226 3040 2444 3110 κράτος,
2469 3040 2623 3110 τιμὴ,
2653 3039 2748 3094 νῦν
2779 3041 2872 3094 καὶ
2905 3039 3014 3103 ἀεὶ,
3045 3039 3136 3092 καὶ
3157 3039 3236 3101 εἰς
3260 3038 3386 3101 τοὺς
3419 3039 3619 3102 αίῶνας

2052 3122 2162 3176 τῶν
2185 3122 2412 3176 αίὼνων.
2456 3122 2647 3192 Ἀμήν.

2115 3306 2149 3350 δ
2182 3305 2282 3359 Alii
2297 3309 2392 3356 τῶν
2410 3305 2550 3356 κατᾶ.

391 3465 3607 3504 W

1152 3798 1530 3863 OPORTET
1587 3798 1970 3861 HERESES
2010 3799 2201 3861 ESSE
2248 3799 2328 3860 ΙΝ
2385 3793 2654 3870 VOBlS,
2698 3811 2838 3857 mc.

384 4021 490 4077 hoc
515 4022 634 4078 loco
665 4019 865 4077 Paulus
897 4031 1311 4083 commemorat.
1335 4037 1441 4077 non
1479 4021 1707 4076 dissidia
1735 4021 1882 4076 circa
1922 4021 2080 4076 ﬁdem
2108 4028 2163 4074 et
2199 4019 2451 4087 dogmata
2493 4017 2768 4084 indicare;
2819 4018 2913 4074 sed
2957 4017 3245 4073 Setssurus
3279 4015 3401 4070 illas
3422 4057 3435 4081 ,
3470 4019 3626 4088 queis

386 4137 439 4190 in
463 4137 738 4192 communi
776 4152 840 4192 ac
863 4137 1143 4195 Dominica
1174 4153 1363 4194 mensa
1409 4138 1610 4195 divites
1647 4154 1770 4195 sese
1807 4154 1836 4194 a
1882 4137 2213 4210 pauperibus
2249 4138 2701 4206 sequestrabant,
2736 4147 2798 4192 ut
2835 4139 3065 4194 seorsim
3106 4139 3286 4195 cibum
3325 4147 3623 4201 sumerem,

385 4247 442 4302 in
493 4263 635 4318 quos
685 4249 806 4306 ideo
858 4251 1133 4306 invehitur
1166 4251 1480 4322 Apostolus.
1528 4248 1758 4305 Demum
1812 4257 2100 4320 postquam
2154 4249 2576 4318 Chrysostomus
2630 4249 2822 4317 priscae
2883 4248 3134 4304 Ecclesiae
3207 4248 3510 4303 mirabilem
3565 4246 3623 4303 in

386 4375 575 4416 mensa
601 4365 877 4419 communi
904 4365 1070 4420 ritum
1109 4363 1364 4435 graphice
1397 4362 1710 4432 descripsit,
1744 4369 1800 4417 et
1843 4361 1911 4417 ad
1952 4376 2252 4433 pauperum
2299 4360 2704 4432 suscipiendam
2750 4375 2940 4416 curam
2975 4362 3224 4416 hortatus
3269 4367 3388 4424 est,
3423 4358 3628 4413 oratio-

389 4492 512 4530 nem
541 4479 768 4535 claudit.

465 4611 656 4672 Incerti
681 4616 1181 4688 interpretationem
1209 4617 1480 4683 Latinam,
1519 4624 1704 4687 utpote
1728 4629 2200 4688 non‘accuratam,
2227 4619 2542 4690 rejecimus.
2578 4631 2884 4689 novamque
2909 4617 3317 4674 adornavimus.

458 4949 3631 4978 —.—__.-.—_—_———————————t—L————_———-_—__—_——__..___—_

1111 5078 1260 5152 βω)
1303 5091 1475 5177 ΕΙΣ
1519 5091 1668 5174 ΤΟ
1720 5087 2529 5178 ΑΠΟΣΤΟΛΙΚΟΝ
2590 5094 2959 5180 ΙἪΤΟΝ

699 5254 775 5312 τὸ
804 5255 1013 5327 λέγων
1061 5274 1080 5307 ι
1118 5254 1218 5309 Δεῖ
1238 5253 1306 5310 δὲ
1335 5254 1431 5307 καὶ
1460 5253 1721 5326 αἱρέσεις
1744 5247 1895 5307 εἶναι
1922 5253 1994 5305 ἐν
2023 5251 2187 5321 ὑμῖν,
2213 5254 2312 5307 ἵνα
2343 5259 2398 5310 οι
2429 5255 2657 5326 δόκιμοι
2691 5259 2933 5327 φανεροί
2973 5259 3275 5329 γένωνται.
3317 5277 3337 5312 ι

465 5486 767 5551 α’.⁹1κανῶς
791 5484 982 5559 πρώην
1000 5487 1133 5557 ἡμῖν
1149 5482 1506 5558 διεθερμάνθη
1531 5484 1586 5539 τὸ
1603 5487 1968 5557 πνευματικὸν
2076 5490 2380 5561 συμφοράς.
2417 5489 2527 5544 Καὶ
2555 5492 2663 5562 γὰρ
2690 5488 2827 5544 εἶδον
2854 5491 3005 5562 ὑμῶν
3029 5493 3152 5556 τοὺς
3189 5492 3500 5562 ὀφθαλμοὺς
3518 5493 3642 5548 τότε

389 5571 553 5625 τοῦτο
593 5570 840 5641 θέατρον,
863 5571 952 5624 ὅτε
996 5567 1094 5640 τὴν
1132 5567 1485 5640 Ἰερουσαλὴμ
1521 5569 1812 5641 είσήγαγον
1841 5571 1966 5641 ὑμῖν
2070 5570 2356 5637 ὼδίνοντας
2387 5573 2569 5643 πηγὰς
2602 5573 2816 5642 ἀφιέναι
2837 5573 3115 5644 δακρύων·
3142 5571 3301 5640 εἶδον,
3327 5575 3384 5644 ἐξ
3414 5567 3490 5631 ὧν
3515 5578 3639 5632 ἐπα-

392 5648 647 5724 τῷλόγῳ
677 5651 996 5725 θρηνοῦσαν,
1027 5651 1123 5706 καὶ
1147 5650 1245 5717 τὰς
1290 5651 1497 5717 οἰκείας
1541 5648 1967 5722 ἐξαγγέλλουσαν
2073 5672 2220 5727 σχον,
2244 5655 2344 5728 τὴν
2379 5655 2608 5712 ἑκάστου
2638 5654 2874 5712 διάνοιαν
2899 5654 3222 5731 ὀλοφυρμῶν
3247 5658 3522 5728 γέμουσαν
3548 5657 3640 5715 καὶ

729 5771 995 5828 Parum“
1031 5771 1147 5829 Cu.
1191 5771 1288 5830 LI.

2902 5838 2908 5842 π
3234 5767 3308 5829 16
