4110 6198
371 365 476 420 253

1141 368 1214 426 1N
1253 368 1502 428 DICTUM
1542 367 1764 435 PAULI,
1805 369 2125 428 OPORTET
2155 371 2492 430 ilAZRESES
2530 372 2712 429 ESSE.

3535 381 3644 437 εει

372 479 554 550 verti,
583 481 894 556 tragmdiam
928 484 1071 540 illam
1103 483 1279 540 sedavi
1302 525 1323 550 ,
1353 498 1656 540 sermonem
1682 485 1748 541 de
1778 487 1954 544 medio
2056 491 2206 546 deant
2231 533 2243 554 ,
2273 499 2319 544 et
2347 489 2618 560 quivident
2641 529 2655 554 ,
2681 489 2801 543 ca’ci
2829 489 2956 559 ﬁant
2976 493 2993 561 (
3014 489 3170 545 Joau.
3197 491 3251 548 9.
3277 491 3346 549 39
3369 493 3409 563 ).
3437 494 3644 564 Ergone

374 573 662 642 transtuli,
701 573 991 647 ﬂetumque
1036 577 1184 632 illum
1230 593 1298 633 ex
1335 577 1666 647 singulorum
1707 578 1954 638 cordibus
2057 595 2119 636 ea
2159 580 2226 636 de
2279 595 2437 635 causa
2479 579 2661 642 venit,
2705 589 2762 634 ut
2800 579 2873 634 illi
2914 581 3040 636 caeci
3079 581 3310 637 tierent?
3347 581 3462 637 Non
3499 592 3646 639 certe

369 673 687 738 erupturum
726 669 956 724 coercui.
1005 669 1196 724 Anima
1239 670 1438 741 quippe
1480 671 1623 726 luctu
1657 680 1910 741 occupata
1936 714 1951 738 ,

372 757 508 812 nihil
531 773 720 813 sanum
742 759 826 814 vel
855 759 1034 816 dicere
1072 760 1156 816 vel
1193 760 1377 816 audire
1403 762 1569 817 valet.
1615 763 1684 816 At
1717 777 1812 816 cur
1853 761 1956 817 hoc

273 913 280 918 ,
375 865 521 906 nunc
557 850 710 906 vobis
747 850 805 905 in
839 852 1155 908 memoriam
1202 853 1490 908 revocavi?
1516 853 1649 922 Quia
1689 869 1751 909 ea
1775 893 1790 916 ,
1837 867 1956 923 qua)

373 954 492 996 sum
535 939 694 998 hodie
741 940 1021 1007 dicturus,
1066 943 1173 998 illis
1217 958 1338 1013 quae
1379 952 1506 999 tunc
1545 944 1793 1013 loquutus
1837 958 1956 999 sum

373 1031 661 1088 admodum
689 1041 814 1088 sunt
840 1033 1041 1089 omnia.
1069 1033 1528 1103 Quemadmodum
1552 1035 1692 1089 enim
1721 1035 1807 1089 illa
1833 1034 1957 1090 vitae

377 1122 636 1179 desidiam
687 1123 740 1178 in
795 1125 947 1180 nobis
1002 1125 1402 1197 reprimebant,
1463 1126 1847 1197 segnitiemque
1903 1127 1955 1182 in

375 1214 584 1286 agendo
610 1223 847 1270 nostram
872 1216 1211 1286 corrigebaut
1237 1233 1252 1270 :
1277 1217 1354 1272 sic
1373 1232 1437 1272 ea
1456 1232 1575 1288 quae
1603 1232 1741 1273 nunc
1764 1217 1958 1272 dicturi

375 1319 561 1360 sumus
604 1305 747 1360 circa
783 1305 1089 1376 diligentem
1128 1306 1434 1378 dogmatum
1482 1307 1908 1363 observationem
1937 1349 1954 1375 ,

377 1396 679 1451 securiores
717 1411 816 1451 nos
844 1396 1070 1453 reddere
1099 1407 1384 1467 poterunt,
1427 1398 1496 1453 ita
1528 1406 1585 1453 ut
1610 1397 1958 1469 undequaque

377 1489 598 1560 perfecti
627 1488 789 1544 futuri
817 1491 984 1545 simus
1008 1532 1022 1556 ,
1053 1490 1118 1545 In
1143 1493 1302 1546 virum
1332 1493 1608 1564 perfectum
1632 1533 1647 1558 ,
1675 1493 1729 1547 in
1753 1509 1957 1547 mensu-

374 1597 490 1634 ram
529 1581 694 1636 aztatis
737 1579 758 1653 (
780 1581 970 1651 Ephes.
1013 1583 1067 1638 4.
1108 1582 1212 1652 i3)
1255 1584 1627 1654 pervenientes
1665 1583 1958 1640 secundum

373 1671 615 1726 divinum
638 1671 961 1740 apostolum.
991 1672 1142 1729 Tunc
1161 1688 1354 1744 corpus
1374 1683 1610 1730 vestrum
1633 1675 1955 1741 curavimus,

379 1777 522 1818 nunc
545 1762 703 1831 capiti
731 1762 1048 1818 medicinam
1079 1763 1388 1830 silet-imus;
1421 1773 1547 1821 tunc
1571 1765 1818 1822 Jeremiae
1842 1781 1961 1822 ver-

374 1850 462 1906 bis
485 1892 502 1917 ,
530 1867 669 1908 nunc
692 1852 844 1908 Pauli
871 1854 1226 1910 sermonibus.

457 1944 588 2011 Vox,
621 1944 864 2015 Oportet,
896 1947 1234 2016 pra'dictionis
1259 1963 1392 2017 sape
1415 1947 1514 2002 vim
1541 1949 1780 2004 habet.——
1799 1949 1958 2019 Qum-

378 2050 500 2090 nam
536 2044 659 2090 sunt
701 2035 788 2090 illa
823 2036 971 2092 Pauli
1015 2038 1173 2092 verba
1200 2079 1216 2104 ,
1255 2054 1373 2108 qua:
1411 2055 1552 2094 nunc
1593 2039 1746 2095 nobis
1780 2040 1962 2110 expia.

380 2126 553 2181 nanda
586 2128 996 2197 proponuntur?
1027 2128 1273 2200 Oportet,
1306 2130 1512 2202 inquit,
1544 2140 1589 2186 et
1617 2131 1828 2186 hereses
1857 2148 1962 2188 esse

377 2229 431 2272 in
454 2217 590 2273 vobis
611 2260 625 2286 ,
646 2229 703 2272 ut
727 2228 773 2273 et
799 2220 885 2289 qui
913 2221 1111 2288 probati
1134 2231 1282 2286 sunt,
1315 2223 1570 2294 manifesti
1597 2223 1722 2291 ﬁant
1749 2224 1800 2277 in
1825 2223 1961 2277 vobis

378 2310 463 2382 (l.
495 2311 613 2365 Cor.
648 2312 734 2365 ii.
767 2312 879 2382 l9).
918 2311 1031 2366 Non
1071 2312 1344 2367 minimum
1380 2323 1467 2368 est
1502 2313 1644 2383 quod
1683 2313 1955 2383 quaeritur.

377 2402 512 2457 Nam
553 2403 596 2456 si
633 2403 965 2459 consulentis
1009 2419 1158 2458 more
1193 2404 1387 2459 Paulus
1425 2405 1662 2475 loquitur
1685 2447 1700 2471 ,
1746 2413 1802 2461 et
1835 2420 1960 2462 vere

373 2504 590 2563 oportet
636 2496 869 2552 haereses
899 2511 1060 2562 esse,
1100 2497 1354 2566 inculpati
1397 2505 1519 2552 sunt
1568 2496 1956 2553 hau-esiarclise.

379 2585 537 2654 Atqui
568 2601 671 2639 non
701 2585 774 2640 ita
803 2594 886 2641 est
912 2627 927 2651 ,
961 2602 1066 2641 non
1107 2587 1177 2641 ita
1225 2601 1312 2640 res
1355 2601 1414 2642 se
1457 2587 1613 2643 habet
1643 2606 1657 2642 :
1685 2604 1789 2644 non
1817 2589 1958 2644 enim

378 2676 709 2731 consulentis
737 2719 751 2741 ,
784 2677 876 2732 sed
910 2677 1079 2732 futura
1109 2677 1443 2746 praedicenlis
1474 2678 1576 2733 hoc
1617 2680 1815 2734 dictum
1857 2689 1956 2736 est.

377 2767 835 2836 Quemadmodum
865 2769 1005 2823 enim
1034 2769 1273 2824 medicus
1296 2785 1417 2824 cum
1443 2770 1586 2825 videt
1615 2787 1813 2841 mgrnm
1843 2787 1960 2828 cra-

381 2859 518 2927 pula:
549 2866 604 2913 et
628 2858 753 2912 vino
781 2859 1004 2928 aliisque
1029 2859 1311 2928 prohibitis
1338 2859 1574 2915 deditum
1600 2903 1616 2929 ,
1645 2862 1734 2916 tali
1765 2863 1958 2918 intem-

378 2947 614 3016 perantia
644 2989 659 3012 ,
691 2947 862 3017 inquit
888 2989 901 3011 ,
949 2947 1138 3003 febrim
1171 2949 1311 3020 gigni
1351 2958 1598 3020 Oportet,
1641 2967 1746 3007 non
1785 2952 1958 3023 legem

378 3054 580 3110 ponens
602 3081 618 3105 ,
645 3055 751 3094 non
796 3042 1079 3095 consulens
1100 3080 1116 3107 ,
1161 3040 1254 3097 sed
1284 3057 1350 3097 ex
1391 3043 1740 3112 prmsentibus
1784 3043 1960 3100 futura

377 3129 686 3200 coniectans
723 3146 784 3184 ac
822 3129 1122 3200 praedicens
1144 3173 1161 3198 ,
1203 3131 1276 3186 ita
1311 3131 1577 3202 loquitur;
1614 3133 1960 3207 similiterque

379 3221 610 3292 agricola
643 3229 735 3274 aut
761 3220 1086 3290 gubernator
1109 3222 1294 3278 videns
1323 3237 1636 3279 concursum
1664 3225 1880 3280 nubium
1907 3237 1961 3283 et

377 3312 608 3368 tonitrua
647 3327 770 3367 cum
813 3310 1108 3382 fulguribus
1145 3314 1476 3383 erumpentia
1501 3356 1515 3381 ,
1545 3313 1672 3370 dicit
1694 3357 1709 3382 ,
1739 3314 1960 3386 Oportet

377 3402 536 3460 hasce
564 3403 732 3459 nubes
761 3403 992 3474 pluviam
1022 3418 1209 3473 parere
1231 3445 1246 3472 ,
1270 3413 1323 3461 et
1354 3405 1576 3461 imbrem
1603 3407 1960 3465 vehementis-

376 3493 569 3550 simam
595 3537 611 3562 ,
634 3510 738 3550 non
761 3495 1090 3551 cohortando
1110 3495 1226 3551 haec
1247 3496 1415 3565 dicit,
1439 3498 1531 3554 sed
1557 3499 1695 3570 quod
1725 3499 1958 3557 futurum

375 3595 460 3643 est
484 3587 846 3656 pra'nuntiat:
892 3587 970 3642 sic
1013 3595 1068 3642 et
1116 3587 1310 3642 Paulus
1359 3587 1447 3642 illa
1493 3604 1662 3656 voce,
1713 3589 1955 3661 Oportet,

376 3695 506 3736 usus
532 3689 635 3736 est.
680 3681 746 3735 Et
772 3695 870 3736 nos
898 3693 1267 3750 saepenumero
1295 3695 1418 3735 cum
1453 3681 1691 3738 videmus
1716 3683 1959 3740 homines

375 3771 570 3827 acriter
595 3769 955 3840 disceptantes
980 3812 995 3835 ,
1039 3785 1102 3825 ac
1129 3783 1248 3826 sese
1277 3779 1460 3826 mutuo
1487 3775 1739 3842 gravibus
1768 3784 1958 3830 contu-

377 3863 549 3919 meliis
578 3862 909 3929 allicientes,
947 3861 1174 3917 dicimus
1196 3903 1213 3930 ,
1255 3862 1475 3933 Oportet
1514 3864 1676 3920 hosce
1717 3866 1959 3922 homines

376 3953 431 4010 in
461 3953 688 4024 aliquam
717 3969 946 4026 pugnam
975 3967 1290 4023 erumpere,
1327 3962 1383 4009 et
1423 3955 1756 4010 custodiendi
1793 3967 1951 4023 sunt;

371 4058 480 4099 non
505 4044 847 4100 cohortantes
865 4085 880 4110 ,
904 4058 1081 4115 neque
1099 4042 1442 4099 consulentes
1460 4043 1530 4099 ita
1551 4044 1852 4116 loquimur(
1867 4049 1956 4117 qui

374 4136 517 4192 enim
546 4135 596 4190 id
626 4136 739 4191 ﬁeri
769 4135 977 4205 possit?
1001 4138 1019 4206 )
1057 4134 1150 4190 sed
1185 4149 1252 4190 ex
1281 4135 1530 4204 praesenti
1560 4133 1793 4191 futurum
1821 4151 1954 4191 con-

369 4225 651 4296 iectantes.
685 4227 760 4281 ita
786 4235 840 4282 et
862 4227 1059 4282 Paulus
1097 4243 1203 4282 non
1245 4227 1531 4282 consulens
1570 4228 1640 4282 ita
1684 4229 1950 4299 loquitur,

377 4319 588 4387 Oportet
615 4318 828 4372 hiemes
855 4319 907 4372 in
929 4317 1064 4372 vobis
1093 4334 1231 4382 esse,
1261 4316 1354 4371 sed
1401 4317 1694 4386 praedicens
1735 4328 1788 4374 et
1828 4335 1956 4389 pro-

373 4410 582 4480 phetiee
619 4409 979 4479 prmuuntians
1011 4408 1059 4463 id
1085 4408 1225 4479 quod
1249 4407 1478 4463 futurum
1505 4416 1606 4464 est.
1636 4410 1786 4478 Quod
1812 4413 1954 4467 enim

375 4516 482 4555 non
530 4501 774 4557 consulat
820 4500 1055 4556 haereses
1091 4515 1211 4556 esse
1235 4542 1250 4566 ,
1292 4501 1404 4570 ipse
1445 4501 1682 4558 declarat
1723 4503 1951 4559 dicens:

379 4591 595 4646 Etiamsi
621 4592 827 4662 angelus
855 4590 992 4645 vobis
1015 4591 1318 4661 evaiigelisat
1340 4601 1521 4660 printer
1546 4591 1600 4644 id
1619 4633 1634 4656 ,
1656 4593 1790 4663 quod
1815 4611 1956 4651 acce-

373 4683 518 4754 pistis
545 4725 560 4747 ,
587 4684 856 4736 anathema
883 4681 947 4736 sit
981 4680 1000 4748 (
1022 4679 1138 4736 Gal.
1165 4682 1215 4735 i.
1243 4679 1279 4736 8
1311 4682 1350 4750 ).
1372 4680 1488 4750 Ipse
1509 4690 1590 4736 est
1615 4683 1703 4752 qui
1725 4683 1954 4740 circum-

376 4775 633 4830 cisionem
659 4817 673 4837 ,
708 4774 828 4845 quia
857 4773 1228 4842 intempestive
1255 4773 1638 4828 observabatur
1661 4815 1677 4840 ,
1720 4783 1775 4832 et
1818 4791 1955 4845 pra:-

372 4864 655 4921 dicationis
681 4865 961 4933 puritatem
993 4861 1343 4917 iabefactabat
1367 4904 1383 4930 ,
1430 4863 1614 4932 reiecit
1663 4880 1728 4921 ac
1764 4867 1903 4923 dixit
1935 4887 1948 4924 :

371 4958 432 5010 Si
459 4954 893 5010 circumeidamini
914 4993 931 5020 ,
959 4952 1187 5008 Christus
1226 4953 1363 5009 vobis
1395 4954 1523 5008 nihil
1571 4956 1792 5024 proderit
1824 4956 1946 5030 (Id.

370 5049 422 5104 5.
454 5046 556 5118 2).
583 5044 862 5114 Quomodo
907 5043 1102 5113 igitur,
1169 5041 1413 5115 inquies,
1459 5061 1674 5101 causam
1720 5048 1953 5121 adjecit,

369 5138 555 5193 dicens
583 5155 596 5191 :
635 5135 703 5192 Ut
726 5136 810 5201 qui
837 5133 1033 5205 probati
1052 5143 1168 5188 sunt
1191 5177 1207 5202 ,
1230 5137 1482 5206 manifesti
1503 5137 1628 5207 ﬁant
1648 5139 1674 5192 .9
1703 5139 1789 5194 Illa
1819 5155 1948 5206 vox,

377 5227 482 5294 Ut,
514 5228 566 5281 in
590 5226 876 5296 Scripturis
903 5225 1214 5296 plerumque
1255 5240 1361 5280 non
1391 5241 1603 5282 causam
1649 5229 1910 5297 signiﬁcat
1933 5271 1948 5295 ,

371 5319 467 5374 sed
497 5333 681 5374 rerum
712 5325 983 5373 eventum.
1014 5316 1252 5386 Exempli
1280 5330 1437 5371 causa
1461 5357 1477 5382 ,
1509 5317 1950 5387 venitChristus,

372 5419 427 5464 et
469 5423 614 5464 ceco
651 5408 822 5462 visum
872 5405 1150 5462 reddidit:
1189 5405 1278 5460 ille
1322 5419 1450 5460 vero
1497 5406 1667 5476 ipsum
1713 5409 1954 5464 adoravit

375 5500 394 5570 (
419 5499 575 5554 Joan.
604 5499 639 5553 9
664 5498 682 5569 )
710 5495 914 5554 :Judaei
933 5504 1117 5552 contra
1142 5535 1158 5560 ,
1182 5494 1354 5551 hocin
1376 5495 1655 5551 sanitatem
1686 5498 1950 5565 restituto,

376 5590 511 5647 nihil
542 5607 646 5646 non
677 5589 904 5661 agebant
941 5596 1000 5644 ut
1039 5587 1352 5643 miraculum
1381 5588 1766 5656 obscurarum;
1796 5599 1953 5662 atque

373 5684 645 5740 Christum
673 5681 1021 5753 expellebant.
1055 5678 1206 5736 ‘l'unc
1233 5680 1392 5752 igitur
1416 5681 1489 5736 ait
1527 5680 1614 5736 ille
1658 5698 1671 5734 :
1716 5679 1782 5736 In
1805 5682 1952 5749 judi-

373 5776 504 5839 cium
534 5790 626 5846 ego
650 5775 760 5828 veni
784 5773 836 5827 in
865 5771 1110 5826 mundam
1137 5772 1271 5826 hunc
1293 5809 1309 5830 .
1335 5780 1391 5826 ut
1417 5771 1502 5842 qui
1528 5783 1625 5826 non
1647 5771 1843 5841 vident,
1873 5773 1952 5828 vi-

2063 670 2184 725 ideo
2212 670 2357 724 venit
2385 687 2396 722 :
2440 669 2532 725 sed
2561 668 2686 724 illud
2713 669 2939 738 accidit,
2970 679 3024 726 et
3052 680 3297 727 eventum
3329 673 3404 728 rei
3436 673 3523 729 ille
3543 689 3643 729 ceu

2059 775 2272 815 causam
2299 758 2506 814 extulit.
2533 759 2763 814 Rursum
2788 801 2802 824 ,
2836 761 2919 815 lex
2945 760 3065 816 data
3101 770 3185 817 est
3213 772 3273 816 ut
3306 772 3642 834 peccatorum

2061 866 2274 907 cursum
2300 860 2572 906 coerceret
2599 894 2612 918 ,
2643 859 2702 907 ut
2724 852 3108 910 moderatiores
3128 853 3364 910 efﬁceret
3385 871 3480 912 eos
3503 898 3520 920 ,
3549 859 3640 928 qui

2060 941 2229 1012 ipsam
2274 942 2594 1011 acciperent.
2634 941 2739 997 Sed
2777 942 2846 998 ob
2885 943 3094 998 illorum
3134 944 3392 1015 ignaviam
3433 956 3646 1002 contra-

2059 1033 2196 1087 rium
2227 1032 2420 1087 accidit
2452 1050 2464 1085 ε
2496 1041 2710 1102 peccata
2740 1033 2882 1088 enim
2909 1045 3208 1102 auxerunt;
3243 1036 3477 1107 dicitque
3505 1037 3644 1092 Pau-

2063 1121 2192 1177 lus:
2247 1120 2357 1176 Lea:
2403 1132 2571 1176 autem
2613 1122 2908 1177 subintravit
2931 1163 2946 1189 ,
2994 1133 3048 1176 ut
3091 1125 3366 1180 abundaret
3407 1126 3646 1181 delictum

2063 1211 2084 1285 (
2112 1211 2267 1267 Rom.
2293 1213 2346 1268 5.
2374 1211 2446 1267 20
2474 1213 2514 1283 );
2546 1227 2666 1268 eum
2698 1221 2871 1268 tamen
2922 1228 3028 1268 non
3067 1214 3188 1269 ideo
3230 1215 3604 1270 subintraverit
3627 1257 3644 1280 ,

2062 1302 2160 1358 sed
2185 1311 2243 1357 ut
2274 1303 2538 1359 minueret
2565 1303 2836 1358 delictum.
2865 1304 2997 1358 illud
3024 1313 3200 1360 autem
3227 1307 3406 1360 evenit
3433 1316 3649 1377 propter

2062 1394 2455 1463 improbitatem
2490 1408 2677 1450 eorum
2704 1435 2720 1462 ,
2767 1396 2855 1465 qui
2906 1395 3046 1450 illam
3094 1408 3432 1467 acceperunt.
3478 1399 3566 1454 Sic
3593 1409 3649 1454 et

2063 1485 2165 1542 hoc
2210 1486 2328 1542 loco
2353 1527 2366 1552 ,
2400 1485 2513 1551 Ut,
2559 1502 2663 1542 non
2707 1501 2922 1542 causam
2961 1488 3192 1555 indicat,
3240 1489 3334 1544 sed
3376 1498 3644 1546 eventum.

2064 1577 2216 1644 Quod
2253 1576 2394 1633 enim
2441 1578 2541 1632 alia
2586 1577 2656 1632 sit
2693 1576 2973 1634 hzeresium
3009 1594 3167 1634 causa
3192 1621 3206 1645 ,
3251 1581 3495 1651 quodque
3541 1596 3648 1637 non

2064 1669 2190 1725 ideo
2225 1669 2459 1726 hzcreses
2497 1669 2693 1725 fuerint
2715 1712 2729 1735 ,
2755 1679 2810 1725 ut
2847 1671 2937 1742 qui
2980 1671 3186 1741 probati
3227 1682 3408 1729 essent
3431 1716 3446 1739 ,
3480 1675 3650 1729 maui-

2062 1758 2188 1814 festi
2233 1760 2464 1827 ﬁerent,
2513 1759 2606 1815 sed
2655 1760 2870 1816 aliunde
2935 1762 3242 1817 occasiones
3305 1765 3644 1834 acceperint,

2061 1852 2186 1907 audi
2213 1853 2485 1908 Christum
2515 1855 2670 1909 nobis
2697 1854 3077 1910 declarantem.
3112 1855 3293 1912 Simile
3317 1857 3504 1925 factum
3534 1868 3646 1921 est,

2063 1943 2271 2015 inquit,
2305 1963 2513 2017 regnum
2541 1946 2781 2001 calorum
2817 1947 3008 2002 homini
3049 1948 3316 2002 seminanti
3343 1949 3526 2003 bonum
3565 1966 3651 2004 se-

2069 2054 2181 2092 men
2223 2038 2277 2092 in
2316 2055 2440 2110 agro
2467 2055 2601 2106 suo;
2640 2048 2688 2093 et
2729 2038 2851 2092 dum
2888 2040 3162 2094 dormirent
3200 2041 3424 2094 homines
3448 2083 3462 2106 ,
3518 2041 3652 2095 venit

2064 2131 2298 2186 inimicus
2325 2132 2509 2198 homo,
2556 2141 2603 2185 et
2646 2133 2908 2187 seminavit
2957 2134 3154 2187 zizania
3181 2132 3200 2205 (
3225 2133 3410 2187 Matth.
3442 2134 3529 2190 i5.
3555 2134 3646 2188 24.

2061 2221 2202 2292 25).
2255 2223 2437 2278 Viden”
2465 2224 2585 2278 ideo
2633 2223 2867 2279 hmreses
2913 2223 3077 2280 fuisse
3105 2267 3120 2292 ,
3163 2224 3302 2295 quod
3353 2224 3649 2280 dormirent

2066 2313 2316 2369 homines
2339 2354 2354 2379 ,
2383 2315 2632 2383 quoniam
2658 2327 2848 2385 segnes
2870 2315 3066 2369 erant?
3090 2316 3337 2384 quoniam
3361 2315 3514 2372 dictis
3543 2332 3647 2370 non

2067 2401 2353 2472 diligenter
2375 2403 2761 2459 attendehant?
2790 2403 2866 2459 Ne
2903 2404 3082 2474 itaque
3117 2405 3380 2475 quispiam
3407 2405 3607 2461 dixerit
3631 2449 3645 2470 ,

2062 2492 2173 2548 Cur
2202 2494 2301 2549 hoc
2331 2495 2571 2563 permisit
2598 2494 2885 2550 Christus?
2911 2495 3042 2550 dicit
3071 2496 3267 2551 Paulus
3302 2513 3316 2550 :
3359 2496 3485 2552 Haec
3524 2513 3649 2567 per-

2067 2584 2252 2639 missio
2279 2584 2407 2640 nihil
2435 2593 2486 2640 te
2508 2585 2652 2640 lardit
2679 2603 2692 2639 :
2725 2586 2769 2640 si
2795 2586 3048 2656 probatus
3075 2586 3238 2642 fueris
3262 2628 3276 2650 ,
3318 2588 3513 2643 clarior
3551 2604 3649 2658 ap-

2063 2677 2295 2746 parebis.
2329 2676 2445 2732 Non
2471 2679 2612 2733 enim
2637 2693 2732 2747 par
2758 2691 2845 2732 res
2873 2687 2956 2733 est
2979 2719 2992 2742 ,
3023 2679 3234 2734 nemine
3263 2680 3604 2748 supplantare
3630 2721 3646 2746 ,

2065 2769 2279 2823 nemine
2307 2768 2556 2838 decipere
2583 2779 2812 2824 conante
2835 2811 2850 2834 ,
2894 2769 2946 2824 in
2985 2780 3128 2824 recta
3155 2779 3299 2825 stare
3327 2769 3427 2826 iide
3449 2811 3465 2836 ,
3492 2781 3651 2842 atque

2068 2859 2363 2914 innumeris
2403 2860 2806 2929 erumpentibus
2847 2861 3131 2930 procellis,
3186 2863 3556 2918 inconcussum
3597 2876 3650 2918 et

2063 2950 2392 3006 immobilem
2441 2953 2678 3007 manere.
2731 2951 3187 3019 Quemadmodum
3243 2954 3385 3008 enim
3426 2955 3650 3010 arbores

2063 3050 2344 3097 ventorum
2385 3043 2618 3112 undique
2662 3044 2977 3099 irruentium
3009 3049 3206 3114 impetu
3240 3047 3502 3102 firmiores
3529 3048 3652 3103 red-

2061 3133 2263 3189 duntur
2286 3174 2302 3200 ,
2335 3134 2378 3188 si
2407 3134 2622 3205 quidem
2652 3144 2799 3190 recte
2828 3143 2883 3190 et
2909 3146 3156 3191 accurate
3190 3138 3422 3193 radicem
3461 3155 3650 3208 posue-

2061 3227 2170 3280 rint
2194 3243 2206 3279 :
2235 3226 2312 3281 sic
2339 3235 2392 3280 et
2421 3227 2628 3282 animas
2655 3227 2706 3281 in
2736 3226 3082 3283 fundamento
3110 3238 3269 3284 rectae
3299 3230 3420 3284 iidei
3444 3230 3648 3287 deliras

2062 3315 2314 3386 quaelibet
2340 3317 2695 3386 irrumpentes
2740 3317 2973 3374 hmrescs
3017 3335 3121 3374 non
3159 3321 3511 3389 subvertunt,
3551 3322 3648 3378 sed

2063 3406 2311 3463 fortiores
2336 3407 2583 3463 reddunt.
2615 3409 2750 3474 Quid
2791 3408 2950 3479 igitur
2987 3409 3228 3465 dicamus
3269 3411 3336 3465 dc
3379 3411 3644 3478 inﬁrmis,

2061 3498 2152 3568 qui
2183 3497 2338 3552 ihcile
2366 3508 2623 3553 corruunt
2649 3508 2702 3554 et
2733 3500 3179 3569 supplantanturl
3211 3500 3289 3557 Ne
3329 3502 3404 3556 illi
3433 3503 3652 3572 quidem

2064 3604 2161 3659 per
2186 3588 2454 3645 haereseos
2482 3595 2734 3661 impetum
2758 3633 2774 3654 .
2811 3590 2906 3646 sed
2938 3607 3034 3661 per
3063 3594 3328 3662 propriam
3368 3594 3648 3649 inﬁrmita-

2065 3691 2170 3737 tem
2195 3681 2297 3738 hoc
2327 3683 2616 3753 patiuntur.
2662 3681 3025 3738 inﬁrmitatem
3059 3699 3187 3739 vero
3213 3699 3318 3739 non
3349 3687 3644 3742 naturalem

2061 3773 2183 3828 dico
2207 3814 2222 3838 ,
2263 3773 2356 3829 sed
2393 3789 2510 3830 eam
2534 3815 2550 3840 ,
2599 3790 2718 3845 qua:
2767 3784 2850 3830 est
2888 3790 2954 3831 ex
3004 3776 3277 3846 proposito
3319 3777 3603 3834 voluntatis
3626 3821 3642 3845 ,

2062 3878 2181 3933 qua:
2229 3861 2384 3934 digna
2439 3864 2892 3932 reprehensione,
2941 3879 3098 3934 poena
3141 3873 3300 3935 atque
3343 3868 3641 3936 supplicio,

2061 3967 2220 4021 quam
2277 3953 2566 4006 emendare
2620 3967 2783 4020 penes
2837 3968 2935 4008 nos
2985 3963 3086 4007 est.
3140 3954 3475 4024 Quapmpter
3521 3973 3641 4012 cum

2061 4040 2407 4097 emendamus
2429 4081 2446 4108 ,
2470 4041 2780 4106 laudamur;
2805 4057 2923 4096 eum
2950 4059 3053 4097 non
3076 4045 3422 4100 emendamus
3443 4088 3457 4111 ,
3482 4049 3643 4102 casti-

2059 4148 2271 4204 gamur.

2129 4223 2185 4282 2.
2242 4224 2480 4296 Vigilanti
2505 4226 2634 4280 nihil
2654 4227 2828 4280 damni
2855 4227 3008 4294 infert
3053 4229 3302 4284 diabolus.
3359 4231 3466 4285 νοις
3489 4275 3502 4296 ,
3531 4233 3638 4301 Ut,

2059 4318 2333 4386 aliquando
2358 4328 2618 4380 eventum,
2651 4335 2749 4372 non
2780 4335 2984 4372 causam
3025 4321 3298 4390 signiﬁcat.
3343 4323 3640 4395 Eleemosy-

2060 4426 2140 4464 na;-
2165 4410 2364 4464 modus.
2392 4440 2462 4451 —-
2481 4411 2653 4480 Atque
2681 4421 2737 4464 ut
2758 4410 2931 4465 discas
2957 4412 3036 4466 eis
3060 4453 3074 4476 ,
3103 4412 3194 4482 qui
3219 4414 3438 4483 vigilant
3463 4458 3477 4481 ,
3505 4417 3639 4472 nihil

2061 4514 2256 4555 nocere
2273 4514 2429 4569 posse
2453 4543 2467 4568 ,
2491 4500 2702 4556 aliunde
2723 4501 2883 4556 etiam
2907 4500 2955 4554 id
2982 4501 3351 4558 demonstrare
3379 4514 3637 4574 satagam.

2059 4588 2194 4658 Quid
2223 4589 2438 4644 diabolo
2470 4589 2752 4660 malignius
2773 4632 2788 4656 ,
2835 4591 2960 4661 quid
3003 4591 3354 4647 sceleratius?
3388 4595 3638 4650 Attamen

2060 4679 2148 4734 hic
2200 4680 2463 4748 malignus
2504 4680 2939 4749 sceleratusque,
2981 4683 3071 4750 qui
3125 4683 3290 4737 multa
3333 4685 3381 4738 vi
3435 4685 3596 4755 pollet
3621 4727 3638 4751 ,

2058 4783 2179 4823 cum
2227 4769 2475 4824 omnibus
2521 4769 2779 4824 machinis
2823 4771 2934 4825 suis
2971 4770 3072 4827 Job
3119 4771 3337 4827 adortus
3363 4815 3379 4840 ,
3424 4783 3640 4846 totaque

2061 4857 2307 4934 pharetra
2331 4873 2426 4913 sua
2453 4859 2504 4913 in
2532 4858 2748 4914 domum
2792 4869 2848 4916 et
2890 4861 2941 4916 in
2981 4876 3176 4932 corpus
3213 4863 3344 4932 justi
3385 4865 3480 4919 viri
3515 4881 3641 4922 eva-

2057 4959 2212 5005 cuata
2237 4992 2253 5018 ,
2283 4965 2387 5005 non
2411 4949 2572 5006 modo
2596 4952 2768 5020 ipsum
2794 4967 2899 5006 non
2930 4953 3228 5020 subvertit,
3256 4955 3348 5009 sed
3372 4965 3421 5010 et
3450 4956 3642 5010 clario-

2057 5055 2171 5096 rem
2197 5040 2339 5096 fecit.
2374 5042 2439 5096 Et
2473 5041 2561 5096 ille
2594 5041 2809 5112 quidem
2852 5058 2884 5099 a
2916 5042 3130 5100 diabolo
3171 5048 3474 5103 nocumenti
3507 5048 3645 5104 nihil

2057 5132 2262 5202 accepit
2291 5149 2304 5196 ;
2350 5132 2514 5189 ludas
2549 5149 2677 5190 vero
2699 5176 2714 5201 ,
2756 5137 3004 5206 quoniam
3047 5139 3318 5210 negligens
3355 5141 3644 5213 segnisque

2057 5233 2174 5278 erat
2197 5264 2212 5288 ,
2245 5224 2460 5280 nihilex
2487 5225 2684 5281 Christi
2705 5230 2979 5284 consortio
3002 5230 3235 5286 lucratus
3255 5242 3336 5287 est
3358 5274 3374 5299 ,
3397 5235 3490 5290 sed
3518 5245 3640 5305 post

2059 5325 2137 5370 tot
2162 5317 2278 5372 illas
2303 5317 2706 5375 adhortationes
2729 5329 2889 5392 atque
2914 5324 3132 5378 consilia
3160 5323 3398 5395 proditor
3421 5328 3635 5382 mansit.

2057 5404 2228 5461 Causa
2256 5417 2431 5462 autem
2461 5421 2542 5464 est
2565 5452 2580 5476 ,
2611 5412 2732 5480 quia
2764 5411 3030 5468 neminem
3061 5414 3279 5468 invitum
3308 5414 3450 5485 cogit
3475 5417 3557 5470 vel
3584 5419 3637 5473 vi

2058 5497 2275 5553 adducit
2301 5499 2437 5554 Deus
2460 5540 2475 5566 ,
2502 5509 2684 5557 utnec
2722 5502 2868 5558 illum
2911 5505 3104 5573 coegit.
3145 5503 3349 5560 Eodem
3393 5505 3554 5562 modo
3594 5508 3636 5563 si

2059 5602 2158 5642 nos
2183 5586 2462 5658 vigilemus
2490 5630 2506 5654 ,
2553 5590 2684 5646 nihil
2716 5593 3017 5665 noeumenti
3047 5592 3200 5648 nobis
3225 5593 3417 5650 allerre
3445 5597 3642 5666 poterit

2056 5676 2299 5734 diabolus
2323 5695 2338 5743 ;
2365 5679 2450 5736 sin
2476 5696 2582 5736 non
2609 5663 2885 5752 vigilemus
2908 5723 2923 5749 ,
2970 5684 3065 5740 sed
3104 5685 3339 5757 segniter
3377 5663 3597 5760 agamus
3619 5725 3637 5755 ,

2058 5785 2126 5830 ne
2153 5771 2364 5845 quidem
2391 5773 2458 5830 ab
2485 5775 2548 5831 iis
2571 5814 2586 5844 ,
2617 5789 2736 5846 quae
2761 5773 3017 5848 prodesse
3044 5786 3299 5850 possent,
3323 5777 3458 5836 lucri
3487 5778 3638 5852 quid-
