4110 6198
524 298 633 358 25Ἰ

513 410 743 482 γίνεται.
785 406 966 462 Πάντα
1000 405 1176 461 τοίνυν
1208 407 1328 459 ἐκεῖ
1355 402 1782 477 προπεμπέσθω,
1815 401 1942 456 ἔνθα
1986 403 2080 456 καὶ

514 493 678 566 ἡμεῖς
719 490 1006 553 διαπαντὸς
1042 487 1332 560 διατρίϐειν
1361 489 1626 560 μέλλομεν
1675 486 1876 540 λοιπόν.
1903 485 2084 539 Ταῦτα

516 577 628 647 γὰρ
673 573 766 627 καὶ
805 573 956 627 αὑτό)⁸
991 571 1355 642 λογισάμενοι,
1389 573 1568 625 πᾶσαν
1612 569 1946 624 ἀπεδύσαντο
1985 569 2083 638 τὴν

517 659 730 722 οὑσίαν,
765 656 858 709 καὶ
889 653 1107 708 διπλοῦν
1131 654 1337 722 ἐγίνετο
1375 653 1436 708 τὸ
1463 652 1825 724 κατόρθωμα·
1856 652 1951 704 καὶ
1979 651 2083 722 γὰρ

517 743 630 804 τοῖς
673 737 944 809 δεομένοις
980 737 1079 806 τὴν
1113 736 1301 790 πενίαν
1333 735 1615 808 διώρθουν,
1661 734 1754 786 καὶ
1787 732 1955 785 πλείω
1992 732 2086 784 καὶ

517 820 926 891 ἀσφαλεστέραν
964 820 1062 888 τὴν
1113 818 1288 872 αὑτῶν
1343 819 1528 871 οὑσίαν
1573 816 1808 877 ἐποίουν,
1863 814 1944 877 εἰς
1992 814 2086 866 τὸν

517 904 745 974 οὑρανὺν
776 904 900 966 τοῦς
933 899 1140 954 ἑαυτῶν
1173 899 1548 971 μετατιθέντες
1581 896 1904 968 θησαυρούς.

602 986 696 1039 Ἐκ
720 984 906 1038 τούτου
931 984 1108 1036 τοίνυν
1139 981 1232 1035 τοῦ
1259 981 1422 1051 νόμου
1451 981 1541 1033 καὶ
1569 979 1662 1031 τοῦ
1693 978 1846 1040 έθους
1874 976 2088 1046 ἐγένετό

519 1083 601 1130 τις
660 1067 918 1136 συνήθεια
961 1063 1248 1134 θαυμαστὴ
1301 1063 1421 1114 τότε
1460 1063 1518 1114 ἐν
1574 1064 1692 1124 ταῖς
1739 1060 2084 1131 ἐκκλησίαις·

523 1149 795 1210 συνιόντες
827 1147 934 1218 γάρ
963 1147 1011 1198 οἱ
1042 1145 1222 1198 πιστοὶ
1256 1143 1455 1206 πάντες
1507 1142 1645 1212 μετά
1672 1143 1770 1212 τὴν
1806 1142 1906 1211 τῆς
1947 1141 2088 1194 διδα-

524 1231 752 1292 σκαλίας
797 1230 1077 1299 ἀκρόασιν,
1125 1226 1262 1296 μετά
1307 1225 1404 1288 τάς
1451 1224 1634 1294 εὑχὰς,
1686 1223 1821 1294 μετά
1854 1223 1952 1294 τήν
1979 1223 2089 1276 τῶν

527 1311 840 1382 μυστηρίων
885 1307 1188 1374 κοινωνίαν,
1218 1307 1320 1377 τῆς
1370 1305 1639 1371 συνάξεως
1688 1304 1958 1374 λυθείσης,
1991 1303 2090 1356 οὑκ

525 1393 831 1464 ἀνεχώρουν
873 1391 1072 1454 εὑθέως
1114 1389 1318 1452 οίκαδε,
1362 1387 1475 1440 ἀλλ’
1509 1390 1556 1440 οί
1590 1387 1832 1441 πλούσιοι
1863 1387 1956 1440 καὶ
2000 1387 2090 1438 εὑ-

524 1475 822 1545 πορώτεροι
873 1474 1128 1542 φέροντες
1161 1471 1368 1524 οἴκοθεν
1402 1467 1606 1538 τροφὰς
1648 1469 1743 1522 καὶ
1787 1468 2087 1537 ἐδέσματα,

524 1557 651 1617 τοὺς
681 1556 918 1625 πένητας
949 1553 1194 1614 ἐκάλουν,
1229 1553 1322 1604 καὶ
1359 1551 1543 1613 κοινὰς
1575 1549 1850 1602 ἐποιοῦντο
1883 1547 2091 1619 τραπέ-

525 1637 643 1701 ζας,
679 1638 862 1700 κοινάς
913 1637 1202 1698 ἑστιάσεις,
1233 1633 1388 1687 κοινά
1428 1633 1705 1702 συμπόσια
1746 1632 1806 1684 ἐν
1837 1631 1972 1701 αὑτῇ
2021 1631 2090 1700 τῇ

527 1720 825 1790 ἐκκλησίᾳ·
859 1717 1001 1771 ὥστε
1047 1719 1142 1771 καὶ
1194 1716 1302 1768 ἀπὸ
1347 1715 1447 1785 τῆς
1484 1714 1765 1776 κοινωνίας
1813 1712 1911 1783 τῆς
1949 1710 2090 1765 κατά

523 1803 623 1875 τὴν
652 1799 951 1874 τράπεζαν,
993 1798 1088 1852 καὶ
1126 1795 1235 1851 ἀπὸ
1264 1796 1363 1865 τῆς
1393 1794 1677 1861 εὑλαϐείας
1717 1794 1817 1864 τῆς
1847 1793 1955 1847 ἀπὸ
1995 1792 2088 1845 τοῦ

525 1886 713 1952 τόπου,
747 1881 840 1937 καὶ
871 1878 1204 1950 πανταχόθεν
1236 1878 1332 1949 τὴν
1367 1879 1583 1947 ἀγάπην
1621 1878 1800 1939 αὑτοῖς
1842 1875 2091 1943 ἐπισφίγ-

528 1967 739 2036 γεσθαι,
773 1966 866 2020 καὶ
897 1963 1097 2034 πολλὴν
1126 1963 1222 2032 μὲν
1247 1960 1344 2031 τὴν
1365 1961 1577 2031 ἡδονὴν,
1609 1958 1807 2029 πολλὴν
1827 1958 1882 2010 δὲ
1909 1957 2092 2019 αὑτοῖς

527 2048 769 2116 γίνεσθαι
806 2048 903 2118 τὴν
935 2044 1221 2113 ὠφέλειαν.
1253 2043 1321 2095 Ol
1351 2059 1408 2095 τε
1441 2042 1548 2113 γὰρ
1579 2041 1808 2110 πένητες
1838 2054 2092 2109 παραμυ-

529 2130 650 2194 θίας
690 2129 961 2184 ἀπέλαυον
993 2127 1054 2178 οὑ
1089 2126 1187 2196 τῆς
1214 2123 1500 2194 τυχούσης,
1537 2124 1632 2176 καὶ
1661 2122 1710 2175 οἱ
1741 2120 2090 2182 πλουτοῦντες

528 2211 730 2283 πολλὴν
752 2211 962 2265 εὔνοιαν
991 2210 1085 2262 καὶ
1113 2208 1263 2279 παρὰ
1289 2206 1396 2260 τῶν
1424 2204 1788 2276 τρεφομένων,
1822 2202 1915 2255 καὶ
1941 2200 2090 2283 παρά

527 2294 621 2348 τοῦ
651 2281 807 2359 Θεοῦ,
837 2294 902 2348 δι’
931 2293 990 2345 ὃν
1017 2292 1189 2345 ταῦτα
1233 2287 1466 2350 ἐποίουν,
1508 2285 1931 2356 καρπωσάμενοι
1959 2281 2089 2334 πολ-

528 2376 626 2447 λὴν
653 2376 751 2447 τὴν
787 2375 966 2447 χάριν,
994 2373 1163 2434 οὑτως
1196 2371 1442 2442 ἀπῄεσαν
1468 2367 1666 2421 οἴκαδε.
1694 2367 1802 2447 Καὶ
1832 2363 1999 2447 μυρία
2026 2364 2091 2447 ἐκ

529 2443 623 2509 τοῦ
659 2443 984 2528 πράγματος
1020 2454 1204 2507 τούτου
1257 2451 1463 2519 ἐγίνετο
1505 2449 1576 2501 τά
1619 2446 1824 2528 ἀγαθὰ,
1884 2446 1979 2528 καὶ
2030 2443 2096 2528 τὸ

530 2525 747 2594 πάντων
787 2525 1103 2606 κεφάλαιον,
1129 2537 1163 2605 ἡ
1203 2533 1352 2602 φιλία
1385 2531 1692 2601 θερμοτέρα
1725 2525 1792 2599 ἦν
1822 2526 1940 2581 καθ’
1966 2526 2093 2580 ἐκά-

531 2636 662 2691 στην
688 2620 927 2685 σύναξιν,
957 2617 1092 2687 μετά
1122 2615 1386 2684 τοσαύτης
1413 2609 1807 2682 φιλοφροσύνης
1848 2609 2092 2679 ἀλλήλοις

533 2701 922 2771 συνηνωμένων
967 2698 1146 2752 αὑτῶν
1198 2693 1622 2766 εὑεργετούντων
1683 2707 1742 2745 τε
1787 2691 1965 2744 αὑτῶν
1998 2691 2092 2744 καὶ

531 2783 1018 2855 εὐεργετουμένων.
1048 2779 1217 2833 Τοῦτο
1241 2779 1418 2831 τοίνυν
1446 2777 1505 2829 τὸ
1539 2775 1658 2838 έθος
1677 2773 1970 2844 Κορίνθιοι,
1996 2771 2091 2825 τοῦ

533 2867 724 2937 χρόνου
788 2865 1103 2935 προίόντος,
1163 2860 1485 2930 διέφθειρον,
1539 2857 1632 2910 καὶ
1699 2856 1820 2910 καθ’
1870 2856 2092 2917 ἐαυτοὺς

533 2949 849 3018 ἑστιώμενοι
885 2943 1322 3015 οἰεὺτπορώτεροι
1346 2943 1472 3004 τοὺς
1504 2941 1738 3010 πένητας
1767 2938 2090 3009 παρεώρων,

533 3032 628 3084 καὶ
672 3031 774 3083 οὑκ
816 3029 1073 3100 ἀνέμενον
1113 3025 1495 3098 ὑστερίζοντας
1530 3023 1811 3086 πολλάκις,
1855 3023 1946 3075 καὶ
1989 3021 2092 3073 ὑπὸ

535 3113 800 3182 βιωτικῶν
845 3110 1065 3181 χρειῶν,
1092 3106 1180 3163 οἷα
1214 3109 1282 3160 τά
1316 3107 1424 3160 τῶν
1473 3108 1740 3176 πενήτων,
1791 3102 2091 3173 κατεχομέο

531 3211 656 3257 νους
715 3195 810 3247 καὶ
867 3191 1245 3266 βραδύνοντας.
1305 3191 1398 3242 Ἐκ
1451 3188 1508 3241 δέ
1563 3187 1752 3240 τούτου
1813 3186 2092 3240 συνέϐαινε

533 3277 1006 3346 παραγενομένους
1032 3274 1228 3337 αὑτοὺς
1261 3271 1483 3342 ὕστερον
1517 3270 1652 3341 μετά
1678 3268 1938 3340 αἰσχύνης
1965 3269 2094 3321 ἀνα-

531 3363 747 3430 χωρεῖν,
773 3359 873 3428 τῆς
897 3357 1174 3428 τραπέζης
1205 3353 1603 3424 ἀναιρεθείσης,
1641 3350 1948 3420 φθανόντων
1973 3349 2094 3402 τού-

529 3460 658 3507 των,
688 3441 950 3495 κάκείνων
981 3437 1383 3509 ὑστεριζόντων.
1421 3435 1590 3505 Ὁρῶν
1624 3435 1800 3488 τοίνυν
1833 3435 1862 3486 ό
1886 3433 2094 3498 Παῦλος

531 3526 597 3577 ἐκ
626 3523 720 3576 τοῦ
761 3522 1075 3592 πράγματος
1101 3517 1290 3570 τούτου
1329 3515 1501 3569 πολλά
1534 3515 1698 3580 κακά,
1728 3517 1797 3568 τά
1829 3515 1927 3585 μὲν
1960 3515 2094 3584 γινό-

535 3621 691 3674 μενα,
737 3603 807 3656 τά
850 3603 908 3656 δὲ
939 3601 1197 3671 μέλλοντα
1240 3598 1497 3668 (καὶγὰρ
1548 3597 1946 3667 καταφρόνησις
1985 3595 2093 3649 τῶν

533 3685 684 3759 [245]
715 3687 959 3756 πενήτων
988 3685 1097 3745 τοῖς
1133 3680 1405 3742 πλουσίοις
1444 3679 1652 3747 ἐγίνετο
1697 3679 1790 3731 καὶ
1826 3677 2094 3749 ὑπεροψία

530 3768 748 3832 πλείων,
779 3767 872 3820 καὶ
898 3767 1008 3828 τοῖς
1040 3763 1263 3834 πένησιν
1307 3761 1511 3832 ἀθυμία
1541 3761 1634 3813 καὶ
1664 3760 1923 3830 ἀπέχθεια
1958 3762 2093 3832 πρὸς

530 3854 655 3916 τοὺς
682 3849 1060 3914 πλουτοῦντας,
1091 3847 1184 3901 καὶ
1209 3845 1308 3898 ὃσα
1335 3843 1468 3897 ἀλλα
1495 3843 1639 3907 εἰκὸς
1665 3839 1732 3915 ῆν
1762 3845 1867 3898 ἀπὸ
1893 3844 2093 3898 τούτων

531 3935 785 4006 τεχθῆναι
808 3931 915 3985 τῶν
939 3929 1165 3998 κακῶν),
1187 3926 1486 3998 διορθοῦται
1509 3925 1606 3998 τὴν
1629 3926 1870 3999 πονηρὰν
1891 3928 2121 3998 ταύτην,

531 4019 627 4072 καὶ
659 4015 860 4087 πικράν
893 4012 1200 4083 συνήθειαν.
1239 4011 1348 4062 Καὶ
1385 4009 1484 4079 ὅρα
1520 4009 1638 4079 μεθ’
1666 4011 1795 4080 ὅσης
1829 4010 2092 4076 συνέσεως

530 4100 626 4155 καὶ
670 4097 966 4159 ἐπιεικείας
1016 4096 1096 4158 εἰς
1135 4093 1233 4162 τὴν
1270 4091 1551 4164 διόρθωσιν
1597 4093 1867 4148 ἐνέϐαλεν.
1908 4094 2095 4164 Ἀρχό-

533 4197 691 4254 μενος
724 4181 832 4249 γάρ
855 4178 994 4231 οὑτω
1019 4175 1176 4246 φησί·
1216 4175 1392 4228 Τοῦτο
1423 4175 1492 4226 δέ
1522 4174 1953 4243 παραγγέλλων
1983 4178 2094 4230 οὐκ

527 4261 771 4326 ἐπαινῶ,
798 4261 885 4314 ὅτι
917 4262 1028 4314 οὐκ
1059 4261 1144 4324 εἰς
1178 4258 1244 4310 τὸ
1293 4256 1578 4325 κρεῖττον,
1609 4258 1746 4311 ἀλλ’
1773 4262 1859 4325 εἰς
1896 4259 1962 4311 τὸ
1994 4254 2093 4328 ἧτ-

527 4365 636 4402 τον
662 4345 1050 4414 συνέρχεσθε.
1070 4341 1135 4394 Τί
1160 4340 1217 4393 δέ
1245 4341 1410 4404 ἐστιν,
1439 4343 1560 4394 Οὐκ
1586 4345 1674 4407 εις
1701 4341 1766 4395 τὸ
1797 4344 2063 4410 κρεῖττον
2072 4360 2092 4408 ;

529 4431 593 4484 Οί
627 4427 896 4501 πρόγονοι,
931 4425 1114 4496 φησὶν,
1146 4424 1195 4475 οἰ
1224 4420 1476 4492 ὑμέτεροι
1513 4423 1606 4475 καὶ
1634 4423 1685 4475 οἱ
1727 4426 1956 4498 πατέρες
1999 4429 2094 4481 καὶ

526 4513 626 4576 τὰς
655 4509 861 4564 ἐαυτῶν
885 4507 1072 4568 οὑσίας
1104 4503 1346 4558 ἐπώλουν
1375 4505 1466 4556 καὶ
1493 4505 1562 4557 τά
1588 4505 1841 4576 κτήματα
1871 4510 1963 4563 καὶ
1993 4511 2092 4575 τάς

529 4593 811 4664 ὑπάρξεις,
854 4590 948 4642 καὶ
979 4587 1132 4642 κοινά
1175 4587 1350 4640 πάντα
1392 4583 1554 4656 εἶχον,
1585 4587 1678 4639 καὶ
1714 4587 1911 4660 πολλὴν
1956 4593 2093 4662 πρὸς

527 4673 788 4744 ἀλλήλους
816 4671 912 4741 τὴν
951 4669 1197 4739 ἀγάπην·
1227 4670 1383 4740 ὑμεῖς
1423 4667 1480 4720 δὲ
1526 4669 1827 4738 ὀφείλοντες
1855 4674 2094 4738 ἐκείνους

527 4753 744 4825 ζηλοῦν,
768 4753 830 4804 οὑ
859 4752 1014 4822 μόνον
1038 4750 1188 4804 οὐδὲν
1211 4753 1498 4820 ἐποιήσατε
1535 4751 1793 4818 τοιοῦτον,
1837 4755 1973 4809 ἀλλά
2000 4760 2094 4810 καὶ

528 4841 665 4908 ὅπερ
685 4833 857 4906 εἴχετε
883 4833 1059 4904 μόνον,
1083 4833 1176 4884 καί
1198 4831 1354 4885 τοῦτο
1368 4833 1705 4898 ἀπωλέσατε,
1725 4835 1794 4889 τά
1818 4839 2092 4907 συμπόσια

528 4922 597 4974 τά
637 4921 777 4974 κατά
821 4917 1037 4982 σύναξιν
1083 4915 1373 4986 γινόμενα·
1420 4916 1506 4969 διὰ
1558 4917 1712 4971 τοῦτό
1757 4936 1940 4990 φησιν,
1971 4923 2090 4978 Ὅτι

536 5008 638 5064 νῠκ
655 5005 741 5068 εὶς
764 5002 827 5056 τὸ
848 4999 1134 5068 κρεῖττον,
1152 5000 1286 5053 ἀλλ’
1305 5001 1390 5066 εἰς
1409 4999 1474 5052 τὸ
1496 4996 1676 5070 ἧττον
1699 5004 2086 5074 συνέρχεσθε.

534 5094 638 5150 Καὶ
683 5088 882 5142 ἐκεῖνοι
928 5085 1026 5156 μὲν
1076 5086 1170 5138 καὶ
1213 5085 1321 5138 τῶν
1369 5086 1658 5154 κτημάτων
1690 5088 1941 5144 ἀπάντων
1980 5095 2090 5156 τοῖς

537 5178 723 5246 πένησι
752 5169 1147 5242 παρεχώρησαν
1166 5185 1180 5198 ·
1209 5168 1364 5238 ὑμεῖς
1395 5167 1451 5220 δὲ
1483 5169 1762 5242 τραπέζης
1791 5173 1971 5238 αὐτοῖς
2004 5193 2090 5245 με.

526 5257 842 5319 ταδιδόντες,
889 5252 982 5306 καὶ
1019 5250 1220 5322 ταύτης
1263 5251 1688 5322 ἀπεστερήσατε.
1715 5253 1953 5321 Πρῶτον
1972 5257 2090 5325 μὲν

525 5343 658 5412 γὰρ,
703 5335 1156 5405 συνερχομένων
1187 5331 1352 5403 ὑμῶν
1393 5334 1462 5387 έν
1515 5336 1813 5404 ἐκκλησίᾳ
1829 5379 1844 5403 ,
1892 5340 2088 5394 ἀκούω

526 5425 830 5494 σχίσματα
847 5420 918 5474 ἐν
935 5416 1078 5488 ὑμῖν
1094 5415 1401 5486 ὑπάρχειν,
1419 5416 1515 5471 καὶ
1532 5416 1713 5486 μέρος
1733 5437 1786 5473 τι
1808 5423 2084 5478 πιστεύω.

594 5506 805 5575 δ’.”ορα
824 5503 940 5567 πῶς
965 5501 1126 5557 πάλιν
1153 5501 1383 5565 συνετῶς
1407 5505 1638 5556 ποιεῖται
1663 5503 1761 5571 τήν
1782 5503 2082 5576 διόρθωσιν.

524 5589 638 5642 Οὑκ
665 5583 841 5650 εἶπεν,
865 5588 986 5643 οὑτε
1017 5586 1272 5649 Ἀπιστῶ,
1302 5584 1423 5638 οὔτε
1451 5585 1698 5639 Πιστεύω
1717 5604 1730 5618 ·
1760 5588 1894 5642 ἀλλά
1924 5590 2085 5659 μέσον

523 5670 700 5738 ἀφῆκε
727 5671 786 5722 τὸ
820 5670 989 5739 ῥῆμα,
1019 5669 1100 5722 ὅτι
1133 5667 1319 5737 Μέρος
1354 5686 1406 5722 τι
1453 5671 1548 5724 καί
1581 5672 1867 5724 πιστεύω·
1899 5674 1959 5726 οὑ
1997 5692 2084 5728 πι-

1241 305 1300 364 S.
1354 304 1640 364 JOANNIS
1677 293 2167 362 CHRYSOSTOMI
2204 293 2522 353 ARCHIEP.
2565 288 3109 353 CONSTANTINOP.

3643 287 3755 344 258

2190 403 2362 458 στεύω
2411 401 2611 468 τέλεον,
2657 401 2772 456 ἀλλ’
2797 401 2917 455 οὑδέ
2963 399 3178 455 ἀπιστῶ
3221 398 3430 454 τέλεον·
3473 399 3565 452 τοῦ
3611 401 3669 455 δὲ
3716 403 3751 474 ἢ

2183 484 2359 549 τοῦτο,
2383 485 2417 555 ἢ
2443 486 2618 538 ἐκεῖνο
2647 483 2918 554 συμϐῆναι
2948 480 3224 544 παντελῶς
3251 483 3406 552 ὑμεῖς
3431 481 3628 553 κύριοι.
3655 483 3755 537 Ἂν

2189 567 2287 636 μὲν
2326 566 2434 638 γὰρ
2480 564 2864 637 διορθώσησθε,
2904 565 2966 618 οὑ
3011 564 3277 618 πιστεύω·
3314 564 3380 617 ἂν
3416 563 3473 616 δέ
3507 565 3601 617 ἐπὶ
3645 565 3754 618 τῶν

2185 650 2364 704 αὑτῶν
2399 649 2638 720 μείνητε,
2669 647 2928 702 πιστεύω.
2957 647 3092 702 Οὑτε
3123 643 3215 700 οῦν
3262 647 3629 718 κατηγόρησε,
3659 648 3760 700 καὶ

2186 731 2582 803 κατηγόρησεν.
2627 730 2701 784 Οὑ
2754 729 3129 800 κατηγόρησεν
3174 729 3628 799 ἀπηρτισμένως,
3669 729 3760 782 ἵνα

2187 814 2367 876 αὑτοῖς
2405 813 2592 866 ἐλπίδα
2619 812 2694 882 δῷ
2726 811 3060 883 διορθώσεως
3092 813 3184 864 καὶ
3219 811 3555 881 προθεσμίαν
3593 828 3758 881 μετα-

2187 895 2364 959 νοίας·
2399 896 2500 949 οὑκ
2531 897 2742 966 ἀφῆκεν
2774 894 3156 965 ἀνεγκλήτους,
3185 895 3272 946 ἴνα
3313 895 3386 964 μὴ
3419 893 3508 946 ἐπὶ
3539 893 3637 962 τῆς
3667 896 3757 947 αὑ-

2187 981 2284 1048 τῆς
2311 978 2532 1048 μείνωσι
2559 977 2848 1049 ῥᾳθυμίας.
2868 976 3022 1030 Οῦτω
3045 977 3223 1030 τέλεον
3249 975 3559 1042 ἐπίστευσα,
3587 977 3752 1046 φησί·

2187 1061 2345 1114 τοῦτο
2376 1061 2486 1132 γάρ
2511 1062 2626 1114 ἐστι
2650 1060 2710 1113 τὸ
2738 1061 2934 1126 εἰπεῖν,
2960 1059 3152 1127 Μέρος
3184 1075 3240 1112 τι
3269 1059 3550 1113 πιστεύω.
3587 1058 3759 1112 Τοῦτο

2188 1143 2246 1197 δὲ
2278 1144 2430 1212 ἔλεγε
2463 1142 2786 1214 προτρέπων
2819 1143 3212 1213 μεταϐαλέσθαι
3241 1141 3336 1195 καὶ
3363 1139 3758 1212 διορθώσασθαι

2191 1227 2282 1279 καί
2309 1227 2608 1293 ἀπαγαγεῖν
2645 1224 2803 1278 αὑτὸν
2842 1224 2933 1278 τοῦ
2979 1224 3082 1278 κᾶν
3115 1225 3180 1276 ἐκ
3220 1223 3417 1294 μέρους
3468 1223 3758 1278 πιστεῦσαί

2188 1324 2241 1360 τι
2267 1309 2386 1360 κατ’
2411 1306 2589 1360 αὑτῶν
2619 1305 2876 1360 τοιοῦτον.
2905 1305 3006 1359 Δεῖ
3026 1305 3134 1376 γὰρ
3164 1305 3260 1358 καί
3291 1305 3551 1373 αἱρέσεις
3578 1301 3760 1372 εἶναι,

2191 1388 2290 1442 ἵνα
2314 1390 2366 1442 οἱ
2396 1386 2624 1456 δόκιμοι
2673 1386 2918 1457 φανεροὶ
2967 1385 3251 1456 γένωνται
3281 1386 3353 1440 ἐν
3404 1386 3562 1455 ὑμῖν.
3618 1384 3757 1441 Εἷπε

2190 1465 2283 1523 οῦν
2324 1469 2425 1532 τάς
2456 1469 2714 1540 αἱρέσεις.
2755 1467 3017 1521 Ἐνταῦθα
3055 1469 3379 1538 προσέχετε,
3407 1469 3489 1521 ὅτι
3520 1469 3580 1521 οὑ
3627 1469 3762 1539 περὶ

2189 1551 2472 1621 δογμάτων
2501 1551 2612 1603 ἐστὶ
2643 1550 2722 1613 τὸ,
2751 1549 2852 1602 Δεῖ
2871 1549 3128 1618 αἱρέσεις
3153 1549 3224 1603 έν
3249 1549 3391 1618 ὑμῖν
3414 1546 3593 1603 εἶναι·
3622 1551 3762 1605 ἀλλά

2191 1633 2320 1701 περὶ
2356 1631 2454 1702 τῆς
2499 1631 2762 1701 διχονοίας
2801 1631 2896 1701 τὴς
2927 1631 3070 1684 κατά
3108 1631 3207 1694 τάς
3246 1631 3540 1702 τραπέζας.
3572 1631 3760 1687 Εἰπὼν

2189 1717 2318 1786 γὰρ,
2350 1714 2448 1767 Δεῖ
2481 1713 2550 1768 δὲ
2577 1713 2676 1767 καί
2727 1714 2984 1782 αἱρέσεις
3013 1709 3185 1778 εἷναι,
3234 1715 3482 1784 ἐπήγαγε
3526 1715 3617 1767 καὶ
3663 1714 3762 1770 τὸν

2191 1797 2391 1866 τρόπον
2439 1795 2548 1849 τῶν
2593 1796 2879 1868 αἱρέσεων·
2916 1794 3376 1864 Συνερχομένων
3427 1795 3536 1865 γὰρ
3592 1795 3761 1866 ὑμῶν

2190 1878 2290 1930 ἐπὶ
2322 1877 2388 1930 τὸ
2421 1878 2588 1944 αὐτὸ,
2630 1880 2740 1932 οὐκ
2777 1878 2906 1931 ἐστι
2941 1875 3226 1944 κυριακὸν
3251 1875 3499 1930 δεῖπνον
3521 1876 3756 1946 φαγεῖν.

2192 1960 2257 2012 Τί
2292 1963 2437 2024 ἐστι,
2491 1959 2787 2029 Κυριακὸν
2836 1957 3081 2013 δεῖπνον
3132 1958 3377 2029 sparsim
3433 1961 3762 2014 Δεσποτικὸν

2189 2041 2420 2105 δεῖπνον,
2449 2043 2630 2113 φησὶν,
2657 2043 2758 2094 οὑκ
2779 2041 2891 2094 ἔστι
2923 2042 3114 2110 φαγεῖν
3133 2057 3147 2070 ·
3173 2041 3346 2093 ἐκεῖνο
3369 2039 3538 2109 λέγων
3563 2041 3624 2093 τὸ
3652 2041 3767 2094 δεῖσ

2193 2140 2343 2190 πνον,
2372 2123 2400 2176 ό
2425 2125 2497 2194 τῇ
2535 2125 2736 2194 ἐσχάτη
2785 2124 2940 2176 νυκτί
2982 2122 3294 2196 παρέδωκεν
3319 2125 3348 2176 ό
3384 2125 3636 2194 Χριστὸς,
3667 2124 3761 2178 ὅτε

2191 2206 2240 2257 οί
2277 2204 2512 2275 μαθηταί
2544 2207 2660 2275 μετ’
2683 2205 2844 2258 αὑτοῦ
2888 2205 3089 2269 πάντες
3115 2201 3274 2275 ἦσαν.
3316 2205 3402 2258 Ἐν
3429 2205 3617 2276 ἐκείνῳ
3648 2205 3760 2277 γὰρ

2191 2286 2268 2357 τῷ
2317 2286 2513 2357 δείπνῳ
2558 2287 2651 2339 καὶ
2693 2287 2967 2356 Δεσπότης
3010 2287 3102 2339 καὶ
3150 2287 3321 2340 δοῦ).οι
3373 2284 3570 2350 πάντες
3618 2286 3760 2357 ὁμοῦ

2191 2371 2543 2424 κατέκειντο·
2571 2370 2726 2439 ὑμεῖς
2759 2369 2818 2422 δὲ
2871 2369 3139 2423 σύνδουλοι
3181 2369 3332 2433 ὄντες
3370 2370 3630 2442 ἀλλήλους
3675 2369 3760 2424 δι-

2191 2455 2456 2523 εστήσατε
2487 2452 2578 2504 καὶ
2601 2451 2948 2520 ἀπεσχίσατε.
2972 2451 3226 2516 Κάκεῖνος
3255 2453 3350 2522 μὲν
3368 2451 3486 2504 οὑδέ
3515 2453 3604 2505 τὸν
3633 2468 3761 2524 προ-

2189 2535 2348 2605 δότην
2389 2535 2658 2606 ἀπήλασε·
2705 2535 2798 2586 καὶ
2844 2535 2951 2605 γὰρ
2992 2536 3020 2588 ό
3060 2534 3256 2597 Ἰούδας
3305 2537 3421 2605 μετ’
3467 2535 3644 2588 αὑτῶν
3689 2532 3768 2607 ἦν

2190 2617 2346 2670 τότε·
2385 2618 2448 2670 σὺ
2493 2617 2550 2669 δὲ
2595 2616 2687 2668 τὸν
2735 2614 2960 2685 ἀδελφὸν
3007 2615 3286 2688 διακρούῃ,
3330 2617 3429 2669 Διά
3467 2616 3620 2670 τοῦτό
3654 2634 3765 2688 φη-

2193 2714 2297 2760 σιν,
2326 2701 2446 2751 Οὐκ
2471 2698 2600 2752 ἐστι
2630 2698 2917 2764 κυριακὸν
2936 2697 3182 2752 δεῖπνον
3210 2697 3439 2769 φαγεῖν,
3473 2700 3760 2766 κυριακὸν

2192 2778 2434 2833 δεῖπνον
2482 2779 2677 2841 καλῶν,
2706 2780 2766 2832 τὸ
2802 2780 2918 2850 μεθ’
2943 2781 3209 2853 ὁμονοίας,
3239 2782 3298 2834 τὸ
3343 2783 3496 2852 κοινῇ
3539 2780 3766 2837 πάντων

2193 2862 2665 2933 συγκεκλημένων.
2702 2863 2992 2928 Ἕκαστος
3047 2862 3155 2932 γὰρ
3199 2862 3265 2916 τὸ
3312 2862 3464 2916 ἴδιον
3512 2862 3762 2917 δεῖπνον

2192 2944 2590 3015 προλαμϐάνει
2621 2945 2860 3015 φαγεῖν·
2895 2946 2990 2999 καί
3021 2946 3088 3012 ὃς
3109 2945 3227 3015 μὲν
3257 2944 3451 3012 πεινᾷ,
3478 2946 3546 3012 ὃς
3569 2945 3637 2999 δὲ
3652 2963 3760 3015 με-

2193 3030 2338 3082 θύει.
2354 3026 2502 3100 [246]
2536 3029 2644 3081 Καὶ
2663 3029 2762 3080 οὑκ
2783 3027 2954 3091 εἰπεν,
2977 3028 3072 3088 Ὃς
3091 3025 3189 3095 μὲν
3206 3027 3383 3096 πεινᾷ,
3399 3027 3458 3090 ὃς
3486 3027 3541 3080 δέ
3562 3026 3756 3092 ἐσθίει,

2191 3111 2326 3165 ἀλλά
2351 3111 2428 3182 τῷ
2458 3111 2554 3181 τῆς
2588 3110 2754 3181 μέθης
2775 3109 2994 3180 ὀνόματι
3029 3109 3226 3180 μᾶλλον
3253 3109 3431 3163 αὑτῶν
3451 3108 3755 3180 καθήψατο.

2193 3197 2369 3249 Κάκεῖ
2394 3194 2486 3249 καὶ
2528 3193 2758 3246 ἐνταῦθα
2791 3193 3044 3264 ἀμετρία,
3078 3195 3229 3264 φησί.
3259 3195 3330 3247 Σὺ
3385 3193 3483 3264 μὲν
3507 3193 3614 3246 ὑπὸ
3656 3193 3759 3264 τῆς

2191 3277 2498 3348 ἀδηφαγίας
2545 3276 2957 3346 διαρῤήγνυσαι,
2995 3277 3200 3338 ἐκεῖνος
3235 3275 3292 3328 δέ
3325 3276 3428 3330 ὑπὸ
3467 3275 3562 3330 τοῦ
3594 3275 3756 3345 λιμοῦ

2189 3363 2445 3432 τήκεται·
2475 3361 2537 3413 σὺ
2567 3363 2660 3413 καὶ
2687 3359 2793 3412 τῶν
2820 3359 2958 3430 ὑπὲρ
2989 3359 3087 3428 τὴν
3112 3357 3298 3430 χρείαν
3331 3360 3593 3430 μετέχεις,
3615 3360 3759 3411 ἐκεῖ·

2192 3459 2282 3506 νος
2319 3443 2377 3496 δὲ
2421 3442 2543 3495 οὑδέ
2585 3441 2692 3494 τῶν
2743 3441 3053 3509 ἀναγκαίων
3097 3441 3388 3494 ἀπέλαυσε.
3422 3441 3656 3494 Διπλοῦν
3695 3439 3765 3493 τὸ

2191 3524 2380 3590 δεινὸν,
2419 3525 2519 3594 τῆς
2562 3525 2804 3595 ἰσότητος
2845 3524 3268 3594 διαφθαρείσης,
3313 3522 3471 3576 τοῦτο
3519 3524 3758 3595 αἱρέσεις

2193 3608 2376 3661 καλεῖ·
2425 3607 2610 3677 ἐπειδὴ
2655 3606 2970 3675 φιλονείκως
3011 3605 3147 3677 πρὸς
3193 3606 3456 3678 ἀλλήλους
3499 3607 3761 3660 διέκειντο

2193 3691 2288 3744 καὶ
2329 3687 2722 3752 διεστασίαζον,
2765 3689 2859 3740 καὶ
2899 3688 2955 3751 ὃς
2996 3689 3093 3759 μὲν
3127 3688 3336 3753 ἐπείνα,
3366 3689 3424 3753 ός
3450 3688 3506 3742 δέ
3537 3689 3753 3759 ἐμέθυε.

2193 3774 2302 3828 Καὶ
2329 3771 2509 3834 καλῶς
2531 3769 2669 3836 είπε,
2696 3769 3155 3839 Συνερχομένων
3181 3769 3350 3841 ὑμῶν
3369 3773 3466 3826 ἐπὶ
3494 3771 3559 3825 τὸ
3586 3771 3760 3828 αὐτό.

2193 3857 2349 3919 Τίνος
2379 3855 2486 3925 γάρ
2515 3854 2696 3907 ἕνεκεν
2743 3852 3101 3924 συνέρχεσθε;
3151 3854 3310 3923 φησί·
3347 3855 3398 3906 τί
3430 3853 3675 3925 βούλεται
3717 3856 3752 3924 ή

2194 3939 2437 4003 σύνοδοςς
2468 3939 2611 4000 τίνος
2651 3936 2834 3989 ἕνεκεν
2874 3938 2905 4005 ή
2933 3935 3160 4007 συλλογὴ
3195 3935 3370 4007 κοινὴ,
3401 3938 3527 3990 ὅταν
3559 3939 3593 4008 ή
3623 3936 3759 4008 τρά-

2193 4021 2336 4086 πεζα
2364 4020 2444 4092 μὴ
2460 4020 2666 4088 γίνεται
2691 4019 2872 4088 κοινή;
2899 4019 3200 4072 Δεσποτικά
3227 4021 3342 4073 ἐστι
3372 4019 3442 4073 τά
3477 4022 3760 4091 χρήματα,

2193 4106 2336 4175 ἀπερ
2375 4102 2670 4172 ἐλάϐομεν·
2702 4101 2858 4154 κοινὰ
2901 4101 3207 4170 προκείσθω
3254 4101 3431 4156 τοίνυν
3465 4105 3577 4166 τοῖς
3624 4119 3758 4159 συν-

2190 4185 2395 4248 δούλοις
2421 4186 2530 4246 τοῖς
2559 4182 2863 4253 ήμετέροις.
2885 4183 2939 4237 Μ
2948 4183 2981 4250 ὴ
3011 4181 3122 4252 γὰρ
3147 4183 3337 4250 οἰκίας
3352 4185 3466 4238 οὐκ
3485 4183 3651 4253 ἔχετε
3669 4186 3757 4250 εις

2192 4268 2260 4323 τὸ
2282 4268 2524 4330 ἐσθίειν,
2548 4267 2647 4320 καὶ
2670 4267 2901 4328 πίνειν;
2927 4267 2963 4335 ἢ
2991 4266 3098 4335 τῆς
3123 4267 3451 4335 ἐκκλησίας
3477 4268 3581 4322 τοῦ
3607 4269 3756 4324 Θεοῦ

2192 4351 2630 4419 καταφρονεῖτε,
2663 4349 2825 4421 φησὶ,
2865 4349 2962 4403 καὶ
3013 4351 3443 4418 καταισχύνετε
3489 4351 3629 4418 τοὺς
3667 4350 3756 4422 μή

2193 4433 2477 4502 ἔχοντας;
2510 4433 2580 4485 Σὺ
2620 4433 2717 4503 μὲν
2755 4431 3017 4502 νομίζεις,
3044 4431 3199 4502 φησί,
3229 4433 3317 4485 τὸν
3348 4433 3571 4501 ἀδελφὸν
3605 4435 3759 4505 ὑϐρί-

2194 4513 2305 4578 ζειν
2357 4515 2536 4585 μόνον,
2577 4514 2821 4568 κοινωνεῖ
2863 4513 2921 4566 δὲ
2971 4514 3065 4566 καὶ
3103 4515 3132 4566 ό
3178 4515 3341 4579 τόπος
3377 4515 3475 4586 τῆς
3521 4516 3751 4590 ῦϐρεως.

2204 4596 2526 4667 Ἐκκλησίας
2565 4594 2673 4668 γάρ
2711 4595 3004 4665 ὁλοκλήρου
3051 4601 3428 4669 καταφρονεῖς.
3465 4599 3754 4671 Ἐκκλησία

2191 4682 2300 4752 γὰρ
2330 4681 2419 4735 διὰ
2452 4681 2608 4734 τοῦτο
2644 4680 2878 4748 λέγεται,
2921 4680 3002 4732 ὅτι
3044 4685 3198 4751 κοινῇ
3248 4683 3453 4745 πάντας
3499 4683 3745 4753 ὑποδέχε-

2190 4783 2299 4820 ται.
2325 4766 2389 4818 Τί
2429 4766 2604 4819 τοίνυν
2630 4763 2728 4834 τῆς
2768 4763 2942 4826 οἰκίας
2969 4779 3063 4816 σου
3093 4763 3191 4834 τὴν
3231 4765 3507 4818 εὐτέλειαν
3533 4769 3612 4829 εἰς
3656 4767 3760 4838 τὴν·

2191 4848 2483 4919 ἐκκλησίαν
2528 4848 2798 4915 εἰσάγεις;
2840 4848 2901 4899 Εἰ
2937 4846 3045 4916 γὰρ
3077 4852 3432 4919 καταφρονεῖς
3461 4850 3554 4904 τοῦ
3599 4851 3754 4904 ἀδελ-

2192 4931 2314 5002 φοῦ,
2342 4931 2616 5002 αἰδέσθητι
2644 4930 2734 4983 τὸν
2769 4929 2930 4982 τόπον
2948 4945 2962 4960 ·
2991 4929 3084 4982 καὶ
3111 4930 3219 5000 γὰρ
3247 4933 3280 5001 ή
3311 4933 3580 5002 ἐκκλησία
3603 4933 3756 5007 ὑϐρί-

2192 5017 2358 5080 ζεται.
2409 5014 2518 5066 Καὶ
2560 5014 2659 5066 οὑκ
2703 5007 2874 5075 εἶπεν,
2914 5012 3285 5083 ’Λποστερεῖτε
3317 5015 3442 5077 τοὺς
3482 5015 3556 5087 μὴ
3601 5015 3755 5088 έχον-

2189 5114 2322 5160 τας,
2368 5096 2439 5165 ἢ,
2479 5097 2591 5149 υὺκ
2636 5094 2836 5151 ἐλεεῖτε
2879 5097 3003 5156 τοὺς
3056 5095 3132 5165 μὴ
3183 5094 3438 5165 ἔχοντας,
3469 5098 3606 5151 ἀλλά
3655 5100 3751 5163 τί;

2189 5179 2629 5247 Καταισχύνετε
2659 5177 2799 5244 τοὺς
2819 5175 2906 5246 μὴ
2942 5178 3214 5247 ἔχοντας.
3252 5180 3752 5250 Ἐντρεπτικώτατα

2187 5264 2284 5333 τὴν
2315 5263 2552 5317 ἀσωτίαν
2583 5260 2763 5316 αὑτῶν
2798 5261 3193 5332 ἐτραγῲδησεν.
3239 5263 3312 5316 Οὐ
3349 5264 3457 5335 γὰρ
3483 5263 3626 5319 οὑτω
3651 5266 3748 5335 μέ-

2187 5347 2268 5399 λει
2289 5346 2366 5416 τῷ
2391 5345 2603 5414 πένητι,
2634 5344 2817 5414 φησὶν,
2848 5343 2986 5413 ὑπὲρ
3015 5344 3114 5411 τῆς
3144 5346 3370 5415 τροφῆς,
3397 5346 3472 5410 ὡς
3501 5348 3752 5418 ὑπέρτῆς

2189 5430 2414 5503 ὑϐρεως.
2442 5429 2582 5499 Ὅρα
2635 5427 2750 5490 πῶς
2785 5427 2876 5480 καὶ
2907 5427 3046 5497 ὑπὲρ
3088 5427 3276 5482 τούτου
3311 5431 3521 5500 σεμνῶς
3552 5431 3750 5486 ἀπελοο

2186 5515 2413 5583 γήσατο,
2447 5510 2709 5565 κάκείνων
2754 5509 3106 5581 σφοδρότερον
3148 5510 3449 5582 καθήψατο.
3510 5516 3570 5569 Τί
3609 5513 3750 5584 ὑμῖν

2184 5597 2360 5659 slum;
2387 5595 2684 5648 ἐπαινέσω
2719 5594 2898 5663 ύμᾶς;
2946 5596 3047 5648 Ἕν
3070 5597 3257 5659 τούτῳ
3284 5599 3397 5652 οὐκ
3422 5597 3662 5654 ἐπαινῶ.
3683 5598 3749 5654 τί

2186 5677 2378 5744 τοῦτοί
2420 5677 2572 5733 Μετά
2606 5676 2702 5748 τὴν
2729 5677 2997 5744 ἀπόδειξιν
3026 5679 3122 5749 τῆς
3166 5679 3392 5745 ἀτοπίας
3421 5681 3683 5754 ὑφειμένη
3712 5687 3748 5752 ή
