4110 6198
417 260 518 315 ἳόἺ

418 373 581 427 cedit.
636 371 826 429 Omnia
867 369 1027 442 igitur
1071 368 1161 424 illo
1205 369 1590 444 prtemittantur
1616 410 1631 434 ,
1683 369 1772 424 ubi
1808 378 1863 424 et
1907 383 2005 424 nos

419 463 676 533 deinceps
705 473 918 531 semper
937 459 1194 516 versaturi
1223 473 1427 514 sumus.
1458 459 1584 514 Haec
1628 473 1810 515 secum
1843 473 2006 530 repu-

422 563 599 610 tantes
624 553 750 622 ipsi,
765 565 977 606 omnem
1003 550 1352 604 substantiam
1371 549 1744 619 deponebant;
1784 550 2008 620 duplex-

423 657 527 713 que
579 641 813 698 oilicium
859 639 1248 713 przestabatur:
1283 655 1404 694 nam
1444 649 1500 695 et
1541 655 1830 712 egenorum
1876 656 2008 710 pau-

423 742 685 802 pertatem
731 732 1099 795 sublevabant,
1128 741 1184 787 et
1223 733 1535 800 ampliorem
1579 731 2012 802 securioremque

421 825 522 878 sibi
555 824 904 878 substantiam
923 822 1209 892 parabant;
1233 822 1287 877 in
1307 823 1440 879 cado
1461 821 1741 878 thesauros
1761 837 1887 878 suos
1913 821 2012 878 de-

425 923 707 982 ponentes.

502 1006 693 1059 Prisca:
737 1021 846 1060 mos
893 1003 1132 1060 Ecclesia:
1168 1006 1304 1060 circa
1341 1020 1564 1060 mensam
1605 1020 2012 1060 communem.—

423 1099 506 1154 ΔΙ)
532 1097 630 1152 hac
652 1098 765 1168 lege
793 1107 849 1153 et
875 1097 1261 1153 consuetudine
1288 1111 1402 1154 mos
1425 1099 1642 1169 quidam
1671 1099 1934 1154 mirabilis
1958 1099 2010 1153 in

425 1190 722 1246 Ecclesium
762 1197 890 1244 tunc
932 1187 1176 1245 inductus
1213 1199 1296 1246 est
1327 1207 1341 1246 :
1367 1191 1540 1246 coacti
1581 1205 1811 1261 namque
1853 1191 2012 1246 simul

426 1282 613 1337 ﬁdeles
652 1294 842 1337 omnes
871 1291 990 1351 post
1030 1281 1264 1336 auditam
1299 1282 1593 1338 doctrinam
1623 1324 1640 1348 ,
1672 1291 1793 1352 post
1811 1283 2011 1336 oratio—

427 1388 546 1440 nes,
591 1383 712 1444 post
757 1373 1134 1445 mysteriorum
1163 1375 1641 1445 participationem,
1673 1375 1846 1431 soluta
1886 1389 2014 1445 syn-

425 1468 552 1533 axi,
601 1479 710 1521 non
754 1467 933 1521 statim
975 1465 1190 1521 domum
1245 1466 1612 1522 concedebant
1664 1484 1679 1520 :
1733 1466 1828 1521 sed
1870 1468 2011 1522 divi-

427 1566 511 1613 tes
539 1567 595 1612 et
613 1557 998 1627 opulentiores,
1016 1557 1268 1612 alimenta
1291 1565 1344 1612 et
1365 1557 1561 1613 fercula
1577 1557 1869 1613 edomibus
1903 1559 2014 1613 suis

427 1643 730 1712 afferentes,
767 1661 1027 1718 pauperes
1055 1647 1413 1715 advocabant;
1459 1650 1836 1718 communique
1856 1651 2013 1704 simul

430 1753 613 1793 mensa
642 1737 973 1805 fruebantur,
990 1738 1364 1793 communibus
1391 1739 1562 1809 epulis
1577 1749 1736 1809 atque
1756 1741 2016 1794 conviviis

430 1830 483 1884 in
527 1831 639 1900 ipsa
683 1831 944 1896 ecclesia;
971 1829 1039 1883 ita
1082 1839 1140 1884 ut
1181 1839 1282 1885 eta
1312 1831 1583 1886 consortio
1622 1845 1855 1892 mensae.
1901 1843 1953 1886 et
1983 1847 2014 1886 a

432 1919 530 1974 loci
557 1920 873 1984 reverentia,
917 1918 1266 1990 undequaquo
1302 1921 1497 1976 caritas
1537 1921 2009 1991 constringeretur,

429 2026 551 2066 cum
578 2013 740 2067 multa
771 2013 1041 2084 voluptate
1065 2013 1222 2068 simul
1260 2022 1420 2083 atque
1456 2012 1700 2068 utilitate.
1746 2015 2016 2083 Pauperes

430 2101 572 2157 enim
599 2103 965 2158 consolatione
985 2118 1090 2157 non
1119 2118 1300 2174 parva,
1328 2103 1521 2159 divites
1546 2117 1674 2159 vero
1695 2103 2018 2160 benevolen-

433 2195 500 2246 tia
524 2192 852 2256 fruebantur,
884 2202 996 2248 tum
1025 2209 1210 2249 eorum
1237 2209 1371 2264 quos
1413 2194 1720 2264 pascebant,
1749 2202 1858 2248 tum
1893 2195 2012 2258 Dei,

431 2289 586 2352 cujus
610 2298 768 2338 causa
798 2283 901 2338 hoc
925 2283 1189 2340 faciebant
1218 2301 1232 2339 :
1261 2285 1444 2354 sicque
1471 2299 1715 2355 magnam
1744 2286 2016 2354 asseqnuti

431 2374 676 2443 gratiam,
703 2373 919 2428 domum
963 2374 1300 2430 secedebant.
1343 2375 1624 2431 Innumera
1659 2374 1783 2430 hinc
1821 2391 2018 2447 seque-

434 2465 629 2520 bantur
659 2467 795 2520 bona
821 2482 836 2519 :
865 2465 1116 2536 quodque
1140 2476 1299 2537 caput
1323 2467 1581 2522 bonorum
1627 2475 1732 2537 est,
1775 2483 1874 2539 per
1910 2470 2019 2524 sin-

432 2555 586 2624 gulas
614 2570 848 2626 synaxes
877 2571 1030 2612 amor
1074 2559 1242 2630 magis
1281 2561 1556 2630 magisque
1603 2561 2016 2629 accendebatur,

434 2662 556 2702 cum
583 2657 636 2703 et
665 2649 699 2702 ii
727 2649 819 2718 qui
849 2648 1104 2704 beneficia
1142 2651 1508 2718 conferebant,
1535 2661 1588 2707 et
1613 2653 1648 2707 ii
1672 2653 1761 2723 qui
1791 2653 2020 2723 accipie-

435 2741 583 2807 bant,
614 2748 757 2796 tanta
785 2756 908 2796 cum
949 2741 1318 2798 benevolentia
1367 2745 1774 2800 contubernales
1817 2754 2017 2800 essent.

437 2834 588 2890 ilune
609 2849 812 2890 morem
833 2834 1090 2890 Corinthii
1137 2852 1391 2907 processu
1430 2841 1686 2910 temporis
1730 2841 2020 2896 labefacta-

436 2935 595 2992 runt,
640 2941 760 2982 cum
807 2928 1173 2997 opulentiores
1215 2933 1438 2984 seorsim
1483 2932 1660 2985 cibum
1701 2943 1974 2988 sumentes
2001 2974 2017 2998 ,

435 3031 633 3088 egenos
672 3016 1029 3087 despicerent,
1059 3033 1160 3073 nec
1205 3029 1579 3089 exSpectarent
1623 3023 1824 3077 tardius
1862 3037 2022 3078 acce-

435 3111 646 3175 dentes,
672 3121 724 3166 et
751 3111 1157 3166 necessitatibus
1199 3111 1319 3166 vita:
1361 3112 1627 3178 delentes,
1662 3123 1716 3167 ut
1761 3129 2026 3186 pauperes

437 3203 631 3264 solent,
659 3211 819 3270 atque
847 3217 1026 3256 moras
1054 3204 1343 3258 trahentes.
1368 3202 1520 3258 Unde
1541 3206 1883 3274 contingebat
1901 3223 2020 3276 eos,

437 3293 652 3350 demum
682 3293 1045 3360 advenientes,
1069 3309 1188 3349 cum
1217 3295 1418 3361 pudore
1443 3295 1550 3364 jam
1579 3297 1783 3351 sublata
1830 3313 2013 3354 mensa

439 3384 712 3451 recedere;
742 3385 847 3439 illis
877 3385 1388 3454 pmoccupanlibus,
1407 3385 1490 3440 his
1519 3401 1646 3442 vero
1671 3389 2020 3445 tardantibus.

442 3474 835 3545 Vidensitaque
866 3476 1058 3530 Paulus
1085 3476 1208 3531 inde
1236 3476 1400 3530 multa
1447 3480 1677 3533 suboriri
1718 3479 1876 3547 mala,
1910 3489 2019 3536 tum

439 3585 558 3638 qu.e
573 3569 682 3638 jam
705 3569 1023 3633 occiderant,
1055 3578 1164 3624 tum
1186 3586 1304 3642 quae
1317 3569 1487 3626 futura
1510 3573 1819 3646 crant(uam
1846 3591 1874 3628 a
1891 3576 2026 3632 divi-

441 3663 582 3716 tibus
608 3677 864 3732 pauperes
883 3664 1379 3729 contemnebantur,
1398 3680 1461 3719 ac
1475 3667 1704 3736 superbe
1725 3669 2026 3724 tractaban-

443 3761 550 3818 tur,
579 3751 806 3823 hincque
841 3754 1158 3821 pauperibus
1193 3769 1391 3810 moeror
1419 3755 1706 3827 odiumque
1730 3759 1780 3813 in
1809 3759 2022 3830 divites,

441 3842 648 3911 aliaque
663 3843 1015 3897 succedebant
1044 3843 1180 3898 mala
1200 3860 1268 3900 ex
1290 3845 1590 3915 hujusmodi
1615 3849 1773 3904 rebus
1789 3851 1916 3905 oriri
1934 3867 2026 3906 so-

444 3932 580 4004 lita),
601 3934 734 3988 hanc
776 3945 992 4004 pravam
1019 3935 1371 4006 acerbamque
1402 3939 1839 3996 consuetudinem
1868 3943 2026 3997 corri-

443 4026 536 4095 git.
575 4025 640 4078 Et
659 4024 780 4080 vide
801 4040 920 4080 cum
941 4039 1136 4095 quanta
1161 4029 1435 4096 prudentia
1456 4037 1511 4084 et
1530 4031 1897 4089 moderatione
1911 4048 2028 4090 cor-

445 4116 735 4170 rectionem
757 4118 1108 4186 aggrediatur.
1132 4117 1393 4189 lneipiens
1409 4121 1549 4176 enim
1573 4125 1649 4178 sic
1668 4123 1774 4177 ait:
1795 4123 1909 4179 Hoc
1932 4141 2027 4180 au-

445 4217 544 4261 tem
571 4211 886 4280 prmipiens,
914 4225 1014 4264 non
1045 4212 1220 4278 laudo,
1246 4213 1382 4280 quod
1405 4229 1504 4268 non
1532 4216 1586 4269 in
1619 4217 1816 4283 melius,
1844 4219 1933 4273 sed
1973 4219 2027 4273 in

445 4301 664 4356 deterius
683 4302 1037 4373 conoenitisﬂ.
1063 4303 1180 4357 Cor.
1205 4305 1290 4358 Η.
1323 4306 1436 4374 17).
1454 4306 1588 4374 Quid
1609 4308 1708 4362 sibi
1737 4309 1849 4363 vult
1875 4309 2025 4376 illud,

450 4388 571 4444 Non
606 4392 658 4444 in
704 4393 922 4446 melius?
953 4392 1200 4463 Maiores,
1225 4395 1468 4465 inquitet
1490 4407 1668 4468 patres
1701 4403 1860 4456 vestri
1897 4401 2026 4456 sub—

449 4481 668 4535 stantias
696 4497 819 4535 suas
849 4482 1148 4538 vendebant
1167 4494 1220 4539 et
1243 4485 1439 4554 praedia
1460 4498 1515 4543 et
1532 4491 1918 4558 possessiones,
1943 4503 2024 4548 at-

447 4585 551 4641 que
569 4573 744 4626 omnia
769 4572 1370 4644 habebantcommunia,
1393 4579 1721 4650 multamque
1743 4592 1928 4638 mutuo
1947 4599 2030 4640 ca-

446 4665 655 4719 ritatem
680 4681 693 4717 :
719 4680 814 4720 vos
841 4675 1042 4730 autem,
1074 4683 1207 4737 quos
1237 4684 1332 4738 par
1353 4679 1497 4726 esset
1527 4671 1647 4726 illos
1677 4673 1890 4741 imitari,
1922 4692 2027 4732 non

447 4753 608 4808 modo
631 4753 758 4809 nihil
777 4756 950 4811 simile
965 4755 1183 4823 fecistis,
1201 4759 1296 4814 sed
1313 4760 1471 4815 etiam
1491 4761 1564 4829 id,
1591 4764 1732 4831 quod
1753 4766 1926 4820 solum
1945 4767 2032 4820 ha-

446 4844 653 4899 bebatis
671 4845 958 4912 amisistis;
979 4861 1172 4917 nempe
1190 4850 1431 4905 convivia
1475 4851 1526 4906 in
1543 4853 1782 4909 collectis
1800 4856 1910 4911 ﬁeri
1936 4873 2028 4912 so-

449 4935 558 4986 lita.
582 4934 810 5006 Ideoque
832 4937 933 4992 ait:
953 4936 1074 4992 Non
1101 4939 1152 4992 in
1173 4939 1372 5007 melius,
1389 4942 1478 4996 sed
1501 4943 1552 4997 in
1575 4945 1789 5000 deterius
1806 4948 2030 5002 conveni-

445 5026 526 5079 n's.
549 5025 616 5081 Et
638 5027 709 5080 illi
739 5027 951 5097 quidem
971 5031 1333 5098 possessiones
1360 5048 1549 5092 omnes
1580 5035 1629 5090 in
1658 5053 1810 5092 usum
1834 5054 2030 5110 paupe.

447 5131 566 5170 nim
601 5118 966 5173 concedebant
995 5137 1010 5174 :
1042 5133 1136 5174 vos
1163 5136 1290 5176 vero
1332 5139 1514 5180 mensa
1559 5130 1717 5182 etiam
1761 5129 1866 5185 illis
1895 5145 2028 5187 con-

446 5222 599 5263 cessa
648 5209 886 5279 privatis.
929 5209 1162 5267 Primum
1205 5214 1338 5268 enim
1371 5220 1774 5274 convenientibus
1814 5222 1948 5276 vobis
1974 5223 2030 5279 in

447 5299 727 5363 ecclesiam,
756 5301 908 5355 audio
952 5303 1199 5359 scissuras
1245 5321 1348 5360 esse
1387 5308 1516 5362 inter
1557 5326 1661 5378 ros,
1688 5322 1738 5367 et
1779 5330 1843 5368 ea:
1885 5324 2031 5386 parte

445 5391 595 5444 credo
622 5391 698 5461 (l.
733 5389 852 5447 Cor.
886 5393 971 5448 il.
1005 5394 1116 5463 l8).

517 5483 572 5537 ι.
607 5481 740 5538 Vide
766 5484 1035 5554 quomodo
1064 5501 1274 5541 rursum
1318 5489 1606 5558 prudenter
1631 5496 2022 5554 correctionem

447 5573 716 5629 adhibeat.
746 5572 860 5630 Non
887 5575 1042 5642 dixit,
1071 5576 1266 5645 Credo,
1292 5581 1396 5648 vel,
1429 5583 1543 5640 Non
1569 5586 1753 5656 credo,
1782 5587 1875 5644 sed
1907 5605 2027 5645 me-

447 5666 539 5724 dio
565 5665 722 5723 verba
753 5682 878 5723 usus
897 5678 1008 5739 est,
1033 5667 1116 5724 Ea:
1143 5680 1284 5740 parte
1307 5676 1487 5742 credo;
1519 5691 1624 5732 non
1656 5678 1872 5736 omnino
1906 5697 2030 5739 crc-

1241 255 1306 311 IN
1347 253 1596 312 DlCTUM
1637 253 1840 312 PAULI
1882 295 1896 318 .
1937 248 2259 308 OPORTET
2300 248 2643 306 Ἀκί-3883Εὸ
2681 249 2874 306 ESSE.

3571 299 3576 304 .
3593 253 3701 308 938‘

2114 363 2206 429 do,
2237 379 2336 418 nec
2359 365 2579 420 omnino
2607 364 2764 421 fidem
2795 379 2965 434 nego;
2996 375 3049 420 ut
3082 381 3209 421 vero
3233 365 3336 424 hoc
3356 368 3437 423 vel
3463 367 3610 432 illud,
3647 372 3698 425 in

2116 465 2291 509 vestra
2322 457 2535 525 penitus
2561 464 2822 524 potestate
2851 465 2954 511 est.
2983 456 3037 512 Si
3072 458 3416 528 resipiscatis,
3447 475 3552 514 non
3579 475 3699 515 cre-

2115 544 2220 611 do;
2250 545 2330 598 sin
2354 549 2423 598 ita
2455 546 2828 614 perseveretis,
2851 546 3032 602 credo.
3068 547 3248 619 Itaque
3275 564 3378 604 non
3402 555 3695 616 accusavit,

2115 647 2166 690 et
2195 637 2480 690 accusavit.
2508 637 2624 690 Non
2667 638 2938 692 accusavit
2964 639 3198 707 penitus,
3224 648 3280 694 ut
3307 641 3700 700 emendationis

2117 742 2264 794 sinam
2293 737 2344 780 et
2372 727 2612 782 inducias
2638 728 2704 782 ad
2737 730 3103 796 paenitentiam
3133 731 3444 788 daretznon
3474 735 3700 792 crimine

2116 818 2313 872 liberos
2335 818 2555 881 dimisit,
2584 835 2650 875 ne
2686 821 2736 874 in
2767 820 2952 875 eadem
2980 823 3204 892 segnitie
3232 835 3528 881 manerent.
3559 827 3700 882 Non~

2117 909 2243 964 dum
2265 913 2484 965 omnino
2505 912 2730 976 credidi,
2750 913 2948 983 inquit;
2977 914 3204 984 idipsum
3221 916 3362 970 enim
3387 927 3468 971 est
3495 918 3699 983 dicere,

2122 1002 2204 1057 Ex
2234 1015 2379 1072 parte
2409 1008 2581 1060 credo.
2629 1005 2682 1059 ω
2731 1021 2861 1061 vero
2902 1007 3112 1062 dicebat
3150 1009 3436 1064 cohortaris
3477 1021 3533 1063 ut
3581 1028 3701 1066 sese

2115 1095 2464 1150 emendarent
2489 1110 2552 1149 ac
2579 1097 2930 1166 corrigerent,
2953 1099 3230 1166 ipsumque
3248 1100 3603 1166 abducerent,
3633 1115 3702 1156 ne

2115 1203 2231 1243 rem
2261 1186 2566 1256 lmjusmodi
2597 1189 2682 1242 vel
2723 1203 2787 1243 ex
2830 1197 2979 1257 parte
3015 1189 3279 1244 crederet.
3313 1190 3522 1260 Oportet
3559 1207 3704 1247 enim

2119 1277 2334 1332 hccreses
2361 1293 2486 1344 esse,
2515 1286 2570 1331 ut
2597 1277 2685 1348 qui
2713 1279 2908 1348 probati
2929 1288 3075 1346 sunt,
3098 1279 3350 1348 manifesti
3377 1280 3504 1349 ﬁant
3532 1282 3582 1333 in
3613 1295 3688 1334 oo-

2117 1369 2192 1423 bis
2220 1369 2297 1440 (1.
2319 1369 2544 1424 Cor-.11.
2581 1368 2692 1439 l9).
2727 1369 2822 1424 Dic
2850 1369 3008 1440 igitur
3031 1385 3273 1439 quaenam
3304 1370 3579 1428 haereses?
3611 1373 3705 1426 llic

2115 1459 2352 1514 animum
2372 1459 2648 1516 adhibete:
2671 1461 2919 1532 quoniam
2945 1477 3048 1516 non
3069 1462 3136 1516 de
3155 1461 3492 1533 degmatibus
3508 1464 3704 1519 dicitur

2117 1553 2266 1618 illud,
2300 1552 2508 1622 Oportet
2532 1553 2745 1610 ntereses
2770 1555 2820 1608 in
2846 1555 2980 1610 vobis
2997 1571 3102 1610 esse
3123 1571 3143 1610 :
3165 1555 3258 1610 sed
3279 1555 3347 1611 de
3368 1556 3704 1613 dissensione

2117 1645 2260 1698 circa
2287 1659 2548 1699 mensam.
2571 1644 2705 1700 Cum
2748 1646 2889 1699 enim
2924 1645 3170 1713 dixisset,
3205 1645 3413 1717 Oportet
3451 1659 3619 1702 autent
3657 1659 3704 1703 st

2119 1735 2332 1789 hereses
2349 1751 2476 1798 esse,
2496 1736 2709 1790 modum
2733 1735 3011 1790 hmreseon
3040 1737 3283 1805 adjunxit
3315 1755 3327 1791 :
3358 1737 3704 1793 Convenienti-

2117 1821 2209 1877 bus
2228 1826 2360 1877 enim
2380 1826 2516 1878 nobis
2541 1825 2594 1878 in
2617 1840 2793 1888 unum,
2813 1837 2916 1878 non
2941 1833 3010 1879 est
3025 1823 3330 1879 dominicam
3346 1843 3539 1880 caenam
3561 1843 3705 1882 tuan-

2119 1917 2308 1970 ducare
2337 1914 2441 1987 (Ib.
2465 1931 2513 1968 υ.
2535 1915 2655 1985 20).
2677 1915 2816 1982 Quid
2849 1924 2950 1981 est,
2990 1915 3306 1970 ﬂaminicam
3337 1933 3528 1971 orenam
3555 1935 3703 1972 man-

2119 2006 2346 2060 ducare?
2371 2007 2696 2060 Dominicam
2735 2021 2966 2071 cenam,
2991 2007 3181 2077 inquit,
3205 2024 3311 2064 non
3355 2020 3440 2065 est
3476 2011 3700 2064 ltlattdtl-

2119 2111 2281 2153 care:
2307 2096 2450 2152 illam
2481 2112 2677 2153 vocans
2703 2113 2936 2165 orenam,
2959 2113 3118 2169 quam
3148 2100 3331 2154 ultima
3362 2111 3519 2156 nocte
3545 2103 3707 2157 tradi-

2120 2185 2198 2240 dit
2218 2185 2480 2254 Cbristus,
2507 2187 2722 2257 quando
2745 2187 2989 2258 discipuli
3031 2205 3153 2244 cum
3198 2191 3288 2244 illo
3323 2206 3510 2247 omnes
3530 2202 3705 2246 erant.

2122 2279 2177 2334 In
2205 2280 2292 2336 illa
2321 2281 2518 2351 quippe
2544 2295 2698 2336 caena
2725 2291 2779 2336 et
2801 2282 3054 2336 Dominus
3083 2291 3137 2338 et
3161 2285 3301 2338 servi
3327 2299 3514 2340 omnes
3544 2285 3701 2340 simul

2122 2370 2541 2427 recumbebant:
2570 2386 2666 2427 vos
2700 2386 2848 2436 vero,
2881 2372 2971 2442 qui
2995 2374 3240 2429 conservi
3262 2375 3412 2440 estis,
3441 2374 3579 2430 inter
3607 2393 3704 2430 vos

2124 2471 2300 2516 tamen
2342 2461 2616 2518 dissidetis
2667 2478 2732 2518 ac
2783 2463 3098 2519 dividimiui.
3128 2464 3220 2519 llle
3256 2480 3356 2521 nec
3383 2467 3703 2536 proditorem

2123 2555 2326 2625 expulit
2352 2573 2366 2586 -
2392 2569 2513 2610 nam
2542 2564 2595 2610 et
2619 2555 2785 2611 Judas
2827 2571 2950 2611 cum
3001 2557 3104 2612 illis
3150 2568 3276 2612 tunc
3313 2567 3430 2614 erat
3457 2573 3470 2610 :
3497 2570 3550 2613 tu
3576 2574 3706 2614 vero

2125 2646 2340 2702 fratrem
2361 2647 2603 2716 depellis.
2634 2647 2758 2702 Ideo
2773 2647 2931 2702 dicit:
2955 2646 3075 2701 Non
3091 2658 3164 2702 est
3184 2648 3490 2704 dominicam
3514 2665 3707 2704 cenam

2123 2739 2449 2802 manducare,
2481 2740 2786 2792 dominicam
2819 2755 3012 2793 comam
3042 2754 3237 2794 vocans
3274 2754 3414 2806 eam,
3437 2753 3554 2809 qua:
3579 2755 3711 2795 con—

2136 2827 2459 2885 cordissime
2475 2832 2730 2886 omnibus
2749 2833 3063 2888 convor'atis
3079 2833 3708 2906 sumitur.b'nusquisque

2137 2920 2276 2974 enim
2307 2938 2458 2974 suam
2483 2939 2682 2977 caenam
2709 2926 2871 2978 sumit
2899 2924 2966 2978 ad
2998 2925 3422 2980 manducandum
3442 2966 3455 2989 ,
3482 2937 3536 2981 et
3569 2929 3712 2981 alius

2134 3010 2338 3077 quidem
2370 3015 2556 3075 esurit,
2589 3014 2728 3067 alius
2761 3024 2935 3068 autem
2959 3015 3136 3069 ebrius
3165 3026 3242 3070 est
3277 3017 3568 3088 (Ib.v.21).
3596 3017 3709 3070 Non

2135 3099 2452 3161 dixit,Alius
2467 3105 3075 3169 esurit,aliuscomedil;
3092 3107 3183 3160 sed
3199 3106 3482 3162 ebrietatis
3499 3109 3714 3161 nomine

2127 3193 2295 3264 magis
2321 3193 2440 3248 illos
2471 3195 2658 3264 tangit.
2682 3194 2748 3248 Et
2781 3193 2868 3250 hic
2901 3203 2954 3248 et
3002 3195 3130 3262 illic,
3163 3195 3258 3259 ait,
3289 3195 3466 3249 nullus
3492 3205 3574 3250 est
3601 3211 3714 3248 mn-

2125 3284 2248 3340 dus.
2277 3284 2355 3339 Tu
2403 3294 2455 3340 te
2501 3286 2719 3354 crapula
2767 3285 3078 3355 disrumpis,
3108 3285 3236 3341 dum
3285 3286 3376 3343 ille
3403 3283 3544 3340 fame
3571 3300 3705 3341 con-

2127 3375 2385 3441 tabescit;
2412 3384 2466 3429 tu
2494 3375 2663 3444 plura,
2693 3390 2852 3445 quam
2878 3390 3012 3444 opus
3036 3376 3127 3441 sit,
3155 3378 3339 3442 sumis,
3374 3376 3462 3435 ille
3489 3391 3617 3434 vero
3645 3391 3714 3435 ne

2123 3465 2338 3536 quidem
2387 3466 2705 3522 necessariis
2757 3465 2970 3521 fruitur.
3026 3467 3228 3538 Duplex
3283 3468 3386 3524 hoc
3449 3481 3712 3541 corrupta:

2127 3560 2444 3629 mqualitatis
2481 3559 2681 3614 malum
2723 3558 2958 3615 hazrescs
2989 3570 3176 3628 vocat,
3214 3562 3337 3632 quia
3380 3564 3716 3620 contentiosa

2129 3654 2354 3709 invicem
2395 3653 2625 3724 agebant
2677 3661 2733 3708 et
2770 3651 3142 3719 dissidebant,
3177 3661 3233 3708 et
3274 3655 3380 3710 alio
3421 3657 3710 3719 esuriente.

2127 3745 2263 3800 alius
2287 3744 2672 3800 iuebriahatur.
2714 3744 2792 3800 Ac
2823 3743 2960 3800 bene
2986 3743 3142 3808 dixit,
3172 3742 3591 3802 Conoenientibus
3620 3763 3710 3801 vo-

2129 3835 2204 3890 bis
2232 3836 2283 3888 in
2309 3851 2490 3890 unum.
2513 3833 2620 3888 Cur
2640 3835 2980 3890 convenitis?
3001 3835 3202 3905 inquit;
3231 3837 3357 3906 quid
3379 3837 3481 3893 sibi
3500 3839 3608 3894 vult
3627 3839 3716 3894 ille

2129 3927 2462 3982 conventus?
2507 3925 2574 3980 ad
2620 3926 2746 3996 quid
2802 3927 2894 3982 ille
2941 3928 3245 3982 communis
3283 3939 3473 3993 cretus,
3502 3933 3716 4006 quando

2132 4031 2316 4071 mensa
2342 4031 2448 4070 non
2481 4024 2564 4070 est
2586 4017 2922 4071 communis?
2948 4016 3238 4072 Dominivc
3259 4028 3384 4074 sunt
3415 4019 3712 4086 facultates,

2131 4121 2264 4178 quas
2291 4108 2618 4176 accepimus,
2645 4108 2977 4177 proindeque
2995 4122 3309 4164 communes
3329 4112 3604 4166 conservis
3623 4127 3716 4166 no-

2131 4199 2258 4254 stris
2309 4209 2698 4270 proponantur.
2733 4198 2999 4269 Numquid
3045 4201 3223 4256 domos
3268 4217 3369 4257 non
3411 4203 3600 4257 habetis
3650 4205 3718 4257 ad

2133 4291 2544 4345 manducandum
2572 4302 2619 4346 et
2639 4291 2909 4346 bibendum
2925 4293 2951 4345 .’
2973 4303 3062 4346 aut
3087 4293 3348 4348 ecclesiam
3375 4294 3468 4348 Dei
3493 4305 3715 4349 contem.

2134 4385 2249 4437 nilis
2267 4423 2284 4448 ,
2303 4384 2491 4454 inquit,
2518 4394 2565 4439 et
2591 4385 2903 4456 confunditis
2930 4401 3012 4439 eos
3027 4386 3114 4455 qui
3143 4402 3244 4438 non
3271 4386 3452 4440 habent
3481 4387 3636 4457 (Ibid.
3665 4405 3713 4442 υ.

2131 4475 2264 4548 29.)?
2305 4477 2384 4532 Tu
2421 4477 2634 4548 quidem
2677 4490 2850 4548 putas,
2884 4479 3092 4546 inquit,
3136 4477 3354 4533 fratrem
3408 4491 3610 4536 tantmn
3665 4493 3714 4536 to

2133 4568 2453 4623 contumelia
2474 4567 2709 4634 afficere,
2730 4567 2989 4623 redundat
3009 4579 3185 4624 autem
3208 4573 3526 4627 contumelia
3555 4576 3715 4628 etiam

2134 4661 2186 4714 in
2216 4661 2412 4718 locum.
2443 4661 2730 4716 Ecclesiam
2759 4663 2956 4732 quippe
2984 4671 3149 4717 totam
3177 4667 3502 4719 contemnis.
3531 4666 3718 4722 Eccle-

2133 4752 2208 4805 sia
2233 4752 2376 4806 enim
2412 4750 2534 4806 ideo
2579 4751 2794 4819 dicitur,
2823 4753 2944 4822 quia
2976 4757 3333 4810 communiter
3357 4772 3544 4811 omnes
3571 4759 3727 4812 act-ia

2135 4844 2228 4912 pit.
2253 4842 2360 4898 Cur
2385 4859 2514 4914 ergo
2535 4843 2726 4900 domus
2752 4853 2856 4900 tua:
2882 4845 3138 4902 vilitatem
3167 4846 3218 4900 in
3246 4847 3528 4903 ecclesiam
3558 4851 3722 4906 indu-

2131 4935 2251 4990 cis?
2295 4934 2350 4989 Si
2381 4935 2526 4988 enim
2569 4939 2876 4990 contemnis
2909 4937 3152 5000 fratrem,
3200 4953 3450 4992 reverere
3492 4939 3667 4994 locum
3703 4959 3716 4995 :

2130 5026 2332 5082 etenim
2373 5026 2608 5082 Ecclesia
2655 5029 2982 5084 contumelia
3031 5029 3286 5085 aiIicitur.
3337 5029 3523 5100 Neque
3561 5032 3718 5094 dixit,

2129 5113 2238 5168 Eos
2268 5116 2517 5185 privatis.
2549 5117 2644 5185 qui
2675 5133 2787 5172 non
2820 5119 3051 5188 habent;
3080 5133 3195 5183 aut.
3227 5121 3344 5175 Non
3385 5121 3719 5177 miseremini

2130 5221 2320 5262 eorum
2357 5209 2446 5279 qui
2504 5225 2611 5264 non
2664 5211 2885 5266 habent.
2921 5210 3028 5266 Sed
3068 5213 3236 5282 quid?
3266 5212 3607 5281 Confuuditis
3636 5227 3722 5264 eos

2131 5304 2217 5372 qui
2281 5319 2380 5358 non
2442 5302 2643 5358 habent.
2702 5300 3182 5360 Vchementissimo
3244 5303 3492 5374 tangendi
3558 5304 3718 5360 modo

2036 5453 2041 5461 _
2132 5409 2317 5450 eorum
2347 5396 2526 5450 luxum
2546 5403 2909 5464 repraesentat.
2929 5394 3046 5450 Non
3064 5402 3169 5451 tam
3195 5405 3347 5451 curat
3374 5409 3594 5468 pauper,
3626 5397 3713 5452 in-

2132 5489 2265 5557 quit,
2296 5487 2504 5552 cibum,
2533 5501 2691 5556 quam
2721 5487 3118 5542 contumeliam.
3151 5485 3282 5543 V'ide
3307 5503 3464 5559 quam
3492 5491 3716 5546 honeste

2135 5581 2235 5636 hoc.
2267 5588 2506 5644 excuset,
2537 5587 2591 5633 et
2630 5594 2785 5648 quam
2817 5579 3167 5636 vehementer
3196 5581 3315 5637 illos
3345 5591 3540 5652 tangat.
3581 5582 3716 5651 Quid

2134 5676 2299 5732 dicant
2330 5671 2504 5727 vobis?
2533 5669 2686 5724 larido
2717 5670 2842 5726 eos?
2869 5668 2936 5726 In
2960 5671 3054 5727 hoc
3077 5688 3176 5728 non
3199 5671 3353 5728 laudo
3373 5673 3423 5744 (ί
3441 5712 3452 5728 .
3471 5669 3562 5729 Cor
3580 5713 3593 5726 .
3629 5675 3715 5730 il.
