4110 6198
454 250 568 310 ‘33)

453 453 625 508 lenior
651 454 894 521 sequitur
931 445 1221 515 increpatio
1247 485 1262 510 ,
1290 451 1344 497 et
1383 441 1504 510 jure
1552 437 1768 509 quidem
1817 435 2029 507 merito,

455 559 525 598 ne
567 539 989 612 impudentiores
1032 535 1345 591 evaderem.
1377 531 1692 599 Priusquam
1734 527 1877 582 enim
1918 540 2032 579 rem

453 631 740 690 absurdam
782 643 902 683 esse
943 627 1357 689 demonstraret,
1382 621 1670 693 perfectam
1713 617 2032 673 sententiam

457 719 648 772 extulit
708 717 896 773 dicens
925 758 942 782 ,
990 715 1104 770 Hoc
1155 725 1323 769 autem
1375 712 1672 783 prtecipiens
1724 726 1825 764 non
1880 707 2034 762 laudo

444 812 491 882 (l
508 853 523 869 .
543 809 668 866 Cor.
689 808 879 882 11.17)
918 808 1205 878 Postquam
1234 816 1412 860 autem
1430 813 1677 860 accurate
1696 803 2033 858 demonstra-

455 903 531 956 vit
550 902 670 957 illos
695 917 814 957 esse
838 902 1191 972 complurium
1219 899 1502 954 criminum
1531 911 1673 964 reos,
1702 896 1904 950 leniore
1927 895 2033 948 uti-

455 1002 542 1046 tur
567 993 958 1058 criminattone,
989 992 1041 1047 in
1085 991 1194 1061 jam
1239 989 1506 1044 dictorum
1550 996 1807 1057 apparatu
1849 994 1904 1040 et
1942 984 2035 1040 de-

453 1085 838 1138 monstratione
859 1084 1212 1139 accusationis
1234 1082 1629 1137 vehementiam
1677 1080 1904 1151 positam
1950 1093 2035 1133 re-

456 1175 722 1244 linquens.
754 1174 954 1230 Deinde
1009 1176 1064 1228 in
1113 1175 1388 1245 mysticam
1441 1187 1679 1228 mensam
1731 1187 2034 1227 sermonem

461 1265 729 1331 transfert,
765 1276 819 1320 ut
845 1267 924 1321 eis
945 1267 1062 1335 plus
1090 1265 1296 1320 timoris
1325 1267 1605 1320 incuteret.
1635 1261 1747 1335 Ego
1773 1265 1922 1330 enim,
1956 1264 2008 1316 in

456 1358 589 1425 quit,
609 1358 778 1427 accepi
799 1373 829 1410 a
853 1356 1092 1424 Domino,
1111 1358 1246 1427 quod
1266 1367 1313 1410 et
1339 1356 1528 1410 tradidi
1548 1356 1681 1410 vobis
1705 1353 1810 1427 (Ib.
1839 1372 1888 1409 υ.
1912 1354 2030 1425 25)..

455 1449 636 1515 Qualis
671 1449 786 1504 lucc
813 1450 1232 1520 consequentia?
1263 1451 1337 1505 De
1377 1449 1644 1504 communi
1686 1447 1908 1518 prandio
1950 1448 2032 1500 lo—

455 1541 656 1610 queris,
703 1549 757 1595 et
796 1539 1062 1595 horrenda
1087 1542 1340 1612 mysteria
1389 1539 1810 1596 commemoras?
1839 1541 2032 1606 Etiam,

454 1630 644 1700 inquit.
674 1629 728 1685 Si
759 1631 902 1685 enim
936 1630 1211 1686 tremenda
1254 1631 1344 1685 illa
1393 1646 1575 1685 mensa
1606 1631 1854 1686 omnibus
1882 1645 2034 1684 com-

457 1722 633 1776 munis
688 1723 1024 1792 proponitur,
1074 1732 1129 1777 et
1169 1721 1320 1776 diviti
1361 1732 1418 1776 et
1466 1725 1703 1792 pauperi,
1742 1736 1913 1790 neque
1949 1722 2035 1775 illa

454 1811 645 1867 fruitur
666 1813 881 1868 uberius
899 1813 1069 1881 dives,
1095 1822 1150 1869 et
1177 1814 1388 1884 parcius
1414 1827 1637 1882 pauper,
1661 1812 1755 1868 sed
1779 1828 1913 1866 unus
1936 1812 2034 1866 ho-

455 1917 575 1969 nor,
598 1912 652 1958 et
679 1919 816 1959 unus
840 1920 1123 1972 accessus;
1153 1921 1216 1960 ac
1240 1905 1413 1961 donec
1453 1921 1640 1960 omnes
1676 1907 2039 1960 communica-

455 1992 651 2059 verint,
671 2003 723 2047 et
745 1994 1033 2064 participes
1060 1995 1258 2050 fuerint
1279 1995 1438 2066 hujus
1468 1996 1761 2065 spiritualis
1784 2006 1837 2051 et
1869 2011 2037 2050 sacrae

457 2095 676 2146 mensae,
715 2098 833 2152 qua:
887 2085 1158 2152 preposita
1213 2094 1338 2139 sunt
1386 2100 1491 2139 non
1538 2085 1904 2152 retrahuntur,
1943 2087 2036 2140 sed

454 2179 599 2226 stant
624 2173 933 2228 sacerdotes
957 2165 1166 2242 omnes,
1193 2175 1277 2230 vel
1303 2177 1541 2229 omnium
1571 2177 1962 2245 pauperrimum
1983 2187 2038 2233 et

456 2263 770 2318 vilissimum
798 2273 1170 2334 exspectantes
1204 2282 1216 2317 :
1249 2265 1414 2319 multo
1460 2265 1627 2335 magis
1649 2266 1700 2319 in
1729 2265 1827 2321 hac
1854 2267 2037 2322 sensili

457 2369 640 2408 mensa
681 2354 733 2409 id
777 2356 1062 2425 agendum.
1095 2356 1219 2411 Ideo
1267 2357 1409 2410 illam
1459 2355 1782 2411 dominicam
1827 2372 2036 2413 coenam

458 2447 767 2501 memoravi.
798 2446 910 2518 Ego
938 2448 1070 2502 eiii»:
1107 2449 1279 2518 accepi
1302 2466 1333 2501 a
1362 2447 1600 2516 Domina,
1629 2449 1764 2519 quod
1783 2459 1828 2503 et
1850 2449 2039 2503 tradidi

456 2536 611 2598 vobis,
635 2537 874 2604 quoniam
897 2537 1146 2592 Dominus
1170 2537 1202 2591 .l
1209 2555 1341 2605 esus,
1360 2539 1411 2592 in
1433 2555 1534 2608 qua
1560 2548 1701 2592 nocte
1722 2539 2035 2606 tradebatur,

455 2629 646 2696 accepit
675 2645 880 2697 panem,
918 2639 962 2682 et
1004 2630 1197 2699 gratias
1241 2646 1393 2700 agens
1439 2630 1607 2699 fregit,
1634 2641 1679 2683 et
1719 2631 1890 2686 dixit:
1927 2631 2038 2685 Hoc

456 2728 528 2770 est
553 2733 736 2789 corpus
765 2735 928 2772 meum
945 2761 960 2786 ,
991 2720 1125 2789 quod
1165 2736 1258 2789 pro
1287 2720 1456 2774 multis
1481 2721 1756 2791 frangitur,
1784 2723 1836 2774 in
1859 2723 2036 2776 remis-

456 2809 648 2864 sionem
673 2819 1010 2881 peccatorum.
1044 2809 1156 2864 Hoc
1187 2811 1338 2880 facite
1375 2811 1428 2864 in
1476 2826 1637 2863 nteant
1674 2827 2035 2866 commemora-

458 2901 662 2956 tionem.
687 2900 932 2956 Similiter
957 2911 1003 2956 et
1026 2901 1232 2955 calicem
1267 2910 1531 2971 postquam
1556 2903 1793 2970 cmnavit,
1825 2903 1995 2959 dicens
2017 2919 2037 2958 :

459 2992 561 3047 llic
597 2993 734 3048 calix
778 3009 960 3047 novum
1011 3003 1375 3049 testamentum
1405 3003 1475 3048 est
1524 2995 1577 3048 in
1617 3011 1726 3049 meo
1783 2997 2040 3066 sanguine

463 3083 623 3155 (Ibid.
647 3101 696 3139 υ.
727 3085 798 3139 25
821 3114 848 3124 -
868 3084 986 3156 25).

527 3176 582 3230 5.
614 3175 813 3232 Deinde
839 3177 1004 3231 multa
1049 3177 1298 3247 loquutus
1342 3180 1483 3232 circa
1523 3192 1648 3244 eos,
1694 3179 1785 3248 qui
1824 3181 2039 3252 indigne

459 3269 710 3339 mysteria
742 3268 1086 3338 participant,
1119 3270 1206 3324 ubi
1256 3270 1373 3324 illos
1406 3271 1748 3326 vehementer
1779 3273 1949 3344 tetigit
1986 3281 2040 3329 et

456 3360 716 3430 coarguit,
759 3359 1042 3431 docuitque
1091 3376 1206 3427 eos,
1250 3363 1338 3431 qui
1386 3363 1698 3431 sanguinem
1749 3371 1804 3417 et
1843 3378 2040 3434 corpus

457 3451 655 3506 Christi
708 3460 908 3506 temere
955 3467 1019 3506 ac
1072 3453 1428 3521 perfunctorie
1478 3455 1762 3524 accipiunt,
1797 3457 2039 3512 eamdem

459 3542 728 3596 subituros
752 3557 872 3597 esse
900 3558 1134 3611 pmnam,
1167 3560 1322 3612 quam
1355 3545 1388 3597 ii
1411 3545 1501 3613 qui
1528 3545 1795 3599 Christum
1825 3547 2037 3602 occide-

461 3640 610 3695 runt;
644 3645 829 3684 rursus
868 3631 936 3685 ad
977 3634 1307 3700 propositum
1340 3642 1707 3702 argumentum
1735 3649 2038 3691 sermonem

461 3724 646 3791 refert,
673 3723 858 3779 dicens
887 3741 901 3776 :
930 3723 1114 3794 Itaque
1142 3725 1348 3794 fratres,
1373 3741 1486 3778 cum
1513 3727 1782 3781 convenitis
1808 3729 1876 3781 ad
1896 3745 2041 3783 manu

461 3814 769 3880 ducandum,
783 3815 990 3870 inuicem
1005 3825 1306 3885 exspectate.
1322 3817 1384 3872 Si
1397 3818 1506 3883 quis
1527 3826 1691 3871 autent
1710 3821 1884 3883 esurit,
1903 3821 2040 3876 domi

464 3907 750 3973 manducet,
764 3917 819 3961 ut
836 3925 934 3962 non
955 3909 1007 3962 in
1023 3910 1278 3978 judicium
1298 3911 1656 3984 conveniatis“
1671 3957 1684 3969 .
1704 3914 1828 3969 Cor.
1850 3917 1936 3970 11.
1956 3917 2044 3983 55,

417 3971 435 3996 ⁸
461 3997 719 4068 54).Vide
743 3999 1010 4069 quomodo
1036 4001 1262 4055 latenter
1284 4002 1446 4056 etiam
1482 3971 1823 4060 voracitatem
1854 3971 2038 4061 eorum

461 4094 699 4146 damnet.
721 4091 838 4147 Non
865 4093 1029 4159 dixit,
1053 4093 1107 4148 Si
1135 4094 1370 4159 esuritis,
1403 4095 1518 4160 sed,
1553 4097 1615 4150 Si
1639 4098 1753 4166 quis
1779 4099 1953 4163 esurit,
1984 4107 2041 4152 ut

458 4181 684 4252 quisque
709 4193 851 4238 metu
880 4192 934 4238 et
959 4184 1160 4254 pudore
1187 4184 1399 4251 ductus,
1431 4200 1499 4239 ne
1519 4201 1642 4241 reus
1667 4186 1770 4242 hoc
1800 4189 1853 4242 in
1876 4204 2039 4259 nego-

466 4275 540 4329 tio
594 4273 852 4342 videatur,
902 4289 1022 4330 sese
1065 4275 1353 4330 emendare
1405 4289 1759 4348 praaoecupet.
1788 4280 1961 4348 Atque
2005 4296 2036 4334 a

464 4373 607 4422 metu
635 4367 876 4436 supplicii
903 4382 1204 4424 sermonem
1226 4369 1496 4425 concludit
1519 4369 1702 4426 dicens
1726 4389 1739 4425 :
1767 4370 1833 4425 Ut
1863 4388 1961 4426 non
1987 4373 2037 4425 in

823 220 916 247 "’"
1175 240 1236 296 s.
1272 235 1548 295 JOANNIS
1581 226 2059 291 cunvsos'roau
2095 225 2408 284 ARCiilEP.
2449 226 2976 285 CONSTANTINOP'.

449 360 565 433 εει).
597 358 734 430 Quid
761 357 866 414 hoc
889 357 1009 414 est?
1033 355 1161 412 Post
1201 353 1619 409 demonstratam
1651 346 2025 402 absurditatent
2075 377 2078 382 -

3615 227 3721 285 260

2133 342 2390 410 judicium
2414 344 2739 408 conveniatis,
2772 342 2824 398 id
2853 351 2952 407 est,
2983 342 3035 397 in
3059 342 3556 398 condemnationem
3585 353 3640 398 et
3667 346 3720 400 in

2138 434 2507 504 Opprobrium.
2539 433 2654 489 Non
2683 444 2768 490 est
2795 435 2937 489 enim
2959 433 3130 498 cibus,
3157 433 3349 503 inquit,
3373 450 3544 504 neque
3566 451 3716 490 men-

2137 541 2217 593 sa,
2247 542 2364 596 qua:
2390 541 2510 580 cum
2543 526 2746 596 pudore
2777 525 2988 592 fratris,
3011 540 3132 580 cum
3161 525 3418 596 despectu
3453 527 3718 589 ecclesiae,

2137 625 2193 670 et
2225 631 2345 670 cum
2383 625 2528 671 tanta
2554 617 2844 672 voracitate
2874 618 2960 672 vel
2994 617 3403 686 intemperantia
3437 617 3722 687 conjuncta

2139 716 2240 760 est.
2269 707 2392 761 Haec
2421 722 2525 761 non
2565 718 2687 762 sunt
2723 709 2923 770 laetitia,
2948 707 3043 763 sed
3086 708 3404 777 supplicium
3451 718 3502 764 et
3542 723 3721 779 petua.

2138 798 2378 867 Magnam
2423 801 2563 853 enim
2599 799 2752 854 vobis
2786 799 3056 854 attrahitis
3087 801 3346 855 ultionem
3376 800 3503 854 dum
3531 801 3723 858 fratres

2139 890 2458 944 contumelia
2481 890 2714 957 afficitis,
2734 891 3014 946 ecclesiam
3056 892 3416 956 contemnitis,
3453 903 3724 948 sanctum-

2138 995 2242 1050 que
2269 981 2416 1035 illum
2445 982 2617 1036 locum
2646 982 2911 1050 propriam
2938 982 3156 1036 domum
3183 981 3379 1047 facitis,
3404 983 3617 1052 quando
3643 986 3723 1037 ci-

2139 1070 2265 1126 bum
2301 1087 2545 1128 seorsum
2575 1073 2804 1127 sumitis.
2848 1072 2940 1127 llis
2995 1081 3050 1126 et
3091 1087 3187 1127 vos
3233 1071 3450 1139 auditis,
3506 1072 3720 1140 fratres,

2141 1164 2385 1218 obturate
2415 1180 2508 1219 ora
2544 1180 2753 1228 eorum,
2783 1163 2872 1234 qui
2901 1165 3194 1234 apostolico
3213 1164 3359 1218 dicto
3374 1164 3722 1234 doctrinaque

2141 1261 2340 1308 temere
2372 1266 2620 1320 utuntur;
2649 1254 2905 1324 corripite
2931 1268 3046 1318 eos,
3077 1254 3170 1324 qui
3197 1255 3249 1308 in
3273 1269 3426 1308 suum
3458 1255 3720 1309 aliorum-

2140 1359 2243 1412 que
2264 1343 2516 1399 damnum
2544 1345 2834 1413 Scripturis
2860 1353 3096 1398 utuntur.
3123 1343 3301 1398 Nostis
3328 1345 3470 1398 enim
3502 1344 3568 1400 de
3591 1360 3724 1416 qua-

2139 1451 2262 1490 nam
2291 1452 2349 1491 re
2368 1441 2473 1493 hoc
2503 1436 2641 1491 dicat
2676 1452 2692 1488 :
2727 1435 2936 1506 Oportet
2975 1446 3142 1491 autem
3178 1446 3225 1491 et
3275 1439 3485 1492 Iutreses
3519 1453 3624 1492 esse
3667 1439 3724 1492 in

2140 1527 2296 1594 vobis,
2320 1543 2511 1596 nempe
2535 1527 2601 1582 de
2621 1527 2843 1583 dissidio
2871 1529 3011 1583 circa
3039 1543 3278 1582 mensam
3309 1528 3510 1583 oboriri
3536 1530 3716 1595 solito.

2140 1620 2565 1690 quandoquidem
2605 1619 2750 1674 Alius
2785 1621 2985 1691 quidem
3011 1621 3199 1686 esurit,
3230 1621 3363 1675 alius
3404 1637 3519 1676 vero
3556 1622 3723 1677 ebrius

2139 1724 2210 1766 est
2239 1715 2312 1783 (ι.
2341 1712 2459 1768 Cor.
2491 1714 2578 1767 l-I.
2603 1711 2717 1786 21).

2211 1804 2512 1858 Adhortatio
2555 1805 2623 1857 ad
2665 1821 2942 1875 pauperum
2981 1821 3180 1858 curam.
3203 1834 3273 1845 —
3299 1805 3376 1860 Ac
3416 1819 3536 1860 cum
3577 1813 3721 1860 recta

2141 1899 2246 1953 fide
2274 1900 2393 1953 vitae
2414 1899 2674 1953 rationem
2700 1914 2820 1954 cum
2851 1897 3190 1968 dogmatibus
3218 1909 3598 1968 congruentem
3625 1912 3721 1952 ex-

2145 1989 2462 2057 hibeamus,
2501 1989 2724 2044 multam
2766 2004 2890 2058 erga
2939 2002 3206 2058 pauperes
3257 1989 3721 2053 benevolentiam,

2141 2081 2361 2136 multam
2409 2096 2697 2151 egenorum
2749 2096 2932 2136 curam
2977 2081 3365 2149 suscipiamus;
3395 2081 3719 2151 negotiatio-

2143 2189 2263 2228 nom
2293 2173 2624 2244 spiritualem
2660 2187 3029 2238 exerceamus,
3061 2171 3194 2226 nihil
3219 2172 3339 2242 plus
3369 2172 3720 2241 inquiramus,

2141 2279 2297 2334 quam
2339 2265 2630 2319 necessitas
2671 2265 2920 2333 postulet.
2955 2263 3046 2317 Ha:
3070 2272 3193 2316 sunt
3222 2262 3443 2329 divitiae,
3474 2262 3591 2318 lucc
3617 2278 3722 2317 ne-

2139 2354 2377 2423 gotiatio,
2421 2353 2508 2409 hic
2551 2352 2831 2409 thesaurus
2865 2352 3195 2419 indeficiens,
3223 2353 3267 2406 si
3309 2353 3486 2407 omnia
3539 2361 3722 2408 nostra

2140 2445 2194 2502 in
2236 2447 2428 2501 caelum
2466 2445 2882 2512 transferamus,
2914 2454 2968 2500 et
3007 2446 3149 2500 circa
3178 2445 3404 2515 depositi
3424 2445 3722 2500 custodiam

2141 2549 2286 2595 metu
2307 2539 2466 2594 soluti
2495 2537 2741 2593 fidamus.
2770 2538 2972 2608 Duplex
3016 2552 3244 2608 namque
3287 2553 3352 2593 ex
3386 2539 3722 2610 eleemosyna

2141 2629 2294 2684 nobis
2320 2631 2524 2684 lucrum
2554 2627 2772 2684 accedet
2800 2645 2813 2681 :
2838 2627 2978 2698 quod
3000 2628 3205 2682 scilicet
3231 2643 3336 2682 non
3364 2629 3500 2683 ultra
3527 2629 3720 2684 timea-

2140 2736 2258 2776 mus
2287 2722 2428 2776 eirca
2457 2721 2728 2791 depositas
2753 2720 3026 2789 pecunias,
3056 2735 3124 2774 ne
3153 2719 3297 2775 fures
3327 2730 3420 2774 aut
3448 2735 3720 2774 murorum

2141 2811 2446 2878 eli'ossores,
2476 2820 2566 2865 aut
2609 2809 2922 2880 nequissimi
2963 2809 3103 2864 servi
3144 2809 3286 2878 ipsas
3332 2809 3719 2879 pessumdent:

2140 2912 2196 2960 et
2231 2903 2374 2974 quod
2402 2903 2480 2958 sic
2506 2902 2762 2973 deposita:
2792 2919 2900 2957 non
2926 2910 3128 2956 temere
3152 2901 3376 2956 defossa:
3406 2903 3520 2956 sine
3547 2901 3721 2956 fructu

2135 2996 2378 3067 jaceant;
2419 2995 2513 3050 sed
2569 2993 3015 3065 quemadmodum
3067 2994 3217 3048 radix
3271 2995 3322 3047 in
3373 2993 3552 3063 pingui
3605 2995 3723 3048 solo

2141 3090 2378 3161 plantata
2404 3103 2611 3143 annuos
2654 3089 3102 3157 tempestivosque
3142 3086 3343 3141 fructus
3395 3085 3616 3156 profert,
3646 3087 3724 3142 sic

2142 3191 2198 3235 et
2225 3187 2503 3250 argentum
2531 3178 2585 3232 in
2613 3193 2906 3248 pauperum
2944 3177 3188 3231 manibus
3226 3177 3460 3238 insitum,
3494 3191 3597 3230 non
3625 3191 3723 3229 an-

2141 3286 2278 3325 nuos
2318 3269 2514 3335 solum,
2539 3269 2632 3324 sed
2673 3269 2832 3322 etiam
2873 3267 3210 3337 quotidianos
3243 3267 3546 3336 Spirituales
3569 3268 3724 3322 nobis

2141 3361 2338 3417 referat
2365 3361 2586 3428 fruetus,
2623 3359 2869 3415 ﬁduciam
2899 3375 3022 3428 erga
3054 3361 3240 3424 Deum,
3268 3367 3607 3427 peccatorum
3635 3374 3726 3412 ve~

2143 3454 2306 3518 niam,
2334 3469 2455 3509 cum
2504 3451 2709 3523 angelis
2731 3451 3196 3521 propinquitatem,
3224 3451 3604 3506 conscientiam
3628 3450 3726 3505 bo-

2143 3562 2286 3609 nam,
2318 3545 2555 3599 lzetitiam
2593 3544 2886 3612 spiritualis
2929 3543 3322 3607 cxsultationis,
3352 3557 3500 3612 spem
3524 3541 3727 3612 pudore

2143 3652 2382 3702 vacuam,
2439 3636 2700 3690 mirabilia
2754 3637 2912 3702 bona,
2956 3651 3073 3705 qua:
3127 3637 3442 3704 praeparavit
3474 3635 3612 3688 Deus
3654 3635 3726 3688 ti-

2142 3730 2410 3784 mentibus
2449 3743 2527 3793 se,
2560 3728 2727 3796 iisque
2770 3727 2860 3795 qui
2910 3726 3129 3780 ferventi
3179 3725 3494 3795 ardentique
3545 3726 3726 3779 animo

2143 3821 2421 3890 requirunt
2470 3817 2891 3872 misericordiam
2941 3815 3201 3870 adventus
3241 3815 3376 3884 ejus.
3417 3816 3586 3882 Quam
3626 3830 3727 3869 nos

2143 3925 2331 3965 omnes
2352 3951 2366 3974 ,
2397 3910 2495 3964 hac
2525 3910 2629 3962 vita
2669 3906 2962 3962 secundum
2991 3907 3241 3976 placitum
3280 3905 3397 3974 ejus
3438 3913 3726 3969 transacta,

2141 4004 2352 4072 assequi
2380 4003 2671 4071 contingat,
2703 4015 2801 4054 nec
2823 4015 2929 4054 non
2958 4008 3216 4054 aeternum
3244 4012 3429 4052 eorum
3457 3997 3546 4066 qui
3574 3997 3724 4050 salu-

2145 4104 2250 4150 tem
2274 4104 2694 4164 consequuntur,
2725 4091 2997 4161 gaudium,
3021 4091 3190 4160 gratia
3217 4099 3269 4142 et
3297 4088 3729 4143 miserationibus

2143 4187 2255 4242 veri
2289 4187 2381 4241 Dei
2409 4196 2463 4240 et
2490 4184 2786 4240 Salvatoris
2824 4184 2991 4238 nostri
3039 4183 3166 4238 Jesu
3205 4182 3422 4246 Christi,
3446 4184 3531 4237 cui
3557 4182 3727 4252 gloria

2142 4289 2197 4334 et
2218 4277 2496 4348 imperium
2527 4290 2646 4330 cum
2694 4275 2851 4329 Patre
2895 4275 3114 4345 ejusque
3158 4273 3497 4329 sanctissimo
3528 4272 3728 4343 Spiritu

2146 4373 2199 4427 in
2225 4370 2417 4427 saecula
2447 4368 2786 4424 saeculorum.
2820 4369 3011 4422 Amen.

1903 4904 2281 4966 MONITUM

525 5127 774 5184 Soannes
807 5123 1253 5195 Chrysostemus,
1285 5119 1380 5190 qui
1406 5133 1512 5173 non
1547 5115 1712 5171 semel
1751 5130 1816 5171 ex
1864 5123 2104 5184 tempore
2135 5111 2492 5167 coneionatus
2529 5118 2645 5174 est,
2682 5107 2824 5161 hanc
2866 5105 3058 5160 habuit
3100 5102 3377 5159 homiliam
3415 5099 3739 5195 occasione=

471 5243 844 5300 mendicorum
873 5250 929 5296 et
957 5251 1277 5310 egenorum,
1306 5249 1446 5304 quos
1487 5232 1687 5288 hiemis
1718 5238 1962 5300 tempore
1987 5229 2250 5299 iacentes,
2272 5241 2395 5280 cum
2425 5240 2518 5294 per
2545 5223 2720 5277 forum
2747 5229 2800 5276 et
2820 5219 3139 5291 angiportus
3170 5218 3234 5271 ad
3261 5217 3546 5272 ecclesiam
3584 5226 3710 5283 per-

470 5365 640 5429 geret,
683 5359 982 5426 repererat.
1021 5351 1178 5405 Hunc
1231 5347 1298 5401 ad
1349 5341 1783 5401 concionandum
1833 5349 2173 5412 apparatum,
2215 5339 2344 5392 dum
2384 5338 2485 5392 iter
2517 5334 2737 5400 faceret,
2781 5332 3110 5387 adornavit:
3147 5339 3201 5385 et
3229 5330 3369 5384 hanc
3410 5329 3713 5400 elegantem

475 5470 799 5535 concionem
835 5467 904 5521 de
931 5464 1274 5533 eleemosyua
1311 5458 1769 5530 αὑτοσχεδιαστὴς
1797 5465 1980 5512 orator
2010 5453 2402 5524 pronuntiavit.
2434 5451 2565 5505 Eam
2599 5463 2764 5520 porro
2807 5447 3106 5503 Antiochire
3135 5445 3377 5500 habitam
3426 5443 3597 5499 fuisse.
3630 5443 3714 5497 in-

473 5584 643 5651 dicat,
673 5600 782 5639 non
812 5583 975 5638 modo
1002 5597 1125 5638 cum
1161 5581 1255 5646 ait,
1298 5597 1356 5635 se
1385 5595 1482 5651 per
1513 5578 1689 5635 forum
1715 5587 1768 5633 et
1796 5577 2036 5647 angiporl

2165 5575 2252 5628 διὰ
2282 5573 2378 5644 τῆς
2410 5572 2616 5642 ἀγορᾶς
2653 5571 2749 5625 καὶ
2789 5569 2900 5622 τῶν
2936 5566 3260 5634 στενωπῶν,
3303 5565 3587 5621 ecclesiam
3625 5580 3716 5634 pe-

477 5693 630 5751 tiisse
662 5714 676 5750 :
709 5711 884 5766 neque
915 5697 1058 5752 enim
1090 5712 1214 5752 cum
1241 5696 1531 5767 episcopus
1553 5693 2188 5766 Constantinopolitanus
2223 5701 2360 5761 erat,
2397 5699 2505 5747 tam
2538 5689 2729 5762 procul
2774 5687 3002 5745 ecclesia
3030 5686 3287 5758 degebat;
3339 5681 3431 5738 sed
3471 5681 3631 5737 etiam
3667 5688 3720 5735 et
