4110 6198
343 252 453 311 259

342 377 665 451 κατηγορία,
690 378 784 443 καὶ
811 378 955 450 μάλα
970 379 1210 444 εἰκότως,
1231 380 1320 433 ἵνα
1344 380 1419 451 μὴ
1445 379 1921 451 ἀναισχυντότεροι

339 461 624 530 γένωνται.
654 460 843 533 Πρὶνῆ
876 460 976 532 μὲν
999 461 1109 533 γὰρ
1138 459 1414 526 ἀποδεῖξαι
1452 461 1515 514 τὸ
1548 463 1779 533 πρᾶγμα
1797 460 1920 515 ἆτο-

340 560 464 605 πον,
517 543 931 616 ἀπηρτισμένην
960 542 1219 614 ἐξήνεγκε
1271 543 1370 614 τήν
1398 543 1693 613 ἀπόφασιν,
1727 541 1916 596 εἰπών’

348 624 535 679 Τοῦτο
559 623 628 678 δὲ
657 625 1088 696 παραγγέλλων
1115 628 1225 680 οὐκ
1250 624 1493 679 ἐπαινῶ·
1515 627 1605 679 ὅτε
1635 626 1693 679 δὲ
1712 624 1923 679 ἀπέδειο

343 706 434 771 ξεν
467 704 709 777 ἀκριϐῶς
731 706 938 760 πολλῶν
955 707 1114 772 ὄντας
1142 706 1500 779 ἐγκλημάτων
1522 707 1725 772 ἀξίους,
1762 708 1918 777 ὑφει-

344 789 487 863 μένῃ
528 789 790 861 κέχρηται
815 792 882 860 τῇ
918 790 1161 863 διαϐολῇ,
1195 793 1260 862 τῇ
1288 791 1397 844 τῶν
1424 791 1730 861 εἰρημένων
1755 808 1922 844 κατα-

342 873 514 941 σκευῇ
546 873 639 925 καὶ
689 873 960 937 ἀποδείξει
986 873 1046 926 τὸ
1094 873 1449 946 σφοδρότερον
1474 874 1571 943 τῆς
1590 873 1925 944 κατηγορίας

346 951 508 1021 ἀφεὶς
539 954 941 1010 ἐναποκεῖσθαι.
967 949 1103 1008 Εἶτα
1125 956 1217 1008 ἐπὶ
1240 955 1337 1027 τὴν
1361 954 1626 1027 μυστικὴν
1650 954 1927 1027 τράπεζαν

345 1035 533 1103 ἐξάγει
558 1035 651 1089 τὸν
682 1036 861 1105 λόγον,
888 1037 1149 1108 μειζόνως
1184 1038 1379 1101 αὐτοὺς
1404 1037 1640 1109 φοϐῆσαι
1670 1037 1928 1109 βουλόμε-

347 1135 459 1183 νος.
505 1119 645 1190 Ἐγὼ
675 1120 805 1188 γὰρ,
830 1120 982 1189 φησὶ,
1030 1119 1373 1189 παρέλαϐον
1402 1119 1521 1174 ἀπὸ
1552 1120 1658 1175 τοῦ
1683 1121 1924 1188 Κυρίου,

347 1202 383 1256 δ
414 1202 511 1257 καί
549 1201 861 1270 παρέδωκα
888 1202 1051 1271 ὑμῖν.
1095 1204 1231 1257 Ποία
1258 1202 1547 1257 ἀκολουθία
1588 1203 1764 1273 αὖτη;
1793 1203 1927 1274 Περὶ

351 1286 577 1357 ἀρίστου
615 1283 835 1358 διαλέγῃ
864 1285 1065 1351 κοινοῦ,
1089 1288 1184 1341 καὶ
1225 1286 1539 1358 μυστηρίων
1566 1285 1809 1357 φρικτῶν
1833 1286 1929 1355 μέο

352 1384 586 1439 μνησαι;
631 1369 757 1435 Ναὶ,
809 1368 992 1438 φησίν.
1025 1370 1088 1423 Εἰ
1114 1369 1222 1439 γὰρ
1244 1367 1311 1422 τὰ
1340 1369 1684 1440 πνευματικά
1725 1369 1926 1436 ἐκεῖνα,

352 1451 529 1522 εἰγάρ
560 1452 593 1521 ή
626 1448 872 1523 τράπεζα
900 1451 933 1521 ή
967 1449 1242 1522 φρικώδης
1276 1451 1430 1523 κοινὴ
1462 1454 1594 1505 πᾶσι
1623 1452 1926 1523 πρόκειται,

355 1534 448 1586 καὶ
470 1533 708 1605 πλουσίῳ
733 1534 828 1587 καὶ
869 1534 1084 1606 πένητι,
1114 1535 1209 1588 καὶ
1241 1536 1360 1606 οὐχὶ
1387 1536 1764 1607 δαψιλέστερον
1790 1537 1928 1590 ἀπο-

355 1615 506 1669 λαύει
531 1617 735 1686 ταύτης
758 1617 787 1669 ό
815 1616 1088 1682 πλούσιος,
1123 1618 1243 1671 οὐδὲ
1276 1618 1495 1672 ἔλαττον
1528 1622 1557 1672 ό
1585 1620 1775 1689 πένης,
1798 1619 1935 1675 ἀλλά

359 1699 456 1770 μία
488 1700 646 1769 τιμὴ,
675 1701 769 1753 καί
796 1700 1057 1772 πρόσοδος
1095 1700 1213 1771 μία*
1247 1701 1341 1755 καὶ
1365 1701 1471 1765 ἔως
1499 1703 1565 1755 ἂν
1597 1703 1798 1766 πάντες
1837 1719 1935 1772 με-

355 1780 600 1851 τασχῶσι
628 1784 722 1836 καὶ
751 1784 1118 1852 κοινωνήσωσι
1136 1782 1237 1852 τῆς
1265 1783 1641 1854 πνευματικῆς
1668 1784 1761 1838 καὶ
1786 1784 1935 1854 ἱερᾶς

357 1863 560 1936 ταύτης
589 1864 885 1938 τραπέζης,
906 1866 967 1920 οὐ
992 1865 1419 1920 συστέλλεταιτά
1447 1865 1803 1937 προκείμενα,
1820 1865 1934 1918 ἀλλ’

360 1946 652 2017 ἑστήκασιν
681 1950 729 2002 οί
758 1949 921 2020 ἱερεῖς
944 1947 1180 2013 ἅπαντες
1195 1989 1211 2015 ,
1230 1949 1323 2003 καὶ
1339 1947 1429 2002 τὸν
1447 1948 1664 2002 πάντων
1691 1947 1937 2001 πενέστε-

362 2046 457 2102 ρον
483 2031 576 2085 καὶ
605 2031 981 2105 εὐτελέστερον
1001 2032 1378 2102 ἀναμένοντεςο
1408 2030 1588 2102 πολλῷ
1621 2030 1819 2102 μᾶλλον
1844 2030 1939 2083 ἐπὶ

362 2112 463 2183 τῆς
493 2113 756 2184 αἰσθητῆς
778 2114 937 2168 τοῦτο
969 2113 1077 2186 χρὴ
1110 2118 1303 2170 ποιεῖν.
1342 2114 1441 2168 Διά
1478 2113 1634 2168 τοῦτο
1661 2112 1938 2185 ἐμνήσθην

362 2195 571 2249 ἐκείνου
590 2197 684 2250 τοῦ
713 2199 977 2268 κυριακοῦ
1009 2198 1246 2252 δείπνου.
1285 2197 1432 2269 Ἐγὼ
1460 2198 1569 2269 γὰρ
1600 2197 1941 2267 παρέλαϐον

362 2276 482 2331 ἀπὸ
533 2279 639 2334 τοῦ
666 2281 910 2348 Κυρίου,
953 2281 986 2334 δ
1036 2282 1135 2335 καί
1179 2281 1496 2351 παρέδωκα
1544 2280 1714 2350 ὑμῖν,
1762 2281 1853 2335 ὅτι
1907 2284 1940 2336 ὀ

366 2357 586 2427 Κύριος
650 2361 886 2430 Ἰησοῦς
932 2362 1003 2416 ἐν
1066 2361 1138 2433 τῇ
1202 2364 1391 2427 νυκτί,
1452 2357 1495 2435 ᾖ
1559 2362 1939 2431 παρεδίδοτο,

363 2441 583 2496 ἐλαϐεν
625 2441 837 2512 ἄρτον,
886 2445 983 2499 καί
1051 2444 1499 2516 εὐχαριστήσας
1542 2446 1803 2511 ἔκλεισε,
1843 2447 1943 2501 καί

364 2520 519 2578 εἴπεο
558 2524 744 2581 Τοῦτό
779 2529 898 2597 μού
966 2528 1091 2585 ἐστι
1143 2528 1209 2581 τὸ
1264 2526 1417 2601 [247]
1458 2527 1631 2597 σῶμα
1672 2529 1740 2583 τὸ
1788 2527 1943 2597 ὑπὲρ

366 2605 616 2660 πολλῶν
639 2607 946 2678 γελώμενον
999 2613 1088 2677 εἰς
1133 2610 1354 2679 ἄφεσιν
1388 2610 1701 2680 ἁμαρτιῶν.
1760 2611 1944 2667 Τοῦτο

368 2687 589 2743 ποιεῖτε
618 2692 706 2756 εἰς
750 2691 866 2759 τὴν
890 2692 1047 2762 ἐμὴν
1088 2690 1451 2762 ἀνάμνησιν.
1511 2694 1807 2760 Ὡσαύτως
1845 2694 1945 2748 καί

368 2772 438 2824 τὸ
468 2772 757 2841 ποτήριον
773 2775 925 2843 μετὰ
949 2776 1014 2828 τὸ
1054 2774 1398 2843 δειπνῆσαι,
1423 2775 1634 2847 λέγων·
1675 2774 1855 2832 Τοῦτο
1877 2778 1944 2832 τὸ

369 2854 707 2925 ποτήριονή
724 2857 900 2925 καινὴ
923 2857 1179 2927 διαθήκη
1204 2858 1380 2913 ἐστίν
1399 2858 1469 2911 ἐν
1481 2859 1561 2924 τῷ
1585 2857 1705 2928 ἐμῷ
1722 2860 1943 2929 αἵματι.

442 2938 504 2992 ε’.
523 2936 656 2993 Εἶτα
689 2939 858 2994 πολλὰ
889 2940 1189 3012 διαλεχθεὶς
1212 2941 1341 3013 περὶ
1363 2940 1472 2994 τῶν
1503 2941 1735 3007 ἀναξίως
1757 2960 1949 2997 κοινω-

372 3020 608 3075 νούντων
633 3024 748 3086 τοῖς
771 3022 1108 3094 μυστηρίοις,
1142 3025 1237 3077 καὶ
1270 3022 1473 3094 σφόδρα
1506 3023 1682 3076 αὐτῶν
1709 3023 1952 3095 καθαψά-

377 3122 538 3176 μενος
569 3106 663 3159 καί
689 3106 984 3174 διελέγξας,
1018 3106 1235 3170 διδάξας
1259 3123 1318 3158 τε
1339 3106 1422 3159 ὅτι
1459 3109 1572 3171 τοῖς
1594 3108 1683 3160 τὸν
1716 3108 1950 3179 Χριστὸν

374 3188 728 3241 ἀποκτείνασι
767 3189 866 3260 τὴν
894 3190 1065 3259 αὐτὴν
1094 3188 1489 3258 ὑποστήσονται
1518 3189 1787 3260 τιμωρίαν
1808 3191 1857 3242 οἱ
1890 3190 1952 3244 τὸ

376 3264 517 3341 αἷμα
555 3269 721 3324 αὐτοῦ
753 3272 846 3324 καὶ
872 3270 1108 3343 τὸσῶμα
1128 3269 1313 3334 ἁπλῶς
1340 3272 1433 3324 καὶ
1456 3269 1531 3335 ὡς
1555 3271 1712 3342 ἔτυχε
1739 3272 1954 3342 λαμϐά-

376 3368 579 3415 νοντες,
609 3352 772 3406 πάλιν
801 3353 882 3416 εἰς
908 3352 1004 3423 τὴν
1023 3353 1391 3426 προκειμένην
1412 3352 1667 3407 ὑπόθεσιν
1686 3353 1776 3407 τὸν
1797 3354 1952 3424 λόγον

376 3433 665 3505 ἐξήγαγεν,
717 3434 906 3489 εἰπών’
961 3435 1160 3501 Ὥστε,
1204 3434 1477 3505 ἀδελφοί,
1526 3438 1954 3505 συνερχόμενοι

376 3518 465 3582 είς
495 3515 563 3569 τὸ
619 3517 851 3586 φαγεῖν,
891 3516 1207 3584 ἀλλήλους
1262 3516 1602 3588 ἐκδέχεσθε.
1647 3520 1715 3572 Εἰ
1749 3518 1817 3572 δέ
1863 3536 1955 3587 τις

379 3596 576 3666 πεινᾷ,
601 3599 672 3652 ἐν
694 3600 838 3665 οἴκῳ
863 3599 1128 3665 ἐσθιέτω,
1166 3600 1266 3653 ἵνα
1290 3598 1376 3670 μὴ
1397 3602 1485 3666 εἰς
1517 3600 1692 3670 κριᾷια
1740 3601 1955 3672 συνέρ-

380 3684 592 3751 χησθε.
623 3683 764 3753 Ὅρα
796 3682 913 3745 πῶς
954 3682 1325 3746 λανθανόντως
1364 3682 1459 3735 καὶ
1487 3682 1819 3755 λαιμαργίαν
1858 3685 1955 3738 αὐ-

381 3763 491 3819 τῶν
514 3764 782 3834 κατέγνω,
815 3767 911 3820 καὶ
937 3767 1038 3821 οὐκ
1066 3762 1242 3830 εἶπεν,
1268 3766 1330 3819 Εἰ
1364 3765 1420 3818 δὲ
1445 3769 1687 3829 πεινᾶτε,
1729 3767 1867 3836 ἀλλ’,
1889 3771 1958 3823 El

381 3845 453 3901 δέ
484 3864 572 3914 τις
589 3847 786 3917 πεινᾷ,
810 3848 896 3902 ἵνα
922 3848 1152 3913 ἕκαστος
1184 3848 1569 3919 αἰσχυνόμενος
1600 3849 1760 3913 αὐτὸς
1790 3850 1959 3904 ὑπεύ-

384 3931 541 3995 θυνος
555 3933 789 4004 φανῆναι
808 3936 920 3997 τοῖς
934 3934 1258 4006 ἐγκλήμασι,
1278 3951 1320 3986 π
1325 3930 1567 4005 ρολαὸὼν
1579 3932 1958 4005 διορθώσηται.

385 4015 497 4071 Καὶ
541 4019 620 4087 εἰς
674 4017 947 4083 κολάσεως
987 4016 1044 4071 δὲ
1077 4015 1240 4088 φόϐον
1262 4015 1353 4071 τὸν
1391 4014 1546 4085 λόγον
1592 4013 1959 4084 κατέκλεισεν,

1428 241 1517 307 DE
1555 246 2040 309 ELEEMOSYNA.
2081 284 2150 293 -—
2187 250 2534 309 MONITUM.

3485 255 3597 314 τοο

2020 374 2209 430 είπώνο
2236 376 2370 430 Ἵνα
2408 374 2496 444 μὴ
2529 376 2621 441 εἰς
2656 374 2825 444 κρίμα
2851 372 3250 444 συνέρχησθε,
3301 377 3598 434 τουτέστιν.

2022 462 2103 524 είς
2127 459 2446 531 κατάκριμα
2460 459 2552 512 καὶ
2579 460 2659 522 είς
2683 457 3006 529 ὀνειδισμὸν.
3030 458 3105 510 UO
3136 458 3241 529 γάρ
3258 459 3374 511 ἐστι
3401 463 3599 534 τροφὴ,

2023 545 2206 615 φησὶν,
2226 544 2347 597 οὑδέ
2377 540 2625 615 τράπεζα
2651 543 2684 613 ή
2722 540 2859 612 μετά
2889 539 3150 612 αἰσχύνης
3176 540 3269 594 τοῦ
3295 540 3545 612 ἀδελφοῦ,
3565 548 3601 618 ή

2027 626 2167 696 μετά
2193 626 2650 697 καταφρονήσεως
2669 625 2771 694 τῆς
2796 624 3109 696 ἐκκλησίας,
3135 626 3168 694 ή
3212 627 3350 694 μετὰ
3367 625 3603 699 λαιμαρο

2023 710 2148 778 γίας
2179 709 2210 778 ἦ
2237 708 2474 771 ἀσωτίας
2502 709 2781 778 γινομένη.
2832 708 2949 761 Ούκ
2975 707 3121 761 ἔστιν
3150 708 3452 780 εὐφροσύνη
3472 709 3602 765 ταῦ-

2022 808 2113 849 τα.
2157 790 2295 843 ἀλλά
2338 791 2556 853 κόλασις
2590 790 2685 843 καὶ
2723 792 2980 862 τιμωρία.
3037 792 3296 863 Μεγάλην
3336 793 3446 865 γάρ
3478 795 3659 867 ἐπι-χ

2026 874 2235 927 σπᾶσθε
2256 872 2376 927 καθ’
2401 872 2613 926 ἑαυτῶν
2641 873 2797 944 δίκην
2831 874 2958 937 τοὺς
2979 873 3241 943 ἀδελφοὺς
3266 873 3600 945 ὑϐρίζοντες.
3668 877 3682 889 “’

2024 958 2126 1028 τῆς
2157 958 2452 1029 ἐκκλησίας
2497 956 2983 1029 καταφρονοῦντες,
3007 958 3184 1011 οἰκίαν
3214 957 3485 1030 ἰδιωτικὴν
3512 961 3604 1013 τὸν

2028 1040 2183 1109 ἅγιον
2226 1041 2387 1093 τόπον
2431 1040 2711 1102 ποιοῦντες
2729 1039 2816 1093 διά
2850 1040 2910 1092 τὸ
2959 1040 3081 1093 καθ’
3122 1041 3347 1105 ἑαυτοὺς
3381 1040 3600 1096 ἐσθίειν.

2029 1123 2215 1176 Ταῦτα
2231 1123 2324 1175 καὶ
2352 1124 2507 1194 ὑμεῖς
2529 1121 2880 1186 ἀκούσαντες,
2902 1120 3193 1191 ἀγαπητοὶ,
3226 1122 3607 1192 ἐπιστομίζετι

2028 1206 2153 1268 τοὺς
2189 1204 2373 1267 ἁπλῶς
2400 1207 2466 1274 τῇ
2517 1203 2846 1275 ἀποστολικῇ
2884 1203 3254 1274 κεχρημένους
3305 1204 3460 1275 ῥήσει
3509 1203 3606 1261 καὶ

2028 1287 2364 1358 διδασκαλίην
2404 1285 2678 1358 διορθοῦτε
2709 1288 2836 1351 τοὺς
2865 1288 2957 1340 ὲ.πί
2980 1286 3150 1357 βλάϐῃ
3178 1289 3243 1357 τῇ
3270 1285 3478 1341 ἑαυτῶν
3510 1287 3608 1340 καὶ

2029 1373 2096 1441 τῇ
2124 1370 2322 1438 ἐτέρων
2350 1372 2466 1432 ταῖς
2494 1370 2734 1441 Γραφαῖς
2773 1370 3168 1439 κεχρημένους.
3211 1369 3452 1437 Ἔγνωτε
3497 1370 3609 1439 γάρ

2032 1454 2161 1524 περὶ
2201 1454 2344 1516 τίνος
2386 1453 2520 1524 φησὶ
2548 1453 2629 1520 τὸ,
2676 1452 2781 1507 Δεῖ
2826 1452 2895 1506 δὲ
2924 1452 3022 1506 καί
3052 1451 3314 1521 αἱρέσεις
3336 1447 3488 1506 εῖναι
3536 1452 3609 1507 ἐν

2032 1536 2194 1604 ὑμῖν,
2240 1535 2368 1607 περὶ
2398 1537 2495 1605 τῆς
2536 1534 2881 1606 διχοστασίας
2913 1535 3012 1604 τῆς
3057 1535 3116 1588 ἐν
3154 1537 3276 1597 ταῖς
3310 1534 3609 1606 τραπέζαις

2032 1618 2345 1690 γινομένης,
2380 1618 2568 1688 ἐπειδὴ
2609 1619 2798 1688 Ὀμὲν
2822 1616 3019 1684 πεινᾷ,
3055 1621 3088 1672 ό
3116 1617 3185 1671 δὲ
3204 1618 3427 1686 μεθύει.

2106 1704 2216 1756 Καὶ
2248 1706 2387 1773 μετά
2413 1703 2512 1770 τῆς
2536 1702 2706 1773 ὀρθῆς
2737 1702 2974 1764 πίστεως
3009 1702 3104 1755 καὶ
3144 1701 3417 1755 πολιτείαν
3469 1717 3611 1771 συμ-

2035 1786 2318 1841 ϐαίνουσαν
2343 1788 2456 1849 τοῖς
2494 1784 2759 1855 δόγμασιν
2789 1782 3207 1853 ἐπιὰιξώμεθα,
3229 1782 3430 1853 πολλὴν
3482 1783 3613 1852 περὶ

2033 1870 2161 1931 τοὺς
2193 1868 2430 1938 πένητας
2483 1864 2901 1937 φιλοφροσύνην,
2953 1864 3154 1936 πολλὴν
3185 1866 3325 1936 ὑπὲρ
3357 1863 3465 1918 τῶν
3493 1864 3613 1918 δεο-

2040 1951 2215 2022 μένων
2245 1948 2556 2019 ποιούμενοι
2590 1949 2865 2021 πρόνοιανσ
2917 1947 3185 2021 ἐμπορίαν
3237 1945 3617 2019 πνευματικήν

2036 2030 2526 2103 ὲμπορευσώμεθα,
2560 2031 2722 2102 μηδὲν
2743 2030 2905 2085 πλέον
2923 2031 3024 2101 τῆς
3046 2029 3230 2100 χρείας
3248 2028 3613 2100 ἐπιζητῶμεν.

2038 2114 2210 2167 Τοῦτο
2238 2112 2486 2180 πλοῦτος,
2515 2112 2673 2166 τοῦτο
2701 2112 2962 2184 ἐμπορία,
2986 2112 3144 2166 τοῦτο
3164 2110 3434 2183 θησαυρὸς
3455 2107 3613 2162 ἀνελ-

2039 2198 2220 2269 λιπὴς,
2250 2196 2311 2249 τὸ
2327 2198 2503 2251 πάντα
2530 2197 2598 2249 τὰ
2617 2197 2747 2250 ὄντα
2762 2198 2842 2260 εἰς
2868 2197 2960 2249 τὸν
2983 2196 3212 2267 οὐρανὸν
3245 2192 3613 2264 μετατιθέναι,

2040 2283 2134 2336 καὶ
2162 2280 2383 2352 Θαρῤεῖν
2400 2279 2586 2334 λοιπὸν
2608 2280 2747 2351 ὑπὲρ
2777 2280 2876 2349 τῆς
2915 2278 3161 2350 φυλακῆς
3175 2279 3285 2331 τῶν
3314 2275 3615 2347 ἀποκειμέ-

2041 2381 2168 2418 νων.
2191 2361 2421 2417 Διπλοῦν
2440 2360 2549 2435 γὰρ
2567 2364 2700 2432 ἡμῖν
2721 2362 2828 2415 ἀπὸ
2850 2362 2948 2432 τῆς
2978 2359 3347 2431 ἐλεημοσύνης
3373 2358 3523 2412 ἔσται
3553 2357 3618 2413 τὸ

2043 2447 2253 2519 κέρδος,
2286 2447 2370 2500 ὅτι
2407 2461 2466 2499 τε
2501 2445 2684 2499 οὐκέτι
2715 2444 3031 2515 δεδοίκαμεν
3054 2443 3193 2514 ὑπὲρ
3210 2442 3319 2496 τῶν
3345 2440 3618 2510 καταϐλη·

2043 2530 2243 2587 θέντων
2269 2546 2374 2601 χρη
2383 2529 2587 2600 μάτων.
2609 2529 2820 2600 μήποτε
2848 2527 3041 2599 λῃσταὶ
3066 2528 3160 2581 καὶ
3178 2524 3500 2597 τοιχωρύχοι
3520 2524 3621 2578 καὶ

2043 2612 2268 2668 οἰκετῶν
2293 2611 2599 2682 κακουργία
2630 2611 2768 2665 αύτά
2793 2609 3124 2682 λυμήνηται,
3146 2610 3240 2662 καί⁵
3263 2610 3345 2663 ὅτι
3389 2607 3621 2677 κείμενα

2044 2697 2143 2765 οὐχ
2180 2694 2364 2759 ἁπλῶς
2392 2693 2805 2766 κατορώρυκται
2840 2692 3082 2764 ἄκαρπα·
3123 2692 3237 2746 ἀλλ’
3266 2690 3455 2761 ῶσπερ
3492 2688 3621 2761 ῥίζα

2045 2780 2104 2832 ἐν
2135 2776 2352 2848 λιπαρῷ
2376 2776 2701 2846 φυτευθεῖσα
2737 2777 2942 2846 χωρίῳ,
2969 2774 3090 2828 καθ’
3121 2774 3350 2828 ἕκαστον
3376 2772 3620 2827 ἐνιαυτὸν

2046 2858 2149 2929 ὡρί
2155 2876 2289 2928 μους
2300 2859 2453 2929 φέρει
2464 2860 2590 2923 τοὺς
2602 2859 2866 2927 καρποὺς,
2877 2856 3019 2910 οὕτω
3041 2858 3135 2910 καὶ
3148 2855 3289 2928 ἀργύ
3298 2873 3409 2927 ριον
3428 2854 3488 2909 ἐν
3500 2856 3621 2919 ταῖς

2046 2941 2155 2994 τῶν
2170 2944 2414 3011 πενήτων
2428 2957 2489 3010 χε
2498 2941 2585 3011 ρσί.
2606 2938 2964 3008 φυτευθὲν,οὐ
2985 2938 3105 2992 καθ’
3130 2938 3360 2993 ἕκαστον
3376 2936 3623 2992 ἐνιαυτὸν

2053 3023 2232 3095 μόνον,
2256 3023 2391 3076 ἀλλά
2427 3023 2521 3076 καὶ
2555 3022 2678 3075 καθ’
2712 3022 2949 3091 ἐκάστην
2978 3022 3192 3093 ἡμέραν
3218 3021 3624 3092 πνευματικῶς

2050 3106 2181 3175 ἡμῖν
2208 3106 2362 3177 φέρει
2399 3106 2526 3168 τοὺς
2550 3105 2821 3176 καρποὺς,
2850 3103 3164 3175 παρρησίαν
3194 3103 3333 3174 πρὸς
3362 3102 3452 3155 τὸν
3465 3102 3622 3165 Θεὸν,

2052 3187 2464 3259 ἁμαρτημάτων
2501 3185 2867 3258 συγχώρησιν,
2900 3185 3146 3255 ἀγγέλων
3174 3184 3473 3255 ἐγγύτητα,
3498 3199 3623 3237 συν·-

2052 3271 2190 3335 ειδὸς
2209 3269 2433 3338 ἀγαθὸν,
2464 3268 2803 3342 εὐφροσύνην
2831 3271 3202 3340 πνευματικῆς
3229 3267 3624 3336 ἀγαλλιάσεως,

2052 3353 2241 3406 ἐλπίδα
2271 3353 2728 3422 ἀκαταίσχυντον,
2759 3351 2828 3405 τά
2853 3350 3241 3422 θαυμαζόμενα
3265 3350 3464 3419 ἀγαθὰ,
3480 3348 3626 3419 ἀπερ

2055 3434 2207 3509 [248]
2222 3435 2517 3507 ήτοίμασεν
2531 3437 2560 3488 ὁ
2571 3434 2703 3499 Θεὸς
2716 3438 2826 3499 τοῖς
2841 3434 3125 3502 ἀγαπῶσιν
3140 3433 3324 3497 αὑτὸν,
3336 3432 3555 3495 καὶτοῖς
3566 3432 3628 3483 ἐν

2056 3518 2232 3589 θερμῇ
2258 3519 2351 3571 καὶ
2396 3517 2594 3589 ζεούσῃ
2626 3517 2771 3589 ψυχῇ
2803 3515 3092 3586 ὲκζητοῦσι
3118 3516 3180 3570 τδ
3208 3515 3354 3577 ἔλεος
3373 3515 3473 3586 τῆς
3505 3514 3627 3567 ἐπι-

2057 3603 2282 3674 φανείας
2308 3601 2493 3656 αὐτοῦ·
2519 3597 2587 3673 ἦς
2612 3601 2820 3671 γένοιτο
2856 3602 3065 3664 πάντας
3090 3601 3239 3672 ήμᾶς
3272 3599 3361 3653 τὸν
3390 3598 3630 3670 παρόντα

2061 3688 2173 3759 βίον
2188 3687 2492 3759 εὐαρέστως
2545 3686 2896 3750 διανύσαντας
2939 3686 3237 3755 ἐπιτυχεῖν.
3279 3683 3382 3753 τῆς
3412 3682 3630 3737 αἰωνίου

2057 3772 2166 3827 τῶν
2189 3770 2507 3839 σωζομένων
2532 3770 2728 3839 χαρᾶς,
2753 3769 2934 3838 χάριτι
2958 3768 3052 3821 καὶ
3076 3768 3378 3836 οἰκτιρμοῖς
3393 3764 3489 3819 τοῦ
3507 3765 3634 3835 ἀλη-

2060 3852 2206 3906 θινοῦ
2230 3850 2364 3905 Θεοῦ
2395 3853 2488 3905 καὶ
2516 3851 2765 3921 Σωτῆρος
2788 3851 2946 3919 ἡμῶν
2996 3848 3171 3918 Ἰησοῦ
3219 3846 3479 3918 Χριστοῦ,
3511 3840 3557 3914 ᾧ
3593 3849 3628 3917 ή

2059 3934 2189 4001 δόξα
2219 3934 2314 3986 καὶ
2341 3932 2403 3985 τὸ
2434 3933 2634 4003 κράτος
2684 3932 2781 3984 σὺν
2814 3930 2894 4001 τῷ
2921 3931 3096 4001 Πατρὶ
3138 3931 3231 3983 καὶ
3260 3927 3338 3998 τῷ
3384 3928 3634 3997 παναγίῳ

2061 4016 2226 4079 αὑτοῦ
2247 4016 2543 4087 Πνεύματι.
2564 4017 2643 4079 εἰς
2666 4015 2792 4079 τοὺς
2822 4014 3022 4078 αἰῶνας
3041 4012 3151 4067 τῶν
3177 4012 3408 4071 αἰώνων.
3437 4012 3634 4083 Ἀμήν.

416 4612 2719 4643 zw

1390 4928 1469 4989 1N
1514 4922 1931 4989 HOMILIAM
1981 4920 2085 4982 DE
2132 4916 2691 4980 ELEEMOSYNA.

422 5199 584 5271 longe
607 5193 831 5255 clarius,
861 5201 1012 5243 num.
1039 5182 1094 5250 6,
1124 5181 1217 5238 ubi
1246 5178 1419 5236 dicit:
1455 5176 1597 5233 Olim
1638 5187 1861 5243 namque
1891 5181 2009 5223 cum
2040 5166 2206 5237 {ames
2243 5174 2408 5217 totum
2448 5164 2624 5217 orbem
2662 5165 2912 5217 invasam
2952 5172 3117 5229 εδιει,
3150 5162 3304 5233 hujus
3335 5160 3566 5217 civitatis
3589 5160 3666 5232 (id

424 5327 512 5374 est
535 5312 860 5374 Antiochiae,
887 5314 947 5361 ιη
972 5302 1156 5358 videas
1183 5299 1300 5355 Act.
1335 5296 1421 5360 11,
1445 5293 1535 5363 '50)
1561 5291 1747 5346 incola:
1774 5281 2262 5356 Jcrosolymilanis,
2294 5274 2478 5334 iisdem
2503 5278 2630 5347 ipsis
2660 5279 2724 5331 de
2744 5276 2934 5347 quibus
2959 5276 3079 5346 jam
3111 5291 3281 5331 sermo
3310 5274 3549 5337 habetur,
3578 5287 3670 5343 per

431 5432 733 5497 Barnabam
758 5439 806 5484 ει
846 5424 1069 5481 Saulum
1099 5417 1346 5490 pecunias
1382 5414 1656 5468 miserum.
1700 5406 1774 5461 De
1806 5421 1947 5461 anno
1982 5411 2163 5459 autem
2191 5398 2388 5454 habita:
2411 5394 2690 5452 concionis
2718 5393 2853 5448 nihil
2883 5393 3170 5448 dicendum
3205 5390 3467 5462 suppetit.

502 5565 1008 5642 [mei-pretationem
1058 5558 1306 5615 Latinam
1363 5550 1557 5610 incerti
1611 5546 1894 5617 cujusdam
1943 5550 2130 5615 utpote
2187 5556 2295 5598 non
2352 5548 2659 5597 accuralam
2719 5534 3043 5606 rejecimua.
3104 5543 3408 5601 novamque
3457 5527 3678 5600 paravi-

436 5710 579 5751 mus.
