4110 6198
496 252 595 327 εει

1207 255 1268 313 S.
1303 254 1589 313 JOANNIS
1624 250 2117 313 CHRYSOSTOMI
2153 252 2474 310 ARCﬂIEP.
2514 249 3071 309 CONSTANTINOP.

1578 606 1841 697 ΠΕΡΙ
1894 597 2579 708 ΕΛΕΗΜΟΣΥΝ
2588 597 2731 685 ΗΣ

498 799 902 877 ,εκφωνηθείς
931 800 1001 855 ἐν
1027 797 1109 866 τῷ
1142 794 1417 868 παριέναι
1437 784 2085 859 αὑτὸνχειμῶνοςῶρςι,
2124 783 2229 877 καί
2256 782 2407 877 ἰδεῖν
2430 784 2591 877 τοὺς
2628 783 2895 861 πένητας
2916 782 3015 838 καί
3061 783 3340 854 πτωχοὺς
3406 781 3783 850 ἀνεπιμελή-

1498 899 1645 949 τους
1676 877 2064 950 ἐρριμμένους
2095 876 2248 931 κατὰ
2272 874 2391 946 τὴν
2408 874 2654 946 ἀγοράν.

569 1234 640 1283 α’.
655 1224 956 1299 Πρεσϐείαν
974 1224 1097 1279 τινὰ
1108 1225 1325 1280 δικαίαν
1342 1225 1439 1279 καὶ
1452 1223 1707 1293 λυσιτελῆ
1726 1225 1822 1277 καὶ
1837 1223 2085 1296 πρέπου-
2180 1222 2280 1295 λην
2302 1219 2399 1276 τοῦ
2420 1218 2744 1292 πράγματος
2770 1218 3004 1272 ποιεῖται
3031 1215 3131 1288 τήν
3157 1213 3417 1290 πρόνοιαν
3467 1210 3644 1280 οὗτος,
3682 1215 3777 1269 καί

502 1328 604 1367 σαν
647 1312 776 1382 ὑμῖν
807 1308 1041 1379 ἀνέστην
1072 1309 1430 1379 ποιησόμενος
1474 1308 1715 1379 τήμερον
1748 1306 1887 1378 πρὸς
1912 1307 2080 1378 ὑμᾶς·

424 1424 428 1428 ·
501 1396 689 1468 ἐτέρου
719 1393 818 1465 μιν
836 1392 1070 1456 οὐδενὸς,
1091 1391 1201 1446 τῶν
1226 1392 1285 1445 δὲ
1307 1392 1406 1463 τὴν
1450 1389 1609 1444 πόλιν
1638 1387 1933 1444 οἰκούντων
1948 1390 2086 1460 ἡμῖν

501 1476 734 1548 πτωχῶν
774 1476 869 1530 ἐπὶ
899 1474 1105 1546 ταύτην
1139 1491 1206 1545 με
1237 1472 1754 1545 χειροτονησάντων,
1780 1472 1844 1524 οὐ
1872 1473 2085 1543 ῥήμασι

503 1560 596 1615 καὶ
624 1558 940 1629 ψηφίσμασι
972 1557 1067 1612 καὶ
1103 1556 1290 1627 κοινῆς
1320 1555 1510 1627 γνώμῃ
1550 1553 1767 1626 βουλῆς,
1812 1554 1949 1608 ἀλλά
1995 1553 2087 1609 διά

500 1642 608 1696 τῶν
639 1640 928 1713 θεαμάτων
952 1639 1059 1694 τῶν
1088 1638 1338 1693 ἐλεεινῶν
1364 1639 1460 1692 καὶ
1486 1635 2090 1710 πικροτάτων.11αριὼν

501 1725 613 1795 γὰρ
636 1723 727 1778 διά
747 1723 849 1793 τῆς
873 1724 1080 1795 ἀγορᾶς
1103 1721 1331 1776 καὶτῶν
1360 1720 1672 1786 στενωπῶν,
1707 1718 1966 1791 καὶπρὸς
1988 1718 2091 1792 τὴν

503 1806 776 1878 ὑμετέραν
831 1804 1045 1859 σύνοδον
1093 1804 1376 1868 σπεύδων,
1439 1798 1560 1858 εἶτα
1611 1802 1756 1876 ὁρῶν
1799 1803 1858 1856 ἐν
1906 1802 2093 1873 μέσοις

503 1890 764 1961 ἀμφόδοις
780 1889 1149 1962 ἐρριμμένους
1164 1887 1413 1951 πολλοὺς,
1429 1886 1526 1941 καί⁸
1535 1886 1661 1950 τοῖος
1686 1885 1787 1958 μὲν
1797 1884 1895 1949 τὰς
1906 1887 2095 1957 χεῖρας

505 1969 962 2042 ἐκκεκομμένους,
982 1971 1109 2034 τούς
1124 1971 1182 2025 δέ
1206 1971 1334 2033 τούς
1353 1969 1685 2041 ὀφθαλμοὺς,
1701 1969 1828 2032 τούς
1842 1967 1899 2021 δέ
1920 1967 2097 2024 ἑλκῶν

506 2055 604 2110 καὶ
631 2053 959 2126 τραυμάτων
975 2054 1212 2109 ἀνιάτων
1237 2053 1528 2125 γέμοντας,
1554 2051 1834 2108 καὶταῦτα
1862 2052 2099 2123 μάλιστα

506 2138 909 2209 προϐάλλοντας
932 2138 1042 2192 τῶν
1074 2137 1278 2209 μερῶν,
1310 2136 1348 2191 ἀ
1379 2135 1787 2206 συγκαλύπτειν
1805 2137 2099 2205 ἀναγκαῖον

504 2218 575 2294 ἦν
594 2222 680 2275 διὸ
705 2221 805 2292 τὴν
837 2220 1268 2291 ἐναποκειμένην
1313 2220 1496 2283 αὐτοῖς
1528 2218 1818 2290 σηπεδόνα,
1864 2220 2103 2291 ἐσχάτης

506 2306 735 2377 ἐνόμισα
757 2303 1154 2374 ἀπανθρωπίας
1181 2299 1342 2366 εἶναι,
1376 2302 1439 2355 τδ
1478 2301 1555 2373 μὴ
1582 2303 1713 2373 περί
1747 2298 1954 2356 τούτων
1983 2300 2103 2356 δια-

505 2387 762 2458 λεχθῆναι
799 2386 935 2458 πρὸς
975 2387 1076 2456 τὴν
1128 2386 1408 2456 ὑμετέραν
1445 2383 1690 2457 ἀγάπην,
1726 2385 1821 2439 καὶ
1865 2384 2102 2455 μάλιστα

511 2471 648 2543 μετά
673 2470 783 2523 τῶν
820 2468 1131 2540 εἰρημένων
1153 2468 1248 2522 καὶ
1273 2466 1370 2522 τοῦ
1397 2466 1590 2538 καιροῦ
1619 2467 1758 2538 πρὸς
1796 2466 1956 2521 τοῦτο
1978 2481 2106 2520 συν-

507 2552 771 2615 ωθοῦντος
788 2553 955 2622 ἡμᾶς.
974 2552 1087 2605 ’Δεῖ
1118 2550 1218 2620 μὲν
1245 2550 1355 2621 7&9
1378 2550 1675 2618 ἀναγκαῖον
1700 2551 1829 2612 τούς
1854 2548 1982 2619 περὶ
2003 2544 2102 2620 τῆς

508 2632 881 2705 ἐλεημοσύνης
904 2633 1177 2687 ποιεῖσθαι
1203 2633 1415 2701 λόγους,
1438 2630 1628 2702 ἐπειδὴ
1661 2632 1757 2685 καὶ
1793 2633 1957 2702 ἡμεῖς
1975 2628 2104 2684 πολ·

507 2717 609 2788 λῆς
639 2716 840 2788 ταύτης
888 2715 1040 2787 παρά
1083 2715 1179 2769 τοῦ
1210 2716 1539 2787 ποιήσαντος
1580 2716 1729 2786 ήμάς
1756 2714 1988 2786 δεόμεθα
2007 2716 2104 2769 Δε-

511 2801 733 2855 σπότου·
770 2800 1002 2871 μάλιστα
1043 2798 1101 2852 δέ
1133 2799 1192 2852 ἐν
1221 2798 1301 2866 τῷ
1338 2798 1566 2869 παρόντι
1594 2797 1792 2870 καιρῷ,
1817 2799 1908 2851 ὅτε
1936 2797 2103 2861 πολὺς

509 2885 540 2937 ὁ
566 2882 793 2954 κρυμός.
837 2883 925 2935 Ἐν
959 2882 1058 2952 μὲν
1093 2880 1203 2954 γὰρ
1232 2879 1312 2952 τῷ
1359 2880 1508 2953 θέρει
1550 2881 1754 2952 πολλὴν
1807 2880 1959 2953 παρὰ
2002 2881 2103 2952 τῆς

511 2965 662 3037 ὥρας
697 2964 880 3035 έχουσι
909 2962 1264 3035 παραμυθίαν
1295 2963 1347 3016 οἱ
1381 2963 1635 3035 πένητες·
1673 2964 1767 3018 καὶ
1797 2962 1951 3038 [249]
1993 2962 2104 3034 γὰρ

512 3052 607 3105 καὶ
638 3048 879 3119 γυμνοὺς
911 3044 1150 3119 βαδίζειν
1182 3047 1487 3111 ἀκίνδυνον,
1518 3048 1641 3101 ἀντὶ
1682 3064 1749 3101 πε
1761 3048 1977 3119 ριϐολῆς
2004 3046 2104 3118 τῆς

512 3136 730 3197 ἀκτῖνος
746 3132 1027 3205 ἀρκούσης
1061 3132 1268 3196 αὐτοῖς,
1298 3133 1386 3186 ἐπ’
1423 3132 1657 3201 ἐδάφους
1690 3132 1877 3196 ἁπλῶς
1906 3130 2104 3185 καθεύ-

510 3217 626 3271 δειν
664 3216 757 3269 καὶ
781 3214 1025 3287 αἰθρίους
1071 3213 1508 3285 διανυκτερεύειν
1552 3214 1813 3284 ἀσφαλές·
1847 3215 1941 3267 καί
1978 3212 2102 3267 οὑτε

511 3300 882 3372 ὑποδημάτων
903 3300 1088 3364 αὐτοῖς
1124 3297 1281 3370 χρεία
1318 3297 1576 3370 τοσαύτη,
1610 3298 1735 3352 οὐτε
1772 3297 2100 3362 οἰνοποσίας,

512 3384 639 3440 οὔτε
668 3381 1057 3452 δαψιλεστέρας
1106 3381 1339 3452 τροφῆς,
1371 3381 1487 3436 ἀλλ’
1525 3380 1821 3454 ἀρκοῦνται
1863 3382 1960 3452 μὲν
1983 3384 2104 3445 ταῖς

512 3466 622 3521 τῶν
656 3465 863 3520 ὑδάτων
883 3467 1108 3535 πηγαῖς,
1123 3462 1492 3535 ἀρκοῦνταιδέ
1525 3466 1574 3517 οί
1595 3465 1693 3534 μὲν
1715 3464 1824 3517 τῶν
1856 3463 2103 3533 λαχάνων

518 3552 634 3613 τοῖς
659 3547 1028 3619 φαυλοτέροις,
1060 3547 1109 3599 οἰ
1145 3546 1203 3600 δὲ
1221 3548 1556 3618 σπερμάτων
1590 3547 1774 3618 ξηρῶν
1801 3546 2102 3617 ὀλιγότητι,

516 3629 778 3701 τῆςῶρας
799 3629 895 3682 τοῦ
920 3629 1072 3692 ἐτους
1095 3627 1518 3700 ἐσχεδιασμένην
1548 3629 1731 3693 αὐτοῖς
1755 3628 2103 3701 παρεχούσης

518 3715 618 3785 τὴν
648 3712 948 3783 τράπεζαν.
987 3712 1099 3766 Καὶ
1126 3711 1328 3784 ταύτης
1351 3713 1409 3767 δέ
1444 3714 1546 3767 οὐκ
1579 3712 1837 3767 ἐλάττονα
1885 3712 2100 3783 ἔχουσιν

519 3796 715 3868 ἑτέραν
742 3796 1120 3866 παραμυθίαν,
1148 3795 1249 3867 τὴν
1297 3796 1397 3868 τῆς
1457 3795 1724 3867 ἐργασίας
1757 3793 2024 3849 εὐκολίαν·
2051 3793 2103 3846 οἰ

517 3880 628 3952 7&9
663 3878 765 3945 τάς
790 3879 968 3943 οἰκίας
999 3878 1466 3952 οἰκοδομούμενοι,
1514 3880 1608 3934 καί
1627 3882 1676 3934 οί
1702 3879 1804 3951 τήν
1828 3879 1931 3951 γῆν
1970 3876 2106 3932 σκά·

519 3980 766 4028 πτοντες,
796 3964 892 4017 καὶ
914 3964 967 4018 οἰ
1006 3964 1105 4036 τὴν
1139 3964 1413 4019 θάλασσαν
1440 3965 1715 4027 πλέοντες,
1760 3963 1860 4033 τῆς
1900 3960 2105 4017 τούτων

520 4046 755 4118 μάλιστα
780 4046 995 4101 δέονται
1023 4047 1335 4118 συνεργίας.
1359 4049 1469 4103 Καὶ
1491 4049 1629 4118 ὅπερ
1647 4049 1762 4110 τοῖς
1785 4044 2105 4099 πλουτοῦσιν

514 4130 676 4200 ἀγροὶ
710 4129 803 4182 καὶ
854 4129 1023 4183 οἰκίαι
1061 4129 1157 4183 καί
1186 4129 1372 4184 λοιπαὶ
1400 4129 1670 4200 πρόσοδοι,
1698 4128 1857 4182 τοῦτο
1894 4126 2105 4191 τούτοις

512 4213 577 4265 τὸ
597 4211 758 4283 σῶμά
792 4212 907 4265 ἐστι
934 4211 1030 4265 καὶ
1065 4213 1214 4265 πᾶσα
1244 4211 1355 4266 ἀπὸ
1382 4212 1492 4265 τῶν
1523 4210 1723 4282 χειρῶν
1757 4212 1790 4280 ή
1823 4209 2102 4280 πρόσοδος,

403 4308 423 4329 ν
515 4292 780 4367 ἑτέρωθεν
832 4294 890 4347 δὲ
926 4293 1246 4366 οὐδαμόθεν.
1300 4294 1399 4348 Διά
1449 4295 1607 4348 τοῦτο
1631 4293 1822 4363 θέρους
1852 4291 1951 4362 μὲν
1971 4292 2107 4344 ἀπο-

512 4376 737 4432 λαύουσι
760 4393 905 4440 τινος
926 4375 1298 4449 παραμυθίας·
1329 4379 1386 4430 ἐν
1409 4375 1465 4429 δὲ
1496 4379 1561 4447 τῇ
1592 4374 1685 4428 τοῦ
1700 4374 1965 4444 χειμῶνος
1984 4371 2105 4444 ὥρᾳ

515 4460 687 4524 πολύς
731 4460 914 4526 αὐτοῖς
942 4460 1207 4516 πάντοθεν
1257 4461 1287 4513 ό
1321 4459 1578 4531 πόλεμος,
1619 4458 1712 4512 καί
1753 4456 1915 4527 διπλῆ
1942 4458 1974 4526 ή
2002 4472 2102 4508 πο-

515 4545 753 4619 λιορκία.
788 4544 883 4599 τοῦ
909 4543 1069 4616 λιμοῦ
1103 4544 1481 4607 κατεσθίοντος
1520 4543 1668 4597 ἔνδον
1695 4541 1766 4595 τὰ
1796 4540 2102 4610 σπλάγχνα,

513 4628 611 4682 τοῦ
643 4625 858 4699 κρυμοῦ
884 4625 1188 4696 πηγνύντος
1201 4627 1300 4697 τὴν
1331 4627 1508 4697 σάρκα
1532 4623 1754 4689 ἔξωθεν,
1780 4624 1875 4677 καί⁵
1903 4622 2105 4694 νεκράν

515 4710 905 4781 ἐργαζομένου.
948 4708 1040 4763 Διδ
1076 4710 1172 4765 καὶ
1217 4710 1462 4774 πλείονος
1515 4710 1613 4781 μὲν
1667 4709 1853 4771 αὐτοῖς
1898 4707 2104 4779 τροφῆς

512 4791 614 4858 δεῖ,
649 4791 1003 4864 ἰσχυροτέρας
1035 4791 1093 4846 δὲ
1121 4795 1220 4864 τῆς
1263 4791 1575 4864 περιϐολῆς,
1617 4790 1712 4844 καὶ
1741 4788 1961 4859 στέγης,
2008 4788 2105 4842 καὶ

517 4874 788 4938 στιϐάδος,
837 4875 930 4929 καὶ
961 4875 1341 4948 ὑποδημάτων,
1372 4876 1467 4929 καί
1499 4873 1709 4929 πολλῶν
1740 4872 1963 4944 ἐτέρων.
1994 4872 2105 4926 Καὶ

514 4958 658 5030 τὺδὴ
689 4959 903 5013 πάντων
933 4959 1332 5031 χαλεπώτερον,
1368 4959 1490 5013 οὑδέ
1531 4956 1796 5031 ἐργασίας
1836 4955 1924 5019 τίς
1953 4955 2105 5009 ἐστιν

514 5043 700 5109 αὐτοῖς
745 5041 995 5112 εὐπορία·
1018 5042 1080 5095 οὐ
1127 5043 1235 5113 7&9
1278 5040 1563 5112 ἐπιτρέπει
1590 5038 1683 5094 τοῦ
1713 5038 1866 5103 ἔτους
1890 5040 1924 5111 ή
1954 5037 2092 5111 ὥρα.

529 5124 685 5180 ’1εέπεί⁸
709 5119 802 5178 οὖν
827 5124 920 5177 καὶ
953 5123 1153 5177 πλείων
1179 5123 1413 5193 αὐτοῖςή
1441 5121 1551 5176 τῶν
1568 5122 1882 5191 ἀναγκαίων
1912 5122 2093 5193 χρεία,

516 5208 612 5262 καί⁵
643 5207 705 5262 τὸ
733 5205 1062 5279 ἐργάζεσθαι
1096 5205 1236 5277 μετά
1264 5205 1455 5259 τούτου
1485 5203 1853 5279 παρῄρηνται,
1883 5203 2097 5267 οὐδενὸς

515 5291 641 5354 τοὺς
656 5288 873 5352 ἀθλίους
905 5287 1289 5359 μισθουμένου.
1326 5288 1447 5342 οὑδὲ
1490 5288 1779 5353 καλοῦντος
1805 5289 1888 5352 είς
1913 5287 2099 5342 διακο-

515 5372 655 5436 νίαν,
684 5372 838 5443 φέρε,
863 5370 964 5436 τάς
986 5371 1092 5425 τῶν
1114 5371 1419 5443 ἐλεημόνων
1444 5371 1852 5442 άντεισάγωμεν
1906 5371 2096 5442 χεῖρας

515 5456 637 5512 ἀντὶ
668 5456 777 5510 τῶν
829 5456 1225 5529 μισθουμένων,
1273 5457 1365 5512 τὸν
1395 5456 1611 5528 ἀληθῶς
1651 5455 1963 5527 προστάτην
1996 5452 2093 5508 καὶ

516 5539 788 5611 κηδεμόνα
827 5540 938 5595 τῶν
980 5541 1040 5595 ἐν
1073 5541 1233 5613 πενία
1292 5539 1511 5606 ζώντων
1564 5539 1773 5595 Παῦλον
1826 5536 2088 5609 συνεργὸν

518 5625 652 5692 πρὸς
682 5619 780 5693 τὴν
806 5623 1100 5695 πρεσϐείαν
1134 5624 1333 5696 ταύτην
1383 5622 1655 5688 λαϐόντες.
1693 5623 1803 5677 Καὶ
1826 5622 1932 5694 γὰρ
1962 5619 2086 5675 πολ-

2182 1308 2316 1378 δσην
2350 1305 2528 1368 οὐδεὶς
2550 1303 2758 1375 ἕτερος.
2789 1299 2891 1357 Διά
2916 1313 3001 1354 τοι
3023 1299 3184 1355 τοῦτο
3201 1301 3330 1364 τοὺς
3357 1299 3609 1372 μαθητάς
3637 1299 3777 1371 πρὸς

2183 1388 2277 1443 τὸν
2309 1387 2515 1460 Πέτρον
2544 1385 2873 1458 διελόμενος,
2901 1385 3002 1457 την
3039 1385 3148 1439 τῶν
3180 1384 3428 1455 πενήτων
3456 1383 3518 1438 οὐ
3550 1383 3778 1437 διείλετο

2187 1470 2544 1544 προστασίαν·
2580 1466 2694 1524 ἀλλ’
2720 1465 2922 1532 εἰπὼν,
2942 1468 3024 1521 δτι
3054 1466 3254 1533 Δεξιὰς
3282 1468 3514 1521 ἔδωκαν
3533 1465 3661 1535 ἐμοὶ
3678 1465 3777 1519 καί

2188 1553 2464 1626 Βαρνάϐᾳ
2483 1553 2818 1619 κοινωνίας,
2834 1550 2935 1605 ἵνα
2953 1549 3126 1620 ἡμεῖς
3144 1551 3232 1618 είς
3251 1548 3323 1604 τὰ
3338 1547 3509 1618 ἔθνη,
3525 1549 3693 1603 αὐτοί
3708 1549 3779 1603 δὲ

2188 1640 2277 1706 εἰς
2287 1637 2402 1706 τὴν
2416 1635 2764 1706 περιτομὴν,
2777 1635 3046 1707 ἐπήγαγε,
3058 1636 3263 1689 Μόνον
3282 1631 3402 1687 τῶν
3417 1631 3670 1703 πτωχῶν
3679 1633 3781 1687 ἵνα

2185 1720 2677 1793 μνημονεύωμεν,
2692 1717 2724 1773 δ
2742 1717 2842 1771 καί
2865 1716 3221 1793 ἐσπούδασα
3239 1715 3386 1769 αὐτὸ
3415 1716 3592 1770 τοῦτο
3618 1714 3780 1783 ποιῆο

2190 1792 2318 1860 σαι.
2351 1802 2460 1858 Καὶ
2482 1801 2593 1873 γὰρ
2622 1798 2901 1871 πανταχοῦ
2927 1798 3036 1854 τῶν
3077 1792 3406 1853 Ἐπιστολῶν
3418 1797 3510 1851 τὸν
3524 1801 3653 1871 περί
3666 1798 3795 1852 τού.

2192 1903 2303 1942 των
2332 1885 2576 1956 εἰσφέρει
2621 1883 2802 1954 λόγον,
2851 1882 2947 1938 καὶ
2975 1882 3077 1936 οὐκ
3123 1880 3271 1935 ἔστιν
3312 1881 3495 1952 εὑρεῖν
3526 1880 3784 1951 οὐδεμίαν

2195 1969 2483 2041 ἐπιστολὴν
2507 1966 2713 2040 ταύτης
2731 1966 2891 2032 έκτδς
2925 1963 3091 2023 οὖσαν
3111 1962 3213 2037 τῆς
3242 1964 3634 2038 παραινέσεως.
3661 1961 3785 2019 (ηδε

2194 2054 2329 2129 7&9,
2355 2050 2497 2109 οἶδεν
2529 2055 2630 2124 ὅση
2658 2052 2752 2108 τοῦ
2817 2052 3146 2127 πράγματος
3181 2052 3215 2124 ή
3276 2049 3451 2121 ἰσχύς·
3495 2049 3585 2103 διά
3624 2047 3785 2103 τοῦτο

2198 2137 2451 2209 καθάπερ
2486 2136 2744 2209 οἰκοδομῇ
2786 2135 3110 2207 θαυμαστὴν
3146 2132 3349 2207 ὀροφὴν
3379 2130 3644 2196 ἐπιτιθεὶς
3665 2132 3789 2195 ταῖς

2198 2223 2413 2287 λοιπαῖς
2461 2221 2818 2293 παραινέσεσι
2867 2218 2964 2273 καὶ
2998 2216 3350 2289 συμϐουλαῖς,
3379 2217 3478 2288 τὴν
3511 2216 3641 2287 περὶ
3659 2214 3786 2270 τού-

2200 2321 2310 2363 των
2340 2305 2552 2375 εἰσάγει
2589 2304 2963 2360 διδασκαλίαν.
2988 2300 3166 2374 Ὅπερ
3198 2295 3293 2356 οῦν
3314 2301 3409 2356 καὶ
3430 2296 3665 2355 ἐνταῦθα
3693 2317 3787 2353 πε-

2199 2388 2401 2462 ποίηκε
2458 2385 2760 2460 διαλεχθεὶς
2814 2386 2943 2458 περί
2980 2384 3351 2447 ἀναστάσεως,
3408 2381 3505 2436 κα).
3548 2381 3619 2438 τά
3654 2382 3796 2438 ἀλλα

2202 2470 2505 2545 διορθώσας
2555 2472 2791 2536 ἃπαντα,
2845 2470 2927 2535 είς
2980 2469 3074 2523 τὸν
3110 2470 3239 2541 περί
3279 2468 3379 2538 τῆς
3423 2466 3794 2539 ἐλεημοσύνης

2201 2557 2468 2611 κατέλυσε
2494 2555 2672 2625 λόγον,
2707 2551 2879 2618 οὕτως
2912 2552 3102 2607 εἰπών·
3146 2552 3284 2621 Περὶ
3315 2549 3384 2605 δὲ
3413 2547 3522 2619 τῆς
3576 2552 3788 2621 λογίας

2201 2640 2315 2710 τῆς
2334 2643 2423 2707 εἰς
2442 2639 2585 2704 τοὺς
2616 2639 2846 2709 ἁγίους,
2878 2638 3074 2704 καθὼς
3095 2636 3339 2701 διέταξα
3364 2632 3493 2703 ταῖς
3539 2637 3791 2704 Ἑκκοῖη·

2202 2723 2366 2791 σίαις
2393 2721 2504 2793 τῆς
2551 2722 2876 2789 Γαλατίας,
2921 2720 3075 2775 οὕτω
3127 2721 3225 2774 καί
3256 2715 3427 2790 ὑμεῖς
3478 2719 3789 2785 ποιήσατε·

2203 2808 2357 2863 κατὰ
2405 2809 2556 2879 μίαν
2583 2806 2901 2861 σαϐϐάτων
2930 2805 3188 2871 ἕκαστος
3210 2802 3398 2874 ὑμῶν.
3434 2804 3633 2857 Σκόπει
3662 2804 3790 2858 σύν-

2202 2906 2319 2947 εσιν
2341 2889 2733 2962 ἀποστολικὴν,
2780 2889 2897 2953 πῶς
2931 2888 3206 2960 εὐκαίρως
3246 2886 3452 2956 ταύτης
3479 2886 3656 2958 ἥψατο
3689 2887 3791 2958 τῆς

2206 2976 2600 3048 παραινέσεως.
2660 2971 2880 3045 Ἐπειδὴ
2931 2971 3040 3044 7&9
3070 2971 3346 3044 ἀνέμνησε
3377 2972 3470 3026 τοῦ
3508 2971 3790 3041 μέλλοντος

2203 3058 2576 3131 δικαστηρίου,
2607 3057 2703 3111 καὶ
2739 3055 2833 3110 τοῦ
2871 3056 3114 3127 βήματος
3160 3055 3369 3110 ἐκείνου
3402 3055 3497 3109 τοῦ
3532 3054 3790 3126 φοϐεροῦ,

2205 3142 2300 3197 καί
2325 3141 2426 3212 τῆς
2452 3139 2633 3210 δόξης,
2653 3135 2721 3214 ἧς
2739 3138 3139 3211 ἀμφιέννυσθαι
3164 3136 3385 3210 ἔμελλον
3418 3140 3467 3192 οἰ
3498 3138 3787 3208 κατωρθω-

2203 3224 2384 3289 κότες,
2415 3223 2508 3278 καὶ
2537 3224 2638 3294 τῆς
2685 3221 2957 3276 ἀθανάτου
3007 3218 3310 3294 διατριϐῆς·
3350 3222 3472 3275 τότε
3504 3220 3689 3275 λοιπὸν
3711 3222 3791 3285 είς

2202 3307 2297 3363 τὸν
2324 3306 2455 3378 περί
2482 3306 2688 3360 τούτων
2726 3303 2986 3376 ἐμϐάλλει
3017 3302 3199 3373 λόγον,
3251 3300 3339 3358 ἴνα
3375 3307 3497 3368 ταῖς
3527 3307 3790 3375 χρησταῖς

2204 3389 2415 3444 ἐλπίσιν
2445 3386 2790 3451 ἀναπνεύσας
2823 3388 2917 3441 καὶ
2951 3386 3096 3458 ῥᾴων
3116 3386 3406 3458 γενόμενος
3430 3388 3458 3440 ό
3483 3388 3789 3460 ἀκροατὴς,

2206 3470 2347 3544 μετά
2394 3467 2636 3534 πλείονος
2682 3470 2844 3524 αὐτὸν
2899 3467 3259 3540 καταδέξηται
3313 3470 3413 3541 τῆς
3457 3467 3790 3542 προθυμίας,

2203 3553 2587 3625 ἐνακμάζοντα
2613 3551 2707 3606 τὸν
2738 3551 2903 3622 φόϐον
2933 3551 3086 3626 [150]
3119 3553 3258 3622 ἔχων
3279 3552 3378 3623 τῆς
3404 3552 3659 3624 κρίσεως,
3693 3553 3788 3606 καὶ

2202 3635 2590 3710 γαυριωμένην
2616 3635 2716 3707 τὴν
2735 3634 2917 3707 ψυχήν
2944 3634 3065 3700 ταῖς
3098 3634 3205 3689 τῶν
3245 3635 3622 3706 ἀποκειμένων
3648 3636 3788 3704 ἀγα-

2205 3717 2314 3775 θῶν
2340 3717 2710 3791 προσδοκίαις.
2740 3716 2800 3771 ‘0
2832 3716 2939 3790 7&9
2962 3719 3088 3789 περί
3118 3716 3469 3782 ἀναστάσεως
3495 3717 3788 3787 δυνάμενος

2204 3802 2533 3873 φιλοσοφεῖν,
2589 3798 2685 3855 καὶ
2722 3799 3069 3873 μεταστήσας
3111 3796 3305 3854 ἑαυτὸν
3362 3799 3481 3854 ὅλον
3523 3800 3662 3872 πρὸς
3689 3799 3788 3871 τὴν

2204 3886 2325 3939 ἐκεῖ
2378 3882 2545 3950 ζωὴν,
2597 3882 2751 3937 οὐδὲν
2808 3882 3079 3955 ἡγήσεται
3127 3879 3199 3936 τὰ
3238 3882 3483 3955 παρόντα
3530 3880 3693 3947 εἰναι,
3725 3882 3789 3936 ού

2205 3964 2455 4032 πλοῦτον,
2479 3966 2581 4020 οὐκ
2609 3962 2890 4037 εὐπορίαν,
2923 3965 2984 4019 οὐ
3015 3966 3259 4038 χρυσίον,
3293 3965 3394 4019 οὑκ
3409 3966 3788 4038 ἀργυρον,οὑχ

2207 4048 2436 4120 ἰματιων
2463 4047 2777 4120 περιϐολὴν,
2811 4048 2873 4102 οὐ
2904 4048 3138 4123 τρυφὴν,
3175 4048 3237 4102 οὐ
3262 4049 3538 4119 τραπέζας
3565 4047 3786 4102 πολυτε-

2204 4133 2340 4195 λεῖς,
2369 4131 2470 4184 οὐκ
2492 4130 2622 4185 ἀλλο
2652 4132 2762 4183 τῶν
2788 4130 3043 4186 τοιούτων
3085 4131 3259 4185 οὐδέν·
3294 4134 3323 4185 ό
3340 4131 3398 4185 δὲ
3424 4131 3597 4186 ταῦτα
3620 4131 3787 4202 μηδὲν

2205 4211 2349 4269 εἶναι
2399 4212 2657 4283 νομίζων,
2698 4212 3063 4286 εὐκολώτερον
3100 4215 3198 4286 τῆς
3241 4213 3350 4267 τῶν
3381 4216 3630 4285 πενήτων
3668 4213 3768 4269 ἀνθ

2206 4296 2385 4361 έξεται
2410 4295 2765 4367 προστασίας.
2810 4295 2912 4350 Διά
2959 4297 3019 4351 δέ
3054 4296 3213 4352 τοῦτο
3238 4298 3334 4352 καὶ
3361 4298 3574 4361 Παῦλος
3605 4298 3786 4363 καλῶς

2207 4378 2743 4450 προπαρασκευάσας
2790 4379 2970 4433 αὐτῶν
3006 4379 3104 4452 τήν
3151 4381 3389 4435 διάνοιαν
3426 4383 3495 4452 τῇ
3531 4381 3661 4453 περὶ
3687 4381 3786 4452 τῆς

2205 4459 2556 4525 ἀναστάσεως
2576 4460 2886 4532 φιλοσοφίᾳ,
2900 4461 3022 4514 τότε
3040 4463 3300 4534 εἰσήγαγε
3324 4463 3425 4534 τὴν
3442 4466 3783 4536 παραίνεσιν.

2276 4541 2383 4598 Καὶ
2410 4542 2512 4596 οὐκ
2538 4538 2682 4607 εἷπε,
2699 4543 2835 4614 Περί
2856 4542 2911 4596 δὲ
2942 4544 3037 4615 τῆς
3060 4544 3245 4615 λογίας
3259 4545 3357 4616 τῆς
3385 4548 3465 4606 εἰς
3490 4548 3615 4613 τοὺς
3641 4566 3789 4603 πτω-

2204 4624 2353 4695 χοὺς,
2378 4622 2519 4689 οὐδὲ,
2547 4624 2648 4695 τῆς
2678 4625 2757 4688 εἰς
2784 4626 2909 4689 τοὺς
2937 4626 3195 4697 πένητας,
3231 4626 3391 4691 ἀλλά,
3413 4624 3524 4695 τῆς
3539 4629 3628 4692 είς
3645 4625 3789 4691 τοὺς

2202 4704 2428 4773 ἁγίους·
2443 4703 2714 4760 παιδεύων
2745 4707 2873 4770 τούς
2906 4706 3204 4771 ἀκούοντας
3236 4706 3329 4760 καί
3375 4708 3502 4770 τοὺς
3529 4709 3588 4761 ἐν
3622 4707 3787 4778 πενία

2206 4786 2530 4860 θαυμάζειν,
2569 4788 2699 4842 ὅταν
2724 4789 2969 4854 εὐσεϐεῖς
3015 4785 3139 4855 ὦσι,
3188 4790 3429 4854 καὶτοὺς
3459 4792 3516 4845 ἐν
3568 4789 3788 4861 πλούτῳ

2202 4870 2503 4937 διαπτύειν,
2536 4871 2664 4925 ὅταν
2694 4873 2897 4946 ἀρετῆς
2924 4874 3356 4945 καταφρονῶσιν.
3388 4869 3509 4928 Οῐδε
3530 4872 3663 4942 γοῦν
3689 4875 3786 4928 καὶ

2207 4953 2430 5018 βασιλέα
2463 4953 2691 5026 βέϐηλον
2717 4954 2903 5009 καλεῖν
2946 4957 3040 5010 καὶ
3068 4955 3405 5029 παράνομον,
3436 4957 3564 5010 ὃταν
3589 4955 3784 5027 ἐχθρὸς

2198 5033 2231 5110 ᾖ
2264 5036 2344 5109 τῷ
2386 5036 2528 5107 Θεῷ,
2564 5037 2658 5091 καὶ
2690 5039 2941 5109 πτωχοὺς
2979 5041 3188 5109 ἀγίους,
3214 5042 3343 5096 ὅταν
3388 5042 3651 5104 ἐπιεικεῖς
3678 5033 3784 5093 ὦσι

2200 5121 2295 5174 καί¹
2322 5118 2551 5191 μέτριοι.
2584 5119 2688 5173 Τὸν
2718 5119 2849 5188 γοῦν
2901 5120 3130 5192 Νέρωνα
3184 5124 3479 5195 μυστήριον
3507 5126 3608 5194 τῆς
3659 5123 3780 5176 ἀνο-

2204 5202 2334 5275 μίας
2368 5201 2546 5268 καλεῖ,
2572 5201 2767 5272 λέγων·
2836 5203 2908 5259 Τὸ
2945 5205 3055 5275 γὰρ
3087 5206 3427 5276 μυστήριον
3475 5206 3593 5275 ἤδη
3618 5205 3782 5275 ἐνερο

2200 5285 2384 5356 νεῖται
2405 5283 2514 5355 τῆς
2545 5286 2819 5356 ἀνομίας·
2854 5286 3079 5351 τούτους
3110 5288 3167 5342 δέ
3198 5290 3293 5343 καὶ
3327 5289 3449 5344 οὐδὲ
3481 5290 3584 5360 τῆς
3609 5290 3781 5359 ἀνατ-

2202 5367 2362 5433 καίας
2385 5367 2752 5440 εὐποροῦντας
2775 5371 3001 5442 τροφῆς,
3028 5370 3144 5426 ἀλλ’
3169 5374 3234 5426 ὲκ
3269 5372 3361 5427 τοῦ
3389 5374 3633 5428 ἐπαιτεῖν
3655 5389 3781 5446 τρε-

2202 5450 2490 5522 φομένους,
2526 5452 2715 5520 ἀγίους
2744 5451 3046 5525 ὠνόμασεν.
3078 5454 3229 5527 Ἅμα
3270 5455 3326 5510 δέ
3354 5455 3636 5520 κάκείνους
3652 5454 3781 5510 λαν-

2196 5534 2465 5598 θανόντως
2495 5534 2744 5589 ἐδίδασκε
2772 5535 2846 5607 μή
2877 5536 3019 5606 μέγα
3041 5539 3289 5608 φρονεῖν,
3299 5539 3434 5611 μηδὲ
3453 5537 3779 5611 ἐπαίρεσθαι

2193 5619 2260 5690 τῇ
2284 5619 2382 5689 τῆς
2411 5617 2627 5691 ἐντολῆς
2679 5618 2844 5688 δόσει,
2876 5619 2952 5685 ὡς
2980 5621 3221 5678 εὐτελέσι
3263 5622 3374 5678 τισὶ
3423 5623 3516 5679 καί
3544 5622 3778 5679 εὐκατα-
