4110 6198
417 290 532 350 261

1752 307 1836 360 DE
1877 308 2358 364 ELEEMOSYNA.

1166 441 3665 483 ...._________________________________

3562 328 3674 385 26‘!

1400 654 1531 733 DE
1606 657 2211 739 ELEEMOSYN
2226 662 2282 737 Α
2355 661 2691 742 SERMO

427 907 699 953 lABll'US
728 905 860 951 CUM
886 907 1107 952 BIBIIS
1147 909 1445 953 TEIIPOBE
1472 908 1994 953 νωτιηειιεειτ

2097 909 2135 952 Τ
2164 910 2485 958 Μυνδίης
2525 918 2971 980 υεηωαοερυε
3010 933 3369 991 NBGle
3411 946 3697 1001 ηωεσετ

1734 1008 1798 1051 IN
1838 1006 2007 1051 F030
2046 1008 2380 1054 JACENTES.

1844 1132 2235 1146 “—

495 1228 547 1281 I.
584 1225 826 1283 Homilia:
850 1226 1005 1298 hujus
1041 1227 1283 1282 habenda
1311 1228 1527 1282 occasio.
1563 1257 1634 1266 —
1663 1225 2007 1297 Legationem

423 1318 705 1387 quamdam
727 1317 942 1388 justam,
970 1319 1152 1374 utilem
1175 1319 1431 1389 vobisque
1454 1327 1836 1389 congruentem
1862 1316 2001 1387 apud

428 1423 518 1465 vos
547 1409 789 1465 obiturus
808 1410 1007 1465 accessi
1037 1409 1231 1474 hodie;
1262 1426 1366 1464 non
1388 1412 1456 1465 ab
1479 1410 1585 1463 alio
1609 1410 1858 1480 quopiam
1885 1422 2007 1462 ora-

425 1510 507 1554 tor
532 1501 876 1567 constitutus,
904 1516 1061 1572 quam
1088 1517 1116 1555 a
1141 1502 1479 1571 pauperibus,
1499 1502 1588 1572 qui
1611 1512 1843 1556 vestram
1869 1500 2005 1554 hanc

422 1591 688 1645 civitatem
719 1591 997 1658 incolunt;
1024 1608 1127 1646 non
1160 1593 1357 1658 verbis,
1387 1608 1491 1646 non
1518 1590 1759 1656 calculis,
1790 1606 1893 1644 non
1919 1604 2004 1644 se-

424 1683 826 1737 natusconsulto
852 1682 1069 1751 missus,
1092 1684 1186 1739 sed
1209 1684 1602 1739 miserabilibus
1619 1683 2005 1738 acerbissimis-

422 1784 526 1839 que
567 1772 909 1840 spectaculis.
936 1772 1066 1827 Nam
1092 1788 1211 1827 cum
1250 1774 1316 1827 ad
1358 1784 1555 1829 emtum
1601 1782 1834 1829 vestrum
1876 1788 2002 1843 pro-

424 1879 617 1932 perans
635 1879 730 1934 per
746 1864 916 1919 forum
939 1875 992 1920 et
1008 1866 1317 1936 angiportus
1336 1867 1638 1933 transirem,
1659 1866 2001 1935 viderentque

421 1957 615 2011 multos
652 1957 846 2013 mediis
876 1959 927 2013 in
957 1958 1111 2013 biviis
1144 1959 1416 2028 jacentes,
1449 1957 1583 2013 alios
1622 1956 1851 2012 exsectis
1885 1971 2001 2011 ma-

422 2050 597 2113 nibus,
648 2049 783 2104 alios
808 2049 1018 2104 eﬂ'ossis
1058 2051 1248 2115 oculis,
1292 2050 1425 2104 alios
1473 2048 1741 2104 ulceribus
1771 2046 2003 2101 vulneri-

420 2141 625 2209 lmsque
678 2141 1060 2196 insanabilibus
1112 2141 1333 2212 plenos,
1395 2141 1617 2212 illasque
1667 2141 2001 2211 potissimum

420 2242 602 2303 partes
649 2234 982 2298 exhibentes,
1032 2248 1163 2303 quas
1208 2243 1424 2303 propter
1468 2234 1673 2289 saniem
1718 2240 2003 2302 contegere

419 2340 553 2393 opus
578 2333 694 2379 erat
725 2342 738 2376 :
763 2333 1017 2380 extrema:
1044 2324 1443 2380 inhumanitatis
1463 2340 1583 2381 esse
1609 2325 1760 2391 duxi,
1787 2326 1831 2379 si
1861 2325 1999 2394 apud

419 2418 694 2472 caritatem
730 2427 965 2472 vestram
1010 2417 1077 2472 de
1120 2416 1205 2472 his
1241 2434 1349 2472 non
1390 2417 1551 2473 verba
1600 2417 1852 2484 facerem,
1880 2432 1999 2471 cum

416 2509 647 2563 maxime
677 2517 870 2577 praeter
896 2523 981 2577 ea,
1008 2525 1127 2579 qua:
1153 2508 1291 2564 dicta
1320 2517 1463 2577 sunt,
1493 2525 1580 2566 me
1602 2518 1811 2579 tempus
1838 2510 1999 2565 etiam

417 2601 485 2655 ad
512 2616 629 2655 eam
659 2617 771 2656 rem
801 2601 1168 2671 compelleret.
1200 2602 1331 2656 Nam
1363 2617 1575 2673 semper
1618 2601 1830 2672 quidem
1866 2616 2000 2656 con-

418 2692 564 2747 venit
612 2692 680 2746 de
733 2692 1071 2764 eleemosyna
1121 2708 1424 2748 sermonem
1479 2694 1711 2759 habere,
1755 2693 1998 2765 quando-

416 2784 630 2853 quidem
654 2791 707 2837 et
737 2798 834 2838 nos
863 2784 1023 2837 multa
1054 2784 1263 2839 Domini
1287 2786 1375 2855 qui
1404 2800 1503 2849 nos
1519 2786 1757 2841 condidit
1785 2786 1995 2842 miseri-

417 2873 593 2927 cordia
637 2889 883 2943 egemus;
913 2874 1006 2929 sed
1052 2875 1151 2930 bac
1194 2885 1508 2946 tempestate
1550 2878 1808 2944 maxime,
1852 2887 1997 2933 tanta

419 2974 638 3034 urgente
656 2964 872 3035 frigore.
898 2964 1106 3021 Estate
1124 2982 1353 3036 namque
1374 2968 1627 3037 temporis
1647 2968 1997 3023 commoditas

419 3071 665 3124 maguum
712 3055 864 3111 all'ert
901 3057 1219 3126 pauperibus
1250 3057 1497 3113 solatium
1530 3076 1545 3113 :
1579 3074 1699 3112 nam
1737 3059 1819 3113 vel
1864 3058 1991 3113 nudi

415 3148 533 3202 sine
582 3148 819 3217 periculo
854 3149 1127 3204 ambulare
1172 3159 1411 3219 possunt,
1443 3165 1565 3205 cum
1610 3150 1813 3205 solares
1862 3151 1993 3206 radii

415 3238 718 3293 vestimenti
764 3239 882 3293 loco
924 3239 1049 3304 sint,
1077 3255 1196 3295 cum
1238 3248 1354 3295 tuto
1388 3241 1590 3310 possint
1620 3242 1670 3295 iu
1719 3241 1862 3295 nudo
1905 3256 1995 3310 pa-

414 3330 651 3384 vimento
680 3329 897 3393 cubare,
926 3340 980 3385 et
1009 3330 1109 3384 sub
1136 3329 1223 3385 dio
1249 3341 1433 3387 noctes
1459 3333 1790 3403 transigere;
1822 3348 1993 3404 neque

413 3419 550 3475 adeo
576 3420 953 3475 calceamentis
988 3421 1253 3492 indigent,
1273 3438 1391 3479 .non
1419 3423 1527 3477 vini
1567 3432 1715 3493 potu,
1746 3439 1851 3478 non
1881 3425 1995 3479 lau-

416 3512 550 3565 tiore
579 3510 699 3565 cibo
726 3528 739 3565 :
775 3526 896 3565 nam
922 3515 1051 3566 satis
1080 3522 1205 3567 sunt
1235 3513 1361 3582 ipsis
1388 3514 1559 3568 fontes
1585 3527 1877 3584 aquarum;
1910 3514 1993 3571 his

415 3601 604 3654 viliora
628 3602 795 3665 olera,
823 3602 925 3655 illis
947 3618 1111 3670 pauca
1132 3603 1384 3672 aridaque
1408 3604 1671 3675 legumina
1697 3604 1990 3672 sufficiunt,

412 3692 536 3744 anni
591 3700 905 3761 tempestate
956 3701 1211 3761 apparatu
1252 3691 1461 3748 facilem
1516 3694 1645 3764 ipsis
1696 3695 1993 3752 instruente

412 3796 673 3835 mensam.
700 3780 957 3851 Aliudque
998 3796 1096 3837 nec
1132 3784 1306 3836 minus
1335 3783 1673 3839 commodent
1710 3793 1834 3839 tunc
1864 3787 1992 3856 ipsis

413 3870 584 3936 adest;
612 3872 869 3941 operandi
898 3888 1089 3941 nempe
1115 3872 1335 3927 facultas
1368 3892 1382 3927 :
1409 3890 1528 3927 nam
1560 3877 1647 3945 qui
1674 3874 1864 3930 domos
1890 3892 1988 3930 ex-

413 3973 645 4029 struunt,
674 3965 763 4033 qui
812 3974 1007 4020 terram
1046 3964 1273 4029 fodiunt,
1322 3967 1411 4035 qui
1455 3968 1507 4021 in
1543 3967 1673 4021 mari
1720 3968 1985 4037 navigant,

414 4054 605 4109 borum
650 4057 880 4112 maxime
908 4058 1203 4113 ministerio
1244 4072 1379 4128 opus
1406 4058 1622 4114 habent.
1668 4060 1820 4127 Quod
1847 4061 1988 4115 enim

414 4145 667 4201 divitibus
712 4156 837 4201 sunt
891 4148 1039 4218 agri,
1092 4147 1284 4203 domus
1332 4149 1616 4219 caaterique
1668 4160 1987 4220 proventus,

414 4236 643 4307 idipsum
673 4246 755 4293 est
776 4238 883 4292 illis
904 4252 1121 4309 corpus,
1152 4249 1202 4293 et
1234 4240 1322 4311 qui
1356 4242 1597 4296 manibus
1618 4243 1791 4312 parari
1819 4252 1992 4312 potest

413 4327 617 4382 reditus
651 4345 664 4382 :
691 4328 904 4383 aliunde
930 4328 1062 4383 nihil
1099 4328 1269 4384 adest.
1299 4322 1630 4401 Quapropter
1657 4341 1843 4388 testate
1872 4332 1991 4404 qui-

413 4416 534 4472 dem
559 4418 828 4488 quidpiam
849 4418 1069 4473 oﬂ'ertur
1092 4419 1287 4485 solatii;
1313 4420 1533 4477 hiberno
1549 4432 1723 4477 autem
1752 4432 1991 4495 tempore

416 4524 664 4579 maguum
693 4509 799 4563 illis
843 4509 1075 4581 undique
1112 4511 1331 4577 bellum,
1363 4512 1556 4582 duplex
1582 4512 1787 4567 obsidio
1807 4556 1822 4580 ,
1850 4513 1991 4571 fame

415 4600 559 4655 intus
583 4602 787 4656 viscera
815 4601 1057 4668 rodente,
1090 4601 1389 4673 frigoreque
1417 4604 1751 4660 extrinsecus
1776 4620 1989 4661 carnem

414 4692 729 4763 congelante
748 4733 763 4757 ,
787 4702 843 4747 et
870 4694 1019 4763 quasi
1050 4704 1311 4748 mortuam
1344 4695 1619 4751 reddente.
1652 4694 1854 4751 Idcirco
1886 4697 1992 4752 lar-

414 4784 561 4852 giore
584 4784 726 4849 cibo,
756 4783 1004 4840 densiore
1029 4786 1221 4840 vestitu
1253 4800 1386 4856 opus
1414 4786 1637 4854 habent,
1672 4788 1992 4859 insuperque

417 4884 579 4941 tecto,
620 4884 807 4942 strato,
838 4876 1212 4932 calceamentis
1246 4880 1531 4951 multisque
1568 4881 1703 4935 aliis.
1734 4881 1991 4951 Quodque

414 4966 518 5021 illis
543 4965 786 5021 acerbius
816 4974 921 5031 est,
953 4982 1020 5021 ne
1046 4968 1296 5036 operandi
1324 4969 1536 5039 quidem
1564 4970 1864 5026 facultatem
1892 4970 1989 5025 ha-

417 5056 542 5109 bent
574 5072 587 5108 :
616 5071 789 5127 neque
823 5056 965 5111 enim
996 5055 1046 5111 id
1084 5058 1209 5112 anni
1250 5067 1535 5129 tempestas
1572 5064 1783 5132 patitur.
1813 5062 1992 5129 Quan-

413 5147 698 5217 doquidem
732 5148 889 5218 igitur
924 5149 1159 5218 pluribus
1205 5150 1439 5221 indigent
1478 5152 1646 5223 iisque
1676 5154 1992 5209 necessariis

415 5240 595 5307 rebus,
625 5256 799 5312 neque
822 5242 1074 5311 operandi
1101 5242 1320 5298 facultas
1340 5244 1508 5308 adest,
1535 5245 1747 5300 nemine
1768 5246 1993 5301 miseros

413 5332 768 5399 conducente,
801 5333 1013 5389 nemine
1036 5333 1102 5388 ad
1123 5348 1256 5405 opus
1276 5343 1515 5399 vocante,
1546 5350 1662 5405 age,
1684 5335 1990 5392 conducen-

417 5426 547 5480 tium
579 5426 715 5493 vice,
759 5425 1181 5481 misericordium
1221 5425 1494 5481 hominum
1536 5442 1725 5482 manus
1758 5430 1993 5502 porriga-

416 5532 533 5570 mus
566 5533 579 5568 :
612 5526 772 5587 atque
813 5518 879 5572 ad
910 5517 1047 5574 hanc
1091 5519 1405 5587 legationem
1447 5517 1666 5574 Paulum
1701 5535 1991 5593 egenorum

416 5620 543 5661 vere
568 5615 849 5676 patronum
874 5617 928 5663 et
956 5617 1254 5664 curatorem
1283 5609 1334 5664 in
1358 5608 1613 5680 collegam
1635 5625 1987 5667 assumamus.

418 5694 630 5751 Etenim
679 5712 922 5769 magnam
966 5700 1053 5755 ille
1084 5699 1301 5771 hujusce
1337 5700 1437 5768 rei,
1472 5709 1525 5756 ct
1553 5708 1803 5771 quantam
1834 5717 1991 5760 nemo

2113 1221 2267 1322 alius,
2301 1225 2711 1322 sollicitudinem
2742 1236 2919 1296 habet.
2964 1243 3115 1302 Unde
3158 1247 3345 1309 divisis
3379 1270 3501 1315 cum
3530 1261 3691 1322 Petro

2111 1311 2404 1412 discipulis,
2438 1336 2727 1392 pauperum
2749 1343 2929 1386 curam
2953 1350 3057 1391 non
3087 1338 3267 1397 divisit
3293 1362 3310 1399 :

2109 1404 2295 1508 xissel,
2312 1407 2549 1513 'Dextras
2575 1416 2820 1474 dederunt
2846 1425 2971 1479 mihi
2998 1437 3045 1481 et
3066 1428 3317 1490 Barnabas
3336 1404 3692 1513 mantia—ut

2107 1497 2281 1606 ‘in
2297 1497 2507 1606 gentes,
2531 1507 2631 1576 ipsi
2666 1509 2719 1563 in
2760 1513 3186 1576 circumcisionem
3219 1525 3359 1599 (Gal.
3387 1530 3441 1585 2.
3465 1534 3543 1606 9),

2101 1586 2227 1654 jecit
2250 1629 2263 1652 ,
2297 1586 2517 1646 Tantum
2564 1606 2618 1649 ut
2654 1616 2932 1671 pauperum
2970 1586 3470 1677 memores‘csscmus
3497 1586 3689 1697 .7un

2113 1674 2253 1697 4.2-..-
2294 1678 2399 1697 ,Als'
2436 1681 2465 1697 ο-
2564 1687 2582 1697 Α
2617 1687 2627 1697 α
2664 1688 2675 1697 .
2782 1694 2791 1697 -

2107 1674 2255 1785 etiam
2284 1678 2529 1785 spilicitus
2552 1687 2627 1756 fui
2653 1688 2747 1785 Itoc
2774 1694 2940 1785 ipsum
2969 1702 3135 1768 facere
3156 1703 3316 1775 (Ibid.
3360 1674 3685 1785 add)

2105 1767 2247 1864 enim
2270 1770 2461 1864 ubique
2482 1791 2581 1846 per
2599 1780 2852 1849 epistolas
2870 1767 2993 1842 suas
3016 1790 3098 1846 his
3118 1767 3186 1849 de
3208 1798 3364 1853 rebus
3382 1767 3685 1864 sertnlonem

2107 1858 2339 1965 inducit,
2361 1879 2535 1965 neque
2570 1867 2729 1925 ullam
2759 1872 2875 1942 ejus
2910 1881 3146 1947 reperias
3182 1887 3460 1955 epistolam

2106 1949 2249 2004 modi
2274 1952 2636 2015 admonitione
2658 1976 2895 2020 vacuam.
2926 1966 3139 2028 Sciebat
3161 1949 3327 2046 enim,
3352 1949 3684 2043 sciebat

2104 2309 2221 2367 loco
2250 2312 2395 2383 fecit,
2428 2332 2549 2373 cum
2573 2318 2639 2377 de
2663 2309 3061 2387 resurrectione
3083 2309 3364 2407 loquutus,

2102 2412 2293 2459 cetera
2336 2410 2514 2465 omnia
2561 2410 2918 2484 disposuerat,
2961 2422 3013 2477 in
3052 2424 3192 2485 hunc
3232 2427 3298 2485 de
3336 2410 3682 2510 eleemosyna

2107 2511 2408 2599 sermonem
2437 2501 2633 2561 desiuit
2656 2507 2738 2563 his
2766 2511 2942 2567 verbis
2965 2531 2980 2567 :
3007 2513 3086 2569 De
3109 2519 3327 2576 collectis
3354 2528 3539 2593 autem,
3568 2501 3685 2599 qua

2102 2590 2231 2658 [iant
2257 2591 2308 2646 in
2335 2606 2556 2663 sanctos,
2582 2599 2714 2652 sicut
2738 2602 2969 2657 ordinaai
2998 2602 3239 2663 Ecclesiis
3265 2609 3499 2680 Galatia,
3628 2630 3676 2675 et

2100 2694 2186 2734 vos
2226 2682 2379 2751 facile
2419 2700 2439 2739 .°
2480 2683 2533 2740 in
2573 2703 2675 2742 una
2719 2690 3039 2749 sabbatorum
3088 2701 3429 2775 unusquisque
3465 2718 3684 2765 vestrum

2101 2772 2117 2841 (
2133 2772 2148 2827 l
2165 2813 2177 2826 .
2210 2775 2326 2829 Cor.
2356 2777 2441 2832 l6.
2482 2778 2531 2833 l.
2559 2776 2639 2851 2).
2662 2780 3042 2843 Animadverte
3067 2772 3401 2859 prudentiam
3429 2802 3685 2869 apostoli-

2098 2882 2239 2932 cam,
2282 2884 2439 2938 quam
2490 2882 2788 2941 Opportune
2828 2876 2964 2933 hanc
2995 2888 3187 2937 tractet
3231 2883 3670 2946 admonitionem.

2098 2957 2383 3028 POStquam
2432 2962 2573 3016 enim
2623 2962 2857 3021 futurum
2892 2968 3151 3039 judicium
3190 2964 3245 3029 et
3275 2977 3504 3035 tribunal
3550 2980 3680 3038 illud

2099 3048 2432 3104 tremendum
2454 3066 2981 3124 commemoraverat,
3012 3076 3112 3116 nec
3134 3078 3237 3117 non
3258 3065 3480 3135 gloriam
3509 3070 3676 3139 illam,

2096 3152 2195 3207 qua
2218 3138 2501 3195 amiciendi
2531 3154 2652 3197 sunt
2674 3144 2728 3210 ii,
2753 3147 2838 3216 qui
2863 3148 3029 3218 probe
3050 3151 3305 3223 vixerint,
3331 3167 3489 3229 atque
3514 3138 3676 3218 vitam

2095 3229 2447 3286 immortalem
2477 3249 2490 3285 :
2524 3244 2649 3291 tunc
2680 3236 2897 3294 demum
2942 3239 3026 3295 his
3061 3241 3129 3297 de
3170 3232 3330 3301 rebus
3369 3262 3674 3308 sermonem

2095 3318 2275 3385 infert,
2306 3331 2363 3376 ut
2390 3323 2524 3378 bona
2550 3340 2645 3395 spe
2674 3326 2835 3383 fultus
2860 3339 3021 3401 atque
3047 3333 3347 3403 expeditior
3378 3336 3547 3395 factus
3574 3357 3668 3397 au-

2094 3410 2266 3477 ditor,
2298 3413 2502 3484 majore
2546 3414 2715 3486 ipsum
2754 3417 3027 3476 alacritate
3070 3424 3381 3493 susciperet,
3432 3436 3540 3483 tum
3594 3432 3676 3486 in-

2094 3510 2269 3557 stante
2292 3502 2477 3573 jndicii
2508 3505 2699 3561 timore
2725 3518 2921 3577 motus,
2951 3518 3062 3565 tum
3088 3514 3445 3582 repositorum
3481 3532 3675 3589 exspe-

2092 3594 2325 3651 ctatione
2352 3595 2611 3652 bonorum
2654 3600 2912 3670 gestiens.
2955 3600 3165 3658 Etenim
3203 3607 3289 3675 qui
3318 3606 3387 3662 de
3432 3624 3678 3667 resurre-

2094 3686 2270 3740 ctione
2300 3685 2662 3760 philosophari
2688 3700 2883 3760 potest,
2908 3702 2963 3748 et
2990 3692 3057 3749 ad
3086 3693 3314 3751 futuram
3340 3697 3483 3754 illam
3513 3700 3676 3756 vitam

2093 3790 2153 3830 se
2190 3784 2358 3831 totum
2400 3779 2671 3845 transfert,
2714 3782 2997 3851 praesentia
3027 3784 3179 3839 nihili
3220 3784 3398 3852 faciet,
3429 3786 3676 3857 divitias,

2098 3864 2393 3931 facultates,
2417 3884 2625 3936 aurum,
2647 3882 3299 3944 argentum,sumptuosas
3318 3887 3517 3947 vestes,
3543 3881 3679 3935 deli-

2091 3957 2203 4012 cias
2228 3999 2242 4023 ,
2285 3958 2479 4013 lautam
2525 3974 2783 4025 mensam,
2813 3970 2904 4015 aut
2931 3961 3140 4032 quidvis
3164 3964 3307 4019 aliud
3335 3966 3510 4023 simile
3542 3986 3557 4023 :
3586 3972 3678 4040 qui

2090 4060 2267 4103 autem
2297 4049 2411 4104 tunc
2436 4049 2567 4103 nihil
2598 4066 2720 4105 esse
2741 4062 2967 4121 reputat,
3000 4068 3292 4124 pauperum
3322 4058 3675 4125 patrocinium

2091 4140 2297 4195 facilius
2326 4142 2597 4211 suscipiet.
2644 4140 2875 4212 Ideoque
2920 4143 3137 4211 Paulus,
3165 4155 3449 4217 postquam
3488 4163 3679 4205 eorum

2090 4243 2323 4288 mentem
2374 4248 2468 4303 per
2522 4234 2912 4304 philosophiam
2968 4235 3114 4292 illam
3162 4238 3232 4294 de
3282 4242 3683 4299 resurrectione

2094 4324 2313 4395 pulchre
2367 4336 2790 4397 praeparaverat.
2848 4337 2976 4383 tunc
3036 4328 3465 4389 adhortationem
3522 4333 3677 4393 illam

2090 4416 2285 4471 intulit.

2164 4508 2371 4580 Pauper
2386 4510 2497 4581 pius
2522 4509 2674 4564 divite
2696 4511 2921 4581 improbo
2957 4514 3293 4583 praestantior.
3326 4514 3523 4573 Paulus
3540 4536 3676 4589 pau-

2091 4617 2233 4671 peres
2244 4617 2561 4672 summopere
2573 4612 2737 4659 curat.
2750 4598 2943 4658 —Non
2958 4603 3111 4671 dixit,
3131 4604 3206 4659 De
3225 4606 3443 4662 collecta
3462 4623 3593 4666 vero
3616 4610 3677 4666 in

2092 4691 2383 4758 mendicos,
2407 4692 2511 4761 vel,
2532 4693 2581 4747 in
2605 4708 2883 4763 pauperes;
2910 4698 3027 4761 sed,
3049 4694 3115 4748 In
3140 4708 3340 4751 sanctos
3362 4713 3381 4752 :
3400 4700 3682 4758 auditores

2094 4786 2375 4842 instituens
2404 4794 2461 4840 ut
2485 4801 2684 4857 egenos
2710 4788 3047 4843 admirationi
3078 4784 3352 4858 haberent,
3376 4793 3420 4848 si
3453 4794 3677 4864 quidem

2094 4879 2165 4933 illi
2195 4878 2268 4949 pii
2295 4888 2502 4944 essent;
2544 4879 2843 4950 divitesque
2869 4893 3211 4951 respuerent,
3234 4885 3276 4939 si
3320 4887 3567 4943 virtutem
3598 4888 3675 4944 illi

2091 4968 2450 5038 despicerent.
2491 4969 2640 5025 Solet
2676 4969 2816 5025 enim
2864 4971 3023 5025 etiam
3066 4968 3442 5042 Imperatorem
3492 4978 3671 5047 profa-

2094 5075 2220 5113 num
2265 5069 2321 5113 et
2352 5060 2586 5129 iuiqumn
2612 5075 2822 5125 vocare,
2850 5061 3062 5131 quando
3088 5062 3331 5119 inimicus
3355 5075 3437 5119 est
3464 5066 3591 5131 Dei;
3615 5076 3671 5123 et

2094 5166 2354 5223 pauperes
2381 5160 2611 5217 sanctos,
2640 5168 2760 5207 cum
2789 5154 2943 5225 probi
2972 5155 3304 5226 modestique
3333 5167 3471 5212 sunt.
3502 5157 3675 5214 Nero-

2094 5258 2215 5296 nem
2260 5243 2454 5313 quippe
2499 5244 2812 5315 mysterium
2858 5244 3148 5315 iniquitatis
3198 5255 3390 5313 vocat,
3448 5246 3670 5307 dicens:

2095 5332 2394 5404 Mysterium
2443 5333 2575 5388 enim
2616 5351 2748 5387 nunc
2792 5344 3032 5403 operatur
3071 5337 3354 5408 iniquitatis
3376 5335 3449 5409 (2.
3494 5336 3667 5395 Thess.

2092 5422 2147 5477 Ξ.
2170 5423 2261 5495 7);
2287 5423 2384 5478 hos
2405 5433 2579 5478 autem
2602 5424 2689 5494 qui
2710 5423 2975 5480 alimentis
2996 5426 3241 5497 egebant,
3264 5437 3316 5483 et
3337 5428 3673 5487 emcndicato

2095 5531 2231 5587 pane
2258 5516 2555 5580 alebantur,
2587 5526 2801 5572 sanctos
2840 5517 3087 5588 appellat.
3123 5518 3336 5574 Interim
3376 5536 3502 5576 vero
3548 5522 3673 5575 sub—

2094 5607 2321 5663 obscure
2356 5608 2511 5664 docet
2556 5608 2695 5677 illos,
2737 5624 2804 5665 ne
2844 5608 3135 5664 eﬂ'crantur
3179 5611 3391 5678 animo,
3449 5630 3579 5667 neve
3605 5613 3673 5669 de

2098 5698 2404 5775 bujusmodi
2443 5700 2696 5758 mandato
2727 5701 3046 5760 extollantur
3068 5742 3082 5771 ,
3132 5719 3191 5759 ac
3244 5703 3286 5761 si
3323 5704 3597 5763 vi'ioribus
3634 5717 3691 5761 st
