4110 6198
352 380 365 387 _
386 306 494 366 εει.

385 421 674 493 φρονήτοις
712 424 1068 490 παρέχοντας,
1111 418 1226 475 ἀλλ’
1261 422 1459 476 εἰδέναι
1491 419 1676 490 σαφῶς
1721 420 1814 473 καὶ
1843 420 1958 473 πεί⁶

382 506 498 558 θειν
533 503 778 565 ἑαυτοὺς,
809 503 888 556 ὅτι
922 504 1087 573 τιμῆς
1122 503 1457 557 ἀπολαύουσι
1513 503 1792 574 μεγίστης,
1831 520 1959 556 κατ-

384 584 700 655 αξιούμενοι
729 586 1003 636 κοινωνεῖν
1038 588 1160 648 ταῖς
1198 587 1419 639 ἐκείνων
1448 585 1711 655 θλίψεσιν.

456 666 523 738 β’.
550 654 732 733 Ἄξιον
757 665 813 718 δὲ
845 666 1065 720 κάκεῖνο
1087 667 1380 733 ἐξετάζειν.
1408 654 1555 730 τίνες
1574 668 1711 720 είσὶν
1739 654 1884 719 οῦτοι
1909 665 1959 719 οἱ

383 752 550 820 ἅγιοι·
591 748 712 803 οὐδὲ
741 746 850 817 γάρ
871 747 1106 802 ἐνταῦθα
1126 749 1306 802 αὐτῶν
1326 751 1596 820 μέμνηται
1617 749 1795 819 μόνον,
1823 746 1961 801 ἀλλὰ

382 834 478 887 καὶ
502 831 726 903 ἑτέρωθι
755 830 914 886 πάλιν
942 830 1087 885 οὕτω
1129 830 1321 899 λέγων·
1359 833 1507 885 Νυνὶ
1540 831 1608 884 δὲ
1638 832 1961 903 πορεύομαι

382 902 864 982 είςΊερουσαλὴμ
884 912 1265 982 διακονήσων
1301 913 1425 980 τοῖς
1447 913 1656 982 ἁγίοις.
1692 902 1805 965 Καί
1829 913 1962 965 Δου-

384 999 487 1061 κᾶς
511 996 570 1050 δὲ
597 999 655 1050 ἑν
683 999 803 1059 ταῖς
832 993 1093 1067 Πράξεσι,
1125 994 1285 1066 λιμοῦ
1315 995 1763 1067 προσδοκωμένου
1787 995 1959 1063 μεγάο

384 1084 498 1146 λου,
525 1082 728 1137 τούτων
754 1082 933 1136 αὐτῶν
960 1081 1307 1153 μεμνημένος
1321 1080 1428 1133 τῶν
1455 1081 1626 1150 ἁγίων
1653 1082 1807 1151 φησί·
1841 1080 1963 1134 Τῶν

383 1165 452 1220 δὲ
472 1163 773 1235 μαθητῶν,
798 1163 991 1230 καθὼς
1008 1161 1318 1232 εὐπορεῖτό
1336 1181 1444 1229 τις,
1467 1162 1686 1231 ὥρισεν
1705 1163 1964 1229 ἕκαστος

383 1248 612 1316 πέμψαι
641 1246 791 1314 πρὸς
824 1247 966 1311 τοὺς
998 1245 1273 1313 πτωχοὺς
1308 1244 1424 1299 τῶν
1445 1246 1629 1315 ἁγίων
1651 1246 1720 1298 ὲν
1760 1246 1964 1314 Ἰερου-

385 1329 614 1398 σαλήμ.
649 1330 761 1382 Kal
817 1328 1002 1391 πάλιν,
1029 1328 1058 1380 ὃ
1112 1328 1206 1380 καὶ
1231 1326 1538 1398 ἔμπροσθεν
1569 1326 1738 1398 ἔφθην
1768 1327 1959 1389 εἰπὼν,

384 1414 590 1468 Μόνον
636 1410 754 1465 τῶν
791 1410 1042 1479 πτωχῶν
1087 1410 1190 1463 ἵνα
1228 1409 1720 1478 μνημονεύωμεν,
1776 1408 1807 1463 ὃ
1862 1409 1960 1464 καί

384 1494 741 1550 ἐσπούδασα
774 1494 919 1549 αὐτὸ
953 1493 1130 1547 τοῦτο
1182 1491 1455 1560 ποιῆσαι.
1508 1491 1724 1562 Ἐπειδὴ
1748 1491 1805 1544 δὲ
1831 1491 1961 1544 διει-

385 1576 610 1648 λόμεθα,
637 1575 747 1645 ἑγὼ
798 1576 897 1646 μὲν
940 1576 1069 1638 τοὺς
1121 1574 1407 1645 Ἕλληνας,
1452 1576 1480 1628 6
1506 1574 1563 1628 δὲ
1593 1576 1794 1646 Πέτρος
1838 1576 1964 1639 τοὺς

399 1659 705 1721 Ἰουδαίους,
739 1659 891 1728 κοινῇ
911 1656 1106 1731 γνώμῃ
1143 1656 1498 1727 συνεθέμεθα,
1527 1658 1711 1726 φησὶν,
1743 1655 1883 1710 ὥστε
1906 1659 1964 1710 ὲν

386 1745 497 1807 τοῖς
531 1744 766 1812 πτωχοῖς
793 1741 867 1812 μὴ
896 1736 1158 1812 εἶναιτὴν
1189 1740 1449 1811 διαίρεσιν
1469 1738 1692 1810 ταύτην.
1714 1742 1845 1794 Ὅτε
1870 1741 1965 1809 μὲν

387 1824 495 1896 γάρ
519 1826 832 1896 ἐκήρυττον,
859 1825 888 1876 6
914 1822 1012 1893 μὲν
1044 1825 1156 1886 τοῖς
1200 1822 1495 1887 Ἰουδαίοις,
1513 1822 1541 1873 6
1573 1821 1629 1874 δὲ
1652 1825 1763 1886 τοῖς
1781 1822 1967 1893 ’Έλλη-

389 1925 474 1960 σιν
504 1909 820 1978 ἐκήρυττον·
878 1907 967 1959 ὅτε
994 1906 1051 1960 δὲ
1087 1906 1332 1975 πενήτων
1390 1905 1736 1975 προῖσταντο,
1784 1905 1967 1958 οὐκέτι

387 1987 578 2054 οὕτως,
609 1989 638 2041 6
686 1989 784 2059 μὲν
825 1978 932 2040 τῶν
978 1988 1224 2057 πενήτων
1251 1987 1360 2039 τῶν
1401 1987 1686 2050 Ἰουδαίων,
1710 1989 1738 2040 6
1773 1986 1830 2039 δὲ
1861 1986 1968 2040 τῶν

389 2075 635 2140 πενήτων
662 2071 768 2124 τῶν
810 2069 1078 2140 Ἐλλήνων
1120 2069 1298 2140 μόνον·
1344 2067 1480 2122 ἀλλὰ
1520 2069 1614 2122 καὶ
1665 2067 1773 2121 τῶν
1820 2068 1968 2138 παρὰ

401 2153 672 2215 Ἰουδαίοις
731 2153 1120 2220 πτωχευόντων
1173 2152 1402 2214 ἕκαστος
1465 2150 1666 2221 πολλὴν
1733 2153 1969 2204 ἐποιεῖτο

389 2236 661 2306 πρόνοιαν.
694 2236 787 2288 Διὸ
820 2236 913 2287 καὶ
959 2233 1110 2301 ἔλεγε
1132 2275 1144 2296 ,
1186 2232 1392 2286 Μόνον
1427 2231 1547 2286 τῶν
1585 2232 1836 2303 πτωχῶν
1869 2233 1970 2288 ἵνα

383 2318 872 2387 μνημονεύωμεν,
893 2316 923 2369 6
952 2317 1049 2370 καὶ
1070 2315 1425 2369 ἐσπούδασα
1444 2316 1591 2370 αὐτὸ
1609 2317 1782 2372 τοῦτο
1807 2314 1971 2384 ποιῆ-

389 2416 518 2452 σαι.
553 2399 709 2462 Τίνες
735 2395 827 2452 οὖν
846 2401 981 2451 εἰσιν
1012 2391 1178 2463 οῦτοι,
1219 2400 1345 2468 περὶ
1368 2392 1441 2451 ῶν
1464 2398 1696 2451 ἐνταῦθα
1724 2398 1969 2467 διαλέγε-

388 2502 499 2550 ται,
540 2484 633 2536 καὶ
653 2488 711 2536 ἐν
738 2485 805 2554 τῇ
840 2483 975 2553 πρὸς
1039 2481 1337 2552 Ῥωμαίους
1374 2482 1653 2553 ἐπιστολῇ,
1684 2483 1779 2535 καὶ
1810 2484 1866 2536 ἑν
1904 2486 1969 2555 τῇ

391 2566 527 2633 πρὸς
555 2564 816 2627 Γαλάτας,
853 2564 990 2636 ὑπὲρ
1016 2559 1093 2618 ὧν
1111 2565 1203 2618 καὶ
1234 2564 1550 2628 Μακεδόνας
1570 2565 1970 2636 παρεκάλεσεν;

391 2650 456 2702 Οἱ
490 2648 600 2701 τῶν
634 2647 905 2701 Ἰουδαίων
939 2647 1188 2716 πένητες,
1224 2648 1273 2700 οἱ
1304 2649 1362 2699 ἑν
1415 2647 1807 2719 Ἰεροσολύμοις
1835 2647 1972 2701 καθ-

391 2731 600 2802 ήμενοι.
636 2730 745 2782 Kal
782 2728 925 2792 τίνος
962 2724 1055 2781 οὖν
1088 2729 1273 2782 ’ἐνεκεν
1301 2728 1570 2801 τοσαύτην
1600 2730 1780 2784 αὐτῶν
1802 2733 1973 2783 ποιεῖ-

391 2828 479 2865 ται
504 2812 797 2884 πρόνοιαν;
853 2809 928 2883 μὴ
969 2812 1076 2882 γὰρ
1102 2811 1223 2881 ούχὶ
1261 2812 1354 2865 καὶ
1384 2812 1510 2867 καθ’.
1548 2813 1785 2884 ἑκάστην
1818 2813 1973 2867 πόλιν

392 2891 532 2967 ἦσαν
564 2895 767 2964 πτωχοὶ
793 2894 887 2947 καὶ
919 2886 1178 2964 πένητε;;
1219 2894 1271 2948 τί
1307 2894 1506 2966 δήποτε
1544 2892 1638 2949 οὖν
1674 2896 1809 2967 πρὸς
1840 2895 1977 2948 ἑκεί⁶

394 2994 519 3041 νους
568 2979 798 3047 πέμπει,
849 2976 944 3029 καὶ
987 2977 1195 3039 πάντας
1238 2977 1378 3048 ὑπὲρ
1416 2977 1596 3031 αὐτῶν
1630 2977 1973 3049 παρακαλεῖ;

395 3061 507 3131 Ούχ
531 3060 733 3124 ἁπλῶς,
759 3059 879 3112 ούδὲ
906 3060 981 3123 ὡς
1001 3058 1209 3129 ἔτυχεν,
1233 3060 1355 3112 οὐδὲ
1380 3060 1807 3131 προσωποληψίᾳ
1829 3060 1975 3132 χρώ-

399 3146 556 3215 μενός
601 3161 727 3208 τινι,
759 3142 895 3196 ἀλλά
926 3142 1073 3215 [251]
1105 3142 1390 3213 χρησίμως
1425 3144 1517 3195 καὶ
1557 3143 1969 3215 συμφερόντως.

398 3227 606 3297 Μικρὸν
646 3226 704 3280 δὲ
756 3225 1013 3296 ἀνωτέρω
1056 3225 1149 3278 τὸν
1201 3224 1356 3293 λόγον
1400 3227 1629 3294 ἀγαγεῖν
1659 3227 1973 3294 ἀναγκαῖον.

411 3309 627 3380 Ἐπειδὴ
666 3309 733 3362 τά
762 3308 871 3362 τῶν
929 3307 1200 3360 Ἰουδαίων
1235 3308 1501 3378 μετέπεσε
1540 3310 1858 3380 πράγματα,
1883 3309 1978 3363 καὶ

397 3394 488 3446 τὸν
531 3393 737 3465 Ἰησοῦν
775 3390 1207 3463 σταυρώσαντες,
1241 3390 1338 3462 τὴν
1372 3392 1552 3463 φωνὴν
1602 3393 1816 3464 ἐκείνην
1854 3392 1975 3446 καθ’

397 3475 604 3528 ἑαυτῶν
648 3475 954 3546 ἐκύρωσαν,
1000 3474 1268 3542 λέγοντες,
1303 3476 1426 3527 Οὐκ
1452 3474 1975 3543 ἕχομενβασιλέα,

398 3560 451 3611 εί
481 3557 568 3626 μὴ
613 3559 905 3625 Καίσαρα,
939 3556 1032 3611 xal
1057 3555 1241 3609 λοιπὸν
1272 3556 1378 3609 ὑπὸ
1412 3558 1509 3628 τὴν
1552 3558 1836 3628 Ῥωμαίων
1863 3558 1979 3612 ἑτέ-

401 3639 574 3710 θησαν
611 3640 804 3711 ἀρχὴν,
846 3637 968 3692 οῦτε
1022 3640 1309 3709 αὐτόνομοι
1364 3634 1524 3710 ἦσαν,
1582 3640 1833 3712 καθάπερ
1889 3641 1982 3694 καὶ

403 3723 700 3794 πρότερον,
762 3719 885 3775 οὔτε
916 3721 1144 3775 καθόλου
1180 3722 1377 3784 δοῦλοι,
1428 3722 1678 3794 καθάπερ
1726 3726 1821 3778 καὶ
1862 3722 1977 3777 νῦν·

402 3806 516 3858 ἀλλ’
543 3807 600 3858 ἑν
632 3803 783 3869 τάξει
815 3804 1117 3877 συμμάχων
1148 3805 1298 3869 ὄντες
1332 3806 1622 3872 διετέλουν,
1653 3804 1852 3877 φόρους
1883 3806 1982 3878 μὲν

401 3888 680 3951 τελοῦντες
729 3890 840 3951 τοῖς
889 3886 1198 3959 βασιλεῦσιν
1230 3889 1457 3953 ἑαυτῶν,
1510 3890 1604 3942 καὶ
1666 3890 1792 3953 τοὺς
1850 3889 1981 3959 παρ’

403 3972 628 4025 ἐκείνων
651 3972 914 4043 ἄρχοντας
959 3970 1256 4041 δεχόμενοι·
1294 3970 1563 4042 πολλαχοῦ
1594 3972 1651 4025 δὲ
1670 3976 1781 4037 τοῖς
1834 3973 1983 4037 ἰδίοις

404 4054 734 4126 κεχρημένοι
775 4055 978 4125 νόμοις,
1033 4057 1126 4108 καὶ
1163 4055 1291 4119 τοὺς
1338 4055 1470 4125 παρ’
1508 4056 1690 4119 αὐτοῖς
1745 4056 1985 4127 ἁμαρτά·

404 4154 594 4200 νοντας
634 4136 774 4191 κατὰ
800 4138 867 4189 τὰ
912 4138 1115 4208 πάτρια
1148 4134 1463 4201 κολάζοντες
1485 4137 1709 4209 νόμιμα.
1753 4138 1863 4193 Kal
1902 4138 1984 4191 ὅτι

409 4221 508 4290 μὲν
537 4220 735 4291 φόρους
790 4219 1006 4274 ἐτέλουν
1060 4221 1370 4290 Ῥωμαίοις,
1416 4220 1576 4291 δῆλον
1604 4221 1663 4288 ἐξ
1684 4214 1760 4276 ὧν
1790 4221 1985 4292 πειρά-

410 4301 592 4365 ζοντες
612 4302 704 4356 τὸν
750 4303 978 4374 Ἰησοῦν.
1003 4303 1189 4373 φησὶν,
1223 4302 1469 4373 ἠρώτων,
1499 4303 1856 4369 Διδάσκαλε,
1895 4303 1987 4369 ἐξ·

407 4401 536 4439 εστι
568 4384 777 4440 δοῦναι
826 4386 1063 4453 κῆνσον
1082 4386 1353 4454 Καίσαρι,
1395 4385 1433 4455 ἣ
1470 4387 1574 4452 οὕ;
1597 4389 1685 4441 ὅτε
1713 4389 1808 4442 καὶ
1824 4388 1987 4452 αὐτὸς

409 4468 577 4535 δεῖξαι
617 4464 879 4531 κελεύσας
924 4468 1107 4532 αὐτοῖς
1155 4469 1420 4540 νόμισμα,
1474 4467 1643 4531 εἶπεν,
1692 4470 1984 4538 Ἀπόδοτε,

410 4550 606 4620 λέγων,
648 4552 717 4606 τὰ
754 4552 1054 4619 Καίσαρος
1102 4553 1380 4620 Καίσαρι,
1435 4553 1636 4607 καὶτὰ
1684 4554 1789 4609 τοῦ
1838 4555 1987 4611 Θεοῦ

412 4633 491 4699 τῷ
518 4633 659 4701 Θεῷ.
704 4637 765 4687 ’0
793 4634 1005 4698 Λουκᾶς
1034 4634 1089 4686 δὲ
1130 4635 1222 4688 καὶ
1259 4634 1340 4688 ὅτι
1368 4636 1707 4706 στρατηγοὺς
1737 4639 1830 4690 καὶ
1853 4637 1988 4708 χιλι-

410 4718 610 4791 άρχους
653 4714 764 4789 εἶχε
802 4718 862 4771 τὸ
898 4718 1060 4789 ἱερὸν,
1089 4718 1258 4787 λέγει.
1296 4718 1369 4771 T6
1411 4718 1509 4789 μὲν
1540 4715 1633 4772 οὖν
1670 4720 1989 4775 ὑποκεῖσθαι

410 4803 537 4863 τοῦς
575 4801 860 4865 Ἰουδαίους
903 4801 1291 4870 Ῥωμαίοις,οὐ
1312 4799 1481 4870 μικρὰ
1511 4801 1681 4855 ταῦτα
1701 4800 1987 4872 δείγματα·

411 4886 495 4938 ὃτι
522 4884 579 4938 δὲ
608 4884 701 4937 καὶ
729 4885 949 4946 οἰκείοις
987 4883 1281 4953 ἐκέχρηντο
1314 4883 1522 4952 νόμοις,
1565 4883 1721 4953 δῆλον
1757 4884 1989 4939 ἐκεῖθεν·

415 4967 520 5022 Τὸν
552 4967 821 5037 Στέφανον
844 4967 1121 5031 ἑλίθασαν,
1159 4966 1259 5019 οὐκ
1286 4968 1364 5030 είς
1386 4966 1734 5038 δικαστήριον
1753 4968 1990 5037 άγαγόνυ

412 5068 523 5116 τες·
554 5053 645 5105 τὸν
682 5052 935 5107 Ἰάκωϐον
956 5052 1280 5104 ἀπέκτειναν
1296 5050 1387 5103 τὸν
1402 5050 1627 5120 ἀδελφὸν
1650 5052 1745 5106 τοῦ
1762 5052 1987 5125 Κυρίου·

412 5136 506 5189 τδν
542 5136 775 5207 Χριστὸν
808 5136 970 5190 αὑτὸν
1009 5133 1383 5205 ἐσταύρωσαν,
1420 5133 1597 5187 καίτοι
1620 5134 1712 5188 τοῦ
1736 5135 1989 5190 δικαστοῦ

414 5222 868 5291 συγχωρήσαντος
897 5218 990 5271 καὶ
1010 5218 1236 5287 ἀφέντος
1256 5215 1431 5287 πάσης
1454 5216 1616 5270 αὐτὸν
1636 5218 1988 5290 κατηγορίας.

416 5302 515 5355 Διὰ
530 5302 640 5371 γάρ
670 5301 826 5354 τοῦτο
853 5301 946 5355 καὶ
969 5300 1068 5363 τάς
1095 5302 1284 5371 χεῖρας
1312 5298 1758 5367 ἐνίψατο,λέγων·
1787 5299 1992 5368 Ἀόὧυῖς

415 5386 534 5453 είμι
560 5384 676 5438 ἀπὸ
709 5383 816 5437 τοῦ
861 5383 1110 5452 αἵματος
1146 5382 1383 5436 τούτου.
1426 5382 1535 5436 Kal
1572 5382 1757 5453 ἐπειδὴ
1788 5384 1994 5456 σφόδρα

418 5466 799 5536 ἐπικειμένους
824 5461 982 5531 εἶδεν,
1019 5464 1179 5528 αὐτὸς
1205 5463 1303 5535 μὲν
1326 5462 1425 5531 τὴν
1449 5463 1627 5535 ψῆφον
1652 5466 1752 5518 οὐκ
1777 5466 1994 5536 ἐξήνεγ-

421 5565 534 5610 κεν,
563 5547 677 5600 ἀλλ’
716 5547 949 5617 ἀπέστη·
996 5548 1194 5600 ἐκεῖνοι
1231 5544 1289 5599 δὲ
1318 5546 1495 5617 οἰκεία
1534 5546 1867 5619 χρησάμενοι
1902 5566 1993 5602 τυ-

424 5629 627 5698 ραννίδι
663 5628 724 5682 τὸ
750 5630 858 5683 πᾶν
884 5628 1023 5701 μετὰ
1063 5627 1236 5683 ταῦτα
1277 5628 1621 5701 εἰργάσαντο·
1664 5631 1756 5686 καὶ
1798 5629 1994 5702 Παύλῳ

417 5716 477 5776 δὲ
512 5710 765 5779 πολλάκις
798 5711 1064 5766 ἑπέθεντο.

1708 318 1793 373 ΜΣ
1828 317 2310 382 ELEEMOSYVA.

3529 305 3635 360 εει

2152 419 2303 471 Ἐπεὶ
2328 412 2420 472 οὖν
2453 422 2562 483 τοῖς
2591 421 2796 476 ἑαυτῶν
2834 421 3131 493 ἐκέχρηντο
3161 418 3545 489 δικαστηρίοις,
3571 421 3636 474 ἐκ

2066 503 2267 559 τούτων
2308 506 2585 561 συνέϐαινε
2632 512 2758 574 τοὺς
2805 511 2861 576 ἐξ
2912 506 3087 563 αὐτῶν
3137 508 3491 570 πιστεύοντας
3538 525 3639 577 χαι

2068 590 2271 645 λεπώτε
2282 609 2348 664 ρα
2396 594 2504 646 τῶν
2554 596 2726 649 ἄλλων
2778 596 3030 650 ἁπάντων
3080 595 3307 664 πάσχειν
3340 592 3505 648 κακά.
3549 594 3637 646 Ἐν

2070 677 2169 747 μὲν
2198 674 2289 732 οῦν
2327 682 2447 743 ταῖς
2472 678 2660 745 ἄλλαις
2683 682 2870 735 πόλεσι
2898 682 2992 735 καὶ
3015 681 3341 752 δικαστήρια
3362 681 3455 733 καὶ
3483 680 3639 750 νόμοι

2069 765 2162 818 καὶ
2185 764 2442 836 ἄρχοντες
2476 761 2634 832 ἦσαν,
2669 768 2761 821 xal
2792 768 2891 822 οὐκ
2935 767 3062 838 ἐξῆν
3107 770 3220 830 τοῖς
3249 765 3473 835 Ἕλλησι
3514 767 3640 831 τοὺς

2068 850 2129 915 ἑξ
2167 851 2343 904 αὐτῶν
2371 852 2765 923 ἀποπηδῶντας
2799 854 2973 925 οίκείᾳ
3017 853 3287 924 τυραννίδι
3318 852 3350 923 ἢ
3384 852 3638 921 σφάττειν

2067 938 2099 1009 ἢ
2155 936 2412 1003 λιθάζειν,
2459 938 2492 1010 ἢ
2538 939 2665 993 ἄλλο
2716 957 2769 992 τι
2818 940 3056 993 τοιοῦτον
3097 938 3389 992 διατιθέναι
3442 938 3643 1003 αὐτοὺς

2068 1023 2254 1075 κακόν·
2291 1023 2405 1097 ἀλλ’
2455 1025 2508 1078 εἴ
2546 1042 2631 1088 τις
2678 1025 2819 1079 ἑάλω
2864 1025 3101 1078 τοιοῦτόν
3142 1042 3194 1079 τι
3239 1024 3450 1095 τολμῶν
3488 1023 3642 1097 παρά

2066 1107 2165 1180 τὴν
2215 1108 2325 1162 τῶν
2369 1096 2696 1174 δικαζόντων
2741 1109 2950 1181 ψῆφον,
2982 1111 3077 1164 καὶ
3115 1111 3275 1174 αὐτὸς
3314 1110 3632 1174 ἐκολάζετο·

2071 1196 2221 1266 παρὰ
2277 1197 2333 1249 δὲ
2387 1199 2499 1259 τοῖς
2544 1197 2816 1261 Ἰουδαίοις
2874 1197 3012 1268 μετὰ
3064 1196 3261 1267 πολλῆς
3293 1196 3466 1250 ταῦτα
3508 1213 3641 1265 συγ-

2070 1283 2351 1354 κεχώρητο
2376 1284 2475 1355 τῆς
2500 1284 2766 1351 ἐξουσίας.
2808 1286 2905 1338 Διὰ
2948 1284 3013 1355 δὴ
3041 1285 3197 1337 τοῦτο
3223 1284 3438 1338 πάντων
3471 1284 3645 1337 δεινό-

2069 1386 2226 1442 τερον
2256 1370 2494 1441 ἔπασχον
2526 1374 2573 1424 οί
2603 1370 2664 1436 ἐξ
2689 1372 2912 1425 ἐκείνων
2946 1372 3320 1435 πιστεύοντες,
3364 1371 3551 1443 ῶσπερ
3585 1372 3642 1425 ὲν

2073 1457 2259 1528 μέσοις
2286 1458 2683 1530 ἀπειλημμένοι
2706 1459 2910 1523 λύκοις,
2942 1462 3034 1513 καὶ
3066 1459 3254 1512 οὐδένα
3276 1460 3366 1514 τὸν
3398 1459 3643 1531 ἐξαιρού-

2074 1563 2234 1616 μενον
2263 1546 2495 1618 ἔχοντες.
2531 1547 2687 1602 Οὕτω
2724 1549 2853 1618 γοῦν
2889 1550 2981 1602 καὶ
3028 1548 3118 1602 τὸν
3167 1548 3377 1602 Παῦλον
3421 1548 3645 1619 ἐμαστί-

2071 1650 2202 1701 γουν
2228 1634 2504 1698 πολλάκις·
2538 1636 2631 1688 καὶ
2660 1637 2824 1690 ἄκουε
2846 1634 3008 1689 αὑτοῦ
3034 1634 3192 1690 τοῦτο
3230 1635 3513 1703 δηλοῦντος
3551 1635 3646 1689 καὶ

2071 1719 2336 1788 λέγοντος·
2365 1721 2655 1788 Πεντάκις
2676 1721 3126 1791 τεσσαράκοντα
3156 1722 3315 1789 παρὰ
3343 1722 3491 1791 μίαν
3525 1721 3644 1776 ὑπὸ

2085 1806 2380 1861 Ἰουδαίων
2424 1808 2665 1873 ἔλαϐον,
2711 1809 2835 1877 τρὶς
2873 1808 3290 1877 ἐρῤαὸδίσθην,
3329 1807 3490 1871 ἅπαξ
3525 1808 3647 1861 6.1L-

2075 1896 2325 1964 θάσθην.
2374 1898 2484 1949 Kal
2524 1898 2606 1950 ὃτι
2647 1898 2709 1951 o6
2743 1897 3049 1968 στοχασμὸς
3076 1897 3138 1951 τὸ
3169 1898 3475 1969 εἰρημένον,
3512 1897 3648 1970 γρά-

2075 2000 2190 2053 φων
2219 1983 2354 2055 πρὸς
2383 1983 2671 2055 Ἑϐραίους
2691 1987 2718 2039 6
2733 1984 2945 2048 Παῦλος
2964 2001 3147 2055 φησιν·
3178 1984 3649 2054 Ἀναμιμνήσκε-

2075 2074 2185 2126 σθε
2224 2071 2331 2137 τὰς
2382 2074 2673 2139 πρότερον
2722 2071 2965 2141 ἡμέρας,
3015 2072 3085 2124 ἐν
3119 2068 3216 2138 αἷς
3254 2071 3651 2142 φωτισθέντες

2075 2156 2318 2225 πολλὴν
2357 2157 2621 2226 ἄθλησιν
2656 2161 3011 2228 ὑπεμείνατε
3057 2156 3437 2227 παθημάτων,
3474 2156 3649 2212 τοῦτο

2069 2245 2187 2315 μὲν
2216 2245 2577 2316 ὀνειδισμοῖς
2602 2246 2700 2301 καί
2726 2248 2972 2316 θλίψεσι
3002 2244 3449 2315 θεατριζόμενοι,
3474 2246 3651 2301 τοῦτο

2076 2331 2144 2385 δὲ
2183 2334 2453 2388 κοινωνοί
2501 2332 2621 2386 τῶν
2674 2334 2827 2387 οὕτω
2872 2336 3235 2402 πασχόντων
3279 2332 3648 2402 γενηθέντες.

2078 2419 2185 2472 Καὶ
2234 2421 2343 2490 γὰρ
2388 2419 2505 2489 τὴν
2549 2420 2828 2489 ἁρπαγὴν
2870 2420 2988 2473 τῶν
3038 2423 3432 2490 ὑπαρχόντων
3484 2419 3652 2488 ὑμῶν

2072 2505 2221 2577 μετὰ
2268 2505 2459 2576 χαρᾶς
2502 2507 2971 2577 προσεδέξασθε,
3018 2504 3416 2577 γινώσκοντες
3462 2507 3651 2574 κρείτ-

2078 2611 2223 2648 τονα
2268 2595 2529 2661 ὕπαρξιν
2569 2595 2732 2664 ἔχειν
2777 2595 2847 2649 ἐν
2891 2595 3171 2662 οὐρανοῖς
3199 2593 3296 2648 καί
3319 2594 3651 2663 μένουσαν.

2078 2680 2189 2734 Kal
2220 2680 2643 2744 Θεσσαλονικέας
2671 2681 2729 2735 δὲ
2758 2680 3111 2753 παρακαλῶν,
3141 2679 3363 2744 τούτους
3385 2681 3463 2745 είς
3491 2679 3655 2751 μέσον

2079 2768 2306 2838 ἤγαγεν·
2357 2766 2556 2837 ’Υμεῖς
2585 2766 2695 2837 γὰρ
2719 2769 2967 2837 μιμηταὶ
3007 2768 3349 2838 ἐγενήθητε,
3381 2766 3652 2836 ἀδελφοί,

2080 2853 2199 2908 τῶν
2231 2854 2611 2921 Ἐκκλησιῶν
2634 2854 2739 2909 τοῦ
2773 2855 2921 2910 Θεοῦ
2949 2854 3069 2909 τῶν
3089 2850 3294 2910 οὐσῶν
3313 2856 3384 2909 ἐν
3404 2853 3477 2923 τῇ
3501 2852 3655 2926 [252]

2093 2940 2364 3008 Ἰουδαίᾳ,
2396 2941 2486 2995 ὅτι
2514 2942 2610 2995 καί
2640 2942 2808 3012 ὑμεῖς
2839 2943 3082 2997 τοιαῦτα
3113 2942 3360 2997 ἐπάθετε
3383 2941 3503 2998 ὑπὸ
3537 2940 3658 2994 τῶν

2085 3028 2247 3081 ίδίων
2285 3027 2717 3098 συμφυλετῶν,
2762 3028 3027 3099 καθάπερ
3075 3029 3339 3083 κάκεῖνοι
3380 3029 3501 3084 ὑπὸ
3539 3027 3659 3082 τῶν

2096 3114 2418 3170 Ἰουδαίων.
2459 3116 2611 3169 Ἐπεὶ
2636 3111 2729 3169 οῦν
2757 3115 2974 3171 πάντων
3002 3115 3358 3186 χαλεπώτερα
3384 3114 3620 3185 ἔπασχον
3637 3153 3657 3175 ,

2084 3204 2177 3256 καὶ
2224 3202 2286 3254 o6
2334 3202 2493 3273 μόνον
2520 3202 2622 3256 οὐκ
2662 3203 2939 3272 ἡλεοῦντο,
2986 3202 3122 3257 ἀλλὰ
3153 3202 3247 3255 καὶ
3278 3201 3346 3255 τὰ
3386 3201 3515 3256 ὄντα
3549 3199 3656 3270 ἀφ-

2084 3289 2312 3363 ῃροῦντο
2325 3289 2559 3349 ἅπαντα,
2574 3291 2667 3345 καὶ
2680 3291 2875 3361 ἤγοντο
2890 3291 2984 3344 καὶ
2999 3290 3273 3360 ἐφέροντο,
3286 3288 3379 3343 καὶ
3396 3287 3658 3343 πάντοθεν

2086 3377 2396 3448 ἠλαύνοντο,
2425 3377 2650 3441 εἰκότως
2681 3380 2807 3442 τοὺς
2831 3376 3163 3448 πανταχόθεν
3188 3376 3281 3430 ἑπὶ
3304 3376 3404 3445 τὴν
3435 3374 3660 3428 ἐκείνων

2086 3463 2369 3535 ἀντίληψιν
2397 3463 2673 3536 διεγείρει.
2704 3466 2814 3519 Kal
2840 3464 3073 3519 ἐνταῦθα
3098 3464 3258 3518 πάλιν
3286 3464 3424 3535 ὑπὲρ
3456 3462 3661 3517 τούτων

2086 3551 2265 3606 αὐτῶν
2299 3552 2605 3621 παρακαλεῖ
2637 3552 2974 3624 Κορινθίους,
3016 3551 3190 3622 λέγων
3210 3567 3224 3581 ·
3256 3550 3393 3619 Περὶ
3428 3549 3497 3603 δὲ
3548 3548 3662 3617 τῆς

2086 3641 2296 3709 λογίας
2332 3641 2419 3703 εἰς
2443 3639 2586 3707 τοὺς
2613 3642 2840 3711 ἁγίους,
2875 3639 3071 3708 καθὼς
3104 3639 3346 3705 διέταξα
3368 3637 3498 3704 ταῖς
3530 3638 3664 3694 Ἕκα

2088 3730 2372 3797 κλησιῗαις
2423 3729 2536 3799 τῆς
2583 3728 2881 3795 Γαλατίας
2905 3766 2921 3792 ,
2953 3728 3107 3783 οὕτω
3143 3727 3241 3781 καί
3278 3724 3447 3797 ὑμεῖς
3491 3725 3664 3795 ποιή-

2089 3829 2133 3867 σ
2134 3830 2259 3868 ατε.

2160 3896 2397 3964 γ’.Τίνες
2426 3895 2523 3967 μὲν
2546 3889 2637 3949 ὀῦν
2666 3895 2803 3946 εἰσιν
2828 3892 2876 3945 οί
2908 3892 3053 3960 ἅγιοι
3079 3882 3247 3956 οῦτοι,
3270 3890 3364 3943 καὶ
3387 3891 3438 3942 τί
3464 3890 3664 3962 δήποτε

2089 3976 2309 4030 πλείονα
2336 3978 2473 4047 ὑπὲρ
2507 3974 2685 4029 αὐτῶν
2717 3976 2948 4027 ποιεῖται
2977 3972 3250 4044 πρόνοιαν,
3301 3971 3501 4033 ἱκανῶς
3525 3972 3662 4024 ἀπυ-

2089 4057 2354 4112 δέδεικται
2379 4075 2392 4089 ·
2418 4056 2573 4112 δεῖδὲ
2597 4055 2784 4108 λοιπὸν
2816 4054 3066 4127 ζητῆσαι,
3092 4052 3237 4117 τίνος
3268 4053 3453 4106 ἕνεκεν
3491 4052 3665 4107 Γαλα-

2088 4145 2198 4199 τῶν
2236 4144 2527 4217 μέμνηται.
2578 4142 2678 4197 Διὰ
2702 4141 2755 4195 τί
2791 4141 2899 4212 γὰρ
2934 4142 3008 4213 μη
3048 4135 3188 4193 εἷπε·
3214 4141 3349 4213 Περὶ
3377 4139 3551 4212 δὲτῆς
3577 4138 3665 4194 λο-

2090 4233 2215 4303 γίας
2247 4234 2344 4303 τῆς
2366 4234 2445 4296 εἰς
2475 4232 2602 4294 τοὺς
2630 4229 2815 4299 ἁγίους
2837 4228 2993 4282 τοῦτο
3024 4227 3285 4298 ποιήσατε
3311 4245 3324 4259 ·
3365 4228 3507 4281 κατὰ
3536 4226 3664 4299 μίαν

2094 4319 2381 4373 σαϐϐάτων
2417 4319 2647 4381 ἕκαστος
2700 4315 2852 4387 ὑμῶν
2910 4313 3039 4385 παρ’
3091 4314 3270 4385 ἑαυτῷ
3326 4314 3520 4369 τιθέτω
3563 4316 3662 4386 θηο

2096 4406 2387 4482 σαυρίζων·
2410 4406 2525 4461 ἀλλ’
2554 4402 2746 4468 εἰπὼν,
2777 4401 2913 4471 Περὶ
2935 4400 3045 4469 τῆς
3061 4401 3270 4471 λογίας
3290 4399 3399 4469 τῆς
3417 4404 3503 4469 εις
3525 4403 3665 4470 τοὺς

2093 4496 2322 4565 ἁγίους.
2353 4492 2549 4559 καθὼς
2574 4489 2818 4554 διέταξα
2843 4487 2967 4554 ταῖς
3000 4488 3378 4555 Ἐκκλησίαις
3409 4486 3517 4555 τῆς
3549 4491 3666 4543 Γα‹

2094 4582 2328 4647 λατίας,
2346 4580 2500 4634 οὕτω
2519 4578 2617 4632 καὶ
2645 4576 2813 4646 ὑμεῖς
2838 4574 3163 4642 ποιήσατε;
3183 4575 3341 4640 Τίνος
3362 4571 3455 4629 06v
3481 4576 3663 4631 ἕνεκεν

2094 4666 2255 4720 τοῦτο
2278 4668 2441 4730 ποιεῖ,
2464 4665 2557 4719 καῖ¹
2586 4664 2706 4718 οὐδὲ
2738 4664 2888 4735 μιᾶς,
2914 4662 3034 4715 οὐδὲ
3062 4662 3174 4728 δύο,
3203 4662 3324 4716 οὐδὲ
3344 4663 3510 4735 τριῶν
3534 4667 3665 4718 ἀνα-

2099 4753 2395 4827 μιμνῄσκει
2449 4751 2690 4815 πόλεων,
2756 4749 2892 4804 ἀλλὰ
2939 4748 3124 4813 ἔθνους
3172 4750 3497 4822 ὁλοκλήρους
3548 4751 3664 4806 Ἵνα

2095 4840 2313 4893 πλείονα
2340 4836 2595 4902 δέξωνται
2620 4835 2949 4909 προθυμίαν,
2979 4838 3072 4889 καὶ
3090 4836 3158 4890 τά
3195 4837 3395 4907 ἑτέρων
3415 4836 3664 4909 ἐγκώμια

2096 4929 2277 4991 αὐτοῖς
2323 4924 2577 4988 ὑπόθεσις
2621 4923 2844 4996 γένηται
2877 4922 3059 4993 ζήλου.
3097 4921 3231 4977 Εἶτα
3260 4923 3407 4993 λέγει
3452 4925 3663 4978 καὶτὸν

2095 5016 2315 5087 τρόπον,
2372 5013 2492 5067 καθ’
2524 5012 2584 5066 ὃν
2629 5010 2836 5077 διέταξε
2861 5028 2876 5043 ·
2928 5010 3089 5065 Κατὰ
3131 5012 3281 5080 μίαν
3320 5011 3665 5073 σαϐϐάτων,

2097 5102 2283 5175 φησὶν,
2314 5102 2575 5167 ἕκαστος
2602 5099 2768 5171 ὑμῶν
2793 5101 2927 5167 παρ’
2946 5097 3137 5163 ἑαυτῷ
3162 5102 3363 5154 τιθέτω
3384 5102 3667 5168 θησαυρί-

2098 5190 2207 5251 (xor
2234 5189 2267 5243 ὅ
2286 5206 2339 5242 τι
2367 5185 2443 5243 ἂν
2470 5187 2772 5250 εὐοδῶται,
2806 5188 2907 5240 ἵνα
2926 5183 3034 5255 μὴ,
3060 5185 3205 5238 ὅταν
3225 5186 3397 5243 ἔλθω.
3425 5188 3557 5241 τότε
3572 5191 3670 5242 .10-

2097 5278 2215 5348 γίαι
2239 5276 2532 5347 γίνωνται.
2554 5274 2697 5328 Μίαν
2722 5272 3005 5326 σαϐϐάτων
3020 5270 3118 5342 τὴν
3142 5271 3405 5344 κυριακὴν
3421 5273 3663 5328 ἐκάλεσε.

2098 5366 2208 5419 Kal
2234 5364 2375 5427 τίνος
2396 5364 2583 5417 ἕνεκεν
2604 5362 2803 5432 ταύτην
2836 5359 3064 5425 ἐπέταξε
3085 5363 3151 5432 τῇ
3174 5363 3401 5432 είσφορᾷ
3421 5361 3517 5433 τὴν
3540 5363 3668 5435 ἡμιι-

2100 5466 2229 5523 ρανς
2258 5448 2344 5502 διά
2369 5449 2422 5502 τί
2462 5447 2536 5519 μὴ
2569 5444 2709 5510 εἶπε,
2742 5448 2806 5517 τῇ
2842 5445 3072 5516 δευτέρᾳ
3110 5446 3218 5499 τῶν
3254 5447 3558 5514 σαϐϐάτων,
3598 5454 3663 5523 τῇ

2099 5539 2256 5611 τρίτῃ
2306 5535 2414 5589 τῶν
2466 5534 2749 5615 σαϐϐάτων
2769 5573 2782 5595 ,
2808 5533 2841 5605 ἦ
2868 5532 3049 5596 αὐτοῖς
3076 5534 3187 5594 τοῖς
3234 5533 3526 5605 σάϐϐασιν;
3556 5539 3664 5613 Οὐχ

2102 5624 2306 5687 ἁπλῶς,
2341 5622 2461 5676 οὐδὲ
2489 5620 2641 5701 είκῆς
2658 5621 2793 5675 ἀλλὰ
2819 5619 3137 5692 βουλόμενός
3162 5636 3285 5676 τινα
3315 5624 3407 5677 xal
3434 5624 3541 5679 άπὸ
3571 5625 3668 5680 τοῦ

2102 5711 2294 5787 καιροῦ
2323 5711 2507 5766 λαϐεῖν
2526 5710 2842 5783 συμμαχίαν
2865 5708 2943 5772 είς
2973 5705 3032 5761 τδ
3057 5707 3494 5784 προθυμοτέρους
3522 5712 3650 5781 ποιῆ
