4110 6198
383 339 491 395 285

381 451 566 523 Neque
603 449 745 505 enim
775 463 937 520 parva
966 462 1055 505 res
1088 447 1338 505 omnibus
1377 447 1428 503 in
1452 447 1684 519 negotiis
1709 448 1964 519 temporis

383 542 775 614 opportunitas.
823 540 888 595 Et
923 540 1047 611 quid
1069 582 1084 608 ,
1115 539 1264 596 dices
1286 581 1302 607 ,
1348 541 1761 609 opportunitatis
1806 539 1966 595 habet

381 644 632 702 tempus,
674 641 729 686 ut
765 633 889 701 quis
926 630 1306 702 persuadeatur
1351 632 1748 702 eleemosynam
1791 630 1967 687 dare?

380 725 533 793 Quod
561 724 659 778 hac
689 723 775 778 die
800 723 869 777 ab
906 723 1052 778 omni
1081 738 1242 793 opere
1267 732 1510 780 cessetur
1530 765 1546 789 ,
1576 722 1717 794 quod
1748 722 1966 779 hilarior

379 817 592 870 animus
614 829 678 868 eu
707 814 806 868 hac
829 814 1007 884 quiete
1033 815 1302 880 reddatur,
1322 816 1570 886 quodque
1586 818 1824 870 omnium
1853 829 1966 869 ma-

379 909 580 961 ximum
612 915 694 958 est
717 946 732 970 ,
764 905 906 974 quod
936 905 1026 960 illo
1053 905 1140 961 die
1177 906 1471 961 innumeris
1508 905 1746 961 fruamur
1785 905 1958 960 bonis.

380 996 491 1052 Hac
517 996 714 1067 quippe
736 996 826 1051 die
849 995 1020 1051 soluta
1047 1011 1193 1052 mors
1220 1005 1324 1062 est,
1349 997 1610 1052 exstincta
1635 994 1960 1061 maledictio,

377 1088 612 1143 deletum
653 1097 927 1157 peccatum
951 1129 968 1153 ,
998 1097 1164 1158 portae
1201 1088 1356 1143 inferi
1394 1087 1715 1152 confracta).
1756 1087 1963 1143 vinctus

377 1179 623 1234 diabolus
643 1220 658 1246 ,
688 1178 995 1234 diuturnum
1021 1179 1219 1236 bellum
1249 1179 1572 1250 diremptum
1595 1220 1610 1244 ,
1639 1178 1959 1234 reconciliati

378 1272 489 1328 Deo
529 1271 774 1327 homines
796 1312 812 1338 ,
841 1281 1189 1342 nostrumque
1226 1287 1394 1342 genus
1417 1270 1484 1326 ad
1510 1271 1784 1342 pristinam
1808 1310 1824 1335 ,
1855 1270 1961 1324 imo

378 1365 554 1434 potius
579 1365 645 1418 ad
671 1363 829 1434 longe
854 1363 1110 1434 majorem
1145 1363 1475 1419 nobilitatem
1501 1362 1657 1418 rediit
1684 1379 1698 1415 :
1727 1362 1961 1432 viditque

374 1459 455 1514 sol
485 1457 851 1512 admirandum
879 1457 1006 1512 illud
1035 1456 1397 1527 spectaculum
1417 1498 1433 1523 ,
1465 1455 1736 1511 hominem
1760 1455 1958 1513 factum

376 1550 754 1606 immortalem.
787 1549 912 1604 llzec
938 1551 1114 1604 omnia
1141 1557 1195 1604 et
1223 1549 1344 1604 talia
1376 1549 1558 1603 volens
1583 1548 1696 1617 ipse
1727 1546 1880 1603 nobis
1905 1547 1957 1601 in

377 1639 690 1695 memoriam
712 1653 981 1705 revocare,
1006 1639 1146 1694 diem
1168 1639 1314 1693 illum
1335 1638 1387 1694 in
1410 1638 1642 1694 medium
1653 1637 1958 1702 attulit,ceu

377 1734 431 1789 in
463 1733 778 1788 advocatum
810 1732 957 1786 illum
976 1746 1276 1796 assumens,
1307 1741 1364 1786 ut
1393 1731 1612 1801 singulis
1639 1730 1780 1784 dicat
1807 1747 1821 1782 :
1849 1729 1958 1783 Co-

374 1825 504 1894 gita,
529 1823 708 1888 homo,
736 1831 867 1892 quot
888 1822 1232 1892 qualibusque
1255 1822 1408 1877 bonis
1425 1821 1656 1876 donatus
1674 1821 1747 1874 sis
1776 1819 1954 1886 hodie,

377 1924 509 1986 quot
536 1915 853 1985 quantisque
893 1913 1047 1968 malis
1074 1922 1289 1982 ereptus
1319 1929 1332 1965 :
1363 1912 1533 1981 qualis
1558 1926 1678 1966 cum
1706 1911 1850 1979 prius
1874 1924 1958 1964 es-

375 2021 484 2065 ses.
516 2006 684 2074 qualis
709 2015 890 2076 postea
920 2003 1086 2058 factus
1116 2003 1209 2058 sis.
1237 2001 1388 2070 Quod
1414 2003 1458 2058 si
1486 2002 1600 2056 dies
1629 2000 1830 2056 natales
1857 2015 1957 2055 no-

374 2106 514 2151 stros
542 2096 844 2161 recolintus,
874 2096 1023 2150 multi
1051 2104 1228 2150 autem
1253 2095 1392 2149 servi
1423 2094 1583 2149 etiam
1610 2108 1704 2150 eos
1722 2135 1736 2158 ,
1765 2093 1957 2163 quibus

374 2187 619 2245 libertate
645 2187 824 2242 donati
853 2199 975 2240 sunt
995 2229 1008 2251 ,
1042 2201 1233 2256 magno
1259 2200 1380 2240 cum
1411 2185 1616 2240 honore
1642 2184 1953 2251 celebrant,

374 2280 444 2332 ita
479 2289 534 2332 nt
561 2279 649 2332 alii
675 2279 915 2334 convivia
943 2278 1168 2341 faciant,
1200 2277 1287 2330 alii
1315 2284 1490 2330 autem
1519 2276 1795 2332 liberiores
1817 2274 1955 2330 dona

374 2372 668 2441 largiantur
693 2387 708 2423 :
736 2370 902 2424 multo
931 2369 1098 2438 magis
1126 2382 1222 2421 nos
1254 2368 1393 2422 hunc
1422 2367 1560 2422 diem
1592 2367 1832 2420 venerari
1862 2381 1957 2436 par

372 2473 474 2525 est.
504 2478 662 2532 quem
692 2477 798 2517 non
823 2463 1099 2528 erraverit,
1127 2461 1172 2515 si
1201 2461 1318 2530 quis
1342 2461 1503 2517 totius
1529 2460 1772 2515 humana:
1797 2470 1954 2515 natu-

371 2570 448 2610 rai
473 2556 613 2610 diem
641 2555 868 2609 natalem
899 2553 1184 2609 vocaverit.
1233 2553 1428 2608 Perditi
1457 2553 1600 2606 enim
1625 2566 1868 2618 eramus,
1900 2561 1954 2607 et

373 2649 571 2703 inventi
603 2663 820 2710 sumus;
853 2646 1083 2711 mortui,
1113 2654 1166 2699 et
1193 2645 1505 2711 revisimus;
1539 2645 1760 2709 inimici,
1786 2654 1841 2699 ct
1864 2660 1955 2700 re-

371 2738 641 2794 conciliati
681 2752 884 2793 sumus.
929 2737 1266 2807 Quapropter
1292 2751 1414 2792 eum
1456 2737 1657 2792 honore
1692 2736 1953 2806 spirituali

371 2834 551 2888 colere
575 2849 668 2903 par
689 2841 789 2898 est,
809 2847 911 2886 non
933 2832 1210 2895 conviviis,
1225 2847 1330 2886 non
1353 2832 1457 2886 vini
1482 2839 1628 2901 potu,
1654 2849 1757 2888 non
1780 2832 1954 2888 ebrieo

373 2932 505 2989 tate,
531 2939 634 2977 non
662 2922 923 2992 tripudiis.
946 2921 1038 2976 sed
1065 2921 1313 2976 fratribus
1336 2922 1532 2976 nostris
1554 2923 1953 2992 pauperioribus

372 3014 440 3068 ad
471 3030 646 3070 rerum
673 3018 880 3084 copiam
909 3013 1170 3068 adductis.
1207 3012 1332 3068 llaec
1357 3013 1478 3067 dico
1507 3029 1612 3068 non
1643 3023 1700 3069 ut
1727 3013 1952 3070 laudetis

372 3113 599 3170 tantum,
631 3105 726 3160 sed
753 3112 811 3158 ut
838 3105 996 3160 etiam
1030 3104 1327 3158 imitemini.
1355 3103 1432 3158 Ne
1454 3105 1648 3172 putetis
1675 3105 1814 3160 enim
1838 3103 1953 3161 haec

374 3196 441 3252 ad
463 3196 766 3252 Corinthios
781 3197 952 3252 solum
973 3195 1113 3251 dicta
1135 3196 1316 3264 fuisse,
1337 3196 1431 3253 sed
1451 3197 1611 3251 etiam
1627 3196 1692 3251 ad
1712 3207 1951 3252 nostrum

371 3287 608 3357 singulos
626 3295 676 3342 et
699 3286 766 3342 ad
790 3287 1086 3352 universos,
1109 3287 1198 3357 qui
1220 3296 1338 3357 post
1360 3286 1521 3341 futuri
1545 3295 1690 3341 sunt.
1720 3287 1950 3357 ldipsnm

371 3393 501 3433 vero
528 3378 780 3434 faciamus
799 3377 940 3448 quod
963 3377 1158 3432 Paulus
1185 3377 1433 3448 praecepit
1461 3394 1476 3432 :
1503 3385 1557 3433 et
1575 3377 1661 3434 die
1685 3377 1952 3434 dominico

371 3469 735 3540 unusquisque
764 3478 1004 3525 nostrum
1033 3468 1176 3524 domi
1205 3484 1336 3539 opes
1360 3469 1654 3526 dominicas
1684 3480 1906 3541 reponat
1935 3488 1948 3525 ε

371 3563 546 3632 sitque
589 3560 690 3617 hoc
714 3561 800 3617 lex
828 3571 883 3617 et
906 3560 1234 3617 consuetudo
1262 3561 1622 3629 immutabilis,
1657 3578 1828 3633 neque
1852 3563 1950 3618 ad-

371 3652 666 3710 monitione
689 3651 944 3722 deinceps
972 3651 1058 3707 vel
1082 3652 1304 3707 consilio
1326 3666 1460 3722 opus
1483 3653 1588 3708 erit
1617 3653 1771 3708 nobis
1799 3671 1814 3708 :
1841 3669 1949 3709 non

371 3744 514 3800 enim
541 3751 743 3798 tantum
778 3742 920 3797 valet
946 3756 1124 3797 sermo
1151 3749 1205 3796 et
1227 3741 1519 3798 admonitio
1537 3783 1554 3808 ,
1585 3753 1839 3814 quantum
1867 3746 1950 3800 in-

372 3844 612 3892 veterata
649 3834 998 3891 consuetudo.
1030 3833 1087 3890 Si
1131 3833 1235 3888 hoc
1268 3842 1563 3890 statuamus
1585 3875 1601 3901 ,
1629 3844 1689 3889 ut
1730 3837 1952 3906 singulis

372 3925 657 3982 dominicis
675 3925 875 3995 aliquid
899 3925 952 3979 in
973 3923 1267 3979 subsidium
1289 3938 1580 3994 pauperum
1601 3924 1948 3994 deponamus,

372 4032 442 4072 ne
468 4017 680 4089 quidem
707 4017 752 4072 si
777 4024 1041 4073 sescentae
1063 4023 1285 4087 urgeant
1305 4015 1670 4081 necessitates,
1702 4015 1838 4070 hanc
1869 4016 1947 4072 leo

371 4124 490 4180 gem
523 4109 988 4179 transgrediemur.

445 4199 631 4254 Omnes
654 4197 1020 4269 elumosguam
1039 4213 1130 4267 pro
1150 4197 1334 4253 viribus
1353 4197 1477 4251 dare
1493 4207 1720 4268 oportet;
1747 4197 1953 4252 eleemo-

370 4307 498 4361 syna
517 4306 633 4344 cum
668 4287 854 4360 gaudio
891 4287 1182 4359 eroganda;
1210 4289 1536 4358 eleemosyna:
1557 4288 1701 4341 ritus.
1722 4318 1790 4328 -—
1803 4288 1952 4342 Post-

372 4395 530 4450 quam
559 4395 685 4434 vero
709 4378 878 4442 dixit,
909 4377 1011 4432 Per
1037 4395 1188 4432 unum
1212 4378 1438 4441 sabbati,
1473 4378 1740 4442 subdidit,
1777 4377 1950 4434 Unus-

370 4470 576 4538 quisque
603 4477 836 4523 vestrum.
866 4466 983 4523 Non
1011 4466 1206 4522 divites
1236 4475 1437 4521 tantum
1463 4467 1726 4536 alloquor,
1760 4467 1948 4537 inquit,

372 4560 465 4614 sed
508 4560 666 4615 etiam
697 4573 996 4630 pauperes;
1028 4573 1134 4612 non
1163 4557 1359 4612 liberos
1397 4567 1598 4612 tantum
1624 4598 1640 4625 ,
1670 4559 1763 4614 sed
1790 4559 1950 4614 etiam

371 4665 588 4716 servos;
634 4666 740 4706 non
764 4649 907 4706 viros
932 4649 1092 4705 modo
1116 4690 1132 4712 ,
1160 4649 1252 4704 sed
1277 4659 1334 4704 et
1356 4650 1606 4706 mulieres
1635 4668 1651 4705 :
1681 4651 1854 4706 nullus
1884 4652 1954 4707 sit

371 4743 438 4796 ab
466 4742 566 4797 hoc
591 4741 886 4797 ministerio
915 4741 1182 4807 immunis,
1211 4756 1382 4811 neque
1410 4740 1510 4796 hoc
1541 4742 1691 4796 lucro
1717 4757 1911 4798 vacuus
1929 4783 1944 4808 ,

371 4833 465 4888 sed
499 4833 862 4903 unusquisque
889 4830 1078 4886 offerat
1100 4847 1116 4884 :
1140 4845 1312 4900 neque
1340 4831 1608 4886 collationi
1634 4831 1756 4886 huic
1779 4831 1952 4887 obstet

372 4921 568 4990 inopia.
591 4922 1089 4991 Quantumcumque
1108 4922 1249 4975 enim
1270 4935 1471 4990 pauper
1489 4921 1582 4987 sis,
1611 4936 1717 4976 non
1742 4935 1803 4977 es
1822 4935 1953 4991 pau-

370 5014 549 5082 perior
572 5012 728 5068 vidua
759 5013 846 5068 illa
866 5054 882 5079 ,
913 5027 1033 5082 qua:
1057 5027 1270 5067 omnem
1298 5012 1648 5068 substantiam
1678 5028 1828 5068 suam
1855 5027 1951 5070 ex-

371 5102 550 5158 hausit
575 5103 593 5172 (
622 5101 745 5157 Luc.
767 5102 860 5157 2i.
884 5102 1022 5172 2-1).
1073 5102 1567 5174 Quantumcumque
1604 5118 1804 5174 pauper
1839 5103 1947 5169 sis,

369 5209 474 5250 non
498 5208 558 5249 es
580 5195 864 5265 pauperior
890 5194 1114 5250 muliere
1137 5193 1374 5260 Sidonia,
1401 5209 1520 5264 qua:
1547 5194 1668 5250 licet
1694 5195 1949 5264 pugillum

372 5284 556 5342 l'arinte
587 5295 790 5342 tantum
822 5285 1076 5351 haberet,
1107 5302 1174 5340 ne
1201 5287 1278 5340 sic
1307 5285 1519 5355 quidem
1543 5285 1611 5340 ab
1636 5283 1951 5353 ειοίνίθηάο

371 5377 630 5447 prepheta
657 5377 887 5433 cohibita
908 5387 1024 5442 est;
1052 5378 1146 5433 sed
1178 5378 1298 5433 licet
1320 5379 1724 5432 circumstantes
1753 5375 1950 5431 liberos

369 5469 595 5532 videret,
629 5477 1008 5540 urgentemque
1035 5467 1225 5523 famem
1248 5507 1264 5533 ,
1295 5483 1468 5537 neque
1495 5466 1634 5520 aliud
1661 5465 1948 5536 quidquam

369 5561 594 5618 haberet
615 5563 914 5632 depositum
936 5601 950 5625 .
979 5576 1166 5632 magna
1191 5576 1312 5617 cum
1340 5559 1610 5614 alacritate
1635 5557 1946 5629 prophetam

367 5652 579 5724 excepit
601 5653 676 5722 (3.
702 5652 827 5724 Reg.
862 5653 947 5708 i7.
981 5653 1068 5708 10.
1099 5651 1254 5722 sqq.).
1283 5651 1396 5719 Qua
1425 5667 1552 5706 vero
1579 5651 1646 5705 de
1674 5666 1834 5706 causa
1859 5649 1944 5705 di-

370 5744 470 5810 xit,
495 5743 644 5817 Apud
669 5760 722 5800 se
744 5751 949 5816 reponat
973 5743 1312 5798 thesauriaaus
1334 5744 1408 5813 (Ι.
1435 5742 1550 5799 Cor.
1579 5743 1662 5799 l6.
1686 5743 1780 5814 9.)?
1803 5741 1936 5810 Quia

1657 333 1747 392 DE
1786 330 2268 392 ELEEMOSYNA.

3548 343 3652 404 966

2074 446 2308 504 fortasse
2335 461 2457 504 cum
2487 448 2753 506 modicum
2782 461 2922 506 esset
2942 494 2958 518 ,
2991 453 3040 508 id
3069 455 3349 513 ostendere
3379 460 3660 519 verebatur

2073 546 2130 592 et
2147 537 2516 596 erubescebat.
2543 538 2876 610 Quapropter
2893 543 3045 610 dixit,
3071 544 3151 600 Tu
3174 561 3326 603 serva
3344 558 3402 607 et
3423 553 3657 616 custmli,

2069 637 2264 684 etcum
2287 629 2614 686 oblationem
2639 630 2929 702 frequentia
2951 636 3092 705 quod
3118 653 3334 706 parvum
3355 653 3490 706 erat,
3516 642 3652 698 mul-

2074 728 2184 774 tum
2202 718 2446 774 effectum
2467 720 2644 784 fuerit.
2675 733 2798 779 tunc
2825 724 2876 781 in
2900 726 3131 781 medium
3153 729 3446 796 producito.
3471 731 3656 801 Neque

2067 809 2219 873 dixit,
2238 811 2512 880 colligens,
2531 811 2624 867 sed
2646 811 3048 880 Thesaurizans;
3065 827 3120 872 ut
3146 820 3340 886 discas,
3360 836 3653 892 expensam

2069 901 2209 958 illam
2238 916 2360 958 esse
2381 902 2711 970 thesaurum,
2729 906 2851 975 quia
2875 915 3116 976 sumptus
3133 909 3222 965 ille
3239 911 3520 968 thesaurus
3539 915 3654 970 effi-

2066 991 2205 1047 citur
2229 1011 2243 1047 :
2265 992 2564 1060 thesaurus,
2590 994 2825 1063 inquam,
2848 998 2991 1051 omni
3016 999 3265 1057 thesauro
3287 1003 3496 1060 melior.
3519 1005 3651 1062 Nam

2067 1082 2172 1146 hic,
2196 1084 2285 1155 qui
2311 1085 2410 1140 sub
2430 1101 2644 1142 sensum
2671 1088 2834 1154 cadit,
2855 1088 3139 1146 thesaurus
3157 1092 3359 1149 insidiis
3382 1096 3653 1166 impetitur

2064 1184 2118 1231 et
2144 1177 2505 1244 imminuitur,
2541 1194 2788 1252 saepeque
2817 1196 2944 1244 eos,
2971 1183 3061 1252 qui
3094 1183 3266 1252 ipsum
3297 1187 3607 1244 invenerant
3630 1232 3647 1256 ,

2066 1269 2295 1338 perdidit
2341 1287 2356 1326 :
2403 1271 2684 1328 thesaurus
2729 1287 2861 1329 vero
2904 1275 3136 1333 cmlestis
3175 1291 3370 1346 secus;
3413 1280 3649 1338 imminui

2063 1373 2296 1429 namque
2313 1369 2369 1415 et
2387 1360 2593 1418 insidiis
2620 1361 2802 1433 impeti
2856 1366 3055 1436 nequit,
3085 1366 3229 1423 salus
3255 1370 3652 1438 possidentibus

2063 1460 2118 1505 et
2142 1450 2550 1520 accipientibus.
2581 1452 2696 1508 Non
2728 1462 2969 1525 tempore
2996 1461 3346 1524 consumitur,
3377 1475 3486 1518 non
3513 1463 3651 1530 perit

2064 1537 2257 1593 invidia
2283 1581 2298 1607 ,
2329 1541 2424 1597 sed
2457 1543 2648 1598 talibus
2674 1559 2893 1614 prorsus
2917 1547 3123 1602 insidiis
3149 1548 3454 1606 inaccessos
3476 1593 3492 1618 ,
3519 1566 3646 1607 ses-

2062 1641 2217 1686 centa
2247 1633 2620 1704 colligentibus
2647 1636 2857 1692 confert
2884 1637 3044 1694 bona.

2133 1722 2187 1777 4.
2227 1723 2669 1794 Obtemperemus
2693 1727 2852 1796 igitur
2871 1767 2886 1790 ,
2911 1737 2965 1783 et
2989 1729 3069 1783 sic
3093 1744 3190 1784 nos
3217 1729 3314 1799 ipsi
3346 1732 3599 1788 faciamus
3628 1751 3644 1790 :

2061 1811 2272 1880 sintque
2294 1828 2460 1868 saera:
2483 1815 2722 1883 pecunia:
2739 1816 2790 1869 in
2811 1815 3055 1873 domibus
3076 1820 3274 1875 nostris
3287 1836 3407 1876 cum
3431 1824 3648 1890 privatis

2062 1902 2252 1970 opibus
2273 1905 2539 1972 repositae,
2567 1914 2620 1958 ut
2641 1920 2735 1974 per
2756 1921 2850 1960 eas
2877 1907 3094 1976 privatae
3115 1909 3221 1964 ilhc
3241 1923 3642 1970 conserventur.

2059 1993 2517 2060 Quemadmodum
2561 1997 2703 2052 enim
2730 1997 2783 2052 in
2811 1999 2971 2069 regiis
2996 2001 3222 2065 aerariis,
3250 2003 3294 2058 si
3324 2004 3520 2061 subditi
3547 2021 3645 2062 cu-

2053 2084 2266 2154 jusdam
2301 2088 2538 2156 pecunia:
2563 2088 2834 2154 intersint,
2865 2091 3084 2159 privata:
3111 2093 3374 2162 regiarum
3403 2111 3561 2152 causa
3589 2099 3642 2154 iu

2060 2183 2174 2230 tuto
2197 2177 2526 2234 collocantur
2550 2198 2564 2235 :
2587 2181 2668 2236 sic
2691 2190 2744 2237 et
2769 2182 2813 2237 si
2840 2182 2982 2237 domi
3009 2186 3270 2254 repositas
3295 2186 3492 2244 habeas
3517 2206 3645 2259 pau-

2059 2280 2245 2347 ιρι-νη]
2268 2269 2536 2337 pecunias,
2565 2286 2697 2340 quas
2721 2271 2810 2328 die
2832 2272 3100 2328 dominico
3124 2275 3344 2346 colligas
3362 2319 3377 2339 .
3407 2278 3512 2333 illa:
3539 2281 3644 2337 tuis

2057 2360 2396 2416 securitatem
2430 2364 2654 2430 parient.
2703 2363 2779 2419 Ita
2803 2363 3142 2434 dispensator
3164 2367 3270 2422 eris
3297 2370 3641 2438 pecuniarum

2059 2457 2268 2505 tuarum
2299 2467 2328 2506 a
2359 2452 2521 2508 Paulo
2547 2455 2887 2510 constitutus.
2928 2455 3063 2523 Quid
3093 2456 3250 2511 dico?
3281 2458 3369 2514 Ea:
3393 2474 3511 2528 quas
3529 2460 3642 2531 jam

2056 2541 2297 2598 collecta:
2317 2543 2380 2597 ad
2410 2545 2586 2613 plures
2605 2546 2931 2616 colligendas
2951 2550 3284 2606 occasionem
3311 2551 3402 2606 tibi
3422 2567 3640 2609 ansatu-

2055 2647 2160 2702 que
2192 2635 2522 2703 praebebunt.
2573 2636 2629 2692 Si
2659 2639 2800 2692 enim
2828 2639 2982 2694 bonas
3008 2639 3132 2695 huic
3153 2643 3524 2698 consuetudini
3553 2644 3640 2699 in-

2057 2725 2205 2780 itium
2236 2725 2467 2791 dederis,
2492 2729 2604 2798 ipse
2634 2732 2860 2799 teipsum
2890 2732 3126 2786 excitare
3157 2735 3355 2802 poteris
3383 2733 3498 2791 sine
3531 2735 3644 2789 ullo

2055 2817 2318 2888 symbolo.
2353 2817 2430 2874 Sit
2460 2820 2617 2889 igitur
2645 2819 2748 2875 hoc
2773 2821 2931 2876 modo
2959 2823 3215 2892 cujusque
3241 2823 3430 2879 domus
3460 2827 3638 2880 eccle-

2054 2906 2154 2971 sia,
2187 2908 2354 2964 sacris
2383 2911 2620 2978 pecuniis
2659 2911 2801 2967 intus
2840 2913 3110 2983 repositis.
3159 2914 3447 2970 Enimvero
3476 2930 3642 2987 gazo-

2059 2997 2300 3068 phylacia
2319 3039 2335 3064 ,
2361 3016 2480 3070 quae
2505 3000 2590 3059 hic
2618 3002 2880 3059 habentur
2897 3044 2912 3068 ,
2939 3005 3146 3060 illarum
3173 3006 3472 3076 symbolum
3494 3017 3640 3064 sunt.

2055 3087 2156 3144 Ubi
2183 3105 2471 3160 pauperum
2496 3093 2733 3162 pecuniae
2754 3093 2958 3164 iacent,
2983 3095 3288 3153 inaccessos
3305 3097 3640 3156 damonibus

2053 3197 2138 3243 est
2162 3188 2311 3245 locus
2339 3206 2352 3243 :
2381 3189 2621 3244 collecta
2648 3205 2876 3260 namque
2894 3191 2961 3245 ad
2983 3192 3378 3264 eleemosynam
3403 3195 3643 3263 pecunize

2055 3281 2195 3352 plus,
2219 3297 2377 3352 quam
2399 3291 2629 3346 scutum,
2653 3281 2825 3349 hasta,
2847 3291 2899 3338 et
2919 3297 3088 3349 arma,
3115 3297 3378 3354 onmeque
3401 3286 3642 3354 corporis

2055 3372 2343 3438 rohur,aut
2363 3371 2587 3427 militum
2610 3388 2799 3427 manus
2823 3372 3010 3428 domos
3032 3373 3294 3429 muniunt.
3317 3375 3449 3429 Cum
3472 3374 3641 3429 dixis-

2054 3473 2138 3520 set
2171 3477 2300 3535 ergo
2325 3507 2338 3532 ,
2369 3465 2583 3535 quando
2608 3507 2623 3532 ,
2652 3480 2682 3519 a
2710 3464 2903 3536 quibus
2933 3473 2988 3520 et
3027 3465 3293 3534 quomodo
3337 3465 3641 3536 huiusmodi

2057 3559 2295 3629 pecuniae
2322 3557 2636 3631 colligenda:
2664 3559 2793 3620 sint.
2821 3566 3048 3628 quantas
3088 3558 3206 3612 illas
3247 3573 3368 3615 esse
3395 3568 3638 3628 oporteat

2055 3648 2391 3705 oﬂ‘erentium
2405 3650 2628 3705 arbitrio
2647 3649 2914 3720 relinquit.
2935 3647 3051 3704 Non
3070 3648 3212 3703 enim
3229 3647 3392 3715 dixit,
3410 3648 3638 3704 Tantum

2055 3751 2110 3799 et
2140 3751 2346 3798 tantum
2375 3741 2528 3808 oil'er,
2557 3758 2625 3797 ne
2651 3755 2938 3796 onerosum
2966 3741 3036 3795 sit
3063 3749 3387 3811 praeceptum
3413 3782 3428 3804 ,
3461 3742 3641 3797 multis

2059 3844 2423 3904 paupertatem
2467 3832 2876 3902 objicientibus;
2923 3847 2992 3886 ne
3039 3846 3300 3900 pauperes
3350 3831 3588 3887 dicereut
3621 3872 3638 3895 ,

2059 3926 2196 3994 Quid
2219 3927 2377 3996 igitur
2399 3926 2443 3980 si
2466 3941 2571 3978 non
2595 3924 2901 3991 possimus?
2923 3922 3018 3977 sed
3045 3922 3280 3977 facultati
3302 3921 3640 3978 oﬂ‘ercntium

2056 4015 2345 4071 oblationis
2369 4013 2586 4069 modum
2615 4013 2855 4083 permisit
2886 4029 2900 4066 :
2935 4010 3310 4082 Unusquisque,
3339 4012 3527 4083 inquit,
3559 4031 3638 4067 se»

2056 4117 2217 4161 stram
2241 4105 2452 4177 apudse
2471 4114 2681 4175 sepouat
2705 4103 3049 4158 thesaurisans
3073 4102 3209 4173 quod
3253 4101 3353 4154 sibi
3389 4097 3647 4168 placuerit

2058 4197 2150 4269 (l.
2181 4197 2299 4252 Cor.
2331 4196 2416 4251 16.
2448 4194 2528 4265 2)
2559 4213 2572 4250 :
2612 4210 2718 4249 non
2749 4194 2900 4255 dixit.
2931 4191 3071 4263 quod
3102 4192 3351 4263 potuerit,
3381 4192 3638 4262 autquod

2057 4296 2329 4358 repertum
2359 4287 2549 4350 fuerit;
2582 4287 2674 4342 sed
2701 4328 2715 4350 ,
2751 4283 2900 4352 Quod
2926 4283 3020 4338 sibi
3049 4285 3324 4354 placuerit,
3353 4285 3470 4340 sive
3493 4285 3636 4355 quod

2057 4379 2395 4435 commodum
2424 4378 2602 4436 fuerit.
2625 4377 2914 4432 ostendens
2942 4391 3231 4446 supernum
3259 4385 3446 4430 nutum
3473 4385 3525 4430 et
3548 4375 3640 4430 he-

2057 4469 2414 4525 nevolentiam
2440 4467 2538 4538 ipsi
2567 4466 2868 4521 adiuturam
2893 4479 3032 4520 esse.
3073 4463 3189 4519 Non
3215 4463 3355 4518 enim
3385 4464 3436 4518 id
3461 4464 3637 4519 solum

2058 4558 2332 4628 spectabat
2374 4557 2571 4612 Paulus
2601 4597 2618 4622 ,
2663 4565 2722 4610 ut
2771 4554 3008 4624 [uacunize
3054 4554 3376 4624 pauperibus
3432 4553 3637 4608 snhutio

2059 4649 2417 4706 nistrarentur
2440 4690 2454 4712 ,
2483 4646 2577 4702 sed
2606 4653 2663 4700 ut
2696 4645 2750 4700 id
2778 4660 2968 4715 magna
3007 4659 3129 4699 cum
3156 4642 3428 4699 alacritate
3464 4642 3638 4698 lierct.

2062 4739 2268 4794 Etenim
2295 4738 2434 4793 Deus
2449 4754 2555 4792 non
2575 4736 2644 4791 ob
2665 4736 2715 4790 id
2737 4744 2935 4790 tantum
2952 4735 3346 4806 eleemosynam
3365 4735 3640 4803 prmccpit.

2059 4841 2118 4887 ut
2139 4831 2351 4886 alantur
2377 4829 2552 4900 egeni,
2579 4827 2673 4884 sed
2700 4829 2861 4884 etiam
2893 4836 2951 4882 ut
2979 4825 3229 4882 dantibus
3260 4823 3514 4881 beneficia
3543 4839 3637 4878 ae-

2057 4921 2342 4988 cederent;
2371 4929 2691 4990 propterque
2719 4918 2822 4973 hos
2842 4917 3008 4988 magis
3026 4956 3043 4983 ,
3070 4931 3228 4987 quam
3258 4925 3475 4985 propter
3500 4916 3636 4968 illos.

2057 5011 2191 5068 Nam
2217 5012 2262 5067 si
2289 5024 2579 5082 pauperum
2605 5008 2879 5063 dumtaxat
2905 5006 3177 5062 habuisset
3199 5005 3484 5071 rationem,
3505 5019 3637 5072 prmo

2056 5102 2287 5174 cepisset
2317 5111 2519 5156 tantum
2557 5110 2613 5154 ut
2643 5099 2881 5170 pecunias
2905 5106 3253 5167 erogarentur
3273 5136 3290 5160 ,
3322 5109 3493 5164 neque
3519 5106 3642 5147 cro-

2055 5195 2290 5266 gentium
2303 5194 2626 5249 alacritatem
2646 5189 3003 5260 requisivisset
3024 5206 3038 5243 :
3053 5198 3106 5242 at
3123 5202 3260 5242 nunc
3275 5186 3422 5240 vides
3436 5193 3648 5254 aposto-

2059 5287 2168 5342 lum
2185 5286 2327 5340 omni
2345 5283 2697 5340 sollicitudine
2713 5283 3127 5352 praecipientem.
3143 5291 3198 5334 ut
3213 5279 3316 5334 Izeti
3335 5277 3638 5347 hilaresque

2055 5378 2164 5433 sint
2187 5377 2482 5448 largitores.
2515 5376 2579 5429 I-It
2602 5373 2887 5444 aliquando
2912 5371 3058 5438 dicit,
3089 5370 3207 5425 Non
3227 5386 3288 5424 ea:
3307 5369 3528 5433 tristitia,
3551 5377 3639 5422 aut

2057 5487 2121 5526 ex
2161 5471 2450 5526 necessitate
2474 5483 2496 5523 :
2519 5467 2730 5521 hilarem
2766 5467 2897 5520 enim
2931 5464 3156 5518 datorem
3183 5462 3346 5532 diligit
3377 5459 3511 5514 Deus
3541 5459 3636 5530 (3.

2058 5557 2176 5614 Cor.
2195 5559 2248 5615 9.
2279 5558 2370 5630 7);
2403 5572 2508 5612 non
2535 5555 2847 5626 simpliciter
2870 5554 3111 5608 datorem
3133 5593 3150 5616 ,
3182 5550 3277 5607 sed
3301 5565 3424 5606 eum
3451 5550 3540 5620 qui
3573 5550 3640 5604 li-

2055 5650 2246 5706 benter
2273 5650 2322 5705 id
2350 5650 2476 5721 agit.
2511 5648 2579 5704 Et
2609 5648 2798 5703 iterum
2829 5645 2954 5700 alibi
2985 5661 2999 5698 :
3035 5643 3134 5712 Qui
3162 5642 3332 5698 tribuit
3360 5643 3414 5696 in
3437 5642 3638 5712 simpli-

2056 5744 2225 5810 citate,
2253 5744 2340 5812 qnt
2363 5748 2540 5811 prmi-st
2568 5739 2620 5795 in
2646 5736 3007 5804 sollicitudine,
3034 5735 3119 5807 qui
3145 5734 3409 5791 miseretur
3432 5733 3486 5788 in
3513 5732 3642 5786 hila-
