4110 6198
500 352 627 407 267.

449 468 462 477 ’
489 470 654 517 ιτπαιε
683 460 857 531 (Rom.
891 461 975 513 l2.
1003 458 1078 529 8).
1115 457 1238 511 llaec
1263 467 1344 511 est.
1369 461 1508 511 enim
1539 459 1873 528 cleemosyna
1897 499 1911 522 ,
1939 458 1981 512 si
2008 457 2078 512 ita

505 552 738 615 dederis,
761 559 818 602 ut
839 549 1090 619 gaudeas,
1118 555 1172 601 et
1197 555 1347 616 putes
1369 555 1420 600 te
1447 547 1613 614 magis
1637 547 1898 615 accipere,
1922 561 2080 615 quam

503 643 651 697 dare.
685 641 913 710 ldeoque
950 637 1122 692 modis
1147 637 1396 693 omnibus
1420 645 1642 691 conatur
1669 645 1727 690 ut
1760 637 1876 691 leve
1923 635 2082 689 faciat

503 740 846 801 praeceptum,
865 747 928 786 ac
943 747 1064 786 cum
1087 730 1360 784 alacritate
1383 727 1471 782 fiat
1487 728 1704 782 oblatio.
1727 729 1791 781 Et
1805 726 2080 782 considera

498 838 629 898 quot
655 823 917 897 capitibus
948 821 1199 893 praecepti
1226 819 1430 891 pondus
1466 819 1678 874 auferre
1707 827 1929 888 satagat.
1961 817 2079 872 Pri-

497 935 588 974 mo
631 918 784 986 jubet
823 931 929 970 non
968 929 1128 968 unum
1159 954 1171 977 ,
1205 921 1299 966 aut
1334 911 1473 968 duos
1505 921 1680 965 tresve
1713 909 1906 965 oﬂ‘erre
1931 951 1945 974 ,
1984 908 2080 964 sed

498 1011 803 1064 universam
835 1005 1124 1061 civitatem.
1163 1003 1398 1058 Collecta
1439 1003 1580 1057 enim
1625 1001 1756 1056 nihil
1784 1000 1928 1054 aliud
1957 1009 2036 1055 est
2060 1042 2076 1068 ,

499 1118 658 1173 quam
684 1100 899 1154 collatio
926 1108 979 1152 et
1003 1096 1306 1168 symbolum
1332 1092 1400 1147 ab
1425 1093 1671 1148 omnibus
1695 1092 1951 1147 oblatum.
1985 1091 2083 1146 Se-

497 1193 677 1247 cundo
723 1187 1092 1260 accipientium
1138 1185 1379 1255 dignitati
1429 1183 1714 1254 prosliicit;
1785 1198 1888 1236 non
1935 1182 2078 1236 enim

497 1283 652 1348 dixit,
683 1294 964 1351 pauperes,
994 1276 1086 1332 sed
1119 1275 1355 1330 Sanctos.
1384 1274 1565 1328 Tertio
1594 1273 1894 1342 exemplum
1923 1271 2081 1326 affert

502 1373 748 1436 aliorum,
777 1369 865 1440 qui
892 1368 1066 1424 simile
1089 1364 1337 1436 quiddam
1364 1364 1632 1420 fecerant:
1658 1364 1803 1418 Sicut
1827 1363 2078 1429 ordinaui,

503 1462 694 1532 inquit,
721 1459 958 1513 Ecclesiis
983 1455 1214 1511 Galatiae.
1249 1454 1327 1510 Ad
1358 1454 1472 1508 lucc
1495 1453 1600 1507 diei
1627 1453 2078 1522 opportunitatem

498 1551 675 1620 adjicit
701 1567 714 1603 :
737 1549 839 1603 Per
857 1564 1011 1601 unam
1031 1545 1370 1608 sabbatorum,
1390 1544 1483 1610 ait,
1506 1543 1844 1613 unusquisque
1864 1552 2078 1596 vestrum

495 1644 634 1715 apud
660 1659 713 1697 se
738 1650 946 1710 seponat
977 1639 1340 1693 thesaurizans.
1372 1636 1572 1704 Quinto
1597 1676 1613 1702 ,
1646 1650 1750 1688 non
1777 1633 1929 1703 jubet
1957 1648 2077 1687 om-

495 1751 619 1789 nem
650 1732 931 1790 confertim
973 1731 1158 1786 inferri
1202 1730 1628 1799 eleemosynam;
1671 1725 1765 1780 sed
1804 1726 1998 1780 sensim
2027 1733 2080 1780 et

495 1826 770 1898 paulatim.
815 1823 930 1877 Non
962 1824 1103 1877 enim
1131 1837 1230 1891 par
1261 1829 1343 1874 est
1371 1820 1507 1873 ratio
1535 1818 1714 1872 omnia
1746 1831 1850 1871 uno
1878 1816 1964 1871 die
1992 1817 2076 1870 in-

494 1916 618 1970 ferri
649 1914 938 1985 praecipere
963 1953 978 1978 ,
1007 1922 1096 1966 aut
1125 1911 1177 1965 in
1208 1910 1513 1965 diuturnum
1547 1917 1754 1976 tempus
1785 1907 1872 1961 illa
1903 1907 2078 1960 minu-

499 2004 646 2058 tatim
688 2003 922 2058 dividere
952 2020 966 2056 :
997 2017 1117 2055 nam
1165 2000 1265 2055 hoc
1293 1999 1451 2054 modo
1489 1999 1729 2067 impensa
1759 2013 1826 2050 ne
1851 1997 2078 2050 sentitur

493 2093 728 2163 quidem.
768 2093 960 2157 Sexto,
995 2107 1100 2145 non
1131 2091 1424 2161 praescribit
1453 2105 1753 2144 mensuram
1779 2131 1792 2152 ,
1824 2090 1915 2141 sed
1941 2087 2074 2142 olfe-

499 2185 728 2239 reutium
767 2183 989 2237 arbitrio
1018 2183 1265 2251 relinquit
1289 2223 1305 2247 ,
1333 2191 1388 2236 et
1417 2179 1542 2234 illud
1579 2195 1608 2232 a
1643 2179 1750 2233 Deo
1775 2177 1954 2233 datum
1983 2177 2077 2231 de-

492 2275 658 2328 clarat
687 2292 700 2327 :
731 2287 854 2326 natu
879 2288 999 2327 cum
1026 2271 1154 2325 dicit
1181 2314 1192 2336 ,
1228 2269 1379 2335 Quod
1405 2268 1720 2324 commodum
1746 2269 1928 2339 fuerit,
1960 2267 2075 2338 haec

492 2365 651 2420 ambo
672 2365 888 2418 indicat.
914 2365 1208 2434 Septimum
1226 2379 1434 2434 quoque
1454 2363 1612 2418 alium
1633 2362 1848 2417 modum
1871 2362 2071 2432 adjicit,

491 2457 695 2522 dicens,
729 2454 797 2510 Ut
827 2473 949 2522 non,
977 2472 1088 2509 cum
1115 2471 1314 2520 venero,
1345 2466 1463 2509 tunc
1486 2456 1707 2510 collecta:
1733 2455 1879 2523 ﬁant.
1907 2455 2072 2510 Simul

491 2547 634 2600 enim
682 2561 777 2600 eos
821 2547 1020 2600 excitat
1051 2555 1422 2613 exspectantes
1458 2545 1740 2599 adventum
1785 2561 1937 2600 suum
1964 2588 1978 2612 ,
2019 2557 2073 2602 ct

490 2638 815 2703 consolatur,
841 2645 1042 2690 certum
1069 2636 1328 2691 adventus
1354 2637 1433 2689 sui
1459 2637 1597 2689 diem
1623 2637 1946 2705 significans.
1971 2637 2073 2692 Nc-

487 2744 594 2799 que
636 2727 718 2781 his
761 2735 1042 2782 contentus
1080 2737 1322 2780 octavum
1365 2726 1508 2780 aliud
1547 2727 1746 2796 adjicit.
1794 2727 2070 2795 Quodnam

489 2818 654 2872 illud?
679 2817 807 2876 Cum
827 2827 990 2872 autem
1019 2833 1236 2888 praesens
1267 2823 1431 2889 fuero,
1461 2819 1649 2888 inquit,
1675 2835 1799 2888 quos
1825 2822 2069 2889 probave-

488 2912 600 2965 n'tis
623 2928 710 2980 per
735 2911 991 2982 epistolas,
1015 2911 1105 2965 hos
1131 2912 1324 2965 mittam
1351 2914 1576 2982 perferre
1599 2912 1814 2982 gratiam
1834 2921 2065 2966 vestram.

493 3002 640 3070 Quod
663 3003 706 3056 si
733 3003 940 3073 dignum
966 3003 1113 3074 fuerit
1141 3013 1195 3056 ut
1225 3013 1276 3058 et
1301 3019 1390 3074 ego
1419 3020 1560 3067 eam,
1593 3019 1790 3058 mecum
1826 3005 1966 3058 ibunt
1991 3005 2065 3074 (l.

490 3093 608 3149 Cor.
637 3095 722 3152 16.
746 3096 798 3150 3.
826 3094 904 3165 4).
935 3095 1065 3150 Vide
1091 3110 1247 3164 quam
1272 3095 1440 3150 aliena
1463 3109 1493 3148 a
1524 3095 1660 3150 fastu
1689 3103 1743 3150 et
1768 3111 1926 3165 quam
1950 3111 2068 3150 mo-

486 3185 636 3240 desta
679 3185 750 3240 sit
796 3185 949 3240 beata
993 3193 1046 3239 ct
1085 3200 1342 3255 generosa
1386 3185 1474 3239 illa
1509 3187 1684 3239 anima
1708 3227 1724 3250 ,
1757 3185 1877 3240 vide
1909 3201 2066 3256 quam

485 3279 708 3332 sollicita
733 3318 749 3344 ,
789 3293 947 3347 quam
992 3278 1187 3332 amoris
1232 3277 1408 3346 plena.
1449 3276 1624 3331 Noluit
1669 3277 1810 3332 enim
1835 3318 1851 3340 ,
1895 3291 2068 3347 neque

489 3382 672 3436 passus
701 3377 783 3422 est
823 3377 881 3422 ut
911 3368 978 3432 ii,
1021 3367 1109 3437 qui
1142 3367 1390 3436 pecunias
1419 3366 1838 3421 administraturi
1869 3376 2022 3422 erant
2049 3407 2064 3431 ,

484 3461 742 3515 arbitratu
786 3462 865 3514 sui
914 3461 1078 3529 ipsius
1112 3460 1583 3524 constituerentur,
1616 3459 1711 3514 sed
1742 3475 1926 3514 eorum
1952 3460 2065 3516 ele-

485 3552 715 3604 ctionem
740 3550 864 3618 ipsis
888 3549 1145 3616 permisit,
1165 3563 1336 3618 neque
1356 3549 1694 3603 contumelia:
1716 3549 1834 3604 loco
1857 3550 2059 3616 habuit,

486 3641 531 3694 si
569 3639 966 3694 Corinthiorum
997 3639 1202 3694 calculo
1233 3648 1393 3708 atque
1418 3641 1682 3696 sententia
1707 3681 1722 3706 ,
1757 3656 1862 3695 non
1888 3650 2065 3696 autem

487 3732 632 3786 Pauli
656 3770 672 3794 ,
713 3730 1201 3794 constituerentur;
1241 3738 1428 3785 contra
1466 3745 1596 3786 vero
1636 3731 1924 3786 absurdum
1953 3733 2067 3788 fore

485 3822 731 3886 censuit,
762 3821 806 3875 si
851 3820 1050 3875 oblatio
1075 3835 1259 3875 eorum
1291 3830 1465 3888 esset,
1494 3821 1859 3878 ministrorum
1888 3832 2064 3879 autem

483 3917 672 3969 electio
697 3929 815 3969 sua.
844 3913 1074 3983 ideoque
1105 3913 1156 3968 id
1187 3913 1288 3968 illis
1316 3913 1617 3982 commisit,
1647 3915 1962 3970 modestiam
1987 3916 2053 3972 sio

485 4007 590 4060 lttlll
612 4021 761 4060 suam
782 4003 1089 4070 ostendens,
1110 4014 1271 4076 atque
1289 4020 1502 4062 omnem
1519 4023 1702 4062 ansam
1719 4009 2066 4078 umbramque

482 4093 724 4147 adversae
745 4091 1062 4163 suspicionis
1089 4105 1358 4147 resecans.
1386 4093 1518 4148 Nam
1546 4095 1669 4149 licet
1691 4095 1807 4151 sole
1831 4095 2066 4166 splendi-

482 4183 602 4237 dior
637 4193 690 4237 et
735 4183 803 4236 ab
842 4183 987 4237 omni
1031 4184 1168 4238 mala
1206 4183 1508 4254 suspicione
1550 4185 1756 4240 alienus
1781 4195 1966 4242 esset:
1998 4203 2062 4243 ex

483 4273 770 4328 abundanti
789 4281 963 4328 tamen
978 4274 1198 4329 curabat
1215 4274 1596 4330 inﬁrmioribus
1611 4292 1670 4332 se
1685 4288 2058 4347 attempt-rare,

483 4375 536 4418 et
576 4364 733 4418 falsas
761 4364 1091 4433 suspiciones
1127 4364 1381 4435 ell‘ugere.
1426 4367 1710 4436 Propterea
1741 4368 1866 4422 dicit
1894 4387 1908 4423 :
1937 4369 2062 4424 Cum

480 4467 646 4509 autent
671 4472 886 4527 presens
912 4461 1071 4525 fuero,
1094 4473 1218 4528 quos
1243 4458 1587 4525 probaueritis,
1610 4460 1702 4514 hos
1727 4460 1919 4513 mittam
1947 4477 2061 4530 per-

481 4551 610 4617 ferre
647 4548 861 4617 gratiam
898 4556 1129 4601 vestram.
1161 4547 1300 4615 Quid
1341 4547 1514 4603 dicis?
1554 4549 1632 4603 Tu
1664 4565 1766 4604 non
1799 4552 2016 4621 navigas
2039 4593 2055 4619 ,

483 4653 658 4706 neque
689 4640 939 4707 pecunias
964 4640 1160 4709 accipis
1179 4682 1195 4703 ,
1223 4641 1315 4695 sed
1341 4641 1457 4696 aliis
1485 4656 1597 4696 rem
1626 4644 1954 4699 committis?
1980 4645 2058 4701 Ne

472 4725 640 4794 igitur
667 4729 787 4781 talia
813 4729 1110 4798 cogitantes
1135 4730 1409 4799 segniores
1432 4721 1744 4799 evaderent,
1775 4733 1897 4789 vide
1920 4751 2053 4804 quo-

476 4820 639 4874 modo
664 4829 717 4874 et
747 4820 847 4874 hoc
876 4821 1062 4875 iterum
1090 4833 1295 4877 caveat.
1320 4822 1438 4878 Non
1465 4824 1606 4878 enim
1633 4825 1946 4894 simpliciter
1971 4827 2055 4881 di-

478 4915 575 4980 xit,
601 4913 746 4979 Quos
771 4913 1140 4981 probaveritis,
1177 4915 1401 4976 mittam.
1429 4916 1522 4971 sed
1553 4916 1722 4987 quid?
1750 4916 1851 4972 Per
1873 4919 2058 4989 episto-

477 5005 572 5058 las.
621 5003 840 5057 Etiamsi
870 5018 1095 5073 corpore
1135 5020 1241 5059 non
1289 5004 1569 5060 adfuturus
1611 5007 1711 5060 sim
1738 5047 1752 5070 ,
1785 5016 1839 5061 at
1886 5007 2056 5065 literis

473 5095 607 5148 meis
639 5108 874 5163 praesens
899 5109 1011 5155 ero.
1045 5101 1335 5164 coramque
1360 5097 1635 5151 ministerii
1664 5099 1945 5168 particeps.

545 5185 597 5236 5.
639 5183 773 5238 Num
822 5185 904 5239 vel
952 5185 1138 5238 umbra
1190 5186 1362 5251 Pauli,
1403 5187 1489 5240 vel
1527 5189 1901 5245 calceamentis
1937 5191 2053 5261 ejus

468 5273 613 5340 digni
642 5288 848 5340 sumus,
869 5274 1082 5344 quando
1126 5275 1214 5330 ille
1260 5284 1404 5330 tanta
1461 5277 1601 5346 apud
1655 5294 1842 5336 omnes
1884 5282 2052 5352 gloria

473 5362 678 5433 fulgens
717 5364 955 5418 omnium
1001 5364 1169 5434 rejicit
1217 5366 1469 5434 honores,
1499 5385 1597 5424 nos
1624 5380 1800 5426 autem
1855 5384 2052 5429 stoma-

467 5452 693 5509 rbamur
715 5463 770 5510 et
796 5471 938 5525 mgre
981 5455 1218 5523 ferimus,
1241 5459 1284 5513 si
1311 5477 1414 5514 non
1450 5464 1713 5518 sententia
1749 5473 1804 5518 et
1846 5467 2050 5523 calculo

469 5551 654 5596 rostro
671 5544 850 5599 talium
871 5547 1214 5616 pecuniarum
1244 5552 1471 5620 prompti
1488 5563 1753 5619 creentur,
1773 5564 2049 5612 contume-

471 5627 700 5700 liamque
728 5634 884 5689 nobis
913 5636 1098 5692 inferri
1123 5647 1371 5708 putamus
1393 5656 1514 5696 cum
1549 5644 1702 5698 nobis
1733 5645 2047 5702 inconsultis

461 5718 702 5792 quipiam
735 5728 982 5792 pecunias
1020 5730 1328 5798 impendunt
1367 5736 1524 5789 suas?
1572 5736 1701 5791 Vide
1747 5738 1906 5793 etiam
1937 5755 2038 5810 qua

1211 347 1266 400 S.
1306 343 1578 400 JOANNIS
1616 343 2085 402 CHRYSOSTOMI
2125 345 2442 402 ARCHIEP.
2481 342 3015 403 CONSTANTINOP.

3661 349 3763 405 968

2184 458 2393 512 ratione
2429 456 2512 512 sui
2541 458 2732 529 ubique
2758 458 3081 513 mentionem
3128 457 3305 525 faciat,
3350 473 3520 530 neque
3565 463 3767 532 uspiam

2185 549 2566 604 obliviscatur:
2591 564 2762 620 neque
2786 549 2927 605 enim
2956 549 3040 605 hic
3085 550 3391 606 mandatum
3419 561 3572 607 vocat
3600 553 3728 610 illud
3747 594 3763 618 ,

2185 654 2358 709 neque
2407 639 2822 711 eleemosynam,
2865 639 2958 695 sed
2994 639 3267 706 Gratiam;
3309 642 3599 698 ostendens
3635 644 3772 701 sicut

2184 739 2460 784 mortuos-
2496 732 2756 786 suscitare
2785 771 2799 796 ,
2851 731 3124 787 daemones
3176 733 3376 803 pellere
3420 743 3476 790 et
3531 736 3770 806 leprosos

2184 823 2441 875 mundare
2462 861 2477 886 ,
2507 822 2585 875 sic
2611 831 2663 876 et
2695 837 2954 891 pauperes
2989 823 3174 892 juvare
3208 825 3394 894 gratiae
3427 839 3562 893 opus
3605 841 3766 893 esse;

2182 911 2294 964 imo
2321 912 2495 979 potius
2520 911 2623 965 hoc
2648 926 2806 982 quam
2829 912 2960 967 illud
2991 931 3006 967 :
3033 924 3190 983 atque
3231 916 3438 970 etiamsi
3467 918 3634 987 gratia
3659 919 3764 984 sit,

2182 999 2360 1055 studio
2379 1008 2561 1057 tamen
2589 1011 2644 1058 et
2669 1002 2941 1058 alacritate
2959 1019 3094 1073 opus
3121 1004 3275 1059 nobis
3311 1014 3392 1061 est
3427 1015 3486 1060 ut
3509 1007 3768 1078 eligamus

2181 1101 2234 1146 et
2255 1091 2503 1157 velimus,
2532 1102 2586 1146 et
2605 1109 2702 1148 nos
2720 1094 2890 1164 gratia
2919 1093 3110 1164 dignos
3135 1096 3439 1152 reddamus.
3458 1098 3570 1154 Hoc
3592 1100 3768 1170 itaque

2181 1181 2248 1236 ad
2271 1183 2688 1239 consolationem
2723 1185 2940 1252 attulit,
2987 1185 3128 1253 quod
3156 1186 3341 1241 literas
3365 1202 3489 1242 suas
3517 1205 3635 1244 cum
3663 1191 3766 1246 illis

2181 1273 2444 1337 mitteret;
2468 1274 2610 1328 aliud
2630 1290 2754 1329 vero
2772 1276 2943 1345 majus
2958 1277 3171 1345 adjecit,
3189 1278 3329 1348 quod
3346 1293 3406 1334 se
3430 1281 3766 1350 polliceretur

2181 1363 2384 1418 itineris
2403 1364 2606 1419 socium
2629 1364 2741 1420 fore
2765 1383 2778 1419 :
2797 1365 2946 1430 Quod
2961 1368 3007 1422 si
3025 1367 3234 1436 dignum
3250 1369 3419 1436 fuerit,
3440 1371 3629 1440 inquit,
3646 1381 3702 1425 ut
3719 1391 3768 1427 es

2179 1467 2271 1524 ego
2283 1469 2410 1519 eain,
2429 1470 2622 1508 mecum
2633 1456 2774 1509 ibunt
2791 1456 3089 1526 (LCorJG.
3107 1458 3244 1526 5.4).
3264 1458 3357 1513 llic
3373 1459 3764 1517 animadvertas

2179 1545 2339 1598 velim
2359 1546 2474 1614 ejus
2498 1545 2855 1616 prudentiam.
2896 1546 3077 1617 Neque
3097 1550 3236 1602 enim
3265 1551 3476 1620 negavit
3501 1565 3563 1606 se
3601 1553 3762 1609 simul

2179 1633 2374 1689 iturum
2397 1677 2414 1702 ,
2443 1651 2616 1707 neque
2644 1639 2864 1693 omnino
2891 1639 3159 1708 pollicitus
3178 1650 3293 1705 est;
3323 1642 3417 1696 sed
3445 1642 3572 1697 illud
3596 1645 3757 1698 etiam

2177 1725 2418 1780 dantium
2462 1727 2683 1782 arbitrio
2732 1729 2991 1798 permisit,
3023 1744 3224 1799 eosque
3264 1730 3606 1800 profectionis
3653 1750 3762 1789 sua:

2179 1816 2424 1871 dominos
2467 1817 2619 1882 fecit;
2652 1817 2891 1874 indicans
2911 1859 2926 1884 ,
2956 1819 3002 1873 si
3025 1819 3226 1874 donum
3256 1829 3456 1874 tantum
3488 1820 3665 1890 foret,
3704 1833 3763 1878 ut

2177 1921 2238 1964 se
2284 1908 2506 1964 incitare
2548 1919 2758 1979 posset,
2805 1911 2908 1965 iter
2938 1926 2998 1966 se
3034 1921 3402 1981 suscepturum
3446 1928 3586 1969 esse.
3627 1913 3761 1969 Nam

2178 2014 2300 2054 cum
2358 2000 2508 2067 dicit,
2542 1999 2604 2056 Si
2651 2002 2861 2072 dignum
2910 2002 3098 2071 fuerit,
3126 2003 3178 2057 id
3223 2004 3606 2059 subindicantis
3655 2015 3757 2061 est.

2178 2090 2330 2158 Quod
2359 2091 2403 2146 si
2435 2091 2814 2160 profectionem
2862 2093 3003 2147 illam
3045 2094 3266 2150 omnino
3303 2104 3584 2166 negasset,
3615 2096 3760 2166 ipsos

2177 2184 2478 2254 ignaviores
2505 2185 2883 2256 segnioresque
2915 2185 3272 2253 reddidisset;
3317 2188 3398 2242 sin
3442 2187 3602 2245 dubie
3632 2206 3759 2260 pro-

2175 2274 2426 2340 misisset,
2484 2275 2895 2346 negligentiores
2944 2275 3174 2332 fecisset.
3222 2277 3346 2333 Ideo
3396 2293 3495 2334 nec
3539 2281 3760 2335 omnino

2175 2374 2354 2436 negat,
2382 2381 2552 2436 neque
2583 2367 2895 2437 pollicetur;
2924 2369 3016 2424 sed
3046 2369 3174 2425 illud
3197 2370 3416 2425 arbitrio
3451 2370 3759 2428 Corinthio-

2171 2474 2290 2514 rum
2319 2459 2570 2529 relinquit
2589 2460 2794 2528 dicens,
2824 2461 2973 2525 Quod
2993 2463 3038 2517 si
3062 2463 3272 2534 dignum
3301 2465 3470 2534 fuerit.
3522 2465 3759 2520 Audien-

2175 2558 2254 2604 tes
2279 2551 2421 2604 enim
2451 2551 2673 2608 Paulum
2699 2553 2872 2622 ipsum
2899 2553 3197 2609 delaturum
3227 2555 3550 2612 oblationem
3581 2571 3754 2622 suam,

2172 2641 2360 2710 majori
2391 2641 2568 2696 studio
2595 2653 2649 2697 et
2672 2643 2947 2698 alacritate
2973 2643 3038 2698 ad
3066 2644 3116 2698 id
3139 2644 3213 2700 rei
3245 2644 3581 2711 ferebantur,
3612 2649 3758 2718 quod

2171 2741 2369 2785 sancte
2399 2731 2506 2786 illas
2559 2748 2746 2788 manus
2791 2734 2930 2789 dona
2971 2743 3274 2791 tractatum
3313 2747 3523 2803 essent,
3550 2749 3605 2794 et
3633 2738 3759 2795 huic

2171 2821 2429 2877 Sacriﬁcio
2455 2839 2642 2894 preces
2662 2825 2800 2880 illius
2815 2826 3150 2882 accederent.
3193 2827 3359 2884 Porro
3383 2829 3429 2884 si
3453 2829 3616 2884 Paulo
3643 2840 3752 2886 tra-

2169 2914 2329 2968 dituri
2355 2915 2493 2969 dona
2522 2915 2821 2982 Corinthii,
2854 2918 2905 2972 id
2949 2935 3070 2973 cum
3117 2920 3320 2990 majore
3363 2921 3636 2978 alacritate
3679 2922 3757 2977 fa-

2169 3005 2414 3070 ciebant,
2441 3016 2493 3060 tu
2522 3006 2671 3060 Pauli
2704 3008 2930 3064 Domino
2955 3008 3174 3066 daturus
3202 3013 3345 3080 (nam
3373 3027 3467 3082 per
3497 3028 3755 3083 pauperes

2171 3094 2260 3150 ille
2279 3096 2542 3166 suscipit),
2571 3113 2727 3167 quam
2754 3099 3152 3155 excusationem
3189 3101 3464 3158 habiturus
3502 3103 3599 3159 es?
3644 3105 3753 3160 Ne-

2168 3202 2272 3258 que
2295 3189 2436 3242 enim
2462 3230 2476 3255 ,
2509 3182 2610 3244 nisi
2641 3205 2828 3261 magna
2869 3190 3057 3246 fuisset
3084 3193 3282 3249 oblatio
3316 3196 3583 3266 multaque
3625 3211 3753 3253 cura

2168 3278 2347 3348 digna,
2381 3281 2466 3335 ille
2489 3283 2576 3336 cui
2608 3291 2749 3338 totus
2777 3283 2924 3339 orbis
2955 3285 3188 3342 creditus
3206 3329 3223 3354 ,
3251 3297 3305 3342 et
3327 3288 3414 3342 cui
3435 3303 3577 3343 curae
3602 3301 3756 3346 erant

2168 3383 2357 3426 omnes
2379 3371 2478 3426 sub
2505 3371 2620 3428 sole
2646 3373 2928 3439 Ecclesiae,
2958 3377 3226 3445 pollicitus
3250 3386 3394 3434 esset
3415 3394 3476 3435 se
3501 3381 3752 3449 pecunias

2168 3458 2663 3516 administraturum
2690 3478 2828 3518 esse.
2873 3465 2998 3520 Haec
3021 3466 3179 3536 igitur
3209 3469 3388 3523 animo
3423 3479 3748 3540 reputantes,

2166 3550 2280 3606 sive
2301 3551 2632 3622 largiendum
2662 3557 2753 3624 sit,
2786 3557 2898 3612 sive
2923 3558 3042 3614 aliis
3086 3560 3427 3631 largientibus
3449 3564 3752 3620 ministran-

2167 3639 2315 3705 dum,
2354 3657 2420 3697 ne
2457 3659 2648 3714 segnes
2669 3648 2854 3713 simus,
2884 3665 3055 3720 neque
3080 3652 3277 3720 maesti,
3305 3654 3448 3724 quod
3477 3654 3752 3711 facultates

2167 3733 2321 3789 nobis
2346 3736 2669 3793 minuantur.
2709 3739 2988 3806 Quomodo
3026 3744 3168 3798 enim
3196 3745 3482 3801 absurdum
3506 3762 3610 3803 non
3640 3748 3751 3805 fue-

2168 3827 2270 3892 rit,
2304 3827 2429 3881 dum
2457 3831 2685 3899 agricola
2716 3846 2897 3887 semen
2930 3834 3134 3903 jacicns
3153 3876 3166 3899 ,
3195 3844 3249 3891 et
3273 3837 3411 3892 bona
3431 3837 3707 3894 eﬂundens
3727 3881 3746 3906 ,

2168 3934 2272 3974 non
2298 3921 2554 3987 tristatur,
2581 3937 2680 3978 nec
2701 3923 2869 3992 dolet,
2893 3940 3068 3995 neque
3091 3927 3141 3981 id
3161 3937 3404 3998 sumptus
3425 3930 3542 3987 loco
3568 3931 3746 3996 habet,

2167 4012 2262 4067 sed
2292 4013 2496 4070 lucrum
2533 4018 2707 4085 potius
2750 4027 2805 4073 et
2833 4031 3147 4089 proventum
3171 4037 3290 4077 esse
3314 4032 3494 4092 putat,
3539 4026 3747 4080 tametsi

2165 4117 2288 4173 spes
2335 4108 2402 4160 sit
2429 4105 2626 4162 incerta
2658 4127 2670 4161 :
2704 4118 2772 4174 te,
2805 4111 2895 4181 qui
2933 4127 3038 4168 non
3086 4129 3184 4183 pro
3226 4115 3439 4184 paribus
3461 4158 3475 4182 ,
3504 4117 3597 4172 sed
3653 4133 3750 4187 pro

2165 4194 2332 4248 multo
2361 4196 2650 4266 majoribus
2677 4201 2928 4270 seminas,
2957 4212 3012 4257 et
3035 4205 3124 4274 qui
3155 4205 3206 4259 in
3237 4206 3378 4275 ipsas
3403 4205 3598 4262 Christi
3629 4223 3746 4262 ma-

2165 4300 2266 4340 nus
2309 4296 2584 4356 argentum
2624 4289 2864 4360 jacturus
2891 4309 2969 4360 es,
3015 4297 3278 4366 refugere,
3312 4307 3522 4368 torpere
3546 4339 3562 4362 .
3592 4311 3646 4356 et
3667 4302 3747 4355 in.

2163 4377 2338 4446 opiam
2387 4381 2761 4448 prmtendere?
2787 4384 2980 4440 Annon
3020 4395 3229 4456 poterat
3269 4389 3405 4444 Deus
3455 4391 3747 4461 prmcipere

2165 4467 2359 4533 telluri,
2389 4478 2448 4523 ut
2493 4471 2759 4539 proferret
2803 4489 2992 4532 aurum
3026 4481 3254 4548 purum?
3291 4479 3390 4548 Qui
3419 4482 3560 4536 enim
3589 4482 3742 4548 dixit,

2163 4555 2417 4612 Germinet
2440 4569 2572 4614 terra
2589 4562 2792 4618 herbam
2815 4566 2937 4636 faeni
2975 4565 3125 4634 (Gen.
3158 4569 3208 4622 Ι.
3240 4567 3350 4640 Η),
3389 4585 3626 4640 moxque
3654 4586 3746 4626 eo-

2161 4661 2392 4703 mantem
2422 4651 2695 4718 exhibuit,
2725 4665 2928 4724 poterat
2975 4656 3115 4712 haud
3163 4658 3326 4715 dubie
3369 4661 3657 4730 pra-cipere
3687 4673 3746 4716 ut

2162 4735 2335 4792 fontes
2375 4749 2429 4794 et
2468 4739 2614 4795 fluvii
2657 4757 2844 4798 aurum
2884 4745 3082 4815 jugiter
3121 4747 3423 4805 funderent.
3466 4752 3659 4807 Verum
3690 4754 3741 4808 id

2160 4827 2347 4894 noluit,
2369 4829 2464 4885 sed
2491 4833 2686 4886 multos
2713 4835 2762 4888 in
2788 4847 3098 4905 paupertate
3133 4837 3334 4896 dimisit
3361 4849 3472 4895 tum
3498 4841 3569 4896 ob
3595 4844 3742 4914 ipso-

2158 4935 2316 4986 rum,
2375 4931 2483 4978 tum
2535 4924 2606 4978 ob
2655 4934 2797 4980 tuam
2849 4927 3150 4985 utilitatem.
3189 4931 3322 4987 Nam
3377 4933 3444 4988 ad
3493 4935 3739 4992 virtutem

2157 5015 2506 5081 Opportunior
2530 5027 2612 5070 est
2639 5028 2920 5088 paupertas
2945 5020 3142 5077 divitiis
3167 5064 3181 5089 ,
3210 5035 3264 5079 et
3294 5025 3378 5092 iis,
3416 5028 3506 5096 qui
3535 5027 3587 5081 in
3616 5044 3740 5098 pec-

2156 5104 2291 5158 catis
2312 5114 2454 5170 sunt,
2480 5122 2584 5161 non
2602 5123 2760 5178 parva
2782 5112 3075 5167 consolatio
3102 5115 3274 5169 oritur
3292 5115 3360 5169 ab
3383 5118 3583 5172 auxilio
3606 5135 3739 5189 ege-

2157 5195 2240 5249 nis
2286 5199 2540 5264 prmstito.
2583 5199 2857 5271 Tantaque
2901 5204 3118 5273 hujusce
3154 5207 3230 5262 rei
3267 5222 3393 5262 cura
3418 5219 3499 5265 est
3522 5210 3652 5274 Deo,
3683 5223 3738 5266 ut

2155 5299 2276 5340 cum
2323 5287 2628 5346 advenisset
2668 5306 2935 5364 caraeque
2987 5296 3200 5351 indutus
3253 5314 3377 5354 cum
3435 5299 3737 5357 hominibus

2153 5390 2579 5448 conversaretur,
2611 5398 2714 5437 non
2737 5384 3072 5451 detrectaret,
3104 5404 3277 5457 neque
3303 5391 3604 5461 ignominia:
3617 5394 3736 5448 loco

2154 5466 2392 5535 haberet,
2421 5471 2561 5540 quod
2594 5474 2707 5542 ipse
2744 5489 2860 5544 qua:
2898 5476 2964 5530 ad
2997 5492 3256 5548 pauperes
3289 5483 3601 5550 spectabant
3623 5484 3734 5537 dis-

2153 5571 2418 5627 pensaret.
2461 5563 2572 5618 Etsi
2611 5579 2740 5619 vero
2766 5575 2843 5621 tot
2887 5583 3050 5636 panes
3070 5568 3290 5636 fecerat,
3314 5580 3367 5626 et
3387 5588 3738 5645 quiscumque

2151 5651 2312 5706 vellet
2331 5651 2480 5719 jussu
2505 5654 2830 5726 perficiebat,
2867 5658 2990 5714 licet
3015 5670 3198 5732 posset
3217 5673 3500 5720 sexcentos
3521 5663 3735 5720 thesau-

2151 5755 2241 5796 ros
2287 5741 2568 5800 confertim
2615 5748 2919 5816 ostendere,
2948 5751 3115 5808 noluit
3146 5762 3358 5821 tamen;
3388 5755 3483 5811 sed
3520 5769 3731 5812 manu-
