4110 6198
472 239 578 291 5.69

472 351 654 422 ἡοελε,
691 349 785 403 καὶ
812 348 1110 419 δυνάμενος
1133 347 1302 413 δεῖξαι
1343 346 1570 418 μυρίους
1605 345 1802 416 ἀθρόον
1837 343 2039 413 θησαυ-

474 436 621 506 ροὺς,
669 432 770 485 οὐκ
803 432 1027 503 ἐποίησε
1057 429 1250 483 τοῦτο·
1286 428 1422 482 ἀλλά
1467 428 1853 497 γλωσσόκομον
1899 425 2042 495 ἔχειν

471 516 724 578 ἐκέλευσε
749 518 863 578 τοῖς
884 513 1173 584 μαθηταῖς,
1198 512 1293 567 καὶ
1307 512 1375 565 τὰ
1403 510 1708 581 βαλλόμενα
1730 509 2041 580 βαστάζειν,

472 601 564 653 καὶ
596 600 710 661 τοῖς
736 597 1016 667 δεομένοις
1045 596 1258 650 ἐκεῖθεν
1287 597 1621 665 ἐπικουρεῖν.
1649 594 1779 646 Ὅτε
1808 591 1938 661 γοῦν
1966 589 2044 659 τῷ

484 681 655 752 Ἰούδᾳ
684 681 814 751 περί
849 680 947 751 τῆς
987 680 1278 752 προδοσίας
1305 677 1720 748 αἰνιγματωδῶς
1750 676 2042 743 διελέγετο,

474 766 549 835 μὴ
585 764 861 826 συνιέντες
886 765 937 816 οί
957 763 1197 834 μαθηταὶ
1221 762 1283 815 τὸ
1310 760 1521 832 λεχθὲν,
1553 762 1834 832 ἐνόμισαν,
1857 758 2042 829 φησὶν,

469 848 547 901 ὅτι
581 844 732 900 εἶπεν
754 845 904 916 αὐτῷ
931 846 1021 900 ίνα
1044 847 1155 907 τοῖς
1198 847 1435 913 πτωχοῖς
1460 861 1513 896 τι
1540 842 1614 913 δῷ
1633 859 1646 872 ·
1680 841 1792 896 Καὶ
1826 840 1937 910 γὰρ
1978 837 2046 892 τὸ

470 932 909 1000 ’βίωσσόκομον
932 928 1138 1000 αὐτὸς,
1188 927 1376 998 φησὶν,
1404 923 1551 995 εἶχε,
1593 926 1692 979 καὶ
1718 926 1790 980 τὰ
1815 923 2047 990 ,βαλλό-

470 998 619 1081 μενα
648 998 949 1071 ἐϐάστιιζε.
975 998 1151 1073 Πολὺς
1178 1008 1289 1080 γάρ
1313 1006 1393 1078 τῷ
1419 1007 1540 1078 Θεῷ
1563 1007 1722 1076 λόγος
1754 1005 1960 1072 ἐλέους,
1982 1004 2043 1058 οὐ

471 1096 565 1149 τοῦ
593 1096 723 1166 παρ’
754 1092 923 1149 αὐτοῦ
964 1092 1124 1162 μόνον
1156 1093 1236 1155 είς
1265 1092 1439 1162 ἡμᾶς,
1477 1089 1614 1144 ἀλλά
1656 1089 1755 1144 καὶ
1784 1088 1879 1145 τοῦ
1914 1086 2046 1159 παρ’

474 1178 631 1249 ἡμῶν
661 1180 743 1240 είς
777 1177 905 1239 τοὺς
940 1174 1260 1238 συνδούλους
1287 1173 1597 1243 ὀφείλοντος
1628 1171 1904 1242 γίνεσθαι·
1950 1168 2049 1223 zeal

473 1261 530 1313 ἐν
557 1261 622 1329 τῇ
653 1259 885 1329 Παλαιᾷ.
917 1257 1012 1310 zeal
1033 1258 1092 1309 ἐν
1126 1259 1193 1328 τῇ
1221 1259 1401 1328 Καινῇ
1441 1256 1668 1328 μυρίους
1690 1254 1831 1325 ὐπέρ
1855 1251 2047 1307 τούτου

475 1341 657 1412 τίθησι
687 1341 906 1410 νόμους,
940 1338 1181 1393 κελεύων
1204 1338 1293 1392 διὰ
1322 1340 1541 1393 πάντων
1569 1333 1709 1392 εῖναι
1737 1334 2047 1408 φιλάνθρω-

475 1441 595 1488 πον,
630 1424 726 1479 zeal
755 1423 843 1476 διά
865 1423 1149 1493 ῥημάτων,
1180 1423 1276 1475 καὶ
1313 1421 1632 1493 χρημάτων,
1667 1421 1764 1474 καὶ
1790 1418 2051 1491 πραγμά-

471 1524 600 1560 των.
633 1507 740 1561 Καὶ
774 1504 1017 1574 Μωῦσῆς
1055 1503 1170 1557 ἀνω
1200 1504 1295 1557 καὶ
1324 1504 1476 1558 κάτω
1517 1505 1646 1567 τοὺς
1682 1503 1812 1574 περὶ
1840 1502 2049 1556 τούτων

472 1588 778 1661 διασπείρει
813 1588 1006 1656 λόγους
1040 1588 1163 1650 ταῖς
1183 1585 1532 1657 νομοθεσίαις
1561 1585 1806 1650 ἀπάσαις
1824 1602 1839 1618 ·
1870 1585 1968 1639 καὶ
1998 1584 2049 1638 οι

474 1671 749 1741 προφῆται
793 1671 857 1723 ἐκ
886 1668 1181 1740 προσώπου
1221 1668 1317 1721 τοῦ
1349 1667 1485 1721 Θεοῦ
1511 1668 1671 1722 τοῦτο
1714 1666 1932 1739 βοῶσιν,
1965 1667 2050 1720 ὅτι

478 1755 691 1806 Ἕλειςν
734 1753 906 1813 θέλω,
950 1751 1046 1804 καί
1097 1752 1169 1805 οὺ
1217 1749 1473 1804 θυσίανο
1528 1750 1623 1803 καὶ
1665 1752 1715 1803 οί
1762 1749 2050 1803 ἀπόστολοι

475 1836 677 1899 πάντες
708 1834 918 1905 συνῳδὰ
940 1833 1152 1895 τούτοις
1189 1832 1286 1885 καὶ
1313 1831 1530 1886 ποιοῦσι
1569 1833 1667 1886 καὶ
1688 1832 1930 1901 λέγουσι.
1958 1832 2050 1904 Μὴ

474 1917 655 1970 τοίνυν
683 1915 1083 1987 καταμελῶμεν
1131 1914 1227 1968 τοῦ
1269 1912 1630 1987 πράγματος·
1665 1916 1727 1969 οὐ
1773 1916 1884 1986 γάρ
1926 1915 2051 1980 τούς

477 2000 733 2070 πένητας.
763 1998 877 2053 ἀλλ’
921 1999 1118 2062 αὐτοὺς
1154 1999 1302 2069 ἡμᾶς
1334 1998 1403 2052 τά
1435 1998 1668 2070 μέγιστα
1712 1997 2049 2070 ώφελοῦμεν,

476 2082 569 2134 καὶ
598 2081 823 2152 μείζονα
854 2080 1206 2151 λαμϐάνομεν
1228 2075 1302 2133 ῶν
1324 2081 1656 2157 παρέχομεν.
1756 2115 1760 2118 ‹

549 2163 815 2228 ς’.Ταῦτα
829 2162 883 2215 δὲ
900 2164 998 2232 οὐχ
1021 2163 1206 2227 ἁπλῶς
1225 2163 1372 2231 λέγω
1386 2161 1502 2227 νῦν,
1524 2162 1640 2217 ἀλλ’
1661 2163 1849 2235 ἐπειδὴ
1871 2162 2054 2217 πολλοὶ

476 2246 735 2310 πολλάκις
767 2244 903 2315 πρὸς
939 2246 1067 2310 τοὺς
1096 2245 1382 2317 δεομένους
1408 2246 1913 2318 ἀκριϐολογοῦνται,
1959 2247 2055 2300 καὶ

477 2328 710 2400 πατρίδα
734 2326 1099 2392 ἐξετάζοντες,
1133 2330 1229 2383 καὶ
1251 2329 1387 2399 βίον,
1419 2330 1514 2383 καὶ
1535 2330 1789 2401 τρόπους,
1822 2331 1919 2383 καὶ
1938 2331 2053 2384 ἐπι-

474 2412 740 2482 τήδευμα,
784 2411 878 2463 καὶ
923 2410 1021 2481 τὴν
1049 2411 1144 2463 τοῦ
1177 2409 1428 2481 σώματος
1460 2411 1694 2477 εὐεξίαν,
1731 2412 2057 2483 ἐγκλήματα

477 2494 812 2563 ποιούμενοι,
851 2492 944 2545 καὶ
993 2493 1194 2563 μυρίας
1229 2493 1369 2562 ὐπέρ
1421 2493 1631 2561 ὑγιείας
1695 2494 2054 2557 ἀπαιτοῦντες

477 2576 727 2637 εὐθύνας.
757 2576 857 2628 Διά
878 2590 961 2627 τοι
980 2573 1160 2637 τοῦτο,
1186 2575 1281 2629 καὶ
1312 2574 1497 2628 πολλοὶ
1513 2575 1793 2646 πηρώσεις
1824 2574 2053 2644 ὑπεκρί-

478 2674 638 2710 ναντο
670 2654 945 2725 σώματος,
983 2655 1070 2709 ἵνα
1101 2656 1199 2726 τὴν
1225 2655 1486 2727 ὠμότητα
1530 2657 1630 2728 τὴν
1655 2658 1933 2728 ἡμετέραν
1962 2658 2056 2711 καὶ

478 2740 576 2808 τὴν
605 2736 1001 2807 ἀπανθρωπίαν
1030 2735 1107 2807 τῷ
1142 2737 1243 2807 τῆς
1275 2740 1563 2807 συμφορᾶς
1589 2738 1791 2808 ταύτης
1821 2739 2057 2809 ἐπικάμ-

477 2822 622 2890 klenze
649 2820 906 2889 δράματι.
928 2819 1040 2872 Καὶ
1065 2819 1124 2872 τὸ
1149 2820 1268 2889 μὲν,
1290 2819 1484 2890 θέρους
1508 2819 1682 2885 όντος.
1699 2820 1875 2873 ταῦτα
1899 2822 2058 2889 ἐγκα-

478 2905 612 2963 λεῖν,
637 2901 810 2954 δεινὸν
832 2900 915 2960 ὃν.
944 2902 1041 2971 οὐχ
1071 2901 1214 2954 οὐτω
1238 2901 1408 2955 δεινόν
1431 2903 1548 2955 ἐστι
1565 2919 1579 2934 ο
1603 2902 1668 2955 τὸ
1690 2902 1747 2955 δὲ
1777 2903 1838 2954 ἐν
1860 2902 2058 2975 κρυμῷ

478 2987 573 3040 καὶ
597 2985 760 3055 ψύχει
792 2982 965 3047 οὐτως
994 2983 1145 3053 ὠμὸν
1183 2984 1277 3037 καὶ
1309 2984 1682 3057 ἀπάνθρωπον
1712 2983 1959 3053 γίνεσθαι
1981 2985 2056 3039 δι-

478 3068 707 3138 καστὴν,
746 3067 842 3120 καὶ
870 3066 1139 3137 μηδεμίαν
1167 3066 1465 3137 ἀπονέμειν
1504 3069 1617 3131 τοῖς
1653 3066 1886 3137 ἀργοῦσι
1923 3084 2056 3137 συγ-

478 3151 728 3222 γνώμην,
762 3150 862 3204 οὐκ
891 3149 958 3203 ἂν
995 3149 1110 3221 ἔχοι
1148 3148 1274 3204 τινὰ
1299 3150 1583 3221 ὠμότητος
1626 3149 1964 3221 ὐπερϐολὴνς
1992 3150 2057 3203 Τί

477 3232 571 3290 οὖν
619 3236 648 3287 ὁ
692 3233 928 3298 Παῦλος,
963 3234 1159 3304 φησὶν,
1217 3232 1529 3304 ἐνομοθέτει
1580 3231 2055 3297 Θεσσαλονικεῦσι,

478 3319 679 3386 λέγων·
708 3317 780 3369 El
808 3334 900 3382 τις
922 3318 994 3369 οὺ
1024 3315 1186 3370 θέλει
1209 3314 1577 3384 ἐργάζεσθαι,
1605 3314 1761 3384 μηδὲ
1777 3315 2022 3370 ἐσθιέτω
2038 3332 2057 3379 ;

480 3403 596 3454 ’Ίνα
624 3401 718 3453 καὶ
755 3402 819 3453 σὺ
842 3396 1016 3451 ταῦτα
1043 3398 1309 3469 ἀκούσῃς,
1333 3398 1429 3452 καὶ
1464 3397 1540 3467 μὴ
1564 3398 1698 3470 πρὸς
1723 3400 1932 3452 ἐκεῖνον
1962 3398 2058 3469 μόο

479 3501 587 3544 νον,
626 3482 762 3535 ἀλλά
798 3482 892 3534 καὶ
925 3481 1063 3551 πρὸς
1097 3480 1295 3533 σαυτὸν
1323 3478 1545 3551 διαλέγῃ
1593 3480 1662 3534 τὰ
1714 3480 1809 3532 τοῦ
1846 3479 2057 3533 Παύλου

480 3567 721 3636 ῥήματα.
753 3564 816 3616 Ol
866 3562 976 3633 γὰρ
1004 3561 1100 3614 τοῦ
1128 3561 1344 3614 Παύλου
1379 3561 1535 3632 νόμοι
1560 3562 1683 3631 οὐχὶ
1719 3565 1833 3625 τοῖς
1863 3563 2057 3634 πένησι

483 3647 665 3717 μόνον,
706 3644 841 3698 ἀλλά
865 3645 960 3697 zeal
993 3645 1126 3713 ἡμῖν
1149 3646 1380 3697 κεῖνται.
1415 3642 1571 3695 Εἴπω
1597 3660 1649 3696 τι
1676 3643 1932 3715 φορτικὸν
1965 3645 2058 3698 καὶ

483 3726 748 3798 ἐπαχθές·
789 3723 907 3780 οἶδα
943 3725 1043 3794 μὲν
1076 3726 1158 3779 ὅτι
1202 3725 1512 3795 ὀργιεῖσθε’
1562 3725 1701 3797 πλὴν
1747 3725 1862 3780 ἀλλ’
1909 3726 2059 3797 ὅμως

482 3810 623 3879 ἐρῶο
656 3808 779 3862 οὐδὲ
825 3808 937 3878 γὰρ
977 3806 1117 3861 ὥστε
1158 3807 1382 3877 πλῆξαι,
1427 3807 1541 3862 ἀλλ’
1593 3809 1735 3863 ὥστε
1769 3807 2057 3880 διορθῶσαι

476 3891 636 3947 τοῦτο
664 3892 827 3961 λέγω.
856 3891 1079 3953 Τούτοις
1106 3891 1204 3963 μὲν
1223 3891 1420 3962 ἀργίαν
1442 3892 1798 3965 ἐγκαλοῦμεν,
1824 3894 2061 3963 πρᾶγμα

478 3976 572 4030 καῖ.
599 3975 930 4047 συγγνώμης
953 3975 1212 4039 πολλάκις
1243 3973 1392 4040 ἀξιον
1410 3992 1423 4006 ο
1446 3976 1601 4029 αὐτοὶ
1628 3976 1683 4030 δὲ
1712 3976 2057 4048 ἐργαζόμεθα

478 4060 701 4114 τοιαῦτα
731 4059 1014 4122 πολλάκις,
1042 4058 1079 4112 ἃ
1107 4060 1289 4129 πάσης
1315 4060 1515 4131 ἀργίας
1534 4061 1653 4113 ἐστὶ
1674 4060 2052 4132 χαλεπώτερα.

490 4143 631 4196 Ἀλλ’
663 4141 773 4210 ἐγὼ
825 4140 1078 4212 πατρῷον
1108 4141 1218 4211 ἔχω
1265 4141 1488 4212 κλῆρον,
1543 4142 1727 4212 φησίν.
1782 4144 1933 4196 Ἐπεὶ⁵
1963 4141 2057 4196 οὖν

478 4219 631 4288 οὗτος
658 4224 826 4296 πένης
856 4224 996 4290 ἐστὶ,
1021 4223 1116 4277 καὶ
1143 4226 1208 4277 ἐκ
1235 4225 1508 4295 πενήτων,
1539 4224 1635 4278 zeal
1659 4226 1761 4279 οὐκ
1781 4225 1907 4296 ἔσχε
1927 4243 2059 4297 προ-

479 4309 667 4375 γόνους
692 4306 983 4378 εὐπόρους,
1012 4306 1352 4361 ἀπόλλυσθαι
1394 4307 1625 4371 δίκαιος,
1653 4308 1776 4361 εἰπέ
1819 4325 1910 4378 μοι
1934 4326 1948 4375 ;
1979 4309 2056 4363 Δι’

478 4390 612 4443 αὐτὸ
644 4390 744 4461 μὲν
768 4386 862 4443 οὖν
891 4388 1050 4442 τοῦτο
1080 4390 1315 4459 μάλιστα
1339 4389 1607 4444 ἐλεεῖσθαι
1639 4391 1734 4444 καὶ
1761 4393 2057 4446 κατοικτεί-

480 4472 673 4546 ρεσθαι
711 4472 861 4539 ἄξιος
890 4471 957 4525 ἂν
989 4472 1075 4541 εῖη
1116 4471 1270 4543 παρά
1294 4472 1402 4525 τῶν
1434 4472 1685 4543 ἐχόντων.
1717 4473 1788 4526 Σὺ
1819 4473 1918 4543 μὲν
1948 4474 2058 4545 γὰρ

478 4557 743 4620 πολλάκις
769 4555 1112 4627 διημερεύων
1140 4555 1239 4627 τὴν
1266 4557 1482 4629 ἡμέραν
1515 4559 1572 4610 ἐν
1615 4557 1883 4631 θεάτροις,
1918 4559 1952 4629 ἡ
1998 4560 2058 4613 ἐν

482 4637 782 4709 συνεδρίοις
820 4638 916 4691 καὶ
946 4637 1230 4706 συλλόγοις
1275 4638 1427 4692 οὐδὲν
1475 4638 1658 4710 έχουσι
1709 4640 1922 4712 κέρδος,
1962 4642 2057 4696 καὶ

483 4719 699 4791 μυρίοις
727 4719 901 4788 λέγων
934 4719 1146 4783 κακῶς,
1175 4721 1327 4774 οὐδὲν
1355 4724 1466 4794 ἡγῇ
1497 4725 1671 4777 ποιεῖν
1707 4723 1902 4785 δεινὸν,
1934 4724 2054 4778 οὐδὲ

478 4805 672 4875 ἀργεῖν
736 4802 831 4856 τὸν
863 4802 920 4856 δέ
949 4802 1134 4857 ἄθλιον
1162 4803 1350 4858 τοῦτον
1384 4806 1478 4859 zeal
1502 4805 1847 4878 ταλαίπωρον
1874 4810 2055 4862 πᾶσαν

478 4885 840 4940 ἀναλίσκοντα
863 4886 961 4958 τὴν
987 4887 1203 4960 ἡμέραν
1230 4888 1286 4940 ἐν
1329 4888 1653 4960 ἱκετηρίαις,
1689 4891 1747 4942 ἐν
1771 4890 2054 4960 δάκρυσιν,

479 4971 537 5024 ἐν
569 4969 741 5042 μυρίᾳ
754 4968 1122 5043 ταλαιπωρίᾳ,
1147 4970 1372 5043 κρίνεις,
1410 4973 1504 5026 καὶ
1532 4974 1613 5035 είς
1636 4972 1788 5045 [258]
1808 4973 2059 5046 δικαστή-

480 5070 595 5126 ριον
638 5052 836 5118 ἕλκεις,
869 5053 965 5106 καὶ
1006 5052 1241 5115 εὐθύνας
1274 5055 1557 5122 ἀπαιτεῖς;
1590 5057 1699 5109 Kal
1742 5056 1845 5109 ποῦ
1881 5057 2059 5112 ταῦτα

477 5134 703 5208 γνώμης
725 5136 1092 5207 ἀνθρωπίνης,
1124 5136 1244 5190 είπέ
1275 5152 1395 5208 μοι;
1423 5138 1585 5192 Ὥστε
1617 5138 1746 5193 ὅταν
1768 5139 1956 5212 λέγῃς,
1991 5141 2057 5194 Τί

476 5214 570 5273 οῦν
605 5217 840 5291 ἐροῦμεν
864 5218 944 5290 τῷ
985 5218 1213 5289 Παύλῳ;
1248 5220 1322 5290 μὴ
1367 5222 1478 5283 τοῖς
1532 5220 1774 5291 πένησιν,
1804 5223 1942 5278 ἀλλὰ
1964 5224 2057 5277 zeal

478 5300 660 5371 σαυτῷ
690 5300 1074 5371 διαλεγόμενος
1099 5299 1270 5354 ταῦτα
1299 5301 1446 5371 λέγε.
1484 5302 1693 5369 Ἀλλως
1720 5305 1798 5369 δέ,
1838 5307 1914 5377 μὴ
1958 5306 2057 5378 τὴν

474 5384 708 5455 ἀπειλὴν
741 5384 1083 5454 ἀναγίνωσκε
1104 5384 1284 5455 μόνον,
1316 5384 1450 5438 ἀλλά
1472 5388 1565 5441 καὶ
1584 5387 1681 5459 τὴν
1708 5388 2055 5461 συγγνώμην⁹

474 5466 504 5519 ὁ
539 5479 649 5537 γαρ
677 5466 868 5534 είπὼν,
897 5467 972 5522 Εἴ
998 5484 1090 5533 τις
1127 5464 1214 5537 μὴ
1240 5466 1562 5538 ἐργάζεται,
1605 5469 1763 5539 μηδέ
1791 5469 2056 5538 ἐσθιέτω,

476 5549 820 5637 προσέθτριεν
843 5567 856 5580 ·
903 5550 1093 5637 ⁹ξ’μιεῖς
1126 5549 1224 5637 δέ,
1247 5552 1519 5637 αδενίφοί,
1551 5554 1638 5623 μὴ
1677 5553 2057 5637 ἐκκακήσητε

476 5632 542 5682 τὸ
565 5632 758 5686 καλὸῦ
778 5634 1112 5701 ποιοῦντες.
1152 5634 1313 5688 Ἀλλά
1328 5635 1411 5700 τίς
1437 5636 1617 5689 αὐτῶν
1636 5638 1669 5706 ἡ
1700 5636 2055 5706 εὐπρόσωπος

480 5715 755 5790 πρόφασις
781 5737 793 5750 ο
854 5723 1131 5793 Δραπέται
1183 5724 1327 5790 τινές
1373 5725 1496 5789 είσι,
1547 5726 1701 5794 φησὶ,
1752 5725 1849 5779 zeal
1888 5724 2053 5792 ξένοι,

1178 248 1236 300 ς.
1280 245 1566 300 JOANNIS
1604 242 2093 300 CﬂllYSﬂS‘l‘OMl
2136 240 2459 298 ARCNIEP.
2499 233 3045 297 CONSTANTI‘NOP.

3607 216 3715 276 2‘70

2147 340 2240 392 καὶ
2274 339 2574 410 μαστιγίαι,
2608 339 2701 392 zeal
2724 337 2823 401 τάς
2856 336 3038 390 αὐτῶν
3068 336 3295 403 ἀφέντες
3317 331 3601 404 πατρίδας,
3634 332 3715 395 είς

2143 421 2241 491 τὴν
2269 422 2543 493 ἡμετέραν
2574 421 2729 474 πόλιν
2762 418 3074 491 συρρέουσι.
3119 417 3215 471 Διά
3242 415 3400 469 τοῦτο
3436 410 3530 468 οῦν
3571 415 3711 481 ἀγα-

2144 509 2377 569 νακτεῖς,
2432 504 2552 558 εἰπέ
2603 520 2716 575 μοι,
2762 503 2860 555 καὶ
2907 500 2999 553 τὸν
3052 500 3319 569 στέφανον
3358 498 3453 569 τῆς
3505 496 3712 560 πόλεως

2143 586 2449 653 διατίλλεις,
2483 587 2565 640 ὃτι
2604 585 2779 639 κοινὸν
2805 582 3001 653 λιμένα
3035 582 3235 645 πάντες
3258 580 3428 652 αὐτὴν
3460 575 3600 632 εἶναι
3624 595 3713 631 νο-

2148 671 2388 741 μίζουσι,
2433 670 2658 740 καὶτῆς
2690 667 3023 738 ἐνεγκούσης
3069 667 3166 738 τὴν
3196 664 3485 735 ἀλλοτρίαν
3527 678 3717 735 προτι-

2146 754 2331 820 θέασις
2380 755 2478 809 Διά
2515 754 2677 809 τοῦτο
2705 754 2804 825 μὲν
2846 749 2939 807 οὖν
2970 751 3299 821 ἀγάλλεσθαι
3339 749 3449 802 ἔδει
3473 747 3570 803 καὶ
3596 744 3716 817 χαύ-

2148 855 2286 909 ρειν,
2318 839 2402 892 ὅτι
2430 838 2681 909 καθάπερ
2706 838 2787 901 είς
2818 836 2998 891 κοινόν
3024 835 3288 906 ἐμπόριον
3311 832 3412 896 τάς
3448 830 3716 909 ὑμετέρας

2146 908 2335 992 χεῖρας
2363 908 2658 992 τρέχουσιν
2672 919 2931 982 ἅπαντες,
2976 919 3072 973 καὶ
3113 917 3329 989 μητέρα
3353 914 3536 985 κοινὴν
3581 908 3717 967 εῖναι

2145 1004 2351 1066 ταύτην
2381 1003 2481 1074 τὴν
2510 1002 2665 1056 πόλιν
2707 1001 3008 1073 νομίζουσι.
3052 998 3146 1070 Ml;
3178 997 3246 1070 δὴ
3280 995 3632 1069 διαφθείρητε
3659 994 3721 1047 τὸ

2149 1084 2447 1155 ἐγκώμιον,
2474 1084 2610 1156 μηδὲ
2639 1084 3093 1155 ἀκρωτηριάσητε
3119 1080 3213 1136 τόν
3241 1080 3464 1135 ἔπαινον
3493 1077 3721 1146 πάτριον

2147 1168 2276 1223 ὄντα
2305 1168 2442 1240 αὐτῇ
2469 1170 2563 1223 καὶ
2591 1169 2840 1240 ἀρχαῖον.
2878 1167 2989 1221 Καὶ
3018 1168 3127 1239 γάρ
3154 1181 3284 1219 ποτε
3310 1160 3477 1234 λιμοῦ
3499 1159 3720 1232 μέλλον-

2147 1269 2239 1317 τος
2271 1254 2352 1317 είς
2378 1254 2479 1322 τὴν
2509 1250 2617 1322 γῆν
2642 1249 2899 1322 ἐμϐαλεῖν
2926 1249 3166 1314 ἅπασαν,
3198 1248 3254 1305 οἱ
3276 1246 3377 1318 τὴν
3413 1243 3570 1299 πόλιν
3591 1240 3720 1296 ταύ-

2147 1350 2248 1405 την
2295 1333 2571 1397 οἰκοῦντες
2630 1335 2746 1396 τοῖς
2799 1334 2859 1386 ἐν
2911 1329 3307 1403 Ἱεροσολύμοις
3369 1326 3722 1397 καθημένοις,

2148 1417 2334 1481 αὐτοῖς
2359 1416 2418 1470 δέ
2444 1416 2506 1486 (ί.
2534 1415 2624 1489 δὴ)
2646 1415 2881 1481 τούτοις,
2913 1415 3042 1486 περὶ
3073 1408 3152 1468 ῶν
3170 1415 3307 1484 ἡμῖν
3323 1405 3481 1474 οὗτος
3510 1412 3543 1463 ὁ
3565 1408 3723 1475 λόγος

2150 1500 2297 1565 ἅπας
2342 1500 2646 1570 κεκίνηται,
2685 1498 2777 1554 διὰ
2829 1498 3010 1570 χειρὸς
3054 1496 3312 1569 Βαρνάϐα
3369 1494 3468 1550 καὶ
3512 1489 3723 1546 Σαύλου

2150 1583 2409 1655 χρήματα
2451 1580 2705 1653 ἔπεμψαν
2749 1582 2849 1635 οὐκ
2879 1580 3058 1649 ὀλίγα.
3101 1579 3259 1642 Τίνος
3290 1573 3384 1633 οὖν
3421 1575 3490 1631 ἂν
3528 1574 3720 1645 εεημεν

2151 1668 2312 1737 ἡμεῖς
2339 1664 2674 1736 συγγνώμης
2706 1664 2870 1732 ἀξιοι,
2896 1663 3058 1727 ποίας
3083 1662 3140 1716 δὲ
3167 1659 3485 1729 ἀπολογίας,
3517 1659 3647 1711 ὅταν
3673 1655 3725 1708 οί

2155 1748 2255 1818 μὲν
2284 1749 2541 1820 πρόγονοι
2566 1749 2617 1804 οί
2653 1746 2904 1818 ἡμέτεροι
2944 1745 3037 1800 zeal
3082 1744 3209 1808 τούς
3233 1740 3519 1815 πόρρωθεν
3550 1738 3724 1820 καθη-

2154 1828 2349 1900 μένους
2380 1830 2677 1899 φαίνωνται
2709 1828 2798 1883 διά
2815 1828 2926 1882 τῶν
2953 1827 3169 1882 οἰκείων
3192 1826 3486 1897 τρέφοντες
3510 1819 3726 1892 χρημά-

2151 1927 2281 1974 των,
2312 1913 2408 1965 κα“ι
2431 1911 2587 1965 αὐτοὶ
2612 1911 2749 1984 πρὸς
2769 1911 3013 1974 ἐκείνους
3033 1910 3347 1983 τρέχοντες·
3369 1908 3531 1978 ἡμεῖς
3547 1904 3605 1957 δὲ
3630 1903 3727 1984 καὶ

2153 1996 2279 2058 τοὺς
2319 1993 2615 2065 ἀλλαχόθεν
2660 1983 2798 2066 πρὸς
2825 1995 2978 2065 ἡμᾶς
3009 1992 3454 2062 καταφεύγοντας
3488 1983 3728 2042 ἀπελαύ-

2155 2094 2356 2147 νωμεν,
2392 2078 2487 2131 καὶ
2512 2077 2835 2148 ἀπαιτῶμεν
2862 2076 3093 2139 εὐθύνας
3135 2073 3402 2146 ἀκριόεῖς,
3431 2071 3526 2126 καὶ
3553 2067 3729 2124 ταῦτα

2157 2160 2381 2224 εἰδότες,
2426 2161 2511 2214 ὅτι
2550 2161 2761 2231 μυρίων
2790 2158 3083 2213 ὑπεύθυνοί
3111 2160 3282 2228 ἐσμεν
3303 2155 3521 2217 κακῶνς
3543 2151 3665 2205 Κάν
3697 2150 3729 2201 ό

2155 2241 2290 2305 Θεὸς
2324 2241 2498 2305 οὕτως
2527 2242 2771 2312 ἀκριὸῶς
2808 2241 2878 2295 τὰ
2920 2242 3042 2294 καθ’
3071 2242 3223 2311 ἡμᾶς
3254 2237 3506 2308 ἐξετάσῃ,
3538 2233 3730 2302 ὥσπεο

2157 2326 2317 2396 ἡμεῖς
2342 2326 2412 2379 τά
2440 2325 2549 2379 τῶν
2571 2327 2838 2398 πενήτων,
2870 2325 3124 2396 οὐδεμιᾶς
3152 2320 3452 2392 τευξόμεθα
3479 2315 3727 2387 συγγνώ-

2158 2426 2287 2481 μης,
2316 2408 2439 2463 οὐδέ
2465 2408 2615 2463 ἐλέου
2644 2409 2817 2471 τινός·
2864 2408 2963 2461 Ἐγ
2991 2400 3041 2473 ᾧ
3072 2406 3182 2477 γὰρ
3214 2405 3450 2473 κρίματι
3472 2401 3728 2469 κρίνετε,

2156 2491 2308 2560 φησὶ,
2368 2490 2467 2544 καὶ
2514 2491 2687 2560 ὑμεῖς
2740 2490 3122 2560 κριθήσεσθε.
3165 2487 3329 2542 Γενοῦ
3373 2484 3551 2540 τοίνυν
3606 2482 3729 2551 φιλ-

2157 2573 2442 2647 άνθρωπος
2475 2576 2570 2629 καὶ
2607 2576 2814 2646 ἥμερος
2837 2574 2918 2645 τῷ
2946 2573 3234 2644 συνδούλῳ,
3264 2571 3358 2624 καὶ
3385 2568 3563 2623 πολλά
3591 2568 3731 2635 ἄφες

2154 2656 2262 2710 τῶν
2316 2657 2757 2728 ἡμαρτημένων,
2809 2657 2905 2710 καί
2957 2656 3200 2726 ἐλέησον,
3264 2654 3351 2707 ἵνα
3409 2652 3506 2705 zeal
3565 2650 3730 2714 αὐτὸς

2155 2738 2412 2809 τοιαύτης
2452 2740 2623 2810 τύχης
2670 2739 2772 2809 τῆς
2813 2739 3016 2812 ψήφου.
3079 2738 3145 2791 Τί
3193 2736 3497 2808 πράγματα
3549 2730 3733 2801 ωυτῷ

2157 2819 2411 2886 πλέκεις;
2437 2821 2490 2874 τί
2520 2821 2889 2893 περιεργάζῃς
2917 2817 3067 2893 τΔρςι.
3098 2821 3148 2873 εί
3179 2815 3519 2890 προσέταξεν
3539 2817 3569 2869 6
3596 2814 3731 2879 Θεὸς

2159 2903 2305 2973 βίους
2344 2905 2595 2973 ἐρευνᾷν,
2627 2904 2723 2957 καὶ
2751 2903 2981 2970 εὐθύνας
3023 2906 3293 2970 ἀπαιτεῖν,
3332 2903 3424 2956 καὶ
3449 2902 3729 2971 πολυπραο

2156 2989 2378 3058 γμονεῖν
2421 2988 2677 3057 τρόπους,
2712 2988 2813 3041 οὐκ
2843 2988 2909 3042 ἀν
2954 2987 3333 3059 ἐδυσχέραινον
3362 2985 3545 3039 πολλοί
3566 3000 3581 3047 ;
3629 2983 3732 3037 οὐκ

2156 3070 2223 3124 ἂν
2253 3065 2407 3124 εἶπον
2431 3071 2566 3139 πρὸς
2586 3070 2813 3134 ἑαυτούς
2828 3087 2843 3103 ο
2869 3071 2935 3123 Τί
2963 3087 3096 3123 ποτε
3114 3068 3274 3122 τοῦτό
3294 3070 3442 3132 ἐστις
3473 3065 3733 3121 δύσκολον

2158 3154 2291 3223 ἡμῖν
2323 3152 2386 3205 τὸ
2415 3154 2648 3223 πρᾶγμα
2683 3152 3018 3224 κατέστησεν
3051 3155 3080 3206 ό
3108 3152 3272 3216 Θεός·
3309 3150 3388 3222 μὴ
3428 3151 3545 3222 γὰρ
3565 3149 3730 3207 δυνά·

2163 3237 2303 3301 μεθα
2339 3236 2438 3308 τὴν
2474 3234 2677 3306 ἐτέρων
2704 3234 2849 3307 ζωὴν
2877 3235 3189 3301 ἐξετάζειν;
3221 3233 3295 3305 μὴ
3324 3235 3436 3304 γὰρ
3462 3234 3622 3303 ῖσμεν
3659 3231 3731 3283 τά

2160 3320 2526 3393 ἡμαρτημένα
2551 3320 2630 3391 τῷ
2659 3320 2824 3384 δεῖνις
2855 3320 2971 3372 Οὐκ
3001 3320 3068 3373 ἀν
3102 3317 3287 3373 πολλοὶ
3315 3316 3488 3369 πολλά
3509 3314 3732 3368 τοιαῦτα

2160 3400 2346 3470 εἷπον;
2381 3403 2496 3456 Νῦν
2517 3402 2595 3467 δέ,
2625 3403 2717 3456 ὅτε
2748 3403 2932 3472 πάσης
2963 3402 3112 3472 ἡμᾶς
3152 3400 3411 3470 τοιαύτης
3461 3397 3734 3468 πολυπρα-

2160 3485 2438 3557 γμοσύνης
2462 3484 2759 3557 ἀπήλλαξε,
2778 3484 2872 3539 καὶ
2889 3484 3156 3554 ὑπέσχετο
3181 3482 3373 3537 δώσειν
3391 3479 3734 3552 ἀπηρτισμέ-

2159 3586 2248 3623 νον
2273 3568 2364 3621 τὸν
2397 3567 2610 3639 μισθὸν,
2641 3568 2746 3622 κᾶν
2772 3567 3020 3639 πονηροὶ,
3053 3566 3159 3621 κᾶν
3194 3565 3425 3640 χρηστοὶ
3449 3566 3498 3617 οἱ
3526 3562 3734 3632 λαμϐά-

2160 3668 2341 3715 νοντες
2376 3646 2533 3715 ὦσιν,
2583 3653 2799 3715 ἑαυτοῖς
2852 3652 3153 3721 πράγματα
3198 3647 3588 3719 ἐπισπώμεθα.
3623 3647 3737 3699 Καὶ

2161 3735 2326 3790 πόθεν
2352 3734 2511 3789 τοῦτο
2535 3735 2716 3805 δῆλον,
2750 3735 2938 3806 φησὶν.
2960 3735 3042 3787 ὅτι
3067 3734 3347 3805 χρηστοῖς,
3378 3731 3471 3786 zeal
3508 3733 3621 3794 τοῖς
3656 3730 3736 3800 μὴ

2158 3819 2421 3882 τοιούτοις
2456 3819 2640 3883 δόντες
2677 3818 2958 3889 ληψόμεθα
2982 3816 3076 3871 τὸν
3112 3816 3342 3887 μισθόν;
3385 3815 3503 3882 ’Δφ’
3533 3809 3610 3867 ῶν
3634 3814 3739 3867 αὐ.

2158 3903 2249 3966 τὸς
2278 3899 2431 3955 εἶπεν
2454 3919 2468 3933 ·
2509 3902 2781 3971 Εὕχεσθε
2814 3900 2969 3967 ὑπὲρ
3005 3899 3125 3953 τῶν
3166 3897 3610 3965 ἐπηρεαζόντων
3634 3897 3737 3950 καὶ

2157 3986 2492 4039 διωκόντων
2513 3982 2686 4052 ὑμᾶς.
2710 3983 2872 4047 ὅπως
2887 3981 3145 4051 γένησθε
3170 3981 3355 4050 ὅμοιοι
3374 3980 3482 4034 τοῦ
3503 3978 3738 4048 Πατρός

2158 4066 2347 4137 ὑμῶν,
2368 4066 2487 4120 ’τοῦ
2512 4067 2591 4121 ἐνι
2606 4065 2732 4133 τοῖς
2757 4064 3057 4132 οὐρανοῖς,
3089 4064 3178 4117 ὅτι
3210 4063 3318 4118 τὸν
3340 4063 3520 4131 ἣλιον
3544 4062 3737 4138 αὐτοῦ

2159 4149 2477 4204 ἀνατέλλει
2519 4149 2619 4203 ἐπὶ
2653 4147 2960 4216 πονηροὺς
2994 4148 3092 4201 καὶ
3140 4146 3421 4217 ἀγαθοὺς,
3459 4146 3559 4199 καὶ
3591 4147 3735 4214 ,ϐρέ-

2159 4250 2251 4302 χει
2283 4232 2383 4286 ἐπὶ
2413 4231 2684 4296 δικαίους
2705 4230 2806 4285 καί
2829 4229 3098 4296 ἀδίκους.
3127 4230 3341 4300 Ὥσπερ
3360 4226 3454 4283 οὗν
3482 4231 3513 4284 ό
3534 4228 3734 4282 Δεσπό-

2157 4332 2258 4387 της
2308 4331 2426 4377 σου,
2478 4312 2687 4385 μυρίων
2739 4312 2901 4366 αὐτὸν
2968 4312 3455 4383 βλασφημούντων,
3520 4311 3732 4384 μυρίων

2161 4397 2530 4469 πορνευόντων
2545 4436 2562 4461 ,
2619 4395 2961 4451 κλεπτόντων
2981 4436 2996 4456 ,
3057 4395 3428 4469 λῃστευόντων
3444 4434 3461 4458 ,
3525 4394 3731 4464 τάφους

2159 4480 2580 4553 ἀνορυττόντων,
2624 4480 2795 4551 μυρία
2833 4478 3215 4549 ἐργαζομένων
3245 4477 3415 4543 κακά,
3451 4476 3602 4549 [Ξ591
3631 4478 3734 4530 οὐκ

2158 4566 2457 4634 ἀφίσταται
2487 4564 2587 4634 τῆς
2624 4564 2704 4627 είς
2732 4563 2981 4626 ἃπαντας
3014 4561 3354 4633 εὐεργεσίας,
3384 4560 3522 4616 ἀλλὰ
3546 4560 3735 4630 κοινὴν

2157 4648 2257 4719 τὴν
2283 4647 2499 4710 ἀκτῖνα,
2528 4646 2742 4709 κοινοὺς
2765 4646 2891 4708 τοὺς
2919 4644 3177 4716 δμᾶρους,
3204 4645 3299 4699 καὶ
3321 4645 3449 4707 τοὺς
3483 4645 3734 4716 καρποὺς

2157 4731 2285 4792 τοὺς
2312 4730 2420 4783 ἀπὸ
2447 4730 2545 4800 τῆς
2574 4727 2677 4797 γῆς
2701 4726 3011 4799 προτίθησι,
3051 4729 3150 4801 τὴν
3181 4726 3592 4798 φιλανθρωπίαν
3619 4726 3737 4778 ἐπι.

2157 4811 2510 4882 δεικνύμενος
2544 4809 2643 4881 τὴν
2681 4809 2904 4863 ἐαυτοῦ·
2937 4809 3081 4864 οὕτω
3112 4812 3207 4865 καὶ
3248 4812 3315 4865 σύ
3359 4809 3607 4880 ποίησον,
3636 4810 3737 4862 zeal

2158 4896 2287 4949 ὅταν
2330 4895 2517 4958 ἐλέους
2563 4893 2755 4964 καιρὸς
2873 4894 2967 4946 zeal
3016 4893 3456 4966 φιλανθρωπίας,
3517 4892 3739 4964 διόρθου

2157 4980 2255 5051 τὴν
2288 4978 2502 5041 πενίαν,
2538 4976 2632 5030 λύε
2663 4977 2757 5031 τὸν
2794 4976 2972 5047 λιμὸν,
3007 4975 3315 5031 ἀπάλλαττε
3345 4976 3447 5046 τῆς
3476 4974 3734 5045 θλίψεως,

2163 5062 2329 5134 μηδὲν
2368 5061 2681 5133 περαιτέρω
2704 5060 3094 5132 περιεργάζου.
3118 5061 3180 5113 Et
3208 5059 3319 5131 γάρ
3344 5059 3409 5130 δὴ
3442 5058 3734 5131 μέλλοιμεν

2162 5144 2310 5215 βίους
2348 5143 2699 5215 ἐρευνᾶσθαι,
2730 5142 2985 5197 οὐδέποτε
3023 5143 3215 5197 οὐδένα
3258 5141 3547 5212 ἄνθρωπον
3575 5141 3734 5209 ἐλεὴ-

2162 5245 2358 5298 σομεν·
2397 5226 2513 5279 ἀλλ’
2557 5227 2661 5281 ὑπὸ
2692 5230 2790 5300 τῆς
2825 5228 3056 5301 ἀκαίρου
3086 5228 3294 5299 ταύτης
3339 5226 3735 5298 πολυπραγμο-

2163 5312 2336 5383 σύνης
2378 5309 2817 5381 ἐμποδισθέντες,
2869 5311 3110 5383 ἀκαρποι
3161 5310 3260 5366 καὶ
3306 5311 3488 5379 πάσης
3535 5308 3735 5379 ἔρημοι

2162 5394 2415 5466 βοηθείας
2441 5392 2825 5466 διαμενοῦμεν,
2856 5395 2951 5447 καὶ
2980 5393 3145 5449 πολὺν
3177 5391 3598 5464 ύποστησόμεθα
3632 5391 3734 5445 πό-

2161 5495 2250 5532 νον
2280 5476 2402 5547 είκῆ
2443 5476 2539 5529 καὶ
2570 5476 2769 5547 μάτην.
2811 5476 2902 5530 Διδ
2927 5476 2991 5548 δὴ
3025 5475 3331 5549 παρακαλῶ
3360 5476 3460 5547 τὴν
3502 5472 3736 5543 ἄκαιρον

2159 5560 2365 5630 ταύτην
2395 5559 2711 5630 περιεργίαν
2732 5558 3081 5624 ἐκϐαλόντας,
3108 5562 3219 5623 τοῖς
3242 5558 3517 5630 δεομένοις
3529 5555 3735 5611 διδόναι

2163 5644 2319 5706 πᾶσι,
2363 5642 2458 5695 καὶ
2489 5642 2627 5712 μετά
2666 5642 2870 5711 πολλῆς
2906 5642 3065 5697 τοῦτο
3092 5644 3266 5696 ποιεῖν
3295 5641 3395 5712 τῆς
3422 5638 3726 5711 δαψιλείας.

2159 5726 2247 5780 ἴνα
2291 5711 2383 5780 καὶ
2414 5711 2566 5778 αὐτοὶ
2595 5724 2734 5778 κατὰ
2766 5725 2864 5797 τὴν
2896 5724 3108 5796 ἡμέραν
3139 5711 3357 5795 ἐκείνην
3399 5719 3600 5778 πολλοῦ
3634 5716 3733 5771 τοῦ
