4110 6198
361 275 464 333 269

363 391 506 459 pium
539 390 739 448 habere
771 391 1064 466 discipulos
1085 395 1276 464 jussit,
1301 405 1355 450 et
1377 411 1497 468 qua:
1527 397 1950 454 immittebantur

361 492 596 552 portare,
634 493 796 555 atque
826 485 950 542 inde
973 488 1157 555 egenis
1183 489 1612 544 subministrare.
1651 489 1784 544 Nam
1826 504 1952 545 cum

360 575 554 631 ludam
598 579 931 648 aenigmatice
968 577 1036 633 de
1076 579 1380 649 proditione
1414 581 1797 652 alloqueretur,
1847 597 1952 636 non

363 665 723 736 intelligentes
759 667 1003 737 discipuli
1033 668 1174 736 quod
1203 669 1480 726 dicebatur
1505 711 1522 738 ,
1558 672 1843 742 putabant,
1874 673 1954 726 in-

360 757 497 824 quit,
528 757 698 824 ipsum
726 757 925 813 dixisse
963 757 1036 813 illi
1066 768 1124 814 ut
1175 761 1495 832 pauperibus
1529 762 1726 832 aliquid
1765 761 1950 817 daret:

362 861 486 901 nam
517 847 866 917 Marsupium,
893 849 1095 920 inquit,
1124 852 1232 918 ipse
1255 852 1488 918 habebat,
1513 863 1558 908 et
1577 870 1692 924 qua
1711 855 1952 909 immitte-

363 940 548 991 bantur
585 940 818 1008 portabat
847 937 1023 1010 (Joan.
1059 941 1146 996 12.
1182 941 1262 1013 6).
1294 942 1534 1013 Magnam
1573 944 1770 1016 quippe
1815 943 1955 999 Deus

363 1029 625 1084 rationem
655 1028 816 1084 habet
836 1029 903 1085 de
931 1031 1297 1088 misericordia
1321 1075 1339 1101 ,
1373 1049 1478 1090 non
1511 1035 1578 1090 de
1623 1050 1718 1090 sua
1750 1044 1954 1090 tantum

362 1134 489 1189 erga
513 1135 632 1186 nos,
660 1120 754 1175 sed
784 1120 851 1176 de
879 1133 1060 1177 nostra
1092 1124 1252 1179 etiam
1297 1126 1350 1180 in
1392 1140 1681 1182 conservos
1717 1143 1730 1180 :
1762 1142 1865 1198 qua
1887 1127 1956 1183 de

365 1226 426 1266 re
456 1211 653 1266 multas
679 1223 733 1267 et
770 1211 822 1266 in
854 1213 1031 1269 Veteri
1077 1225 1132 1270 et
1175 1217 1226 1271 in
1255 1217 1406 1272 Novo
1434 1219 1776 1274 Testamento
1814 1221 1956 1290 leges

362 1303 658 1368 constituit,
700 1303 970 1360 hominem
996 1305 1191 1375 iubens
1231 1315 1286 1364 et
1319 1309 1497 1365 verbis
1523 1315 1579 1366 dt
1622 1311 1862 1380 pecuniis
1901 1319 1957 1366 et

362 1393 616 1461 cperihus
648 1393 932 1465 benignum
954 1411 1094 1452 esse.
1137 1398 1248 1454 llac
1273 1399 1340 1455 de
1361 1415 1420 1456 re
1445 1403 1642 1471 passim
1665 1402 1872 1474 Moyses
1898 1404 1951 1459 in

365 1481 571 1552 legibus
616 1497 919 1540 sermonem
958 1487 1144 1542 inserit
1175 1505 1189 1541 :
1216 1487 1318 1544 hoc
1355 1505 1419 1546 ex
1453 1506 1682 1562 persona
1715 1492 1804 1547 Dei
1835 1508 1959 1564 pro-

366 1569 540 1642 pheta:
582 1574 834 1642 clamant,
889 1575 1293 1635 Jliscricordiam
1337 1582 1471 1649 volo,
1526 1592 1573 1637 et
1612 1600 1715 1637 non
1754 1584 1956 1654 sacriﬁ-

362 1667 498 1720 cium
525 1666 678 1737 (Osce
705 1669 756 1724 6.
774 1667 831 1733 6)
853 1686 865 1722 :
889 1671 1116 1740 apostoli
1133 1687 1346 1744 quoque
1363 1674 1424 1728 iis
1438 1688 1674 1731 consona
1691 1685 1745 1731 et
1760 1676 1959 1732 faciunt

364 1765 420 1811 ct
442 1756 852 1830 dicunt(Matth.
871 1760 924 1815 9.
948 1761 1059 1831 l3).
1111 1762 1190 1818 Ne
1219 1763 1396 1835 itaque
1422 1781 1534 1821 rem
1554 1767 1694 1822 illam
1719 1768 1954 1838 negliga-

363 1864 512 1905 mus:
528 1865 634 1906 non
651 1851 792 1908 enim
806 1854 1128 1924 pauperibus
1147 1857 1470 1922 tantum,s'ed
1486 1857 1639 1914 nobis
1654 1858 1780 1928 ipsis
1798 1860 1958 1919 maxi-

365 1961 452 2001 me
475 1962 773 2017 prosumus,
795 1949 1103 2020 majoraque
1121 1951 1433 2022 accipimus,
1451 1966 1610 2022 quam
1634 1951 1954 2023 przebemus.

438 2039 490 2092 6.
533 2037 656 2092 Non
702 2040 1038 2111 perquirenda
1083 2057 1354 2111 egenorum
1394 2043 1497 2096 vita
1537 2052 1590 2096 ut
1639 2043 1956 2114 eleemosyna

363 2136 610 2199 erogatur.
640 2157 713 2170 --
741 2130 867 2186 Haec
896 2147 1002 2186 non
1025 2132 1143 2188 sine
1174 2145 1334 2188 causa
1366 2149 1508 2189 nunc
1536 2129 1688 2201 dico,
1711 2133 1805 2191 sed
1831 2135 1953 2204 quia

365 2219 602 2291 plerique
639 2237 838 2292 egenos
890 2225 1100 2278 curiose
1155 2224 1504 2295 interrogant,
1551 2226 1822 2296 inquirunt
1859 2242 1954 2297 pa-

365 2314 544 2378 triam,
575 2315 757 2381 vitam,
788 2329 989 2379 mores,
1026 2324 1219 2382 artem,
1267 2317 1508 2387 corporis
1549 2317 1906 2373 valetudinem
1937 2336 1951 2372 :

362 2403 734 2460 accusationes
777 2405 1078 2473 intentant,
1110 2411 1165 2461 et
1190 2415 1469 2462 sescentas
1501 2405 1570 2463 de
1606 2409 1833 2464 sanitate
1869 2423 1956 2464 ra-

364 2495 537 2550 tiones
566 2507 834 2568 repotuut.
877 2497 1108 2568 lde0que
1133 2498 1286 2554 multi
1313 2500 1560 2570 corporis
1590 2500 1954 2557 mutilationcs

362 2588 644 2653 simulant,
681 2599 737 2644 ut
778 2590 915 2646 ficta:
953 2591 1270 2646 calamitatis
1315 2592 1543 2648 artificio
1582 2592 1952 2650 crudelitatem

366 2679 857 2750 humanitatemque
895 2690 1134 2736 nostram
1155 2681 1374 2739 ﬂectere
1403 2683 1634 2740 valeant.
1676 2677 1742 2739 Et
1769 2693 1954 2740 testate

362 2769 577 2838 quidem
619 2770 796 2826 taliter
833 2771 1132 2838 criminari,
1163 2788 1324 2842 grave
1363 2773 1488 2830 licet
1515 2773 1625 2840 ait,
1649 2791 1754 2830 non
1787 2789 1954 2845 usque

361 2858 498 2912 adeo
525 2867 700 2913 tamen
726 2875 888 2930 grave
905 2870 990 2915 est
1012 2879 1025 2914 :
1058 2861 1250 2933 hyeme
1274 2877 1402 2918 vero
1417 2872 1638 2934 urgente
1663 2864 1859 2934 frigore
1881 2865 1951 2918 ita

362 2961 422 3002 se
451 2947 796 3004 inhumanum
825 2958 880 3006 et
922 2950 1090 3006 ferum
1130 2962 1383 3022 praetore
1417 2951 1683 3022 judicent”,
1717 2954 1954 3008 Veniam-

360 3055 468 3110 que
509 3042 704 3096 nullam
751 3042 938 3098 otiosis
966 3042 1282 3106 concedere,
1312 3059 1487 3100 annon
1514 3060 1738 3102 summas
1756 3047 1950 3103 crude-

364 3129 526 3186 litatis
554 3131 763 3187 fuerit?
798 3131 907 3188 Cur
929 3133 1106 3204 itaque
1134 3134 1346 3201 Paulus,
1372 3135 1512 3190 dicet
1537 3135 1750 3206 aliquis,
1781 3134 1953 3193 Thes-

361 3224 782 3281 salonicensihus
810 3226 947 3281 hanc
969 3225 1138 3294 legem
1162 3225 1365 3282 ferebat
1398 3244 1412 3282 :
1447 3221 1510 3282 Si
1541 3228 1656 3298 quis
1696 3237 1797 3284 non
1845 3232 1959 3285 vult

360 3314 607 3382 laborare,
637 3333 727 3371 nec
752 3317 1018 3371 manducet
1038 3316 1115 3388 (2.
1146 3316 1399 3374 Tbess.5.
1424 3319 1556 3390 10)?
1589 3319 1654 3376 Ut
1678 3330 1733 3376 ct
1753 3329 1808 3375 tu
1837 3321 1952 3377 hazc

360 3407 563 3472 audias,
615 3418 669 3464 et
703 3424 809 3464 non
842 3410 1011 3479 ipsum
1051 3419 1280 3479 tantum,
1313 3413 1406 3467 sed
1450 3422 1500 3468 te
1535 3429 1748 3485 quoque
1803 3415 1949 3471 hisce

362 3497 508 3552 Pauli
535 3498 710 3555 verbis
749 3500 1060 3570 compelles.
1102 3501 1248 3556 Pauli
1279 3503 1476 3575 quippe
1501 3504 1644 3575 leges
1672 3522 1775 3561 non
1814 3522 1947 3576 pau-

361 3589 576 3658 peribus
598 3599 823 3656 tantum,
855 3591 949 3647 sed
981 3593 1140 3647 etiam
1171 3593 1325 3651 nobis
1355 3597 1540 3665 posita
1578 3607 1721 3653 sunt.
1766 3598 1946 3654 Dicam

359 3677 556 3748 aliquid
592 3695 878 3736 onerosmn
923 3693 979 3738 et
1032 3684 1315 3740 molestum
1364 3704 1379 3740 :
1425 3689 1537 3742 scio
1585 3687 1700 3744 fore
1749 3699 1810 3745 ut
1853 3707 1950 3748 vos

359 3771 753 3835 succenseatis;
781 3781 1013 3827 attamen
1045 3773 1214 3829 dicam
1239 3791 1254 3828 :
1283 3791 1388 3830 non
1405 3777 1547 3831 enim
1575 3788 1632 3832 ut
1657 3780 1944 3848 oli'endam,

359 3860 452 3914 sed
475 3871 530 3914 nt
557 3862 835 3916 emendem
864 3864 1004 3918 dico.
1049 3863 1152 3919 Illis
1178 3866 1658 3937 otiumobjicimus,
1673 3886 1784 3925 rem
1803 3886 1946 3939 smpe

357 3953 511 4006 venia
537 3953 788 4023 dignam:
823 3969 920 4008 nos
949 3964 1125 4009 autem
1155 3970 1218 4010 ea
1249 3967 1616 4025 perpetramus
1636 4000 1652 4024 ,
1683 3975 1801 4029 qua:
1837 3963 1946 4015 otio

360 4041 518 4113 longe
546 4045 786 4113 graviora
809 4045 936 4098 sint.
977 4045 1046 4099 At
1074 4060 1194 4116 ego,
1221 4046 1447 4116 inquies,
1485 4055 1757 4116 paternam
1787 4049 1942 4104 liere-

360 4134 578 4188 ditatem
610 4134 800 4190 habeo.
846 4137 925 4190 An
965 4152 1113 4206 ergo,
1144 4138 1231 4192 dic
1267 4138 1396 4193 mihi
1417 4181 1432 4205 ,
1463 4139 1584 4209 quia
1615 4140 1704 4194 ille
1747 4155 1946 4210 pauper

355 4237 439 4278 cst
464 4233 519 4280 et
545 4240 608 4280 es
651 4225 973 4294 pauperibus
1013 4235 1184 4293 ortus,
1238 4241 1341 4282 nec
1389 4229 1670 4298 opulentos
1714 4230 1945 4300 majores

355 4313 557 4374 habuit.
589 4313 780 4385 dignus
825 4326 909 4371 est
950 4318 1039 4387 qui
1077 4319 1295 4387 pereat?
1351 4319 1597 4378 Profecto
1635 4335 1697 4376 ea
1739 4321 1849 4391 ipsa
1877 4322 1944 4377 de

351 4421 513 4460 causa
555 4408 1023 4463 commiseratione
1059 4417 1114 4463 et
1162 4410 1523 4466 misericordia
1567 4412 1705 4481 apud
1753 4413 1944 4468 divites

352 4497 544 4568 dignus
567 4497 742 4553 fuerit.
769 4498 848 4554 Tu
871 4500 1084 4568 quidem
1109 4514 1250 4572 Stepe
1278 4500 1418 4556 diem
1441 4501 1493 4555 in
1524 4501 1746 4557 theatris
1769 4512 1935 4557 trans-

353 4589 521 4658 igens,
552 4590 632 4645 vel
682 4591 733 4644 in
773 4591 1147 4658 consessibus,
1184 4592 1568 4663 colloquiisque
1591 4634 1608 4659 ,
1637 4610 1703 4649 ex
1750 4596 1943 4666 quibus

351 4680 485 4734 nihil
506 4681 716 4736 accedit
744 4681 898 4742 lucri,
923 4681 1440 4752 multisohloqueris,
1474 4683 1710 4753 nihilque
1740 4685 1863 4739 mali
1891 4697 1943 4740 te

351 4769 530 4826 facere
551 4787 649 4826 nec
667 4772 897 4826 otiosum
925 4787 1047 4827 esse
1069 4781 1256 4842 putas:
1288 4772 1432 4827 hunc
1461 4788 1592 4828 vero
1612 4775 1864 4829 miserum
1885 4785 1942 4829 et

350 4879 754 4928 aerumnosum,
803 4865 983 4936 quiin
1033 4865 1324 4934 precibus,
1381 4867 1629 4938 laerymis
1690 4867 1942 4937 milleque

347 4957 603 5010 aerumnis
617 4964 728 5012 toto
751 4956 838 5011 die
863 4965 1126 5018 versatur,
1152 4956 1394 5020 damnas,
1417 4956 1484 5010 ad
1504 4956 1727 5011 tribunal
1752 4957 1937 5023 trabis,

346 5046 414 5100 de
439 5061 613 5116 eoque
641 5048 878 5102 rationes
895 5047 1178 5116 διεροεείιῖ
1205 5046 1470 5110 thraciae,
1494 5061 1699 5118 quaeso,
1721 5046 1936 5104 hmnani

346 5146 470 5192 sunt
495 5137 694 5193 animi?
719 5137 881 5209 igitur
907 5138 1122 5208 quando
1161 5138 1316 5202 dicis,
1357 5139 1493 5206 Quid
1523 5139 1763 5195 dicemus
1793 5139 1934 5194 Pau-

346 5231 432 5285 lo?
462 5241 516 5286 tu
543 5249 605 5286 ea
657 5234 768 5302 ipsa
806 5233 935 5298 tibi,
966 5245 1071 5287 non
1099 5233 1421 5302 pauperibus
1462 5232 1644 5288 dicito.
1688 5234 1935 5303 Alioquin

351 5340 497 5390 vero,
529 5341 597 5381 ne
652 5327 826 5378 minas
869 5328 987 5393 ejus
1037 5335 1239 5378 tantum
1272 5325 1449 5395 legas,
1479 5325 1573 5379 sed
1627 5334 1681 5380 et
1726 5327 1932 5380 veniam

342 5434 557 5488 quoque
585 5434 600 5471 :
630 5431 752 5472 nam
781 5417 872 5487 qui
896 5417 1045 5482 dicit,
1075 5417 1136 5470 Si
1158 5417 1270 5485 quis
1298 5431 1397 5470 non
1420 5417 1636 5481 laborat,
1669 5434 1758 5470 nec
1785 5434 1932 5471 man-

343 5509 512 5570 ducet,
538 5506 777 5576 adjecit:
811 5504 912 5560 Vos
934 5515 1100 5559 autem
1117 5547 1133 5571 ,
1165 5506 1368 5575 fratres,
1393 5508 1548 5561 nolite
1579 5507 1794 5577 deiicere
1813 5510 1936 5562 bene

346 5599 588 5668 facientes
634 5596 712 5668 (2.
743 5596 920 5652 Thess.
953 5596 1006 5654 3.
1041 5598 1150 5668 15).
1182 5599 1252 5653 At
1288 5611 1520 5668 quonam
1569 5599 1645 5654 illi
1684 5601 1930 5669 specioso

343 5691 564 5748 obtentu
590 5689 847 5747 utuntur?
875 5688 1102 5762 Fugitivi
1132 5699 1258 5747 sunt
1279 5731 1295 5759 ,
1330 5690 1606 5763 inquirunt,
1639 5693 1944 5764 percgrini,.

1660 284 1750 342 DE
1787 285 2266 344 ELEEMOSYNA.

3542 276 3647 336 270

2062 400 2408 467 verberones,
2459 402 2547 470 qui
2594 415 2688 457 sua
2742 404 2921 458 relicta
2967 407 3130 475 patria
3163 408 3214 462 in
3247 407 3514 464 civitatem
3547 424 3649 463 no.

2060 501 2226 547 stram
2253 491 2545 547 conﬂuunt.
2590 493 2786 550 ldeone
2806 535 2824 560 ,
2846 513 3028 566 quaeso
3045 537 3062 563 ,
3093 499 3466 565 stomacharis,
3494 501 3648 555 et-ci-

2061 583 2239 638 vitatis
2259 599 2512 638 coronam
2540 585 2776 651 vellicas,
2805 587 2926 656 quia
2949 602 3138 644 omnes
3163 605 3279 644 eam
3309 605 3646 646 communem

2059 685 2180 726 esse
2216 680 2425 740 portum
2453 674 2794 740 existimant,
2820 686 2875 730 et
2920 678 3147 747 propria:
3192 679 3422 735 alienam
3453 679 3648 749 przefe-

2060 761 2216 815 runt?
2245 761 2356 816 Imo
2395 778 2522 817 vero
2549 766 2647 818 hac
2671 763 2741 820 dc
2778 780 2938 821 causa
2982 767 3256 822 exsultare
3299 769 3536 838 oportuit
3583 783 3648 824 ac

2061 851 2395 922 lwtari,qnia
2421 853 2488 907 ad
2529 870 2718 910 manus
2761 868 2986 921 vestras,
3036 859 3190 928 quasi
3245 859 3311 914 ad
3360 875 3647 915 commune

2058 944 2325 1014 quoddam
2354 947 2674 1015 emporium,
2693 962 2882 1004 omnes
2906 960 3211 1014 accurrunt.
3229 959 3284 1006 et
3307 965 3646 1006 communem

2060 1047 2283 1090 matrem
2314 1037 2451 1091 hanc
2478 1037 2743 1091 civitatem
2768 1053 2888 1094 esse
2916 1039 3262 1095 arbitrantur.
3305 1039 3415 1107 Ne,
3441 1056 3650 1111 quaeso,

2061 1136 2266 1182 tantum
2287 1130 2589 1182 eucomium
2623 1129 2949 1185 labefactetis
2967 1171 2986 1198 ,
3015 1146 3186 1200 neque
3208 1131 3477 1201 antiquam
3510 1131 3648 1186 hanc

2061 1229 2443 1290 paternamque
2472 1222 2681 1280 laudem
2729 1225 3007 1281 decidatis.
3047 1225 3188 1281 Olim
3235 1241 3465 1296 namque
3525 1241 3648 1280 cum

2060 1308 2229 1365 fames
2257 1311 2422 1365 totum
2451 1312 2637 1368 orbem
2668 1308 2910 1370 invasura
2936 1319 3098 1381 esset,
3128 1315 3288 1384 hujus
3314 1314 3543 1372 civiuitis
3562 1314 3649 1371 in-

2059 1399 2201 1455 cola:
2223 1399 2704 1476 Jerosolymitanis,
2766 1405 2953 1461 iisdem
2999 1407 3148 1478 ipsis,
3194 1407 3263 1462 de
3307 1407 3500 1478 quibus
3535 1406 3647 1477 jam

2060 1506 2238 1548 sermo
2279 1493 2521 1562 habetur,
2565 1512 2661 1567 per
2698 1495 2994 1553 Barnabam
3037 1507 3092 1554 et
3133 1498 3356 1554 Paulum
3397 1498 3648 1568 pecunias

2061 1600 2166 1640 non
2199 1601 2393 1656 paucas
2415 1588 2675 1644 miserunt
2707 1589 2843 1661 (Act.
2877 1592 2957 1646 ll.
2990 1589 3103 1663 '50).
3131 1591 3247 1658 Qua
3287 1589 3448 1660 igitur
3484 1589 3649 1644 fueri-

2060 1683 2182 1732 mus
2232 1678 2408 1744 venia,
2439 1695 2544 1748 qua
2593 1679 2904 1736 defensione
2948 1681 3115 1752 digiti,
3161 1679 3373 1752 quando
3415 1679 3650 1750 maiores

2059 1769 2275 1839 quidem
2325 1771 2492 1824 nostri
2539 1771 2698 1825 etiam
2745 1774 2926 1840 procul
2969 1773 3172 1842 positos
3223 1771 3334 1826 suis
3386 1771 3646 1840 pecuniis,

2061 1859 2220 1914 etiam
2243 1857 2308 1913 ad
2333 1861 2476 1929 ipsos
2503 1873 2874 1925 accurrentes,
2911 1862 3161 1917 aluerunt
3189 1879 3204 1916 :
3236 1876 3334 1916 nos
3361 1877 3490 1916 vero
3511 1875 3607 1916 eos
3628 1901 3647 1928 ,

2059 1951 2150 2020 qui
2174 1951 2392 2007 aliunde
2420 1952 2486 2007 ad
2516 1968 2613 2008 nos
2638 1952 2954 2025 confugiunt
2975 1985 2992 2018 ,~
3019 1954 3266 2025 pellimus
3283 1995 3302 2022 ,
3327 1953 3500 2024 deque
3546 1953 3649 2008 illis

2060 2041 2296 2098 rationes
2337 2043 2652 2114 expetimus,
2709 2060 2830 2100 cum
2871 2047 3103 2101 sciamus
3149 2059 3248 2100 nos
3301 2044 3646 2114 plurimorum

2060 2133 2323 2188 malorum
2363 2145 2484 2190 esse
2511 2137 2674 2191 reos?
2697 2135 2849 2202 Quod
2877 2137 2923 2192 si
2966 2137 3107 2192 Deus
3138 2137 3206 2191 ita
3227 2135 3510 2206 diligenter
3550 2151 3649 2191 nos

2057 2232 2408 2290 scrutaretur,
2440 2233 2497 2279 ut
2525 2240 2624 2281 nos
2647 2241 2862 2282 causam
2877 2242 3193 2298 pauperum,
3213 2227 3412 2281 nullam
3437 2227 3648 2282 veniam

2057 2314 2142 2369 vel
2167 2314 2586 2370 misericordiam
2611 2329 3095 2387 consequeremur:
3123 2315 3308 2388 Inan
3333 2317 3474 2371 enim
3495 2317 3617 2386 jndi
3631 2344 3648 2357 -

2058 2405 2158 2472 cio,
2188 2404 2377 2476 inquit,
2398 2397 2716 2478 judicabitis,
2731 2407 3087 2479 judicabimini
3115 2406 3328 2477 (Matth.
3353 2404 3496 2477 7.2).
3519 2406 3647 2461 Esto

2059 2496 2218 2569 igitur
2267 2497 2530 2568 benignus
2574 2497 2945 2569 humanasque
2992 2513 3254 2554 conservo
3308 2515 3322 2551 :
3375 2497 3648 2567 multaque

2059 2597 2274 2658 peccata
2304 2587 2513 2643 dimitte
2531 2628 2548 2656 ,
2589 2604 2654 2644 ac
2681 2590 3099 2646 misericordiam
3127 2605 3348 2655 exerce,
3373 2599 3433 2644 ut
3454 2599 3508 2645 et
3533 2589 3648 2659 ipse

2059 2678 2218 2733 talem
2263 2678 2519 2748 impetres
2574 2680 2914 2735 sententiam.
2955 2677 3090 2748 Quid
3143 2678 3236 2734 tibi
3285 2677 3386 2749 ipsi
3437 2679 3644 2749 negotia

2057 2767 2318 2825 facessis?
2344 2769 2470 2842 quid
2498 2771 2710 2827 curiose
2738 2771 3032 2827 scrutaris?
3058 2770 3114 2828 Si
3146 2771 3285 2827 Deus
3309 2772 3648 2841 pra-cpisset

2056 2868 2114 2914 ut
2132 2860 2358 2915 aliorum
2377 2862 2538 2915 vitam
2559 2873 2941 2928 scrutaremur,
2961 2862 3196 2917 rationes
3211 2877 3645 2932 exposceremus,

2057 2960 2338 3019 moresque
2369 2951 2582 3006 curiose
2601 2951 3039 3022 disquirerenms,
3065 2967 3243 3007 annon
3272 2952 3420 3007 multi
3450 2951 3500 3006 id
3527 2966 3642 3006 mo-

2058 3037 2193 3095 leste
2214 3038 2451 3095 ferrent?
2471 3056 2662 3101 annon
2681 3043 2815 3097 intra
2839 3057 2898 3098 se
2923 3042 3181 3106 dicerent,
3209 3043 3345 3111 Quid
3367 3043 3524 3112 igitur
3544 3043 3647 3100 hoc

2055 3131 2171 3186 est?
2198 3130 2470 3187 difficilem
2499 3133 2652 3187 nobis
2695 3148 2808 3189 rem
2839 3135 2977 3189 Deus
3009 3135 3332 3204 prarscripsit
3360 3153 3374 3190 :
3404 3150 3471 3188 an
3518 3150 3645 3206 pos-

2054 3236 2239 3276 sumus
2261 3222 2489 3278 aliorum
2521 3224 2682 3278 vitam
2711 3225 3058 3280 examinare?
3096 3239 3221 3279 num
3258 3225 3458 3280 scimus
3495 3225 3643 3295 quae.

2055 3327 2178 3367 nam
2208 3314 2298 3370 ille
2324 3315 2443 3370 talis
2474 3323 2688 3385 peccata
2708 3315 3025 3370 admiserit?
3049 3318 3240 3370 Annon
3271 3316 3421 3370 multi
3450 3317 3640 3371 similia

2055 3406 2283 3476 plurima
2308 3406 2586 3462 dicerent?
2613 3408 2763 3463 Nunc
2788 3424 2936 3475 vero,
2965 3424 3087 3463 cum
3117 3423 3216 3463 nos
3242 3410 3310 3463 ab
3339 3408 3641 3478 hujusmodi

2054 3498 2437 3570 perquisitione
2465 3499 2724 3567 liberavit,
2747 3515 2810 3554 ac
2839 3500 3139 3555 mercedem
3168 3499 3324 3554 nobis
3354 3500 3641 3569 perfectam

2056 3606 2116 3646 se
2146 3591 2393 3646 daturum
2417 3593 2682 3661 pollicitus
2703 3601 2816 3657 est,
2851 3593 2967 3648 sive
3000 3593 3126 3648 mali
3153 3593 3266 3648 sive
3302 3592 3426 3648 boni
3458 3592 3564 3647 sint
3585 3592 3642 3658 ii,

2053 3683 2141 3752 qui
2194 3683 2480 3752 accipiunt,
2511 3683 2664 3738 nobis
2716 3683 2844 3752 ipsis
2888 3683 3158 3752 negotium
3209 3683 3532 3738 lacessimus.
3582 3683 3644 3737 Et

2055 3774 2196 3830 unde
2225 3773 2328 3830 hoc
2355 3776 2539 3845 liquet,
2569 3776 2799 3844 inquies,
2829 3775 2972 3845 quod
3001 3777 3114 3830 sive
3143 3774 3320 3840 bonis,
3350 3776 3463 3830 sive
3491 3777 3642 3832 malis

2051 3864 2382 3931 deriarimus,
2405 3864 2704 3920 mercedem
2727 3865 2993 3933 accepturi
3022 3863 3232 3918 simus?
3256 3864 3333 3917 Eu
3353 3866 3493 3934 quod
3529 3865 3643 3934 ipse

2052 3952 2248 4007 dixerit
2275 3971 2288 4005 :
2316 3953 2472 4007 Orate
2493 3970 2586 4022 pro
2609 3954 2984 4014 insectantibus,
3016 3963 3064 4006 et
3086 3952 3508 4007 calumniantibus
3529 3971 3638 4019 vos,

2055 4045 2241 4096 ut'sitis
2262 4044 2450 4097 similes
2468 4041 2640 4096 Patris
2661 4046 2810 4097 vestri
2828 4085 2844 4109 ,
2872 4045 2956 4114 qui
2984 4044 3036 4096 in
3063 4044 3200 4097 carlis
3229 4053 3302 4096 est
3325 4085 3340 4109 ,
3361 4045 3446 4111 qui
3478 4045 3636 4096 solem

2051 4151 2196 4189 suum
2222 4136 2345 4189 oriri
2373 4135 2496 4206 facit
2533 4151 2686 4203 super
2729 4135 2884 4189 bonos
2912 4144 2957 4188 et
2987 4133 3168 4196 malos,
3216 4143 3264 4187 et
3318 4134 3446 4202 pluit
3483 4149 3635 4203 super

2043 4228 2278 4296 justoset
2317 4227 2538 4296 injustas
2562 4225 2771 4296 (Matth.
2808 4227 2862 4281 5.
2896 4226 2985 4281 44.
3016 4225 3132 4296 45).
3173 4223 3633 4290 Quemadmodum

2051 4332 2179 4388 ergo
2206 4317 2462 4372 Dominus
2515 4326 2652 4381 tuus,
2707 4331 2829 4370 cum
2871 4315 3133 4370 innumeri
3179 4315 3352 4384 ipsum
3389 4312 3634 4382 bla-phc-

2052 4418 2218 4470 ment,
2239 4408 2504 4462 innumeri
2536 4406 2884 4473 fornicentur,
2917 4406 3178 4469 furentur,
3210 4403 3630 4468 latrocinentur,

2049 4499 2292 4568 sepulcra
2322 4497 2608 4562 effodiant,
2643 4497 2844 4551 infinita
2889 4495 3028 4551 mala
3065 4502 3396 4565 perpetrent,
3441 4507 3471 4546 a
3521 4493 3634 4546 suis

2048 4604 2174 4652 erga
2221 4605 2409 4645 omnes
2438 4589 2713 4645 beneficiis
2747 4603 2851 4643 non
2881 4587 3125 4652 absistit;
3171 4585 3264 4640 sed
3319 4600 3633 4640 communes

2050 4682 2249 4748 radios,
2285 4695 2596 4735 communes
2647 4679 2851 4736 imbres
2891 4688 2947 4734 et
2986 4678 3193 4734 fructus
3218 4686 3374 4732 terra:
3402 4675 3627 4748 profert,

2047 4789 2198 4829 suam
2223 4774 2484 4829 exhibens
2503 4787 2628 4843 erga
2652 4774 2896 4830 homines
2911 4771 3320 4828 beneﬁcentiam
3354 4787 3368 4822 :
3393 4770 3472 4824 sic
3492 4779 3548 4824 et
3574 4779 3633 4823 tu

2050 4868 2228 4932 facito,
2268 4875 2320 4920 et
2358 4880 2478 4920 cum
2521 4875 2732 4936 tempus
2763 4864 3143 4922 misericordia:
3182 4863 3634 4932 humanitatisque

2046 4958 2360 5013 exhibenda
2401 4956 2646 5020 adfuerit,
2684 4965 2946 5027 pauperes
2971 4955 3108 5018 fove,
3141 4955 3334 5010 famem
3362 4953 3513 5018 seda,
3561 4951 3633 5006 ab

2046 5047 2298 5103 aerumnis
2329 5047 2515 5115 libera,
2543 5047 2674 5103 nihil
2692 5048 2915 5103 ulterius
2939 5055 3200 5102 scrutare.
3240 5040 3441 5100 Namsi
3468 5043 3632 5098 vitam

2046 5139 2320 5194 hominum
2349 5139 2560 5194 curiose
2583 5137 3165 5209 disquiramus,nullius
3189 5145 3444 5206 omnem
3465 5134 3632 5189 mise-

2045 5230 2313 5285 rehimur:
2344 5229 2439 5284 sed
2469 5231 2571 5285 hac
2599 5229 2969 5300 intempestiva
2993 5227 3300 5282 curiositate
3327 5223 3627 5294 pnpediti,

2045 5321 2246 5392 absque
2276 5321 2472 5388 fructu,
2496 5330 2551 5376 et
2569 5321 2714 5375 omni
2740 5319 3049 5389 adiumento
3092 5314 3332 5372 destituti
3381 5313 3625 5369 manebi-

2047 5429 2184 5477 mus,
2213 5414 2544 5483 muitumqn‘e
2573 5413 2772 5467 laboris
2807 5411 3000 5465 frustra
3045 5418 3102 5464 et
3145 5410 3412 5462 incassum
3455 5405 3624 5460 susci-

2044 5509 2272 5578 piemus.
2312 5506 2650 5576 Quapropter
2669 5511 2821 5574 rogo,
2848 5504 3256 5572 inopportunam
3288 5497 3426 5552 hane
3449 5495 3626 5550 curio-

2040 5603 2252 5656 sitatem
2283 5599 2618 5670 ahjicientes,
2640 5597 2825 5669 egenis
2853 5595 3100 5650 omnibus
3129 5592 3438 5662 largiamur,
3467 5587 3621 5660 idque

2038 5691 2369 5749 abundanter
2417 5690 2695 5761 faciamus,
2725 5698 2781 5746 ut
2830 5698 2883 5746 et
2911 5687 3009 5760 ipsi
3058 5685 3150 5742 illo
3193 5684 3280 5741 die
3307 5697 3550 5755 magnam
3592 5697 3618 5738 ι
