4110 6198
467 305 570 364 2'"

474 417 586 470 Deo
627 411 1041 469 misericordiam
1087 419 1139 463 et
1192 408 1570 477 benignitatem
1623 417 2048 472 consequamur;

475 521 630 574 quam
661 519 756 557 nos
779 517 968 557 omnes
997 501 1239 556 obtinere
1285 502 1586 568 contingat,
1615 496 1782 566 gratia
1811 504 1866 549 et
1897 494 2049 547 beni-

473 597 672 667 gnitate
720 594 924 648 Domini
977 593 1143 646 nostri
1188 591 1311 645 Jesu
1363 589 1578 654 Christi,
1633 588 1843 657 quicum
1890 585 2054 649 Patri,

1209 298 1262 352 S.
1305 295 1580 352 JO.\NNIS
1618 290 2087 348 CIIRYSOSTOMI
2130 290 2442 346 ARCHIEP.
2485 286 3011 345 CONSTANTINOP.

2159 402 2422 471 simulque
2462 409 2646 455 sancto
2695 397 2910 467 Spiritui
2963 395 3149 464 gloria,
3184 394 3483 464 imperium,
3522 391 3718 456 honor,

2159 505 2298 545 nunc
2326 501 2378 545 et
2399 503 2630 558 semper,
2663 497 2715 542 et
2743 489 2793 541 in
2818 486 3009 540 szecula
3039 484 3377 539 sasculorum.
3403 483 3593 537 Amen.

3619 274 3720 336 επ
3752 358 3758 364 ι

1101 1295 1455 1356 MONITUM
1504 1294 1603 1354 AD
1648 1294 1844 1355 TRES
1895 1295 2261 1356 HOMILIAS
2303 1297 2383 1356 IN
2437 1297 2663 1357 ILLUD
2700 1296 3086 1368 APOSTOLI,

545 1516 1024 1589 AuChrysostomi
1053 1520 1161 1575 siut
1193 1534 1360 1575 necne
1387 1530 1496 1576 tres
1519 1527 1808 1590 sequentes
1845 1520 2088 1576 bomiliae
2119 1536 2287 1578 ausus
2325 1532 2408 1578 est
2449 1523 2723 1594 quispiam
2766 1524 3050 1589 dubitare,
3097 1540 3221 1580 cum
3257 1533 3439 1581 tamen
3483 1526 3558 1582 ita
3597 1545 3719 1585 sese

478 1663 669 1729 prodat
688 1661 1063 1733 Chrysostomi
1095 1664 1289 1735 stylus,
1318 1665 1504 1731 dictio,
1534 1674 1747 1736 tropus,
1775 1674 1836 1720 ut
1861 1667 1906 1722 si
1935 1668 2058 1736 quis
2086 1668 2169 1722 vel
2193 1668 2466 1738 prioribus
2498 1668 2668 1724 labris
2703 1668 2824 1738 ejus
2849 1668 3142 1724 conciones
3173 1669 3430 1740 attigerit,
3462 1675 3710 1728 eumdem

480 1807 655 1874 ipsum
685 1803 740 1857 S.
771 1805 1051 1860 doctorem
1075 1807 1383 1873 loquentem
1415 1810 1596 1863 statim
1643 1817 1922 1878 agnoscat.
1973 1807 2261 1862 Dubitandi
2305 1823 2484 1864 causae
2521 1810 2641 1864 viro
2690 1809 2931 1878 alioquin
2959 1808 3122 1863 docto
3155 1816 3210 1862 et
3256 1807 3491 1865 facundo
3525 1813 3718 1884 hujus-

482 1950 626 2004 modi
658 1949 808 2006 luere
837 1952 1020 2020 :quod
1056 1968 1250 2024 nempe
1283 1953 1372 2009 hic
1401 1955 1757 2010 concionator
1791 1955 1941 2009 hom.
1970 1955 2014 2019 l,
2048 1969 2201 2009 num.
2229 1955 2284 2017 3,
2315 1954 2767 2026 Semipelagianis
2799 1954 2979 2010 favere
3009 1957 3278 2024 videatur,
3303 1971 3426 2011 cum
3461 1957 3614 2020 dicit,
3654 1960 3722 2015 de

485 2087 638 2143 initio
672 2090 792 2144 liilci
825 2091 1091 2161 loquens:
1124 2093 1302 2164 Neque
1322 2095 1461 2148 enim
1494 2093 1656 2159 Deus,
1681 2110 1840 2166 neque
1885 2093 2114 2162 Spiritus
2156 2094 2335 2164 gratia
2375 2103 2614 2148 nostrum
2653 2094 2898 2162 prevenit
2942 2095 3317 2163 propositum:
3364 2097 3454 2149 sed
3513 2095 3721 2149 tametsi

482 2237 646 2293 uocet,
677 2238 944 2298 exspectat
970 2239 1142 2284 tamen
1170 2239 1228 2284 ut
1260 2240 1439 2298 sponte
1471 2241 1521 2286 et
1549 2229 1764 2300 propria
1803 2230 2070 2283 voluntate
2106 2229 2437 2297 accedamus,
2465 2245 2528 2283 ac
2569 2241 2681 2284 tum
2721 2230 2949 2298 demum,
2978 2247 3097 2285 cum
3141 2233 3533 2297 accesserimus,
3577 2233 3724 2285 nobis

486 2376 637 2413 suum
668 2373 832 2416 totum
856 2365 1064 2420 exhibet
1088 2367 1369 2420 auxilium.
1410 2366 1609 2423 Verum
1643 2377 1752 2424 tum
1775 2381 1838 2423 ex
1860 2368 2290 2437 praecedentibus
2314 2367 2882 2439 subsequentibusque
2901 2366 3004 2421 hac
3029 2365 3082 2420 in
3108 2366 3330 2421 homilia
3348 2367 3723 2439 Cbrysostomi

487 2504 687 2568 verbis,
729 2513 844 2559 tum
871 2507 1035 2563 etiam
1061 2523 1127 2563 ex
1171 2508 1291 2564 aliis
1325 2509 1451 2564 huic
1485 2509 1758 2565 similibus
1791 2525 1885 2568 per
1908 2510 2121 2564 diversa
2148 2508 2268 2579 ejus
2301 2523 2464 2578 Opera
2489 2508 2750 2579 dispersis
2779 2511 2915 2566 locis
2956 2511 3320 2566 demonstrari
3357 2520 3533 2580 potest
3553 2551 3568 2574 ,
3600 2509 3726 2563 licet

489 2657 596 2695 non
621 2657 791 2710 pauca
819 2659 939 2713 quae
973 2661 1133 2716 supra
1167 2646 1327 2703 dictis
1355 2655 1679 2712 consonant,
1723 2647 1952 2703 subinde
1982 2647 2124 2717 apud
2155 2649 2610 2720 Chrysostomum
2648 2654 2963 2712 occurrant,
2988 2659 3112 2701 eum
3150 2653 3330 2698 tamen
3367 2659 3492 2698 vere
3527 2643 3592 2698 ad
3644 2643 3728 2696 in—

491 2784 648 2836 itium
691 2784 812 2838 lidei
841 2785 1026 2854 gratia:
1055 2785 1316 2839 auxilium
1348 2785 1718 2840 necessarium
1753 2799 1873 2841 esse
1905 2786 2205 2840 censuisse.
2236 2784 2373 2851 Quia
2407 2799 2537 2839 vero
2569 2798 2690 2854 quae
2722 2784 2787 2838 ad
2825 2782 3052 2852 gratiam
3082 2789 3365 2850 spectant,
3402 2782 3644 2837 nondum
3671 2799 3725 2836 in

492 2921 918 2978 controversiam
965 2931 1186 2986 vocata,
1237 2921 1466 2977 necdum
1515 2928 1671 2976 erant
1711 2919 1876 2975 certis
1925 2935 2117 2976 vocum
2163 2919 2430 2976 limitibus
2467 2919 2880 2989 circumscripta
2907 2958 2923 2984 ,
2954 2917 3077 2973 ideo
3123 2916 3304 2986 aliqua
3352 2915 3546 2971 similia
3585 2917 3729 2986 apud

489 3066 964 3136 Chrysostomum,
995 3065 1108 3120 haec
1134 3065 1308 3121 obiter
1335 3068 1667 3135 loquentem,
1693 3071 2022 3131 occurrunt;
2059 3063 2201 3118 unde
2231 3063 2277 3118 si
2307 3064 2428 3134 quis
2454 3063 2578 3118 hinc
2607 3060 2818 3124 νοθείας
2847 3057 3169 3114 sententiam
3209 3054 3366 3120 ferat,
3405 3058 3454 3112 is
3482 3057 3641 3126 plane
3674 3053 3729 3108 in

493 3207 549 3262 S.
581 3211 819 3263 doctoris
853 3207 1070 3278 scriptis
1103 3222 1223 3264 sese
1260 3208 1605 3279 peregrinum
1636 3220 1758 3262 esse
1784 3205 2123 3276 comprobet.
2155 3202 2356 3260 Verum
2393 3204 2535 3259 alius
2581 3202 2647 3257 ad
2686 3201 2802 3256 haec
2835 3198 3011 3256 iusius
3043 3194 3422 3267 pertractanda
3470 3193 3625 3248 nobis
3650 3202 3731 3248 est

489 3339 1011 3397 constitutuslocus.
1041 3341 1213 3396 Altam
1245 3340 1530 3397 dubitandi
1555 3355 1776 3396 causam
1809 3337 1964 3394 effert
1990 3338 2036 3392 is
2065 3337 2179 3406 ipse
2204 3337 2296 3406 qui
2322 3336 2556 3406 priorem
2587 3332 2817 3404 protulit
2848 3347 2862 3384 :
2893 3328 3008 3383 Sub
3033 3326 3245 3382 initium
3279 3323 3448 3380 tertiae
3472 3321 3730 3384 homiliae,

1533 3873 1666 3952 DE
1733 3874 2097 3955 VERBIS
2177 3873 2679 3952 APOSTOLI

495 4229 820 4274 ruamus
861 4228 1078 4272 suum
1141 4228 1412 4272 numnum
1479 4227 1776 4270 srmrruu
1818 4225 2016 4280 FlDEl,
2063 4225 2242 4267 sxcur
2285 4224 2595 4267 SCRIPTUM
2639 4223 2752 4267 zs'r
2797 4208 2901 4283 (2.
2950 4207 3089 4267 Cor.
3132 4208 3190 4262 ιι.
3239 4205 3384 4282 13).
3449 4219 3602 4262 mm
3661 4221 3741 4262 nt:

576 4330 674 4372 ms
732 4325 976 4381 VERBIS,
1044 4325 1338 4378 cunmm,
1383 4323 1666 4367 nomen
1735 4323 1904 4374 quon
1963 4322 2238 4365 macrus
2305 4322 2429 4364 SUM
2477 4303 2694 4381 (Psal.
2743 4303 2878 4362 115.
2954 4301 3104 4381 10),
3151 4320 3230 4360 ετ
3300 4320 3379 4359 ne
3448 4318 3743 4360 uacuo-

570 4431 723 4473 εγω
776 4408 888 4492 (a).

1837 4567 2058 4576 -o-——_

567 4672 617 4724 i.
659 4666 1046 4737 Sapientissimi
1104 4667 1295 4722 medici
1346 4665 1433 4721 ubi
1481 4663 1663 4719 vident
1714 4665 1863 4718 ulcus
1910 4680 2067 4734 cgere

499 4760 662 4824 ferro,
691 4758 976 4812 admovent
1004 4755 1218 4828 quidem
1244 4756 1535 4812 sectionem
1558 4796 1573 4822 ,
1603 4754 1696 4810 sed
1725 4754 1826 4809 Itoc
1869 4753 2069 4809 faciunt

499 4865 604 4903 non
635 4849 751 4903 sine
784 4847 998 4911 affectu,
1031 4858 1084 4904 et
1119 4846 1601 4912 commiseratione,
1625 4861 1806 4900 verum
1836 4857 1890 4900 ct
1931 4861 2068 4900 mm.

497 4949 632 4998 rent.
657 4948 712 4994 et
752 4937 980 5008 gaudent
1014 4953 1118 4993 non
1146 4939 1322 4993 minus
1347 4951 1502 5007 quam
1531 4936 1628 5005 ipsi
1654 4937 1742 5006 qni
1772 4946 2021 4990 secantur
2051 4955 2063 4989 :

496 5041 724 5086 mmrent
750 5029 966 5099 quidem
1007 5037 1224 5099 pr0pter
1244 5027 1486 5082 dolorem
1516 5042 1673 5096 quem
1713 5027 1945 5081 secando
1985 5030 2065 5081 in-

495 5121 702 5186 ferunt;
724 5120 958 5192 gaudent
1003 5129 1181 5174 autem
1225 5127 1440 5187 propter
1469 5117 1749 5172 sanitatem
1771 5158 1786 5184 ,
1811 5132 1928 5186 qua:
1966 5117 2068 5172 hoc

497 5212 657 5267 modo
677 5218 1038 5282 comparatur.
1071 5209 1213 5264 Idem
1245 5218 1299 5263 et
1337 5207 1532 5262 Paulus
1559 5206 1715 5272 fecit,
1740 5210 1952 5277 sapiens
1979 5208 2068 5262 ille

489 5305 785 5371 animarum
840 5299 1098 5355 medicus.
1153 5297 1459 5354 Corinthios
1511 5296 1653 5353 enim
1698 5313 1816 5353 cum
1875 5298 2066 5354 acriori

491 5393 863 5463 objurgatione
906 5404 1040 5459 opus
1088 5388 1345 5446 baberent
1375 5390 1689 5459 increpans,
1735 5388 1940 5444 lzctatus
1987 5399 2069 5443 est

495 5484 654 5539 simul
680 5491 736 5537 et
757 5484 996 5537 tristatus
1025 5482 1368 5537 :tristabatur
1391 5480 1532 5551 quod
1552 5479 1790 5535 dolorem
1818 5479 2061 5544 inferret,

495 5574 770 5629 la-tabatur
790 5573 930 5643 quod
956 5568 1324 5645 prodesset.Et
1339 5584 1624 5644 utrumque
1644 5573 1744 5628 hoc
1763 5573 2067 5644 signiﬁcans

555 5706 631 5769 (α)
653 5704 825 5756 collata
848 5721 958 5758 cum
981 5710 1230 5759 codicibus
1252 5717 1357 5760 Mss.
1382 5709 1511 5758 Colb.
1547 5708 1639 5758 970
1665 5715 1716 5759 et
1742 5707 1879 5760 1050.

2182 4565 2385 4576 ———__

2174 4667 2420 4722 dicebat:
2454 4667 2624 4731 Quare
2686 4668 2878 4721 etiamsi
2930 4667 3217 4720 contristari
3263 4651 3348 4719 vos
3399 4681 3490 4734 per
3527 4665 3744 4735 priorem

2173 4757 2436 4824 epistolam
2459 4798 2474 4822 ,
2497 4773 2597 4810 non
2617 4774 2696 4810 me
2720 4758 2944 4825 paenitet,
2977 4757 3173 4810 tametsi
3214 4757 3509 4827 paenituerat
3528 4757 3600 4825 (ἓ.
3621 4755 3741 4809 Cor.

2173 4849 2224 4900 7.
2252 4847 2452 4918 8).Cur
2487 4849 2807 4917 pmnituerat
2830 4847 2852 4900 ?
2877 4857 2928 4901 et
2973 4863 3068 4902 cur
3107 4861 3213 4900 non
3262 4845 3526 4915 poenitet?
3568 4846 3744 4900 Paeni-

2175 4946 2378 5002 tuerat,
2419 4939 2540 5006 quia
2587 4938 2761 4992 acrius
2812 4936 3121 5006 objurgavi;
3167 4951 3271 4990 nou
3324 4935 3574 5004 pmnitet,
3620 4936 3743 5004 quia

2173 5039 2404 5083 erratum
2436 5030 2666 5084 correxi.
2692 5030 2758 5082 Et
2782 5038 2839 5083 ut
2887 5029 3024 5083 scias
3053 5026 3189 5081 hanc
3217 5040 3339 5080 esse
3363 5041 3600 5088 causam,
3619 5025 3742 5079 audi

2171 5123 2296 5191 quid
2328 5131 2581 5190 sequatur
2614 5139 2625 5174 :
2677 5120 2832 5175 Video
2854 5136 3068 5188 namque
3109 5121 3244 5189 quod
3281 5119 3495 5188 epistola
3522 5119 3643 5183 illa,
3675 5129 3748 5170 ta-

2172 5215 2316 5267 metsi
2349 5212 2417 5265 ad
2441 5223 2654 5282 tempus,
2681 5212 2990 5265 contristavit
3028 5227 3114 5265 vos
3138 5227 3156 5264 :
3191 5226 3324 5264 nunc
3369 5211 3564 5280 gaudeo
3589 5251 3604 5273 ,
3645 5225 3748 5262 non

2171 5303 2303 5372 quod
2367 5303 2645 5356 contristati
2671 5301 2891 5371 fueritis,
2915 5301 3002 5355 sed
3038 5299 3170 5370 quod
3205 5299 3485 5353 contristati
3529 5299 3638 5352 sitis
3681 5298 3747 5350 ad

2174 5395 2512 5464 paenitentiam
2541 5391 2644 5461 (Ib.
2671 5409 2716 5444 v.
2751 5391 2829 5461 9).
2854 5391 3074 5445 Etiamsi
3118 5389 3182 5443 ad
3229 5398 3437 5457 tempus
3480 5402 3574 5440 vos
3616 5402 3749 5440 cou-

2173 5489 2371 5542 tristavi
2390 5529 2405 5553 ,
2439 5488 2678 5543 molestia
2711 5487 2797 5539 illa
2827 5495 3194 5539 momentauea
3223 5481 3342 5547 fuit,
3368 5479 3536 5551 inquit
3563 5497 3576 5533 :
3603 5479 3745 5533 utili-

2173 5589 2256 5634 tas
2279 5590 2455 5634 autem
2501 5580 2616 5648 ejus
2657 5586 2931 5648 perpetua.
2962 5575 3260 5630 Permittite
3292 5586 3431 5629 nunc
3458 5573 3588 5627 milii
3613 5586 3745 5641 quo-

2173 5688 2276 5743 que
2304 5672 2386 5727 bis
2409 5672 2583 5727 verbis
2612 5669 2751 5741 apud
2794 5668 3131 5724 dilectionem
3162 5675 3392 5720 vestram
3438 5665 3513 5719 uti
3538 5681 3550 5718 :
3577 5678 3743 5732 quare
