4110 6198
413 326 519 381 273

412 439 620 497 etiamsi
657 437 972 494 contristari
1003 449 1099 490 vos
1125 447 1221 503 per
1249 431 1484 503 priorem
1526 421 1944 480 admonitionem
1970 455 1986 480 ,

414 545 520 584 non
569 544 656 584 me
703 529 958 598 poenitet,
985 524 1195 581 tametsi
1246 522 1566 593 pmnituerat
1599 513 1794 572 :video
1848 509 1991 566 enim

413 621 830 677 admonitionem
864 619 1007 674 illam
1035 626 1090 672 et
1111 616 1416 682 consilium,
1439 610 1649 668 tametsi
1679 607 1745 662 ad
1776 615 1988 672 tempus

415 729 514 770 nos
536 711 891 774 contristavit,
931 710 1060 764 mihi
1092 718 1268 763 tamen
1313 720 1555 776 magnam
1582 700 1821 758 laetitiam
1848 705 1990 750 attu-

419 808 579 870 lisse,
611 803 732 858 Non
775 801 911 870 quod
939 800 1219 855 contristati
1245 797 1462 871 fueritis.
1493 795 1581 850 sed
1621 791 1757 863 quod
1799 787 1990 843 contri-

412 897 534 953 stati
554 896 661 950 sitis
687 893 754 947 ad
777 893 1146 963 penitentiam.
1180 889 1320 945 Ecce
1346 890 1488 945 enim
1512 887 1615 942 hoc
1654 887 1823 955 ipsum
1850 881 1990 952 quod

413 989 709 1046 contristati
737 986 869 1043 estis
897 984 1190 1040 secundum
1237 973 1434 1045 Deum,
1459 989 1711 1051 quantum
1749 976 1802 1031 in
1843 974 1993 1028 vobis

413 1080 668 1136 excitavit
710 1078 1046 1135 alacritatis?
1101 1075 1445 1133 Luculentior
1490 1081 1573 1128 est
1608 1069 1768 1125 hodie
1811 1073 1993 1120 noster

413 1177 740 1234 conventus,
771 1168 1010 1223 festivius
1039 1178 1278 1223 nostrum
1331 1166 1594 1220 lin-atrum
1614 1202 1630 1227 ,
1660 1154 1994 1214 numerosior

415 1257 636 1311 fratrum
661 1257 875 1312 chorus.
903 1258 1027 1314 ilaac
1057 1259 1169 1329 ipsa
1212 1257 1458 1312 alacritas
1487 1251 1715 1308 tristitia:
1741 1247 1884 1302 illius
1910 1251 1994 1300 est

416 1347 643 1404 fructus.
1621 1393 1625 1397 .

485 1437 636 1492 Dona
653 1438 937 1506 spiritualia
959 1439 1224 1510 largitione
1241 1444 1493 1493 crescunt.
1531 1432 1757 1490 Corinthi
1779 1445 1994 1486 commo-

415 1529 523 1583 rari
584 1546 676 1583 cur
716 1531 894 1601 jussus
936 1529 1153 1585 Paulus.
1181 1560 1254 1571 â€”
1280 1529 1405 1585 Ideo
1446 1535 1701 1598 quantum
1741 1532 1866 1576 tunc
1910 1521 1992 1574 in.

416 1619 594 1684 dolui,
620 1628 824 1674 tantum
855 1636 996 1676 nunc
1034 1622 1259 1690 gaudeo,
1278 1621 1464 1676 videns
1493 1615 1823 1690 spiritualem
1855 1613 1991 1666 hanc

415 1717 650 1764 nostram
679 1711 888 1766 vineam
914 1712 1171 1767 fructibus
1194 1710 1464 1766 refertam.
1487 1709 1543 1763 Si
1564 1706 1706 1762 enim
1733 1705 1786 1759 in
1812 1703 1992 1771 vulga-

412 1802 564 1856 ribus
604 1802 718 1856 istis
756 1803 1013 1860 conviviis
1057 1804 1314 1859 honorem
1366 1801 1648 1872 quemdam
1694 1806 1750 1852 et
1806 1793 1988 1850 hilari-

411 1901 579 1946 tatem
645 1894 975 1949 convivatori
1022 1895 1176 1950 afl'ert
1245 1894 1592 1950 convivarum
1652 1885 1986 1959 frequentia,

413 1993 615 2053 quanto
641 1986 809 2056 magis
839 1987 891 2040 in
920 1987 1284 2055 spiritualibus
1311 1987 1394 2041 his
1422 1983 1679 2040 conviviis
1705 1981 1844 2036 idem
1875 1977 1989 2033 fieri

413 2074 664 2129 convenit
696 2092 709 2128 :
736 2077 977 2145 quamvis
1009 2077 1116 2130 illic
1137 2078 1480 2132 invitatorum
1508 2073 1792 2130 multitudo
1819 2071 1990 2139 magis

413 2165 659 2220 absumat
674 2181 759 2232 ea,
782 2183 900 2236 qua:
921 2177 1278 2239 apponuntur,
1298 2167 1590 2238 majorique
1617 2165 1688 2220 sit
1705 2161 1936 2233 sumptui
1972 2179 1987 2216 :

410 2253 498 2310 hic
523 2265 704 2310 autem
736 2267 922 2312 contra
946 2297 961 2325 ,
990 2258 1183 2314 nedum
1231 2259 1476 2313 absumat
1520 2271 1732 2312 mensas
1770 2262 1987 2309 vocato-

412 2363 529 2402 rum
560 2349 880 2416 multitudo,
921 2349 1304 2405 abundantiam
1332 2363 1541 2419 quoque
1562 2348 1726 2417 parit;
1759 2345 1899 2415 quod
1944 2345 1988 2400 si

412 2440 520 2495 illic
547 2449 790 2510 smnptus
833 2443 1158 2510 voluptatem
1209 2442 1400 2502 affert.
1450 2450 1650 2511 quanto
1697 2439 1864 2506 magis
1903 2438 1989 2492 hic

411 2530 551 2585 idem
581 2533 735 2587 faciet
761 2534 1000 2589 accessio
1037 2542 1091 2588 et
1117 2534 1357 2589 reditus?
1389 2534 1514 2588 lla-c
1535 2543 1616 2586 est
1645 2533 1787 2586 enim
1827 2530 1986 2600 spiri-

411 2623 630 2676 tnalium
677 2634 855 2678 rerum
899 2633 1121 2691 natura,
1154 2639 1260 2693 quo
1297 2624 1535 2693 pluribus
1578 2622 1983 2686 distribuuntur,

409 2711 511 2768 hoc
537 2715 765 2782 amplius
789 2723 1057 2770 crescunt.
1076 2715 1334 2783 Quoniam
1367 2713 1525 2785 igitur
1552 2714 1708 2769 video
1736 2713 1986 2768 refertam

408 2804 645 2860 convivis
685 2815 947 2870 mensam,
991 2815 1246 2875 exspecto
1295 2807 1453 2860 etiam
1499 2805 1729 2876 Spiritus
1763 2804 1985 2875 gratiam

407 2894 573 2949 tuenti
636 2904 832 2949 nosme
886 2895 1269 2950 insonaturam.
1328 2895 1553 2962 Quando
1599 2896 1744 2951 enim
1790 2894 1987 2949 multos

407 2985 596 3040 adesse
620 2985 783 3051 videt,
803 2994 926 3040 tunc
951 2986 1284 3054 copiosiores
1312 2985 1498 3054 epulas
1525 2999 1793 3052 apponere
1814 2985 1982 3048 solet;

409 3090 513 3128 non
535 3073 675 3145 quod
701 3089 898 3144 paucos
927 3074 1154 3128 fastidiat
1181 3117 1196 3139 ,
1222 3075 1318 3128 sed
1346 3073 1486 3143 quod
1518 3075 1807 3127 multorum
1843 3073 1985 3127 salu-

406 3174 513 3219 tem
536 3164 823 3220 desideret.
853 3164 964 3220 llac
983 3165 1053 3220 de
1077 3181 1236 3220 causa
1269 3164 1489 3219 Paulum
1526 3179 1736 3232 quoque
1766 3169 1986 3232 praster-

404 3263 706 3312 eurrentem
750 3266 975 3311 caeteras
1020 3257 1184 3312 urbes
1211 3298 1227 3322 ,
1283 3255 1421 3327 apud
1471 3254 1785 3309 Corinthum
1837 3268 1985 3308 com-

405 3349 600 3400 morari
629 3346 871 3400 Christus
898 3361 993 3415 per
1015 3347 1274 3401 visionem
1291 3345 1471 3416 jussit,
1499 3345 1682 3399 dicens
1719 3361 1731 3397 :
1767 3341 1893 3397 Noli
1921 3344 1987 3396 ti.

405 3453 568 3500 mere,
595 3435 684 3490 sed
716 3436 914 3505 loquere
949 3445 997 3489 et
1038 3453 1102 3490 ne
1143 3446 1340 3498 taceas,
1371 3435 1614 3502 quoniam
1654 3434 1873 3503 papulas
1913 3442 1986 3486 est

406 3527 528 3579 mihi
562 3526 748 3579 multus
782 3526 834 3578 in
865 3526 958 3579 hac
991 3524 1192 3579 civitate
1220 3525 1356 3594 (Art.
1393 3525 1476 3578 18.
1513 3523 1564 3578 9.
1605 3522 1713 3591 10).
1746 3520 1800 3578 Si
1841 3521 1984 3576 enim

403 3629 622 3689 propter
663 3633 819 3671 uuam
855 3617 1116 3672 oviculam
1157 3627 1369 3672 montes
1399 3625 1452 3672 et
1483 3631 1699 3671 nemora
1737 3623 1792 3669 ct
1837 3615 1984 3668 inac-

402 3727 552 3764 cessa
583 3711 698 3765 loca
726 3719 1041 3779 pervagatus
1070 3717 1152 3765 est
1180 3718 1396 3780 pastor,
1435 3709 1524 3779 qui
1561 3708 1672 3762 fieri
1714 3717 1890 3777 potest
1929 3717 1986 3761 ut

403 3819 508 3859 non
552 3805 707 3874 longe
751 3803 1012 3870 majorem
1055 3817 1235 3858 curam
1275 3799 1778 3870 adhibeat,qnotics
1803 3800 1984 3853 multae

401 3911 531 3950 oves
579 3909 609 3949 a
656 3895 904 3949 socordia
952 3905 1006 3948 et
1055 3908 1239 3948 errore
1282 3899 1408 3947 sunt
1459 3889 1982 3956 revocandzc?Qnod

401 3987 543 4040 enim
574 4001 640 4038 ne
663 3999 857 4054 paucas
871 3983 1086 4054 quidem
1103 3991 1432 4040 contemnat.
1452 3980 1574 4034 audi
1604 3981 1776 4050 ipsum
1797 3979 1985 4034 dicen-

403 4084 507 4128 tem
540 4095 552 4130 :
583 4074 698 4129 Non
721 4084 793 4128 est
820 4074 1052 4128 voluntas
1101 4072 1269 4126 Patris
1298 4073 1414 4132 mei,
1450 4081 1504 4125 sit
1529 4082 1697 4142 pereat
1737 4071 1812 4124 vel
1854 4087 1984 4123 unus

401 4184 464 4222 ea:
498 4168 608 4222 istis
637 4167 861 4236 parvulis
884 4165 1094 4238 (Matth.
1127 4167 1215 4222 18.
1246 4165 1354 4232 14).
1395 4163 1577 4234 Neque
1609 4164 1869 4233 paucitas,
1897 4163 1980 4216 in-

401 4261 554 4330 quit,
585 4275 760 4332 neque
786 4261 962 4317 vilitas
998 4259 1205 4317 inducit
1235 4275 1382 4324 emn,
1413 4268 1470 4314 nt
1500 4259 1732 4331 negligat
1756 4260 1982 4314 salutem

402 4360 660 4407 nostram.

471 4442 524 4496 2.
555 4442 778 4512 Quando
798 4442 958 4513 igitur
979 4451 1180 4497 tantam
1211 4439 1371 4495 habet
1398 4439 1742 4509 parvulorum
1769 4455 1832 4495 ac
1857 4455 1983 4510 pau-

401 4547 587 4586 corum
611 4547 814 4597 curam,
840 4539 1042 4587 tantam
1065 4531 1226 4585 etiam
1266 4530 1577 4596 multorum,
1609 4531 1706 4583 toti
1751 4529 1820 4584 ab
1858 4529 1980 4598 ejus

404 4621 583 4677 favore
609 4621 920 4691 pendentes,
949 4619 1016 4675 ad
1056 4620 1201 4675 Pauli
1255 4619 1414 4674 verba
1459 4635 1578 4686 qua:
1625 4617 1787 4673 hodie
1833 4617 1973 4673 lecta

403 4719 547 4777 sunt,
591 4707 898 4767 sermonem
952 4710 1247 4764 flectamus.
1295 4707 1533 4776 Scimus,
1563 4707 1753 4778 inquit,
1778 4707 1915 4776 quod
1939 4706 1984 4762 si

405 4811 655 4856 terrenum
682 4812 906 4857 nostrum
925 4800 1242 4855 domicilium
1269 4799 1424 4871 hujus
1445 4798 1756 4852 tabernaculi
1782 4799 1982 4852 destru-

403 4901 536 4945 ctum
566 4893 718 4963 fuerit
750 4891 826 4962 (2.
842 4890 960 4947 Cor.
979 4891 1034 4948 5.
1065 4890 1142 4961 1).
1161 4891 1270 4944 Î™Î¹Î·Î¿
1294 4905 1423 4946 vero
1447 4889 1608 4945 altius
1631 4898 1689 4945 et
1715 4889 1781 4943 ad
1809 4889 1982 4960 ipsum

403 4986 686 5043 exordium
714 4983 871 5054 hujus
895 4983 1176 5038 sententia!
1200 4981 1501 5038 redeamus.
1525 4980 1984 5048 Quemadmodum

403 5081 548 5136 enim
570 5079 660 5150 qui
688 5077 885 5133 fontem
913 5074 1290 5146 pervestigant,
1311 5073 1528 5128 invento
1553 5073 1706 5142 riguo
1731 5072 1851 5127 loco
1875 5088 1983 5129 non

404 5172 516 5226 illic
556 5171 730 5226 solum
777 5167 1011 5232 fodiunt,
1040 5165 1132 5222 sed
1187 5165 1466 5220 humorem
1516 5181 1662 5232 cmn,
1695 5173 1748 5220 et
1793 5181 1983 5222 venam

405 5273 693 5333 sequentes
723 5261 946 5316 interius
971 5268 1297 5323 scrutantur,
1325 5257 1502 5313 donec
1533 5257 1598 5312 ad
1625 5268 1787 5327 caput
1812 5258 1982 5326 ipsum

404 5363 461 5408 et
490 5352 696 5406 initium
719 5349 1039 5403 fluentorum
1084 5349 1432 5417 perveniant,
1461 5347 1538 5402 sic
1577 5356 1632 5402 ct
1683 5364 1780 5403 nos
1825 5347 1986 5403 faciao

405 5456 542 5496 mas.
580 5441 935 5508 Posteaquam
979 5438 1280 5493 invenimus
1323 5438 1655 5508 spiritualem
1708 5439 1906 5494 fontem
1946 5455 1979 5495 e

406 5529 624 5588 Paulina
654 5529 914 5600 sapientia
973 5539 1299 5593 manantem,
1350 5533 1507 5584 verba
1553 5531 1667 5584 lure
1715 5542 1982 5602 tamquam

405 5637 594 5676 venam
622 5621 926 5691 quampiam
969 5621 1242 5691 sequendo
1266 5622 1330 5674 ad
1359 5632 1519 5692 caput
1547 5623 1716 5691 ipsum
1762 5635 1978 5679 sentcn-

409 5715 494 5770 tim
523 5713 896 5771 asccndamus.
951 5711 1102 5782 Quod
1127 5720 1210 5768 est
1246 5711 1402 5783 igitur
1433 5713 1561 5768 illud
1592 5713 1752 5770 fontis
1780 5716 1983 5786 caput?

1088 318 1175 376 DE
1215 313 1459 373 VERBIS
1497 300 1844 367 APOSTOLI,
1883 289 2244 355 llABENTES
2277 297 2569 356 'EUMDEM
2613 296 2957 358 ÎµÏÎ¹Î¹Î¹Î¹Ï„Ï…Î¹á½·.
2999 294 3040 350 1.

3572 304 3677 358 â¸2Î·

2103 417 2354 473 Habentes
2380 420 2536 491 igitur
2557 420 2784 475 eumdem
2813 419 3065 492 Spiritum
3094 420 3234 491 ï¬dei,
3264 422 3393 477 sicut
3416 423 3672 496 scriptum

2098 519 2192 576 est,
2217 507 2420 564 Credidi
2447 521 2653 580 propter
2691 510 2824 579 quod
2862 511 3101 581 loquutus
3149 528 3262 566 sum
3291 527 3310 566 :
3332 521 3376 567 et
3397 530 3488 568 nos
3510 513 3674 569 credi-

2097 616 2243 665 mus,
2277 612 2581 672 quapropter
2635 613 2682 656 et
2731 603 3088 672 loquimur(2.
3117 602 3234 657 Cor.
3294 603 3348 658 4.
3403 605 3490 669 13';
3529 602 3674 658 Psnl.

2099 689 2222 744 115.
2254 690 2366 760 10).
2392 691 2527 759 Quid
2555 692 2672 747 ais?
2700 693 2799 746 nisi
2821 693 3132 758 credideris,
3165 709 3270 747 non
3300 693 3558 764 loqueris,
3580 695 3676 750 sed

2097 791 2276 836 mutus
2331 783 2578 851 perstas?
2627 783 2822 847 Etiam,
2865 786 3060 854 inquit;
3091 801 3264 855 neque
3313 785 3566 842 diducere
3603 805 3668 846 os

2099 888 2314 943 possum
2341 875 2456 929 sine
2486 876 2608 938 fide,
2633 892 2806 946 neque
2829 893 3045 932 movere
3072 878 3326 948 linguam,
3353 895 3524 950 neque
3545 895 3671 951 ÎµÎ¹Î¼Î¹-Î¿

2099 964 2206 1019 rire
2247 965 2380 1018 labia
2405 1008 2419 1030 ,
2451 967 2659 1022 ratione
2689 968 2943 1035 praâ€˜ditns
2977 983 3100 1022 cum
3132 969 3254 1034 sim,
3288 979 3466 1024 mutus
3492 979 3675 1039 persto

2097 1055 2198 1108 nisi
2225 1055 2354 1110 fides
2375 1057 2514 1126 loqui
2557 1073 2644 1114 me
2674 1059 2882 1113 doceat.
2909 1057 3058 1114 Sicut
3086 1061 3229 1113 enim
3261 1060 3440 1128 planta
3472 1061 3674 1132 absque

2098 1145 2276 1199 radice
2300 1145 2528 1200 fructum
2559 1164 2663 1202 non
2702 1148 2941 1218 profert,
2976 1151 3044 1203 ita
3083 1151 3284 1219 absque
3315 1151 3434 1205 fidei
3482 1153 3667 1206 innua-

2097 1247 2277 1290 mento
2305 1253 2410 1290 non
2441 1239 2687 1308 provenit
2713 1254 2895 1294 sermo
2935 1240 3192 1294 doctrinae
3227 1259 3240 1294 :
3268 1251 3592 1312 quapmpter
3619 1255 3672 1300 et

2095 1324 2218 1380 alibi
2267 1326 2436 1396 inquit
2463 1347 2475 1381 :
2508 1327 2670 1383 Corde
2689 1330 2910 1384 creditur
2949 1331 3018 1384 ad
3061 1334 3352 1401 justitiam,
3376 1351 3464 1390 ore
3501 1344 3667 1390 autem

2095 1419 2342 1486 confessio
2366 1420 2424 1488 ï¬t
2448 1420 2517 1471 ad
2541 1421 2754 1474 salutem
2774 1421 2951 1490 (liam.
2988 1423 3067 1478 16.
3107 1423 3216 1491 Î¹Î¿).

2195 1506 2348 1563 Fides
2397 1526 2511 1563 cum
2563 1511 2738 1565 baculo
2796 1527 3120 1581 comparata;
3167 1514 3493 1586 philosophos
3543 1517 3672 1572 ridet

2097 1599 2394 1668 profanos;
2462 1601 2589 1670 ï¬des
2674 1620 2789 1657 cum
2868 1622 3056 1659 ancora
3125 1605 3329 1659 collata.
3397 1637 3469 1648 --
3533 1609 3669 1676 Quid

2095 1689 2219 1746 huic
2247 1692 2423 1747 arbori
2477 1694 2558 1749 vel
2588 1695 2828 1764 praeferri
2869 1697 2952 1750 vel
2986 1697 3213 1752 conferri
3264 1707 3472 1768 potest,
3517 1700 3670 1770 cujus

2094 1783 2308 1852 quidem
2349 1800 2453 1838 non
2491 1787 2621 1839 rami
2653 1788 2824 1841 solum
2847 1829 2860 1851 ,
2887 1788 2979 1842 sed
3008 1789 3153 1842 radis
3177 1805 3386 1859 quoque
3415 1793 3528 1860 ipsa
3569 1793 3672 1848 fert

2096 1869 2360 1939 fructum,
2402 1873 2516 1928 iure
2554 1873 2849 1943 justitiam,
2893 1877 2967 1930 illi
3012 1877 3273 1932 salutem?
3321 1881 3444 1935 Ideo
3491 1881 3620 1937 dicit
3655 1899 3669 1937 :

2096 1959 2377 2028 Credimus,
2404 1975 2711 2034 quapmpter
2734 1977 2778 2019 et
2796 1967 3065 2037 loquimur.
3085 1967 3234 2024 Sicut
3257 1971 3399 2025 enim
3431 1973 3670 2030 membra

2096 2052 2340 2118 tremula,
2361 2064 2411 2107 et
2430 2063 2700 2110 senectute
2720 2057 2985 2126 languida,
3005 2058 3194 2115 baculo
3216 2070 3328 2116 tuto
3349 2061 3670 2128 deducente,

2096 2141 2197 2196 labi
2239 2153 2293 2196 et
2318 2143 2510 2200 cadere
2547 2162 2651 2200 non
2682 2149 3060 2216 permittuntur
3089 2167 3103 2204 :
3135 2150 3213 2205 sic
3238 2152 3397 2206 etiam
3439 2154 3670 2210 animam

2095 2242 2330 2287 nostram
2379 2234 2604 2290 infirmis
2644 2237 3136 2295 ratiocinationibus
3184 2241 3560 2297 circumactam
3604 2259 3667 2299 ac

2088 2322 2337 2393 jactatam
2366 2324 2496 2380 fides
2517 2328 2704 2396 quovis
2729 2328 2916 2384 baculo
2936 2331 3095 2386 tutius
3118 2341 3442 2398 sustentans,
3470 2349 3670 2403 suaque

2095 2417 2147 2469 vi
2179 2417 2423 2472 reficiens
2443 2460 2458 2484 ,
2490 2433 2830 2490 summopere
2867 2422 3074 2487 firmat.
3110 2438 3208 2480 nec
3233 2423 3357 2478 sinit
3393 2428 3625 2482 subverti
3651 2470 3666 2495 ,

2093 2506 2331 2562 infirmas
2360 2510 2708 2578 cogitationes
2736 2514 3011 2581 corrigens
3039 2516 3340 2583 praestantia
3363 2531 3473 2570 sua:
3499 2522 3664 2573 virtu-

2094 2596 2178 2662 tis,
2204 2605 2258 2651 et
2283 2598 2560 2668 caliginem
2583 2600 2725 2655 illam
2752 2602 3062 2672 dispellens,
3080 2605 3416 2676 animamque
3445 2609 3590 2663 velut
3616 2611 3667 2664 in

2091 2689 2360 2746 domicilio
2396 2693 2686 2748 tenebroso
2732 2696 2869 2751 inter
2899 2698 3282 2752 tumultuantes
3319 2700 3669 2770 cogitationes

2091 2781 2364 2836 sedentem
2404 2799 2502 2838 suo
2538 2784 2741 2842 lumine
2777 2787 3064 2842 illustrans.
3098 2788 3231 2843 Hinc
3257 2789 3348 2852 fit,
3383 2800 3438 2844 Î¹Î¹Î¹
3461 2792 3552 2861 qui
3582 2795 3666 2847 illa

2088 2883 2307 2940 carent,
2342 2874 2511 2929 nihilo
2550 2877 2758 2945 potiore
2795 2878 2902 2931 sint
2927 2878 3265 2944 conditione,
3294 2895 3454 2948 quam
3495 2884 3584 2952 qui
3616 2884 3666 2939 in

2091 2963 2325 3018 tenebris
2350 2965 2508 3019 vitam
2530 2965 2729 3035 degunt
2759 2985 2772 3020 :
2799 2967 2890 3021 sed
2921 2969 3059 3022 sicut
3083 2969 3154 3022 illi
3182 2979 3233 3023 ct
3260 2971 3327 3024 ad
3360 2973 3586 3040 parietes
3615 2987 3670 3030 et

2092 3055 2142 3107 in
2166 3053 2320 3108 obvia
2345 3070 2570 3125 qumque
2594 3056 2911 3126 impingunt,
2930 3069 2982 3112 et
3008 3060 3059 3113 iu
3089 3059 3267 3115 foveas
3290 3077 3353 3117 ac
3380 3064 3668 3134 prmcipitia

2088 3146 2471 3216 prolabuntur,
2504 3163 2604 3202 nec
2647 3149 2814 3203 ullum
2856 3165 3008 3204 usum
3038 3151 3313 3206 oculorum
3347 3153 3539 3210 habent
3562 3196 3578 3219 ,
3611 3167 3663 3210 ut

2087 3236 2280 3306 quibus
2308 3237 2437 3291 nihil
2467 3238 2751 3306 praeluceat
2796 3257 2808 3293 :
2854 3241 2931 3294 sic
2957 3241 3116 3295 etiam
3148 3252 3408 3312 quotquot
3446 3245 3549 3300 fide
3574 3263 3666 3301 ea-

2089 3335 2244 3392 rent,
2277 3338 2331 3383 et
2370 3330 2507 3384 inter
2547 3345 2607 3384 se
2647 3331 2732 3384 alii
2768 3331 2820 3384 in
2861 3332 2995 3386 alios
3025 3333 3324 3397 incursant.
3364 3337 3497 3390 etin
3525 3337 3669 3406 ipsos

2091 3418 2320 3486 parietes
2346 3461 2361 3482 ,
2401 3429 2457 3475 et
2497 3429 2768 3490 postremo
2797 3422 2850 3477 in
2880 3422 3187 3478 barathrum
3217 3425 3432 3495 aliquod
3456 3429 3670 3484 exitiale

2089 3509 2228 3562 ultro
2257 3525 2315 3564 se
2341 3511 2437 3578 ipsi
2471 3512 2819 3582 praecipitant.

2124 3601 2370 3658 3.Tcstes
2383 3604 2510 3658 mihi
2523 3615 2644 3659 sunt
2656 3605 2729 3660 illi
2743 3605 2829 3675 qui
2845 3605 3114 3676 profanam
3129 3609 3438 3679 sapientiam
3445 3611 3667 3681 jactant,

2088 3693 2177 3763 qui
2201 3693 2421 3748 multum
2439 3695 2538 3749 sibi
2563 3697 2822 3766 promissa
2849 3697 3032 3762 barba,
3054 3699 3286 3771 tritaque
3308 3701 3468 3771 pallio
3491 3718 3553 3758 ac
3576 3703 3667 3758 ba.

2087 3785 2209 3839 culo
2227 3786 2456 3854 placent.
2475 3787 2600 3841 Post
2614 3789 2798 3858 longas
2813 3791 2955 3844 enim
2974 3806 3036 3845 ac
3052 3806 3194 3860 saepe
3211 3795 3464 3862 repetitas
3480 3795 3670 3850 disser-

2091 3876 2336 3941 tationes,
2357 3877 2560 3946 lapides
2577 3895 2684 3947 pra:
2699 3881 2867 3934 oculis
2884 3882 3015 3936 sitos
3036 3898 3139 3936 non
3159 3883 3341 3938 vident
3358 3904 3366 3912 Î‡
3386 3886 3429 3940 si
3451 3889 3594 3942 enim
3614 3899 3671 3942 ut

2089 3965 2132 4018 Ia
2142 3964 2290 4033 pides
2309 3981 2402 4020 eos
2425 3978 2728 4031 cernerent,
2748 3985 3081 4040 nequaquam
3105 3987 3197 4025 cos
3223 3973 3355 4028 deos
3369 3989 3489 4030 esse
3509 3991 3666 4046 puta-

2089 4067 2226 4112 rent.
2250 4057 2384 4125 Qnin
2405 4058 2502 4128 ipsi
2520 4076 2729 4131 quoque
2751 4062 2803 4115 in
2822 4063 2957 4116 alios
2971 4063 3060 4116 alii
3079 4065 3338 4128 feruntur,
3355 4076 3512 4136 atque
3532 4069 3670 4124 inter

2088 4162 2147 4203 se
2173 4148 2515 4214 colliduntur,
2536 4159 2594 4204 ut
2615 4151 2666 4205 in
2691 4152 2862 4221 ipsum
2886 4153 3170 4224 impietatis
3197 4155 3666 4225 profundissitnum

2090 4240 2440 4310 pra'cipitium
2470 4241 2854 4310 devolvuntur,
2887 4259 2996 4300 non
3035 4246 3192 4301 aliam
3218 4249 3289 4302 ob
3327 4264 3440 4304 rem
3463 4292 3476 4311 ,
3509 4267 3668 4320 quant

2088 4330 2228 4398 quod
2253 4331 2748 4389 ratiocinationibus
2777 4337 2887 4390 suis
2927 4337 3106 4392 omnia
3133 4354 3227 4392 sua
3253 4341 3584 4407 permittunt.
3616 4341 3668 4397 Id

2090 4437 2218 4478 vero
2247 4423 2440 4479 Paulus
2468 4425 2773 4494 significans
2811 4427 2942 4482 dicit
2987 4445 2999 4480 :
3043 4427 3370 4485 Euanucrunt
3397 4432 3448 4485 in
3479 4435 3671 4504 cegita-

2090 4515 2307 4569 tionibus
2331 4518 2437 4570 suis
2455 4558 2469 4583 ,
2493 4528 2538 4572 et
2577 4517 2949 4572 obtencbratum
2973 4531 3044 4575 est
3083 4521 3328 4592 insipiens
3349 4539 3436 4577 cor
3455 4541 3626 4578 eorum
3655 4543 3673 4581 :

2089 4621 2202 4659 cum
2226 4623 2281 4661 se
2304 4609 2554 4664 :rederent
2580 4626 2685 4664 esse
2713 4611 2994 4679 sapientes,
3022 4614 3161 4667 stulti
3179 4615 3303 4685 [acti
3323 4627 3438 4670 sunt
3487 4618 3506 4687 (
3515 4616 3663 4673 Rom.

2095 4697 2142 4749 l.
2169 4697 2394 4767 $.22).
2435 4700 2722 4755 Declarans
2745 4701 2939 4757 deinde
2973 4719 3132 4775 quam
3159 4709 3407 4762 occa-cati
3437 4718 3491 4764 ct
3525 4711 3670 4766 stulti

2090 4798 2289 4853 essent,
2319 4789 2466 4844 addit
2495 4791 2610 4847 hate
2639 4794 2797 4848 verba
2829 4811 2844 4848 :
2881 4793 3296 4869 Mutaveruntque
3335 4800 3552 4871 gloriam
3589 4804 3670 4856 in-

2089 4880 2428 4949 corruptibilis
2455 4879 2550 4935 Dei
2574 4883 2626 4936 in
2663 4882 3043 4939 similitudinem
3077 4888 3310 4958 imaginis
3332 4893 3674 4962 corruptibilis

2090 4970 2308 5026 hominis
2329 5011 2347 5039 ,
2374 4981 2421 5026 et
2451 4972 2732 5029 volatiliunt
2755 5015 2770 5038 .
2799 4985 2847 5030 et
2871 4976 3258 5048 quadrupedum
3280 5021 3294 5043 ,
3332 4991 3380 5034 et
3417 4983 3672 5052 reptilium

2091 5061 2256 5131 (Ibid.
2290 5079 2340 5120 Ï….
2362 5062 2478 5134 5.3).
2505 5063 2610 5120 Sed
2657 5065 2752 5122 bas
2783 5067 3034 5124 tenebras
3064 5068 3197 5125 fides
3224 5070 3452 5127 adventu
3485 5088 3585 5128 suo
3617 5075 3669 5128 in

2091 5154 2396 5209 universum
2423 5154 2640 5212 discutit
2669 5157 2720 5211 in
2749 5157 2946 5222 anima,
2977 5174 3096 5230 quae
3121 5173 3181 5216 se
3204 5159 3434 5230 hospitio
3453 5165 3668 5234 dignata

2092 5243 2251 5300 fuerit
2291 5263 2305 5300 :
2343 5256 2397 5301 et
2430 5247 2878 5315 quemadmodum
2923 5265 3112 5306 navem
3153 5261 3430 5307 ventorum
3469 5253 3668 5323 impetu

2086 5335 2337 5404 iactatam
2363 5378 2379 5402 ,
2424 5346 2480 5392 et
2529 5336 2784 5394 fluctuum
2825 5339 3032 5396 assultu
3073 5341 3406 5410 inundatam,
3439 5344 3682 5400 demissa

2089 5443 2286 5484 ancora
2316 5430 2534 5482 omnino
2561 5429 2795 5497 stabilit,
2827 5439 2881 5486 et
2910 5431 2993 5486 vel
3024 5432 3076 5486 in
3105 5433 3281 5486 medio
3311 5434 3497 5505 pelago
3525 5435 3666 5490 radi-

2088 5530 2176 5576 cat
2204 5540 2216 5575 :
2248 5521 2317 5575 ita
2345 5523 2503 5575 etiam
2530 5532 2759 5576 mentem
2781 5532 3018 5577 nostram
3039 5526 3312 5579 extraneis
3334 5529 3670 5597 cogitationi-

2091 5621 2190 5675 bus
2210 5621 2460 5690 jactatam
2483 5621 2712 5675 adventu
2735 5635 2833 5676 suo
2863 5620 2993 5676 fides
3015 5622 3179 5677 tutius
3204 5638 3363 5692 quam
3383 5639 3577 5679 ancora
3603 5640 3668 5680 cs

2094 5713 2391 5771 imminenti
2419 5713 2690 5784 naufragio
2725 5713 2935 5782 liberat,
2959 5721 3229 5785 tamquam
3257 5718 3308 5772 in
3333 5718 3671 5788 tranquillum
