4110 6198
464 268 568 329 275

467 405 702 466 portum,
738 397 792 455 iu
818 399 1159 457 conscientiae
1177 403 1548 461 certitudinem
1573 404 1865 463 deducens.
1890 409 2042 477 Quod

466 501 524 546 et
553 492 725 561 ipsum
766 493 962 548 Paulus
1002 495 1305 564 signiﬁcans
1354 498 1481 557 dicit
1523 515 1540 553 ε
1588 498 1865 569 Propterea
1904 499 2043 554 dedit

467 586 605 641 Deus
632 585 888 656 apostolos
919 587 988 639 ad
1019 589 1502 643 consummationem
1529 601 1818 645 sanctorum
1838 631 1853 657 ,
1885 591 2046 645 donec

463 697 790 736 occurramus
814 697 985 736 omnes
1019 682 1075 735 in
1107 681 1352 737 unitatem
1376 684 1496 752 ﬁdei
1523 695 1572 738 et
1609 685 1882 755 agnitionis
1922 682 2047 738 Filii

463 774 561 828 Dei
578 815 592 840 ,
625 783 761 827 utne
786 773 1009 843 amplius
1039 773 1198 828 simus
1219 776 1416 844 parvuli
1440 775 1743 845 ﬂuctuantes
1765 816 1778 839 ,
1805 785 1852 828 et
1872 775 2047 841 quovis

461 876 608 919 rente
629 864 726 917 huc
751 872 899 933 atque
923 864 1049 918 illuc
1077 864 1252 931 iactati
1292 863 1507 936 (Ephes.
1543 866 1596 919 6.
1631 866 1689 919 ll
1744 895 1771 905 -
1802 863 1925 935 14).
1960 864 2046 918 Vi-

462 956 560 1011 des
599 955 723 1009 ﬁdei
750 955 955 1010 {acinus
986 957 1299 1023 praeclarum
1321 997 1337 1021 ,
1365 956 1507 1026 quod
1534 971 1633 1010 ceu
1665 970 1859 1009 ancora
1896 970 2041 1026 qua:-

466 1050 608 1117 piatn
652 1046 916 1101 tutissima
940 1088 954 1109 ,
996 1062 1026 1100 a
1073 1046 1416 1101 ﬂuctuatione
1454 1046 1637 1100 liberat
1673 1063 1687 1100 :
1727 1047 1863 1100 sicut
1908 1046 2045 1099 idem

467 1151 651 1191 rursus
679 1135 744 1189 ad
775 1135 1027 1189 Hebraeos
1054 1136 1257 1196 scribit,
1283 1138 1380 1190 hoc
1402 1137 1562 1189 modo
1582 1139 1645 1189 de
1668 1134 2044 1204 ﬁdeloquens:

470 1229 635 1294 Quam
666 1228 798 1282 velut
819 1245 1058 1282 ancoram
1081 1240 1304 1283 tenemus
1325 1232 1528 1297 animle,
1548 1241 1705 1284 tatam
1728 1232 2043 1301 ﬁrmamque,

466 1328 512 1371 ct
542 1319 871 1371 introeuntem
898 1334 1055 1387 usque
1073 1318 1139 1371 ad
1166 1336 1224 1372 ea
1249 1336 1364 1390 qua:
1383 1332 1497 1374 sunt
1518 1322 1650 1374 intra
1672 1323 1833 1374 velum
1862 1320 2044 1392 (Hebr.

467 1409 521 1464 ϐ.
567 1408 703 1480 l9).
749 1409 822 1464 Ne
866 1410 1007 1464 enim
1052 1410 1231 1464 audita
1268 1427 1461 1465 ancora
1509 1424 1662 1481 putes
1704 1413 1955 1467 deorsqu
1998 1424 2048 1467 te

467 1504 822 1569 trahendum,
855 1503 1084 1557 ostendit
1125 1519 1317 1557 novum
1356 1520 1475 1558 esse
1523 1505 1790 1573 quoddam
1836 1521 2049 1560 ancora:

467 1611 652 1666 genus,
680 1612 798 1666 qua:
824 1611 928 1648 non
951 1595 1342 1664 deprimat,sed
1367 1612 1575 1650 sursum
1601 1606 1830 1652 mentem
1854 1598 2045 1661 elevet,

465 1689 533 1743 ad
557 1689 746 1743 ett-lum
775 1703 942 1758 usque
972 1688 1269 1756 sublatam,
1306 1699 1361 1744 et
1390 1691 1526 1743 intra
1561 1691 1731 1743 velum
1760 1705 1857 1745 ceu
1888 1705 2046 1743 manu

463 1781 750 1836 deductam
796 1798 809 1834 :
859 1780 1035 1834 velum
1078 1781 1220 1835 enim
1269 1780 1372 1834 hoc
1419 1782 1536 1837 loco
1576 1784 1767 1837 (uelum
1817 1784 2045 1837 vocavit.

466 1876 592 1938 Cur,
620 1882 711 1926 aut
739 1887 894 1941 quam
924 1871 995 1925 ob
1018 1886 1231 1925 causam
1248 1871 1273 1924 ?
1291 1872 1422 1938 Quia
1448 1873 1586 1928 sicut
1610 1874 1784 1927 velum
1804 1873 1872 1927 ab
1896 1884 2043 1928 exte-

467 1964 610 2019 riore
643 1972 791 2032 parte
818 1962 1144 2017 tabernaculi
1175 1962 1459 2018 dirimebat
1489 1972 1675 2018 sancta
1697 1975 2002 2018 sanctorum
2028 2005 2044 2031 ,

464 2053 539 2113 ita
564 2054 753 2108 caelum
794 2053 934 2107 istud
966 2061 1232 2122 tamquam
1259 2053 1435 2107 velum
1475 2053 1706 2108 medium
1733 2055 1873 2109 inter
1900 2070 2049 2108 crea-

469 2153 640 2200 turam
675 2145 944 2214 objectmu
967 2185 982 2209 ,
1010 2145 1079 2199 ab
1113 2145 1381 2200 exteriore
1409 2147 1784 2213 tabernaculo,
1828 2147 1929 2203 hoc
1967 2158 2050 2203 est

467 2236 665 2290 mundo
691 2235 792 2291 hoc
809 2216 967 2306 quem
998 2236 1259 2304 videmus,
1285 2237 1487 2293 dirimit
1509 2247 1690 2293 sancta
1720 2249 2046 2301 sanctorum,

467 2327 717 2382 videlicet
739 2343 801 2383 ea
833 2344 952 2398 qua:
982 2344 1145 2397 supra
1176 2344 1235 2384 se
1272 2338 1429 2395 sunt,
1468 2346 1577 2400 quo
1616 2345 1916 2400 prmcursor
1952 2346 2049 2400 pro

467 2420 623 2476 nobis
651 2420 1009 2492 introgressus
1037 2431 1120 2476 est
1140 2421 1407 2477 Christus.

534 2513 588 2566 4.
618 2512 768 2579 Quod
791 2521 967 2566 autem
997 2512 1127 2566 dicit
1154 2552 1167 2574 ,
1200 2514 1277 2567 sic
1305 2513 1705 2584 iutelligendmu
1737 2524 1819 2568 est
1851 2532 1862 2564 :
1897 2514 2048 2582 Illuc,

467 2603 658 2671 inquit,
687 2603 918 2656 animam
952 2611 1188 2657 nostram
1213 2604 1494 2658 sublimem
1517 2605 1713 2659 attollit
1743 2605 1872 2659 lides
1891 2647 1905 2671 ,
1940 2621 2045 2659 non

465 2694 651 2749 sinens
680 2694 801 2749 ullis
822 2696 1177 2765 praesentibus
1200 2696 1353 2749 malis
1381 2695 1628 2766 deprimi,
1661 2697 1755 2751 sed
1780 2712 1882 2767 spe.
1905 2698 2047 2752 iutu-

467 2802 648 2841 rorum
701 2786 910 2841 labores
948 2786 1205 2841 allevans.
1256 2786 1354 2854 Qui
1403 2787 1544 2842 enim
1587 2786 1756 2841 futura
1803 2798 2045 2857 Spectat,

465 2876 698 2931 caelestia
737 2891 961 2946 sperans
979 2919 994 2942 ,
1041 2886 1094 2931 et
1137 2878 1331 2932 mentis
1359 2878 1540 2933 oculos
1569 2877 1662 2934 illo
1690 2879 1923 2949 dirigens
1944 2923 1956 2945 ,
1984 2896 2050 2934 ne

465 2965 629 3022 sentit
692 2966 905 3037 quidem
970 2969 1311 3037 prtesentium
1379 2970 1638 3025 malorum
1707 2972 2046 3036 molestiam,

465 3058 915 3129 quemadmodum
964 3074 1137 3130 neque
1180 3059 1380 3115 Paulus
1426 3062 1686 3116 sentiebat
1716 3104 1728 3128 ,
1787 3073 1841 3116 et
1893 3062 2049 3132 hujus

468 3150 820 3221 philosophia:
849 3165 1063 3206 causam
1091 3151 1315 3207 docebat
1343 3151 1528 3207 dicens
1563 3172 1576 3208 :
1606 3152 1746 3207 Nam
1775 3165 2051 3208 momenta-

466 3258 563 3296 nea
627 3242 805 3297 levitas
868 3243 1162 3315 aﬂlictionis,
1205 3256 1391 3299 nostra:
1450 3245 1574 3298 mire
1625 3262 1781 3316 supra
1832 3246 2052 3301 «nodum

467 3343 715 3388 «sternunt
753 3334 951 3405 pondus
990 3336 1170 3406 gloria:
1210 3337 1342 3403 parit
1387 3336 1526 3390 nobis
1565 3336 1657 3405 (2.
1702 3336 1818 3390 (.‘or.
1856 3341 1910 3395 4.
1944 3342 2051 3412 l7).

470 3425 749 3493 Quomodo
769 3436 822 3481 et
840 3442 944 3496 qua
972 3428 1215 3481 ratione?
1244 3426 1381 3480 Dum
1408 3445 1505 3481 non
1530 3440 1815 3499 spectamus
1854 3447 1915 3483 ea
1937 3446 2052 3500 qua:

467 3517 718 3581 uidentur,
743 3517 832 3570 sed
852 3533 908 3568 ea
927 3532 1040 3585 qute
1060 3534 1158 3571 non
1182 3518 1415 3571 videntur
1435 3519 1539 3589 (Ib.
1566 3536 1612 3572 υ.
1639 3520 1706 3574 18
1738 3521 1776 3585 ),
1802 3521 2050 3575 nimirum

470 3606 641 3660 oculis
679 3606 823 3661 lidei.
863 3606 1015 3661 Sicut
1052 3609 1194 3661 enim
1237 3610 1479 3675 corporis
1524 3610 1664 3663 oculi
1706 3608 1832 3666 nihil
1873 3612 2051 3666 vident

471 3699 825 3769 intelligibilc,
854 3699 926 3753 ita
953 3701 1090 3755 oculi
1126 3700 1245 3755 ﬁdei
1281 3701 1408 3755 nihil
1442 3701 1911 3757 videntscnsibile.
1947 3705 2051 3759 Sed

472 3790 541 3846 de
565 3808 666 3862 qua
693 3791 794 3847 ﬁde
820 3791 906 3846 hic
932 3792 1166 3863 loquitur
1188 3792 1421 3847 Paulus?
1445 3810 1564 3847 nam
1592 3794 1710 3849 ﬁdei
1739 3795 2051 3851 vocabulum

470 3882 734 3953 duplicem
764 3882 926 3938 habet
950 3883 1411 3954 signiﬁcationem.
1440 3883 1648 3939 Etenim
1681 3884 1811 3939 ﬁdes
1836 3884 2051 3951 dicitur,

475 3990 570 4042 per
595 3989 753 4042 quam
787 3974 1021 4045 prodigia
1067 3985 1193 4029 ttmc
1232 3973 1496 4030 faciebant
1537 3976 1762 4045 apostoli
1786 4017 1798 4037 ,
1841 3975 1910 4031 de
1950 3993 2053 4046 qua

471 4066 713 4121 Christus
737 4065 950 4121 dicebat
991 4084 1004 4120 :
1048 4067 1109 4123 Si
1153 4068 1427 4121 habueritis
1469 4069 1623 4137 [idem
1670 4070 1798 4123 sicut
1836 4086 2055 4139 granum

471 4156 672 4224 sinapi,
703 4155 877 4210 dicetis
903 4157 1060 4211 monti
1087 4156 1206 4210 huic
1227 4199 1242 4221 ,
1276 4156 1446 4227 Migra
1466 4197 1481 4223 ,
1510 4167 1557 4211 et
1585 4158 1817 4228 migrabit
1839 4158 2053 4229 (Matth.

475 4247 561 4302 l7.
596 4244 707 4319 l9).
764 4247 829 4301 Et
855 4262 1064 4302 rursum
1090 4262 1209 4302 cum
1236 4247 1480 4317 discipuli
1517 4264 1621 4302 non
1653 4259 1869 4318 possent
1898 4251 2054 4305 luna-

476 4338 637 4392 ticum
658 4337 888 4394 liberare
910 4354 940 4393 a
966 4337 1240 4405 daemone,
1271 4353 1592 4409 causamque
1621 4341 2054 4410 sciscitarentur,

477 4431 613 4487 hanc
633 4432 713 4487 eis
733 4431 1108 4499 subindicavit,
1122 4432 1264 4504 quod
1288 4432 1424 4487 ﬁdes
1444 4448 1536 4488 eos
1560 4433 1832 4499 deﬁceret,
1849 4435 2055 4503 dicens,

476 4522 697 4595 Propter
717 4524 1119 4580 incredulitatem
1147 4537 1357 4580 uestram
1382 4525 1512 4596 (ιο.)
1547 4526 1614 4582 Et
1649 4527 1842 4583 Paulus
1868 4528 1933 4585 de
1964 4545 2057 4584 ea-

476 4614 598 4669 detn
623 4608 838 4671 dicebat
867 4634 882 4670 :
911 4615 974 4671 Si
999 4616 1220 4670 habuero
1253 4619 1408 4686 ﬁdem
1447 4620 1517 4672 ita
1542 4629 1596 4673 ut
1621 4631 1809 4675 montes
1838 4625 2058 4692 transfe-

477 4720 589 4758 rant
619 4706 699 4776 (l.
726 4704 844 4761 Cor.
878 4707 966 4762 15.
996 4706 1076 4777 2).
1101 4706 1167 4762 Et
1210 4708 1396 4764 l'etrus
1424 4725 1546 4766 cum
1576 4712 1966 4781 periclitaretur
1993 4728 2061 4768 ne

482 4805 813 4866 mergeretur
866 4797 1088 4867 pedibus
1141 4814 1236 4870 per
1284 4817 1429 4855 mare
1481 4802 1763 4866 incedens,
1816 4804 2059 4859 eamdem

482 4887 899 4957 increpationcm
938 4889 1137 4945 audit-it
1175 4906 1204 4944 a
1235 4890 1468 4954 Christo,
1496 4892 1712 4947 Modica:
1742 4895 1879 4958 ﬁdei,
1909 4912 2065 4966 quare

481 4979 720 5035 dubitasti
755 4979 974 5053 (Matth.
1028 4982 1107 5035 l4.
1147 4980 1288 5054 5|)?
1321 4982 1499 5053 Itaque
1546 4983 1678 5039 ﬁdes
1718 4985 1912 5040 dicitur
1959 5001 2062 5055 qua

483 5075 740 5129 miracula
779 5084 833 5129 et
876 5074 1115 5144 prodigia
1164 5086 1437 5145 patrantur
1474 5094 1487 5129 :
1527 5076 1724 5131 dicitur
1760 5078 1885 5131 item
1931 5080 2065 5134 ﬁdes

482 5184 604 5239 qua:
629 5182 730 5224 nos
754 5168 821 5223 ad
853 5168 1180 5238 agnitionem
1209 5169 1302 5223 Dei
1334 5168 1611 5237 perducit,
1640 5170 1709 5223 ob
1738 5185 1895 5239 quam
1917 5172 2066 5240 quis-

487 5276 595 5331 que
623 5269 861 5317 nostrum
894 5259 1065 5315 ﬁdelis
1093 5269 1177 5315 est
1210 5277 1224 5315 :
1261 5260 1401 5314 sicut
1433 5261 1499 5314 ad
1527 5260 1796 5315 Romanos
1825 5261 2068 5316 scribens

493 5356 624 5410 'licit
659 5373 673 5410 :
711 5353 926 5409 Gratius
970 5370 1069 5422 (rgo
1115 5353 1219 5405 Deo
1256 5368 1366 5406 meo
1403 5368 1495 5423 per
1531 5351 1716 5408 Iesum
1767 5353 2061 5419 Christum,

498 5444 628 5501 mod
656 5445 785 5514 ﬁdes
816 5454 987 5498 vestra
1017 5445 1368 5496 annuntiatur
1408 5446 1461 5499 in
1496 5454 1606 5499 toto
1653 5445 1850 5499 mundo
1886 5444 2061 5515 (Rom.

495 5538 543 5586 t.
581 5535 671 5603 8);
719 5549 784 5589 ac
835 5549 1059 5590 rursum
1113 5535 1179 5587 ad
1219 5532 1787 5591 Thessalonicenses:
1833 5534 1876 5589 Α
1923 5535 2066 5589 vobis

488 5628 629 5679 enim
677 5628 945 5693 personuit
989 5644 1160 5682 sernto
1198 5628 1450 5691 Domini,
1501 5646 1605 5683 non
1653 5630 1825 5684 solum
1859 5630 1913 5683 in
1945 5627 2065 5682 Mam

493 5717 712 5770 redonia
754 5726 803 5771 et
844 5717 1082 5777 Achaia.
1132 5735 1305 5775 rerum
1344 5721 1507 5775 etiam
1537 5721 1590 5776 in
1621 5721 1762 5774 omni
1796 5720 1909 5773 loco
1936 5720 2066 5787 ﬁdes

1172 287 1231 345 S.
1267 288 1545 347 JOANNIS
1582 289 2053 350 CIIRYSOSTOMI
2095 293 2410 354 AliClilEP.
2452 295 2997 356 CONSTANTINOP.
3620 295 3725 350 276

2152 422 2346 474 uestra,
2368 428 2485 483 quis
2506 422 2586 467 est
2616 415 2671 466 in
2700 411 2887 481 Deum,
2917 413 3209 468 dimanauit
3240 412 3316 482 (l.
3348 409 3528 467 Thess.
3563 413 3612 466 l.
3641 412 3719 482 8).

2242 507 2422 564 Fidem
2457 515 2758 584 cognitionis
2797 534 2887 569 cur
2926 516 3177 586 Spiritum
3220 513 3340 583 ﬁdei
3386 522 3560 574 uocet;
3598 509 3724 578 ﬁda

2149 614 2305 667 quare
2328 604 2519 656 auxilio
2551 605 2774 674 Spiritus
2801 607 3041 676 indigeat.
3072 635 3140 646 —-
3164 605 3384 673 Qualem
3413 603 3572 671 igitur
3596 599 3723 652 sul»

2154 690 2351 744 iudicat
2373 693 2423 745 in
2448 692 2549 747 hoc
2575 696 2692 749 loco
2719 696 2916 751 ﬁdem?
2945 697 3115 750 Dubio
3150 695 3329 765 procul
3361 692 3517 746 ﬁdem
3538 688 3724 758 c08l‘i'

2153 780 2350 836 tionis:
2383 783 2432 836 id
2472 786 2613 854 quod
2655 802 2719 841 ex
2760 788 3105 855 sequentibus
3150 796 3311 856 patet.
3343 783 3624 840 Credimus,
3649 781 3727 834 iu-

2150 871 2284 939 quit.
2311 885 2619 945 quapropter
2654 887 2702 930 et
2741 877 3016 945 loquimur.
3051 877 3190 943 Quid
3233 873 3540 930 credimus?
3582 870 3730 938 Quod

2150 962 2237 1027 qui
2275 965 2585 1018 resuscitavit
2627 967 2915 1031 Christum,
2955 970 3106 1022 etiam
3149 984 3241 1021 nos
3287 964 3599 1020 resuscitabit
3641 978 3731 1031 per

2151 1052 2380 1104 virtutem
2407 1070 2552 1107 suam
2583 1055 2657 1128 (2.
2695 1055 2813 1111 Cor.
2853 1060 2902 1112 4.
2938 1058 3049 1124 η).
3076 1057 3179 1113 Sed
3224 1071 3389 1126 quare.
3430 1069 3546 1109 eam
3577 1060 3731 1104 vocat

2152 1141 2404 1209 Spiritum
2430 1145 2568 1208 lidei,
2598 1156 2653 1201 et
2675 1148 2723 1201 in
2747 1148 3091 1202 donationqu
3118 1147 3360 1202 ordinem
3385 1143 3730 1198 annutnerat‘.’

2151 1230 2281 1284 Nam
2318 1235 2361 1287 si
2407 1235 2603 1290 donum
2640 1247 2723 1291 est
2752 1238 2909 1302 ﬁdes,
2949 1248 3003 1293 et
3043 1238 3206 1293 solius
3236 1236 3464 1305 Spiritus
3493 1235 3726 1296 donum,

2154 1338 2258 1376 non
2291 1333 2530 1382 nostrum
2573 1328 2861 1394 meritum,
2902 1343 3075 1398 neque
3118 1327 3374 1381 increduli
3415 1326 3729 1394 punientur.

2154 1432 2325 1485 neque
2352 1417 2634 1474 credentes
2675 1420 2887 1475 laudem
2919 1420 3383 1490 promerebuutur.
3409 1417 3551 1470 Talis
3588 1414 3731 1469 enim

2149 1517 2231 1560 est
2258 1507 2602 1564 donationem
2633 1519 2840 1574 natura,
2871 1527 2974 1565 non
2995 1520 3118 1565 sunt
3137 1525 3371 1574 coronae,
3398 1523 3567 1577 neque
3595 1520 3731 1575 prte-

2152 1590 2276 1644 mia.
2314 1591 2517 1647 Donum
2541 1596 2684 1649 enim
2717 1611 2822 1649 nou
2852 1606 2932 1651 est
2973 1594 3284 1664 accipientis
3323 1593 3569 1647 meritum
3591 1633 3607 1655 ,
3634 1593 3731 1645 sed

2152 1680 2420 1750 largitoris
2444 1684 2775 1740 liberalitatis
2798 1685 3135 1756 gratiticatio.
3167 1684 3314 1738 lianc
3338 1686 3407 1737 ob
3434 1696 3544 1736 rem
3571 1682 3732 1735 etiam

2151 1773 2442 1844 discipulos
2464 1777 2625 1846 jussit
2654 1793 2758 1833 non
2798 1778 3031 1848 gaudere
3058 1792 3125 1832 eo
3159 1775 3301 1846 quod
3330 1773 3604 1829 daemonas
3629 1772 3730 1841 eji-

2151 1876 2356 1932 cerent,
2384 1876 2439 1922 et
2457 1883 2551 1924 eos
2575 1872 2664 1939 qui
2696 1872 2747 1924 in
2781 1871 2995 1925 nomine
3032 1884 3130 1924 suo
3167 1866 3644 1937 prophetaverant.
3678 1873 3733 1917 et

2153 1956 2376 2012 virtutes
2414 1960 2606 2014 multas
2636 1959 2874 2015 fecerant
2897 2003 2912 2027 ,
2943 1961 3143 2029 expulit
3168 1974 3198 2012 e
3226 1972 3391 2026 regno
3431 1956 3687 2011 caelorum
3713 1972 3727 2007 :

2151 2047 2401 2114 quoniam
2429 2063 2497 2104 ex
2534 2052 2643 2104 suis
2684 2052 2888 2106 meritis
2918 2052 3113 2105 nullam
3147 2048 3411 2103 habebant
3450 2046 3729 2111 ﬁduciam,

2151 2135 2246 2189 sed
2272 2137 2341 2190 ob
2370 2140 2512 2193 solas
2539 2140 2851 2197 donationes
2877 2142 3009 2198 salvi
3040 2141 3154 2196 ﬁeri
3180 2141 3446 2195 volebant.

2224 2227 2277 2281 5.
2309 2226 2364 2282 Si
2388 2229 2546 2299 igitur
2568 2232 2729 2286 etiam
2770 2231 2902 2287 ﬁdes
2935 2232 3039 2286 tale
3066 2230 3316 2301 quiddam
3359 2237 3475 2293 est,
3507 2237 3563 2282 et
3598 2226 3730 2280 nihil

2152 2331 2217 2370 ex
2240 2329 2424 2373 nostro
2449 2322 2791 2387 contulimus,
2822 2323 2915 2378 sed
2944 2331 3110 2376 totum
3140 2332 3222 2377 est
3250 2320 3433 2391 gratiae
3461 2318 3695 2387 Spiritus
3713 2356 3729 2380 ,

2152 2418 2207 2462 ct
2229 2410 2341 2477 ipsa
2376 2412 2515 2466 ultro
2548 2429 2607 2468 se
2634 2414 2685 2468 in
2706 2416 2914 2469 animas
2941 2422 3152 2468 nostras
3182 2411 3421 2482 ingessit,
3448 2419 3501 2463 et
3531 2407 3731 2461 nullam

2156 2515 2251 2567 pro
2286 2515 2348 2555 ea
2386 2504 2651 2572 recepturi
2692 2519 2875 2559 sumus
2915 2502 3248 2563 mercedem,
3277 2498 3544 2570 quomodo
3575 2497 3733 2565 igitur

2152 2590 2281 2644 dicit
2313 2609 2326 2643 :
2356 2592 2519 2647 Corde
2558 2595 2692 2648 enim
2739 2595 2960 2648 creditur
3004 2593 3073 2647 ad
3114 2591 3402 2663 justitiam,
3442 2604 3529 2643 ore
3563 2596 3732 2640 autem

2152 2683 2399 2752 confessio
2438 2685 2498 2751 ﬁt
2536 2686 2603 2738 ad
2637 2687 2850 2741 salutem
2877 2686 3052 2755 (Rom.
3081 2685 3167 2741 i0.
3198 2683 3328 2755 10)?
3376 2680 3638 2749 Quoniam
3676 2687 3733 2735 et

2152 2774 2269 2841 ejus
2296 2775 2386 2843 qui
2407 2776 2631 2830 credidit
2650 2819 2665 2845 ,
2696 2778 2908 2833 virtutis
2929 2779 3174 2833 meritum
3204 2786 3286 2831 est
3320 2773 3469 2829 ﬁdes.
3496 2772 3611 2840 Quo
3634 2786 3731 2826 atr-

2155 2874 2260 2919 tem
2291 2868 2450 2923 modo
2474 2870 2599 2926 alibi
2630 2871 2683 2926 id
2710 2886 2921 2927 rursum
2947 2869 3248 2926 subindicat
3278 2867 3493 2931 dicens,
3529 2864 3595 2917 Ei
3616 2879 3731 2917 rero

2152 2958 2238 3024 qui
2274 2975 2372 3013 non
2398 2971 2676 3029 operatur,
2706 2964 2794 3016 sed
2826 2964 2983 3017 credit
3004 2963 3058 3016 in
3095 2978 3209 3016 eum
3234 2960 3318 3028 qui
3354 2957 3606 3029 justiﬁcat
3633 2955 3734 3013 im—

2153 3050 2321 3117 pium,
2357 3050 2636 3122 imputatur
2670 3054 2797 3122 ﬁdes
2824 3071 2918 3108 sua
2955 3052 3023 3106 ad
3056 3051 3309 3125 justitiam
3352 3046 3515 3119 (Ibid.
3539 3045 3595 3100 4.
3621 3045 3730 3115 5),

2153 3143 2196 3195 si
2223 3153 2388 3197 totmn
2416 3156 2494 3199 est
2520 3147 2703 3215 gratia:
2730 3146 2993 3216 Spiritus?
3017 3146 3107 3215 qui
3141 3145 3283 3198 enim
3315 3141 3473 3196 etiam
3509 3137 3733 3208 patriar-

2154 3231 2308 3286 cltam
2336 3233 2602 3289 Abraham
2644 3236 2891 3305 plurimis
2926 3235 3194 3291 reditnivit
3234 3231 3447 3286 laudum
3480 3225 3728 3290 coronis,

2154 3340 2219 3379 eo
2245 3326 2385 3395 quod
2419 3329 2737 3398 contemptis
2775 3327 2935 3383 rebus
2974 3325 3341 3397 praesentibus,
3365 3329 3562 3390 praeter
3582 3331 3731 3387 spem

2157 3414 2208 3469 in
2236 3430 2386 3486 spem
2409 3419 2670 3473 credidit?
2691 3419 2860 3486 Quam
2891 3420 2959 3473 oh
2988 3433 3101 3472 rem
3141 3416 3302 3487 igitur
3324 3412 3581 3482 Spiritum
3610 3404 3732 3461 ﬁdei

2156 3519 2310 3564 vocat
2340 3511 2503 3565 eam?
2534 3510 2666 3565 Illud
2708 3511 2958 3566 nimirum
3000 3508 3284 3564 ostendere
3328 3504 3552 3568 Valens.
3591 3496 3731 3569 Ψκκλ

2158 3600 2307 3654 initio
2330 3600 2584 3667 credere,
2614 3611 2669 3657 et
2711 3617 2901 3673 parere
2939 3599 3145 3655 voeanti
3168 3639 3183 3662 ,
3225 3604 3426 3652 nostra:
3462 3602 3547 3648 est
3578 3589 3735 3645 bona:

2159 3696 2353 3748 mentis
2380 3712 2393 3746 :
2426 3703 2483 3748 at
2508 3705 2788 3765 postquam
2815 3695 2955 3764 jacta
2982 3692 3177 3747 fuerint
3209 3689 3330 3743 ﬁdei
3358 3684 3696 3741 fundamenta
3716 3718 3733 3744 ,

2152 3784 2261 3853 jam
2288 3799 2422 3854 OptlS
2447 3796 2531 3840 cat
2565 3786 2761 3840 auxilio
2799 3785 3058 3855 Spiritus,
3099 3793 3155 3837 ut
3196 3782 3248 3835 iu
3288 3778 3443 3832 nobis
3478 3780 3735 3845 perpetuo

2159 3885 2371 3930 tuaueat
2421 3877 2734 3932 inconcussa
2778 3885 2834 3931 et
2873 3872 3319 3943 inexpugnabilis.
3370 3866 3554 3935 Neque
3591 3861 3734 3917 enim

2160 3966 2319 4031 Deus,
2351 3983 2523 4036 neque
2544 3967 2774 4038 Spiritus
2795 3967 2963 4038 gratia
2993 3974 3234 4020 nostrqu
3264 3957 3518 4031 prmvcuit
3546 3966 3738 4024 propo-

2160 4057 2322 4111 situm
2348 4076 2361 4108 -.
2391 4058 2485 4114 sed
2516 4059 2725 4114 tametsi
2749 4067 2919 4123 vocet,
2944 4064 3218 4127 exspectat
3239 4062 3437 4115 tamen,
3463 4057 3523 4102 ut
3547 4053 3738 4115 sponte

2161 4159 2216 4203 et
2238 4151 2448 4218 propria
2471 4149 2741 4204 voluntate
2766 4147 3083 4203 accedamus
3106 4187 3121 4212 ,
3152 4160 3216 4199 ac
3237 4154 3346 4197 tum
3374 4140 3589 4195 demum
3615 4148 3737 4191 cum

2163 4242 2549 4297 accesserimus
2593 4239 2747 4295 nobis
2789 4255 2945 4295 suum
2985 4248 3152 4293 totum
3199 4233 3419 4290 exhibet
3459 4227 3735 4283 auxilium.

2163 4335 2422 4403 Quoniam
2446 4334 2585 4388 enim
2616 4331 2878 4392 diabolus,
2901 4337 3244 4401 posteaquam
3268 4324 3337 4379 ad
3365 4322 3524 4377 ﬁdem
3553 4331 3739 4373 acces-

2163 4429 2331 4480 simus
2353 4467 2366 4490 ,
2397 4426 2648 4479 continuo
2676 4423 2916 4492 subrepit
2943 4422 3128 4476 volens
3168 4417 3434 4490 egregiam
3481 4414 3619 4468 hanc
3658 4425 3742 4463 ra-

2163 4517 2334 4572 dicem
2390 4515 2620 4569 evellere
2646 4555 2658 4577 ,
2708 4524 2762 4568 et
2811 4513 3011 4566 zizania
3052 4523 3340 4582 properans
3388 4509 3740 4563 iuterscrere,

2164 4624 2582 4679 germanamque
2603 4624 2667 4661 ac
2689 4622 2877 4676 purum
2908 4621 3089 4660 semen
3116 4601 3481 4668 l:cdere,opus
3508 4606 3616 4650 tum
3642 4591 3742 4645 ha-

2170 4702 2356 4756 bemus
2402 4701 2599 4754 auxilio
2626 4699 2886 4768 Spiritus,
2928 4708 2984 4751 ut
3023 4693 3467 4766 quemadmodum
3496 4697 3744 4742 strenuus

2168 4792 2397 4862 agricola
2423 4790 2616 4844 anima:
2643 4798 2838 4842 nostra:
2862 4786 3119 4850 insidens,
3153 4787 3315 4840 multa
3341 4795 3468 4836 cura
3493 4786 3549 4833 et
3573 4772 3748 4874 provi-

2171 4884 2350 4939 dentia
2391 4882 2651 4936 novellam
2687 4878 2810 4933 ﬁdei
2854 4878 3088 4947 plantam
3136 4874 3489 4942 uudcquaque
3522 4871 3746 4919 muniat.

2174 4979 2295 5032 Ideo
2332 4972 2899 5031 Thessalonicensibus
2936 4983 3168 5041 quoque
3196 4963 3467 5021 scribebat
3506 4959 3693 5014 dicens
3733 4970 3750 5008 :

2175 5070 2425 5143 Spiritum
2460 5085 2521 5122 ne
2546 5064 2875 5137 exstinguatis
2910 5064 2985 5137 (l.
3022 5063 3195 5116 Thess.
3225 5055 3395 5126 5.19)
3431 5071 3446 5110 :
3479 5060 3539 5108 ut
3565 5057 3750 5104 osten—

2173 5164 2293 5226 dat,
2332 5160 2620 5215 accedente
2662 5159 2889 5230 Spiritus
2925 5158 3127 5227 gratia,
3177 5146 3616 5220 inexpugnabiles
3656 5156 3756 5197 no:

2178 5256 2316 5310 tnalo
2331 5251 2560 5309 dtemoui
2578 5262 2734 5321 atque
2754 5250 3000 5304 omnibus
3022 5248 3138 5316 ejus
3160 5242 3364 5299 insidiis
3387 5240 3593 5294 futuros
3611 5247 3757 5289 esse.

2178 5348 2308 5402 Nam
2339 5347 2381 5400 si
2413 5361 2568 5400 neruo
2611 5352 2785 5414 potest
2822 5342 3000 5396 dicere
3039 5338 3322 5393 Dominum
3358 5332 3546 5388 .lesum
3572 5324 3675 5381 nisi
3703 5324 3754 5378 in

2179 5440 2380 5497 Soiritu
2410 5447 2613 5501 sancto,
2637 5436 2804 5491 multo
2826 5433 2991 5501 magis
3018 5430 3173 5485 ﬁdem
3198 5436 3363 5480 tutam
3384 5432 3439 5478 et
3464 5419 3755 5476 radicatam

2185 5551 2290 5587 non
2323 5541 2517 5601 poterit
2546 5530 2745 5584 habere
2770 5527 2869 5582 nisi
2903 5527 2953 5579 in
2983 5524 3183 5595 Spiritu
3210 5527 3415 5575 sancto.

2251 5620 2303 5675 6.
2350 5620 2613 5689 Quomodo
2660 5618 2882 5688 Spiritus
2927 5624 3131 5668 sanctus
3172 5613 3224 5664 in
3270 5610 3412 5662 nobis
3463 5606 3755 5660 retineatur.

2196 5716 2467 5786 Virginitas
2507 5714 2567 5768 sit
2582 5714 2767 5782 juncta
2787 5710 3175 5780 heuignitati.—~
3207 5708 3269 5761 At
3297 5700 3566 5774 quomodo
3608 5704 3757 5767 pote~
