4110 6198
427 258 534 312 275

422 375 711 442 ελθοῦσαὴ
749 371 929 433 πίστις
973 369 1301 422 ἀπαλλάττει
1343 368 1436 420 τοῦ
1481 370 1762 436 ναυαγίου,
1801 369 1992 441 ῶσπερ

419 468 478 516 ἐν
524 456 744 530 γαληνῷ
765 455 963 524 λιμένι,
993 455 1059 521 τῇ
1082 451 1175 504 τοῦ
1217 451 1515 513 συνειδότος
1555 452 1895 522 πληροφορίᾳ
1932 453 1992 504 τδ

421 545 626 612 σκάφος
664 538 979 611 ὀρμίζουσα.
1012 536 1121 588 Καὶ
1171 534 1300 586 αὐτὸ
1336 533 1492 586 τοῦτο
1521 533 1680 587 πάλιν
1723 537 1750 587 6
1783 535 1990 598 Παῦλος

417 627 590 697 δηλῶν
622 625 826 690 ἔλεγεν,
855 622 936 673 ὅτι
964 618 1066 670 Διὰ
1097 616 1269 668 τοῦτο
1299 615 1521 668 ἔδωκεν
1554 616 1934 680 ἀποστόλους
1958 621 1990 670 ὀ

423 710 562 774 Θεὸς
586 708 734 776 πρὸς
767 700 1166 770 καταρτισμὸν
1196 698 1313 752 τῶν
1346 700 1546 766 ἁγίων,
1573 699 1748 767 μέχρι
1778 716 1989 752 καταν-

419 794 694 862 τήσωμεν
715 792 768 842 οι
789 787 1009 850 πάντες
1035 787 1122 848 εἰς
1168 783 1280 849 τὴν
1311 782 1560 847 ἑνότητα
1597 781 1705 849 τῆς
1733 783 1985 847 πίστεως

421 882 518 935 καί
563 878 674 944 τῆς
726 871 1102 941 ἐπιγνώσεως
1153 869 1261 923 τοῦ
1321 869 1455 922 Υίοῦ
1509 868 1614 920 τοῦ
1669 869 1851 922 Θεοῦ·
1889 871 1987 922 ἵνα

415 963 625 1035 μηκέτι
650 955 806 1027 ὦμεν
826 955 1031 1021 νήπιοι
1052 949 1537 1035 κῖἰιοδωνιςόμενοι
1563 950 1660 1002 καὶ
1686 954 1988 1035 περιφερέ-

413 1032 582 1117 μενοι
617 1040 794 1095 παντὶ
833 1035 1048 1104 ἀνέμῳ.
1089 1033 1252 1117 Ὁρᾷς,
1286 1033 1394 1117 τῆς
1421 1032 1655 1117 πίστεως
1696 1033 1755 1117 16
1789 1033 1985 1117 κατόρ-

421 1114 598 1198 θωμα,
629 1126 710 1176 ὅτι
743 1123 813 1184 ὡς
850 1117 1065 1188 ἄγκυρά
1102 1133 1183 1178 τις
1235 1114 1498 1184 ἀσφαλὴς,
1527 1114 1696 1175 οὓτως
1737 1115 1985 1168 ἐκϐάλλει

418 1215 510 1267 16v
544 1212 726 1264 σάλον·
761 1209 896 1275 ὅπερ
920 1200 1010 1257 οῦν
1044 1202 1135 1255 καὶ
1174 1201 1333 1262 αὐτὸς
1374 1201 1531 1253 πάλιν
1571 1201 1835 1271 Ἑϐραίοις
1868 1203 1985 1254 ἐπι-

422 1290 868 1357 στέλλει,οὐτωσὶ
915 1287 1086 1352 λέγων
1137 1284 1265 1353 περὶ
1306 1287 1403 1352 τῆς
1447 1282 1707 1346 πίστεως·
1762 1285 1866 1336 Ἢν
1905 1285 1984 1349 ὠς

419 1379 686 1447 ἄγκυραν
711 1374 928 1442 ἔχομεν
949 1368 1057 1436 τῆς
1079 1371 1206 1436 ύύχ
1218 1365 1285 1432 ἧς
1307 1365 1575 1433 ἀσφαλῆ,
1594 1366 1690 1417 καὶ
1710 1367 1982 1434 βεϐαίαν,

418 1465 513 1518 καί
564 1457 990 1529 εἰσερχομένην
1034 1458 1119 1520 εἰς
1161 1453 1227 1506 τὸ
1255 1451 1548 1519 ἐσώτερον
1585 1454 1688 1507 τοῦ
1730 1471 1982 1507 καταπε-

418 1548 739 1615 τάσματος.
793 1538 1088 1612 [265]"11101
1135 1536 1240 1605 γάρ
1288 1535 1523 1597 ἀκούσας
1583 1537 1855 1607 ἄγκυραν,
1909 1537 1982 1608 μὴ

417 1631 643 1700 νομίσῃς
677 1627 825 1680 κάτω
859 1620 1229 1680 καθέλκεσθαι,
1267 1619 1552 1680 δείκνυσιν,
1580 1619 1660 1670 ὅτι
1691 1621 1847 1690 καινή
1899 1637 1982 1683 τις

419 1713 554 1782 αὕτη
576 1712 674 1780 τῆς
709 1707 954 1777 ἀγκύρας
991 1707 1024 1774 ή
1075 1703 1253 1771 φύσις,
1287 1702 1346 1754 οὐ
1380 1703 1529 1753 κάτω
1557 1701 1830 1765 πιέζουσα,
1868 1702 1981 1754 ἀλλ’

418 1798 530 1850 ἄνω
561 1793 888 1860 κουφίζουσα
918 1788 1014 1857 τὴν
1052 1787 1306 1846 διάνοιαν,
1331 1785 1422 1836 καὶ
1471 1784 1605 1853 πρὸς
1638 1784 1725 1835 τὸν
1759 1785 1982 1854 οὐρανὸν

423 1877 749 1949 μεθιστῶσα,
775 1875 867 1927 καὶ
899 1875 975 1934 εἰς,
1006 1873 1066 1923 16
1091 1868 1350 1938 ἐσώτερον
1377 1867 1468 1920 τοῦ
1500 1867 1982 1936 καταπετάσματος

417 1959 831 2033 χειραγωγοῦσα
851 1975 862 1987 ·
891 1955 1287 2023 καταπέτασμα
1315 1952 1420 2021 γὰρ
1451 1949 1681 2002 ἐνταῦθα
1708 1951 1798 2002 τὸν
1823 1951 1983 2021 οὐρα-

419 2047 508 2098 νὸν
545 2044 786 2096 ἐκάλεσε.
821 2040 976 2100 Τίνος
1008 2037 1189 2099 ἓνεκα,
1229 2037 1320 2087 καὶ
1358 2033 1514 2085 διὰτί
1540 2050 1553 2093 ς
1581 2034 1702 2084 Ὅτι
1737 2033 1983 2103 καθάπερ

417 2130 478 2182 16
507 2126 902 2193 καταπέτασμα
925 2121 1031 2173 ἀπὸ
1059 2121 1155 2188 1?};
1185 2117 1289 2182 ἔξω
1322 2117 1524 2186 σκηνῆς
1543 2117 1742 2185 διεῖργε
1769 2117 1836 2168 τά
1857 2117 1983 2184 άγια

417 2212 524 2265 τῶν
551 2209 739 2276 ἁγίων,
763 2206 904 2258 οῦτω
935 2204 998 2272 δὴ
1032 2205 1124 2255 καὶ
1152 2203 1179 2253 6
1210 2201 1433 2270 οὐρανὸς
1462 2193 1634 2261 οὗτος,
1665 2199 1850 2269 ὥσπερ
1880 2216 1982 2250 κα-

419 2294 776 2360 ταπέτασμα,
823 2288 983 2358 μέσος
1043 2286 1140 2354 τῆς
1193 2285 1421 2344 κτίσεως
1467 2283 1982 2353 παρεμϐεϐλημένος

419 2377 528 2430 ἀπὸ
550 2376 647 2444 1?};
680 2373 783 2437 ἔξω
815 2370 1036 2438 σκηνῆς,
1073 2367 1211 2420 τοῦτ’
1261 2366 1393 2425 ἔστι,
1438 2365 1528 2418 τοῦ
1560 2367 1760 2435 κόσμου
1795 2367 1982 2417 τούτου

417 2460 511 2512 τοῦ
535 2456 885 2529 βλεπομένου,
911 2453 1137 2522 διείργει
1172 2450 1238 2503 τὰ
1270 2452 1398 2514 άγια
1427 2448 1534 2502 τῶν
1563 2450 1751 2516 ἁγίων,
1780 2447 1847 2500 τὰ
1875 2449 1985 2502 ἅνω

417 2542 588 2609 λέγων
630 2543 723 2591 καὶ
771 2537 837 2589 1‘1
881 2535 1019 2603 ὑπὲρ
1058 2532 1268 2596 αὐτῶν,
1315 2534 1446 2584 ὅπου
1494 2533 1794 2602 πρόδρομος
1847 2531 1984 2602 ὑπὲρ

415 2628 448 2694 ἡ
460 2624 574 2694 μῶν
603 2618 815 2690 εἰσῆλθε
848 2617 1101 2688 Χριστός.

487 2707 548 2758 δ’.
582 2706 646 2756 "O
671 2703 725 2755 δέ
749 2702 892 2768 λέγει
918 2697 1154 2750 τοιοῦτον
1188 2698 1350 2749 ἐστιν·
1388 2697 1532 2749 Ἐκεῖ
1555 2697 1868 2768 μετεωρίζει
1891 2698 1984 2768 τὴν

418 2787 590 2858 Ψυχὴν
623 2788 721 2853 τὴν
763 2783 1059 2853 ἡμετέραν,
1104 2781 1287 2848 φησὶν,
1323 2780 1356 2849 ἡ
1391 2780 1591 2841 πίστις,
1633 2780 1730 2832 οὐκ
1768 2780 1984 2848 ἀφιεῖσα

416 2871 590 2923 οὐδενὶ
624 2868 730 2920 τῶν
760 2865 1038 2935 παρόντων
1074 2861 1260 2914 δεινῶν
1293 2862 1691 2930 ταπεινωθῆναι
1712 2903 1724 2918 .
1760 2864 1983 2914 ἀνακου-

417 2951 646 3021 φίζουσα
685 2950 810 3012 τοὺς
851 2948 1042 3010 πόνους
1089 2949 1153 3015 τῇ
1203 2944 1310 2996 τῶν
1353 2944 1649 3014 μελλόντων
1694 2946 1884 2998 ἐλπίδι.
1926 2947 1984 3000 Ὀ

414 3034 524 3106 γάρ
553 3035 686 3106 πρὸς
719 3032 784 3084 τά
817 3030 1074 3100 μέλλοντα
1105 3026 1344 3097 ἀφορῶν,
1369 3029 1461 3078 καὶ
1488 3027 1584 3095 τὴν
1614 3030 1676 3079 ἐκ
1695 3028 1802 3079 τῶν
1821 3029 1984 3098 οὐρα-

415 3118 520 3170 νῶν
556 3115 839 3185 ἀναμένων
874 3111 1080 3171 ἐλπίδα,
1110 3110 1202 3161 καὶ
1236 3108 1361 3170 τοὺς
1393 3108 1702 3178 ὀφθαλμοὺς
1742 3110 1837 3179 1?};
1868 3110 1982 3162 δια-

415 3199 560 3261 νοίας
591 3199 704 3250 ἐκεῖ
735 3195 1003 3265 μετάγων,
1034 3191 1149 3243 οὐδέ
1179 3189 1490 3242 αἰσθάνεται
1520 3191 1617 3259 τῆς
1649 3190 1838 3258 ὀδύνης
1876 3191 1982 3243 τῶν

415 3284 472 3334 ἐν
501 3280 580 3350 τῷ
609 3279 837 3350 παρόντι
868 3275 1076 3335 δεινῶν,
1103 3275 1288 3344 ὥσπερ
1315 3270 1408 3326 οῦν
1441 3273 1558 3326 οὐδέ
1585 3273 1791 3336 Παῦλος
1816 3274 1982 3342 ᾐσθά-

415 3380 556 3424 νετο,
582 3364 672 3415 καὶ
693 3362 791 3430 τὴν
822 3359 998 3412 αἰτίαν
1036 3360 1130 3426 τῆς
1153 3357 1466 3426 φιλοσοφίας
1498 3356 1756 3420 ἐδίδασκε,
1780 3357 1979 3424 λέγων·

420 3447 491 3500 Τὸ
533 3445 642 3514 γὰρ
693 3442 1028 3510 παραυτίκα
1082 3439 1346 3507 ἐλαφρὸν
1391 3439 1501 3506 τῆς
1548 3440 1809 3506 θλίψεως
1854 3442 1980 3493 καθ’

412 3524 758 3595 ὑπερϐολὴν
791 3527 879 3588 είς
922 3521 1266 3590 ὑπερϐολὴν
1295 3519 1534 3575 αἰώνιον
1566 3521 1759 3590 βάρος
1797 3523 1981 3591 δόξης

412 3609 557 3678 ἡμῖν
585 3606 1012 3677 κατεργάζεται.
1049 3604 1189 3668 Πῶς,
1231 3604 1324 3656 καὶ
1349 3605 1454 3656 τίνι
1477 3606 1690 3675 τρόπῳ;
1719 3609 1775 3658 Μ
1784 3605 1815 3672 ἡ
1840 3621 1983 3659 σκο-

413 3695 688 3748 πούντων
725 3690 891 3760 ήμῶν
917 3690 990 3744 τὰ
1019 3690 1388 3756 βλεπόμενα,
1432 3687 1590 3740 ἀλλὰ
1626 3689 1697 3741 τὰ
1725 3691 1981 3757 1111,81;-

413 3780 641 3846 πόμενα
663 3775 750 3828 διὰ
769 3773 878 3826 τῶν
908 3773 1008 3840 1?};
1037 3772 1269 3832 πίστεως
1293 3769 1600 3838 ὀφθαλμῶν.
1634 3771 1842 3840 Ὥσπερ
1872 3773 1979 3843 γὰρ

411 3861 462 3912 οἱ
500 3858 594 3910 τοῦ
631 3857 882 3928 σώματος
910 3855 1061 3907 οὐδὲν
1088 3853 1339 3922 βλέπουσι
1368 3852 1575 3922 νοητὸν,
1611 3853 1780 3915 οὕτως
1805 3857 1853 3906 οἱ
1883 3857 1978 3925 τῆς

411 3943 644 4002 πίστεως
663 3941 812 3993 οὐδὲν
837 3939 1120 4008 βλέπουσιν
1146 3935 1415 4005 αἰσθητόν.
1444 3935 1600 3986 Ἀλλά
1623 3935 1779 3988 ποίαν
1801 3939 1979 3991 πίστιν

411 4023 644 4077 ἐνταῦθα
669 4023 817 4090 λέγει
842 4023 868 4072 ὁ
903 4021 1144 4082 Παῦλος;
1179 4018 1237 4070 16
1274 4017 1382 4085 γὰρ
1422 4017 1517 4084 τῆς
1547 4017 1780 4080 πίστεως
1809 4019 1977 4090 ὄνομα

410 4103 603 4174 διπλῆν
636 4104 746 4174 ἔχει
771 4103 867 4174 τὴν
907 4101 1200 4172 σημασίαν.
1235 4101 1343 4152 Καὶ
1371 4099 1477 4169 γὰρ
1519 4099 1698 4162 πίστις
1740 4099 1976 4168 λέγεται,

411 4188 530 4241 καθ’
570 4188 635 4257 ἣν
661 4186 726 4239 τά
753 4188 951 4256 σημεῖα
979 4184 1194 4236 ἐποίουν
1220 4183 1338 4235 τότε
1362 4183 1408 4234 οἱ
1439 4182 1740 4249 ἀπόστολοι,
1764 4185 1886 4254 περὶ
1911 4180 1976 4256 ἧς

410 4271 438 4322 6
473 4269 702 4340 Χριστὸς
749 4269 930 4335 ἔλεγεν
951 4284 962 4296 ·
1008 4267 1148 4320 Ἐὰν
1179 4266 1355 4335 ἔχητε
1393 4266 1618 4328 πίστιν,
1649 4267 1727 4332 ὠς
1757 4271 1978 4320 κόκκον

410 4352 726 4416 σινάπεως,
763 4350 945 4420 ἐρεῖτε
997 4349 1075 4414 τῷ
1121 4348 1238 4416 ὄρει
1268 4349 1484 4414 τούτῳ,
1517 4347 1838 4416 Μετάϐηθι,
1880 4352 1976 4404 καί

405 4434 823 4502 μεταϐήσεται.
843 4433 950 4486 Καὶ
977 4433 1152 4494 πάλιν,
1182 4433 1269 4484 ὅτε
1297 4430 1384 4482 16v
1411 4431 1852 4502 σεληνιαζόμενον
1877 4436 1975 4488 οὐκ

412 4519 636 4586 ίσχυσαν
665 4517 963 4582 ἀπαλλάξαι
994 4514 1086 4567 τοῦ
1117 4513 1362 4582 δαίμονος
1381 4515 1430 4564 οἱ
1457 4515 1713 4582 μαθηταὶ.
1754 4517 1844 4567 καὶ
1881 4517 1975 4586 τὴν

408 4602 586 4653 αἰτίαν
612 4600 891 4652 ἐϐούλοντο
937 4599 1144 4668 μαθεῖν,
1186 4595 1386 4664 ταύτην
1421 4596 1602 4658 αὐτοῖς
1637 4597 1852 4667 ᾐνίξατο
1880 4599 1974 4670 τὴν

409 4683 644 4752 ἔλλειψιν
694 4683 791 4752 τῆς
830 4681 1093 4742 πίστεως,
1129 4676 1327 4744 λέγων’
1380 4678 1480 4730 Διά
1535 4677 1640 4743 τήν
1689 4681 1977 4736 ἀπιστίαν

407 4767 592 4835 ὑμῶν.
622 4767 728 4818 Καὶ
769 4768 796 4818 6
841 4764 1052 4825 Παῦλος
1101 4763 1156 4814 δὲ
1208 4762 1332 4832 περὶ
1371 4761 1536 4830 αὐτῆς
1570 4761 1787 4830 ἔλεγεν·
1835 4766 1975 4818 Ἐὰν

406 4851 524 4917 ἐχω
572 4849 812 4913 πίστιν,
853 4847 1008 4900 ὥστε
1044 4846 1148 4913 ὅρη
1197 4843 1598 4912 μεθιστάνειν.
1644 4847 1750 4899 Καὶ
1789 4849 1873 4900 ὅτε
1918 4850 1972 4902 δὲ

407 4929 892 4994 καταποντίζεσθαι
913 4928 1099 4998 ἔμελλε
1130 4929 1264 4996 πεζῇ
1291 4926 1516 4995 βαδίζων
1543 4928 1635 4980 ἐπὶ
1657 4929 1754 4997 τῆς
1777 4929 1973 4984 θαλάσ-

407 5028 507 5083 σης
535 5015 562 5066 6
596 5013 816 5082 Πέτρος,
867 5012 992 5064 αὐτὸ
1025 5009 1179 5062 τοῦτο
1221 5009 1382 5062 πάλιν
1420 5011 1735 5064 ἐνεκάλεσεν
1782 5015 1809 5066 6
1839 5015 1974 5086 Χρι·

408 5097 551 5160 στδς,
580 5096 766 5149 εἰπών’
796 5099 893 5161 Εἰς
906 5097 962 5149 τί
981 5095 1322 5160 ἐδίστασας,
1341 5093 1711 5160 ὀ.ἰιγόπιστε;
1745 5097 1972 5164 Λέγεται

404 5180 582 5231 τοίνυν
608 5178 787 5240 πίστις
805 5181 837 5246 ἡ
867 5176 973 5229 τῶν
1002 5175 1240 5244 σημείων
1262 5175 1354 5227 καὶ
1375 5174 1482 5226 τῶν
1508 5175 1798 5244 θαυμάτων
1821 5197 1973 5251 ποιη-

405 5262 532 5332 τική
557 5277 572 5292 ο
606 5261 821 5328 λέγεται
845 5260 900 5311 δὲ
935 5259 1113 5320 πίστις
1143 5258 1234 5309 καὶ
1260 5259 1292 5326 ἡ
1320 5258 1417 5326 τῆς
1445 5259 1522 5320 εἰς
1556 5258 1646 5310 τὸν
1677 5261 1807 5313 Θεὸν
1833 5263 1971 5330 γνὼο

407 5360 543 5406 σεως
583 5341 1084 5413 παρασκευαστικὴ,
1121 5339 1240 5392 καθ’
1285 5341 1350 5408 ῆν
1400 5340 1626 5405 ἕκαστος
1659 5345 1814 5414 ἡμῶν
1855 5350 1970 5400 ἐστι

404 5425 629 5485 πιστόςο
681 5424 755 5486 ὡς
789 5425 916 5475 ὅταν
961 5423 1092 5495 λέγῃ
1139 5423 1361 5493 γράφων
1421 5425 1738 5494 Ῥωμαίοις·
1774 5430 1969 5499 Εὐχα-

402 5505 586 5575 ριστῶ
632 5505 710 5570 τῷ
759 5505 880 5570 Θεῷ
914 5522 1032 5574 μου
1079 5507 1179 5559 διὰ
1220 5507 1424 5573 Ἰησοῦ
1477 5511 1750 5576 Χριστοῦ,
1791 5513 1877 5565 ι”τι
1930 5517 1969 5582 ή

405 5587 610 5652 πίστις
647 5588 812 5656 ὑμῶν
843 5589 914 5641 ἐν
955 5587 1076 5652 ὅλῳ
1117 5587 1194 5652 τῷ
1232 5591 1436 5659 κόσμῳ
1471 5595 1930 5661 καταγῇ-τέλλεται
1953 5614 1964 5626 ·

402 5671 498 5723 καὶ
525 5670 968 5725 θεσσαλονικεῦσι
997 5672 1154 5726 πάλιν
1176 5689 1187 5701 ·
1225 5673 1338 5741 Ἀφ’
1365 5673 1525 5742 ὑμῶν
1551 5675 1658 5742 γὰρ
1682 5677 1966 5745 ἐξήχηται

404 5757 436 5806 ⁴⁵
465 5755 643 5822 λεῖος
692 5754 793 5808 τοῦ
829 5754 1003 5820 θεοῦ»
1054 5757 1124 5808 οὺ
1159 5757 1350 5825 μέγα·
1389 5757 1456 5810 ἐν
1490 5755 1558 5827 τῇ
1607 5761 1960 5829 Μακεδονίαν

1042 265 1128 321 DE
1171 264 1418 320 VERBIS
1459 263 1819 326 APOSTOH.
1865 263 2229 321 IIABICN’TFS
2270 266 2556 322 FUMDEM
2602 267 2948 324 SPIRITL’M.
2993 269 3033 324 1.

3557 273 3663 328 ῗτσ

2103 373 2264 428 ἀλλὰ
2293 376 2392 429 καί
2427 378 2497 430 ἐν
2524 379 2602 446 τῇ
2633 380 2848 448 Ἀχαΐᾳ,
2887 381 3076 434 καὶέν
3108 383 3284 436 παντὶ
3327 384 3482 446 τόπῳ
3504 384 3544 452 ἡ
3573 391 3666 442 πί-

2100 473 2233 522 στις
2261 459 2427 527 ὑμῶν
2456 462 2492 528 η
2517 462 2666 528 πρὸς
2694 464 2800 516 τὸν
2832 463 2978 517 Θεὸν
3000 465 3348 532 ἐξελήλυθε.

2169 542 2336 594 Ποίαν
2357 541 2448 597 οῦν
2478 546 2776 598 αἰνίσσεται
2808 547 3038 600 ἐνταῦθα
3071 549 3278 613 πίστινς
3307 550 3555 623 Εὔδηλον,
3586 555 3666 607 ὅτι

2097 623 2194 693 τὴν
2221 627 2319 696 τῆς
2356 627 2639 695 γνώσεωςο
2683 632 2774 682 καὶ
2806 631 2955 699 δηλοῖ
3001 631 3069 682 τὰ
3119 633 3265 701 ἑξῆς.
3301 637 3666 705 Πιστεύομεν

2097 705 2223 773 γὰρ,
2265 711 2416 777 φησὶ,
2450 710 2541 762 διὸ
2571 713 2668 764 καί
2692 711 3019 780 .1ίι..ἰοῦμεν.
3054 713 3117 763 Τί
3155 715 3513 786 πιστεύομενς
3541 718 3665 771 Ὅτι

2097 791 2130 839 u'
2160 789 2391 856 ἐγείρας
2419 792 2674 858 Ἰησοῦν,
2701 794 2794 846 καὶ
2831 794 2989 862 ἡμᾶς
3018 795 3206 863 ἐγερεῖ
3231 796 3327 850 διὰ
3358 798 3466 867 τῆς
3488 799 3667 853 δυνά-

2089 886 2264 935 μεως.
2312 872 2473 924 Ἀλλά
2513 873 2600 926 διά
2634 875 2686 926 τί
2736 876 2958 945 Πνεῦμα
3005 877 3237 940 πίστεως
3277 880 3441 951 αὐτὴν
3492 883 3664 943 καλεῖ,

2095 955 2186 1006 καὶ
2210 957 2290 1018 εἰς
2313 955 2410 1025 τὴν
2432 955 2538 1008 τῶν
2569 959 2918 1028 χαρισμάτων
2942 961 3226 1027 καταλέγει
3250 962 3400 1028 τάξιν
3423 982 3436 1028 ;
3470 966 3531 1017 Εἰ
3560 965 3667 1035 γὰρ

2093 1038 2338 1108 χάρισμά
2367 1042 2513 1092 ἐστιν
2545 1043 2576 1110 ἠ
2609 1043 2808 1106 πίστις,
2844 1044 2936 1096 καὶ
2971 1044 3066 1112 1?};
3095 1043 3186 1096 τοῦ
3217 1046 3529 1116 Πνεύματος
3563 1048 3665 1100 δω-

2095 1122 2224 1187 ρεᾶς
2259 1124 2439 1191 μόνον,
2469 1124 2582 1176 ἀλλ’
2631 1126 2727 1194 οὐχ
2769 1125 3038 1194 ἡμέτερον
3087 1127 3434 1198 κατόρθωμα,
3461 1129 3581 1182 οὐτε
3614 1131 3664 1182 οί

2093 1204 2446 1270 ἀπιστοῦντες
2467 1207 3044 1276 κολασθήσονται,οῦτε
3064 1211 3110 1261 οί
3143 1209 3485 1274 πιστεύοντες
3512 1214 3666 1264 ἐπαι-

2092 1288 2423 1360 νεθήσονται.
2465 1291 2614 1364 [264]
2656 1292 2888 1364 Τοιαύτη
2935 1294 3044 1364 γὰρ
3093 1295 3200 1347 τῶν
3250 1295 3600 1366 χαρισμάτων
3630 1297 3664 1366 ή

2093 1372 2282 1439 φύσις,
2321 1377 2420 1428 οὐκ
2461 1377 2569 1446 ἔχει
2616 1377 2944 1446 στεφάνους,
2981 1376 3102 1429 οὔτε
3144 1379 3396 1446 ἀμοιϐάς.
3446 1380 3519 1432 Οὐ
3557 1378 3665 1450 γὰρ

2090 1456 2197 1509 τῶν
2229 1457 2535 1530 δεξαμένων
2574 1461 2634 1513 16
2662 1461 2832 1530 δῶρόν
2867 1463 2982 1513 ἐστι
3023 1460 3367 1531 κατόρθωμα,
3397 1461 3535 1514 ἀλλά
3565 1463 3664 1532 τῆς

2089 1539 2181 1590 τοῦ
2210 1543 2616 1611 παρεσχηκότος
2643 1542 3036 1613 φιλοφροσύνης
3065 1545 3328 1613 χάρισμα.
3366 1543 3464 1595 Διά
3506 1543 3664 1596 τοῦτο

2091 1623 2181 1674 καὶ
2247 1627 2357 1686 τοῖς
2413 1626 2677 1694 μαθηταῖς
2737 1626 2986 1677 ἐκέλευσε
3044 1627 3116 1696 μὴ
3170 1626 3380 1694 χαίρειν
3441 1625 3534 1678 ἐπὶ
3584 1625 3663 1696 τῷ

2089 1705 2348 1774 δαίμονας
2379 1709 2681 1770 ἐκϐάλλειν,
2726 1710 2820 1761 καὶ
2850 1710 2972 1770 τοὺς
3010 1710 3103 1760 ἐπὶ
3142 1708 3220 1778 τῷ
3247 1709 3467 1778 ὀνόματι
3497 1709 3660 1762 αὐτοῦ

2090 1789 2569 1858 προφητεύσαντας
2602 1791 2695 1843 καὶ
2721 1791 2977 1860 δυνάμεις
3004 1791 3200 1854 πολλὰς
3223 1794 3547 1861 ποιήσαντας
3574 1793 3659 1856 ἐξ-

2092 1869 2249 1920 έϐαλε
2279 1871 2376 1940 τῆς
2407 1872 2682 1940 βασιλείας
2708 1874 2816 1926 τῶν
2858 1873 3123 1941 οὐρανῶν,
3161 1875 3346 1944 ἐπειδὴ
3385 1876 3492 1928 άπὸ
3529 1892 3661 1927 κατ-

2089 1952 2421 2022 ορθωμάτων
2457 1956 2555 2024 μὲν
2606 1958 2820 2009 οἰκείων
2857 1957 3113 2026 οὐδεμίαν
3145 1954 3287 2028 εἶχον
3327 1959 3658 2030 παρρησίαν,

2091 2035 2196 2086 ἀπὸ
2225 2035 2280 2088 δὲ
2315 2039 2668 2108 χαρισμάτων
2697 2039 2976 2092 ἐϐούλοντο
3007 2039 3273 2105 σώζεσθαι
3306 2042 3482 2111 μόνον.

2160 2123 2221 2170 ε’.
2257 2118 2321 2170 Εἰ
2361 2120 2538 2173 τοίνυν
2570 2123 2662 2175 καὶ
2688 2125 2720 2193 ἡ
2760 2123 2941 2186 πίστις
2963 2124 3198 2176 τοιοῦτόν
3226 2125 3362 2186 ἐστι,
3388 2126 3479 2177 καὶ
3510 2127 3661 2178 οὐδὲν

2091 2199 2251 2269 ἡμεῖς
2280 2203 2695 2274 εἰσηνέγκαμεν,
2720 2205 2854 2258 ἀλλὰ
2880 2205 2938 2258 16
2970 2208 3077 2258 πᾶν
3105 2206 3204 2275 1?};
3232 2206 3324 2259 τοῦ
3348 2207 3658 2278 Πνεύματός

2092 2283 2207 2332 ἐστι
2239 2283 2477 2352 χάριτος,
2507 2289 2601 2338 καὶ
2624 2287 2802 2357 ἐκείνη
2814 2290 2932 2350 ταῖς
2952 2289 3245 2360 ἡμετέραις
3263 2289 3434 2360 αὐτὴν
3463 2292 3655 2359 ἐγκατ·

2102 2364 2260 2417 ἐϐαλε
2307 2366 2526 2436 ψυχαῖς,
2557 2369 2650 2422 καὶ
2678 2370 2865 2423 οὐδένα
2897 2372 3014 2424 ἀντὶ
3037 2371 3239 2424 τούτων
3268 2372 3544 2442 ληψόμεθα
3573 2391 3658 2444 μι-

2095 2446 2236 2509 σθὸν,
2268 2449 2383 2512 πῶς
2427 2446 2520 2502 οῦν
2565 2451 2738 2520 ἔλεγε,
2777 2453 3000 2520 Καρδίᾳ
3033 2454 3144 2522 γὰρ
3188 2457 3525 2509 πιστεύεται
3570 2459 3659 2523 εἰς

2092 2528 2506 2599 δικαιοσύνην,
2548 2537 2796 2601 στόματι
2831 2534 2898 2586 δὲ
2939 2537 3304 2604 ὁμολογεῖται
3337 2540 3423 2603 εἰς
3463 2553 3656 2607 σωτη-

2084 2613 2262 2679 ρίαν;
2300 2615 2422 2667 Ὅτι
2455 2616 2548 2668 καὶ
2588 2617 2687 2686 τῆς
2719 2615 2810 2669 τοῦ
2841 2619 3264 2681 πεπιστευκότος
3301 2621 3498 2690 ἀρετῆς
3544 2621 3659 2674 ἐστι

2093 2695 2421 2767 κατόρθωμα
2464 2699 2496 2767 ἡ
2539 2699 2741 2760 πίστις.
2789 2699 2912 2762 Πῶς
2951 2699 3006 2751 δὲ
3045 2700 3275 2770 ἀλλαχοῦ
3326 2702 3479 2754 τοῦτο
3529 2704 3660 2756 αὐτὸ

2093 2779 2251 2832 πάλιν
2284 2781 2576 2835 αἰνίττεται
2606 2783 2797 2850 λέγων,
2833 2781 2915 2847 Τῷ
2943 2782 3011 2836 δὲ
3033 2784 3120 2852 μὴ
3150 2783 3530 2853 ἐργαζομένῳ,
3560 2801 3660 2838 πι-

2092 2863 2365 2915 στεύοντι
2403 2862 2472 2914 δὲ
2503 2865 2601 2917 ἐπὶ
2627 2865 2733 2919 τὸν
2756 2865 3099 2918 δικαιοῦντα
3128 2867 3233 2920 τὸν
3257 2867 3464 2935 ἀσεϐῆ,
3493 2871 3660 2932 λογί-

2092 2942 2244 3003 ζεται
2278 2946 2317 3012 ἠ
2348 2946 2551 3010 πίστις
2577 2949 2664 3011 εἰς
2689 2947 3107 3015 δικαιοσύνην,
3143 2952 3190 3001 εἰ
3224 2951 3322 3018 τῆς
3359 2951 3452 3004 τοῦ
3487 2952 3654 3005 Πνεύο

2095 3042 2263 3093 ματος
2299 3027 2516 3097 χάριτος
2545 3027 2606 3080 16
2639 3029 2742 3080 πᾶν
2769 3031 2912 3093 ἐστι;
2943 3029 3060 3092 πῶς
3081 3031 3136 3082 δὲ
3159 3032 3252 3084 καὶ
3280 3032 3370 3085 τὸν
3394 3035 3660 3105 πατριάρ-

2092 3123 2191 3175 χην
2225 3107 2473 3178 Ἀϐραάμ
2503 3109 2568 3161 δι’
2601 3110 2766 3178 αὐτῆς
2790 3123 2812 3148 ο
2844 3111 3056 3180 μυρίοις
3087 3113 3340 3181 ἀνέδησεν
3370 3117 3657 3185 ἐγκωμίων

2094 3189 2396 3256 στεφάνοις,
2423 3192 2504 3243 ὅτι
2527 3191 2594 3243 τά
2621 3192 2863 3262 παρόντα
2890 3193 3061 3245 πάντα
3101 3195 3492 3264 παραδραμὼν,
3527 3201 3656 3269 παρ’

2091 3271 2282 3324 ἐλπίδα
2307 3275 2392 3324 ἐπ’
2417 3272 2592 3326 ἐλπίδι
2622 3273 2904 3326 ἐπίστευσε
2924 3290 2938 3338 ;
2961 3275 3112 3337 Τίνος
3137 3272 3228 3328 οὖν
3255 3276 3414 3330 ἐνεκα
3437 3280 3656 3350 Πνεῦμα

2092 3353 2325 3417 πίστεως
2360 3355 2529 3426 αὐτὴν
2559 3355 2741 3419 καλεῖ;
2787 3356 2992 3408 Ἐκεῖνο
3020 3356 3188 3421 δεῖξαι
3217 3357 3552 3428 βουλόμενος,
3575 3363 3656 3416 ὅτι

2089 3436 2148 3488 16
2189 3437 2286 3506 μὲν
2324 3438 2475 3507 παρὰ
2519 3437 2615 3507 τὴν
2664 3437 2836 3509 ἀρχὴν
2883 3439 3204 3500 πιστεῦσαι,
3241 3441 3334 3510 τῆς
3386 3445 3656 3514 ἡμετέρας

2090 3520 2506 3589 εὐγνωμοσύνης
2540 3521 2690 3583 ἐστὶ,
2744 3522 2835 3573 καὶ
2875 3521 2934 3573 16
2970 3522 3272 3575 ὑπακοῦσαι
3323 3525 3614 3596 κληθέντας
3637 3543 3651 3557 ⁸

2092 3600 2231 3670 μετά
2260 3601 2315 3652 δέ
2346 3602 2406 3653 16
2440 3602 2846 3672 καταδληθῆναι
2872 3605 2968 3673 τὴν
2995 3603 3199 3668 πίστιν,
3231 3605 3328 3675 τῆς
3353 3607 3445 3660 τοῦ
3486 3609 3655 3662 Πνεύ-

2093 3701 2260 3753 ματος
2295 3684 2524 3756 δεόμεθα
2554 3685 2824 3755 βοηθείας,
2847 3685 2987 3737 ὥστε
3014 3687 3191 3755 μένειν
3211 3689 3377 3757 αὐτὴν
3399 3690 3656 3761 διηνεκῶς

2089 3768 2334 3820 ἄσειστον
2373 3769 2466 3820 καὶ
2497 3768 2912 3838 ἀπερίτρεπτον.
2943 3767 3078 3821 Οῦτε
3095 3769 3202 3841 γάρ
3231 3774 3258 3823 ὁ
3292 3771 3443 3836 Θεὸς,
3469 3774 3588 3828 οὐτε
3621 3778 3656 3847 ή

2088 3848 2180 3900 τοῦ
2203 3849 2340 3901 Πνεύ
2349 3867 2513 3918 ματος
2529 3852 2685 3920 χάρις
2705 3850 2802 3920 τὴν
2825 3851 3097 3921 ἡμετέραν
3126 3853 3428 3921 προφθάνει
3460 3859 3651 3927 προαί-

2091 3947 2240 4000 ρεσιν
2260 3947 2272 3960 ⁶
2295 3931 2429 3983 ἀλλά
2450 3931 2607 3982 καλεῖ
2635 3932 2752 4000 μὲν,
2775 3932 3030 4000 ἀναμένει
3061 3933 3116 3984 δέ
3138 3933 3276 3986 ῶστε
3308 3937 3531 4000 ἑκόντας
3560 3941 3652 3992 καὶ

2089 4011 2445 4082 βουληθέντας
2458 4013 2665 4065 οῖκοθεν
2694 4013 3006 4081 προσελθεῖν
3030 4030 3044 4043 ’
3065 4010 3183 4067 εἶτα
3202 4055 3215 4079 ,
3254 4019 3470 4071 ἐπειδάν
3485 4038 3651 4091 προσ-

2088 4094 2350 4164 έλθωμεν,
2398 4095 2516 4172 τότε
2551 4096 2647 4164 τὴν
2693 4095 2822 4164 παρ’
2859 4095 3050 4148 ἐαυτοῦ
3084 4097 3309 4168 παρέχει
3342 4101 3654 4172 συμμαχίαν

2087 4178 2326 4230 ἃπασαν.
2377 4165 2592 4248 Ἐπειδὴ
2639 4176 2748 4248 γάρ
2796 4179 2889 4230 καὶ
2933 4179 2960 4230 6
3013 4165 3259 4243 διάϐολος
3305 4165 3650 4258 μετάντδτῇ

2087 4261 2266 4312 πίστει
2299 4260 2611 4330 προσελθεῖν
2653 4262 2834 4330 ἡμᾶς,
2875 4260 3078 4325 εὐθέως
3129 4265 3520 4337 ἐπεισέρχεται,
3554 4269 3652 4339 τὴν

2086 4342 2256 4412 καλὴν
2284 4343 2488 4412 ταύτην
2533 4343 2686 4414 ῥίζαν
2718 4343 3026 4396 ἀνασπάσαι
3069 4343 3418 4415 βουλόμενος.
3460 4351 3550 4404 καὶ
3583 4353 3652 4406 τά

2087 4424 2299 4488 ζιζάνια
2342 4428 2561 4496 σπεῖραι
2609 4426 2960 4494 ἐπειγόμενος
2980 4465 2994 4489 ,
3029 4427 3121 4479 καὶ
3150 4429 3261 4492 τοῖς
3287 4431 3527 4500 γνησίοις
3557 4434 3652 4486 καὶ

2087 4506 2348 4578 καθαροῖς
2398 4507 2739 4578 λυμήνασθαι
2784 4509 3061 4578 σπέρμασι
3089 4551 3102 4568 ,
3147 4510 3376 4581 δεόμεθα
3425 4515 3523 4584 τῆς
3556 4516 3650 4569 τοῦ

2087 4589 2226 4642 Πνεύ
2235 4606 2401 4659 ματος
2421 4589 2669 4660 βοηθείας
2689 4591 2829 4652 τότε,
2849 4591 2955 4652 ἵνα,
2975 4592 3222 4666 καθάπερ
3244 4597 3484 4666 γεωργὸς
3505 4597 3652 4666 φιλό-

2083 4688 2244 4733 πονος
2278 4672 2329 4738 ιι,
2384 4672 2813 4741 ἐγκαθεζόμενος
2862 4673 3019 4743 ἡμῶν
3065 4678 3130 4745 τῇ
3159 4677 3338 4746 ψυχῇ,
3370 4679 3534 4751 πολλῇ
3581 4685 3647 4752 τῇ

2084 4754 2254 4821 φειδοῖ
2278 4755 2371 4807 καὶ
2396 4756 2620 4824 προνοίᾳ
2643 4754 2850 4827 τειχίζῃ
2883 4756 3142 4811 πάντοθεν
3169 4758 3230 4810 16
3261 4763 3518 4830 νεοπαγὲς
3551 4764 3650 4833 τῆς

2085 4837 2316 4899 πίστεως
2347 4837 2527 4904 φυτόν.
2545 4837 2642 4890 Διά
2674 4837 2831 4890 τοῦτο
2864 4839 3338 4894 Θεσσαλονικεῦσιν
3361 4844 3646 4898 ἐπέστελλε

2082 4917 2276 4986 λέγων,
2322 4919 2391 4971 Τὸ
2425 4919 2666 4989 Πνεῦμα
2704 4921 2790 4989 μὴ
2825 4921 3154 4986 σϐέννυτε,
3210 4923 3382 4994 δηλῶν
3418 4928 3498 4978 ὅτι
3548 4929 3647 4996 τῆς

2081 5001 2177 5052 τοῦ
2231 5001 2543 5072 Πνεύματος
2601 5004 2821 5074 χάριτος
2867 5005 3312 5077 ἐπεισελθούσης,
3364 5010 3649 5078 ἀκαταγώ-

2083 5100 2251 5136 νιστοι
2282 5085 2358 5153 τῷ
2386 5087 2607 5156 πονηρῷ
2636 5087 2845 5158 δαίμονι
2865 5089 3048 5143 λοιπὸν
3078 5089 3172 5142 καὶ
3200 5093 3318 5153 ταῖς
3349 5091 3647 5160 μεθοδείαις

2081 5165 2246 5217 αὐτοῦ
2285 5167 2484 5231 πάσαις
2509 5171 2764 5239 ἐσόμεθα.
2801 5172 2863 5222 Εἰ
2886 5171 2993 5242 γὰρ
3023 5171 3196 5236 οὐδεὶς
3233 5171 3450 5226 δύναται
3475 5177 3646 5229 εἰπεῖν

2081 5247 2284 5317 Κύριον
2335 5250 2561 5320 Ἰησοῦν,
2614 5255 2661 5304 εί
2714 5253 2788 5322 μὴ
2843 5254 2902 5307 ἐν
2941 5253 3213 5323 Πνεύματι
3263 5255 3421 5326 ἁγίῳ,
3468 5258 3646 5329 πολλῷ

2083 5329 2279 5398 μᾶλλον
2307 5333 2405 5401 τὴν
2437 5335 2618 5388 πίστιν
2641 5336 2855 5404 ἀσφαλῆ
2880 5337 2974 5389 καὶ
3000 5337 3370 5409 ἐρριζωμένην
3401 5342 3460 5393 οὐ
3487 5342 3644 5414 δυνη-

2080 5428 2230 5465 σεται
2268 5421 2584 5486 κατασχεῖν,
2620 5421 2667 5471 εἰ
2706 5418 2778 5489 μὴ
2812 5422 2869 5472 ἐν
2898 5421 3170 5492 Πνεύματι
3209 5425 3366 5493 ἁγίῳ.

2151 5503 2225 5558 ς’.
2247 5497 2370 5555 Πῶς
2390 5499 2444 5550 δὲ
2472 5501 2812 5570 δυνησόμεθα
2835 5503 2932 5572 τὴν
2957 5503 3050 5557 τοῦ
3080 5505 3391 5576 Πνεύματος
3416 5511 3624 5564 ἐπισπά-

2083 5579 2274 5631 σασθαι
2325 5580 2600 5652 βοήθειαν,
2648 5584 2740 5635 καὶ
2788 5589 2970 5640 πεῖσαι
3017 5588 3191 5655 μεῖναι
3229 5592 3353 5660 παρ’
3394 5591 3642 5659 ἐαυτοῖςς

2137 5706 2162 5733 ⁸
2193 5706 2294 5754 Duo
2315 5720 2427 5754 mss.
2451 5707 2508 5752 δι’
2533 5706 2693 5761 αὐτήν,

2138 5766 2163 5803 δ
2197 5768 2298 5814 Uun
2334 5782 2445 5816 nhs.
2473 5769 2742 5830 ςιλοπουως.
