4110 6198
479 283 587 341 277

485 401 562 456 Δι’
591 399 766 472 ῐργων
806 399 1027 470 ἀγαθῶν
1063 397 1158 452 καὶ
1192 395 1465 459 πολιτείας
1514 392 1758 468 ἀρίστης.
1790 392 2058 464 Καθάπερ

484 486 595 556 γάρ
623 485 685 538 τὸ
727 484 998 552 λυχνιαῖον
1029 479 1143 550 φῶς
1175 479 1337 548 ἐλαίῳ
1372 477 1684 547 κατέχεται,
1720 475 1814 529 καὶ
1850 476 2057 529 ἀναλω-

485 569 670 630 θέντος
706 565 858 636 [265]
900 563 1094 618 τούτου
1130 564 1353 616 κάκεῖνο
1393 559 1768 613 συναναλωθέν
1808 559 2052 613 ἀπεισιν·

480 651 625 702 οὓτω
649 650 713 720 δὴ
749 650 845 701 καὶ
880 651 913 715 ἡ
948 646 1042 700 τοῦ
1086 646 1400 715 Πνεύματος
1425 644 1606 716 χάρις,
1644 642 1926 714 παρόντων
1959 641 2056 712 μέν

481 735 616 802 ἡμῖν
653 732 830 802 έργων
877 729 1116 799 ἀγαθῶν,
1157 729 1252 782 καὶ
1295 726 1666 798 ἐλεημοσύνης
1701 725 1900 796 πολλῆς
1932 729 2056 778 ἐπι-

482 813 748 885 χεομένης
773 817 838 884 τῇ
867 813 1033 884 ψυχῇ.
1068 812 1218 883 μένει
1245 811 1494 881 καθάπερ
1520 809 1684 879 ἐλαίῳ
1716 808 2055 878 κατεχομένη

481 901 516 968 η
551 897 680 966 φλόξ
704 914 719 928 ν
743 897 948 966 ταύτης
972 895 1029 948 δὲ
1059 896 1160 947 οὐκ
1189 893 1377 964 οὔσης,
1407 893 1594 947 ἄπεισι
1629 892 1725 945 καὶ
1747 892 2052 961 ἀναχωρεῖ·

479 983 618 1051 ὅπερ
651 981 746 1035 καὶ
777 980 869 1032 ἐπὶ
891 978 1000 1031 τῶν
1038 978 1200 1030 πέντε
1227 975 1514 1048 παρθένων
1547 976 1782 1044 ἐγένετο.
1809 974 1920 1027 Καὶ
1946 972 2055 1042 γάρ

478 1064 687 1118 ἐκεῖναι
723 1061 861 1133 μετά
886 1062 1014 1124 τοὺς
1039 1059 1266 1122 πολλοὺς
1297 1059 1492 1122 πόνους
1526 1058 1622 1111 καὶ
1649 1058 1776 1119 τοὺς
1803 1055 2051 1126 ἱδρῶτας,

479 1146 668 1217 ἐπειδὴ
689 1147 787 1216 τὴν
806 1144 915 1198 ἀπὸ
935 1144 1033 1212 τῆς
1055 1141 1465 1214 φιλανθρωπίας
1484 1141 1584 1194 οὐκ
1608 1136 1752 1212 εἶχον
1778 1139 2053 1210 βοήθειαν,

476 1230 581 1282 οὐκ
617 1229 843 1298 ἴσχυσαν
874 1227 1001 1297 παρ’
1040 1226 1262 1288 ἑαυταῖς
1309 1227 1605 1294 κατασχεῖν
1645 1223 1706 1277 τὸ
1737 1221 1832 1276 τοῦ
1878 1223 2053 1275 Πνεύ-

483 1327 654 1382 ματος
683 1310 956 1381 χάρισμα’
986 1310 1066 1363 διὸ
1095 1311 1192 1362 καὶ
1224 1309 1318 1362 τοῦ
1346 1307 1636 1378 νυμφῶνος
1661 1305 2052 1377 ἐξεϐλήθησαν,

481 1395 576 1448 καὶ
596 1393 698 1463 τῆς
731 1392 966 1464 φοϐερᾶς
1004 1391 1217 1462 ἐκείνης
1249 1394 1486 1463 ἥκουσαν
1515 1392 1716 1461 φωνῆς,
1760 1387 2052 1458 Ὑπάγετε,

477 1477 592 1532 οὐκ
631 1473 763 1530 οἶδα
789 1474 977 1544 ὑμᾶς·
1018 1474 1052 1544 ἡ
1101 1475 1196 1527 καὶ
1247 1475 1349 1544 τῆς
1381 1475 1604 1544 γεέννης
1639 1469 1707 1543 ἦν
1749 1472 2056 1542 χαλεπωτέ-

480 1575 551 1628 ρα
570 1577 583 1590 ο
607 1559 696 1612 διά
723 1557 880 1611 τοῦτο
909 1557 1004 1611 καὶ
1034 1556 1221 1628 μωράς
1248 1556 1417 1620 αύτάς
1445 1556 1730 1627 ὠνόμασεν
1749 1572 1765 1587 ο
1795 1555 2050 1618 εἰκότως·

475 1644 560 1696 δτι
602 1640 1075 1712 τυραννικωτέρας
1118 1638 1414 1710 ἐπιθυμίας
1459 1639 1913 1710 περιγενόμεναι,
1949 1639 2054 1693 ὑπὸ

477 1728 576 1797 τῆς
616 1724 1011 1794 ἀσθενεστέρας
1035 1721 1301 1776 ἐάλωσαν.
1329 1724 1472 1793 Ὀρα
1504 1722 1617 1792 γάρ
1639 1739 1654 1754 ο
1683 1722 1898 1791 φύσεως
1934 1722 2056 1793 βίαν

478 1812 759 1880 ἐνίκησαν,
789 1805 1068 1860 λυττῶσαν
1095 1805 1293 1874 μανίαν
1321 1805 1675 1873 ἐχαλίνωσαν,
1703 1805 1770 1857 τά
1802 1805 1904 1875 τῆς
1930 1809 2052 1859 ἐπι-

479 1892 680 1962 θυμίας
710 1890 1004 1959 ἐστὸρεσαν
1032 1887 1273 1957 κύματα,
1306 1888 1364 1938 ἐν
1403 1890 1473 1958 γῇ
1500 1887 1868 1957 διατρίϐουσαι
1895 1889 2055 1956 ἀγγε-

477 1974 628 2027 λικδν
659 1971 1002 2036 ἐπεδείξαντο
1029 1969 1164 2039 βίον,
1197 1969 1356 2038 σῶμα
1383 1969 1761 2038 περικείμεναι
1792 1970 1926 2040 πρὸς
1955 1969 2054 2034 τάς

477 2058 800 2127 ἀσωμάτους
820 2053 1198 2124 ἡμιλλήθησαν
1222 2051 1481 2122 δυνάμεις
1495 2066 1508 2080 ⁸
1531 2053 1624 2105 καὶ
1646 2053 1783 2123 μετά
1803 2053 2054 2106 τοσοῦτον

478 2140 638 2193 πόνον
685 2136 983 2208 χρημάτων
1025 2134 1319 2204 ἐπιθυμίας
1359 2135 1461 2188 οὐκ
1507 2135 1854 2206 ἐκράτησαν,
1885 2136 2053 2202 ὅντως

480 2223 663 2292 μωραὶ
695 2221 789 2273 καὶ
815 2221 1073 2290 ἀνόητοι·
1108 2217 1196 2271 διὰ
1234 2217 1393 2271 τοῦτο
1425 2218 1520 2272 καὶ
1560 2218 1682 2271 ούδέ
1725 2219 2054 2290 συγγνώμης

476 2305 808 2375 ἠξιώθησαν.
850 2300 1150 2372 Ῥᾳθυμίας
1180 2301 1288 2372 γάρ
1314 2301 1374 2354 τὸ
1403 2301 1604 2372 πτῶμα
1642 2303 1832 2370 γέγονε
1862 2303 2049 2373 μόνον·

477 2391 534 2441 αἱ
561 2388 670 2460 γάρ
699 2389 757 2439 ἐν
799 2385 1035 2456 τοσαύτῃ
1081 2384 1241 2454 φλογὶ
1288 2385 1519 2455 κάμινον
1553 2385 1848 2456 ἐπιθυμίας
1891 2386 2052 2458 δυνη-

476 2473 652 2525 θεῖσαι
705 2471 918 2532 σϐέσαι,
954 2469 1051 2522 καὶ
1085 2469 1227 2538 ὑπὲρ
1263 2467 1330 2521 τά
1381 2468 1678 2538 σκάμματα
1719 2469 2050 2538 πηδήσασαι,

477 2557 573 2608 καὶ
604 2553 772 2607 πλείω
799 2553 905 2605 τῶν
932 2550 1382 2621 προσταχθέντων
1405 2550 1809 2620 ἐπιδειξάμενοι
1831 2552 1912 2619 (ού
1944 2554 2052 2623 γάρ

475 2638 594 2688 ἐστι
642 2634 805 2704 νόμος
859 2635 894 2703 ἡ
941 2632 1228 2703 παρθενία,
1280 2631 1415 2684 ἀλλά
1463 2633 1529 2701 τῇ
1580 2631 1896 2701 προαιρέσει
1938 2631 2052 2686 τῶν

475 2716 783 2771 ἀκουόντων
805 2713 1242 2786 ἐπιτέτραπται),
1279 2709 1396 2766 εἶτα
1425 2713 1530 2766 ὑπὸ
1565 2714 1864 2783 χρημάτων
1887 2717 2053 2786 ἡττη-

475 2802 673 2863 θεῖσαι,
721 2798 864 2860 τίνος
896 2798 997 2850 ούκ
1044 2797 1112 2850 ἂν
1159 2790 1271 2848 εἶεν
1315 2795 1704 2867 ἐλεεινότεραι,
1741 2797 1810 2850 δι’
1856 2797 2053 2866 ὀλίγων

474 2881 756 2955 ἀργυρίων
802 2881 892 2934 τδν
928 2880 1188 2948 στέφανον
1220 2879 1330 2932 ἀπὸ
1371 2879 1472 2949 τῆς
1507 2879 1752 2950 κεφαλῆς
1786 2881 2047 2951 planam;

475 2967 660 3020 Ταῦτα
687 2965 851 3033 λέγω.
887 2964 1008 3033 οὐχὶ
1029 2962 1129 3025 τάς
1151 2965 1342 3032 χεῖρας
1369 2961 1476 3014 τῶν
1510 2962 1796 3034 παρθένων
1819 2965 2046 3032 ἐκλύων,

477 3047 596 3104 οὐδὲ
626 3048 723 3120 τὴν
760 3046 1060 3118 παρθενίαν
1095 3045 1286 3097 σϐέσαι
1328 3044 1669 3115 βουλόμενος,
1705 3045 1818 3100 ἀλλ’
1855 3048 1940 3101 ἵνα
1974 3048 2050 3121 μὴ

473 3131 707 3202 ἀνόνητα
753 3130 1061 3202 δράμωσιν,
1105 3128 1190 3180 ἵνα
1231 3126 1304 3199 μὴ
1352 3128 1491 3198 μετὰ
1539 3129 1766 3200 μυρίους
1822 3130 2051 3201 ἱδρῶτας

474 3219 844 3288 ἀστεφάνωτοι
890 3218 986 3271 καὶ
1023 3213 1280 3286 αἰσχύνης
1316 3216 1582 3285 γέμουσαι
1626 3218 1690 3271 ἐκ
1719 3217 1828 3270 τῶν
1868 3236 2047 3290 σκαμ-

477 3304 665 3373 μάτων
711 3301 1128 3372 ἀναχωρήσωσι.
1169 3298 1412 3370 Καλδνή
1459 3297 1728 3370 παρθενία
1775 3303 1869 3354 καὶ
1909 3301 2050 3372 ὑπὲρ

471 3388 572 3458 τὴν
603 3386 763 3455 φύσιν
793 3385 853 3439 τὸ
897 3384 1230 3456 κατόρθωμα
1249 3400 1264 3414 ο
1304 3382 1438 3437 ἀλλά
1462 3383 1523 3436 τὺ
1567 3383 1728 3437 καλδν
1766 3386 1924 3442 τοῦτο
1956 3389 2050 3442 καὶ

472 3475 618 3545 μέγα
653 3475 747 3526 καὶ
783 3473 925 3542 ὑπὲρ
951 3470 1265 3541 τὴνφύσιν,
1296 3469 1361 3522 ἂν
1396 3469 1471 3540 μη
1510 3470 1918 3542 φιλανθρωπίαν
1951 3476 2047 3547 ἔχῃ

471 3558 949 3628 συνεξευγμένην,
989 3557 1109 3610 ούδέ
1149 3557 1449 3610 ἐπιϐαίνειν
1491 3557 1599 3611 τῶν
1631 3559 1724 3612 τού
1765 3561 2048 3630 νυμφῶνος

473 3640 762 3718 προθύρων
784 3646 1094 3714 δυνήσεται.
1123 3646 1232 3696 Καὶ
1265 3644 1458 3697 σκόπει
1491 3662 1582 3714 μοι
1619 3647 1720 3717 τῆς
1747 3648 2050 3722 φιλανθρω-

468 3737 602 3800 πίας
620 3736 716 3806 τὴν
741 3735 915 3803 ίσχὺν,
962 3733 1056 3785 καὶ
1099 3732 1199 3803 τῆς
1245 3731 1614 3803 ἐλεημοσύνης
1649 3735 1748 3804 τὴν
1795 3733 2042 3808 δύναμιν.

471 3823 748 3895 Ιιαροενία
783 3821 882 3892 μέν
933 3821 1102 3891 χωρὶς
1133 3818 1503 3890 ἐλεημοσύνης
1546 3820 1645 3874 οὐκ
1678 3821 1894 3892 ἴσχυσεν
1926 3825 2047 3880 ούδέ

473 3911 639 3990 μέχρι
661 3909 768 3964 τῶν
791 3906 1077 3979 προθύρων
1101 3904 1196 3959 τοῦ
1221 3905 1508 3977 νυμφῶνος
1532 3907 1760 3976 ἀγαγεῖν
1778 3923 1792 3938 ⁸
1820 3909 2048 3983 ἐλεημο-

639 3996 700 4052 at
733 3976 904 4069 χωρὶς
967 3976 1304 4066 παρθενίας,
1341 3995 1467 4058 τοὺς
1511 3995 1709 4066 ἑαυτῆς
1747 3976 2047 4069 τροφίμους

467 4087 612 4157 μετὰ
671 4085 882 4139 πολλῶν
933 4082 1225 4153 ἐγκωμίων
1287 4083 1366 4146 εἰς
1413 4081 1511 4153 τὴν
1571 4085 1677 4152 πρδ
1743 4086 2046 4158 κατασολῆς

467 4169 676 4239 κόσμου
746 4166 1022 4238 βασιλείαν
1100 4165 1509 4237 ἡτοιμασμένην
1584 4166 2044 4239 ἐχειραγώγησεν.

463 4247 641 4309 Αὖται
685 4251 783 4322 μὲν
827 4251 957 4322 γάρ,
1012 4249 1204 4318 ἐπειδὴ
1263 4247 1632 4320 ἐλεημοσύνην
1692 4251 1792 4303 ούκ
1837 4253 2046 4307 ἐπεδεί-

466 4341 630 4404 ξαντο
657 4337 876 4410 δαψιλῆ,
904 4337 1164 4408 ἥκουσαν,
1203 4334 1509 4405 Ὑπάγετε,
1551 4337 1664 4390 οὐκ
1691 4333 1825 4392 οῖδα
1852 4339 2040 4409 ὑμᾶς’

462 4429 666 4482 ἐκεῖνοι
694 4425 751 4478 δέ
777 4427 828 4478 οῖ
856 4423 1094 4493 διψῶντα
1127 4421 1462 4486 ποτίσαντες,
1497 4422 1590 4476 καὶ
1612 4422 1888 4479 πεινῶντα
1914 4425 2043 4496 θρέ-

464 4515 668 4584 ψαντες
689 4513 778 4566 τὸν
815 4511 1068 4583 Χριστὸν,
1097 4510 1275 4563 καίτοι
1309 4510 1609 4580 παρθενίαν
1632 4510 1709 4581 μὴ
1744 4511 2042 4583 προϐαλλόο

467 4618 643 4672 μενοι,
670 4601 928 4671 ἥκουσαν,
958 4597 1154 4661 Δεῦτε,
1173 4599 1229 4650 οι
1266 4595 1658 4666 εὐλογημένοι
1687 4599 1794 4652 τοῦ
1817 4601 2043 4670 Πατρός

457 4705 604 4758 μου,
627 4683 1122 4754 κληρονομήσατε
1151 4681 1263 4751 τὴν
1293 4682 1746 4753 ἡτοιμασμένην
1765 4687 1908 4755 ὑμῖν
1927 4690 2042 4754 βα.

459 4773 704 4827 deiciar
738 4770 858 4825 ἀπὸ
889 4769 1232 4836 καταϐολῆς
1279 4770 1532 4840 κόσμου.
1578 4773 1689 4826 Καὶ
1723 4774 1870 4844 μάλα
1894 4777 2042 4831 εικό-

463 4877 572 4921 τως
595 4875 611 4889 ο
645 4859 674 4911 ὁ
726 4857 824 4928 μὲν
856 4855 963 4927 γάρ
1008 4855 1359 4926 παρθενεύων
1397 4857 1492 4910 καὶ
1523 4859 1833 4929 νηστεύων,
1864 4862 2040 4936 ἐαυτῷ

463 4950 733 5020 χρήσιμος
757 4963 770 4976 ·
803 4948 830 4999 ὁ
854 4946 910 4998 δὲ
946 4945 1129 5010 ἐλεῶν,
1153 4946 1330 5010 κοινός
1355 4945 1470 5000 ἐστι
1508 4947 1618 5001 τῶν
1657 4951 2044 5018 ναυαγούντων

461 5036 649 5106 λιμὴν,
688 5034 786 5097 τάς
821 5032 931 5086 τῶν
978 5031 1206 5104 πλησίον
1256 5032 1634 5104 διορθούμενος
1672 5037 1862 5101 πενίας
1886 5077 1900 5100 ,
1943 5042 2038 5094 καὶ

458 5126 559 5188 τὰς
607 5125 808 5196 ἐτέρων
851 5122 996 5176 λύων
1036 5123 1298 5191 ἀνάγκας.
1334 5121 1454 5174 Τῶν
1484 5122 1541 5174 δέ
1589 5125 2036 5196 κατορθωμάτων

453 5210 642 5262 ἐκεῖνα
680 5206 913 5278 μάλιστα
936 5206 1242 5276 εὐδοκιμεῖν
1278 5204 1490 5270 εἴωθεν,
1524 5204 1668 5278 άπερ
1701 5207 1767 5262 ἂν
1802 5208 1937 5279 πρὸς
1972 5211 2034 5264 τὸ

453 5298 738 5369 συμφέρον
776 5295 982 5366 ἐτέροις
1012 5293 1221 5363 γίνεται
1247 5305 1295 5347 ι.

528 5384 680 5456 [9.66]
709 5383 772 5448 ζ’.
811 5382 921 5435 Καὶ
954 5381 1040 5433 ἵνα
1073 5380 1270 5451 μάθῃς,
1294 5379 1376 5431 ὅτι
1400 5370 1558 5433 αὗται
1583 5380 1783 5451 μᾶλλον
1809 5382 1888 5452 τῷ
1916 5383 2032 5454 Θεῷ

455 5471 910 5543 περισπούδαστοι
947 5467 1054 5521 τῶν
1084 5466 1256 5522 ἄλλων
1283 5468 1339 5521 αί
1379 5467 1611 5535 ἐντολαὶ,
1645 5471 1772 5540 περὶ
1811 5471 1910 5541 μέν
1935 5489 2030 5538 νη-

456 5559 637 5620 στείας
673 5558 766 5610 καὶ
795 5555 1090 5629 παρθενίας
1116 5555 1517 5627 διαλεγόμενος,
1563 5555 1838 5626 βασιλείας
1867 5558 2028 5630 οὐρα,

514 5688 544 5720 ⁸
565 5689 680 5738 00d.
703 5688 794 5737 758
819 5687 1013 5749 γίνηται.

1187 285 1240 342 S.
1285 285 1566 342 JOANMS
1601 285 2090 342 CIIBYSOSTOMI
2124 285 2441 345 ARCHIEP.
2480 288 3033 349 CONSTANTINOP.

3621 275 3726 339 9-38

2165 393 2274 444 νῶν
2309 393 2610 464 μέμνηται·
2654 394 2781 464 περὶ
2812 393 2868 446 δέ
2906 391 3274 464 ἐλεημοσύνης
3315 391 3408 447 καὶ
3438 393 3730 465 φιλανθρω-

2164 480 2293 544 πίας
2329 481 2421 534 καὶ
2443 481 2538 534 τοῦ
2570 485 2742 534 ποιεῖν
2777 482 3002 546 ἑαυτοὺς
3037 482 3385 553 οίκτίρμονας
3407 482 3726 554 νομοθετῶν,

2164 567 2299 621 πολὺ
2343 569 2528 639 μεῖζον
2572 569 2673 641 τῆς
2715 569 2992 640 βασιλείας
3040 570 3146 624 τῶν
3194 572 3442 642 οὐρανῶν
3491 573 3730 626 τέθεικεν

2163 653 2414 720 ἔπαθλον,
2444 655 2634 723 Ὅπως
2665 654 2918 726 γένησθε
2944 657 3129 727 ὅμοιοι
3155 658 3260 712 τοῦ
3301 659 3528 727 Πατρύς
3567 657 3730 728 ὑμῶν

2162 740 2268 794 τοῦ
2297 741 2368 794 ἐν
2393 741 2516 809 τοῖς
2541 741 2838 810 οὐρανοῖς,
2867 743 3060 812 λέγων.
3102 740 3329 797 Ἐκεῖνοι
3354 744 3462 816 γὰρ
3499 744 3730 813 μάλιστα

2161 827 2269 880 τῶν
2296 828 2476 898 νόμων
2500 829 2719 899 ὁμοίους
2743 829 2957 883 ποιοῦσι
2985 831 3113 893 τοὺς
3140 827 3458 900 ἀνθρώπους
3484 830 3562 900 τῷ
3590 831 3729 900 Θεῷ,

2163 913 2239 977 ῶς
2269 915 2590 988 ἀνθρώπους
2634 918 2778 982 είκδς
2817 917 3070 987 γενέσθαι
3105 919 3324 988 ὁμοίους
3353 918 3449 971 τοῦ
3494 918 3650 984 Θεοῦ,
3683 923 3730 974 οῖ

2161 1002 2300 1072 πρὸς
2326 1003 2388 1057 τὸ
2413 1006 2563 1075 κοινῇ
2588 1005 2862 1077 συμφέρον
2883 1005 3245 1070 ἐκϐαίνοντες.
3270 1007 3379 1061 Καὶ
3403 1006 3577 1076 δηλῶν
3603 1007 3732 1061 αὐτὸ

2161 1088 2319 1142 τοῦτο
2357 1093 2386 1143 ὁ
2440 1092 2678 1162 Χριστὸς
2739 1092 2964 1162 ἔλεγεν*
2994 1095 3123 1148 Ὀτι
3167 1093 3276 1148 τὸν
3321 1093 3501 1161 ἥλιον
3544 1095 3732 1148 αὑτοῦ

2162 1179 2475 1234 ἀνατέλλει
2500 1178 2600 1234 ἐπὶ
2632 1181 2934 1251 πονηροὺς
2958 1183 3054 1237 καί
3077 1181 3358 1252 ἀγαθοὺς,
3393 1183 3490 1237 καί
3524 1183 3731 1252 βρέχει

2160 1267 2258 1320 ἐπὶ
2287 1266 2558 1336 δικαίους
2581 1268 2680 1322 καὶ
2700 1264 2968 1336 ἀδίκους.
2987 1266 3146 1325 Οὕτω
3176 1272 3269 1325 καί⁸
3297 1271 3455 1341 ὑμεῖς
3479 1272 3591 1333 τοῖς
3612 1267 3731 1326 οὖσι

2162 1353 2304 1407 κατά
2341 1353 2571 1425 δύναμιν
2619 1357 2700 1419 είς
2745 1355 2806 1409 τδ
2851 1361 3004 1428 κοινῇ
3040 1357 3316 1428 συμφέρον
3344 1357 3455 1410 τῶν
3488 1356 3732 1427 ἀδελφῶν

2161 1444 2446 1514 ἀποκεχρη
2456 1442 2628 1512 μένοι,
2654 1443 2963 1514 μιμήσασθε
2995 1445 3087 1498 τὸν
3110 1446 3178 1498 τά
3201 1444 3378 1514 ἀγαθά
3407 1444 3570 1498 αὐτοῦ
3605 1462 3732 1516 προ-

2161 1528 2376 1582 τιθέντα
2396 1530 2561 1582 πᾶσιν
2577 1528 2798 1600 ὁμοίως.
2815 1531 2972 1600 Μέγα
2989 1531 3048 1584 τὸ
3062 1531 3162 1601 τῆς
3179 1531 3472 1602 παρθενίας
3491 1532 3729 1603 ἀξίωμα,

2162 1615 2259 1668 καί⁵
2279 1615 2367 1670 διά
2407 1615 2565 1670 τοῦτο
2591 1617 2792 1687 μᾶλλον
2834 1617 3270 1689 συγκροτηθῆναι
3297 1617 3428 1672 αὐτὸ
3449 1618 3728 1690 βούλομαι.

2162 1700 2466 1774 Παρθενίας
2483 1703 2593 1775 γάρ
2611 1703 2828 1774 ἀξίωμα
2846 1705 2946 1758 οὐκ
2966 1705 3301 1774 ἀποσχέσθαι
3323 1706 3517 1776 γάμων
3549 1707 3729 1777 μόνον,

2161 1788 2298 1841 ἀλλά
2331 1788 2394 1842 τὸ
2415 1789 2796 1860 φιλάνθρωπον
2824 1787 2964 1845 εἶναι
2992 1792 3085 1844 καὶ
3114 1791 3434 1862 φιλάδελφον
3470 1793 3566 1847 καὶ
3595 1811 3735 1864 συμ-

2162 1876 2484 1946 παθητικόν.
2509 1877 2573 1930 Τί
2597 1878 2707 1949 γάρ
2731 1878 2922 1948 ὄφελος
2949 1879 3212 1951 παρθενία
3245 1882 3384 1952 μετά
3412 1882 3727 1954 ώμότητοςς

2161 1963 2214 2016 τί
2261 1963 2320 2016 δέ
2364 1963 2553 2034 κέρδος
2599 1964 2920 2037 σωφροσύνη
2962 1965 3099 2036 μετά
3145 1968 3575 2038 ἀπανθρωπίας;
3617 1971 3730 2040 Ούχ

2161 2051 2333 2114 ἐάλως
2356 2052 2622 2121 σωμάτων
2647 2051 2932 2123 ἐπιθυμία,
2959 2052 3071 2106 ἀλλ’
3099 2054 3269 2118 ἑάλως
3301 2056 3596 2126 χρημάτων
3616 2059 3733 2110 ἐπι-

2163 2137 2331 2208 θυμίᾳ
2352 2153 2366 2168 ·
2410 2138 2510 2192 οὐκ
2537 2137 2856 2210 ἐθαύμασας
2888 2140 3111 2210 χρυσίου
3143 2141 3334 2205 κάλλος
3356 2159 3369 2172 ο
3394 2144 3484 2195 τὸν
3510 2145 3731 2213 μείζονα

2161 2225 2420 2294 ἐνίκησας
2459 2225 2890 2296 ἀνταγωνιστὴν,
2920 2227 3033 2280 ἀλλ’
3056 2230 3086 2281 ὁ
3124 2227 3359 2282 ἐλάττων
3389 2231 3483 2283 καὶ
3508 2231 3729 2286 ἀσθενέ-

2162 2327 2351 2382 στερος
2387 2311 2658 2382 ἐκράτησέ
2685 2330 2777 2366 σου
2819 2314 2914 2366 καὶ
2943 2316 3306 2385 περιεγένετο.
3338 2318 3436 2370 Διά
3464 2317 3619 2371 τοῦτο
3648 2321 3730 2371 αἰ-

2162 2401 2458 2471 σχροτέραν
2509 2401 2730 2470 ἐποίησέ
2764 2419 2857 2454 σου
2889 2401 2988 2472 τὴν
3031 2397 3200 2473 ἧτταν
3223 2419 3235 2431 ·
3277 2405 3365 2458 διὰ
3411 2405 3568 2458 τοῦτο
3610 2407 3732 2462 ούδέ

2163 2488 2491 2558 συγγνώμης
2516 2487 2724 2556 ἔτυχες,
2744 2489 3010 2560 τοσαύτης
3033 2490 3134 2560 μὲν
3161 2493 3554 2563 περιγενομένῃ
3585 2493 3727 2562 βίας,

2160 2576 2254 2627 καὶ
2286 2575 2422 2645 πρὸς
2456 2574 2550 2639 τὴν
2589 2575 2750 2644 φύσιν
2788 2577 2957 2648 αὐτὴν
2993 2578 3397 2650 ἀποδυσαμένη,
3425 2581 3529 2634 ὑπὸ
3554 2582 3610 2635 δὲ
3638 2601 3728 2651 φι-

2158 2662 2458 2733 λαργυρίας
2486 2663 2711 2728 ἁλοῦσα,
2736 2665 2800 2736 ἣν
2833 2667 2928 2719 καὶ
2959 2667 3165 2720 οίκέται
3197 2667 3454 2735 πολλάκις
3479 2673 3570 2724 καὶ
3594 2672 3729 2744 βάρ-

2159 2749 2316 2822 ϐαροι
2344 2751 2574 2821 ἀπονητὶ
2609 2750 2830 2822 νικῆσαι
2851 2752 3210 2824 ἠδυνήθησαν.

2228 2833 2566 2908 η’.Ταῦτόύν
2587 2837 2798 2892 ἅπαντα
2813 2839 3032 2905 εἰδότες,
3049 2842 3341 2912 ἀγαπητοὶ,
3359 2845 3452 2898 καὶ
3467 2848 3513 2899 οί
3531 2846 3727 2916 γάμοις

2157 2922 2489 2993 ὁμιλοῦντες,
2528 2925 2622 2978 καὶ
2649 2925 2696 2978 οί
2722 2925 3019 2997 παρθενίαν
3041 2928 3352 2999 ἀσκοῦντες,
3378 2933 3575 3005 πολλὴν
3603 2937 3727 2987 ἐπι-

2157 3012 2462 3084 δειξὼμεθα
2507 3016 2636 3086 περὶ
2686 3014 2784 3086 τὴν
2823 3015 3191 3090 ἐλεημοσύνην
3231 3021 3462 3092 σπουδὴν
3485 3065 3500 3087 ,
3538 3025 3728 3096 ἐπειδὴ

2162 3099 2295 3170 μηδέ
2326 3100 2526 3172 ἐτέρως
2551 3102 2666 3155 ἔστι
2699 3102 2798 3172 τῆς
2835 3103 3110 3174 βασιλείας
3140 3108 3249 3162 τῶν
3273 3110 3514 3180 οὐρανῶν
3540 3113 3727 3165 ἐπιτυ-

2157 3193 2291 3260 χεῖν.
2316 3189 2379 3242 Εἰ
2404 3189 2513 3262 γάρ
2544 3191 2810 3262 παρθενία
2850 3197 3017 3265 χωρὶς
3050 3196 3418 3269 ἐλεημοσύνης
3445 3201 3544 3254 ούκ
3586 3201 3730 3272 ίοχυ-

2159 3290 2250 3326 σεν
2271 3276 2350 3338 είς
2371 3274 2648 3357 βασιλείαν
2669 3277 3002 3346 εἰσαγαγεῖν,
3022 3283 3172 3333 ποῖον
3193 3280 3378 3352 ἕτερον
3401 3285 3728 3357 κατόρθωμα

2156 3357 2312 3411 τοῦτο
2343 3356 2570 3428 ἰσχύσει,
2605 3358 2638 3428 ἢ
2665 3357 2949 3429 δυνήσεται
2977 3362 3179 3433 ταύτης
3207 3366 3404 3435 χωρίς;
3435 3356 3551 3423 Ούκ
3583 3356 3727 3423 ἐστιν

2156 3444 2330 3498 οὐδέν.
2378 3444 2535 3516 Πάσῃ
2579 3446 2761 3500 τοίνυν
2814 3446 2960 3518 ψυχῇ
3015 3450 3109 3502 καὶ
3164 3451 3390 3523 δυνάμει
3439 3455 3502 3507 τὸ
3549 3457 3728 3511 ἔλαιον

2157 3531 2437 3602 ἐγχέωμεν
2467 3535 2586 3596 ταῖς
2627 3533 2896 3603 λαμπάσι,
2943 3537 3038 3589 καὶ
3087 3538 3306 3608 δαψιλὲς
3337 3541 3478 3595 ἔστω
3516 3545 3611 3597 καὶ
3648 3546 3728 3598 δι·

2157 3620 2350 3691 ηνεκὲς
2365 3618 2543 3686 τοῦτο,
2560 3620 2646 3672 ῖνα
2671 3620 2893 3692 φαιδρὸν
2909 3622 3004 3676 καὶ
3031 3623 3283 3678 πλούσιον
3311 3629 3470 3700 μείνῃ
3500 3631 3562 3683 τδ
3587 3634 3720 3700 φῶς.

2157 3710 2248 3780 Μὴ
2273 3707 2381 3780 γάρ
2400 3709 2465 3777 δὴ
2487 3708 2578 3762 τὸν
2605 3710 2812 3780 πένητα
2842 3711 2958 3782 ῖδῃς
2984 3712 3076 3766 τὸν
3100 3713 3467 3785 λαμϐάνοντα,
3482 3721 3615 3775 ἀλλά
3633 3723 3724 3777 τὸν

2157 3797 2291 3850 Θεδν
2328 3797 2421 3850 τὸν
2454 3797 2772 3851 ἀποδιδόντα
2796 3814 2810 3830 ·
2837 3799 2911 3868 μὴ
2947 3800 3038 3854 τὸν
3055 3801 3341 3872 δεχόμενον
3356 3805 3416 3857 τὸ
3439 3807 3722 3880 ἀργύριον,

2153 3885 2292 3941 ἀλλά
2317 3884 2408 3939 τδν
2427 3885 2725 3939 ὑπεύθυνον
2744 3887 3028 3957 γινόμενον
3060 3889 3138 3959 τῷ
3167 3891 3462 3963 ὀφλήματι.
3492 3896 3592 3948 Διά
3615 3898 3723 3969 γὰρ

2154 3973 2312 4027 τοῦτο
2343 3973 2530 4044 ἔτερος
2557 3972 2845 4045 λαμϐάνει,
2879 3975 2970 4028 καὶ
3002 3975 3188 4047 ἔτερος
3211 3978 3551 4048 ἀποδίδωσιν,
3577 3984 3664 4036 ῖνα
3689 3987 3722 4058 η

2155 4061 2257 4132 μέν
2283 4060 2378 4114 τοῦ
2404 4060 2694 4132 δεχομένου
2739 4061 2898 4139 πενία
2926 4061 3017 4116 καὶ
3044 4065 3076 4134 ἠ
3119 4065 3374 4138 συμφορά
3408 4069 3544 4139 πρδς
3576 4071 3722 4126 ἔλεον

2153 4131 2441 4218 ἐπικάμψῃ
2474 4147 2568 4200 καὶ
2597 4131 2938 4217 συμπάθειαν
2957 4165 2973 4181 ο
2997 4151 3026 4203 ὁ
3051 4131 3108 4204 δέ
3137 4131 3551 4223 τοῦ-μέλλοντος
3594 4159 3722 4215 ἀπο-

2151 4234 2352 4290 διδόναι
2380 4233 2609 4297 πλοῦτος
2638 4234 2738 4304 τὴν
2775 4235 3080 4308 καταϐολὴν
3109 4238 3472 4310 ἐγγυώμενος,
3502 4245 3596 4298 καὶ
3625 4245 3723 4317 τὴν

2155 4323 2295 4395 μετά
2318 4320 2520 4391 πολλῆς
2559 4320 2877 4393 προσθήκης
2901 4322 3104 4377 ἔκτισιν
3127 4326 3418 4398 ἑπομένην,
3451 4329 3722 4403 θαρρῆσαι

2153 4409 2550 4483 παρασκευάσῃ
2585 4411 2712 4479 περὶ
2755 4409 2852 4464 τοῦ
2883 4411 3095 4465 δανείου
3120 4415 3214 4467 καὶ
3248 4415 3342 4469 τοῦ
3381 4417 3588 4484 τέλους,
3624 4425 3722 4477 καὶ

2153 4499 2292 4571 μετά
2340 4496 2584 4562 πλείονος
2634 4498 2913 4568 δαψιλείας
2951 4502 3312 4574 ἐκκαλέσηται
3357 4505 3455 4578 τὴν
3500 4507 3721 4580 ἐλεημοο

2152 4587 2339 4660 σύνην.
2370 4585 2469 4652 Τίς
2493 4585 2625 4658 γάρ,
2657 4587 2777 4642 είπέ
2811 4606 2921 4659 μοι,
2954 4589 3161 4658 μέλλων
3189 4592 3720 4652 ἑκατονταπλασίονα

2149 4673 2465 4746 λαμϐάνειν,
2490 4675 2584 4728 καὶ
2610 4675 2828 4747 θαρρῶν
2848 4675 3064 4742 πάντως
3093 4678 3235 4750 ὑπὲρ
3263 4680 3362 4751 τῆς
3385 4683 3715 4749 ἀποδόσεως,

2146 4762 2269 4833 οὐχὶ
2299 4761 2368 4816 τά
2383 4761 2561 4816 πάντα
2590 4763 2920 4834 προήσεταις

2218 4849 2310 4919 Μὴ
2333 4848 2511 4902 τοίνυν
2551 4847 2859 4919 φειδώμεθα
2909 4848 3230 4919 χρημάτων,
3274 4854 3474 4923 μᾶλλον
3504 4854 3561 4910 δέ
3593 4875 3715 4927 φει-

2143 4930 2363 5003 δώμεθα
2383 4931 2489 4985 τῶν
2511 4932 2808 5002 χρημάτων
2827 4948 2840 4963 ·
2869 4933 2897 4985 ὁ
2927 4934 3036 5005 γάρ
3065 4935 3377 5007 φειδόμενος
3400 4937 3508 4993 τῶν
3526 4940 3714 5006 δντων,

2145 5017 2225 5080 είς
2249 5015 2348 5080 τὰς
2381 5015 2491 5067 τῶν
2530 5017 2774 5087 πενήτων
2800 5019 2988 5088 χεῖρας
3017 5019 3155 5072 αύτά
3185 5021 3589 5088 ἐναποτίθεται,
3633 5026 3714 5089 είς

2143 5098 2234 5152 τὸν
2255 5097 2449 5153 ἄσυλον
2479 5097 2769 5168 θησαυρὸν,
2801 5101 2894 5153 καὶ
2937 5100 3161 5174 λῃσταῖς
3204 5103 3298 5155 καὶ
3334 5104 3575 5168 οἰκέταις
3620 5109 3716 5159 καὶ

2145 5182 2506 5250 συκοφάνταις
2528 5181 2854 5253 κακούργοις
2869 5185 2964 5236 καὶ
2980 5184 3180 5248 πάσαις
3193 5185 3403 5254 ἐφόδοις
3416 5187 3711 5242 ἀνάλωτον.

2143 5265 2293 5338 [267]
2320 5267 2380 5320 EE
2407 5265 2465 5320 δὲ
2495 5266 2782 5320 καὶταῦτα
2810 5266 3022 5321 ἀκούων
3041 5269 3217 5334 ὀκνεῖς
3245 5270 3509 5340 προέσθαι
3529 5287 3578 5324 τι
3606 5273 3715 5326 τῶν

2139 5349 2329 5411 ὄντων,
2359 5348 2454 5402 καὶ
2471 5347 2594 5401 οὔτε
2611 5348 2674 5402 τὸ
2695 5351 2957 5404 ἐκατοντα
2965 5351 3222 5406 πλασίονα
3251 5353 3568 5410 ἀπολαϐεῖν.
3587 5353 3713 5418 οὒτε

2139 5436 2171 5502 ἡ
2205 5430 2299 5485 τοῦ
2334 5433 2562 5502 πένητος
2589 5433 2862 5505 συμφορά,
2893 5433 3017 5488 οὒτε
3055 5434 3182 5490 ἄλλο
3216 5436 3370 5490 ούδέν
3399 5436 3710 5506 ἐπικάμψαι

2141 5533 2198 5568 σε
2222 5514 2535 5584 δυνήσεται,
2587 5515 2907 5583 ἀναλόγισαι
2936 5517 3004 5571 τά
3034 5519 3483 5590 πεπλημμελημέ
3495 5534 3564 5570 να
3591 5537 3671 5571 σοι
3693 5534 3707 5548 ο

2137 5597 2344 5651 εἴσελθε
2373 5599 2452 5660 είς
2477 5599 2535 5650 τί»
2572 5599 2809 5662 συνειδὸς
2831 5599 2939 5651 τῶν
2962 5600 3399 5671 ἁμαρτημάτων,
3425 5604 3605 5656 πᾶσαν
3633 5601 3709 5667 ἐξ·

2138 5681 2324 5736 ἐτασὸν
2350 5697 2441 5734 σου
2461 5683 2561 5753 τὴν
2588 5681 2758 5753 ζωήνδ
2782 5683 3061 5753 κατάμαθέ
3087 5701 3180 5738 σου
3204 5685 3271 5738 τὰ
3292 5685 3708 5757 παραπτώματα
