4110 6198
392 287 498 344 277

392 402 561 456 rimus
587 395 809 454 allicere
833 394 1090 450 auxilium
1119 394 1372 466 Spiritus,
1395 397 1551 466 eique
1570 392 1896 465 persuadere
1927 403 1985 448 ut

394 492 534 562 apud
566 505 664 544 nos
690 502 908 543 manere
938 487 1103 542 velit?
1143 487 1246 544 Per
1271 503 1434 558 opera
1469 488 1606 542 bona
1632 498 1688 542 et
1727 486 1984 557 optimam

396 581 608 640 vivendi
649 579 931 636 rationem.
976 579 1128 636 Sicut
1173 580 1314 634 enim
1361 579 1594 634 lucerna:
1634 577 1814 632 lumen
1863 574 1987 630 oleo

394 674 675 736 retinetur,
691 680 746 726 et
761 680 1080 740 consumpto
1100 685 1166 725 eo
1186 670 1356 739 ipsum
1373 685 1585 740 quoque
1608 685 1710 724 una
1730 683 1986 723 consum-

395 775 545 834 ptum
574 761 849 818 evanescit
877 761 980 816 :ita
1007 761 1166 817 etiam
1196 761 1424 831 Spiritus
1451 759 1642 832 gratia,
1662 759 1788 814 dum
1822 759 1987 816 habe-

395 868 513 910 mus
561 868 724 924 opera
767 852 946 920 bona,
989 859 1044 909 et
1089 852 1295 908 crebris
1345 850 1704 922 eleetnosynis
1751 850 1987 904 animam

394 948 653 1018 rigamns,
677 953 859 1001 manet
879 960 986 1000 non
1011 945 1169 999 aliter
1189 961 1346 1016 quam
1370 944 1581 1000 ﬂamma
1604 944 1726 1000 oleo
1745 953 1986 999 retenta:

394 1053 514 1108 quae
538 1037 582 1092 si
608 1051 714 1090 non
742 1035 945 1101 adsint,
969 1036 1172 1094 recedit
1197 1052 1227 1092 a
1255 1036 1409 1092 nobis
1428 1047 1482 1093 et
1503 1036 1641 1101 abit;
1665 1034 1806 1107 quod
1827 1034 1989 1091 etiam

395 1128 633 1198 quinque
655 1126 758 1182 illis
786 1125 1083 1195 virginibus
1103 1125 1546 1182 accidit.Etenim
1575 1125 1680 1180 illa:
1703 1133 1822 1194 post
1849 1125 1988 1180 outl-

398 1227 484 1274 tos
514 1216 730 1273 labores
755 1231 819 1270 ac
843 1215 1067 1275 sudores
1087 1254 1102 1281 ,
1130 1231 1252 1270 cum
1283 1216 1484 1272 nullum
1514 1215 1774 1270 haberent
1802 1231 1867 1272 es
1894 1231 1988 1270 sua

397 1308 725 1378 benignitate
752 1306 1058 1377 prmsidium
1085 1348 1100 1373 ,
1133 1323 1240 1362 non
1272 1318 1557 1378 potuerunt
1585 1307 1726 1377 apud
1767 1323 1825 1362 se
1866 1309 1990 1362 reti-

396 1415 527 1454 nere
566 1397 796 1470 Spiritus
819 1397 1044 1469 gratiam
1081 1416 1094 1452 :
1126 1409 1288 1468 atque
1341 1399 1464 1455 ideo
1509 1407 1634 1456 sunt
1678 1414 1709 1454 a
1755 1399 1992 1456 thalamo

395 1492 656 1564 repulsae,
691 1505 990 1564 vocemque
1018 1491 1162 1546 illam
1194 1492 1487 1548 terribilem
1516 1491 1804 1548 audierunt
1843 1509 1856 1546 :
1894 1491 1989 1546 Di-

394 1586 602 1650 scedite,
625 1601 726 1641 non
748 1584 862 1639 noui
884 1601 968 1640 vos
995 1583 1208 1655 (Matth.
1243 1585 1335 1640 25.
1360 1586 1449 1655 1‘2)
1473 1603 1486 1640 :
1506 1601 1625 1656 qua:
1646 1586 1730 1641 vel
1746 1584 1988 1656 gr-henua

397 1674 494 1729 fuit
521 1675 735 1746 gravior
756 1691 771 1740 ;
794 1684 1012 1744 propter
1033 1674 1135 1730 hoc
1155 1676 1316 1730 etiam
1337 1675 1516 1734 stulta:
1540 1685 1665 1731 sunt
1687 1677 1988 1747 appellataa;

399 1774 456 1820 et
498 1766 694 1819 merito
723 1782 737 1818 :
769 1765 1022 1836 quoniam
1059 1781 1180 1822 cum
1226 1767 1629 1837 itnpotentiores
1671 1767 1992 1837 cupiditates

397 1856 672 1921 vicissent,
697 1870 727 1910 a
769 1856 943 1911 minus
980 1857 1153 1915 valida
1191 1867 1314 1914 sunt
1354 1859 1527 1914 victm.
1562 1857 1718 1923 Vide,
1758 1872 1941 1929 quaeso
1972 1873 1987 1910 :

399 1957 607 2002 natura:
653 1949 959 2004 violentiam
998 1961 1418 2021 superaverunt,
1457 1950 1697 2006 rabidam
1728 1951 1991 2006 insaniam

398 2039 742 2096 frenaverunt
769 2082 786 2106 ,
817 2041 1126 2112 cupidiuum
1156 2041 1350 2098 ﬂuctus
1374 2042 1694 2098 sedaret-unt
1717 2083 1733 2108 ,
1766 2043 1818 2096 in
1848 2055 1988 2096 terra

399 2131 656 2200 degentes
682 2133 981 2203 angelicam
1008 2132 1170 2187 vitam
1198 2133 1481 2198 vixerunt,
1517 2148 1745 2202 corpore
1786 2132 1991 2185 vestita:

400 2222 752 2291 incorporeas
790 2223 1016 2277 virtutes
1055 2224 1318 2283 attnulatte
1358 2233 1520 2288 sunt,
1565 2233 1620 2278 et
1659 2231 1777 2293 post
1817 2233 1991 2278 tantos

397 2310 611 2367 labores
651 2327 1000 2382 pecuniarum
1036 2313 1381 2383 cupiditatem
1428 2329 1532 2370 non
1563 2321 1990 2382 superaverunt,

399 2401 577 2456 stultae
608 2417 793 2458 revera
825 2412 881 2459 et
905 2403 1192 2458 inserts-alte
1220 2421 1234 2460 :
1263 2414 1590 2476 quapropter
1609 2421 1678 2460 ne
1699 2407 1850 2459 venia
1873 2406 1981 2474 qui

396 2493 522 2547 detn
560 2492 738 2563 dignae
770 2505 896 2548 sunt
934 2493 1148 2549 habitae.
1181 2494 1386 2564 Lapsus
1411 2496 1552 2549 enim
1583 2511 1767 2552 earum
1805 2510 1990 2550 socor-

395 2583 500 2640 diae
530 2585 625 2639 fuit
647 2585 812 2640 solius
849 2603 862 2640 :
894 2601 1013 2656 qua:
1042 2587 1185 2640 enim
1216 2587 1267 2641 in
1301 2595 1444 2640 tanta
1477 2585 1688 2641 ﬂamma
1720 2587 1989 2642 fornacem

399 2684 680 2746 potuerant
706 2676 1014 2749 eupidinum
1037 2672 1396 2749 exstinguere,
1425 2687 1479 2734 et
1513 2679 1648 2731 ultra
1669 2687 1818 2748 septa
1849 2689 1994 2732 tran-

399 2767 681 2828 siliet-ant,
725 2778 781 2822 et
827 2767 980 2836 plura
1022 2783 1179 2838 quant
1219 2769 1384 2838 juss:e
1427 2778 1582 2843 erant
1633 2769 1994 2842 priestiterant

404 2859 569 2929 (nulla
609 2859 751 2913 enim
790 2859 875 2914 lex
925 2859 1282 2930 virginitatem
1328 2860 1568 2930 prmcipit
1610 2877 1624 2912 :
1665 2861 1846 2916 libera:
1889 2859 1993 2915 hoc

397 2949 657 3004 voluntati
682 2948 986 3004 auditorum
1015 2949 1377 3022 relinquitur),
1414 2960 1531 3021 post
1562 2950 1676 3004 lucc
1701 2951 1880 3004 omnia
1908 2951 1989 3004 vi-

396 3049 500 3094 cta:
525 3048 647 3094 sunt
683 3054 716 3095 a
745 3040 966 3110 pecunia
999 3057 1012 3095 :
1044 3056 1152 3111 quo
1186 3041 1312 3110 quid
1340 3057 1460 3096 esse
1505 3041 1858 3096 miserabilius
1897 3057 1992 3113 po-

400 3139 537 3197 test,
576 3130 620 3184 si
650 3141 868 3202 propter
897 3131 1174 3199 paululum
1215 3132 1424 3204 argenti
1459 3147 1716 3187 coronam
1751 3147 1782 3188 e
1815 3133 1994 3202 capite

399 3221 725 3291 projiciant‘i
754 3220 878 3276 lltcc
904 3221 1049 3288 dico,
1076 3237 1183 3277 non
1211 3221 1356 3293 quod
1379 3237 1570 3278 manus
1601 3223 1860 3294 virginqu
1882 3224 1995 3278 dis-

398 3315 602 3370 solvam
625 3357 644 3383 ,
673 3330 849 3384 neque
875 3315 1018 3386 quod
1042 3315 1400 3388 virginitatem
1439 3317 1784 3388 exstinguere
1806 3317 1991 3383 velim,

400 3404 496 3462 sed
522 3421 592 3460 ue
630 3405 890 3462 inutiliter
912 3417 1164 3476 currant,
1197 3424 1264 3464 ne
1303 3419 1424 3480 post
1467 3409 1726 3482 plurimos
1765 3411 1992 3468 sudores

398 3513 597 3553 corona
621 3499 840 3569 privatae
862 3506 918 3554 et
947 3500 1148 3568 pudore
1175 3501 1347 3571 plena:
1375 3516 1440 3556 ex
1481 3517 1642 3558 arena
1685 3502 1984 3560 discedant.

404 3589 550 3645 Bona
592 3606 680 3647 res
725 3601 803 3648 est
847 3593 1156 3664 virginitas,
1181 3603 1236 3649 et
1263 3594 1434 3664 majus
1459 3610 1621 3664 quam
1658 3609 1756 3664 pro
1784 3605 1988 3652 uatum:

401 3682 604 3740 viribus
630 3683 878 3738 meritum
912 3701 925 3737 :
959 3683 1052 3740 sed
1080 3684 1220 3740 bona
1245 3684 1360 3741 hzec
1385 3701 1476 3740 res
1503 3695 1557 3741 et
1582 3702 1771 3758 magna
1808 3697 1862 3742 et
1890 3703 1990 3743 na-

399 3782 574 3830 turam
604 3789 888 3846 superans,
913 3776 1016 3830 nisi
1037 3775 1416 3846 benignitatem
1446 3776 1638 3832 habeat
1657 3777 1986 3849 adjunctatn,

400 3882 468 3922 ne
516 3868 568 3922 in
614 3867 935 3922 vestibulum
979 3867 1196 3938 quidem
1244 3866 1462 3922 thalami
1513 3869 1720 3938 ingredi
1769 3870 1988 3938 poterit.

398 3960 575 4028 Atque
597 3957 682 4013 hic
708 3958 840 4013 mihi
869 3958 1150 4014 considera
1178 3958 1523 4029 benignitatis
1547 3959 1655 4014 vim
1678 3969 1731 4016 ct
1754 3961 1988 4016 eleento-

396 4067 546 4124 synae
570 4052 878 4120 ﬂuentiam.
907 4051 1193 4122 Virginitas
1211 4052 1329 4107 sine
1351 4052 1695 4123 eleemosyna
1724 4067 1790 4107 ne
1819 4052 1872 4106 in
1899 4067 1990 4108 ve-

396 4143 658 4198 stibulum
688 4143 904 4214 quidem
935 4143 1159 4198 thalami
1186 4144 1480 4214 perducere
1508 4145 1719 4216 potuit;
1747 4144 1987 4202 eleetno—

396 4247 530 4305 syna
576 4249 706 4288 vero
752 4234 835 4288 vel
881 4235 998 4290 siue
1043 4235 1348 4306 virginitate
1391 4235 1638 4292 alumnos
1689 4251 1818 4292 suos
1866 4253 1988 4293 cum

398 4339 590 4394 magna
619 4324 776 4380 laude
807 4323 860 4382 in
891 4339 1116 4395 regnum
1141 4335 1268 4381 ante
1310 4327 1585 4382 conditum
1626 4329 1812 4382 urbem
1855 4344 1991 4398 pra:-

401 4424 643 4483 paratutu
666 4433 824 4471 manu
849 4415 1084 4473 deducit.
1109 4417 1203 4471 lla:
1222 4417 1490 4488 siquidem
1508 4420 1758 4490 quoniam
1785 4419 1986 4490 largam

399 4510 798 4580 clecmosynam
821 4525 927 4565 nou
949 4508 1328 4576 exhibuerant,
1347 4510 1634 4566 audierunt
1659 4528 1674 4564 :
1695 4511 1862 4578 Abite,
1887 4529 1990 4568 non

403 4605 516 4656 noui
538 4618 623 4656 ros
654 4617 674 4658 :
703 4602 777 4656 illi
816 4617 945 4657 vero
970 4601 1059 4671 qui
1097 4603 1368 4658 sitientem
1395 4612 1710 4672 potaverunt
1729 4643 1746 4669 ,
1773 4613 1829 4660 et
1866 4619 1991 4658 esu-

403 4693 628 4747 rientem
653 4693 901 4748 aluerunt
928 4693 1230 4760 Christum,
1261 4694 1468 4749 tametsi
1497 4695 1850 4764 virginitatem
1882 4711 1987 4750 non

409 4783 710 4852 proferrent
753 4785 806 4840 in
851 4785 1109 4850 medium,
1153 4785 1479 4841 audierunt:
1519 4785 1712 4855 Venite,
1743 4786 1988 4843 benedicti

407 4873 578 4929 Patris
606 4876 700 4930 utei
720 4918 735 4943 ,
769 4877 1019 4944 possidete
1049 4894 1258 4947 regnum
1287 4889 1523 4947 paratum
1561 4878 1697 4933 vobis
1733 4896 1766 4932 a
1801 4881 1990 4934 consti-

400 4966 592 5020 tutione
637 4967 812 5022 mutuli
860 4967 878 5037 (
901 4965 1040 5023 Ibid.
1071 4985 1120 5021 υ.
1148 4969 1218 5024 δι
1243 4967 1287 5040 ).
1339 4968 1406 5024 Et
1446 4969 1674 5024 merito:
1705 4969 1792 5038 qui
1843 4971 1986 5026 enim

405 5056 762 5126 virginitatem
791 5067 999 5125 servat,
1042 5066 1097 5114 et
1133 5057 1344 5128 jejunat
1365 5098 1381 5123 ,
1409 5059 1510 5114 sibi
1555 5060 1652 5130 ipsi
1691 5059 1835 5115 utilis
1861 5070 1984 5118 est:

399 5150 488 5217 qui
509 5163 639 5204 vero
653 5149 954 5215 miseretur,
971 5150 1270 5204 communis
1285 5160 1367 5204 est
1382 5149 1760 5222 naufragorum
1780 5162 1986 5222 portus,

403 5241 765 5308 proximorum
789 5252 1153 5312 paupertatem
1179 5241 1486 5310 sublevans,
1503 5253 1559 5298 et
1579 5244 1766 5298 alienis
1802 5261 1987 5302 ncces-

402 5332 649 5386 sitatibus
674 5349 1012 5388 succurrens.
1035 5333 1298 5389 (Σςπιετυιη
1318 5349 1382 5390 ex
1412 5335 1702 5392 benefactis
1723 5353 1987 5406 qua-cum-

402 5438 504 5495 que
523 5426 594 5479 ad~
611 5426 836 5480 aliorqu
855 5427 1134 5484 utilitatem
1158 5429 1309 5494 fiunt.
1327 5443 1392 5484 ea
1413 5429 1750 5499 potissiunuu
1774 5429 1986 5486 laudem

402 5517 697 5586 promereri
727 5518 924 5573 solent.

473 5609 526 5664 7.
564 5609 690 5674 Qua:
713 5620 964 5680 precepta
987 5608 1096 5666 Deo
1119 5628 1254 5667 cura:
1278 5614 1380 5667 sint
1406 5630 1512 5682 pra:
1534 5615 1742 5669 (cteris.
1770 5612 1986 5686 Virgini-

403 5704 520 5759 tatis
546 5703 786 5775 djguitas.
810 5732 878 5741 --—
909 5703 976 5759 Et
1004 5713 1060 5758 ut
1089 5704 1225 5760 scias
1255 5704 1376 5761 talia
1405 5716 1663 5778 pra'ccpta
1692 5723 1798 5778 pne
1825 5715 1982 5764 cxte-

1071 281 1158 340 DE
1197 280 1448 340 VERBIS
1487 278 1843 351 APOSTOLI,
1886 275 2249 338 llABENTES
2289 280 2577 339 EUMDEM
2617 277 2976 338 SPlRITUM.‘
2999 277 3040 337 Ι.

3577 284 3684 342 πε

2098 392 2173 446 ris
2202 392 2312 448 Deo
2335 408 2478 448 cura:
2498 408 2620 450 esse
2635 434 2651 460 ,
2680 392 2750 450 de
2772 391 2980 463 jejunio
3005 400 3060 449 et
3088 392 3388 465 virginitate
3411 395 3687 454 disserens

2093 485 2242 555 regni
2269 486 2522 540 ctelorum
2555 486 2839 542 meminit:
2873 486 2962 542 ubi
2994 500 3122 542 vero
3160 485 3229 542 de
3265 486 3602 558 elcemosyua
3629 499 3688 544 et

2095 575 2410 632 liberalitate
2439 577 2582 647 agit,
2614 586 2669 632 et
2693 587 2750 632 ut
2776 593 2875 632 nos
2904 577 3280 633 misericordes
3307 577 3686 644 exhibeamus,

2096 668 2356 738 prmcipit,
2386 668 2545 737 longe
2569 669 2800 738 amplius
2827 685 2988 740 quam
3013 683 3234 739 regnum
3264 669 3519 723 cartorum
3551 685 3687 739 pra:-

2095 757 2258 812 tttium
2281 760 2528 832 proponit
2557 775 2573 813 :
2601 757 2671 815 Ut
2696 760 2852 828 ﬁalis,
2879 759 3069 830 inquit,
3095 760 3285 814 similes
3314 757 3487 814 Putris
3513 761 3684 823 vestri,

2093 851 2182 919 qui
2205 852 2257 904 in
2282 853 2419 907 uelis
2445 863 2516 907 est
2547 852 2761 922 (Matth.
2791 852 2847 908 5.
2875 853 2991 919 45).
3041 852 3150 909 Illa:
3179 853 3324 910 enim
3351 854 3687 922 potissimum

2096 941 2241 1012 leges
2275 941 2544 998 hominem
2587 944 2818 1000 similem
2863 944 2972 999 Deo
3013 944 3262 1010 reddunt,
3293 956 3552 1015 quatenus
3578 947 3688 1001 Deo

2094 1032 2323 1088 similem
2364 1034 2477 1089 fieri
2517 1033 2789 1090 hominem
2831 1034 2973 1099 licet,
3003 1051 3124 1104 qtue
3149 1035 3214 1088 ad
3248 1035 3511 1104 publicant
3541 1036 3686 1091 utili-

2096 1133 2258 1178 tatem
2292 1124 2510 1182 faciunt.
2542 1125 2608 1180 Et
2629 1125 2734 1182 hoc
2752 1124 3057 1196 significans
3086 1125 3329 1180 Christus
3348 1126 3478 1181 dicit
3509 1145 3524 1182 :
3555 1126 3688 1194 Quia

2093 1217 2252 1271 solent
2290 1234 2440 1272 suum
2484 1218 2606 1272 oriri
2647 1218 2768 1287 facit
2805 1234 2958 1287 super
2998 1218 3152 1272 bonos
3178 1234 3238 1271 ac
3263 1219 3458 1280 malos.
3484 1228 3530 1274 et
3557 1217 3688 1287 ptuit

2093 1325 2246 1379 super
2261 1309 2430 1380 justas
2453 1325 2523 1373 ac,
2538 1310 2773 1382 injustas.
2821 1308 2894 1363 lta
2925 1324 3021 1364 vos
3055 1324 3268 1378 quoque
3293 1323 3391 1377 pro
3418 1323 3513 1364 sua
3537 1309 3688 1378 quis-

2095 1415 2198 1469 que
2223 1400 2360 1456 virili
2391 1399 2728 1456 facultatibus
2760 1401 2955 1456 vestris
2995 1400 3048 1457 in
3086 1415 3426 1458 communem
3465 1400 3688 1456 fratrum

2097 1491 2376 1546 utilitatetu
2408 1491 2638 1558 utendo,
2679 1491 2958 1548 imitamini
2991 1506 3114 1546 eum
3141 1491 3230 1562 qui
3256 1490 3394 1546 bona
3430 1506 3524 1546 sua
3560 1507 3691 1562 pru-

2098 1581 2245 1649 pnnit
2265 1596 2332 1636 ex
2357 1597 2515 1651 :equo
2535 1580 2804 1636 omnibus.
2840 1580 3030 1652 lugens
3056 1591 3139 1637 est
3163 1581 3482 1652 virginitatis
3509 1584 3687 1653 digitio

2096 1683 2198 1740 tas,
2230 1673 2456 1746 ideoque
2483 1675 2627 1729 illam
2655 1675 2945 1730 admodum
2969 1675 3076 1729 coli
3115 1685 3170 1729 et
3208 1674 3467 1730 celebrari
3505 1675 3686 1745 cupio.

2097 1768 2191 1824 Est
2227 1770 2369 1824 enim
2402 1769 2633 1840 dignitas
2660 1769 2994 1840 virginitatis,
3030 1784 3134 1823 non
3159 1769 3332 1824 solum
3370 1769 3638 1824 abstinere
3658 1785 3688 1822 a

2097 1859 2334 1929 nuptiis,
2379 1875 2563 1914 verum
2608 1861 2768 1916 etiam
2816 1861 3104 1929 benignum
3154 1873 3315 1926 esse,
3365 1868 3421 1914 et
3467 1859 3689 1914 fratrum

2093 1960 2384 2016 amantem,
2408 1961 2460 2004 et
2492 1966 2716 2020 pronum
2739 1950 2806 2005 ad
2834 1950 3523 2018 contuliserationent.Qtta:
3545 1951 3689 2006 enim

2095 2051 2180 2100 est
2209 2042 2414 2095 utilitas
2437 2043 2757 2112 virginitatis
2783 2057 2903 2096 cum
2931 2041 3287 2096 crudelitate?
3313 2040 3437 2110 quid
3466 2041 3597 2096 lucri
3623 2056 3691 2096 ex

2099 2134 2449 2205 temperantia
2497 2150 2618 2190 eum
2665 2133 3055 2189 inhumanitate
3097 2132 3423 2202 conjuncta?
3470 2131 3584 2187 Non
3629 2143 3693 2186 es

2095 2236 2249 2297 capta
2276 2241 2562 2297 corpmum
2594 2225 3048 2297 concupiscentia,
3083 2223 3178 2280 sed
3203 2231 3360 2292 capta
3387 2237 3448 2278 es
3479 2221 3690 2293 cupidi-

2099 2329 2206 2373 tate
2235 2318 2580 2388 pecuniarum
2611 2335 2626 2374 :
2652 2333 2758 2373 non
2803 2331 2865 2372 es
2902 2315 3162 2371 admirata
3199 2314 3431 2370 hominis
3476 2314 3688 2381 faciem,

2097 2411 2190 2464 sed
2215 2409 2473 2464 admirata
2515 2424 2576 2464 es
2616 2408 2732 2463 auri
2773 2407 3222 2478 pulchritudinem
3256 2424 3271 2462 :
3305 2406 3559 2475 majorem
3589 2405 3689 2460 ad-

2096 2500 2388 2556 versarium
2418 2500 2619 2565 vicisti,
2650 2499 2746 2554 sed
2783 2497 2976 2554 minori
3019 2507 3074 2552 et
3117 2496 3453 2551 imbecilliori
3497 2510 3691 2550 succu-

2097 2593 2278 2648 hnisti.
2326 2594 2503 2663 Atque
2541 2592 2661 2648 ideo
2707 2590 2914 2660 turpius
2956 2589 3094 2645 vieta
3136 2605 3232 2653 es;
3279 2587 3400 2643 ideo
3439 2603 3507 2642 ne
3535 2587 3690 2641 venia

2095 2683 2310 2755 quidem
2337 2684 2497 2756 digna
2532 2697 2626 2750 es,
2657 2681 2905 2738 videlicet
2928 2698 3049 2752 qua:
3075 2689 3276 2735 tantam
3303 2680 3408 2734 vim
3432 2678 3692 2734 sustinui-

2095 2776 2186 2842 sti,
2211 2785 2264 2832 et
2293 2776 2551 2832 adversus
2580 2775 2755 2846 ipsam
2780 2784 3027 2829 naturam
3071 2771 3314 2842 pugnasti
3343 2809 3360 2838 ,
3405 2769 3474 2826 ab
3514 2769 3694 2824 avari-

2098 2867 2168 2921 tia
2216 2881 2346 2921 vero
2390 2877 2690 2936 expugnata
2733 2879 2836 2931 es,
2867 2881 3026 2934 qttatu
3065 2874 3119 2918 et
3160 2862 3422 2931 mancipia
3448 2877 3692 2932 saepenu-

2095 2970 2248 3010 mero
2271 2997 2287 3021 ,
2325 2966 2379 3012 et
2411 2955 2624 3012 barbari
2653 2955 2897 3012 homines
2925 2955 3148 3010 minimo
3184 2953 3403 3024 negotio
3437 2966 3693 3022 superare
3782 2967 3793 2976 ο

2097 3054 2406 3118 potuerunt.

2167 3137 2222 3193 8.
2251 3137 2379 3192 llaec
2404 3136 2564 3208 igitur
2584 3133 2764 3190 omnia
2788 3134 3022 3190 scientes
3043 3173 3060 3201 ,
3088 3132 3268 3190 dilecti
3287 3171 3305 3199 ,
3335 3132 3449 3188 sive
3479 3132 3530 3186 in
3555 3147 3691 3188 con-

2090 3229 2260 3301 iugio,
2303 3229 2418 3285 sive
2457 3229 2511 3284 in
2550 3226 2852 3298 virginitate
2893 3226 3176 3296 degentes.
3201 3239 3392 3294 magna
3415 3223 3711 3292 diligentia.

2095 3322 2494 3391 eleemosynam
2528 3331 2900 3383 exerceamus,
2928 3314 3357 3387 quandoquidem
3397 3313 3539 3368 nulla
3579 3313 3688 3386 alia

2095 3413 2304 3469 ratione
2343 3413 2463 3467 licet
2502 3411 2570 3467 ad
2605 3425 2831 3481 regnum
2855 3409 3110 3465 ett-lorum
3141 3407 3440 3478 pervenire.
3481 3406 3613 3460 Nam
3641 3407 3692 3462 si

2097 3504 2375 3576 virginitas
2401 3503 2604 3574 absque
2645 3501 2985 3573 eleetnosyua
3028 3501 3094 3555 ad
3137 3515 3358 3570 regnum
3387 3514 3496 3554 non
3523 3499 3691 3554 valuit

2096 3597 2410 3668 perducam,
2451 3595 2718 3668 quodnam
2761 3594 2904 3651 aliud
2952 3593 3286 3649 benefactum
3333 3591 3438 3647 hoc
3473 3592 3694 3648 ellieere

2096 3690 2214 3749 sine
2240 3687 2339 3743 hac
2359 3686 2596 3760 poterit?
2621 3685 2868 3743 Profecto
2889 3685 3113 3740 nullum.
3149 3683 3287 3738 Toto
3307 3683 3466 3753 igitur
3483 3682 3689 3749 animo,

2097 3782 2328 3850 uilisque
2353 3779 2554 3834 viribus
2583 3778 2759 3835 oleum
2783 3775 3119 3831 affuudamus
3159 3774 3492 3844 lampadibus
3532 3774 3693 3844 idtpte

2096 3870 2311 3941 largiter
2351 3885 2416 3925 ac
2461 3868 2858 3930 indesinenter,
2891 3876 2946 3920 ut
2977 3866 3146 3919 hilare
3169 3881 3234 3918 ac
3262 3864 3468 3934 largum
3509 3864 3690 3920 lumen

2096 3970 2424 4035 permaneat.
2453 3959 2562 4015 Nec
2586 3973 2878 4029 pauperem
2915 3957 3171 4026 respicias
3196 3957 3569 4025 accipientem.
3591 3955 3690 4012 sed

2099 4053 2264 4109 Domo
2295 4049 2628 4106 redditurum
2661 4066 2677 4102 :
2709 4063 2816 4104 non
2846 4062 2970 4102 eum
2997 4047 3089 4117 qui
3116 4046 3310 4115 stipem
3339 4045 3562 4113 accipit,
3593 4044 3689 4102 sed

2093 4159 2220 4199 eum
2243 4142 2332 4212 qui
2359 4157 2420 4198 se
2450 4140 2544 4195 tibi
2563 4139 2862 4196 debitorem
2883 4137 3102 4209 obligat.
3132 4135 3266 4192 Nam
3292 4135 3415 4192 ideo
3435 4136 3571 4192 alius
3593 4152 3687 4192 ac-

2095 4238 2243 4306 cipit,
2271 4235 2405 4291 alius
2434 4233 2630 4302 reddit,
2661 4231 3050 4303 utaccipientis
3081 4239 3366 4302 paupertas
3393 4238 3448 4284 et
3474 4229 3688 4286 calami-

2097 4339 2178 4383 tas
2197 4327 2261 4382 ad
2285 4325 2705 4382 miscricordiam
2727 4334 2780 4379 te
2803 4323 3021 4379 ﬂectant
3043 4337 3107 4376 ac
3125 4321 3647 4376 commiseratinnem
3670 4338 3685 4376 :

2094 4420 2292 4476 divitia:
2313 4435 2440 4474 vero
2472 4415 2564 4473 Dei
2592 4415 2867 4479 reddituri,
2895 4411 3230 4482 fidejnbentis
3257 4410 3416 4466 etiam
3442 4425 3564 4465 cum
3591 4426 3687 4465 au-

2095 4510 2266 4567 ctario
2292 4507 2614 4564 solutionem
2647 4504 2898 4568 futuram,
2929 4501 3184 4572 majorem
3216 4499 3307 4555 tibi
3337 4499 3406 4555 de
3431 4497 3607 4554 fructu
3634 4507 3690 4556 et

2096 4616 2254 4657 usura
2304 4598 2550 4654 fiduciam
2598 4595 2814 4661 indant,
2861 4603 2911 4649 et
2962 4593 3029 4647 ad
3079 4591 3362 4663 largiorem
3391 4592 3690 4662 electuosyo

2096 4708 2219 4747 nam
2249 4696 2556 4762 provocent.
2583 4687 2713 4754 Quis
2737 4685 2902 4749 enim,
2928 4698 3080 4754 rugo,
3107 4685 3414 4752 centupfum
3441 4692 3687 4750 receptu-

2097 4797 2220 4846 rus,
2253 4789 2309 4835 et
2335 4783 2402 4835 de
2431 4776 2736 4848 recipiendo
2766 4790 3022 4843 securus,
3055 4788 3160 4828 non
3186 4773 3364 4828 omnia
3393 4787 3488 4827 sua
3516 4772 3689 4833 libens

2094 4882 2278 4943 eroget
2292 4873 2316 4925 ἲ

2167 4965 2467 5020 Cultortatttr
2520 4962 2589 5016 ad
2645 4962 3012 5030 eleemosynatn
3069 4956 3472 5026 impertiendum.
3501 4985 3571 4997 --
3613 4955 3690 5010 Ne

2097 5058 2255 5130 igitur
2297 5073 2574 5129 pare-imus
2613 5053 2883 5126 pecuuite,
2917 5054 3024 5108 imo
3051 5066 3182 5107 vero
3209 5065 3492 5121 parcamus
3527 5063 3688 5118 pecn-

2098 5152 2200 5207 nize
2227 5169 2243 5206 :
2273 5165 2393 5204 nam
2428 5148 2517 5220 qni
2563 5147 2901 5203 facultatibus
2925 5146 3037 5200 suis
3073 5142 3270 5213 parcit.
3309 5141 3361 5196 in
3391 5155 3685 5212 pauperum

2096 5259 2286 5300 manus
2313 5259 2407 5298 eas
2433 5241 2684 5312 deponit,
2714 5240 2766 5295 in
2799 5239 3108 5293 thesaurum
3135 5243 3556 5296 sacrosanctum,
3578 5246 3688 5303 quo

2098 5353 2198 5392 nec
2222 5337 2475 5396 latrones.
2501 5348 2606 5400 nec
2630 5332 2791 5396 servi,
2823 5345 2920 5385 nec.
2945 5327 3287 5399 sycophanta:
3313 5324 3564 5390 malefici,
3587 5339 3688 5380 nec

2097 5431 2218 5486 ulla:
2268 5428 2570 5484 nmrtaliutn
2618 5425 2822 5480 insidia:
2864 5432 3143 5493 penetrare
3186 5419 3410 5472 valeant.
3459 5415 3610 5485 Quod
3637 5417 3684 5472 si

2095 5521 2255 5577 etiam
2303 5518 2385 5574 his
2423 5516 2617 5571 auditis
2655 5517 2794 5586 piget
2837 5523 2887 5567 te
2923 5529 2954 5568 c
2990 5511 3143 5564 Inuus
3168 5511 3270 5564 tuis
3297 5507 3534 5562 nonnihil
3562 5521 3683 5560 ero-

2094 5631 2241 5686 gare,
2285 5623 2338 5667 et
2386 5627 2557 5680 neque
2599 5609 2903 5677 centuplum
2937 5603 3320 5674 rceipicudutn,
3350 5617 3521 5671 neque
3549 5614 3680 5671 pan.

2097 5707 2239 5779 peris
2265 5707 2567 5768 calutnitas,
2595 5717 2766 5772 neque
2791 5698 2931 5755 aliud
2959 5698 3242 5771 quidquam
3269 5699 3482 5753 flet-tere
3513 5705 3562 5750 te
3592 5707 3685 5764 po.
