4110 6198
469 289 574 345 279

470 412 602 471 test,
647 417 830 474 reputa
873 423 1030 477 quam
1076 412 1237 466 multa
1286 416 1624 484 peccaveris,
1677 419 1952 488 ingredere
1998 422 2050 477 in

470 496 847 552 conscientiam
867 500 1204 566 delictorum,
1225 516 1414 560 excute
1435 523 1644 563 ornnem
1667 521 1840 565 actam
1866 514 2048 580 vitam,

467 597 713 642 accurate
753 600 926 644 errata
967 601 1051 646 tua
1091 609 1374 664 cognosce,
1405 609 1458 653 et
1498 602 1571 656 sis
1614 603 1736 658 licet
1778 604 2051 661 hominum

466 677 702 731 omnium
748 678 1240 752 inhumanissimus,
1282 699 1427 745 certe
1471 708 1664 760 pavore
1712 705 2049 764 peccatorum

466 767 610 820 omni
659 777 896 838 tempore
941 777 1278 845 compulsus,
1324 789 1377 834 et
1421 785 1787 840 remissionem
1835 799 2052 858 propter

463 854 856 929 eleemosynam
897 878 1148 932 sperans,
1182 869 1263 923 vel
1301 885 1494 940 corpus
1521 885 1665 928 tuum
1699 875 1913 946 insuper
1952 879 2047 932 im-

467 949 685 1014 pendes,
715 953 908 1008 nedum
937 960 1232 1025 pecuniam.
1279 963 1333 1018 Si
1363 967 1503 1020 enim
1531 970 1693 1023 saucii
1711 1012 1727 1034 ,
1755 981 1810 1026 et
1835 973 2050 1029 morbos

465 1043 774 1109 corporales
820 1044 1093 1116 depellere
1137 1053 1451 1121 cupientes,
1505 1060 1666 1114 nullis
1713 1060 2049 1120 facultatibus

467 1132 753 1199 parcimus,
771 1136 980 1192 etiamsi
995 1140 1360 1200 indumentum
1376 1147 1544 1217 ipsum
1557 1151 1946 1208 divendendum
1960 1155 2048 1220 sit,

467 1231 526 1276 ut
548 1225 616 1278 ab
647 1227 950 1285 infirmitate
974 1232 1063 1288 illa
1101 1235 1387 1292 liberemur
1415 1258 1431 1294 :
1464 1244 1629 1296 multo
1659 1247 1824 1315 magis
1854 1248 2048 1303 animae

467 1314 824 1372 infirmitatem
857 1329 910 1374 et
941 1325 1249 1391 gravissima
1282 1341 1616 1398 peccatorum
1644 1314 1860 1390 vulnera
1891 1353 2048 1392 cura-

466 1408 566 1460 turi
614 1424 708 1478 per
745 1412 1156 1485 eleemosynam,
1188 1435 1308 1474 cum
1359 1437 1564 1477 summa
1615 1427 1888 1483 alacritate
1929 1446 2045 1486 eam

464 1500 852 1556 exercebimus.
887 1506 1042 1575 Atqui
1068 1512 1276 1577 quoties
1302 1525 1528 1583 (egrotas
1547 1558 1561 1583 ,
1601 1531 1705 1572 non
1737 1521 1915 1574 statim
1944 1538 2046 1576 nu-

467 1598 664 1643 merata
694 1594 914 1660 pecunia
946 1595 1190 1653 liberaris
1217 1617 1244 1654 a
1278 1605 1466 1666 morbo
1492 1648 1506 1670 ,
1537 1608 1630 1662 sed
1675 1625 2048 1679 smpenumero

464 1689 516 1732 et
543 1681 776 1736 sectione
806 1699 940 1753 opus
969 1697 1070 1754 est,
1092 1699 1146 1744 et
1171 1695 1396 1759 ustione,
1423 1706 1477 1750 et
1502 1700 1698 1754 amaris
1727 1701 2046 1769 pharmacis,

463 1781 515 1823 et
544 1771 699 1837 fame,
729 1785 781 1828 et
809 1777 1022 1847 frigore,
1053 1791 1106 1834 et
1135 1785 1252 1837 aliis
1279 1789 1608 1855 gravioribus
1637 1795 1897 1846 mandatis
1924 1811 1936 1847 :
1965 1796 2048 1850 hic

463 1874 641 1916 autent
672 1880 774 1918 non
807 1868 913 1933 sic,
941 1870 1032 1924 sed
1063 1873 1193 1928 satis
1223 1886 1306 1930 est
1331 1879 1455 1932 dare
1483 1897 1726 1938 nummos
1767 1885 1817 1937 in
1863 1901 2049 1941 manus

469 1967 778 2022 pauperum,
797 1965 850 2010 et
870 1961 1046 2015 statim
1076 1963 1309 2022 ablueris
1338 1971 1512 2025 omnia
1542 1985 1775 2042 peccata,
1806 1977 1920 2030 sine
1945 1979 2050 2033 ullo

466 2043 545 2096 vel
572 2045 758 2102 dolore
789 2051 866 2104 vel
889 2052 1102 2109 'labore.
1147 2057 1380 2116 Medicus
1409 2064 1549 2118 enim
1578 2067 1664 2135 qui
1694 2069 1922 2123 animam
1957 2086 2051 2125 cu-

467 2143 568 2200 rat,
595 2153 698 2191 uou
732 2155 864 2207 opus
895 2143 1054 2200 habet
1081 2158 1212 2215 arte,
1244 2168 1348 2206 non
1378 2155 1744 2214 instrumentis
1767 2162 1915 2225 artis,
1943 2179 2047 2218 non

463 2226 604 2282 ferro
627 2241 715 2285 aut
740 2232 860 2302 igne
886 2253 901 2288 :
923 2237 1015 2291 sed
1044 2240 1190 2294 Solus
1221 2253 1380 2300 nutus
1408 2247 1624 2317 sufficit,
1643 2266 1705 2305 ac
1727 2268 1848 2307 mox
1870 2256 2048 2310 omnia

464 2331 675 2388 peccata
705 2324 770 2378 ab
793 2327 970 2382 anima
996 2333 1305 2389 auferuntur
1325 2346 1379 2392 et
1405 2351 1744 2398 evanescunt.

533 2411 587 2465 9.
632 2411 1003 2472 Monac/torum
1049 2426 1178 2477 dura
1225 2428 1421 2482 vivendi
1467 2435 1615 2487 ratio.
1649 2466 1719 2476 -ο
1754 2436 1868 2492 Νοη
1901 2439 2049 2495 vides

463 2506 752 2560 monachos
781 2509 910 2563 istos
931 2513 1017 2580 qui
1039 2516 1330 2572 solitariam
1358 2523 1517 2577 vitam
1549 2528 1962 2596 amplectuntur,
1993 2543 2046 2586 et

462 2598 514 2646 in
555 2598 780 2652 vertices
810 2602 1068 2657 montium
1099 2609 1392 2677 secedunt,
1425 2628 1580 2681 quam
1612 2617 1797 2670 duram
1837 2620 2049 2676 vivendi

453 2686 722 2742 rationem
753 2690 1052 2758 perferant?
1081 2696 1288 2753 Etenim
1313 2703 1547 2758 cinerem
1571 2707 1669 2762 sibi
1697 2709 2047 2767 substernen-

464 2785 564 2841 tes,
608 2786 662 2831 et
703 2793 917 2836 saccum
964 2781 1266 2854 induentes,
1308 2800 1362 2845 et
1399 2796 1600 2850 catenis
1647 2796 1836 2853 ferreis
1880 2810 2046 2857 totum

461 2882 656 2935 corpus
684 2869 1054 2940 degravantes,
1084 2887 1139 2931 et
1177 2879 1229 2932 in
1269 2897 1392 2936 casa
1431 2885 1635 2955 seipsos
1670 2890 2048 2949 concludentes

461 2958 678 3014 assidue
701 2975 822 3015 cum
856 2962 993 3021 fame
1015 2967 1300 3038 luctantur,
1336 2974 1390 3028 in
1417 2974 1544 3031 fletu
1571 2980 1756 3036 vivunt
1782 2993 1834 3036 et
1857 2985 2047 3054 vigiliis

462 3047 902 3118 intolerabilibus,
945 3062 1006 3110 ut
1050 3069 1252 3128 partem
1299 3065 1528 3135 aliquam
1577 3047 1935 3138 peccatorum.
1956 3077 2050 3131 ab-

467 3143 610 3196 luant
641 3159 655 3195 :
690 3145 779 3200 tibi
803 3162 928 3204 vero
955 3150 1077 3206 licet
1102 3154 1218 3210 sine
1244 3159 1388 3212 omni
1425 3159 1514 3216 illo
1546 3163 1681 3218 duro
1706 3165 1844 3220 victu
1882 3184 2048 3238 expe-

463 3232 627 3288 ditam
674 3235 810 3292 hanc
839 3248 892 3294 et
921 3240 1130 3299 facilem
1175 3246 1388 3316 pietatis
1424 3251 1562 3306 viam
1595 3252 1820 3323 ingredi.
1865 3232 2049 3323 Qualis

460 3325 624 3391 enim,
657 3342 809 3395 rogo,
840 3329 993 3386 labor
1029 3343 1129 3398 est,
1167 3337 1247 3392 his
1283 3355 1401 3408 quae
1429 3343 1622 3396 adsunt
1658 3344 1792 3410 frui,
1825 3349 2047 3417 etquod

460 3427 708 3486 superest
729 3420 780 3472 in
811 3435 1009 3491 egenos
1029 3425 1332 3484 insumere?
1357 3431 1488 3486 Nam
1511 3435 1716 3490 etiamsi
1741 3439 1883 3492 nulla
1906 3455 2046 3495 mer-

462 3523 553 3562 ces
577 3521 718 3566 esset
747 3516 1038 3582 proposita,
1070 3519 1276 3573 etiamsi
1307 3537 1410 3575 non
1437 3532 1540 3578 tam
1566 3528 1738 3596 ampla
1771 3531 2048 3586 retributio

463 3603 720 3671 praalinita
752 3615 910 3670 esset,
942 3622 1117 3663 annon
1150 3613 1233 3665 vel
1255 3613 1366 3681 ipsa
1398 3615 1473 3668 rei
1502 3628 1684 3672 natura
1708 3626 2047 3689 quantumvis

465 3692 767 3749 inhumanis
797 3699 1116 3764 persuadere
1148 3713 1368 3771 poterat,
1393 3715 1445 3760 ut
1463 3722 1526 3761 eo
1547 3712 1684 3778 quod
1708 3710 1835 3781 ipsis
1855 3727 2045 3782 super-

463 3793 545 3837 est
571 3785 636 3838 ad
661 3802 951 3858 egenorum
979 3792 1215 3849 solamen
1257 3801 1568 3854 uterentur?
1597 3801 1745 3857 Nunc
1773 3819 1894 3859 cum
1926 3815 2045 3859 tan-

465 3883 572 3928 tum
594 3891 911 3935 coronarum
931 3923 946 3948 ,
981 3891 1183 3940 tantmn
1211 3888 1612 3946 retributionum
1637 3933 1652 3958 ,
1684 3903 1826 3949 tanta
1854 3911 2044 3965 pecea-

465 3977 638 4024 torum
666 3971 861 4028 ohlivio
889 3988 986 4044 per
1004 3977 1399 4050 elcemosynam
1430 3992 1665 4053 paretur,
1688 4003 1867 4056 quam,
1892 4004 2041 4060 rogo,

459 4062 856 4118 excusationem
883 4065 1169 4133 habebunt,
1202 4073 1290 4141 qui
1315 4075 1550 4142 pecunia:
1578 4089 1820 4147 parcunt,
1854 4089 1908 4135 et
1930 4084 2045 4136 ani-

462 4167 602 4206 mam
654 4170 803 4211 suam
853 4157 905 4211 in
953 4160 1272 4228 profuudmn
1317 4176 1651 4234 peccatorum
1699 4171 2044 4242 demergunt?

461 4241 595 4297 Nam
624 4245 832 4301 etiamsi
871 4249 1001 4303 nihil
1029 4251 1168 4306 aliud
1200 4262 1250 4308 te
1281 4267 1490 4311 moveat
1517 4269 1571 4312 et
1599 4260 1793 4315 excitet
1818 4241 2044 4317 adeun-

461 4335 747 4394 dolendum
778 4350 829 4394 et.
856 4341 924 4396 ad
950 4343 1178 4401 dandam
1209 4349 1619 4421 eleemosynam,
1644 4354 1830 4408 saltem
1859 4368 2041 4425 reputa

462 4441 619 4495 quam
662 4429 895 4486 incertus
937 4434 1008 4488 sit
1048 4437 1168 4492 vita:
1212 4439 1352 4505 finis,
1382 4451 1435 4496 et
1463 4444 1634 4513 cogita
1663 4445 1805 4514 quod
1834 4449 2040 4503 etiamsi

463 4520 784 4587 pauperibus
807 4539 912 4577 non
939 4524 1054 4593 des,
1086 4538 1257 4584 morte
1289 4540 1462 4587 tamen
1487 4536 1915 4604 superveniente,
1949 4555 2042 4595 ve-

463 4607 527 4660 lis
567 4610 722 4675 nolis,
757 4621 873 4668 tuas
907 4629 994 4670 res
1026 4618 1144 4671 aliis
1178 4633 1235 4673 es
1263 4635 1528 4678 cessurus.
1574 4625 1712 4696 Ergo
1739 4627 2043 4696 dispensato

461 4695 672 4753 divitias
703 4709 837 4768 tuas,
869 4715 924 4758 et
951 4704 1076 4760 dum
1109 4709 1260 4776 licet,
1294 4711 1556 4770 humanus
1594 4695 1729 4772 esto.
1779 4695 2042 4776 Eilrema:

463 4789 604 4844 enim
637 4799 866 4851 vesanite
897 4797 1072 4866 fuerit,
1097 4817 1157 4855 ea
1183 4806 1371 4872 quibus
1393 4808 1474 4862 vel
1499 4809 1691 4864 invitus
1717 4811 1837 4866 aliis
1862 4827 2040 4867 cessu-

462 4898 554 4938 rus
581 4900 639 4939 es
657 4927 672 4948 ,
713 4888 852 4943 nolle
883 4889 1237 4961 indigentibus
1264 4900 1659 4957 communicare
1689 4902 1856 4968 ultro,
1885 4903 2042 4973 idque

463 4992 583 5034 eum
616 4988 757 5035 tanta
788 4984 922 5039 bona
961 5002 1024 5040 ex
1071 4987 1170 5044 hac
1209 4989 1532 5062 benignitate
1561 4994 1653 5049 tibi
1681 4995 1786 5050 sint
1812 5011 2039 5066 proven-

465 5081 598 5128 tura.
647 5073 716 5129 Ut
745 5086 925 5145 vestra,
955 5077 1141 5150 inquit,
1171 5083 1317 5151 copia
1337 5095 1597 5138 succurrat
1627 5087 1830 5140 illorum
1857 5089 2044 5157 inopia:

465 5165 540 5237 (2.
574 5167 691 5222 Cor.
715 5170 767 5225 8.
799 5172 912 5242 Η).
960 5173 1095 5242 Quid
1131 5184 1212 5230 est
1250 5185 1426 5230 autem
1464 5177 1605 5245 quod
1643 5177 1804 5232 dicit?
1844 5180 2041 5247 Majnra

464 5261 678 5332 accipis,
699 5280 854 5335 quam
879 5266 992 5321 das.
1027 5269 1130 5323 Das
1159 5271 1446 5335 sensibilia,
1472 5270 1668 5340 accipis
1691 5271 2037 5343 intelligibilia

467 5363 516 5408 rt
561 5357 889 5426 spiritualia;
935 5360 1032 5415 das
1081 5363 1356 5431 pecuniam
1383 5405 1397 5429 ,
1430 5365 1626 5433 accipis
1672 5366 2039 5420 remissionem

462 5458 838 5516 peccatorum;
870 5451 1061 5507 liberas
1093 5470 1376 5522 pauperem
1408 5471 1436 5510 a
1469 5455 1628 5522 fame,
1660 5457 1746 5512 ille
1776 5466 1826 5512 te
1853 5457 2043 5511 liberat

462 5537 530 5590 ab
560 5539 632 5594 ira
658 5539 856 5598 divina.
892 5543 1270 5599 Retributionis
1301 5546 1401 5601 hoc
1425 5563 1589 5616 genus
1614 5556 1695 5603 est
1721 5557 1774 5602 ct
1802 5549 2041 5618 negotia-

465 5629 654 5690 tionis,
704 5633 843 5699 quod
896 5635 1149 5703 majorem
1193 5655 1255 5691 ac
1299 5640 1561 5695 utiliorem
1611 5639 1836 5693 reditum
1885 5639 2040 5693 habet

460 5737 622 5789 quam
645 5734 930 5793 sumptum.
963 5728 1090 5794 Nam
1117 5743 1354 5800 sumptus
1386 5735 1724 5802 pecuniarum
1755 5743 1832 5788 est
1861 5750 1871 5784 :
1904 5732 2040 5787 redi-

1297 302 1354 356 S.
1387 302 1664 361 JO.\NN|S
1703 305 2175 364 CIIRYSOSTOMI
2216 311 2529 370 AllClillﬁl’.
2573 317 3099 381 CUNSTANTINOP.

3641 319 3742 374 9.κο

2164 434 2245 478 tus
2275 441 2518 483 veronon
2534 435 2783 499 pecunias
2808 435 2961 491 affert
2989 445 3215 504 tantum,
3244 437 3336 494 sed
3363 439 3518 494 etiam
3549 457 3736 496 remis-

2158 515 2362 571 sionem
2387 533 2746 589 peccatorum,
2771 525 3036 598 simulque
3065 529 3308 584 fiduciam
3329 546 3450 601 erga
3471 531 3658 598 Deum,
3688 544 3738 589 et.

2159 622 2378 676 regnum
2410 611 2683 677 ezelorum,
2714 625 2766 669 et
2807 617 2942 672 bona
2980 619 3066 674 illa
3096 619 3214 690 quae
3245 636 3418 690 neque
3445 624 3627 677 oculus
3655 625 3735 678 vi-

2157 697 2264 762 dit,
2299 715 2396 755 nec
2422 704 2565 756 auris
2592 706 2825 773 audivit,
2856 723 2954 764 nec
2979 711 3030 764 in
3060 726 3152 765 cor
3180 711 3412 766 hominis
3449 713 3737 769 adscende-

2157 797 2280 842 runt
2313 789 2386 861 (f.
2417 791 2535 846 Cor.
2566 794 2620 847 2.
2654 795 2731 865 9).
2783 798 2976 854 Annon
3024 801 3182 871 igitur
3222 803 3510 858 absurdum
3533 845 3548 869 ,
3597 805 3735 876 quod

2157 882 2510 950 negotiatores
2540 888 2670 942 nulli
2715 890 2788 944 rei
2827 901 3077 960 parcant,
3124 891 3282 963 idque
3319 908 3438 948 cum
3479 912 3582 950 non
3623 899 3735 952 sin—

2153 973 2354 1041 gularia
2397 977 2639 1044 qumdam
2664 1021 2678 1043 ,
2721 983 2816 1037 sed
2858 985 3000 1052 paria
3046 984 3156 1040 fere
3195 985 3409 1053 paribus
3437 997 3735 1056 permutare

2153 1071 2358 1126 soleant
2383 1091 2394 1126 :
2416 1089 2512 1128 nos
2531 1090 2679 1144 vero,
2698 1091 2816 1131 eum
2846 1093 2948 1132 non
2975 1079 3337 1148 corruptibilia
3361 1088 3416 1135 et
3443 1093 3737 1136 momenta-

2157 1177 2253 1215 nea
2278 1204 2292 1226 ,
2321 1164 2415 1218 sed
2465 1166 2882 1237 incorruptibilia
2911 1179 2963 1224 ct
2987 1171 3310 1240 sempiterna
3342 1172 3495 1226 liceat
3521 1188 3618 1241 pro
3643 1190 3734 1227 no-

2155 1253 2278 1306 stris
2304 1257 2734 1324 corruptibilibus
2758 1275 2821 1313 ac
2851 1261 3236 1315 momentaneis
3261 1271 3606 1327 commutare,
3631 1279 3735 1318 non

2153 1343 2396 1398 eamdem
2427 1361 2583 1414 quam
2617 1348 2688 1401 illi
2718 1349 3044 1420 diligentiam
3074 1350 3456 1405 adhibeamus?

2226 1433 2381 1489 Fides
2406 1437 2593 1506 indiget
2619 1441 2810 1494 auxilio
2841 1441 3086 1510 Spiritus.
3143 1439 3223 1496 Ea:
3264 1442 3507 1512 pravitate
3542 1460 3736 1497 morum

2157 1526 2321 1578 oritur
2345 1527 2686 1584 incredulitas.
2706 1561 2778 1571 —
2805 1530 2919 1584 Non
2949 1531 3038 1596 ita,
3065 1531 3274 1594 fratres,
3307 1547 3412 1585 non
3445 1533 3512 1585 ita
3541 1543 3737 1588 nostra:

2153 1614 2310 1669 saluti
2338 1616 2476 1671 male
2503 1619 2861 1685 consulamus,
2893 1620 2985 1674 sed
3017 1622 3145 1674 moti
3174 1623 3418 1691 exemplo
3449 1623 3732 1690 virginum,

2154 1715 2416 1759 eteorum
2455 1708 2544 1776 qui
2588 1707 2853 1762 ducuntur
2878 1709 2928 1764 in
2962 1710 3134 1779 ignem
3173 1722 3410 1780 paratum
3449 1712 3658 1767 diabolo
3685 1723 3738 1767 et

2153 1799 2357 1867 angelis
2382 1799 2528 1869 ejus,
2563 1816 2627 1855 eo
2653 1801 2792 1869 quod
2817 1817 2918 1856 non
2951 1803 3198 1865 aluerint,
3240 1819 3412 1874 neque
3441 1806 3735 1875 potaverint

2153 1889 2422 1943 Christum
2446 1932 2460 1957 ,
2493 1890 2819 1947 retineamus
2849 1894 3016 1947 sancti
3047 1892 3278 1962 Spiritus
3303 1895 3474 1964 ignem
3506 1911 3598 1965 per
3626 1897 3736 1951 lar-

2153 1997 2270 2051 gam
2315 1981 2692 2052 benignitatem
2724 1995 2780 2039 et
2806 1985 3049 2053 profusas
3073 1985 3440 2056 eleemosynas
3461 2029 3475 2054 ,
3506 2005 3571 2043 ne
3595 1991 3735 2044 circa

2155 2071 2312 2125 fidem
2343 2073 2678 2143 naufragium
2715 2075 2988 2131 faciamus.
3029 2075 3187 2132 Fides
3225 2078 3366 2132 enim
3405 2095 3537 2148 npus
3579 2081 3736 2137 habet

2152 2165 2348 2219 auxilio
2375 2166 2603 2234 Spiritus
2627 2183 2691 2222 ac
2719 2170 3110 2237 perseverantia
3134 2212 3147 2234 ,
3179 2179 3235 2223 ut
3262 2169 3575 2225 inconcussa
3610 2188 3733 2240 per-

2154 2267 2364 2312 maneat
2392 2275 2404 2310 :
2437 2258 2689 2313 auxilium
2733 2271 2911 2315 autem
2951 2260 3181 2330 Spiritus
3214 2261 3334 2315 vitm
3361 2263 3586 2330 puritate
3617 2281 3735 2318 mo-

2153 2347 2404 2418 ribusque
2441 2349 2675 2420 probatis
2721 2352 2935 2406 retineri
2971 2351 3109 2421 apud
3152 2366 3249 2406 nos
3286 2353 3442 2407 solet.
3491 2353 3664 2419 Quare
3691 2355 3735 2408 si

2152 2441 2396 2509 cupimus
2447 2441 2604 2496 fidem
2659 2443 2945 2497 radicatam
3000 2441 3229 2509 habere,
3277 2443 3484 2497 vivendi
3530 2444 3737 2500 ratiOne

2155 2546 2284 2600 pura
2334 2533 2486 2585 nobis
2531 2549 2664 2602 opus
2713 2543 2810 2599 est,
2855 2549 2973 2604 qua:
3016 2533 3270 2603 Spiritum
3301 2539 3602 2602 retineat,a
3631 2553 3738 2603 quo

2155 2632 2315 2676 totam
2344 2623 2462 2677 fidei
2495 2625 2598 2678 vim
2631 2623 2935 2692 dependere
2959 2636 3185 2679 constat.
3240 2625 3567 2694 Impossibile
3590 2627 3735 2682 enim

2152 2722 2254 2778 est,
2283 2713 2613 2781 impossibile
2644 2715 2881 2784 profecto
2906 2716 2948 2770 si
2987 2718 3145 2770 vitam
3175 2717 3437 2786 impuram
3465 2717 3658 2774 habeas
3681 2721 3734 2774 iu

2153 2802 2257 2858 fide
2285 2819 2391 2857 non
2413 2805 2681 2859 vacillare.

2225 2892 2309 2946 10.
2351 2892 2508 2949 Certe
2534 2894 2623 2963 qui
2659 2893 2724 2949 de
2762 2895 2871 2950 fato
2898 2907 3179 2966 nugantur,
3211 2906 3262 2953 et
3291 2898 3512 2953 salutari
3539 2899 3607 2955 de
3636 2917 3724 2954 re.-

2151 2986 2479 3039 surreetione
2501 2987 2733 3040 sermoni
2759 3003 2862 3042 ron
2885 2988 3132 3056 credunt,
3155 2989 3223 3043 ob
3247 2991 3433 3045 malam
3460 2993 3736 3047 conscien-

2153 3076 2279 3129 tiam
2309 3085 2362 3130 et
2385 3091 2559 3131 mores
2588 3077 2906 3147 depravatos
2946 3081 2997 3133 in
3040 3080 3140 3134 hoe
3171 3082 3551 3136 incredulitatis
3577 3083 3732 3138 bara-

2153 3167 2329 3221 thrum
2370 3171 2575 3238 seipsos
2615 3171 2962 3240 praecipitant.
3001 3171 3067 3225 Et
3106 3173 3551 3241 quemadmodum
3583 3175 3730 3231 febre

2152 3256 2475 3324 laborantes,
2505 3259 2630 3314 dum
2660 3261 2845 3316 volunt
2871 3261 3239 3317 :estuationem
3271 3262 3558 3333 depellere,
3591 3281 3733 3337 saepe

2153 3353 2202 3403 in
2233 3350 2473 3420 frigidam
2502 3367 2692 3422 aquam
2723 3367 2843 3408 sese
2868 3354 3184 3424 projieiunt,
3221 3365 3274 3410 et
3300 3356 3566 3426 paulisper
3589 3359 3730 3411 miti-

2148 3451 2272 3511 gato
2316 3443 2490 3509 malo,
2539 3445 2835 3513 graviorem
2877 3443 2976 3498 sibi
3012 3444 3260 3500 ardorem
3302 3445 3595 3502 accendunt
3622 3467 3635 3500 :
3662 3449 3728 3501 ita

2149 3533 2236 3602 qui
2286 3533 2422 3586 mala
2459 3533 2785 3588 conscientia
2831 3544 3178 3604 premuntur,
3219 3543 3272 3590 et
3312 3537 3728 3592 consolationem

2147 3623 2377 3692 aliquam
2403 3633 2665 3692 quarrunt,
2699 3640 2798 3680 nec
2828 3634 3002 3680 tamen
3031 3628 3212 3681 volunt
3241 3642 3336 3698 per
3364 3629 3727 3697 ptenitentiam

2149 3723 2364 3783 peccata
2393 3715 2628 3781 abluere,
2671 3716 2738 3770 ad
2769 3717 2859 3771 fati
2893 3716 3221 3787 tyrannidem
3247 3759 3260 3783 ,
3290 3727 3345 3772 et
3374 3721 3722 3774 resurrectio-

2148 3805 2230 3860 nis
2266 3804 2574 3876 confugiunt
2613 3807 3020 3876 abnegationem
3053 3825 3065 3861 :
3093 3816 3254 3876 atque
3284 3807 3384 3862 hoc
3414 3817 3570 3877 pacto
3597 3809 3722 3863 dum

2147 3912 2206 3953 se
2235 3898 2289 3952 in
2320 3898 2418 3953 hac
2446 3900 2549 3953 vita
2579 3899 2780 3969 frigidis
2822 3899 3114 3954 rationibus
3143 3899 3411 3970 paulisper
3443 3904 3726 3957 consolan-

2149 4001 2262 4058 tur,
2306 3991 2563 4060 majorem
2614 3991 2871 4061 gehennae
2913 3990 3181 4045 flammam
3233 3992 3334 4046 sibi
3387 3994 3724 4057 accendunt;

2147 4083 2571 4153 quandoquidem
2617 4083 2888 4154 segniores
2934 4083 3019 4136 hie
3063 4081 3225 4149 facti,
3269 4092 3548 4154 postquam
3604 4085 3726 4139 illuc

2145 4174 2459 4228 devenerint
2480 4214 2494 4238 ,
2543 4172 2798 4228 videbunt
2828 4188 2926 4242 pro
2955 4174 3066 4228 suis
3093 4188 3358 4242 quemque
3388 4175 3614 4243 peccatis
3643 4175 3730 4230 dc-

2147 4266 2251 4319 bita
2303 4265 2558 4335 supplicia
2609 4265 2933 4333 persolvere.
2990 4264 3058 4318 Et
3110 4273 3168 4319 ut
3220 4265 3320 4319 hoc
3371 4280 3552 4318 verum
3603 4281 3726 4320 esse

2145 4356 2359 4418 sciatis,
2400 4354 2521 4408 fidei
2565 4370 2756 4424 nempe
2797 4354 2958 4409 robur
2998 4354 3134 4408 mala
3178 4369 3343 4423 opera
3383 4354 3727 4410 vehementer

2147 4445 2402 4515 impedire
2428 4488 2442 4511 ,
2487 4444 2664 4500 audite
2703 4445 2831 4515 quid
2877 4445 3070 4500 Paulus
3109 4445 3252 4499 dicat
3289 4447 3353 4498 ad
3383 4445 3724 4500 Timotheum

2145 4536 2386 4590 scribens
2417 4551 2431 4588 :
2468 4535 2534 4589 Ut
2564 4536 2742 4589 milites
2766 4575 2780 4600 ,
2813 4535 3021 4604 inquit,
3054 4537 3300 4606 egregiam
3333 4537 3562 4589 militiam
3587 4579 3602 4601 ,
3635 4538 3728 4589 Ita-

2146 4629 2262 4682 bens
2289 4629 2440 4696 ﬁdem
2472 4645 2532 4681 ac
2558 4629 2737 4681 bonam
2761 4629 3116 4682 conscientiam
3162 4629 3330 4698 (bona
3379 4639 3558 4683 autem
3598 4645 3726 4683 eou-

2145 4722 2361 4775 seientia
2401 4737 2466 4775 ex
2506 4723 2610 4775 vita
2655 4729 2708 4775 et
2740 4721 2988 4790 operibus
3013 4723 3163 4776 bonis
3183 4724 3489 4790 contingere
3509 4720 3682 4794 solet)
3709 4740 3722 4775 :

2143 4829 2292 4882 quam
2320 4813 2557 4881 quidam,
2591 4812 2787 4882 inquit,
2821 4812 3134 4882 repellentes,
3163 4815 3297 4865 circa
3325 4815 3476 4881 ﬁdem
3514 4819 3726 4884 naufra-

2145 4907 2280 4974 gitmt
2299 4906 2517 4973 fecerunt
2541 4905 2618 4970 (l.
2641 4902 2773 4957 Tim.
2808 4905 2860 4957 l.
2903 4903 2988 4959 18.
3024 4904 3133 4971 19).
3153 4903 3379 4958 Rursum
3409 4903 3532 4957 alibi
3567 4921 3582 4957 :
3616 4903 3724 4958 Ra-

2145 4995 2234 5047 dix.
2261 4995 2481 5046 omnium
2512 4995 2758 5046 titulorum
2787 5003 2859 5047 est
2887 4995 3099 5047 avaritia
3123 5036 3135 5055 ,
3172 5011 3259 5060 per
3287 4996 3434 5065 cujus
3469 4995 3722 5062 cupidita-

2145 5100 2241 5142 tem
2280 5087 2484 5155 quidam
2529 5104 2560 5140 a
2607 5087 2708 5156 fide
2748 5086 3098 5140 aberraverunt
3125 5085 3178 5152 (ι
3191 5086 3290 5139 bid.
3323 5089 3377 5142 6.
3407 5089 3532 5157 10).
3571 5087 3724 5142 Vides

2147 5191 2255 5234 tum
2284 5181 2403 5234 illos
2432 5188 2709 5248 promerea
2737 5177 3066 5248 naufragium
3097 5177 3283 5231 fecisse
3307 5219 3322 5242 ,
3357 5186 3465 5231 tum
3497 5179 3627 5232 istos
3653 5180 3725 5232 ob

2147 5272 2249 5326 hoc
2276 5273 2445 5341 ipsum
2470 5270 2803 5325 aberravisse
2823 5285 2835 5322 :
2859 5270 3107 5338 quoniam
3133 5269 3205 5321 illi
3229 5269 3419 5322 bonam
3447 5272 3725 5325 conscien-

2147 5366 2271 5418 tiam
2305 5363 2634 5432 repulerunt,
2668 5361 2754 5416 isti
2779 5375 2908 5415 vero
2933 5355 3168 5414 avaritia:
3197 5360 3568 5415 adlueserunt?
3595 5360 3724 5428 Qua:

2145 5455 2355 5525 quidem
2385 5455 2562 5508 omnia
2587 5457 2882 5522 cogitantes
2904 5491 2921 5519 ,
2952 5465 3194 5520 magnam
3227 5466 3407 5505 curam
3437 5451 3724 5507 habeamus

2145 5547 2264 5598 vita:
2292 5559 2446 5614 quam
2476 5545 2674 5612 optime
2703 5539 3070 5605 instituendze,
3093 5549 3150 5595 ut
3177 5541 3370 5610 duplex
3403 5542 3554 5597 nobis
3581 5557 3721 5596 mer-

2145 5655 2234 5693 ces
2263 5638 2553 5708 contingat,
2587 5655 2688 5693 una
2716 5654 2779 5692 ex
2811 5653 3030 5707 operum
3061 5639 3406 5694 retributione
3427 5680 3441 5703 ,
3471 5639 3635 5695 altera
3659 5655 3721 5694 ex

2152 5732 2271 5788 fidei
2299 5732 2510 5788 robore.
2537 5733 2685 5787 Sicut
2712 5733 2852 5788 enim
2881 5747 2937 5789 se
2965 5731 3122 5788 habet
3150 5731 3214 5786 ad
3239 5740 3451 5792 cornva,
3479 5726 3552 5782 ita
3579 5741 3719 5788 recta
