4110 6198
470 320 535 375 79
1043 319 1129 372 DE
1165 317 1411 374 VERBIS
1453 317 1803 374 APOSTOLI.
1846 313 2211 369 IIAIRENTEQ
2250 311 2539 368 EUMDE.“
2582 306 2928 365 SPIRITUM.
2977 306 3041 360 Ιῐ.

432 434 574 505 μετά
604 429 879 505 ἀκριϐείας
898 444 912 461 ⁸
950 427 1051 482 κᾶν
1100 428 1351 480 ἁπάντων
1374 424 1676 496 ἀνθρώπων
1700 424 2003 495 ἀπηνέστε-

432 533 526 589 ρος
563 512 652 590 ᾖς,
697 513 914 574 πάντως
948 510 1052 562 ὑπὸ
1098 507 1193 562 τοῦ
1253 507 1562 590 φόϐουντῶν
1598 505 2002 577 ἡμαρτημένων

432 616 514 652 σοι
561 589 714 667 παρά
745 595 919 648 πάντα
947 593 1038 646 τὸν
1071 592 1261 663 χρόνον
1304 589 1636 660 ὠθούμενος,
1667 591 1762 643 καὶ
1785 589 1871 641 διὰ
1906 590 2004 659 τῆς

431 680 799 752 ἐλεημοσύνης
835 676 1026 745 ἄφεσίν
1056 693 1138 729 σοι
1162 673 1474 746 προσδοκῶν
1497 672 1750 741 γενέσθαι
1776 672 2000 733 τούτων,

432 765 602 819 καὶτὸ
630 762 789 832 σῶμα
822 760 1108 822 ἐπιδῶσεις
1136 755 1354 821 σαυτοῦ,
1390 757 1520 826 μήτι
1542 772 1604 824 γε
1633 756 1910 826 χρήματα.
1942 756 2003 806 Et

430 848 541 920 7&9
592 845 887 917 τραύματα
936 842 1150 911 ἔχοντες
1176 879 1189 902 ,
1245 840 1337 893 καί⁵
1388 839 1667 907 νοσήματα
1718 838 2003 908 σωματικὰ

429 925 875 1000 ἀποκρούσασθαι
901 923 1232 995 βουλόμενοι,
1255 921 1468 984 ούδενδς
1482 920 1590 973 τῶν
1618 920 1789 973 ὄντων
1814 920 2004 989 φειδώ-

434 1009 593 1080 μεθα,
631 1009 732 1062 κᾶν
761 1007 893 1060 αὐτὸ
927 1005 987 1059 τὸ
1015 1004 1228 1075 ἱμάτιον
1252 1002 1549 1056 ἀποδόσθαι
1571 1001 1699 1066 δέοι,
1732 1001 1871 1054 ὥστε
1904 1002 2003 1069 τῆς

429 1091 741 1164 ἀρρωστίας
771 1088 1148 1157 ἀπαλλαγῆναι
1182 1088 1399 1157 ἐκείνης
1423 1101 1438 1117 ο
1468 1084 1648 1155 πολλῷ
1685 1084 1883 1156 μᾶλλον
1903 1083 2004 1153 τῆς

426 1175 607 1245 ψυχῆς
639 1173 948 1246 ἀρρωστίαν
986 1170 1338 1225 ἀποτίθεσθαι
1377 1168 1660 1240 μέλλοντες
1698 1167 1791 1221 καὶ
1815 1168 1884 1220 τὰ
1909 1185 2004 1237 χα-

428 1258 570 1310 λεπά
612 1256 720 1309 τῶν
761 1252 1177 1326 ἁμαρτημάτων
1202 1251 1496 1322 τραύματα
1533 1250 1620 1304 διὰ
1648 1252 1750 1321 τῆς
1779 1249 2003 1320 ἐλεημοο

431 1339 618 1410 σύνης,
674 1338 811 1409 μετά
850 1336 1030 1406 πάσης
1082 1333 1392 1406 προθυμίας
1420 1333 1590 1402 αὐτὴν
1620 1332 2000 1403 ἐργασώμεθά.

430 1422 624 1475 Καίτοι
649 1436 714 1488 γε
743 1420 835 1472 ἐπὶ
868 1418 967 1489 μὲν
998 1416 1107 1471 τῶν
1149 1416 1469 1486 νοσημάτων
1502 1417 1601 1469 ούκ
1626 1416 1771 1468 ἔστιν
1804 1414 2004 1477 εύθέως

429 1503 805 1558 καταϐαλόντα
827 1500 1092 1572 ἀργύριον
1116 1499 1495 1570 ἀπαλλαγῆναι
1521 1500 1619 1569 τῆς
1666 1499 1843 1557 νόσου,
1869 1496 2003 1550 ἀλλά

427 1586 506 1640 δεῖ
527 1588 621 1641 καὶ
646 1585 819 1656 τομῆς
845 1584 1106 1647 πολλάκις
1129 1584 1224 1636 καὶ
1248 1582 1495 1645 καύσεως
1512 1583 1607 1635 καὶ
1628 1580 1840 1651 πικρῶν
1867 1596 2005 1650 φαρ-

433 1670 645 1741 μάκων,
690 1669 785 1722 καὶ
820 1667 1004 1738 λιμοῦ,
1044 1666 1137 1720 καὶ
1164 1664 1391 1735 ψύχους,
1437 1665 1532 1719 καὶ
1578 1664 1780 1734 ἐτέρων
1819 1680 2004 1734 φορτι-

430 1752 686 1820 κωτέρων
711 1751 1099 1820 ἐπιταγμάτων
1119 1767 1133 1780 ·
1170 1747 1404 1801 ἐνταῦθα
1432 1747 1489 1800 δέ
1525 1747 1623 1816 οὐχ
1655 1745 1849 1808 οὕτως,
1887 1744 2001 1796 ἀλλ’

429 1835 591 1905 ἀρκεῖ
624 1833 948 1887 καταϐαλεῖν
980 1833 1040 1885 τὸ
1066 1831 1328 1903 ἀργύριον
1354 1833 1433 1894 είς
1475 1830 1574 1893 τάς
1610 1830 1719 1882 τῶν
1755 1828 2001 1897 πενήτων

429 1920 635 1990 χεῖρας,
669 1920 762 1972 καὶ
790 1918 968 1973 πάντα
999 1915 1200 1980 εὐθέως
1227 1915 1628 1969 ἀπολούσασθαι
1649 1912 1719 1965 τὰ
1748 1911 2003 1981 πεπλημ-

432 1999 712 2072 μελημένα
728 2001 895 2071 χωρὶς
919 1999 1112 2070 ὀδύνης
1138 1999 1233 2051 καὶ
1258 1997 1445 2051 πόνου.
1477 1998 1535 2050 Ὀ
1562 1997 1672 2067 γάρ
1702 1995 1802 2066 τὴν
1823 1994 2001 2063 ψυχὴν

429 2082 747 2155 θεραπεύων
785 2082 989 2154 ίατρδς,
1021 2084 1083 2136 οὐ
1133 2081 1303 2135 δεῖται
1344 2080 1581 2152 μεθόδων
1608 2080 1701 2133 καὶ
1729 2077 1999 2149 ὀργάνων,

427 2167 519 2220 καὶ
557 2165 777 2237 σιδήρου
815 2165 910 2218 καὶ
947 2163 1151 2235 πυρός’
1199 2163 1315 2217 ἀλλ’
1355 2164 1519 2233 ἀρκεῖ
1567 2161 1758 2216 νεῦσαι
1818 2159 2000 2231 μόνον,

426 2251 521 2306 καὶ
564 2250 742 2303 πάντα
777 2250 931 2319 ἐκρεῖ
962 2248 1062 2317 τῆς
1105 2248 1382 2318 ἡμετέρας
1422 2246 1601 2316 ψυχῆς
1640 2244 1711 2298 τά
1749 2243 2004 2314 πλημμε-

426 2332 663 2403 λήματα,
689 2331 784 2384 καὶ
807 2331 887 2394 είς
910 2330 971 2383 τὸ
998 2331 1075 2401 μὴ
1106 2329 1165 2383 δν
1198 2329 1539 2398 ἀφανίζεται.

496 2416 562 2471 θ’.
603 2415 716 2484 Ούχ
754 2415 887 2485 ὁρᾷς
922 2413 1049 2476 τοὺς
1078 2412 1348 2482 μοναχοὺς
1373 2412 1500 2474 τοὺς
1522 2411 1615 2464 τὸν
1643 2411 1854 2483 μονήρη
1890 2410 2002 2481 βίον

424 2497 825 2568 ἐπιθυμοῦντας
875 2495 970 2549 καὶ
1004 2497 1083 2557 είς
1109 2495 1208 2558 τὰς
1243 2493 1486 2565 κορυφάς
1529 2493 1637 2546 τῶν
1670 2493 1840 2565 ὀρέων
1867 2497 2001 2547 ἀνα-

424 2581 755 2655 χωροῦντας,
783 2581 915 2650 δσην
942 2579 1270 2649 ὑπομένουσι
1289 2576 1739 2648 σκληραγωγίαν;
1766 2579 1876 2631 Καὶ
1893 2580 2002 2649 γὰρ

424 2664 619 2719 σποδὸν
673 2661 1204 2734 ύποστρωννύμενοι,
1255 2660 1351 2714 καὶ
1414 2659 1618 2713 σάκκον
1678 2660 2002 2732 περιϐαλλό-

427 2763 598 2818 μενοι,
626 2746 721 2799 καὶ
748 2742 903 2798 κλοιά
937 2744 1102 2798 παντὶ⁵
1134 2741 1211 2812 τῷ
1239 2740 1452 2812 σώματι
1484 2741 1876 2811 περιτιθέντες,
1906 2742 2001 2795 καὶ

422 2830 482 2883 ἐν
507 2830 641 2900 οίκῳ
664 2828 1053 2899 καθείρξαντες
1111 2826 1357 2890 ἑαυτοὺς,
1402 2824 1545 2895 λιμῷ
1585 2826 1874 2880 παλαίουσι
1918 2826 1999 2880 δι-

422 2915 625 2985 ηνεκεῖ,
654 2913 872 2984 θρήνοις
889 2910 1090 2974 συζῶσι
1110 2909 1202 2961 καὶ
1227 2909 1557 2979 ἀγρυπνίαις
1571 2909 1885 2980 ἀφορήτοις,
1911 2911 1999 2963 ἵνα

420 2994 689 3066 δυνηθῶσι
727 2993 924 3065 μικρὸν
950 2990 1083 3060 γοῦν
1101 2991 1270 3062 μέρος
1287 2991 1393 3043 τῶν
1410 2991 1813 3060 ἡμαρτημένων
1829 2993 2000 3063 ἀπορ-

423 3079 711 3158 ῥίψασθαι·
751 3078 836 3131 σοὶ
872 3076 930 3129 δέ
969 3075 1147 3158 ἔξεστι
1193 3074 1507 3158 χωρὶςᾼτῆς
1576 3076 1998 3147 σκληραγωγίας

418 3156 639 3232 ἀπάσης
666 3161 883 3231 ἐκείνης
910 3158 1010 3230 τὴν
1044 3156 1265 3212 εὔκολον
1293 3156 1498 3227 ταύτην
1525 3160 1622 3212 καὶ
1666 3159 1857 3230 ῥᾳδίαν
1904 3158 1997 3212 εύ-

420 3244 643 3301 λάϐειαν
690 3241 1085 3308 ἐπιδείξασθαι.
1118 3242 1277 3303 Ποῖος
1310 3240 1419 3311 7&9
1463 3241 1662 3306 πόνος,
1714 3242 1837 3295 εἰπέ
1874 3259 1993 3313 μοι,

419 3325 528 3380 τῶν
560 3327 729 3381 ὄντων
765 3323 1157 3388 ἀπολαύοντας,
1202 3324 1272 3378 τά
1315 3324 1550 3396 περιττά
1578 3326 1677 3396 τῆς
1702 3324 1893 3397 χρείας
1915 3328 1997 3391 είς

418 3411 545 3473 τοὺς
575 3408 864 3480 δεομένους
898 3409 1208 3473 ἀναλῶσαις
1241 3411 1305 3463 El
1325 3409 1435 3480 7&9
1460 3409 1536 3480 μὴ
1573 3409 1765 3480 μισθὸς
1793 3408 1993 3473 ἔκειτο,

421 3493 470 3546 εί
496 3492 605 3562 γάρ
638 3492 713 3562 μὴ
746 3491 949 3563 ἀμοιϐὴ
990 3492 1229 3562 τοσαύτη
1279 3491 1501 3563 ὥριστο,
1534 3492 1675 3562 αὕτη
1715 3490 1812 3545 τοῦ
1856 3494 1995 3563 πρά-

421 3590 629 3644 γματος
665 3575 699 3644 ἡ
744 3574 906 3642 φύσις
942 3575 1041 3646 ούχ
1085 3573 1243 3645 ἱκανὴ
1274 3575 1517 3637 καὶτοὺς
1557 3574 1760 3646 σφόδρα
1791 3574 1995 3646 ἀνημέ-

424 3673 549 3725 ρους
576 3659 780 3723 πεῖσαι,
818 3661 928 3722 τοῖς
960 3658 1369 3730 περιττεύουσιν
1393 3657 1474 3721 είς
1502 3658 1857 3728 παραμυθίαν
1886 3660 1994 3712 τῶν

419 3738 687 3811 δεομένων
720 3740 1134 3811 ἀποχρήσασθαι
1162 3758 1177 3805 ;
1204 3742 1372 3794 Ὅταν
1397 3740 1453 3793 δὲ
1476 3741 1570 3793 καὶ
1596 3741 1840 3794 τοσοῦτοι
1875 3744 1994 3796 στέ-

419 3839 599 3890 φανοι,
639 3824 734 3876 καὶ
760 3821 1020 3876 τοσαῦται
1052 3822 1296 3893 ἀμοιϐαὶ,
1348 3824 1444 3876 καὶ
1474 3823 1712 3895 τοσαύτη
1743 3825 1993 3896 ἁμαρτη-

424 3904 607 3974 μάτων
635 3905 911 3975 ἀμνηστία
943 3904 1030 3957 διά
1054 3905 1152 3974 τῆς
1176 3905 1297 3975 ἐλεη
1307 3904 1543 3975 μοσύνης
1567 3905 1801 3976 γίνηται,
1835 3909 1992 3961 ποίαν

418 3988 631 4052 ἐξουσιν
660 3987 977 4056 ἀπολογίαν,
1001 3988 1122 4040 εἰπέ
1150 4003 1264 4057 μοι,
1289 3987 1340 4039 οἱ
1364 3987 1666 4059 χρημάτων
1687 3988 1991 4058 φειδόμενοι

421 4072 514 4124 καὶ
548 4071 650 4143 τὴν
690 4070 871 4141 ψυχὴν
921 4069 1019 4141 τὴν
1073 4068 1283 4122 ἑαυτῶν
1344 4068 1829 4135 καταποντίξοντες
1878 4074 1991 4136 τοῖς

421 4156 848 4226 ἀμαρτήμασινς
903 4154 967 4207 El
1016 4152 1125 4226 7&9
1158 4154 1252 4207 καὶ
1301 4154 1465 4225 μηδέν
1511 4171 1571 4207 σε
1618 4154 1802 4224 ἔτερον
1853 4159 1994 4209 κινεί

419 4238 515 4290 καὶ
568 4237 872 4307 διανίστησι
897 4236 1034 4307 πρὸς
1075 4234 1419 4307 συμπάθειαν
1446 4238 1541 4291 καὶ
1593 4237 1729 4307 πρὸς
1764 4239 1993 4309 ἐλεημο-

421 4319 607 4390 σύνην,
641 4319 740 4391 τῆς
782 4319 1036 4390 τελευτῆς
1088 4318 1187 4391 τὴν
1233 4320 1461 4389 ἀδηλίαν
1502 4320 1820 4390 ἀναλόγισαι
1847 4340 1861 4354 ο
1899 4323 1992 4376 καὶ

419 4402 740 4473 ἐνθυμηθεὶς
760 4414 808 4463 ι,
841 4403 922 4456 δτι
955 4402 1059 4455 κᾶν
1082 4400 1158 4472 μὴ
1184 4401 1380 4471 πένησι
1404 4401 1531 4471 δῷς,
1562 4404 1880 4468 ἐπελθόντος
1899 4405 1990 4459 τοῦ

419 4485 645 4539 θανάτου
670 4486 764 4539 καὶ
793 4486 942 4540 ἄκων
973 4486 1213 4556 ἐκστήσῃ
1250 4484 1460 4555 ἑτέροις
1494 4486 1694 4551 αὐτῶν,
1723 4488 1825 4541 κᾶν
1845 4489 1991 4543 οὕτω

418 4569 577 4637 γενοῦ
617 4568 996 4640 φιλάνθρωπος
1028 4566 1142 4621 νῦν.
1172 4568 1281 4620 Καὶ
1313 4568 1421 4639 7&9
1458 4570 1690 4640 ἐσχάτης
1721 4572 1906 4635 ἀνοίας
1923 4573 1989 4626 ἂν

420 4654 528 4725 εἴη.
564 4648 641 4709 ὧν
683 4653 781 4707 καὶ
820 4654 1045 4716 ἄκοντες
1084 4651 1400 4715 ἐξίστασθαι
1443 4652 1739 4723 μέλλομεν,
1782 4656 1989 4726 ἑτέροις

418 4734 573 4809 {368]
603 4736 807 4790 τούτων
840 4736 916 4807 μὴ
961 4733 1285 4806 μεταδοῦναι
1306 4735 1531 4799 ἐκόντας
1554 4739 1664 4798 τοῖς
1688 4736 1984 4807 δεομένοις,

418 4818 707 4873 καὶταῦτα
734 4818 1021 4890 μέλλοντας
1046 4816 1285 4871 τοσαῦτα
1324 4817 1433 4872 ἀπὸ
1459 4819 1557 4888 τῆς
1592 4818 1989 4892 φιλοφροσύνης

416 4902 617 4975 ταύτης
632 4900 975 4974 καρποῦσθαι
987 4900 1144 4955 καλά.
1168 4900 1235 4954 Τὸ
1254 4900 1985 4977 ῠμιῖηοπερίσσευμα,φησὶ,

416 4986 678 5055 τεμνέσθω
715 4989 804 5051 είς
842 4985 909 5038 τὸ
953 4985 1203 5039 ἐκείνων
1228 4984 1556 5053 ὑστέρημα.
1594 4986 1658 5038 Τί
1683 4986 1742 5040 δέ
1774 4989 1921 5040 ἐστιν
1958 4990 1987 5042 ὃ

414 5066 601 5135 λέγεις
638 5069 874 5133 Μείζονα
911 5067 1228 5138 λαμϐάνεις,
1259 5067 1291 5137 ἦ
1323 5067 1499 5131 δίδως.
1527 5068 1695 5131 Δίδως
1729 5069 1984 5141 αἰσθητά,

414 5152 508 5205 καὶ
523 5152 585 5204 λα
593 5152 815 5223 μϐάγεις
830 5150 998 5223 νοητά
1014 5152 1107 5206 καὶ
1126 5151 1473 5220 πνευματικά
1488 5168 1503 5180 ·
1521 5151 1678 5215 δίδως
1698 5153 1981 5224 ἀργύριον,

412 5234 507 5287 καὶ
553 5234 849 5305 λαμϐάνεις
889 5234 1303 5306 ἁμαρτημάτων
1353 5233 1580 5303 ἄφεσιν·
1614 5235 1760 5299 λύεις
1799 5239 1863 5290 σὺ
1908 5238 1985 5308 τῷ

414 5316 603 5385 πένητι
645 5317 820 5388 λιμὸν,
866 5317 1073 5377 ἐκεῖνος
1103 5316 1159 5369 δέ
1201 5332 1283 5368 σοι
1313 5315 1427 5369 λύει
1460 5314 1553 5370 τοῦ
1582 5318 1718 5371 Θεοῦ
1748 5318 1846 5390 τὴν
1888 5322 1983 5392 όρο

412 5401 532 5467 γήν.
585 5399 875 5463 ’Λντίδοσίς
922 5399 1006 5461 τίς
1034 5400 1149 5450 ἐστι
1185 5400 1277 5451 καὶ
1308 5402 1660 5471 πραγματεία
1690 5403 1826 5458 πολὺ
1880 5404 1982 5474 τῆς

409 5482 652 5552 δαπάνης
714 5482 884 5554 μείζω
944 5482 1039 5535 καὶ
1093 5484 1513 5554 χρησιμωτέραν
1564 5487 1666 5557 τὴν
1721 5488 1980 5559 πρόσοδον

410 5568 626 5636 ἔχουσα.
670 5566 735 5619 ἰι
789 5566 888 5635 μὲν
935 5564 1041 5635 7&9
1081 5564 1296 5637 δαπάνη
1329 5570 1387 5621 ἐν
1439 5571 1682 5640 χρήμασι
1734 5574 1976 5640 γίνεται’

412 5647 729 5719 ἡπρόσοδος
777 5649 833 5702 δὲ
875 5649 975 5701 οὐκ
1003 5649 1083 5702 ἔτι
1128 5650 1185 5703 ἐν
1211 5651 1457 5721 χρήμασι
1496 5655 1676 5719 μόνον,
1710 5654 1848 5710 ἀλλά
1886 5658 1980 5712 καὶ

456 5828 479 5852 ⁸
504 5822 609 5873 Duo
634 5838 744 5872 mas
762 5825 1050 5885 ἐνθυμήθητι.

3573 313 3683 371 9.80

2108 427 2164 477 ἐν
2197 424 2612 497 ἁμαρτημάτων
2634 423 2849 494 ἀφέσει,
2885 427 2978 479 καὶ
3003 426 3284 499 παρρησία
3321 429 3387 499 τῇ
3425 427 3561 500 πρδς
3588 433 3681 485 τὸν

2105 511 2258 573 Θεὸν,
2295 509 2391 563 καὶ
2429 508 2677 579 βασιλεία
2703 508 2812 561 τῶν
2860 510 3137 580 οὐρανῶν,
3186 512 3280 564 καὶ
3310 515 3378 584 τῇ
3409 514 3519 566 τῶν
3545 515 3683 583 ἀγα-

2106 595 2213 648 θῶν
2263 597 2583 657 ἀπολαύσει,
2621 593 2657 648 ἃ.
2710 596 2845 663 μήτε
2881 594 3159 665 ὀφθαλμὸς
3205 593 3336 658 εἶδε,
3397 600 3535 670 μήτε
3588 593 3682 664 οῦς

2104 681 2326 749 ήκουσε,
2363 682 2499 751 μήτε
2531 679 2624 732 ἐπὶ
2653 678 2882 748 καρδίαν
2912 678 3197 749 ἀνθρώπου
3222 681 3407 752 ἀνέϐη.
3442 682 3566 746 Πῶς
3588 678 3682 736 οὖν

2104 761 2205 813 οὐκ
2236 763 2457 825 ἄτοπον,
2492 762 2618 822 τοὺς
2671 760 2769 830 μὲν
2806 760 3084 830 ἐμπόρους
3130 762 3357 833 μηδενὸς
3405 764 3680 832 φείδεσθαι

2103 843 2212 896 τῶν
2243 844 2433 906 ὄντων,
2478 845 2571 897 καὶ
2604 844 2775 896 ταῦτα
2808 844 2906 912 οὐχ
2936 844 3131 914 ἐτέρας
3156 844 3302 908 τινὸς
3339 846 3678 917 καινοτέρας,

2104 927 2219 980 ἀλλ’
2248 928 2441 998 ὁμοίας
2468 931 2534 998 τῇ
2566 927 2769 997 ἐνθήκῃ
2800 928 2899 995 τῆς
2937 928 3207 998 ἐμπορίας
3234 929 3417 982 αὐτῶν
3456 928 3681 1000 μελλού-

2107 1027 2205 1080 σης
2255 1009 2508 1063 ἔσεσθαι*
2560 1011 2709 1078 ἡμᾶς
2761 1011 2817 1063 δὲ
2862 1009 2950 1062 διὰ
2980 1010 3234 1079 φθαρτῶν
3272 1012 3368 1066 καὶ
3403 1014 3683 1084 ἐπικήριον

2104 1093 2225 1161 οὐχὶ
2260 1092 2470 1163 φθαρτά
2494 1092 2588 1144 καὶ
2615 1092 2875 1162 ἐπίκηρα,
2907 1091 3021 1144 ἀλλ’
3047 1094 3297 1163 ἄφθαρτα
3318 1095 3410 1146 καὶ
3439 1094 3687 1148 ἀθάνατα.

2107 1174 2445 1245 καρποῦσθαι
2479 1174 2771 1244 μέλλοντας
2797 1174 2996 1241 ἀγαθὰ,
3025 1175 3159 1243 μηδὲ
3209 1175 3308 1240 τὴν
3337 1175 3505 1246 αὐτὴν
3535 1175 3681 1228 ἐκεί-

2104 1273 2217 1319 νοις
2272 1257 2584 1327 φιλοτιμίαν
2623 1258 2752 1329 περὶ
2793 1256 2862 1310 τὰ
2902 1257 3033 1310 ὅντα
3080 1257 3520 1323 ἐπιδείκνυσθαι;
3567 1258 3682 1329 Μὴ,

2105 1338 2342 1408 ἀδελφοὶ,
2377 1339 2450 1412 μὴ
2485 1338 2629 1393 οῦτω
2654 1340 2841 1404 κακῶς
2867 1340 2995 1410 περὶ
3027 1340 3128 1410 τῆς
3172 1340 3384 1393 ἑαυτῶν
3415 1339 3685 1410 βουλευώο

2109 1421 2249 1491 μεθα
2287 1423 2565 1493 σωτηρίας
2592 1439 2603 1451 ’
2647 1423 2784 1476 ἀλλὰ
2828 1423 2890 1475 τὺ
2929 1422 3280 1494 παράδειγμα
3320 1422 3431 1475 τῶν
3476 1422 3685 1494 παρθέ·

2105 1520 2211 1557 νων
2257 1505 2480 1572 εἰδότες,
2517 1506 2769 1569 καὶτοὺς
2822 1507 2900 1569 είς
2946 1505 3008 1559 τὸ
3061 1504 3174 1576 πῦρ
3211 1506 3594 1576 ἀπαγομένους
3624 1505 3687 1559 τδ

2104 1588 2505 1657 ἡτοιμασμένον
2532 1587 2610 1657 τῷ
2659 1587 2887 1657 διαϐόλῳ
2931 1588 3159 1649 καὶτοῖς
3209 1588 3462 1656 ἀγγέλοις
3494 1588 3683 1646 αὑτοῦ,

2106 1670 2293 1740 ἐπειδὴ
2317 1669 2393 1740 μὴ
2419 1670 2672 1741 ἔθρεψαν,
2695 1672 2830 1741 μηδὲ
2858 1672 3116 1724 ἐπότισαν
3135 1672 3227 1724 τὸν
3257 1672 3511 1742 Χριστὸν,
3553 1689 3685 1724 κατ-

2106 1753 2320 1822 έχωμεν
2340 1753 2434 1807 τοῦ
2466 1753 2784 1823 Πνεύματος
2817 1754 2876 1807 τὸ
2903 1754 3013 1824 πῦρ
3043 1755 3131 1807 διά
3159 1755 3567 1823 φιλανθρωπίας
3588 1755 3683 1807 δα-

2104 1833 2292 1904 ψιλοῦς
2324 1836 2420 1888 καὶ
2445 1835 2845 1906 ἐπιτεταμένης
2891 1836 3293 1907 ἐλεημοσύνης,
3332 1838 3419 1890 ἴνα
3450 1838 3521 1908 μὴ
3555 1836 3686 1908 περὶ

2105 1916 2202 1987 τὴν
2233 1917 2413 1970 πίστιν
2434 1921 2853 1989 ναυαγήσωμεν.
2902 1919 2964 1971 'Il
2997 1921 3095 1988 μὲν
3120 1919 3228 1988 γὰρ
3258 1921 3439 1983 πίστις
3459 1920 3559 1989 τῆς
3590 1918 3685 1973 τοῦ

2107 1999 2424 2070 Πνεύματος
2448 2000 2620 2055 δεῖται
2653 2001 2907 2071 βοηθείας
2933 2003 3029 2055 καὶ
3062 2003 3163 2073 τῆς
3196 2004 3542 2074 παραμονῆς,
3599 2002 3687 2057 ἵνα

2103 2085 2352 2147 ἄσειστος
2378 2084 2514 2155 μένῃ
2538 2101 2551 2113 -
2575 2086 2607 2156 ἡ
2638 2085 2696 2138 δὲ
2731 2084 2824 2137 τοῦ
2852 2083 3171 2155 Πνεύματος
3197 2084 3419 2156 βοήθεια
3443 2084 3531 2139 διὰ
3567 2085 3684 2156 βίου

2105 2165 2343 2238 καθαροῦ
2371 2167 2464 2221 καὶ
2490 2167 2766 2231 πολιτείας
2800 2167 3029 2238 ἀρίστης
3056 2169 3185 2238 ἡμῖν
3213 2167 3402 2221 εἴωθεν
3438 2168 3687 2238 παραμέ-

2103 2268 2237 2306 νειν.
2274 2251 2436 2305 Ὥστε
2464 2252 2512 2304 εί
2544 2250 2832 2322 μέλλοιμεν
2872 2249 3248 2322 ἐρριζωμένην
3280 2251 3425 2321 ἔχειν
3460 2252 3556 2322 τὴν
3596 2250 3686 2305 πί-

2105 2351 2244 2397 στιν,
2300 2334 2575 2398 πολιτείας
2621 2335 2754 2405 ἡμῖν
2795 2334 2878 2388 δεῖ
2909 2333 3159 2404 καθαρᾶς
3207 2335 3305 2406 τῆς
3349 2335 3408 2388 τὸ
3460 2336 3688 2406 Πνεύμα

2104 2416 2395 2486 πειθούσης
2436 2417 2618 2489 μένειν
2646 2418 2740 2471 καὶ
2774 2416 3020 2487 συνέχειν
3048 2417 3265 2485 ἐκείνης
3294 2418 3391 2487 τὴν
3430 2418 3682 2489 δύναμιν.

2104 2501 2176 2554 Ού
2205 2506 2314 2572 γάρ
2347 2499 2512 2563 ἔστιν,
2543 2500 2644 2553 ούκ
2691 2499 2806 2554 ἔστι
2850 2499 2964 2568 βίον
2996 2500 3306 2571 ἀκάθαρτον
3352 2500 3567 2570 ἔχοντα,
3607 2502 3682 2574 μὴ

2103 2583 2199 2637 καὶ
2229 2584 2357 2653 περὶ
2376 2583 2475 2654 τὴν
2498 2582 2680 2636 πίστιν
2702 2582 3041 2637 σαλεύεσθαι.

2177 2673 2229 2722 ι’.
2269 2668 2333 2721 OE
2374 2666 2503 2735 γοῦν
2554 2666 2682 2736 περὶ
2729 2666 3071 2736 εἱμαρμένης
3109 2666 3427 2738 ληροῦντες,
3480 2667 3684 2737 καὶτῷ

2104 2750 2440 2821 σωτηριώδει
2464 2751 2563 2820 τῆς
2586 2750 2934 2812 ἀναστάσεως
2963 2750 3372 2815 διαπιστοῦντες
3391 2752 3555 2823 λόγῳ,
3573 2751 3683 2805 ἀπὸ

2105 2832 2404 2895 συνειδότος
2455 2830 2692 2902 πονηροῦ
2726 2832 2821 2885 καὶ
2860 2829 3111 2901 πράξεων
3141 2833 3550 2904 διεφθαρμένων
3590 2836 3684 2888 ἐπ)⁸

2099 2917 2161 2968 τὸ
2208 2914 2482 2987 βάραθρον
2515 2916 2618 2984 τῆς
2659 2915 2918 2978 ἀπιστίας
2966 2917 3172 2986 ταύτης
3219 2917 3540 2971 κατέπεσον.
3573 2919 3683 2971 Καὶ

2101 2998 2354 3068 καθάπερ
2389 2999 2438 3050 οἱ
2475 2997 2838 3066 πυρέττοντες
2871 2997 3184 3067 βουλόμενοι
3220 2999 3283 3051 τὸ
3330 3002 3520 3067 πνῖγος
3546 3001 3683 3053 ἀπο-

2097 3078 2439 3143 τινάξασθαι,
2479 3077 2622 3131 κατὰ
2647 3079 2874 3149 ψυχρῶν
2899 3080 3126 3143 ἐαυτοὺς
3165 3080 3423 3144 πολλάκις
3452 3082 3683 3153 ἔρριψαν

2100 3162 2328 3223 ὑδάτων,
2354 3160 2448 3214 καὶ¹
2477 3160 2613 3230 πρὸς
2631 3160 2807 3231 βραχὺ
2838 3162 3366 3232 παραμυθησάμενοι
3388 3164 3483 3234 τὴν
3504 3166 3679 3229 νόσον,

2098 3244 2489 3315 χαλεπωτέραν
2544 3242 2768 3315 ὕστερον
2818 3243 3030 3313 ἀνῆψαν
3062 3245 3163 3315 τὴν
3194 3246 3370 3314 φλόγα
3389 3263 3402 3275 ·
3441 3246 3584 3301 οὕτω
3615 3249 3679 3320 δὴ

2098 3328 2195 3381 καὶ
2232 3328 2282 3379 οί
2312 3325 2533 3397 πονηρῷ
2575 3326 2922 3397 συνεχόμενοι
2955 3327 3238 3390 συνειδότι,
3273 3323 3393 3382 εἶτα
3423 3347 3680 3401 παραμυ-

2099 3411 2219 3463 θίαν
2281 3409 2571 3480 ζητοῦντες
2605 3408 2788 3480 εύρεῑν
2823 3409 2918 3462 καὶ
2975 3409 3049 3480 μὴ
3083 3409 3395 3480 βουλόμενοι
3422 3413 3681 3483 μετανοίᾳ

2095 3492 2166 3547 τὰ
2203 3492 2577 3564 ἁμαρτήματα
2608 3490 3000 3560 ἀπονίψασθαι,
3052 3491 3150 3562 τὴν
3199 3493 3299 3563 τῆς
3335 3495 3679 3567 εἱμαρμένης

2095 3577 2465 3646 ἐπεισήγαγον
2514 3573 2826 3644 τυραννίδα,
2885 3574 2979 3627 καὶ¹
3018 3573 3116 3646 τὴν
3160 3574 3261 3644 τῆς
3328 3577 3679 3641 ἀναστάσεως

2095 3660 2372 3713 ἀπιστίαν.
2408 3658 2508 3712 Δια
2530 3656 2686 3712 τοῦτο
2706 3656 2942 3711 ἐνταῦθα
2964 3658 3194 3722 ἑαυτοὺς
3226 3659 3314 3714 διά
3332 3660 3441 3713 τῶν
3455 3660 3679 3733 ψυχρῶν

2095 3740 2369 3811 λογισμῶν
2393 3745 2529 3811 πρὸς
2555 3740 2731 3810 βραχὺ
2762 3739 3318 3812 παραμυθησάμενοι,
3341 3743 3564 3813 μείζονα
3577 3743 3679 3815 τῆς

2094 3824 2321 3895 γεέννης
2339 3824 2635 3893 ἀνάψουσιν
2652 3825 2864 3887 ἑαυτοῖς
2881 3822 2979 3894 τὴν
3008 3824 3203 3892 φλόγα,
3244 3824 3374 3877 ὅταν
3395 3828 3677 3897 γενόμενοι

2096 3905 2479 3975 ρᾳθυμότεροι,
2511 3899 2630 3957 εἶτα
2664 3904 2993 3966 ἀπελθόντες
3043 3907 3160 3958 ἐκεῖ
3215 3905 3518 3961 θεάσωνται
3567 3909 3676 3963 τῶν

2095 3988 2308 4049 ἐαυτοῖς
2353 3985 2905 4056 πεπλημμελημένων
2956 3986 3188 4039 ἕκαστον
3241 3988 3404 4041 αὑτὸν
3465 3991 3676 4045 διδόντα

2094 4067 2341 4130 εὐθύνας.
2377 4068 2487 4120 Καὶ
2510 4068 2598 4120 ἴνα
2626 4067 2834 4137 μάθητε
2855 4068 2938 4121 ὅτι
2966 4067 3124 4121 τοῦτό
3157 4069 3304 4122 ἐστιν
3331 4070 3550 4141 ἀληθὲς,
3580 4075 3675 4126 κα)⁸

2095 4149 2323 4220 πράξεις
2356 4150 2593 4221 πονηραὶ
2620 4152 2686 4220 τῇ
2729 4149 2826 4219 τῆς
2868 4149 3105 4212 πίστεως
3131 4150 3481 4221 λυμαίνονται
3513 4157 3673 4227 στερο

2097 4235 2306 4304 ῥότητι,
2340 4233 2571 4287 ἄκουσον
2594 4232 2645 4284 τί
2675 4248 2839 4301 φησιν
2868 4232 2896 4284 ὁ
2926 4232 3139 4297 Παῦλος
3154 4233 3231 4304 τῷ
3252 4235 3501 4307 Τιμοθέῳ
3523 4235 3670 4309 [269]

2094 4317 2321 4388 γράφων
2341 4333 2354 4346 '
2395 4316 2519 4370 Ἵνα
2543 4315 2912 4383 στρατεύσῃ,
2939 4316 3092 4384 φησὶ,
3122 4315 3239 4383 τὴν
3264 4316 3466 4385 καλὴν
3492 4334 3673 4388 στρα-

2095 4400 2280 4466 τείαν,
2306 4398 2462 4468 ἔχων
2478 4398 2688 4451 πίστιν
2713 4396 2814 4449 καί
2878 4395 3113 4465 ἀγαυὴν
3140 4398 3502 4466 συνείδησιν
3530 4403 3582 4471 (ἡ
3615 4401 3671 4455 δὲ

2094 4482 2275 4552 ἀγαθὴ
2345 4481 2645 4551 συνείδησις
2701 4480 2810 4533 ἀπὸ
2863 4481 2981 4549 βίου
3042 4481 3138 4533 καλ⁹
3187 4482 3439 4552 πράξεων
3492 4485 3670 4555 ὀρθῶν

2094 4567 2289 4635 γένοιτ’
2319 4565 2405 4636 ἀν)
2429 4582 2443 4596 ’
2476 4564 2556 4632 ἢν
2607 4581 2768 4629 τινες
2798 4562 3185 4634 ἀπωσάμενοι
3205 4605 3221 4629 ,
3266 4566 3399 4636 περὶ
3432 4568 3547 4636 τὴν
3576 4570 3671 4623 πί-

2093 4666 2253 4714 στιν,
2309 4650 2493 4719 φησὶν,
2548 4646 2956 4717 ἐναυάγησαν.
3009 4649 3120 4701 Καὶ
3174 4650 3335 4703 πάλιν
3391 4650 3623 4723 ἀλλαχοῦ
3652 4670 3666 4685 ο

2105 4731 2259 4793 Ῥίζα
2277 4731 2519 4785 πάντων
2551 4728 2671 4783 τῶν
2691 4728 2892 4783 κακῶν
2923 4731 3096 4784 ἐστιν
3124 4733 3161 4800 ἡ
3190 4735 3569 4802 φιλαργυρία,
3594 4732 3670 4807 ἧς

2093 4833 2252 4880 τινες
2281 4814 2622 4884 ὀρεγόμενοι
2654 4813 3178 4880 ἀπεπλανήθησαν
3219 4816 3329 4884 τῆς
3386 4820 3666 4887 πίστεως.

2092 4896 2246 4962 Εἶδες
2274 4898 2357 4951 ὅτι
2400 4897 2643 4950 κάκεῖνοι
2690 4896 3036 4967 ἐναυάγησαν
3076 4898 3166 4952 διὰ
3192 4898 3371 4964 τοῦτο,
3397 4902 3494 4954 καὶ
3521 4898 3666 4956 οὗτοι

2090 4982 2176 5035 διὰ
2204 4981 2360 5034 τοῦτο
2387 4978 2881 5055 ἀπεπλανήθησαν,
2907 4980 3096 5052 ἐπειδὴ
3124 4982 3174 5035 οἱ
3206 4983 3304 5052 μὲν
3324 4985 3423 5054 τὴν
3453 4984 3667 5055 ἀγαθὴν

2092 5063 2392 5133 συνείδησιν
2448 5062 2769 5126 ἀπώσαντο,
2826 5054 2972 5116 οὗτοι
3026 5063 3083 5117 δὲ
3136 5064 3236 5135 τῆς
3307 5054 3667 5138 φιλαργυρίας

2090 5146 2446 5208 ἐπελάϐοντο;
2481 5146 2661 5217 Ἀπερ
2700 5146 2914 5200 ἅπαντα
2939 5145 3288 5217 λογισάμενοι
3317 5145 3344 5185 δ
3366 5150 3482 5218 μετ’
3508 5151 3667 5221 ἀκρι-

2086 5228 2260 5293 ϐείας,
2281 5227 2668 5299 ἐπιμελώμεθα
2698 5228 2968 5291 πολιτείας
2994 5229 3242 5300 ἀρίστης,
3257 5228 3397 5283 ὥστε
3413 5232 3666 5298 γενέσθαι

2085 5309 2303 5364 διπλοῦν
2338 5312 2468 5381 ἡμῖν
2501 5310 2592 5362 τὸν
2627 5309 2836 5379 μισθὸν,
2872 5309 2969 5363 ἕνα
3018 5310 3140 5380 μὲν,
3181 5311 3273 5363 τὸν
3313 5312 3377 5365 ἐκ
3416 5313 3515 5383 τῆς
3557 5314 3666 5368 τῶν

2085 5393 2261 5464 ἔργων
2284 5392 2516 5462 ἀμοιϐῆς
2539 5391 2960 5463 ἡτοιμασμένον,
2994 5392 3179 5462 ἕτερον
3202 5392 3279 5457 δὲ,
3308 5394 3400 5447 τὺν
3444 5396 3519 5449 ἐκ,
3565 5398 3663 5469 τῆς

2086 5478 2227 5531 κατά
2254 5475 2435 5528 πίστιν
2470 5476 2850 5547 στερρότητος,
2898 5475 3079 5545 Ὅπερ
3104 5475 3212 5545 γάρ
3234 5476 3381 5528 ἐστιν
3419 5478 3452 5548 ἡ
3484 5478 3659 5549 τροφή

2082 5561 2160 5629 τῷ
2195 5560 2426 5629 σώματι,
2444 5556 2599 5609 τοῦτο
2627 5560 2660 5627 ἡ
2698 5557 2941 5611 πολιτεία
2968 5560 3035 5628 τῇ
3054 5558 3267 5611 πίστει·
3297 5560 3391 5613 καὶ⁵
3412 5560 3661 5634 καθάπερ

2084 5647 2117 5714 ἡ
2155 5642 2253 5713 τῆς
2291 5639 2489 5712 σαρκὸς
2525 5638 2685 5708 φύσις
2721 5639 2821 5709 τῆς
2874 5638 3148 5710 ἡμετέρας
3179 5639 3278 5693 οὐκ
3325 5642 3392 5695 ἂν
3442 5642 3662 5717 διακρα-

2144 5821 2174 5861 ῑ
2188 5824 2289 5873 Duo
2310 5834 2421 5870 mss.
2442 5817 2745 5885 λογιζόμενοι.
