4110 6198
412 292 511 350 281

399 406 521 505 ivi-ta
552 408 621 460 ad
645 405 843 469 fidem;
877 413 932 459 et
957 406 1095 459 sicut
1116 404 1292 459 carnis
1321 413 1521 460 nostra:
1547 412 1732 459 natura
1762 400 1880 505 sine
1907 398 1998 500 ali.

413 507 594 551 mento
618 496 811 552 durare
851 509 955 549 non
997 504 1212 564 potest,
1242 495 1312 548 ita
1343 510 1516 564 neque
1546 493 1676 547 fides
1701 493 1818 545 sine
1845 488 2001 544 bonis

411 587 698 656 operibus:
730 583 888 640 Fides
916 587 1058 639 enim
1089 585 1197 638 sine
1234 584 1467 655 operibus
1504 592 1704 637 mortua
1740 590 1814 635 est
1845 579 1998 654 (Jac.

407 679 462 733 2.
480 678 594 750 20).
620 678 792 734 Unum
819 685 1068 746 superest
1091 675 1372 731 dicendum
1395 694 1410 730 :
1434 676 1559 746 quid
1589 683 1690 739 est,
1715 671 2002 727 Eumdem?

408 769 526 825 Non
555 769 695 825 enim
721 767 1033 837 simpliciter
1060 766 1213 832 dixit,
1247 767 1515 822 [labentes
1543 764 1798 835 Spiritum
1831 762 1952 818 lidci
1984 779 1997 816 :

407 859 506 914 sed
531 860 655 931 quid
678 858 707 912 ?
731 857 985 912 Habentes
1013 857 1243 911 eumdem
1287 857 1538 928 Spiritum
1578 855 1718 923 ﬁdei.
1750 852 1818 908 Et
1849 853 1998 908 voleo

409 951 528 1005 bam
557 949 770 1021 quidem
801 963 1057 1004 enarrare
1087 947 1189 1003 hoc
1216 963 1428 1019 quoque
1461 965 1475 1000 :
1507 946 1602 1003 sed
1631 945 1882 1016 quoniam
1913 943 1997 996 vi-

405 1041 508 1096 deo
535 1040 700 1096 multa
731 1038 1120 1095 sententiarum
1170 1038 1387 1092 ﬂumina
1426 1052 1491 1092 ex
1517 1036 1655 1091 nuda
1686 1034 1787 1090 hac
1807 1033 1997 1088 vocula

406 1130 827 1202 prorumpentia,
857 1144 1046 1185 vereor
1075 1144 1144 1183 ne
1166 1128 1505 1184 multitudine
1533 1141 1742 1190 eorum,
1773 1140 1894 1196 quze
1919 1124 2001 1178 di.

404 1223 574 1279 cenda
599 1231 799 1280 essent.
833 1220 1084 1277 inundem
1109 1222 1310 1285 omnia,
1336 1228 1497 1291 atque
1521 1219 1593 1276 ita
1617 1219 1731 1273 haec
1753 1216 1996 1273 doctrina

405 1315 567 1370 nimia
611 1314 914 1384 prolixitate
958 1312 1264 1368 detrimenti
1311 1311 1509 1383 aliquid
1553 1309 1799 1380 accipiat.
1850 1309 1998 1377 Quae

407 1416 623 1478 propter
647 1405 734 1461 hic
759 1405 916 1460 finem
949 1403 1148 1461 faciens
1171 1404 1444 1476 loquendi,
1464 1418 1562 1460 oro
1577 1412 1632 1458 et
1655 1401 1914 1468 obtestor,
1937 1408 1998 1455 ttt

1021 291 1108 347 DE
1151 289 1394 347 VERBIS
1431 287 1784 355 APOSTOLI,
1827 282 2190 341 HADENTES
2230 281 2513 338 ευιιιιειι
2554 282 2892 339 SPIRITUM.
2939 282 3000 336 ll.

3598 279 3708 334 ειη

2109 407 2164 450 ct
2191 412 2310 466 quat
2337 395 2632 456 audivistis.
2658 395 2726 450 de
2751 397 2974 449 honeste
2996 392 3244 458 videndo,
3269 392 3336 447 de
3364 390 3489 456 ﬁde,
3511 391 3578 445 tle
3600 393 3706 446 vir-

2105 488 2356 558 ginitate,
2389 487 2458 543 de
2503 487 2825 557 benignitate
2849 528 2865 552 ,
2909 486 2978 540 de
3017 487 3356 556 elreutosyna
3380 527 3397 548 ,
3424 483 3708 552 diligenter

2105 579 2402 634 observetis
2422 597 2435 633 :
2457 589 2512 633 et
2537 579 2650 633 htec
2679 579 2815 634 bene
2842 578 2893 632 in
2920 577 3178 632 memoria
3209 575 3521 640 retinentes,
3545 573 3611 628 ad
3639 591 3710 630 ea

2105 685 2226 741 qua:
2255 680 2542 740 supersunt
2571 669 2831 725 audienda
2863 679 3060 738 prtesto
3084 668 3222 722 sitis.
3259 667 3349 722 Sic
3372 666 3516 722 enim
3547 667 3702 721 nobis

2105 761 2334 816 solidum
2362 763 2467 817 erit
2505 777 2570 816 ac
2611 762 2984 817 inconcussum
3011 759 3272 814 doctrina:
3311 767 3510 813 nostra
3537 756 3706 811 :cdifi-

2103 853 2270 919 cium,
2300 852 2346 906 si
2377 853 2643 922 prioribus
2673 853 2725 907 in
2757 862 2936 908 mente
2959 861 3134 907 vestra
3169 851 3307 906 bene
3336 849 3570 906 fundatis
3593 890 3610 914 ,
3639 865 3703 905 ea

2106 961 2227 1016 qua:
2268 955 2564 1015 sequuntur
2604 945 3138 1015 superstruxerintus.
3195 944 3334 999 Deus
3384 950 3566 999 autem
3610 941 3702 1012 qui

2105 1035 2262 1090 nobis
2285 1034 2436 1091 dedit
2460 1037 2575 1092 haec
2598 1037 2776 1091 dicere
2800 1076 2817 1102 ,
2852 1044 2908 1090 et
2935 1035 3086 1090 vobis
3129 1051 3251 1090 cum
3297 1033 3576 1089 alacritate
3601 1049 3697 1087 au-

2104 1124 2220 1181 dire
2239 1167 2254 1191 ,
2283 1126 2474 1198 dignos
2514 1140 2612 1180 nos
2642 1126 2835 1192 faciat,
2861 1134 2920 1180 ιιι
2943 1134 2997 1180 et
3028 1140 3123 1195 per
3155 1138 3318 1193 opera
3346 1123 3574 1178 fructum
3598 1123 3702 1177 ali-

2102 1213 2262 1289 quem
2287 1218 2636 1289 proferamns,
2665 1218 2830 1288 gratia
2859 1225 2913 1272 et
2942 1214 3268 1286 benignitate
3296 1213 3504 1268 Domini
3533 1213 3702 1268 nostri

2103 1308 2232 1364 Jesu
2257 1308 2490 1375 Christi,
2520 1310 2772 1380 quoidam
2817 1308 2915 1379 ipsi
2953 1307 3121 1378 gloria
3163 1306 3216 1361 ia
3253 1301 3450 1359 szncula
3475 1303 3702 1359 saeculo-

2104 1415 2244 1456 rum.
2274 1405 2467 1456 Aen.

403 1629 486 1670 DF.
515 1628 750 1671 BISDEII
792 1628 1021 1672 νιίιιιιιε
1066 1627 1389 1683 Λιιοετοιι,
1435 1625 1765 1671 Πηιςιιτιξε
1807 1624 1963 1668 ΔυΤΕ

2080 1622 2344 1664 ευηοειί
2388 1622 2690 1668 εριιιιτωι
2732 1625 2936 1679 FIDEI,
2981 1623 3165 1667 SICUT
3208 1621 3520 1666 εοιιντωι
3567 1619 3683 1663 BS‘I'

486 1710 586 1786 (2.
635 1709 778 1774 Cor.
812 1709 1027 1790 5.13)
1084 1730 1100 1770 ε

1148 1729 1229 1771 ΕΤ
1270 1727 1590 1772 Αονειευε
1635 1724 1963 1770 ΜΔΝΙΟΠΕ(

2085 1723 2167 1764 ΒΤ
2207 1722 2417 1765 ουηεε
2459 1723 2566 1777 QUI
2613 1724 2814 1768 γετυε
2854 1721 3327 1767 τεετλωεητωι
3369 1721 3693 1768 οιιυιιιι-

487 1827 720 1883 ΑΝτυιι,
766 1828 846 1870 ET
888 1829 925 1870 Δ
969 1825 1136 1872 ηονο
1177 1827 1500 1871 εειιΑιιΑιιιζ
1543 1825 1903 1879 CONANTUB,
1949 1823 1963 1864 1

2080 1822 2156 1864 DE
2200 1822 2615 1866 ELEEMOSYNA
2663 1805 2775 1887 (a).

1743 1967 1972 1982 w—

465 2087 516 2143 1.
553 2086 669 2142 Veri
692 2097 943 2142 amatores
972 2088 1334 2157 promissorum
1363 2105 1624 2144 ntemores.
1653 2117 1726 2129 —
1748 2087 1979 2158 Aposto-

395 2177 479 2233 lici
511 2178 660 2233 vobis
689 2179 954 2234 sermonis
978 2179 1364 2250 expositionem
1389 2180 1563 2236 debeo
1583 2180 1693 2250 jam
1720 2179 1810 2236 ditt
1836 2198 1850 2234 :
1881 2178 1974 2234 sed

393 2267 496 2323 hoc
529 2269 767 2324 debitum
805 2285 903 2325 vos
941 2270 1185 2325 fortassis
1235 2271 1368 2327 estis
1417 2271 1568 2327 obliti
1608 2271 1678 2328 ob
1720 2269 1976 2342 temporis

390 2355 770 2428 longitudinctn
797 2402 812 2422 .
838 2375 937 2431 ego
965 2375 1094 2414 vero
1124 2375 1230 2414 non
1277 2376 1394 2415 sum
1439 2361 1637 2416 oblitus
1683 2361 1755 2416 ob
1795 2377 1972 2418 meum

387 2464 511 2519 erga
542 2465 636 2506 vos
664 2450 930 2506 affectum.
960 2451 1046 2507 Sic
1084 2467 1144 2508 se
1187 2452 1346 2509 habet
1371 2452 1565 2508 caritas
1597 2471 1611 2507 :
1641 2453 1866 2524 vigilans
1891 2463 1974 2508 est

384 2555 447 2594 ac
472 2540 694 2596 sollicita
720 2557 739 2608 ;
770 2555 869 2596 nec
902 2541 1176 2598 adamatos
1206 2543 1376 2598 solum
1409 2544 1460 2598 in
1495 2543 1673 2598 animo
1692 2542 1973 2599 circumfe-

384 2644 507 2688 runt
531 2634 564 2688 ii
595 2635 683 2705 qui
711 2644 913 2698 amant,
942 2635 1036 2691 sed
1061 2651 1178 2705 qua:
1202 2635 1559 2706 promiserunt
1587 2637 1754 2708 magis
1778 2637 1972 2692 tut-mi-

383 2734 576 2780 nerunt
594 2743 749 2796 quam
772 2725 894 2797 ipsi,
915 2727 1004 2798 qui
1026 2729 1283 2798 promissa
1309 2739 1434 2784 sunt
1453 2729 1737 2800 recepturi.
1763 2729 1965 2784 Eodem

383 2817 542 2872 modo
570 2827 739 2872 mater
765 2819 1127 2874 amantissima
1167 2831 1442 2891 postquam
1484 2825 1682 2877 mensa:
1718 2821 1968 2892 reliquias

382 2910 560 2976 pueris
585 2911 696 2964 suis
723 2911 1001 2980 reposuit,
1029 2912 1236 2968 etiamsi
1285 2912 1357 2967 illi
1393 2913 1526 2969 forte
1561 2913 1966 2979 obliviscantur,

380 2996 490 3067 ipsa
523 3007 698 3053 tamen
729 2999 992 3066 meminit,
1021 3016 1219 3072 easque
1243 3002 1523 3072 diligenter
1545 3014 1845 3058 asservatas
1872 3003 1963 3060 de-

378 3093 572 3160 promit
594 3134 612 3159 ,
643 3103 698 3149 et
726 3094 998 3150 famelicos
1024 3095 1103 3150 eis
1132 3097 1323 3166 pascit.
1354 3096 1506 3166 Quod
1536 3097 1580 3151 si
1612 3107 1809 3152 matres
1836 3113 1960 3168 erga

379 3183 571 3242 liberos
615 3195 723 3240 tam
768 3185 1100 3258 indulgentes
1145 3197 1303 3254 sunt,
1348 3197 1495 3244 tanto
1535 3190 1725 3258 majori
1754 3206 1879 3245 cura
1908 3201 1964 3246 et

373 3275 549 3328 studio
577 3286 753 3330 vestra
783 3279 978 3332 caritas
1015 3279 1169 3334 nobis
1206 3288 1289 3334 est
1329 3280 1698 3351 prosequenda
1720 3323 1736 3346 ,
1762 3291 1960 3352 quanto

372 3364 543 3433 major
569 3366 652 3420 vis
677 3374 761 3421 est
788 3367 1076 3436 spiritualis
1105 3379 1284 3440 partus
1307 3385 1466 3440 quam
1498 3371 1772 3427 naturalis.
1803 3373 1960 3441 Quae-

372 3468 494 3508 nam
526 3454 685 3524 igitur
715 3455 810 3510 fuit
842 3457 930 3511 illa
957 3473 1139 3513 mensa
1165 3501 1180 3525 ,
1207 3460 1638 3532 cujus’reliquias
1662 3463 1812 3518 vobis
1835 3479 1957 3520 scr-

370 3546 650 3602 vavintus?
683 3547 853 3603 Verba
884 3561 1036 3605 erant
1072 3553 1296 3622 apostoli
1320 3593 1336 3618 ,
1367 3569 1430 3607 cx
1467 3555 1659 3624 quibus
1693 3564 1818 3610 tunc
1847 3573 1953 3612 non

371 3651 553 3706 parum
577 3639 880 3695 autrimcuti
901 3642 1191 3710 Spiritualis
1211 3645 1566 3713 percepimus,
1583 3646 1734 3716 cujus
1747 3655 1958 3718 partem,

370 3731 560 3820 vestris
580 3732 845 3787 mentibus
875 3733 1181 3797 indidimus,
1212 3743 1414 3805 partem
1434 3736 1487 3791 in
1507 3735 1818 3795 hodiernum
1845 3739 1956 3796 dis-

369 3821 624 3887 tulimus,
675 3837 741 3878 ue
783 3823 1124 3878 multitudine
1169 3838 1476 3881 sermonum
1522 3827 1831 3883 memeriam
1860 3845 1954 3884 ve-
2012 3883 2016 3887 .

366 3918 529 3966 strain
555 3913 920 3969 olirueretnns.
965 3913 1220 3980 Quantam
1266 3915 1423 3985 igitur
1463 3923 1586 3969 sunt
1629 3915 1716 3971 illa
1747 3919 1950 3972 verba?

369 4000 618 4056 Habentes
646 4013 814 4057 autem
838 4005 1064 4058 eumdem
1093 4003 1345 4073 Spiritum
1376 4005 1525 4074 ﬁdei,
1552 4006 1682 4060 sicut
1707 4007 1949 4077 scriptum

363 4103 477 4148 est:
507 4093 742 4158 Credidi,
785 4105 990 4165 propter
1025 4097 1159 4160 quod
1201 4099 1435 4168 loquutus
1473 4115 1585 4152 sum
1617 4115 1635 4153 :
1662 4101 1813 4154 etiam
1858 4117 1948 4154 nos

361 4187 610 4242 credinms
628 4228 644 4251 ,
673 4197 976 4256 quapmpter
1002 4198 1050 4243 et
1076 4189 1326 4257 loquimur
1345 4191 1368 4260 (.
1387 4189 1443 4244 2.
1474 4188 1593 4246 Cor.
1622 4191 1674 4246 4.
1711 4191 1777 4245 13
1802 4193 1839 4260 ).
1873 4191 1948 4246 De

359 4291 463 4346 qua
493 4278 652 4346 igitur
678 4277 780 4331 tidc
807 4278 875 4332 sit
901 4292 1079 4334 sermo
1101 4321 1118 4347 ,
1149 4291 1326 4337 ntrunt
1351 4280 1419 4336 de
1447 4297 1508 4336 ea
1541 4298 1636 4352 per
1655 4297 1813 4352 quam
1849 4298 1942 4352 pa-

359 4376 570 4422 trantnr
598 4369 853 4439 prodigia,
879 4374 948 4426 de
977 4387 1078 4442 qua
1108 4371 1356 4428 Christus
1384 4373 1508 4429 dicit
1531 4418 1546 4440 ,
1581 4376 1644 4429 Si
1671 4377 1945 4432 habueritis

357 4457 512 4526 ﬁdem
534 4459 661 4512 sicut
683 4478 898 4530 granum
923 4464 1112 4532 sinapi,
1139 4464 1313 4518 dicetis
1347 4467 1504 4521 monti
1529 4467 1671 4534 huic,
1699 4468 1868 4539 Nigra
1897 4480 1945 4524 et

357 4550 594 4620 migrabit
631 4550 842 4619 (Matth.
871 4554 957 4608 l7.
988 4555 1076 4626 i9)
1105 4572 1118 4608 :
1147 4570 1215 4610 an
1239 4555 1306 4612 de
1327 4572 1412 4624 ea,
1441 4573 1560 4628 qua:
1586 4559 1942 4630 cognitionem

358 4642 409 4696 in
441 4643 593 4697 nobis
615 4643 802 4713 gignit,
827 4646 1116 4701 secundum
1134 4663 1291 4716 quam
1309 4662 1496 4704 omnes
1516 4665 1704 4705 sumus
1719 4652 1938 4708 lidelcs:

357 4741 465 4787 tum
489 4747 589 4802 qua
614 4733 682 4789 de
702 4749 859 4788 causa
887 4734 1115 4806 Spiritus
1145 4737 1266 4793 lidei
1297 4739 1367 4794 sit
1392 4739 1588 4809 dictus,
1618 4749 1673 4797 et
1694 4759 1938 4812 qnzenam

354 4823 422 4876 sit
459 4821 573 4878 lucc
607 4823 738 4880 lides
769 4841 786 4880 :
820 4826 934 4883 lucc
972 4829 1148 4882 omnia
1180 4845 1277 4899 pro
1305 4830 1506 4887 viribus
1535 4833 1676 4903 apud
1708 4845 1938 4892 vestram

358 4913 699 4971 disseruimus
723 4918 998 4974 caritatem
1021 4960 1035 4984 .
1078 4929 1238 4990 atque
1268 4921 1478 4977 interim
1503 4925 1664 4980 etiam
1693 4926 1761 4982 de
1790 4927 1935 4983 elec-

359 5019 572 5076 tnosyna
601 5007 759 5064 verba
790 5007 1036 5066 fecimus.
1079 5011 1211 5066 Cum
1244 5028 1373 5068 vero
1397 5027 1698 5084 Superesset
1729 5018 1934 5088 disqui-

377 5096 571 5152 endum
594 5139 621 5169 ,ι
642 5115 743 5154 cur
766 5099 965 5156 dictum
995 5100 1102 5166 sit,
1133 5099 1381 5158 Eumdem
1410 5104 1660 5174 Spiritum
1689 5109 1810 5176 [idei
1833 5149 1850 5174 ,
1880 5118 1934 5165 et

359 5199 458 5253 pra:
483 5187 820 5244 multitudine
843 5205 1028 5245 eorum
1050 5207 1170 5262 qua:
1193 5193 1302 5263 jam
1325 5194 1586 5263 dixeram,
1615 5213 1719 5254 non
1752 5200 1934 5258 liceret

362 5276 507 5329 niam
536 5277 650 5331 ba-c
677 5279 836 5333 vcrha
861 5279 1144 5350 diligenter
1160 5297 1412 5341 enarrare
1438 5303 1452 5340 :
1476 5287 1596 5344 ideo
1625 5290 1676 5344 in
1705 5305 1931 5360 praesen-

368 5380 454 5418 em
481 5365 623 5420 diem
647 5382 708 5421 ea
736 5371 1092 5438 reposuimus,
1115 5381 1170 5426 ct
1193 5389 1333 5430 nunc
1361 5374 1487 5432 illud
1513 5378 1748 5434 debitum
1779 5383 1928 5438 vobis

347 5455 603 5511 reddituri
633 5459 894 5514 venimus.
927 5462 1033 5518 Cur
1075 5463 1233 5534 igitur
1273 5465 1407 5522 dixit
1429 5508 1445 5533 .
1493 5467 1740 5525 Euntdent
1762 5473 1788 5527 .’
1815 5473 1926 5529 Ma-

340 5730 513 5782 itstuttt
535 5732 597 5785 de
619 5731 791 5785 iisdem
814 5737 966 5790 verbis
986 5738 1248 5792 orationem
1270 5730 1575 5803 aggreditur.

1266 5620 1620 5691 semitatus
1631 5625 1694 5675 de
1714 5625 1792 5677 Itis
1811 5640 1927 5691 apo-

1969 1944 2077 2000 EE]

2082 1965 2317 1980 ἡ

2098 2098 2257 2155 gnam
2299 2085 2671 2159 cognationem
2713 2085 2846 2140 Novi
2889 2085 3217 2143 Testamenti
3254 2095 3311 2142 et
3342 2083 3552 2143 Veteris
3583 2085 3694 2141 vult

2097 2179 2382 2233 ostendere
2407 2195 2422 2232 :
2453 2177 2571 2233 ideo
2598 2177 2872 2248 prapheta:
2900 2179 3058 2233 etiam
3090 2177 3249 2232 verba
3278 2177 3431 2232 nobis
3455 2192 3692 2235 comme-

2097 2278 2271 2322 morat
2299 2270 2482 2325 dicens
2513 2287 2527 2324 :
2567 2269 2819 2324 Habentes
2846 2281 3014 2324 autem
3046 2271 3273 2324 cutndem
3318 2269 3606 2339 Spiritum;
3635 2279 3692 2325 et

2093 2357 2352 2427 adjiciens
2385 2377 2400 2413 :
2426 2359 2573 2414 Sicut
2598 2361 2842 2429 scriptum
2860 2372 2934 2416 est
2953 2377 2968 2415 :
2988 2360 3192 2415 Credidi
3217 2369 3422 2430 propter
3445 2360 3580 2430 quod
3605 2360 3691 2414 lo-

2099 2460 2284 2520 quutus
2301 2466 2411 2504 sum
2441 2449 2612 2514 (Psal.
2639 2453 2760 2507 ll5.
2793 2450 2906 2522 10).
2929 2450 3041 2506 Hoc
3070 2461 3246 2506 autem
3276 2451 3590 2520 jamdudum
3629 2457 3686 2504 et

2091 2553 2217 2597 ante
2246 2543 2440 2599 multas
2461 2552 2646 2599 :etatcs
2679 2542 2841 2598 David
2879 2543 3122 2610 dixerat,
3150 2542 3294 2614 quod
3321 2557 3460 2597 nunc
3489 2541 3685 2596 Paulus

2091 2632 2334 2701 adduxit,
2377 2633 2620 2690 indicans
2654 2634 2899 2691 eamdem
2939 2633 3168 2704 Spiritus
3197 2633 3444 2704 gratiam,
3473 2642 3532 2687 et
3562 2642 3688 2686 tunc

2090 2721 2144 2776 in
2185 2723 2277 2779 illo
2298 2765 2314 2791 ,
2354 2733 2410 2780 et
2447 2741 2588 2781 nunc
2617 2726 2671 2781 in
2702 2725 2884 2789 nobis,
2918 2724 3037 2780 fidei
3071 2725 3278 2780 radices
3305 2723 3544 2794 posuisse
3573 2739 3590 2779 :
3618 2737 3687 2777 ac

2086 2813 2134 2868 si
2161 2813 2386 2880 diceret,
2421 2814 2566 2870 Idem
2591 2825 2676 2870 est
2698 2815 2820 2872 fidei
2847 2814 3098 2888 Spiritus,
3119 2815 3206 2886 qui
3231 2813 3283 2870 in
3311 2815 3403 2868 illo
3428 2813 3679 2884 loquutus

2085 2913 2169 2959 est
2190 2946 2206 2968 ,
2233 2915 2287 2959 et
2317 2906 2370 2960 in
2394 2905 2547 2960 nobis
2573 2917 2845 2976 operatus.

2161 2995 2218 3050 2.
2258 2995 2449 3050 Contra
2479 2995 2811 3052 Hauiclueos.
2839 3027 2912 3038 —-
2939 2997 3040 3053 Ubi
3069 3013 3209 3053 nunc
3247 3004 3372 3050 sunt
3399 2995 3489 3067 qui
3513 2994 3680 3050 Vetus

2085 3085 2493 3142 Testamentum
2523 3088 2897 3154 criminantur,
2927 3089 3015 3160 qui
3044 3102 3241 3158 corpus
3265 3087 3556 3158 Scriptura:
3600 3087 3680 3143 di-

2081 3177 2339 3244 lacerant,
2373 3179 2462 3248 qui
2507 3179 2669 3234 aliutn
2712 3179 2890 3248 Novo,
2934 3181 3096 3234 alium
3120 3179 3298 3234 Veteri
3332 3179 3679 3235 Testamento

2083 3269 2249 3326 Deum
2276 3270 2610 3328 attribuunt?
2642 3273 2874 3329 Audiant
2903 3272 3122 3327 Paulum
3171 3270 3332 3341 impia
3377 3285 3472 3326 ora
3516 3272 3673 3326 obtu-

2079 3372 2310 3430 rantem,
2359 3365 2775 3436 impngnatriccs
2826 3365 2918 3420 Dei
2965 3365 3171 3435 linguas
3216 3363 3586 3431 cohibentem,
3619 3373 3676 3420 et

2079 3454 2181 3511 hoc
2210 3456 2352 3512 dicto
2394 3457 2769 3513 ostendentem
2810 3457 3057 3513 eumdem
3099 3473 3220 3513 esse
3264 3455 3520 3527 Spiritum
3565 3466 3676 3512 tant

2076 3544 2210 3602 Novi
2238 3563 2401 3618 quam
2433 3547 2644 3604 Veteris
2679 3548 3027 3606 Testamenti.
3058 3547 3190 3603 Nam
3233 3559 3286 3603 et
3317 3549 3430 3619 ipsa
3458 3548 3677 3605 nomina

2077 3653 2322 3709 magnam
2357 3639 2512 3695 nobis
2555 3640 3021 3697 'l'estamentorum
3068 3640 3474 3696 consonantiam
3503 3640 3680 3711 signi-

2077 3727 2257 3784 ficant.
2301 3729 2506 3786 Novum
2531 3732 2679 3788 enim
2709 3731 2776 3787 ad
2805 3731 3161 3788 differentiam
3203 3733 3411 3788 Veteris
3447 3733 3668 3799 dicitur,

2072 3829 2128 3876 et
2147 3821 2310 3876 Vetus
2334 3823 2402 3877 ad
2428 3823 2786 3878 differentiam
2809 3823 2962 3889 Novi,
2993 3825 3131 3880 sicut
3155 3833 3210 3880 et
3237 3825 3430 3880 Paulus
3457 3826 3660 3895 ittquit:

2071 3907 2302 3964 Dicenda
2328 3910 2552 3976 Novum,
2576 3914 2854 3982 antiquavit
2887 3915 3018 3969 illud
3054 3917 3196 3984 prius
3228 3905 3500 3985 (Helm-8.
3545 3917 3672 3988 i3).

2071 4000 2182 4057 Nisi
2212 4017 2340 4056 vero
2366 4003 2608 4072 ejusdem
2638 4015 2819 4059 essent
2845 4005 3079 4072 Domini,
3109 4021 3282 4076 neque
3310 4007 3412 4062 hoc
3431 4007 3669 4073 Novum,

2071 4109 2244 4165 neque
2275 4093 2403 4148 illud
2431 4093 2592 4150 Vetus
2618 4095 2876 4167 appellari
2905 4105 3104 4167 posset.
3136 4095 3318 4166 Itaque
3350 4097 3451 4152 hoc
3487 4097 3667 4166 ipsum

2071 4186 2344 4240 nominum
2372 4185 2662 4243 discrimen
2705 4189 3078 4259 cognationem
3113 4189 3388 4260 utriusque
3427 4189 3621 4244 indicat
3644 4209 3668 4246 :

2073 4286 2128 4332 et
2155 4276 2452 4333 differentia
2501 4277 2615 4334 lucc
2642 4295 2748 4333 non
2777 4287 2860 4334 est
2886 4279 2940 4333 in
2968 4293 3154 4334 eorum
3191 4279 3444 4344 essentia,
3464 4264 3566 4335 sed
3604 4281 3664 4337 in

2068 4371 2365 4427 mutatione
2406 4380 2750 4442 temporum:
2783 4371 2899 4426 solo
2941 4371 3085 4425 enim
3116 4379 3360 4440 tempore
3403 4388 3600 4428 novum
3626 4389 3666 4429 ts

2064 4461 2235 4518 Veteri
2263 4462 2445 4519 distat.
2476 4461 2749 4518 Czeterum
2798 4471 3096 4532 temporum
3136 4460 3434 4517 differentia
3461 4465 3665 4522 nullam

2064 4551 2284 4608 dominii
2342 4554 2690 4609 ntutationem
2744 4553 2933 4619 affert,
2979 4568 3154 4624 neque
3192 4552 3598 4610 diminutionem
3636 4574 3660 4613 :

2066 4642 2117 4698 id
2144 4643 2286 4714 quod
2332 4653 2387 4699 et
2423 4643 2671 4700 Christus
2703 4643 2955 4699 indicavit
2979 4644 3203 4701 dicens:
3239 4643 3514 4716 Propterea
3540 4646 3663 4702 dico

2062 4733 2198 4788 vobis
2227 4749 2247 4788 :
2277 4735 2442 4789 omnis
2489 4735 2654 4789 scriba
2693 4736 2871 4789 doctus
2911 4737 2965 4789 in
3001 4752 3158 4807 regno
3197 4737 3436 4792 rariorum
3473 4739 3662 4793 similis

2061 4834 2132 4879 est
2161 4826 2356 4880 homini
2398 4827 2782 4898 patrifamilias,
2823 4827 2909 4898 qui
2951 4831 3145 4900 profert
3189 4828 3254 4882 de
3295 4831 3531 4884 thesauro
3560 4848 3657 4885 suo

2059 4933 2186 4972 nova
2212 4929 2258 4973 et
2282 4929 2448 4975 cetera
2478 4919 2691 4990 (Matth.
2726 4922 2812 4977 13.
2844 4921 2962 4992 52).
2986 4921 3143 4976 Vides
3163 4921 3402 4978 diversas
3430 4925 3646 4996 quidem

2060 5011 2445 5080 possessiones,
2473 5011 2610 5067 idem
2652 5028 2780 5068 vero
2809 5012 3148 5068 dominium?
3182 5013 3650 5081 Quemadmodum

2056 5103 2213 5175 igitur
2239 5104 2330 5160 ille
2359 5115 2532 5175 potest
2553 5107 2872 5176 depromere
2916 5122 3050 5161 nova
3094 5114 3150 5162 et
3187 5116 3389 5170 vetera,
3417 5121 3542 5161 cum
3575 5108 3645 5162 sit

2055 5212 2191 5252 unus
2215 5207 2270 5254 et
2301 5197 2440 5252 idctn
2486 5199 2866 5268 paterfamilias
2893 5215 2906 5252 :
2938 5199 3008 5254 ita
3040 5198 3125 5253 hic
3149 5213 3361 5269 quoque
3397 5197 3527 5252 nihil
3558 5215 3647 5254 ve-

2054 5296 2130 5343 tat
2159 5287 2399 5358 ejusdem
2434 5305 2557 5345 esse
2588 5288 2680 5344 Dei
2707 5299 2818 5344 tum
2849 5289 3077 5356 Novum,
3106 5298 3217 5344 tum
3257 5289 3422 5345 Vetus
3458 5289 3646 5345 Testa-

2053 5391 2290 5436 mentum
2326 5397 2342 5434 :
2386 5380 2489 5436 hoc
2527 5381 2700 5452 ipsum
2730 5381 2874 5438 enim
2918 5383 3153 5438 maxime
3187 5381 3385 5438 indicat
3421 5382 3538 5452 ejus
3563 5384 3647 5438 di-

2050 5471 2208 5528 vitias
2248 5483 2304 5528 et
2349 5472 2750 5542 abundantiam,
2789 5475 2932 5545 quod
2975 5489 3082 5529 non
3129 5475 3302 5530 solum
3348 5490 3484 5531 nova
3513 5491 3640 5548 pos-

2049 5562 2242 5628 sideat,
2269 5577 2455 5620 verum
2497 5565 2658 5620 etiam
2705 5565 2760 5622 in
2789 5565 3058 5622 veteribus
3097 5565 3484 5624 abundantiam
3528 5583 3641 5642 pra

2047 5668 2107 5709 se
2137 5654 2290 5710 ferat.

2119 5745 2240 5804 Non
2279 5749 2533 5808 contraria
2562 5760 2678 5809 sunt
2706 5751 2808 5809 duo
2835 5747 3191 5817 Testamenta;
3222 5750 3425 5816 Novum
3462 5749 3637 5810 Vetere
