4110 6198
489 302 598 358 28⁸5

490 413 780 482 perfectius.
804 444 877 457 -
901 416 1082 489 Itaque
1100 424 1320 476 nomine
1347 432 1548 478 tantum
1574 425 1714 480 inter
1736 441 1796 480 se
1823 426 2078 483 differunt

491 502 855 572 Testamenta,
888 518 943 562 at
972 524 1077 564 non
1119 524 1373 581 pugnant,
1406 530 1581 585 neque
1623 526 1749 572 sunt
1788 522 2077 576 contraria.

499 593 663 649 Vetus
688 598 829 651 enim
850 614 913 652 ex
941 615 1079 655 novo
1115 603 1174 657 fit
1199 612 1383 669 vetus;
1412 606 1515 662 hoc
1544 616 1723 663 autem
1753 625 1857 663 non
1888 625 2080 681 pugna:

489 691 573 738 est
609 700 782 756 neque
800 691 1212 759 contmrietatis,
1235 694 1328 749 Sed
1354 694 1670 752 differentiae
1703 701 1933 754 nominis
1964 710 2079 755 tan-

496 777 793 833 tummodo.
846 780 959 851 Ego
1000 794 1178 839 autem
1203 785 1365 851 addo,
1393 789 1534 857 quod
1562 790 1771 845 etiamsi
1798 794 2081 851 Contraria:

486 878 677 924 essent
721 870 861 942 leges
896 873 1102 931 Veteris
1153 878 1359 948 legibus
1410 881 1567 947 Novi,
1613 898 1978 940 asseverarem
2014 902 2081 941 ne

491 958 571 1012 sic
604 960 816 1029 quidem
852 965 1013 1020 alium
1042 967 1207 1024 Deum
1237 968 1405 1027 fuisse
1440 974 1985 1041 superinducendum.
2025 977 2079 1032 Si

492 1048 636 1103 enim
667 1051 858 1107 eodem
890 1064 1153 1127 tempore,
1184 1060 1387 1115 eisdem
1419 1062 1747 1129 hominibus,
1779 1066 1831 1120 in
1877 1066 2079 1121 eisdem

496 1137 659 1194 rebus
695 1146 1054 1212 versantibus,
1084 1149 1272 1205 eadem
1300 1153 1481 1208 munia
1504 1156 1846 1225 abeuntibus,
1867 1168 2079 1212 contra-

496 1228 607 1283 rias
631 1231 777 1301 leges
804 1235 1100 1305 statuisset,
1132 1241 1392 1297 rationem
1439 1244 1682 1301 fortassis
1724 1248 1958 1317 aliquam
1991 1250 2083 1301 ha-

498 1318 627 1377 bere
671 1326 931 1393 potuisset
975 1344 1337 1390 commentum
1388 1337 1845 1410 ipsorum:un
1875 1341 1920 1396 si
1962 1342 2083 1396 aliis

496 1411 622 1477 ilhc,
655 1415 773 1472 aliis
807 1418 889 1473 ha:
936 1424 1151 1493 scripta:
1194 1436 1339 1495 sunt,
1371 1430 1476 1484 alio
1528 1441 1770 1502 tempore
1817 1434 1946 1497 illis,
1976 1435 2083 1490 alio

497 1504 600 1569 his,
630 1506 786 1562 aliter
824 1524 886 1565 se
924 1511 1245 1572 habentibus
1273 1518 1380 1573 illis
1420 1520 1745 1588 hominibus,
1779 1524 1932 1579 aliter
1974 1524 2079 1593 his,

494 1593 619 1662 quid
666 1611 893 1657 necesse
923 1612 1007 1657 est
1057 1616 1274 1678 pr0pter
1325 1610 1499 1682 legum
1548 1612 1901 1669 differentiam
1948 1614 2083 1671 duos

491 1689 795 1743 contrarios
848 1693 1182 1763 legislatores
1232 1700 1529 1759 inducere?
1576 1703 1835 1773 Equidem
1884 1708 2083 1762 nullam

498 1782 869 1871 necessitatem
921 1787 1074 1843 video
1106 1809 1119 1844 :
1163 1793 1261 1862 ipsi
1292 1795 1585 1864 proferant,
1625 1800 1669 1853 si
1715 1798 1911 1853 habent
1941 1800 2081 1871 quod

496 1869 674 1927 dicant
710 1891 724 1927 :
764 1876 860 1932 sed
908 1879 1036 1934 nihil
1072 1881 1271 1939 habere
1314 1898 1554 1956 possunt.
1602 1889 1841 1961 Namque
1870 1903 1931 1946 et
1962 1869 2083 1947 iue-

498 1960 650 2017 dicus
687 1979 1059 2035 stepcnumero
1108 1975 1269 2030 multa
1320 1980 1588 2034 cootraria
1637 1960 1780 2045 facit,
1832 1983 1925 2036 δρᾶ
1978 2000 2082 2037 non

494 2056 763 2111 Contraria
793 2062 1020 2129 ratione,
1050 2063 1158 2119 imo
1182 2067 1366 2123 eadem
1398 2079 1453 2125 ct
1479 2074 1854 2129 conveniente.
1873 2074 2082 2130 Etenim

495 2145 603 2199 ttrit
637 2158 692 2201 et
732 2164 835 2205 non
883 2157 1005 2219 urit,
1048 2166 1195 2211 seCat
1222 2168 1275 2213 et
1306 2177 1409 2215 non
1441 2174 1588 2217 secat
1633 2181 1795 2220 unum
1826 2177 1879 2221 et
1936 2166 2075 2221 idem

494 2249 691 2303 corpus
721 2256 734 2292 :
769 2255 908 2297 nunc
943 2258 1147 2310 amara,
1190 2264 1332 2304 nunc
1361 2250 1533 2306 dulcia
1577 2252 1863 2322 pharmaca
1910 2255 1975 2309 ad
2009 2255 2086 2310 bi-

495 2327 725 2384 bendum
746 2332 904 2389 olTert
928 2354 940 2389 :
969 2346 1022 2391 et
1052 2338 1176 2394 facit
1198 2341 1413 2411 quidem
1434 2346 1731 2414 Contraria,
1756 2346 1850 2401 sed
1878 2348 2085 2403 ratione

496 2420 654 2476 simili
682 2434 843 2495 atque
880 2428 1068 2484 eadem
1100 2448 1114 2485 :
1148 2448 1312 2489 unum
1352 2436 1495 2491 enim
1540 2436 1701 2493 ﬁnem
1746 2449 1974 2509 spectat,
2007 2440 2089 2494 ni-

497 2511 691 2568 mirum
721 2517 849 2587 ωετί
889 2519 1195 2577 sanitatem.
1241 2526 1434 2580 Annon
1478 2528 1639 2598 igitur
1678 2529 1967 2585 absurdum
2004 2540 2089 2586 est

497 2603 762 2659 medicum
784 2608 999 2676 quidem
1034 2628 1139 2666 non
1172 2614 1440 2681 incusare,
1460 2617 1601 2687 quod
1632 2618 1797 2672 multa
1819 2623 2086 2675 contraria

498 2691 657 2747 faciat
678 2696 820 2750 circa
849 2699 1007 2753 unius
1026 2704 1267 2773 corporis
1292 2713 1559 2773 naturam,
1583 2707 1750 2761 Deum
1774 2720 1951 2763 autem
1980 2711 2086 2764 cri-

499 2785 692 2840 minari
740 2788 880 2858 quod
924 2790 1139 2847 diverso
1194 2804 1456 2866 tempore,
1500 2795 1727 2853 diversis
1758 2798 2082 2868 hominibus,

502 2873 716 2932 diversa
747 2881 992 2935 mandata
1022 2882 1270 2965 dederit?

570 2967 625 3022 3.
668 2968 1099 3030 Demonstratum
1146 2988 1228 3032 est
1278 2980 1437 3050 igitur
1467 2996 1574 3036 non
1623 2980 1789 3039 fuisse
1835 2970 2087 3042 incusan-

501 3057 648 3126 dnm,
682 3062 894 3121 etiamsi
948 3068 1094 3139 leges
1142 3070 1280 3127 inter
1321 3087 1379 3129 se
1410 3073 1635 3131 fuissent
1675 3079 1957 3133 contrarizc
1984 3096 1998 3131 :
2030 3088 2088 3135 ut

498 3164 676 3209 autem
723 3157 957 3216 sciamus
1008 3177 1115 3217 non
1166 3178 1287 3220 eSse
1334 3168 1653 3234 contrarias,
1702 3169 1797 3225 sed
1848 3170 2086 3227 diversas

499 3255 735 3317 tantum,
783 3266 882 3323 age
940 3253 1081 3324 ipsas
1133 3255 1277 3328 leges
1329 3259 1380 3313 in
1424 3260 1660 3316 medium
1707 3262 2082 3333 producamus.

494 3340 745 3410 Audistis,
764 3343 954 3417 inquit,
981 3351 1119 3419 quod
1139 3351 1330 3406 dictum
1350 3353 1416 3406 sit
1445 3348 1687 3422 antiquis,
1718 3354 1841 3409 Non
1867 3358 2083 3411 occides.

491 3428 622 3489 Ilaec
670 3436 754 3491 lc:
800 3447 884 3493 est
935 3451 1129 3508 vetus;
1180 3444 1452 3499 videamus
1500 3461 1641 3501 nunc
1689 3462 1929 3503 novam:
1973 3441 2084 3518 Ego

494 3536 663 3581 autent
706 3530 819 3582 dico
863 3533 1019 3596 vobis,
1059 3534 1361 3606 quicumque
1409 3536 1645 3590 irascitur
1688 3538 1841 3609 fratri
1880 3556 1973 3592 suo
2015 3550 2085 3592 te-

496 3637 651 3688 mere,
702 3639 817 3677 reus
868 3634 943 3678 est
989 3626 1233 3696 geltenua:
1277 3629 1408 3699 ignis
1456 3629 1667 3700 (Matth.
1721 3630 1775 3686 5.
1823 3631 1913 3685 2i.
1967 3632 2079 3700 22).

496 3710 744 3766 II.eeeiuc
767 3724 909 3779 sunt,
938 3715 1183 3783 obsecro,
1220 3720 1485 3774 contraria
1517 3721 1803 3776 mandata?
1848 3722 1917 3777 Et
1964 3724 2085 3793 quis

498 3799 601 3856 hoc
644 3802 846 3859 diceret
892 3807 1217 3873 mortalium,
1249 3809 1409 3865 modo
1455 3811 1674 3866 rationis
1715 3814 1975 3885 compos?
2026 3814 2083 3869 Si

496 3893 639 3948 enim
664 3895 840 3964 priore
879 3886 994 3968 lege
1024 3909 1237 3955 vetante
1259 3901 1525 3967 occidere,
1557 3903 1822 3973 posterior
1840 3904 2079 3975 juberet,

494 3978 720 4044 fortasse
730 3990 923 4062 aliquis
937 3991 986 4045 in
1007 3990 1090 4046 his
1107 4006 1189 4048 vet
1204 3991 1470 4066 bislegum
1490 4010 1714 4065 pugnam
1729 4012 1845 4051 esse
1857 3996 2077 4052 diceret:

495 4096 637 4135 nunc
674 4096 796 4136 cum
846 4083 932 4137 illa
953 4082 1177 4153 jubente
1223 4101 1328 4139 non
1378 4086 1643 4152 occidere,
1694 4087 1807 4142 haec
1829 4087 1982 4157 jubet
2014 4105 2081 4144 ne

495 4173 649 4227 irasci
676 4173 911 4243 quidem,
935 4186 1161 4245 augetur
1183 4176 1330 4246 prius
1360 4174 1688 4241 mandatum.
1720 4194 1823 4232 non
1861 4178 2081 4233 affertur

493 4269 869 4320 contrarium:
911 4266 998 4320 illa
1025 4268 1167 4322 enim
1209 4268 1435 4323 fructum
1478 4268 1692 4324 malitia:
1731 4280 1959 4336 resecat,
1996 4271 2077 4324 vi-

492 4353 681 4411 delicet
703 4362 902 4413 caedem
932 4375 945 4412 :
976 4357 1091 4414 haec
1111 4374 1238 4415 vero
1257 4359 1414 4415 etiam
1438 4360 1667 4415 radicem
1692 4361 1857 4431 ipsam
1879 4363 2076 4429 evellit,

493 4448 743 4504 nimirum
772 4449 1095 4506 iracundiam
1130 4470 1143 4505 :
1177 4452 1263 4506 illa
1294 4452 1465 4507 rivum
1493 4452 1782 4518 tollitvitii,
1816 4453 1927 4507 haec
1957 4454 2075 4507 fon-

494 4548 600 4594 tem
648 4539 820 4610 ipsum
871 4543 1121 4598 exsiccet.
1180 4540 1322 4598 Fons
1365 4545 1504 4599 enim
1534 4555 1586 4598 et
1615 4544 1762 4599 radix
1805 4545 1968 4599 czedis
1997 4556 2080 4601 est

492 4628 640 4682 furor
682 4638 737 4683 et
780 4630 1069 4685 iracundia.
1105 4630 1196 4686 Illa
1226 4632 1309 4687 lex
1342 4641 1583 4688 naturam
1631 4644 1866 4689 nostram
1898 4645 2076 4705 poste-

492 4719 619 4773 riori
675 4721 993 4788 paratiorem
1036 4721 1296 4787 reddidit,
1350 4723 1464 4779 hzec
1509 4729 1890 4796 superveniens
1936 4727 2075 4798 quod

493 4810 897 4867 desiderabatur
944 4814 1228 4884 supplevit.
1262 4815 1516 4884 Quantam
1563 4818 1677 4874 h;ec
1729 4828 1814 4873 est
1858 4829 2074 4875 contra-

494 4903 673 4965 rietas,
707 4902 833 4958 dum
882 4921 981 4959 una
1015 4906 1173 4961 linem
1221 4907 1501 4974 malorum,
1533 4910 1698 4964 altera
1745 4926 1871 4965 vero
1914 4912 2073 4965 etiam

494 4994 809 5064 principium
836 4996 1134 5067 exstirpat?
1176 4997 1266 5053 Illa
1295 5014 1508 5055 manum
1538 5017 1721 5071 puram
1751 5000 1866 5056 facit
1896 5017 1927 5056 a
1946 5018 2072 5056 san-

491 5086 668 5157 guine,
699 5087 814 5144 hsce
839 5098 1072 5145 mentem
1101 5092 1259 5145 etiam
1288 5102 1466 5147 servat
1498 5108 1527 5146 a
1565 5094 1700 5148 mala
1730 5096 2068 5166 cogitatione.

493 5176 621 5232 IIa-e
637 5188 815 5235 autem
841 5182 1285 5237 consentientium
1310 5192 1434 5238 sunt
1472 5184 1668 5254 legum,
1698 5201 1800 5239 non
1833 5202 2073 5256 pugnan-

491 5268 643 5335 tium,
677 5270 814 5325 sicut
838 5271 1076 5327 veritatis
1119 5273 1317 5330 inimici
1350 5274 1625 5330 adstruere
1653 5286 1933 5343 conantur,
1968 5294 2071 5332 non

488 5361 999 5428 animadvertentes,
1030 5363 1171 5434 quod
1204 5366 1280 5420 sic
1320 5382 1512 5436 magno
1554 5367 1770 5422 incurizc
1800 5379 1851 5422 et
1894 5371 2071 5440 segni-

496 5455 585 5507 tiei
626 5454 835 5509 crimini
866 5456 1030 5511 Deum
1059 5454 1192 5511 Novi
1238 5457 1563 5512 Testamenti
1610 5459 1865 5529 objiciunt
1890 5480 1901 5514 :
1926 5475 2044 5516 com

492 5543 728 5612 perietnr
748 5547 888 5600 enim
915 5548 1052 5602 Deus
1077 5550 1215 5617 (qua:
1246 5547 1456 5620 quidem
1490 5549 1814 5619 blasphemia
1842 5550 1895 5604 in
1916 5559 2075 5621 caput

491 5630 701 5687 illorum
732 5645 923 5701 vertat,
953 5638 1040 5707 qui
1073 5638 1226 5691 nobis
1262 5637 1374 5693 lure
1413 5638 1660 5709 loquendi
1703 5640 2070 5694 necessitatem

486 5721 1206 5797 imponunt)intempestnc
1256 5745 1342 5784 res
1394 5740 1601 5785 nostras
1651 5730 2065 5801 dispensavisse.

1202 310 1257 367 S.
1294 311 1571 369 JOANNIS
1603 312 2088 373 CHRYSOSTOMI
2130 317 2445 375 ARCHIEP.
2486 317 3023 376 CONSTANTINOP.

3667 320 3780 375 284

2188 430 2318 496 Quae
2347 442 2523 485 autem
2544 430 2684 492 dico.
2716 431 2794 485 sic
2820 430 2971 484 vobis
2993 429 3217 484 clariora
3245 425 3453 484 faciam.
3473 429 3653 485 Laetis
3672 432 3783 484 alio

2184 531 2366 575 mento
2393 521 2582 575 similis
2606 533 2689 576 est
2721 521 2928 577 Veteris
2967 520 3295 575 TeStamenti
3317 518 3582 584 educatio,
3605 523 3787 577 solido

2185 627 2313 667 vero
2334 612 2455 667 cibo
2474 612 2604 667 Novi
2629 612 2959 668 Testamenli
2985 612 3320 683 philosophia
3342 630 3355 666 :
3379 627 3445 669 ac
3472 628 3631 668 nemo
3650 624 3782 669 ante

2186 703 2337 758 lactis
2364 704 2668 760 alimoniam
2710 705 2941 759 solidum
2975 705 3151 759 cibum
3191 704 3428 760 adhibet.
3460 705 3611 774 Quod
3651 707 3781 777 qni-

2186 792 2306 847 dem
2334 793 2466 848 Novi
2497 795 2830 849 Testamenti
2860 795 3000 850 Deus
3029 794 3173 860 fecit,
3196 795 3239 850 si
3268 811 3374 850 non
3405 795 3546 851 idem
3574 807 3659 851 est
3687 798 3781 866 qui

2183 884 2343 938 etiam
2369 884 2531 940 Vetus
2561 884 2794 954 prodidit
2825 904 2841 941 :
2874 886 3019 955 prius
3045 886 3188 941 enim
3223 902 3382 956 quam
3425 886 3562 942 lacte
3606 889 3783 942 matri-

2186 985 2288 1042 ret,
2321 975 2423 1031 hoe
2466 984 2552 1033 est
2592 978 2725 1047 legis
2774 978 3075 1048 disciplina,
3104 978 3170 1034 ad
3210 978 3441 1033 solidum
3471 993 3569 1032 nos
3595 979 3783 1033 cibum

2185 1069 2424 1122 adduxit.
2456 1069 2571 1124 Non
2600 1069 2756 1140 hujus
2783 1081 2960 1126 autem
2992 1072 3186 1133 solum,
3215 1070 3309 1125 scd
3351 1070 3568 1138 maioris
3610 1071 3780 1126 etiam

2184 1162 2421 1216 criminis
2438 1178 2559 1217 eum
2586 1179 2737 1219 reum
2776 1162 3442 1233 faciunt,quandoquidem
3464 1173 3583 1233 post
3605 1162 3775 1232 quiu-

2186 1252 2338 1320 quies
2373 1252 2517 1306 nitiile
2559 1253 2774 1308 demum
2818 1268 3010 1320 annos,
3039 1262 3131 1308 aut
3159 1253 3357 1323 plures,
3389 1253 3780 1322 providentiam

2187 1344 2353 1397 nostri
2394 1344 2608 1413 generis
2637 1346 2890 1415 suscepit.
2932 1344 2986 1401 Si
3015 1345 3157 1399 enim
3191 1360 3294 1398 non
3329 1344 3468 1398 idem
3502 1354 3645 1410 erat,
3686 1345 3780 1413 qui

2187 1447 2283 1502 per
2327 1434 2611 1503 prophetas
2648 1444 2708 1492 et
2754 1435 3084 1505 patriarchas
3113 1445 3164 1490 et
3200 1436 3377 1506 justos
3418 1436 3666 1490 homines
3692 1452 3781 1492 res

2186 1533 2400 1578 nostras
2422 1525 2785 1594 dispensabat,
2817 1526 2911 1581 sed
2940 1526 3074 1581 alter
3098 1526 3359 1597 quispiam
3391 1537 3585 1595 praeter
3610 1526 3778 1590 hunc,

2185 1628 2310 1670 sero
2335 1614 2621 1670 admodum
2652 1627 2701 1671 et
2728 1618 2876 1673 tarde
2904 1617 3169 1672 videbitur
3196 1617 3360 1671 nostri
3391 1617 3777 1686 providentiam

2187 1721 2489 1777 aggressus,
2518 1708 2667 1778 quasi
2709 1724 2803 1779 per
2825 1719 3193 1764 anteactorum
3222 1710 3587 1777 pmuiteutiam
3614 1709 3682 1762 ad
3719 1724 3778 1763 se

2189 1816 2473 1855 reversus:
2507 1801 2645 1871 quod
2691 1802 2903 1872 quidem
2944 1812 3145 1856 tantum
3188 1801 3342 1855 abest
3367 1818 3396 1854 a
3428 1801 3556 1862 Deo.
3592 1811 3647 1854 ut
3677 1816 3777 1855 nec

2189 1890 2241 1945 iu
2276 1908 2437 1945 unmn
2478 1893 2719 1963 quemvis
2759 1893 2915 1963 vulgo
2966 1892 3235 1947 hominem
3288 1901 3572 1962 competat,
3625 1901 3777 1945 tanta

2189 1991 2429 2050 tempore
2476 1993 2580 2037 tam
2624 1984 2806 2038 multis
2854 1984 3028 2053 perire
3072 1984 3364 2054 permissis,
3416 1983 3468 2036 in
3517 1982 3776 2037 extremis

2187 2072 2402 2127 demum
2432 2075 2640 2127 s:eenlis
2665 2074 2729 2129 ad
2770 2090 3057 2144 paucorum
3094 2074 3441 2144 quorumdam
3488 2073 3778 2141 providen-

2189 2166 2314 2220 tiam
2343 2181 2404 2219 ac
2434 2181 2614 2220 curam
2655 2166 2931 2221 accedere.

2260 2257 2312 2312 4.
2359 2256 2505 2312 Unus
2533 2268 2605 2312 est
2653 2260 2909 2328 utriusque
2943 2257 3247 2311 Tcstamenti
3292 2256 3569 2325 Iegislator.
3618 2254 3775 2309 Pauli

2190 2345 2561 2403 Samosatensis
2612 2365 2771 2403 error.
2807 2379 2879 2390 —-
2905 2347 3134 2403 Videsne
3173 2349 3385 2418 quantis
3428 2347 3774 2416 blasphemiis

2192 2438 2359 2495 Deum
2390 2440 2585 2496 faciant
2616 2441 2906 2496 obnoxium
2949 2441 3058 2506 isti,
3087 2441 3176 2511 qui
3221 2441 3383 2495 alium
3410 2440 3542 2494 Novi
3587 2439 3775 2495 Testa-

2189 2534 2352 2588 menti
2380 2535 2736 2604 legislatorem
2760 2535 2961 2598 dicunt,
2994 2535 3155 2588 alium
3186 2532 3439 2588 Veteris?
3482 2533 3613 2598 Qua:
3643 2547 3774 2587 sane

2189 2637 2378 2679 omnes
2420 2634 2768 2689 evanescunt,
2818 2625 2862 2680 si
2911 2640 3074 2679 unum
3126 2625 3401 2692 utriusque
3445 2621 3773 2676 Testameuti

2189 2713 2547 2767 assentiamur
2575 2729 2695 2769 esse
2745 2715 2934 2770 Deum.
2986 2714 3076 2771 Sic
3121 2714 3262 2769 enim
3304 2712 3601 2782 apparebit,
3648 2727 3773 2766 eum

2189 2801 2377 2857 ordine
2401 2813 2454 2857 et
2492 2804 2630 2858 bona
2678 2806 2884 2861 ratione
2928 2820 3014 2861 res
3038 2817 3248 2859 nostras
3284 2804 3614 2872 dispensare,
3646 2811 3775 2856 tunc

2188 2894 2401 2963 quidem
2432 2910 2526 2963 per
2557 2895 2750 2965 legem,
2783 2912 2925 2952 nunc
2950 2905 3125 2950 autem
3166 2910 3259 2965 per
3291 2894 3511 2964 gratiam
3538 2911 3550 2947 :
3581 2903 3632 2948 et
3663 2907 3772 2947 non

2188 2999 2397 3051 recens,
2423 3001 2596 3056 neque
2649 3003 2834 3056 nuper,
2867 2987 2958 3042 sed
3011 2988 3120 3057 jam
3175 2985 3296 3041 inde
3344 2986 3411 3040 ab
3458 2985 3606 3039 initio
3633 2993 3689 3039 et
3738 2999 3770 3038 a

2192 3077 2361 3146 prima
2389 3093 2558 3148 usque
2579 3080 2665 3134 die
2696 3089 2874 3133 nostra
2903 3080 3081 3134 omnia
3111 3080 3423 3149 gubernare.
3453 3078 3568 3145 Quo
3592 3087 3772 3131 autem

2190 3168 2357 3237 magis
2407 3183 2591 3223 eorum
2622 3184 2713 3223 ora
2761 3169 3133 3234 obstruamus,
3165 3184 3262 3239 age
3308 3170 3418 3239 jam
3468 3168 3772 3223 testimonia

2189 3267 2298 3313 tmn
2333 3259 2729 3330 prophetarum,
2757 3270 2866 3315 tum
2895 3262 3256 3331 apostolorum
3287 3261 3630 3323 adducamus,
3653 3261 3769 3314 cla-

2190 3349 2470 3416 mantium,
2493 3366 2654 3405 unum
2682 3366 2800 3406 esse
2840 3352 3115 3422 utriusque
3141 3350 3461 3406 Testamenti
3503 3350 3774 3419 legislato-

2187 3455 2321 3494 rem.
2366 3442 2623 3496 Procedat
2669 3443 2826 3514 igitur
2871 3443 2921 3497 in
2973 3444 3206 3497 medium
3248 3443 3507 3497 Jeremias
3538 3443 3589 3495 in
3619 3451 3773 3495 utero

2187 3532 2570 3600 sanetilicatus,
2603 3544 2656 3589 et
2703 3535 2896 3603 probet
2945 3536 3046 3588 hoc
3093 3533 3393 3599 manifeste,
3442 3549 3603 3587 unum
3649 3548 3772 3587 esse

2186 3625 2540 3695 eumdemque
2564 3626 2726 3679 Deum
2757 3636 2867 3681 tum
2897 3626 3026 3680 Novi
3056 3624 3380 3680 Testamenti
3409 3667 3424 3687 ,
3472 3635 3578 3677 tum
3610 3625 3772 3678 Vete-

2187 3716 2281 3769 ris.
2310 3714 2447 3781 Quid
2478 3717 2640 3785 igitur
2668 3717 2753 3772 hic
2779 3717 2903 3771 dicit
2941 3732 3006 3771 ex
3033 3732 3256 3787 persona
3305 3714 3624 3785 legislatoris
3661 3716 3772 3768 cla-

2188 3806 2376 3860 mans?
2426 3804 2663 3861 Testubor
2704 3808 2839 3862 vobis
2878 3818 3225 3862 testamentum
3256 3822 3458 3871 novum,
3488 3823 3614 3871 nor;
3641 3806 3770 3859 sicut

2187 3910 2534 3955 testamentum
2560 3902 2695 3972 quod
2723 3912 2932 3956 testatus
2956 3918 3067 3955 sum
3098 3898 3323 3970 patribus
3350 3900 3522 3953 vestris
3551 3897 3764 3969 (Jerem.

2185 3994 2273 4048 51.
2307 3994 2420 4062 5|).
2456 3993 2636 4063 Itaque
2666 3996 2754 4064 qui
2782 3993 2985 4047 Novum
3013 3991 3411 4046 Testamentum
3438 3984 3606 4053 dedit,
3625 3986 3767 4041 idem

2184 4094 2268 4140 est
2316 4087 2472 4149 Deus,
2519 4088 2607 4155 qui
2652 4086 2778 4140 olim
2815 4085 2976 4140 Vetus
3015 4085 3173 4138 etiam
3212 4082 3341 4136 illud
3388 4081 3627 4135 dederat.
3669 4079 3768 4133 IIic

2185 4192 2313 4231 sane
2339 4177 2487 4230 Pauli
2513 4192 2723 4245 quoque
2743 4176 3136 4231 Samosatcusis
3161 4175 3512 4230 sectatoribus
3527 4188 3618 4227 ora
3641 4181 3769 4226 sunt

2183 4267 2418 4333 occlusa,
2459 4268 2549 4337 qui
2599 4260 2793 4341 negant
2838 4275 2962 4321 ante
2995 4268 3187 4322 saecula
3221 4266 3382 4321 fuisse
3431 4263 3766 4334 Uuigenitum

2186 4357 2297 4411 Dei.
2332 4355 2388 4411 Si
2419 4357 2560 4411 enim
2610 4365 2733 4411 ante
2779 4356 2955 4410 Maria:
3008 4367 3238 4426 partum,
3282 4364 3335 4409 et
3380 4364 3661 4424 antequam
3713 4354 3767 4407 in

2182 4438 2344 4503 carne
2369 4462 2427 4503 se
2455 4447 2738 4502 videndum
2769 4448 3051 4518 prarberet,
3086 4463 3190 4500 non
3222 4456 3354 4509 erat,
3388 4445 3657 4514 quomodo
3682 4445 3763 4499 Ic-

2181 4554 2300 4608 gem
2333 4540 2529 4595 ferebat
2558 4555 2677 4594 cum
2703 4556 2806 4594 non
2828 4539 3012 4595 esset?
3037 4537 3304 4607 quomodo
3329 4546 3503 4590 autem
3525 4535 3764 4591 dicebat:

2183 4628 2425 4684 Testabor
2452 4630 2589 4684 vobis
2616 4640 2965 4684 testamentum
2991 4645 3195 4693 novum,
3225 4645 3325 4681 non
3350 4628 3478 4681 sicut
3502 4636 3768 4680 testarum-

2183 4732 2290 4775 tum
2309 4722 2446 4791 quod
2474 4731 2678 4775 testatus
2706 4738 2819 4774 sum
2845 4722 3068 4792 patribus
3097 4719 3306 4773 vestris?
3331 4718 3601 4789 quomodo
3620 4717 3764 4772 enim

2184 4821 2559 4867 testamentum
2604 4811 2761 4865 dabat
2807 4811 3044 4881 patribus
3090 4826 3311 4874 eorum,
3356 4826 3479 4865 cum
3529 4808 3766 4864 nondum

2181 4912 2342 4967 esset,
2377 4911 2433 4957 ut
2477 4903 2550 4957 illi
2582 4903 2796 4971 quidem
2840 4901 3146 4955 affirmant?
3183 4901 3288 4956 Sed
3327 4910 3510 4955 contra
3552 4900 3768 4955 Judteos
3810 4920 3823 4925 -

2179 4995 2416 5064 quidem,
2447 4992 2739 5062 eodemque
2780 4993 2965 5047 morbo
2994 4994 3295 5047 laborantes
3327 4993 3629 5056 Paulianos,
3654 4993 3768 5044 ido-

2181 5102 2336 5140 neum
2365 5096 2446 5140 est
2475 5084 2615 5155 quod
2664 5093 2965 5154 Opponatur
2997 5083 3268 5154 pmpheta:
3319 5082 3478 5151 hujus
3519 5082 3766 5137 testimo-

2182 5179 2371 5232 nium:
2412 5187 2469 5231 ut
2514 5187 2691 5231 autem
2720 5177 2878 5231 etiam
2923 5174 3329 5230 Manicha-orum
3374 5191 3466 5229 ora
3510 5176 3764 5229 cohibea-

2182 5285 2319 5331 mus,
2352 5284 2414 5323 ex
2446 5267 2598 5323 Novo
2636 5267 2979 5322 Testamento
3015 5266 3340 5320 adducamus
3370 5266 3760 5330 testimonium,

2178 5359 2605 5430 quandoquidem
2638 5358 2803 5414 Vetus
2834 5358 2982 5413 nihili
3008 5358 3276 5427 pendunt:
3312 5358 3417 5411 imo
3447 5372 3578 5411 vero
3604 5358 3762 5411 etiam

2180 5450 2406 5516 Novum,
2443 5453 2525 5505 cui
2554 5452 2794 5522 quamvis
2826 5450 3080 5505 honorem
3131 5450 3326 5504 habere
3368 5449 3532 5503 videri
3578 5451 3759 5512 velint,

2182 5559 2285 5597 non
2320 5546 2577 5596 minorem
2626 5553 2802 5597 tamen
2841 5543 2962 5596 huic
3001 5558 3156 5613 quam
3206 5543 3279 5597 illi
3316 5542 3467 5597 alteri
3516 5542 3760 5609 iujuriam

2182 5637 2416 5691 inferunt
2445 5655 2457 5690 :
2490 5652 2593 5690 uno
2620 5635 2833 5706 quidem
2863 5635 3041 5700 modo,
3060 5634 3198 5705 quod
3226 5634 3349 5689 dum
3383 5634 3505 5688 illud
3529 5649 3558 5688 a
3583 5632 3758 5689 Veteri

2180 5727 2529 5793 exscindunt,
2574 5726 2727 5797 hujus
2752 5740 2963 5797 quoque
3006 5726 3375 5781 auctoritatem
3424 5725 3755 5782 labefactant.
