4110 6198
382 327 492 391 ἴω

385 462 529 511 καις,
576 444 631 500 δὺ
666 462 837 517 μαχη,
872 447 994 502 οὐδὲ
1026 452 1364 518 ἐναντίωσις.
1396 455 1469 508 Τὸ
1498 457 1607 528 γὰρ
1638 459 1870 514 παλαιὸν
1900 463 1964 514 ἐκ

384 528 478 580 τοῦ
510 529 696 581 καινοῦ
729 529 936 597 γίνεται
967 533 1196 588 παλαιόν
1217 553 1231 568 ο
1264 536 1422 591 τοῦτο
1446 539 1503 591 δὲ
1530 541 1590 593 ού
1624 542 1965 613 μάχης,οὑδὲ

383 608 773 696 ἐναντιώσεως,
799 611 935 696 ἀλλά
957 613 1219 686 διαφορᾶς
1233 619 1494 691 ὀνόματος
1519 608 1886 696 μόνηςί”Ἐγὼ
1909 627 1966 681 δέ

383 692 651 771 τοσαύτην
689 694 995 768 ὑπερϐολὴν
1046 700 1327 771 ποιοῦμαι,
1384 705 1487 768 ὅτι,
1512 692 1561 759 εί
1595 692 1691 760 καὶ
1732 692 1964 763 ἐναντίοι

382 768 520 866 ῆσαν
543 777 593 828 οί
623 777 779 866 νόμοι
809 779 909 849 τῆς
941 780 1185 866 Παλαιᾶς
1210 768 1322 851 τοῖς
1351 787 1453 858 τῆς
1481 791 1710 861 Καινῆς,
1759 793 1964 866 σφόδρα

384 857 922 946 ἀνδιισχυρισάμην,
951 865 1028 929 ὠς
1062 868 1184 922 οὑδὲ
1217 868 1390 935 οὑτως
1410 857 1608 942 ἕτερον
1645 857 1966 946 ⁷ἐπεισάγειν

380 941 532 1031 Θεὸνᾷ
544 946 829 1031 ἐχρῆνηΕί
857 950 958 1019 μὲν
984 951 1095 1024 γὰρ
1115 955 1257 1008 κατά
1283 956 1378 1009 τὸν
1404 941 1569 1012 αὑτὸν
1609 960 1822 1031 καιρὸν,
1853 941 1965 1021 τοῖς

381 1026 562 1113 αὑτοῖς
581 1028 910 1113 ἀνθρώποις,
939 1035 1065 1106 περὶ
1083 1036 1152 1091 τά
1181 1039 1321 1093 αὑτά
1346 1026 1734 1113 διατρίϐουσιν,
1764 1047 1824 1099 ἐν
1851 1046 1965 1108 τοῖς

379 1109 715 1200 αύτοϊςμοῦσι
744 1116 1090 1188 πράγμασιν,
1117 1122 1395 1188 ἐναντίους
1434 1109 1698 1181 ἐπέταττε
1721 1109 1959 1200 νόμους,

381 1189 526 1281 εἶχεν
561 1195 625 1251 ἄν
656 1215 779 1253 τινα
829 1201 1012 1267 αὑτοῖς
1060 1203 1217 1273 λόγον
1249 1207 1378 1269 ἴσως
1420 1208 1483 1262 τὺ
1504 1209 1776 1281 σόφισμαο
1804 1189 1876 1264 ἐί

381 1277 589 1365 ἐτέροις
623 1280 722 1351 μὲν
740 1284 970 1365 ἐκεῖνοι,
1001 1288 1211 1359 ἐτέροις
1238 1290 1295 1344 δὲ
1326 1277 1650 1365 ἐγράφησαν
1671 1277 1843 1363 οὗτοι,
1866 1298 1961 1351 καί⁵

381 1361 648 1450 ἐνμέτέριρ
689 1364 791 1450 μὲν
823 1369 1055 1436 ἐκεινοις
1106 1375 1305 1446 καιρῷ,
1347 1361 1409 1431 ἐν
1427 1361 1599 1450 ἑτέρῳ
1638 1379 1696 1434 δὲ
1723 1361 1958 1448 τούτοις,

378 1441 555 1532 ἄλλως
602 1446 831 1532 ἐκείνοις
882 1441 1266 1524 διακειμένοις,
1292 1441 1407 1513 καὶ
1457 1441 1660 1532 ἑτέρως
1704 1441 1957 1529 τούτοις,

381 1526 508 1616 ποία
535 1539 562 1569 ι
592 1530 804 1602 ἀνάγκη
825 1533 911 1587 διὰ
939 1535 1159 1607 τὴντῶν
1186 1542 1364 1612 νόμων
1395 1526 1660 1616 διαφοράν
1686 1526 1958 1610 ἐναντίους

378 1611 619 1704 εἰσάγειν
638 1617 936 1704 νομοθέτας
955 1620 1047 1675 δύο
1071 1639 1085 1688 ;
1118 1623 1259 1692 Ἐγὼ
1276 1626 1377 1697 μὲν
1396 1611 1652 1701 οὐδεμίαν
1668 1630 1801 1704 ὁρῶ,
1825 1633 1874 1685 εί
1899 1630 1958 1684 δὲ

377 1695 532 1786 αὐτοὶ
555 1694 739 1786 λέγειν
766 1699 970 1772 ἔχουσι,
1007 1694 1319 1764 εἰπάτωσαν
1339 1729 1351 1742 ·
1382 1712 1498 1766 ἀλλ’
1526 1694 1626 1768 οὐκ
1658 1694 1724 1768 ἂν
1759 1694 1953 1786 ἔχοιεν.

380 1775 487 1865 Kal
512 1782 619 1854 7&9
661 1785 754 1840 καὶ
786 1788 969 1861 ίατρὸς
1010 1793 1229 1847 ἐναντία
1269 1797 1439 1851 πολλά
1468 1803 1614 1853 ποιεῖ
1653 1775 1915 1865 πολλάκις
1938 1820 1951 1832 ·

376 1862 492 1955 ἀλλ’
518 1866 620 1919 οὑκ
657 1869 767 1955 ἀπὸ
809 1872 1058 1938 ἐναντίας
1111 1877 1209 1949 τῆς
1240 1879 1485 1953 γνώμης,
1528 1883 1641 1936 ἀλλ’
1680 1885 1789 1939 ἀπὸ
1826 1862 1955 1955 μιέἱς

376 1948 471 2040 καλ
498 1952 810 2040 συμφώνου.
868 1958 980 2012 Καὶ
1031 1960 1140 2032 γὰρ
1168 1948 1315 2016 καίει
1351 1948 1444 2018 καὶ
1474 1967 1534 2019 οὑ
1571 1968 1734 2034 καίει,
1766 1948 1955 2040 τέμνει

380 2033 472 2086 καὶ
500 2034 561 2086 οὑ
599 2037 787 2107 τέμνει
821 2041 880 2094 τὸ
912 2043 1043 2097 αὑτὸ
1072 2044 1229 2116 σῶμα
1275 2048 1563 2113 πολλάκις·
1596 2053 1691 2105 καὶ
1728 2033 1955 2123 νῦν-μὲν

378 2121 571 2205 πικρά,
603 2121 698 2205 νῦν
719 2122 776 2176 δὲ
806 2123 1013 2193 γλυκέα
1034 2128 1215 2182 δίδωσι
1247 2132 1421 2186 πίνειν
1447 2134 1716 2205 φάρμακα
1734 2152 1747 2165 ·
1775 2121 1869 2189 καί
1887 2134 1954 2189 τὰ

381 2200 477 2269 μὲν
509 2204 767 2275 γινόμενα
788 2208 1028 2277 ἐναντία,
1064 2213 1098 2280 ἡ
1121 2211 1314 2285 γνώμη
1346 2215 1424 2279 δὲ,
1456 2200 1645 2288 ἀφ³’ἦς
1666 2216 1837 2270 ταῦτα
1865 2217 1953 2287 7(-

375 2288 870 2370 vgmgicépcpwvo;
899 2293 993 2346 καὶ
1016 2295 1142 2364 μία*
1180 2297 1315 2366 πρὸς
1341 2297 1450 2369 7&9
1480 2298 1538 2352 ἐν
1565 2300 1717 2364 τέλος
1741 2299 1950 2370 βλέπει,

372 2368 471 2455 τῆν
485 2369 579 2455 τοῦ
600 2373 898 2443 κάμνοντος
923 2376 1152 2445 ὑγίειαν.
1183 2379 1310 2442 Πῶς
1325 2368 1537 2435 οὖνούκ
1557 2368 1755 2437 ἄτοπον
1784 2381 1954 2455 ίατρῷ

376 2453 476 2536 μέν
516 2453 591 2525 μὴ
642 2456 894 2524 ἐγκαλεῖν
940 2460 1157 2514 ἐναντία
1197 2462 1438 2516 ποιοῦντι
1485 2463 1657 2517 πολλὰ
1694 2464 1788 2518 καὶ
1825 2453 1953 2536 περὶ

375 2535 627 2608 σώματος
654 2541 773 2605 ἐνὸς
801 2542 985 2611 φύσιν,
1019 2543 1097 2615 τῷ
1125 2544 1244 2617 Θεῷ
1281 2547 1338 2599 δὲ
1375 2547 1582 2618 μέμψιν
1623 2548 1872 2617 ἐπάγειν,
1902 2535 1953 2601 εί

373 2621 516 2675 κατὰ
530 2621 821 2696 διαφόρους
848 2627 1073 2697 καιροὺς
1094 2627 1369 2700 διαφόροις
1392 2628 1697 2701 ἀνθρώποις
1721 2630 1953 2702 διάφορα

374 2704 542 2760 ἔδωκε
572 2707 640 2761 τά
662 2710 1092 2781 προστάγματας
1146 2708 1151 2715 ’

441 2795 511 2862 7'.
538 2796 661 2849 Ὅτι
687 2798 787 2868 μὲν
815 2795 929 2866 οὖν,
954 2801 1004 2853 εί
1030 2800 1125 2855 καὶ
1145 2803 1378 2858 ἐναντίοι
1394 2800 1534 2876 ῆσαν
1563 2805 1613 2858 οἱ
1633 2804 1810 2876 νόμοι,
1827 2805 1951 2858 οὑδέ

371 2879 544 2945 οὕτως
596 2884 848 2952 ἐγκαλεῖν
895 2886 1020 2951 ἔδει,
1053 2888 1210 2961 δῆλον
1232 2893 1297 2945 ἐκ
1348 2891 1581 2946 τούτων’
1628 2893 1711 2947 ὅτι
1746 2891 1802 2945 δέ
1830 2891 1951 2945 οὑδέ

371 2969 506 3021 είσιν
527 2969 780 3039 ἐναντίοι,
799 2973 936 3027 ἀλλά
953 2973 1200 3048 διάφοροι
1227 2977 1409 3046 μόνον,
1428 2978 1583 3047 φέρε,
1604 2978 1730 3041 τοὺς
1753 2979 1952 3049 νόμους

370 3059 451 3121 είς
485 3058 650 3128 μέσον
696 3063 1191 3135 προχειρισώμεθα.
1257 3066 1610 3130 Ἠκούσατε,
1639 3067 1823 3137 φησιν,
1860 3066 1949 3121 ὅτι

368 3145 576 3215 ὲρῤέθη
598 3147 724 3214 τοῖς
746 3149 1035 3218 ἀρχαίοις,
1062 3153 1143 3205 Οὐ
1169 3153 1509 3220 φονεύσεις.
1530 3146 1699 3215 Οὗτος
1723 3152 1950 3216 παλαιὸς

369 3234 399 3286 0
445 3234 629 3305 νόμος·
685 3235 883 3308 ίδωμεν
930 3238 1023 3291 τὸν
1073 3238 1172 3310 τῆς
1205 3238 1451 3309 Καινῆςο
1498 3238 1646 3308 Ἐγὼ
1689 3239 1757 3292 δὲ
1795 3239 1949 3309 λέγω

369 3318 988 3392 ὑμῖν,⁹Οόργιζόμενος
1010 3323 1091 3391 τῷ
1131 3322 1373 3395 ἀδελφῷ
1414 3325 1600 3381 αὐτοῦ
1657 3325 1809 3395 εὶκῆ.
1854 3324 1949 3380 ἐν·

368 3408 513 3476 οχός
523 3408 693 3462 ἐστιν
713 3412 801 3477 εἰς
818 3410 931 3480 τὴν
944 3411 1199 3482 γέενναν
1222 3413 1329 3468 τοῦ
1352 3415 1562 3483 πυρός.
1590 3413 1774 3467 Ταῦτα
1797 3415 1949 3469 ἐναν-

369 3494 478 3552 τία.
506 3496 626 3548 είπέ
669 3514 779 3565 μοι,
811 3498 878 3552 τὰ
915 3500 1347 3571 προστάγματα;
1373 3499 1479 3554 Καὶ
1505 3500 1589 3565 τίς
1622 3500 1946 3572 ἀνθρώπων,

370 3581 471 3634 κᾶν
487 3583 734 3637 ὁπωσοῦν
751 3584 988 3651 διανοίας
1011 3588 1275 3659 μετέχων,
1299 3588 1455 3643 τοῦτο
1471 3589 1536 3644 ἂν
1555 3588 1699 3643 εἴποι
1722 3606 1737 3655 ;
1761 3590 1822 3644 Εί
1849 3589 1948 3660 μὲν

373 3668 479 3739 γὰρ
524 3670 618 3723 τοῦ
667 3674 931 3743 προτέρου
985 3675 1340 3739 κελεύσαντος
1373 3677 1446 3747 μὴ
1498 3677 1764 3744 φονεύειν,
1794 3675 1948 3742 οὗτος

370 3757 686 3826 ἐκέλευσεν,
714 3760 845 3826 ίσως
880 3762 946 3815 ἄν
983 3781 1068 3822 τις
1093 3764 1409 3835 ἀντινομίαν
1457 3765 1657 3837 ἔφησεν
1704 3762 1845 3820 εἷναι
1887 3768 1948 3820 τὸ

373 3842 521 3915 [272]
539 3843 827 3915 λεγόμενον
843 3862 856 3874 ’
880 3848 927 3899 εί
955 3845 1011 3900 δέ
1030 3847 1237 3901 ἐκείνου
1256 3847 1567 3913 κελεύοντος
1584 3849 1658 3919 μὴ
1682 3850 1944 3918 φονεύειν,

370 3925 522 3995 οὗτος
550 3931 803 3985 ἐκέλευσε
837 3932 971 4005 μηδὲ
1003 3933 1339 4005 ὀργίζεσθαι,
1371 3934 1639 3999 ἐπίτασις,
1668 3937 1768 3989 οὑκ
1797 3938 1948 3989 ἐναν-

370 4018 558 4082 τίωσις
644 4021 907 4092 πρότερος
940 4021 1033 4075 τοῦ
1054 4022 1307 4095 δευτέρου
1334 4023 1363 4062 δ
1387 4022 1547 4093 νόμος
1578 4022 1725 4076 ἐστίν
1745 4040 1758 4054 ’
1790 4025 1818 4076 0
1849 4024 1946 4094 μὲν

370 4107 478 4177 7&9
503 4107 593 4161 τὸν
619 4107 831 4179 καρπὸν
859 4109 958 4180 τῆς
988 4108 1186 4173 κακίας
1218 4109 1440 4181 ἐξέτεμε
1464 4150 1479 4173 ,
1530 4111 1622 4163 τὸν
1646 4111 1827 4180 φόνον,
1855 4105 1945 4165 οὗ·

370 4210 461 4257 τος
482 4194 539 4248 δὲ
591 4195 685 4248 καὶ
729 4196 828 4266 τὴν
859 4197 1012 4267 ῥίζαν
1038 4197 1331 4264 ἀνέσπασε,
1369 4198 1466 4271 τήν
1498 4201 1666 4272 ὀργήν
1692 4216 1705 4230 ·
1741 4201 1946 4264 ἐκεῖνος

369 4281 433 4334 τὸ
466 4281 643 4352 Ιόεῦμα
676 4284 774 4352 τῆς
801 4284 1062 4356 πονηρίας
1088 4283 1365 4356 ἐξέκοψεν,
1395 4281 1550 4353 οὗτος
1580 4288 1674 4341 καὶ
1714 4287 1813 4359 τὴν
1839 4305 1946 4359 πη-

373 4367 476 4437 γὴν
512 4368 681 4438 αὐτὴν
726 4369 972 4440 ἐξήρανε.
1021 4372 1179 4443 Πηγὴ
1218 4372 1327 4445 γὰρ
1368 4375 1460 4427 καὶ
1503 4374 1626 4447 ῥίζα
1654 4375 1749 4429 τοῦ
1785 4376 1946 4446 φόνου

370 4454 543 4524 θυμὸς
572 4457 667 4508 καὶ
703 4456 861 4528 ὀργή.
905 4458 1138 4523 Ἐκεῖνος
1192 4460 1351 4513 τοῦτο
1379 4472 1402 4501 ο
1432 4462 1948 4534 προπαρεσκεύασεν

370 4542 400 4594 0
427 4541 590 4612 νόμος
615 4542 714 4613 τὴν
744 4543 905 4612 φύσιν
934 4544 1033 4617 τὴν
1062 4546 1356 4618 ἡμετέραν,
1379 4542 1537 4612 οὗτος
1562 4549 1733 4603 ἐλθὼν
1759 4552 1820 4604 τὸ
1841 4550 1947 4604 λεῖ-

372 4646 472 4683 πον
498 4629 805 4701 ἐπλήρωσε.
842 4633 978 4686 Ποία
1011 4635 1340 4705 ἐναντιότης,
1364 4636 1492 4689 ὅταν
1516 4638 1545 4690 0
1577 4639 1676 4709 μὲν
1708 4640 1770 4692 τό
1798 4640 1948 4703 τέλος

368 4716 479 4770 τῶν
508 4717 712 4785 κακῶν,
753 4721 783 4773 0
806 4719 864 4773 δὲ
897 4722 990 4774 καὶ
1029 4721 1129 4793 τὴν
1161 4722 1338 4794 ἀρχὴν
1389 4723 1664 4796 ἐκκόπτῃς
1710 4726 1947 4791 Ἐκεῖνος

367 4805 465 4878 τήν
498 4808 656 4878 χεῖρα
702 4806 951 4879 καθαρὰν
976 4810 1232 4881 ἐποίησεν
1264 4813 1515 4883 αἳματος,
1538 4806 1692 4878 οὗτος
1725 4813 1819 4868 καὶ
1846 4815 1947 4886 τὴν

367 4893 605 4949 διάνοιαν
626 4895 797 4966 αὐτὴν
823 4896 1099 4969 ἀπήλλαξε
1123 4898 1232 4952 τῶν
1258 4901 1512 4972 πονηρῶν
1538 4900 1941 4973 βουλευμάτων.

368 4982 553 5036 Ταῦτα
579 4983 636 5037 δὲ
667 4984 1101 5055 συμφωνούντων
1128 4985 1379 5059 ἀλλήλοις
1402 4989 1601 5061 νόμων,
1628 4990 1750 5061 οὐχὶ
1779 5008 1946 5061 μαχο-

370 5071 547 5140 μένων
573 5071 721 5125 ἐστίν
745 5089 757 5101 ·
783 5072 920 5145 ὅπερ
947 5072 1059 5127 ἀνω
1086 5074 1181 5128 καὶ
1212 5075 1362 5131 κάτω
1396 5076 1753 5141 σπουδάζουσι
1780 5093 1947 5132 κατα-

368 5159 656 5223 σκευάζειν
689 5161 739 5214 οί
764 5161 862 5232 τῆς
900 5161 1160 5233 ἀληθείας
1210 5163 1416 5237 ἐχθροὶ,
1479 5164 1552 5235 μὴ
1589 5165 1942 5237 συνορῶντες,

364 5247 447 5302 ὅτι
481 5250 544 5303 ἐκ
576 5247 765 5303 τούτου
795 5250 1006 5323 μεγάλῃ
1042 5252 1312 5324 ῥᾳθυμίας
1345 5252 1440 5306 καὶ
1473 5251 1774 5323 ὑπεροψίας
1800 5254 1947 5325 αἰτίᾳ

365 5337 457 5391 τὸν
483 5338 580 5407 τῆς
618 5338 825 5408 Καινῆς
848 5338 979 5392 Θεὸν
1000 5340 1393 5394 ὑποϐάλλουσιν
1410 5356 1425 5369 ·
1452 5342 1808 5413 εὑρεθήσεται
1839 5342 1947 5414 γὰρ

369 5427 435 5494 (ἠ
481 5424 538 5477 δὲ
571 5424 892 5495 βλασφημία
938 5428 1017 5491 είς
1044 5426 1142 5498 τὴν
1177 5427 1284 5481 τῶν
1309 5428 1483 5484 ταῦτα
1531 5429 1948 5499 ἀναγκαζόντων

432 5594 579 5642 ‘Mss
632 5596 747 5643 ποία
785 5597 982 5659 ἀνάγκη.
1031 5598 1134 5647 Vox
1175 5601 1290 5649 ποία
1337 5606 1496 5651 totum
1531 5607 1688 5652 mutat
1728 5616 1942 5653 sensum.

364 5655 575 5726 Prng
591 5666 771 5726 gulem‘
789 5655 1035 5726 Egijog'un)
1058 5663 1274 5726 lectioni.
1299 5665 1347 5711 in
1369 5663 1549 5726 quibus
1572 5665 1685 5714 ποία
1704 5665 1863 5716 deest.

429 5716 457 5791 ξ’
485 5720 639 5791 ῇειιγὶι.
664 5722 792 5791 cqnj.
816 5722 843 5769 0
867 5722 1079 5785 δεύτερος
1100 5722 1185 5773 τοῦ

428 5780 453 5814 ⁸
484 5780 595 5829 Mm
636 5780 809 5840 τούτῳ.

690 5866 961 5931 Ριτιιοι.
1009 5862 1125 5926 Gn.
1172 5865 1265 5928 LI.

1002 348 1091 405 DE
1132 350 1377 410 VERBIS
1413 351 1779 421 APOSTOLI,
1821 353 1952 409 IIAB

2057 354 2185 409 TES
2226 355 2515 411 EUMDEM
2558 346 3012 414 εριιιιτιπιιβιι.

3538 364 3646 425 9.8%

2020 514 2029 519 .
2070 465 2218 535 ἡμᾶς
2251 467 2426 535 λέγειν
2456 472 2823 542 περιτραπείη
2858 473 3128 542 κεφαλὴν)
3154 476 3397 546 ἀκαίρως
3430 475 3499 528 τὰ
3528 481 3645 529 καθ’

2071 555 2218 624 ἡμᾶς
2244 558 2602 629 οἰκονομήσας
2625 576 2637 589 ο
2674 560 2735 614 τὸ
2757 559 2812 614 δὲ
2852 562 2989 625 πῶς,
3018 562 3129 631 ἐγὼ
3173 563 3336 633 λέγω.
3377 563 3416 617 Γ
3419 562 3651 617 αλακτο·

2068 644 2268 716 τροφίᾳ
2299 648 2618 716 προσέοικεν
2649 649 2682 719 ὴ
2718 649 2819 720 τῆς
2848 651 3093 714 Παλαιᾶς
3136 649 3412 722 Διαθήκης
3453 651 3648 704 παιδαο

2070 736 2267 803 γωγία,
2302 740 2499 809 στερεᾷ
2528 738 2585 793 δὲ
2603 743 2792 811 ,τροφῇ
2839 741 2939 811 τῆς
2964 743 3171 814 Καινῆς
3196 742 3470 815 Διαθήκης
3496 744 3529 813 ἡ
3562 760 3649 810 φιο

2069 824 2322 894 λοσοφία·
2360 828 2533 890 οὐδεὶς
2554 828 2612 881 δὲ
2643 830 2771 900 πρὶν
2793 831 2826 901 ἢ
2851 831 3047 902 θρέψαι
3094 833 3348 902 γάλακτι,
3376 833 3512 901 πρὸς
3549 834 3647 903 τὴν

2069 917 2296 986 στερεὰν
2325 918 2448 986 ἄγει
2476 921 2704 990 τροφήν.
2739 923 2915 993 Ὅπερ
2947 922 3102 977 ἔσται
3152 923 3468 995 πεποιηκὼς
3494 924 3523 976 ὁ
3550 923 3648 992 τῆς

2069 999 2276 1072 Καινῆς
2308 1002 2441 1067 Θεὸς
2463 1004 2638 1077 ἄνπερ
2665 1008 2741 1078 μὴ
2771 1005 2987 1083 αὑτὸςῇ
3017 1012 3047 1064 0
3083 1010 3181 1082 τὴν
3221 1011 3461 1066 Παλαιὰν
3486 1011 3647 1065 δεδω-

2068 1088 2178 1155 κώς
2199 1109 2213 1122 ·
2243 1094 2348 1165 πρὸ
2376 1095 2486 1166 γὰρ
2518 1096 2613 1150 τοῦ
2667 1098 2863 1167 θρέψαι
2892 1102 3124 1169 γάλακτι
3159 1104 3255 1157 καὶ
3300 1106 3366 1174 τῇ
3426 1103 3513 1158 διὰ
3549 1103 3645 1157 τοῦ

2067 1184 2232 1254 νόμου
2259 1186 2627 1259 παιδαγωγίᾳ,
2657 1190 2750 1243 ἐπὶ
2781 1191 2879 1261 τὴν
2911 1192 3139 1265 στερεὰν
3160 1195 3307 1265 ἡμᾶς
3330 1195 3504 1264 ῆγαγε
3523 1211 3647 1265 τρο-

2067 1276 2194 1346 φήν.
2234 1277 2309 1331 υὺ
2351 1279 2528 1350 τούτῳ
2575 1281 2631 1334 δὲ
2674 1284 2836 1353 μόνον
2863 1327 2877 1351 ,
2929 1285 3066 1339 ἀλλά
3093 1286 3189 1341 καὶ
3217 1286 3392 1357 ἐτέρῳ
3441 1285 3646 1357 μείζονι

2063 1367 2254 1421 τούτου
2309 1370 2468 1425 πάλιν
2515 1372 2677 1427 αὑτὸν
2708 1374 3100 1431 ὑποϐάλλουσιν
3149 1377 3473 1449 ἐγκλήματι,
3508 1378 3562 1431 εί
3583 1395 3647 1447 γι

2067 1457 2206 1524 μετὰ
2242 1462 2656 1531 πεντακισχίλια
2710 1466 2803 1518 καὶ
2834 1466 3053 1521 πλείονα
3080 1467 3174 1538 ἐτη
3203 1467 3298 1521 τοῦ
3329 1469 3518 1538 γένους
3542 1465 3646 1541 ἧκε

2064 1551 2381 1621 προνοήσων
2404 1552 2499 1606 τοῦ
2525 1555 2813 1627 ἡμετέρου.
2864 1559 2927 1611 Et
2960 1558 3068 1629 7&9
3098 1559 3174 1632 μὴ
3196 1559 3358 1624 αὐτὸς
3393 1556 3482 1631 ῆν,
3510 1563 3538 1615 0
3557 1561 3647 1616 διὰ

2062 1640 2497 1716 τῶν-προφητῶν
2526 1646 2619 1700 καὶ
2643 1648 2751 1702 τῶν
2779 1652 3130 1723 πατριαρχῶν
3155 1652 3248 1705 καὶ
3279 1653 3391 1705 τῶν
3420 1652 3644 1707 δικαίων

2062 1731 2365 1805 ἀνθρώπων
2392 1737 2459 1791 τὰ
2480 1737 2601 1791 καθ’
2624 1741 2772 1808 ἡμᾶς
2793 1739 3006 1795 ἅπαντα
3032 1742 3351 1812 οἰκονομῶν,
3381 1743 3496 1796 ἀλλ’
3523 1744 3641 1796 ἐτε-

2064 1823 2157 1893 ρός
2189 1841 2271 1888 τις
2299 1828 2447 1898 παρὰ
2494 1828 2682 1884 τοῦτον
2712 1830 2809 1901 ὀψέ
2845 1848 2975 1887 ποτε
3021 1833 3117 1887 καὶ
3146 1833 3385 1907 βραδέως
3413 1835 3642 1906 εὑρεθή-

2063 1930 2213 1967 σεται
2240 1920 2343 1987 τῆς
2376 1920 2651 1992 ἡμετέρας
2702 1922 3105 1994 ἐπειλημμένος
3143 1926 3420 1998 προνοίας,
3454 1924 3643 1999 ὥσπερ

2062 2003 2125 2059 ἐκ
2156 2022 2302 2071 τινος
2334 2011 2621 2080 μετανοίας
2647 2014 2955 2083 ἀνενεγκών
2979 2029 2994 2045 ·
3021 2016 3160 2088 ὅπερ
3193 2017 3252 2069 οὑ
3285 2016 3422 2070 Θεοῦ
3460 2017 3640 2089 μόνον,

2061 2097 2195 2152 ἀλλά
2225 2101 2319 2153 καὶ
2348 2101 2637 2173 ἀνθρώπου
2656 2105 2750 2158 τοῦ
2779 2106 3036 2176 τυχόντος
3055 2105 3273 2173 ἀνάξιον
3301 2107 3368 2161 ἂν
3389 2109 3498 2180 εἴη,
3525 2126 3643 2162 τοσ-

2059 2187 2249 2253 ούτους
2266 2190 2493 2261 ἀφέντος
2506 2195 2804 2249 ἀπολέσθαι
2826 2197 2885 2250 ἐν
2913 2198 3152 2268 τοσούτῳ
3172 2198 3366 2269 χρόνῳ,
3385 2198 3485 2268 ὀψέ
3507 2215 3637 2253 ποτε

2061 2282 2119 2333 ἐν
2145 2282 2356 2353 ἐσχάτῳ
2402 2284 2512 2338 τῶν
2540 2284 2749 2356 καιρῶν
2781 2286 2881 2356 τῆς
2911 2286 3018 2341 τῶν
3058 2286 3254 2355 ὀλίγων
3282 2287 3637 2343 ἐπιλαϐέσθαι

2062 2375 2339 2443 προνοίας.

2130 2466 2194 2521 δ’,
2245 2467 2405 2540 Ὁρᾷς
2429 2470 2580 2535 ὅσαις
2601 2470 2690 2526 τὸν
2712 2472 2843 2526 Θεὸν
2874 2471 3234 2527 ὑποϐάλλουσι
3262 2472 3634 2546 βλασφημίαις

2058 2556 2275 2621 ἐκεῖνοι,
2303 2559 2489 2627 ἓτερον
2523 2561 2621 2631 μὲν
2659 2561 2760 2632 τῆς
2796 2564 3008 2635 Καινῆς
3030 2604 3045 2630 ,
3092 2563 3278 2637 ἕτερον
3316 2564 3373 2619 δὲ
3399 2564 3499 2636 τῆς
3529 2566 3637 2619 lla-

2059 2644 2214 2710 λαιᾶς
2252 2647 2501 2717 λέγοντες
2529 2647 2664 2706 εἰναι
2697 2653 3022 2725 νομοθέτην;
3060 2655 3239 2726 Ἀπερ
3271 2655 3487 2711 ἅπαντα
3511 2656 3631 2710 λύε-

2058 2754 2166 2804 ται,
2193 2737 2259 2792 ἂν
2290 2739 2387 2795 ’ἐνα
2415 2742 2684 2815 ἑκατέρας
2711 2745 2809 2816 τῆς
2823 2740 3099 2816 Διαθήκης
3118 2744 3299 2818 δῶμεν
3322 2742 3463 2800 εἶναι
3482 2746 3634 2800 Θεόν.

2058 2828 2427 2902 Εὑρεθήσεται
2457 2833 2566 2906 γὰρ
2595 2836 2737 2891 κατά
2793 2836 2949 2905 λόγον
2973 2837 3042 2890 τὰ
3074 2837 3197 2890 καθ’
3240 2839 3389 2909 ἡμᾶς
3434 2840 3637 2893 οἰκονο-

2061 2920 2198 2991 μῶν,
2230 2922 2353 2975 τότε
2379 2923 2481 2993 μὲν
2506 2925 2596 2979 διὰ
2621 2926 2714 2979 τοῦ
2739 2927 2923 2997 νόμου,
2953 2928 3047 2981 νῦν
3075 2927 3238 2982 δὲδιά
3264 2929 3365 3001 τῆς
3394 2930 3633 3002 χάριτος,

2057 3011 2154 3064 καὶ
2173 3011 2235 3063 οὑ
2274 3014 2624 3083 προσφάτως,
2649 3015 2768 3069 οὑδέ
2796 3017 3014 3083 νεωστὶ,
3054 3017 3169 3071 ἀλλ’
3201 3019 3409 3074 ἀνωθεν
3446 3021 3541 3074 καὶ
3572 3022 3635 3074 ἐκ

2056 3099 2281 3173 πρώτης
2296 3104 2508 3176 ἡμέρας
2522 3108 2622 3177 τῆς
2646 3106 2916 3176 ἡμετέρας
2939 3107 3339 3179 ἐπειλημμένος
3355 3109 3632 3181 προνοίας.

2058 3192 2178 3246 Ἵνα
2207 3192 2263 3246 δὲ
2294 3192 2558 3264 μειζόνως
2596 3195 2776 3248 αὑτῶν
2805 3198 2872 3250 τὰ
2929 3198 3170 3268 στόματα
3199 3199 3631 3271 ἀπορράψωμεν,

2056 3284 2209 3356 φέρε,
2243 3285 2339 3339 καὶ
2366 3286 2535 3350 αὑτὰς
2564 3286 2662 3351 τὰς
2696 3288 2882 3357 ῥήσεις
2913 3289 3346 3362 παραγάγωμεν,
3374 3293 3468 3344 καὶ
3496 3307 3630 3362 προ-

2056 3378 2255 3447 φήτας,
2281 3378 2375 3431 καὶ
2398 3377 2729 3442 ἀποστόλους
2758 3377 3017 3448 βοῶντας,
3049 3382 3131 3435 ὃτι
3162 3383 3373 3452 Καινῆς
3403 3383 3495 3435 καὶ
3516 3383 3629 3434 Πα·

2054 3468 2212 3531 λαιᾶς
2234 3463 2314 3533 εἷς
2335 3470 2483 3524 ἐστιν
2504 3471 2532 3524 0
2559 3469 2877 3543 νομοθέτης.
2904 3471 3123 3543 Παρίτω
3151 3473 3330 3528 τοίνυν
3355 3475 3435 3537 είς
3468 3474 3632 3545 μέσον

2053 3561 2083 3613 0
2116 3564 2181 3614 ἐκ
2207 3562 2414 3627 κοιλίας
2441 3562 2724 3632 άγιασθεὶς
2750 3564 3039 3636 Ἱερεμίας,
3069 3565 3164 3622 καὶ
3187 3567 3320 3621 αὑτὸ
3346 3566 3504 3622 τοῦτο
3525 3566 3632 3623 δει-

2055 3651 2232 3706 κνύτω
2260 3653 2445 3723 σαφῶς
2470 3654 2564 3709 ἕνα
2595 3655 2689 3708 καὶ
2719 3656 2810 3709 τὸν
2836 3656 2997 3711 αὑτὸν
3026 3657 3177 3732 [273]
3209 3658 3474 3734 ἑκατέρας
3500 3659 3631 3715 ὅντα

2052 3742 2154 3813 τῆς
2180 3745 2449 3818 Διαθήκης
2470 3747 2620 3801 Θεόν.
2655 3748 2720 3801 Τί
2742 3744 2835 3803 οῦν
2863 3744 3016 3814 οὗτός
3046 3767 3230 3823 φησιν,
3252 3752 3317 3804 ἐκ
3337 3750 3631 3823 προσώπου

2052 3833 2147 3886 τοῦ
2179 3835 2469 3931 νομοθέτου
2506 3836 2830 3931 κηρύττωνς
2858 3838 3225 3931 Διαθήσομαι
3256 3840 3400 3931 ὑμῖν
3426 3841 3633 3910 διαθή-

2054 3940 2172 3991 κην
2190 3926 2426 3993 καινὴν,
2460 3930 2533 3981 οὐ
2562 3930 2712 3983 κατὰ
2738 3929 2864 3997 τὴν
2884 3928 3199 3997 διαθήκην,
3233 3928 3315 3997 ἣν
3352 3929 3634 4000 διεθέμην

2052 4016 2179 4080 τοῖς
2218 4016 2517 4086 πατράσιν
2557 4018 2744 4088 ὑμῶν.
2794 4022 2957 4074 Ὥστε
3003 4024 3032 4074 0
3078 4021 3176 4092 τὴν
3209 4021 3416 4093 Καινὴν
3450 4023 3631 4087 αὑτοῖς
3735 4036 3741 4042 ·

2051 4108 2389 4181 διαθέμενος,
2413 4111 2574 4176 αὐτός
2594 4115 2743 4167 ἐστιν
2769 4115 2798 4167 0
2821 4114 2912 4167 καὶ
2942 4114 3042 4186 τὴν
3067 4114 3310 4169 Παλαιὰν
3333 4115 3455 4180 δοὺς
3474 4114 3626 4178 Θεός.

2066 4201 2328 4257 Ἐνταῦθα
2358 4203 2452 4258 καὶ
2482 4206 2607 4270 τοὺς
2639 4205 2746 4260 ἀπὸ
2771 4206 2984 4261 Παύλου
2999 4206 3092 4261 τοῦ
3116 4207 3475 4279 Σαμοσατέως
3504 4208 3632 4262 ἐπε-

2056 4291 2310 4363 στόμισεν
2357 4294 2554 4357 ἱκανῶς
2578 4334 2592 4360 ,
2626 4294 2674 4348 οἳ
2700 4296 2798 4366 τὴν
2833 4296 3158 4367 προαιώνιον
3205 4295 3437 4368 ὕπαρξιν
3479 4297 3631 4352 ἀναιο

2057 4382 2210 4455 ροῦσι
2237 4383 2330 4436 τοῦ
2361 4384 2717 4454 Μονογενοῦς.
2737 4388 2800 4441 El
2820 4388 2930 4459 7&9
2960 4388 3066 4459 πρὸ
3086 4387 3181 4441 τοῦ
3206 4387 3491 4459 τόκουτῆς
3516 4388 3631 4443 Μα-

2055 4477 2177 4549 ρίας
2205 4479 2307 4531 οὐκ
2326 4472 2415 4549 ἦν,
2455 4477 2575 4532 οὑδὲ
2602 4478 2812 4552 ὑπῆρχε
2851 4481 2980 4553 πρὶν
3014 4479 3046 4552 ἢ
3080 4482 3310 4553 φανῆναι
3339 4481 3397 4535 ἐν
3442 4481 3629 4552 σαρκὶ,

2054 4568 2172 4631 πῶς
2204 4568 2509 4640 ἐνομοθέτει
2537 4570 2568 4623 0
2606 4571 2681 4642 μή
2734 4570 2844 4638 ῶν;
2882 4572 2997 4636 πῶς
3027 4572 3085 4627 δὲ
3114 4571 3269 4643 ἔλεγε
3289 4612 3304 4639 ,
3344 4572 3631 4640 Διαθήσο-

2046 4677 2155 4729 μαι
2170 4661 2315 4729 ὑμῖν
2332 4660 2631 4731 διαθήκην
2649 4666 2890 4735 καινὴν,
2917 4669 2988 4721 οὐ
3009 4666 3161 4722 κατὰ
3183 4666 3299 4736 τὴν
3313 4666 3629 4736 διαθήκην,

2054 4751 2135 4821 ἣν
2178 4752 2460 4824 διεθέμην
2513 4754 2631 4821 τοῖς
2677 4757 2980 4826 πατράσιν
3006 4758 3206 4830 ὑμῶν;
3258 4760 3375 4823 πῶς
3425 4759 3633 4814 διέθετο

2052 4848 2165 4910 τοῖς
2195 4846 2466 4916 πατράσιν
2500 4847 2679 4901 αὑτῶν
2710 4847 2785 4919 μὴ
2819 4849 3081 4922 ὑπάρχων
3104 4889 3119 4915 ,
3172 4850 3307 4922 μηδὲ
3339 4850 3436 4926 ὣν,
3491 4852 3634 4907 κατά

2050 4936 2143 4991 τὸν
2177 4938 2400 4992 ἐκείνων
2438 4937 2627 5008 λόγον;
2665 4938 2831 4994 Ἀλλά
2879 4940 3015 5014 πρὸς
3066 4942 3351 5007 Ἰουδαίους
3394 4944 3494 5013 μὲν
3539 4948 3631 4997 καὶ

2050 5030 2178 5094 τοὺς
2199 5030 2266 5084 τὰ
2297 5030 2563 5084 Ἰουδαίων
2586 5030 2873 5095 νοσοῦντας
2897 5031 3232 5097 Παυλιανοὺς
3256 5034 3414 5106 ἱκανὴ
3437 5035 3629 5106 στῆναι

2052 5125 2087 5194 ή
2122 5123 2215 5177 τοῦ
2251 5126 2529 5195 προφήτου
2565 5125 2869 5201 μαρτυρία·
2932 5125 3020 5179 ἴνα
3050 5124 3107 5179 δὲ
3151 5127 3248 5181 καὶ
3294 5128 3629 5197 Μανιχαίους

2052 5219 2516 5291 ἐπιστομίσωμεν,
2549 5220 2657 5274 ἀπὸ
2672 5221 2769 5292 τῆς
2799 5221 3008 5292 Καινῆς
3023 5223 3122 5293 τὴν
3153 5221 3460 5292 μαρτυρίαν
3490 5237 3632 5292 παρ-

2052 5311 2374 5381 αγάγωμεν,
2446 5311 2634 5382 ἐπειδὴ
2683 5313 2783 5382 τῆς
2828 5313 3073 5377 Παλαιᾶς
3101 5312 3277 5376 οὐδεὶς
3299 5312 3481 5375 αὑτοῖς
3514 5314 3630 5367 ἐστι

2051 5402 2229 5471 λόγος,
2254 5402 2452 5473 μᾶλλον
2489 5403 2545 5456 δὲ
2578 5404 2698 5457 οὑδέ
2719 5404 2814 5474 τῆς
2845 5403 3054 5475 Καινῆς
3074 5420 3088 5432 ·
3121 5404 3259 5458 άλλά
3292 5404 3385 5457 καὶ
3403 5403 3629 5475 ταύτην,

2057 5492 2118 5566 ἦν
2146 5493 2361 5546 δοκοῦσι
2399 5493 2586 5563 τιμᾷν,
2617 5492 2715 5562 οὑχ
2737 5489 2897 5566 ἦττον
2933 5493 3143 5561 ἐκείνης
3174 5489 3591 5561 καθυϐρίζουσιν
3614 5509 3628 5523 ο

2052 5587 2134 5640 ἐνὶ
2165 5587 2265 5658 μὲν
2285 5588 2493 5659 τρόπῳ,
2517 5586 2594 5659 τῷ
2614 5588 2715 5658 τῆς
2740 5588 2985 5653 Παλαιᾶς
3013 5589 3264 5659 ἐκκόψαι,
3293 5589 3391 5643 καὶ
3407 5590 3468 5644 τὸ
3488 5589 3636 5656 ἀξιό-

2054 5695 2246 5733 πιστον
2267 5679 2437 5750 αὑτῆς
2460 5677 2822 5749 λυμήνασθαι.
2849 5680 2925 5732 Οὑ
2950 5680 3061 5752 7&9
3083 5679 3257 5752 μικρὰ
3275 5679 3385 5734 τῶν
3413 5680 3473 5733 ἐν
3493 5680 3633 5752 αὐτῇ

2057 5773 2323 5847 κειμένων
2356 5777 2456 5848 τῆς
2490 5776 2748 5849 ἀληθείας
2780 5772 3073 5843 ἀπόδειξις,
3108 5774 3219 5828 τῶν
3240 5775 3300 5829 ἐν
3324 5776 3391 5847 τῇ
3418 5773 3647 5851 Ila).er

3184 5880 3265 5943 18
