4110 6198
492 336 602 396 265

496 445 896 519 προφητειῶνὴ
923 445 1374 518 προαναφώνησις
1400 439 1490 519 ἦν,
1513 444 1608 511 οὓς
1628 444 2069 519 ἀποστραφέντες

495 532 641 594 οὗτοι
673 538 774 593 οὐκ
821 537 1163 592 αἰσθάνονται
1212 538 1324 591 τῶν
1353 538 1648 611 προφητῶν
1701 538 1901 609 μᾶλλον
1943 538 2071 600 τοὺς

496 632 824 694 ἀποστόλους
849 629 1233 700 ἀτιμάσαντες.
1275 628 1388 684 Ἑνὶ
1428 628 1528 701 μέν
1561 625 1655 684 οῦν
1675 629 1863 702 τρόπῳ
1898 629 2074 701 τούτῳ

497 723 597 793 τὴν
628 721 836 793 Καινὴν
865 718 1307 790 καθυϐρίζουσιν,
1337 719 1511 792 ἐτέρῳ
1532 720 1591 773 δέ
1622 720 1783 776 πάλιν
1811 719 2068 790 δευτέρῳ,

496 813 576 884 τῷ
599 813 669 867 τὰ
707 811 927 866 πλείονα
979 811 1149 884 αὐτῆς
1191 810 1443 881 ἐκκόψαι.
1472 810 1622 881 Πλὴν
1648 808 1785 865 ἀλλά
1816 809 1912 865 καὶ
1937 810 2075 881 αὐτὴ

496 906 605 959 τῶν
637 906 695 958 ἐν
721 907 788 976 τῇ
815 905 954 976 αὐτῇ
999 903 1269 972 κειμένων
1303 903 1337 974 ὴ
1365 901 1598 974 δύναμις
1638 901 1877 973 τοσαύτη
1912 914 1964 969 ι,
2001 902 2077 967 ὡς

498 996 594 1052 καὶ
616 996 712 1051 ἀπ’
742 993 922 1049 αὐτῶν
940 993 1049 1048 τῶν
1073 992 1343 1064 λειψάνων
1369 993 1688 1065 εὐφώρατον
1715 993 1896 1050 αὐτῶν
1926 993 2079 1063 γενέ·

501 1087 626 1143 σθαι
648 1088 906 1157 ποιεῖτὴν
933 1084 1270 1157 κακουργίαν
1285 1101 1302 1118 θ
1334 1083 1406 1140 τὰ
1431 1086 1542 1159 γὰρ
1569 1085 1920 1141 ἀποκοπέντα
1942 1083 2079 1157 μέλη

500 1178 698 1251 κράζει
717 1178 809 1232 καὶ
835 1178 953 1250 βοᾷ,
991 1177 1091 1249 τὴν
1113 1177 1249 1248 πρὸς
1285 1177 1357 1234 τά
1382 1178 1557 1234 οἰκεῖα
1582 1177 1723 1251 μέλη
1761 1177 2080 1251 συμφωνίαν

504 1269 883 1342 ἐπιζητοῦντα.

550 1435 640 1484 ιε’.
674 1427 798 1492 Πῶς
825 1421 918 1481 οὗν
938 1424 1316 1495 ἀποδείξομεν,
1342 1425 1424 1479 ὅτι
1460 1425 1672 1496 Καινῆς
1701 1425 1793 1478 καὶ
1835 1423 2080 1487 Παλαιᾶς

495 1516 584 1585 εἷς
605 1522 753 1573 ἐστιν
770 1520 799 1572 6
815 1516 1115 1589 νομοθέτης
1131 1533 1147 1583 ;
1190 1517 1322 1571 Ἀπὸ
1349 1516 1554 1571 τούτων
1569 1517 1600 1558 h
1616 1515 1724 1570 τῶν
1747 1516 1879 1589 παρ’
1897 1517 2080 1581 αὐτοῖς

504 1607 976 1681 ὑπολελειμμένων
1017 1607 1277 1678 ῥημάτων
1313 1606 1423 1661 τῶν
1448 1605 1840 1670 ἀποστολικῶν,
1865 1606 1903 1662 ἀ
1936 1605 2083 1661 δοκεῖ

506 1701 607 1773 μὲν
634 1700 779 1772 ἔχειν
801 1699 895 1753 τοῦ
924 1698 1091 1771 νόμου
1119 1698 1476 1770 κατηγορίαν,
1513 1698 1794 1770 συνίστησι
1833 1697 1890 1752 δέ
1918 1697 2082 1752 αὑτὸν

500 1792 762 1863 μάλιστα,
784 1791 880 1845 καί⁵
908 1789 1143 1844 δεικνύει
1176 1788 1319 1844 θεῖον
1342 1788 1474 1845 ὅντα
1497 1789 1744 1862 χρησμὸν
1759 1789 1855 1844 καί
1878 1789 2084 1845 ἀνωθεν

504 1885 729 1953 ἥκοντα.
758 1882 870 1935 Καὶ
896 1879 1057 1935 τοῦτο
1080 1879 1139 1934 δέ
1163 1880 1265 1952 τῆς
1282 1879 1377 1934 τοῦ
1417 1880 1560 1936 Πνεύ
1566 1897 1736 1952 ματος
1757 1881 1972 1951 ἐγένετο
1992 1897 2083 1935 σου

509 1974 660 2043 φίας,
691 1974 832 2028 ὥστε
852 1975 920 2044 τῇ
955 1972 1229 2044 προχείρῳ
1249 1974 1407 2045 ρήσει
1434 1971 1820 2037 δελεασθέντας
1845 1972 1971 2037 τοὺς
1990 1972 2084 2026 τοῦ

508 2068 674 2139 νόμου
707 2060 1146 2137 κατηγοροῦντας
1175 2064 1406 2130 ἄκοντας
1435 2064 1533 2118 καὶ
1565 2064 1896 2133 ἀγνοοῦντας
1936 2062 2088 2129 δέξα-

509 2159 634 2213 σθαι
670 2157 770 2229 τὴν
808 2158 948 2229 ὑπὲρ
988 2156 1153 2210 αὐτοῦ
1185 2156 1580 2228 γεγραμμένην
1611 2155 1939 2226 ἀπολογίαν
1976 2155 2084 2219 ἵνα,

509 2245 578 2300 ἂν
617 2244 714 2316 μέν
742 2242 1010 2315 θελήσωσι
1034 2244 1172 2316 πρὸς
1203 2244 1301 2314 τὴν
1328 2243 1590 2317 ἀλήθειαν
1617 2245 1766 2311 ἰδεῖν,
1795 2244 1961 2317 έχωσι
1989 2244 2088 2317 τὴν

511 2336 669 2407 ῥῆσιν
698 2335 796 2408 τὴν
824 2333 1272 2407 χειραγωγοῦσαν
1298 2335 1531 2400 αύτούς·
1579 2334 1646 2390 ἂν
1697 2335 1754 2390 δὲ
1788 2335 2087 2407 ἐπιμένωσι

509 2428 578 2498 τῇ
606 2425 850 2497 ἀπιστίᾳ,
874 2425 1146 2498 μηδεμιᾶς
1171 2424 1501 2499 συγγνώμης
1525 2425 1710 2480 λοιπὸν
1736 2425 1961 2498 τύχωσι,
1995 2426 2091 2481 καὶ

510 2517 717 2581 αὐτοῖς,
747 2514 829 2579 οίς
861 2512 1078 2570 δοκοῦσι
1112 2513 1409 2581 πιστεύειν,
1442 2515 1797 2580 ἀπιστοῦντες
1822 2516 1964 2571 κατά
1991 2517 2090 2588 τῆς

498 2604 722 2660 ’ἑαυτῶν
753 2603 1049 2677 σωτηρίας.
1102 2604 1211 2657 Ποῦ
1241 2604 1419 2658 τοίνυν
1452 2604 1488 2675 ἡ
1517 2605 1694 2675 Καινὴ
1750 2603 1951 2674 ἑαυτῆς
1998 2605 2091 2658 καὶ

512 2700 615 2769 τῆς
647 2696 893 2760 Παλαιᾶς
938 2695 1036 2749 Eva
1069 2694 1161 2747 τὸν
1191 2693 1486 2766 νομοθέτην
1510 2689 1650 2748 εἷναί
1671 2711 1839 2765 φησι;
1882 2694 2090 2748 Πολλα-

514 2789 614 2863 χοῦ
641 2789 741 2861 μὲν
771 2785 866 2842 καὶ
891 2784 1128 2857 ἀλλαχοῦ
1149 2800 1163 2817 ·
1190 2787 1353 2857 ἡμεῖς
1370 2785 1426 2838 δέ
1453 2784 1669 2854 ἐκείνην
1695 2784 1833 2848 τέως
1863 2785 2092 2839 σπουδά-

492 2881 683 2952 -ζομεν
705 2878 804 2951 τὴν
822 2876 1127 2951 περικοπὴν
1143 2877 1222 2940 εἰς
1249 2875 1414 2947 μέσον
1435 2875 1681 2945 ἀγαγεῖν,
1698 2876 1798 2947 τὴν
1825 2876 1920 2929 καὶ
1944 2875 2094 2949 παρὰ

516 2973 629 3035 τοῖς
659 2967 975 3039 Μανιχαίοις
997 2966 1310 3039 σωζομένην
1332 2964 1413 3021 ἔτι
1440 2966 1535 3020 καὶ
1563 2966 1678 3020 νῦν.
1706 2966 1802 3031 Τίς
1826 2962 1920 3021 οὖν
1947 2968 2093 3023 ἐστιν

498 3062 688 3133 «αῦτη,
717 3058 931 3130 Λέγετέ
968 3076 1101 3129 μοι,
1137 3060 1192 3113 οί
1219 3058 1339 3115 ὑπὸ
1376 3058 1566 3128 νόμον
1606 3058 1886 3126 θέλοντος
1919 3060 2092 3129 εἷναι,
2158 3077 2162 3081 ‘

496 3153 675 3224 φησί,
702 3152 809 3206 τὸν
849 3152 1039 3222 νόμον
1067 3151 1179 3205 οὐκ
1222 3150 1503 3217 ἁκούετεξ,
1553 3149 1643 3203 ὄτι
1695 3150 1949 3221 Ἀϐραὰμ
1984 3150 2094 3206 δύο

498 3243 690 3310 »υἱοὺς
717 3242 906 3313 ἔσχεν
926 3285 942 3311 ,
971 3241 1081 3296 ἕνα
1117 3241 1187 3295 ἐκ
1215 3239 1325 3310 τῆς
1376 3240 1724 3310 παιδίσκης,
1753 3239 1853 3294 καί
1888 3240 1998 3295 ἕνα
2026 3241 2094 3295 ἐκ

500 3334 630 3404 τῆς
656 3333 807 3407 [274]
829 3332 1189 3402 ἐλευθέρας;
1245 3333 1523 3385 Ἤκουσαν
1577 3333 1625 3385 οί
1679 3332 1966 3406 αἰρετικοὶ,
2012 3333 2094 3386 ὅτι

519 3427 618 3480 ἕνα
646 3426 712 3478 ἐκ
740 3424 839 3495 τῆς
864 3424 1174 3495 παιδίσκης,
1205 3424 1299 3477 καὶ
1324 3421 1526 3487 εὐθέως
1562 3423 1913 3494 ἐπεπήδησαν
1932 3439 1946 3454 ⁸
1977 3424 2094 3477 ἐνό-

524 3534 688 3589 μισαν
714 3515 823 3587 γὰρ
846 3514 1179 3585 κατηγορίαν
1205 3509 1343 3567 εἶναι
1372 3512 1468 3565 τοῦ
1498 3513 1663 3583 νόμου
1692 3513 1752 3566 τὸ
1781 3513 2091 3584 λεγόμενον’

524 3606 617 3658 καὶ
666 3603 998 3671 ἐκκόψαντες
1045 3602 1215 3673 αὐτὴν
1266 3601 1365 3672 τῆς
1400 3601 1593 3671 λοιπῆς
1650 3602 1989 3667 ἀκολουθίας,
2021 3603 2098 3667 ὡς

526 3690 930 3763 συνηγοροῦσαν
960 3690 1144 3754 αὐτοῖς
1176 3690 1484 3762 κατέχουσι.
1514 3690 1651 3761 Φέρε
1676 3686 1770 3743 οὖν
1807 3692 1902 3745 ἀπ’
1931 3694 2097 3747 αὑτοῦ

513 3783 784 3854 δείξωμεν
801 3782 896 3835 ἕνα
923 3782 1052 3836 ὸντα
1076 3780 1166 3834 τὸν
1195 3781 1509 3853 νομοθέτην.
1542 3782 1787 3852 Ἀϐραὰμ
1804 3781 1913 3837 δύο
1931 3785 2100 3852 υἱοὺς

523 3872 728 3944 ἔσχεν,
775 3874 885 3928 ἕνα
931 3873 1001 3928 ἐκ
1045 3872 1156 3942 τῆς
1209 3873 1553 3942 παιδίσκης,
1597 3874 1699 3929 καὶ
1733 3874 1841 3929 ἕνα
1866 3864 1941 3930 εκ
1990 3877 2100 3947 τῆς

524 3964 844 4034 ἐλευθέρας
863 3981 876 3996 ·
901 3964 1088 4019 ταῦτα
1112 3964 1180 4018 δέ
1203 3963 1358 4028 ἐστι,
1384 3965 1569 4036 φησὶν,
1586 3966 2097 4037 ἀλληγορούμενα.

528 4056 592 4110 Τί
623 4054 681 4109 δέ
727 4058 913 4120 ἐστιν,
958 4056 1512 4125 Ἀλληγορούμενα;
1573 4055 1746 4110 Τύποι
1789 4059 1898 4111 τῶν
1948 4058 2006 4111 ἐν
2035 4061 2100 4129 τῇ

512 4145 711 4218 χάριτι
744 4142 1048 4217 γενομένων
1074 4141 1212 4217 ἦσαν
1247 4145 1317 4199 τὰ
1335 4147 1392 4199 ἐν
1413 4149 1480 4218 τῇ
1505 4147 1719 4218 Παλαιᾷ
1750 4148 1993 4222 Διαθήκῃ
2021 4166 2104 4218 γι-

527 4236 747 4307 νόμενα.
781 4232 992 4308 ’Ὠσπερ
1016 4230 1126 4309 γάρ
1157 4239 1275 4291 ἐκεῖ
1300 4236 1394 4292 δύο
1418 4242 1695 4308 γυναῖκες,
1725 4238 1898 4305 οὕτως
1919 4242 2104 4295 ἐνταῦ-

524 4326 597 4381 θα
619 4322 712 4379 δύο
735 4325 1020 4398 Διαθῆκαι.
1059 4328 1280 4407 Πρῶτον
1309 4331 1408 4400 μὲν
1445 4332 1504 4383 ἐν
1529 4331 1703 4402 τούτῳ
1737 4330 1977 4385 δείκνυσι
2006 4334 2104 4405 τὴν

531 4416 847 4486 συγγένειαν
869 4412 966 4490 τῆς
985 4418 1191 4489 Καινῆς
1213 4419 1350 4489 πρὸς
1374 4418 1471 4490 τὴν
1494 4418 1758 4483 Παλαιὰν,
1776 4420 1902 4473 ὅταν
1926 4422 2105 4474 ἐκεῖνα

524 4510 732 4566 τούτων
781 4506 1032 4583 ᾖτύπος.
1096 4512 1155 4565 '0
1185 4512 1294 4584 γὰρ
1327 4512 1495 4577 τύπος
1544 4512 1645 4583 τῆς
1701 4511 1960 4584 ἀληθείας
2007 4514 2105 4567 ούκ

522 4601 806 4668 ἐναντίον,
851 4602 986 4657 ἀλλά
1032 4604 1316 4672 συγγενές.
1361 4605 1423 4657 Εἰ
1457 4604 1513 4658 δέ
1544 4604 1783 4670 ἐναντίος
1820 4600 1889 4676 ἦν
1915 4608 1943 4659 ό
1973 4604 2103 4669 Θεὸς

528 4691 630 4761 τῆς
655 4691 895 4756 Παλαιᾶς
920 4693 996 4765 τῷ
1028 4694 1147 4765 Θεῷ
1172 4694 1269 4766 τῆς
1295 4694 1525 4766 Καινῆς,
1557 4696 1657 4750 οὐκ
1678 4694 1866 4768 ἔμελλε
1881 4696 1968 4750 διά
1999 4697 2105 4752 τῶν

530 4783 806 4851 γυναικῶν
834 4782 1231 4855 προδιατυποῦν
1279 4787 1377 4858 τῆς
1420 4789 1629 4860 Καινῆς
1678 4788 1957 4861 Διαθηκης
2007 4791 2105 4863 τὴν

525 4872 825 4946 ὖπεροχήν.
855 4876 920 4929 Εἰ
949 4876 1007 4930 δέ
1041 4877 1136 4931 καὶ
1167 4880 1372 4943 ἐκεῖνος
1399 4879 1824 4951 προδιετύπωσε,
1847 4882 1938 4935 τὸν
1962 4880 2107 4934 Παῦ-

526 4965 620 5021 λον
642 4968 808 5039 ἐχρῆν
843 4967 919 5039 μὴ
951 4968 1366 5040 ἀποχρήσασθαι
1393 4969 1474 5041 τῷ
1501 4970 1676 5041 τύπῳ.
1712 4972 1775 5025 Εἰ
1795 4971 1852 5025 δέ
1872 4970 2101 5040 λέγοιεν,

528 5050 614 5105 ὃτι
656 5052 915 5125 Ἰουδαϊκῇ
949 5058 1394 5125 συγκαταϐαίνων
1416 5056 1693 5131 ἀσθενείᾳ,
1718 5059 1876 5115 τοῦτο
1907 5062 2099 5125 ἐποίει,

530 5145 703 5237 ἐχῄν
751 5144 847 5237 κιαι
875 5146 1098 5221 Ἕλλησι
1139 5149 1478 5222 κηρύττοντα
1520 5150 1723 5215 τύπους
1766 5150 2108 5224 Ἑλληνικοὺς

531 5235 794 5305 εἰσάγειν,
827 5238 921 5291 καὶ
954 5240 1197 5313 ίστορίας
1221 5240 1532 5313 μεμνῆσθαι
1565 5240 1675 5295 τῶν
1708 5240 1839 5313 παρ’
1882 5240 2107 5314 Ἕλλησι

533 5328 912 5400 γεγενημένων
938 5333 1301 5403 πραγμάτων.
1341 5332 1501 5388 Ἀλλά
1524 5333 1623 5387 οὐκ
1658 5332 1883 5405 ἐποίησε
1909 5332 2066 5387 τοῦτο
2090 5349 2104 5363 ’

533 5419 629 5474 καὶ
653 5421 798 5491 μάλα
817 5423 1060 5488 εἰκότως.
1097 5424 1310 5481 Ἐκεῖνα
1338 5425 1438 5497 μὲν
1464 5426 1574 5497 γάρ
1607 5425 1758 5479 οὐδὲν
1792 5424 1968 5479 κοινὸν
1996 5419 2109 5495 εἶχε

537 5511 674 5577 πρὸς
710 5510 810 5573 τὴν
847 5512 1103 5585 ἀλήθειαν
1123 5553 1139 5579 ,
1172 5513 1345 5571 ταῦτα
1379 5515 1435 5571 δέ
1475 5514 1612 5571 Θεοῦ
1639 5513 1878 5588 χρησμοὶ
1906 5514 2000 5570 καί
2027 5514 2112 5568 νό-

597 5656 629 5722 ξι
654 5664 874 5722 Τοσαύτη
896 5667 1036 5714 deesl
1060 5669 1108 5715 in
1133 5681 1249 5719 mss.

580 5728 581 5731 “
600 5717 630 5757 δ
651 5721 762 5772 MSS.
783 5717 1053 5776 ἀπἀὐτῶν.

1184 314 1253 399 εξ
1283 343 1570 401 JOANNIS
1608 341 2096 399 cumsosrom
2137 341 2454 396 Amznmp.
2496 331 3043 398 CONSTANTINOP.

2184 456 2301 513 μοι·
2333 441 2414 497 διὸ
2446 443 2539 496 καὶ
2566 442 2769 514 πολλὴν
2804 444 3122 512 συγγένειαν
3156 437 3356 509 ἔχειτὰ
3380 436 3585 492 παλαιὰ
3611 441 3747 511 πρὸς

2176 534 2273 605 τὴν
2296 534 2504 606 Καινὴν
2538 533 2833 605 Διαθήκην.

2248 713 2322 771 ς’.
2364 705 2587 778 Πρῶτον
2622 706 2722 778 μὲν
2756 700 2849 760 οὖν
2892 703 3050 759 τοῦτο
3071 701 3362 768 δείκνυσιν,
3402 702 3487 756 ὅτι
3512 700 3679 773 πολλή
3705 702 3739 771 ἢ

2180 798 2468 869 συμφωνία
2491 798 2589 870 τῆς
2609 797 2816 868 Καινῆς
2837 795 2974 867 πρὸς
2994 793 3093 865 τὴν
3116 793 3388 849 Παλαιάν·
3407 792 3661 864 δεύτερον
3692 792 3749 846 δέ

2175 889 2276 942 οὐκ
2298 887 2516 942 ἔλαττον
2531 884 2745 953 τούτου,
2764 885 2859 940 καὶ¹
2882 886 3019 955 αὐτῇ
3045 886 3111 955 τῇ
3143 882 3372 955 ἱστορίᾳ.
3408 881 3620 951 Ὠσπερ
3643 881 3751 952 γὰρ

2180 980 2300 1034 τότε
2324 976 2416 1033 δύο
2447 979 2703 1048 γυναῖκες
2738 972 2877 1050 ἦσαν
2915 976 3033 1040 ἑνὸς
3070 974 3284 1047 ἀνδρὸς,
3336 972 3480 1028 οὕτω
3527 974 3624 1026 καὶ
3655 971 3750 1026 νῦν

2177 1067 2270 1123 δύο
2289 1067 2556 1142 Διαθῆκαι
2584 1068 2701 1133 ἐνὸς
2751 1067 3038 1140 νομοθέτου
3067 1083 3082 1097 ο
3127 1067 3271 1129 ἐπεὶ,
3305 1064 3372 1119 ἂν
3399 1063 3558 1128 ἄλλος
3650 1063 3750 1133 τῆς

2179 1161 2410 1233 Καινῆς,
2439 1162 2536 1215 καὶ
2561 1161 2720 1226 ἀλλος
2747 1160 2848 1232 τῆς
2873 1160 3139 1225 Παλαιᾶς,
3183 1155 3451 1232 περιττῶς
3472 1155 3572 1226 τὴν
3608 1157 3752 1209 £010-

2182 1252 2302 1325 ρίαν
2347 1254 2662 1325 εἰσήγαγεν.
2711 1252 2787 1307 Ού
2825 1251 2937 1323 γὰρ
2989 1250 3149 1316 ἄλλος
3189 1251 3288 1323 μιν
3326 1244 3395 1321 ἦν
3413 1252 3514 1320 τῆς
3539 1248 3751 1319 Σάρρας

2180 1345 2319 1417 ἀνὴρ
2343 1385 2360 1412 ,
2409 1343 2569 1407 ἀλλος
2603 1342 2663 1397 δέ
2715 1342 2814 1414 τῆς
2848 1342 3054 1413 Ἀγαρ,
3107 1337 3223 1393 ἀλλ’
3252 1334 3332 1405 εἷς
3365 1339 3461 1394 καὶ
3495 1341 3525 1392 6
3566 1338 3747 1401 αὐτός.

2182 1435 2379 1500 Ὥστε,
2424 1434 2554 1488 ὅταν
2577 1432 2748 1507 λέγῃ,
2779 1426 2965 1488 Αὗται
3015 1429 3126 1502 γάρ
3150 1432 3271 1485 εἰσι
3303 1429 3414 1485 δύο
3448 1427 3749 1497 διαθῆκαι,

2179 1524 2331 1580 οὐδὲν
2355 1523 2542 1595 ἕτερον
2570 1522 2720 1591 λέγει
2744 1564 2759 1588 ,
2782 1521 2895 1576 ἀλλ’
2917 1521 2975 1594 ἢ,
2999 1522 3082 1575 ὅτι
3101 1520 3198 1575 ἕνα
3224 1518 3406 1590 έχουσι
3433 1516 3752 1588 νομοθέτην,

2181 1614 2433 1687 καθάπερ
2471 1616 2676 1668 ἐκεῖναι
2730 1613 2827 1668 ἐνα
2861 1613 3030 1685 ἀνδρα
3059 1612 3153 1666 τὸν
3217 1610 3490 1683 Ἀϐραάμ.
3548 1607 3691 1663 Ἀλλ’
3720 1610 3755 1679 ἡ

2185 1708 2282 1780 μὲν
2311 1706 2491 1779 δούλη,
2526 1707 2710 1778 φησὶν,
2740 1707 2775 1777 ἡ
2807 1704 2863 1759 δέ
2889 1704 3152 1777 ἐλευθέρα
3197 1698 3286 1776 ἦν.
3336 1701 3447 1756 Καὶ
3488 1700 3541 1755 τί
3561 1698 3754 1766 τοῦτο;

2180 1799 2318 1863 τέως
2345 1800 2455 1871 γὰρ
2479 1796 2810 1869 ζητούμενον
2837 1791 2927 1867 ἦν,
2951 1798 3001 1849 εἰ
3026 1790 3107 1860 εἷς
3134 1794 3412 1865 ἑκατέρων
3436 1788 3749 1863 νομοθέτης.

2183 1889 2682 1956 Καταδεξάσθωσαν
2737 1888 2917 1942 τοίνυν
2970 1886 3129 1941 τοῦτο
3172 1884 3459 1955 πρότερον,
3497 1881 3593 1934 καὶ
3635 1879 3755 1932 τότε

2184 1983 2320 2054 πρὸς
2371 1985 2544 2036 ἐκεῖνο
2598 1982 2781 2044 αὐτοῖς
2833 1975 3298 2048 ἀποκρινούμεθα.
3341 1975 3437 2026 Ἂν
3461 1972 3571 2042 γάρ
3599 1968 3759 2024 τοῦτο

2184 2072 2605 2145 καταναγκάζῃς
2631 2072 2826 2135 αὐτοὺς
2851 2067 3125 2135 δέξασθαι,
3160 2066 3256 2121 καί
3284 2062 3595 2124 πεισθῶσιν,
3614 2060 3761 2114 ἅπαν

2185 2165 2364 2220 αὐτῶν
2390 2164 2450 2219 τὸ
2471 2163 2646 2233 δόγμα
2670 2162 2968 2233 οἰχήσεται.
3001 2161 3168 2214 Ὅταν
3187 2159 3296 2230 γὰρ
3317 2156 3516 2229 εὑρεθῇ
3536 2153 3633 2209 τοῦ
3663 2155 3761 2207 a6-

2184 2254 2278 2311 τοῦ
2312 2254 2602 2327 νομοθέτου
2635 2253 2727 2308 καὶ
2757 2256 2789 2325 ή
2824 2250 3036 2307 Παλαιά
3058 2246 3217 2315 οὖσα,
3257 2249 3507 2319 καθάπερ
3538 2243 3633 2300 οὖν
3666 2245 3763 2299 καὶ

2186 2347 2322 2416 ἔστι,
2355 2350 2503 2402 πᾶσα
2525 2346 2743 2401 λέλυται
2770 2346 2902 2417 ἡμῖν
2923 2345 2957 2415 η
2985 2342 3122 2414 πρὸς
3145 2341 3386 2404 ἐκείνους
3412 2336 3763 2410 ἀμφισϐήτη-

2188 2455 2294 2501 σις.
2329 2438 2446 2491 ’Ὶνα
2497 2436 2552 2489 δέ
2602 2434 2735 2506 μηδέ
2794 2432 2953 2487 τοῦτο
2980 2432 3123 2502 ὑμᾶς
3155 2429 3381 2500 θορυϐῇ,
3435 2426 3763 2499 πρόσχωμεν

2188 2526 2430 2600 ἀκριϐῶς
2455 2528 2521 2596 τῇ
2552 2527 2727 2596 ῥήσει.
2763 2523 2840 2576 υύ
2868 2522 2976 2592 γάρ
3009 2517 3154 2586 εἷπε,
3182 2522 3295 2577 Μία
3330 2518 3430 2590 μὲν
3456 2517 3639 2587 δούλη,
3667 2516 3764 2586 μία

2186 2617 2242 2671 δέ
2271 2616 2529 2687 ἐλευθέρα
2554 2631 2569 2646 ’
2590 2615 2746 2678 ἀλλὰ,
2771 2616 2889 2668 Μία
2905 2611 3024 2683 μέν
3041 2614 3129 2678 είς
3150 2611 3438 2666 δουλείαν
3464 2606 3765 2679 γεννῶσαο

2188 2709 2250 2762 οὐ
2289 2710 2506 2771 πάντως
2537 2708 2594 2760 δὲ
2623 2708 2657 2777 ὴ
2686 2708 2766 2770 εἰς
2806 2705 3053 2759 δουλείαν
3079 2704 3405 2773 γεννήσασα.
3435 2699 3596 2764 δούλη
3622 2714 3636 2728 ⁸
3670 2698 3766 2750 καὶ

2190 2798 2320 2853 αὐτὸ
2350 2797 2407 2851 δέ
2440 2797 2502 2851 τὸ
2549 2799 2630 2860 εἰς
2677 2796 2922 2850 δουλείαν
2968 2793 3242 2865 τεχθῆναι,
3277 2790 3339 2846 ού
3373 2790 3476 2860 τῆς
3502 2788 3765 2857 τεκούσης

2190 2888 2460 2960 ἔγκλημα,
2492 2888 2627 2943 ἀλλά
2669 2887 2779 2941 τῶν
2803 2886 3103 2956 τεχθέντων
3131 2884 3375 2938 παιδίων.
3420 2881 3633 2952 Ἐπειδὴ
3656 2880 3767 2951 γὰρ

2189 2981 2290 3052 τῆς
2312 2979 2625 3051 ἐλευθερίας
2650 2977 2741 3032 διὰ
2763 2979 2861 3049 τὴν
2881 2976 3080 3031 κακίαν
3111 2976 3335 3039 ἑαυτοὺς
3358 2972 3765 3043 ἀπεστέρησαν,

2191 3074 2286 3127 καὶ
2309 3072 2408 3143 τῆς
2432 3071 2707 3140 εὐγενείας
2730 3068 3005 3134 ἐξέπεσον,
3032 3067 3107 3131 ώς
3126 3065 3344 3129 δούλους
3369 3064 3565 3127 αὐτοὺς
3590 3060 3768 3132 ἀγνώ⁴

2195 3180 2360 3236 μονας
2394 3162 2710 3216 ἐπαίδευσεν
2759 3160 2788 3213 6
2818 3158 2951 3222 Θεὸς
3006 3157 3156 3229 φόϐῳ
3206 3156 3464 3225 διηνεκεῖ,
3523 3151 3767 3216 κολάζων

2191 3255 2478 3327 τιμωρίαις
2504 3254 2597 3307 καὶ
2621 3250 2889 3314 ἀπειλαῖς.
2924 3248 3119 3302 Πολλοὶ
3139 3248 3269 3316 γοῦν
3295 3245 3390 3300 καὶ
3405 3244 3499 3299 νῦν
3534 3242 3769 3313 πατέρες

2196 3346 2345 3420 [27b]
2378 3347 2504 3409 τοὺς
2536 3343 2744 3399 ἑαυτῶν
2799 3343 2915 3396 υίοὺ
2928 3360 2968 3405 ς,
3000 3342 3099 3412 οἰχ
3132 3340 3207 3403 ὡς
3254 3341 3403 3402 υἱοὺς
3459 3336 3765 3404 ἐνάγουσιν,

2193 3437 2329 3492 ἀλλά
2366 3435 2502 3507 μετά
2538 3433 2633 3488 τοῦ
2677 3432 2975 3504 πρέποντος
3008 3431 3247 3493 οἰκέταις
3290 3426 3456 3499 φόϐου
3483 3443 3497 3457 ·
3559 3425 3653 3479 καὶ
3707 3424 3771 3478 τὸ

2195 3525 2443 3596 ἔγκλημα
2491 3524 2611 3596 ούχὶ
2656 3522 2765 3576 τῶν
2825 3521 3075 3593 πατέρων
3107 3520 3274 3585 ἐστὶν,
3321 3516 3459 3571 ἀλλά
3502 3515 3611 3569 τῶν
3643 3515 3769 3577 τοὺς

2198 3616 2439 3688 πατέρας
2473 3612 3008 3686 παρασκευασάντων
3049 3610 3286 3676 παίδων,
3318 3608 3394 3673 ὡς
3440 3606 3647 3670 δούλοις
3673 3622 3768 3658 κιο

2199 3706 2432 3778 χρῆσθαι
2462 3708 2575 3770 τοῖς
2617 3705 2939 3776 ἐλευθέροις.
2975 3701 3132 3756 Οῦτω
3161 3700 3253 3755 καὶ
3284 3701 3313 3754 6
3342 3699 3473 3762 Θεὸς
3517 3697 3610 3751 τὸν
3641 3695 3771 3750 λαὸν

2198 3799 2319 3853 τότε
2344 3799 2547 3852 ἐκεῖνον
2582 3798 2721 3868 μετά
2746 3794 2997 3850 τοσούτου
3041 3792 3204 3863 φόϐου
3239 3792 3331 3847 καὶ
3358 3789 3625 3862 τιμωρίας
3651 3804 3772 3841 τοσ-

2200 3888 2368 3959 αύτης
2395 3887 2577 3957 ἐνῆγε,
2615 3886 2733 3958 μεθ’
2752 3887 2883 3956 ὅσης
2912 3885 3056 3948 εἰκὸς
3082 3879 3150 3954 ἦν
3185 3883 3403 3952 οἰκέτην
3439 3880 3731 3950 ἀγνώμονα
3751 3893 3768 3908 ο

2198 3979 2314 4032 ἀλλ’
2351 3979 2413 4031 οὐ
2466 3977 2768 4049 κατηγορία
2796 3976 2890 4029 τοῦ
2921 3973 3056 4028 Θεοῦ
3097 3976 3155 4027 τὸ
3203 3972 3507 4043 γινόμενον,
3529 3969 3651 4023 οὐδὲ
3678 3968 3771 4038 ἐγ-

2199 4071 2385 4141 κλημα
2414 4069 2508 4123 τοῦ
2536 4069 2724 4140 νόμου,
2753 4066 2890 4119 ἀλλά
2913 4065 3020 4119 τῶν
3045 4061 3451 4135 ἀφηνιαζόντων
3484 4059 3770 4121 Ἰουδαίων,

2203 4162 2561 4233 σφοδροτέρου
2607 4159 2906 4229 δεηθέντων
2945 4156 3184 4228 χαλινοῦ.
3257 4156 3346 4209 Ἐν
3372 4154 3511 4225 αὐτῇ
3544 4151 3672 4221 γοῦν
3701 4154 3772 4225 τῇ

2204 4251 2411 4322 Παλαιᾷ
2436 4248 2820 4321 εὑρεθήσονται
2848 4247 3032 4302 πολλοὶ
3059 4247 3158 4318 οὐχ
3173 4245 3342 4309 οὕτως
3364 4243 3644 4315 ἀχθέντες,
3659 4237 3772 4297 οἷον

2200 4342 2229 4396 6
2258 4340 2444 4408 Ἅϐελ,
2475 4341 2504 4394 6
2529 4339 2675 4405 Νῶε,
2705 4340 2735 4393 6
2780 4338 3052 4409 Ἀϐραὰμ,
3086 4338 3116 4391 6
3169 4337 3375 4400 Ἰσαὰκ,
3421 4337 3449 4388 6
3493 4332 3709 4398 Ἰακὼϐ,
3743 4334 3772 4386 6

2214 4432 2431 4503 Ἰωσὴφ,
2461 4432 2490 4485 6
2514 4430 2772 4501 Μωῦσῆς,
2804 4432 2834 4484 6
2871 4430 3076 4493 Ἠλίας,
3110 4431 3139 4483 ὁ
3186 4429 3509 4489 Ἐλισσαῖος,
3539 4427 3588 4479 οί
3620 4424 3772 4478 ἄλλοι

2202 4527 2424 4590 πάντες,
2448 4525 2563 4579 ὅσοι
2589 4524 2688 4596 τὴν
2709 4525 2767 4576 ἐν
2786 4524 2854 4594 τῇ
2890 4522 3068 4593 Καινῇ
3116 4518 3433 4588 φιλοσοφίαν
3470 4515 3769 4587 ἐζήλωσαν.

2202 4618 2278 4671 Ού
2303 4615 2413 4687 γὰρ
2439 4615 2588 4686 φόϐῳ
2613 4614 2708 4669 καὶ
2734 4613 2971 4679 κολάσει,
2998 4610 3122 4665 οὐδὲ
3146 4609 3345 4679 ἀπειλῇ
3374 4608 3470 4662 καὶ
3507 4605 3773 4678 τιμωρία,

2203 4707 2318 4762 ἀλλ’
2336 4705 2525 4777 ἀγάπῃ
2546 4704 2667 4776 θεία
2694 4704 2788 4760 καὶ
2809 4703 3017 4774 φίλτρῳ
3041 4701 3216 4767 ζέοντι
3243 4700 3323 4771 τῷ
3350 4699 3477 4770 περὶ
3502 4696 3634 4750 Θεὸν
3651 4697 3775 4765 ἐγέ-

2200 4814 2353 4852 νοντο
2368 4798 2618 4862 τοιοῦτοι,
2637 4791 2740 4850 οἷοι
2760 4796 2825 4866 δὴ
2842 4796 2936 4850 καὶ
2961 4793 3226 4864 ἐγένοντο.
3244 4792 3319 4845 οο
3344 4790 3453 4862 γὰρ
3476 4787 3774 4859 ἐδεήθησαν

2208 4890 2659 4960 προσταγμάτων,
2713 4888 2835 4941 οὐδὲ
2863 4886 3091 4941 ἐντολῶν
3119 4886 3213 4940 καὶ
3238 4885 3438 4955 νόμων.
3471 4882 3617 4935 ὥστε
3645 4881 3776 4951 ἀρε-

2202 4982 2300 5053 τὴν
2325 4980 2535 5034 ἑλέσθαι
2560 4981 2654 5034 καὶ
2674 4980 2894 5050 φεύγειν
2922 4979 3139 5043 κακίαν,
3174 4977 3291 5031 ἀλλ’
3314 4975 3504 5047 ὥσπερ
3533 4974 3773 5043 εὐγενεῖς

2205 5070 2391 5134 παῖδες
2417 5071 2510 5124 καὶ
2556 5069 2853 5140 ἐλεύθεροι,
2890 5069 2989 5140 τὴν
3018 5068 3224 5122 οἰκείαν
3253 5067 3568 5137 ἐπιγνόντες
3596 5063 3774 5130 ἀξίαν,

2206 5162 2373 5233 χωρὶς
2402 5160 2568 5231 φόϐου
2614 5160 2759 5225 τινὸς
2785 5160 2880 5215 καὶ
2925 5160 3199 5225 κολάσεως
3227 5158 3607 5232 ηὐτομόλησαν
3641 5158 3777 5230 πρὸς

2206 5253 2304 5326 τὴν
2335 5251 2563 5325 ἀρετήν’
2618 5255 2667 5307 οἰ
2703 5253 2760 5306 δὲ
2786 5252 2963 5307 λοιποὶ
3010 5253 3209 5317 πάντες
3267 5249 3544 5315 Ἰουδαῖοι,
3590 5248 3778 5321 ἐπειδὴ

2208 5344 2343 5416 πρὸς
2369 5346 2568 5399 κακίαν
2600 5345 2916 5409 ἀπέκλιναν,
2951 5342 3045 5399 τοῦ
3076 5345 3218 5399 κατά
3242 5344 3331 5398 τὸν
3357 5343 3519 5414 νόμον
3553 5342 3777 5414 ἐδεήθη⁴

2210 5452 2309 5489 σαν
2338 5434 2575 5506 χαλινοῦ.
2611 5436 2742 5490 Ὀτε
2765 5436 2895 5505 γοῦν
2916 5436 3177 5508 ἐποίησαν
3208 5436 3299 5489 τὸν
3341 5435 3562 5507 μόσχον,
3598 5436 3689 5488 καὶ
3720 5433 3781 5488 τὸ

2210 5528 2448 5597 γλυπτὸν
2505 5514 2938 5601 προσεκύνησαν,
2996 5530 3115 5583 τότε
3173 5530 3442 5600 ἤκουσαν·
3498 5529 3714 5598 Κύριος
3739 5530 3772 5583 0'

2211 5621 2355 5685 Θεός
2399 5633 2536 5685 σου,
2572 5620 2787 5688 Κύριος
2833 5619 2920 5687 εἷς
2963 5621 3161 5674 ἐστιν*
3198 5622 3286 5674 ὅτε
3319 5622 3637 5691 ἐφόνευσαν,
3685 5618 3779 5675 καί

2216 5709 2310 5773 τάς
2331 5712 2591 5779 γυναῖκας
2621 5712 2727 5765 τῶν
2751 5710 2975 5783 πλησίον
2998 5712 3329 5784 διέφθειραν,
3369 5712 3488 5765 τότε
3518 5712 3775 5783 ἤκουσαν,
