4110 6198
364 333 466 395 283

365 456 478 510 Non
532 469 720 525 parum
768 453 912 508 enim
960 453 1237 505 veritatem
1283 448 1400 517 ejus
1452 447 1717 502 illustrant
1749 444 1952 500 Veteris

365 546 696 602 'l‘estamettli
740 544 1117 615 prophetaruttt
1163 541 1445 611 praeconia,
1489 553 1626 608 quos
1670 537 1756 592 isti
1802 550 1954 589 aver-

366 638 534 694 saudo
581 654 684 693 non
736 637 1037 704 itttelligunt
1078 632 1281 701 majore
1325 632 1597 700 apostolos
1625 643 1784 699 quam
1833 641 1955 696 pro-

366 730 553 798 phetas
592 728 918 784 contumelia
959 741 1017 779 se
1048 726 1282 779 allicere.
1317 723 1509 788 Unam,
1543 723 1776 792 inquam,
1805 718 1955 774 Novo

370 821 714 876 Testamento
744 819 990 889 injuriaut
1023 819 1219 872 iaciunt
1256 815 1442 880 istam;
1485 813 1593 867 alio
1637 825 1766 867 vero
1794 809 1953 865 modo

365 913 584 975 iterum,
605 909 749 982 quod
777 910 972 966 bonam
995 924 1058 962 ex
1087 922 1153 963 eo
1181 915 1382 976 partem
1414 911 1678 960 resecant.
1705 906 1951 956 Attamen

369 1013 510 1058 tanta
541 1012 622 1059 est
655 1016 862 1064 eorum,
889 1015 1008 1069 qum
1037 999 1090 1053 itt
1135 999 1224 1052 illo
1261 996 1622 1060 continentur,
1651 993 1753 1058 vis,
1791 1003 1847 1047 ut
1874 993 1954 1046 vel

367 1109 432 1149 ex
463 1093 593 1164 ipsis
621 1092 858 1163 reliquiis
891 1089 1045 1146 («cile
1069 1088 1388 1144 maleﬁcium
1412 1089 1632 1142 istorum
1658 1084 1955 1154 deprehen-

368 1184 527 1240 datur
559 1202 572 1238 :
615 1192 818 1239 resecta
847 1181 988 1236 enim
1021 1181 1258 1235 membra
1297 1179 1547 1244 clamant,
1581 1185 1632 1230 et
1675 1175 1954 1246 pristinum

369 1289 492 1329 cum
548 1274 658 1329 suis
699 1272 956 1330 membris
985 1284 1305 1326 consensum
1355 1267 1718 1323 indesinenter
1775 1265 1953 1335 requi-

371 1377 515 1421 ιιιηι.

439 1457 493 1512 5.
537 1455 726 1511 Probat
761 1471 916 1510 unum
966 1472 1074 1510 esse
1119 1454 1454 1526 legislatorem
1495 1462 1756 1520 utriusque
1779 1448 1954 1503 Testa-

368 1548 521 1601 menti
545 1563 608 1602 ea:
633 1547 923 1615 apostolicis
951 1547 1129 1612 verbis,
1159 1556 1202 1601 et
1227 1562 1289 1600 ea:
1317 1561 1374 1600 eo
1403 1546 1536 1614 quod
1576 1543 1726 1598 Vetus
1753 1541 1957 1596 Novum

369 1639 791 1710 pra'liguravcrit.
818 1669 890 1679 —
925 1637 1205 1705 Quomodo
1256 1636 1414 1707 igitur
1472 1633 1958 1690 demonstrabimus

374 1731 580 1787 Veteris
608 1740 662 1786 et
687 1730 821 1786 Novi
843 1731 1172 1785 Testamenti
1207 1744 1368 1783 unum
1397 1742 1518 1782 esse
1557 1724 1958 1796 legislatorem?

372 1819 450 1874 Ex
473 1819 602 1890 ipsis
623 1821 930 1890 apos:olicis
961 1820 1156 1883 verbis,
1184 1835 1304 1889 qua:
1340 1816 1481 1887 apud
1510 1817 1655 1887 ipsos
1683 1815 1842 1870 etiam
1873 1827 1959 1869 re-

371 1910 490 1965 licta
521 1919 644 1964 sunt
667 1927 679 1963 :
701 1926 819 1979 quze
843 1912 1050 1964 tametsi
1095 1909 1259 1978 prima
1291 1909 1464 1962 fronte
1492 1905 1772 1960 videantur
1796 1903 1956 1959 Vetus

374 1998 500 2054 illud
537 2014 816 2065 accusare,
847 2015 952 2054 non
999 1999 1341 2054 mediocriter
1383 2007 1557 2052 tamen
1603 1996 1653 2049 id
1683 2008 1959 2050 Commen-

371 2091 520 2156 tlant,
550 2102 604 2146 et
628 2091 823 2146 divinis
863 2091 1094 2144 oraculis
1131 2090 1336 2145 czelitus
1383 2088 1648 2159 proditum
1675 2101 1794 2141 esse
1820 2085 1960 2140 indi-

371 2190 515 2236 cant.
561 2181 630 2236 Et.
659 2181 759 2237 hoc
785 2183 952 2237 sancti
999 2181 1228 2252 Spiritus
1257 2181 1516 2250 sapientia
1547 2179 1742 2233 factum
1769 2187 1870 2240 est,
1905 2184 1964 2230 ut

370 2285 712 2329 accusatores
741 2273 893 2343 legis,
921 2274 1098 2328 allecti
1145 2272 1312 2343 prima
1364 2271 1500 2326 facie
1525 2272 1828 2336 verborum,
1863 2270 1964 2324 im-

373 2363 664 2434 prudentes
691 2373 744 2419 et
775 2364 924 2418 inviti
949 2363 1269 2433 adscriptam
1287 2362 1404 2432 ejus
1419 2361 1786 2416 defensionem
1815 2374 1961 2415 rece-

373 2456 548 2525 perint
579 2473 592 2509 :
623 2463 680 2509 ut
727 2455 771 2509 si
814 2455 1009 2509 vellent
1038 2455 1104 2509 ad
1147 2470 1331 2508 verum
1385 2453 1674 2523 respicere,
1705 2451 1964 2506 haberent

371 2562 673 2604 sermonem
702 2562 860 2617 quem
882 2556 1233 2617 sequerentur
1261 2564 1274 2600 :
1300 2545 1438 2616 quod
1451 2547 1494 2600 si
1519 2547 1573 2600 in
1593 2545 1962 2602 incredulitate

373 2647 765 2708 permanerent,
801 2638 998 2692 nullam
1049 2638 1148 2691 sibi
1195 2639 1248 2691 itt
1297 2647 1569 2706 posterum
1612 2636 1783 2692 venite
1813 2651 1962 2705 spent

374 2729 630 2800 reliquam
660 2728 892 2783 lacerent
921 2746 935 2782 :
970 2736 1028 2782 ut
1055 2728 1146 2798 qui
1173 2727 1335 2782 etiam
1378 2727 1483 2782 illis
1521 2743 1640 2797 quae
1668 2725 1799 2780 alias
1823 2727 1964 2782 reci-

375 2835 503 2890 pere
530 2819 797 2886 vidcntur,
828 2819 986 2874 ﬁdem
1020 2820 1072 2873 in
1098 2834 1248 2874 suam
1281 2819 1526 2889 ipsorum
1558 2818 1844 2888 perniciem
1871 2815 1964 2871 abs

333 2933 337 2940 ί
377 2921 647 2985 rogarent.
687 2912 788 2969 Ubi
840 2915 999 2984 igitur
1047 2911 1252 2967 Novum
1301 2911 1702 2966 Testamentum
1749 2924 1964 2965 suarum

375 3021 440 3062 ac
465 3015 706 3062 veterum
736 3007 908 3075 legunt
939 3005 1186 3060 eumdem
1227 3011 1504 3058 auctorem
1549 3017 1672 3058 esse
1704 3001 1966 3057 testatur?

378 3098 444 3153 Et
475 3097 596 3152 alibi
625 3096 838 3167 quidem
865 3111 970 3150 non
1004 3110 1108 3150 uno
1133 3095 1253 3149 loco
1279 3112 1292 3148 :
1327 3108 1425 3148 nos
1456 3103 1632 3148 tamen
1658 3092 1779 3147 data
1803 3107 1964 3161 Opera

378 3203 496 3242 eam
551 3196 728 3241 textus
777 3195 980 3255 partem
1029 3185 1380 3250 adducemus,
1413 3198 1530 3252 qua:
1557 3183 1639 3236 vel
1695 3183 1746 3236 in
1799 3181 1966 3236 Mani-

383 3278 652 3331 chaeorum
684 3275 957 3330 codicibus
987 3274 1242 3329 hactenus
1265 3274 1461 3328 mansit
1487 3271 1788 3326 incolumis.
1811 3271 1969 3340 Qua:-

380 3386 502 3425 nam
542 3369 694 3424 haec?
737 3369 902 3422 Dicite
923 3369 1066 3434 mihi,
1099 3367 1287 3439 inquit,
1311 3366 1396 3436 qui
1422 3365 1513 3420 sub
1538 3366 1646 3437 lege
1665 3364 1815 3419 vultis
1839 3382 1964 3430 esse,

384 3463 542 3533 legent
569 3477 670 3516 non
695 3461 950 3515 audistis?
993 3460 1128 3530 quod
1159 3459 1415 3513 Abraham
1443 3459 1570 3512 duos
1596 3459 1729 3526 ﬁlios
1753 3457 1964 3510 hubmt:

385 3567 625 3610 unutnea:
652 3555 860 3619 ancilla,
887 3553 1104 3607 alterum
1146 3569 1174 3608 c
1219 3553 1374 3607 libera
1424 3550 1566 3623 (Gal.
1612 3552 1666 3606 4.
1709 3550 1800 3605 21.
1831 3551 1964 3622 ‘22)?

383 3647 712 3703 Audiverunt
732 3646 967 3702 haeretici
991 3662 1151 3701 untttn
1175 3645 1424 3700 habuisse
1445 3660 1511 3700 ex
1534 3645 1728 3700 ancilla
1746 3655 1826 3708 ,et
1847 3662 1969 3700 con-

385 3738 559 3793 festim
578 3748 926 3794 accurrerunt
951 3756 965 3792 :
997 3737 1096 3792 rati
1124 3737 1266 3791 enim
1296 3736 1379 3791 his
1401 3736 1578 3792 verbis
1597 3737 1728 3807 legis
1747 3751 1969 3791 accusa-

385 3833 580 3885 tionem
605 3831 886 3894 contineri,
909 3829 1129 3886 rcseetis
1148 3831 1621 3900 consequentibus,
1642 3831 1782 3884 illam
1813 3846 1970 3885 accu-

383 3925 644 3978 sationem
663 3923 894 3978 retincut
909 3923 1010 3978 sibi
1031 3923 1469 3992 patrocinantem.
1487 3925 1596 3993 Age
1615 3923 1772 3992 igitur
1787 3937 1848 3974 ex
1873 3923 1970 3977 hoc

385 4017 501 4086 ipso
552 4016 671 4071 loco
721 4014 1069 4070 ostendamus
1121 4015 1369 4068 eumdem
1421 4030 1541 4069 esse
1589 4015 1967 4084 legis-latorem.

385 4108 640 4162 Abraham
675 4107 804 4161 duos
845 4105 981 4175 ﬁlios
1019 4105 1212 4170 habuit,
1248 4122 1403 4160 unum
1434 4122 1496 4160 ea:
1522 4104 1730 4170 ancilla,
1757 4105 1968 4158 alterunt

385 4206 656 4260 erlihera.
713 4205 835 4259 "(ec
871 4215 1046 4258 autem
1094 4211 1238 4265 sunt,
1288 4203 1486 4272 inquit,
1533 4219 1626 4273 per
1650 4201 1975 4273 allegoriam

389 4294 528 4358 dicta
557 4293 656 4361 (Ib.
686 4311 732 4348 e.
764 4296 876 4363 Ἡ).
911 4293 1051 4360 Quid
1071 4302 1175 4356 est,
1210 4291 1310 4346 Per
1338 4292 1653 4362 allegoriam
1677 4292 1863 4346 dicta?
1890 4289 1978 4346 Fi-

385 4394 530 4448 gurte
561 4396 768 4441 eorum,
801 4398 916 4448 qua:
947 4383 1046 4434 sub
1087 4384 1251 4451 gratia
1282 4393 1618 4451 gererentur,
1650 4393 1803 4438 erant
1827 4399 1971 4454 qua:-

385 4488 613 4542 cttmque
635 4473 734 4527 sub
758 4472 896 4542 Lege
925 4475 1139 4530 ﬁebant.
1174 4476 1321 4529 Sicut
1353 4476 1497 4528 enim
1551 4477 1658 4530 illic
1700 4476 1820 4530 duae
1852 4494 1969 4530 tuu-

389 4564 568 4630 lieres,
602 4563 671 4616 ita
704 4562 790 4618 hic
816 4563 924 4620 duo
963 4565 1322 4620 Testamenta.
1373 4565 1603 4619 Primum
1649 4567 1702 4620 in
1753 4567 1853 4620 hoc
1882 4585 1974 4635 ειν-

387 4663 539 4724 paret
562 4656 807 4726 cognatio
853 4656 980 4711 Novi
1030 4672 1150 4711 cum
1187 4657 1396 4719 Veteri,
1452 4657 1594 4727 quod
1642 4657 1731 4712 illa
1781 4658 1970 4712 hotutn

389 4747 570 4816 ﬁgura:
598 4758 768 4803 erant.
799 4749 990 4819 Figura
1018 4750 1159 4805 enim
1190 4751 1400 4805 veritati
1432 4767 1535 4806 non
1569 4753 1836 4806 contraria
1867 4765 1969 4817 est,

387 4837 479 4891 sed
506 4849 749 4908 cognata.
779 4839 930 4908 Quod
957 4841 1001 4896 si
1036 4841 1238 4896 Veteris
1266 4842 1406 4896 illius
1450 4842 1588 4897 Deus
1632 4841 1764 4897 Navi
1791 4843 1972 4913 .hujus

391 4929 498 4984 Deo
535 4931 837 4986 contrarius
865 4937 1028 4996 esset,
1061 4931 1606 5039 haudquaquamer
1633 4934 1750 4989 illas
1788 4935 1975 4989 mulie-

391 5020 628 5039 μην
689 5038 716 5039 η
1257 5023 1284 5039 ,.
1521 5036 1530 5039 _
1593 5024 1629 5039 Α
1728 5025 1740 5039 .
1824 5026 1937 5039 .

388 5034 474 5075 res
503 5020 629 5074 Novi
673 5023 1090 5091 prmcellentiam
1145 5020 1556 5093 pru'iigurassi'l.
1589 5024 1742 5092 Quod
1793 5026 1837 5080 si
1889 5026 1974 5082 ille

387 5112 766 5183 prteﬁguravit,
802 5129 896 5183 par
925 5124 1042 5169 erat
1084 5115 1303 5170 Paulum
1335 5131 1439 5169 non
1469 5117 1612 5171 abttti
1643 5116 1739 5171 hac
1784 5116 1973 5188 ﬁgura.

386 5205 481 5259 Sin
512 5218 689 5259 autent
721 5205 922 5271 dicant,
955 5206 1093 5275 qttod
1125 5206 1191 5260 ιιι]
1218 5206 1494 5262 Jutlaieatn
1525 5207 1884 5263 infirmitatem
1914 5225 1975 5264 se

386 5295 676 5350 detnittens
705 5295 806 5350 hoc
840 5297 1085 5362 faciebat,
1118 5299 1400 5367 Oportebat
1431 5315 1551 5354 eunt
1580 5302 1741 5355 etiam
1773 5300 1976 5355 Cnet-is

390 5389 768 5456 pra-tlieantem
821 5390 1014 5459 ﬁguras
1054 5392 1365 5446 (ira-corum
1408 5392 1684 5460 adhibere,
1711 5401 1765 5448 et
1792 5407 1971 5448 rerum

388 5478 526 5548 apud
555 5479 773 5532 Graecos
800 5491 1068 5550 gestarum
1103 5481 1352 5537 historias
1392 5498 1834 5540 commemorare.
1867 5483 1971 5540 Sed

384 5568 488 5625 hoc
527 5585 786 5639 nusquam
834 5572 975 5637 fecit,
1016 5583 1070 5627 et
1110 5575 1322 5628 merito.
1369 5575 1459 5630 llla
1502 5577 1644 5631 enim
1677 5576 1807 5632 nihil
1850 5593 1970 5632 cum

383 5670 603 5717 veritate
643 5677 929 5720 commune
978 5662 1264 5730 habebant,
1297 5666 1410 5720 haec
1454 5678 1631 5722 autent
1686 5667 1776 5722 Dei
1829 5667 1973 5738 leges

383 5764 554 5822 erant,
578 5764 631 5811 et
661 5756 878 5812 oracula
987 5778 1000 5814 :
1067 5770 1400 5831 quapropter
1464 5780 1656 5836 magna
1722 5757 1974 5832 cognatio

1007 329 1094 390 DE
1137 329 1380 389 VERBIS
1421 327 1771 397 APOSTOLI,
1815 317 1964 384 HABI

2070 321 2180 386 ΓΕΒ
2215 330 2497 386 ΕυΜῡΕΜ
2537 327 2877 384 SPlRlTUM.
2922 317 2987 382 ΙΙ.

2709 201 2738 211 κ

3521 327 3623 382 ρει)

2057 441 2336 499 veteribus
2385 440 2490 494 illis
2542 455 2665 494 cum
2714 439 2865 494 Novo
2913 436 3262 495 Testamento
3314 439 3621 494 intercedit.

2128 535 2179 591 6.
2204 537 2580 604 Argumentum
2608 534 2887 586 secundant
2913 547 2979 586 ea:
3007 534 3188 587 eatle-n
3225 532 3469 585 historia.
3507 531 3627 584 Non

2065 629 2213 696 pauci
2241 628 2291 680 in
2333 625 2494 680 Veteri
2522 625 2841 680 Testamento
2865 643 3037 680 amore
3062 627 3218 689 ducti,
3253 644 3352 680 non
3375 629 3645 684 timore.—

2065 719 2300 774 Printum
2324 719 2482 788 igitur
2507 728 2877 789 argumentum
2899 718 2999 774 hoc
3024 729 3126 785 e51,
3154 720 3316 775 Vetus
3336 719 3648 777 Testamen-

2066 812 2174 866 tum
2209 811 2380 864 modis
2404 810 2651 866 omnibus
2678 825 2797 865 cum
2825 810 2972 866 Novo
2999 826 3326 867 consonare:
3356 813 3649 868 secundum

2061 909 2239 957 autem
2293 901 2382 954 illo
2435 917 2540 955 non
2594 900 2804 966 minus,
2855 916 2917 956 ex
2973 901 3084 970 ipsa
3131 902 3353 957 historia
3399 905 3645 959 sumitur.

2060 990 2521 1058 Quemadmodum
2549 992 2692 1046 enim
2725 1001 2851 1047 tunc
2877 991 2998 1048 duae
3030 993 3284 1050 mulieres
3317 1004 3472 1051 erant
3494 997 3649 1052 unius

2062 1084 2189 1138 viri:
2222 1084 2292 1137 ita
2324 1097 2463 1139 nunc
2505 1083 2610 1138 duo
2649 1083 2988 1140 Testamenta
3022 1085 3178 1140 unius
3222 1087 3574 1157 legislatoris;
3603 1092 3647 1143 si

2061 1176 2205 1231 enim
2231 1175 2366 1231 alius
2395 1185 2539 1232 esset
2558 1176 2688 1232 Novi
2711 1208 2726 1241 -,
2749 1177 2884 1232 alius
2913 1177 3119 1233 Veteris
3149 1219 3164 1244 ,
3197 1193 3646 1248 supervacaneum

2061 1275 2177 1321 erat
2205 1266 2341 1322 hanc
2372 1267 2646 1322 historiam
2669 1267 2954 1324 adducere.
2983 1268 3164 1339 Neque
3189 1271 3332 1324 enim
3363 1272 3524 1326 alium
3557 1271 3651 1325 hac

2064 1359 2221 1414 bebat
2242 1360 2372 1414 Sara
2409 1361 2601 1424 virum,
2632 1359 2796 1415 alium
2828 1361 2996 1430 Agar;
3035 1360 3129 1415 sed
3162 1370 3384 1432 utraque
3411 1377 3572 1418 unum
3596 1374 3653 1419 et

2061 1451 2531 1523 eumdem.ltaque
2554 1451 2782 1508 dicendo
2813 1493 2828 1518 ,
2871 1451 2996 1506 llas:
3029 1454 3160 1506 enim
3195 1463 3312 1507 sunt
3347 1454 3450 1508 duo
3473 1452 3650 1510 Testa-

2061 1553 2228 1600 menta
2279 1543 2446 1615 (Gal.
2475 1546 2530 1600 4.
2568 1545 2638 1600 ει
2665 1545 2683 1615 )
2710 1587 2725 1612 ,
2759 1545 2887 1600 nihil
2943 1545 3085 1600 aliud
3133 1545 3263 1600 dicit
3306 1562 3464 1617 quam
3509 1549 3651 1619 quod

2061 1634 2310 1690 eumdem
2341 1635 2569 1690 habeant
2593 1635 2976 1706 legis-latorem,
3007 1636 3143 1690 sient
3167 1637 3269 1691 illa:
3293 1652 3460 1692 unum
3479 1638 3649 1696 virum

2064 1725 2358 1781 Abraham.
2398 1725 2505 1782 Sed
2535 1727 2704 1782 altera
2735 1727 2948 1797 quidem
2976 1737 3090 1782 erat
3117 1742 3270 1782 serva
3295 1767 3310 1794 ,
3333 1730 3500 1784 altera
3523 1743 3654 1786 vero

2063 1818 2251 1874 libera.
2271 1818 2406 1886 Quid
2426 1819 2574 1874 tum?
2599 1818 2857 1874 hactenus
2885 1819 3026 1872 enim
3049 1821 3405 1889 qua-rebatur,
3427 1837 3495 1876 an
3517 1838 3655 1878 unus

2064 1908 2340 1978 utriusque
2379 1908 2449 1964 sit
2497 1909 2785 1980 legislator.
2832 1907 3111 1978 Recipiant
3155 1909 3315 1980 igitur
3342 1911 3488 1980 prius
3516 1912 3652 1980 hoc,

2063 2012 2127 2052 ac
2182 2007 2291 2052 tum
2349 1999 2565 2052 demmn
2621 1999 2686 2054 ad
2751 1998 2877 2054 illud
2943 1999 3170 2054 alterum
3222 1999 3303 2055 eis
3364 2003 3659 2072 responde-

2067 2093 2259 2147 bimus.
2305 2093 2360 2148 Si
2416 2095 2556 2148 euint
2607 2109 2700 2149 eos
2750 2095 2852 2149 hoc
2907 2105 2964 2148 ιιι
3023 2094 3340 2162 admittant,
3387 2111 3450 2151 ac
3498 2098 3655 2152 nobis

2066 2186 2428 2242 assentiamur
2456 2230 2470 2254 ,
2519 2189 2759 2259 coegeris
2787 2230 2802 2254 ,
2847 2189 3155 2244 universum
3197 2190 3412 2245 illorum
3457 2191 3651 2262 dogma

2065 2287 2301 2332 corruet.
2351 2277 2642 2347 Comperto
2682 2278 2824 2334 enim
2873 2281 3033 2334 etiam
3076 2279 3283 2336 Veteris
3324 2282 3654 2339 Testamenti

2065 2367 2313 2422 eumdem
2345 2369 2702 2440 legislatorent
2733 2384 2854 2426 esse
2885 2411 2899 2434 .
2942 2371 3080 2425 sicut
3121 2386 3308 2428 revera
3338 2383 3420 2427 est
3445 2411 3460 2440 ,
3495 2374 3655 2430 ﬁnem

2069 2459 2282 2515 habebit
2307 2460 2482 2514 omnis
2513 2460 2725 2515 illorum
2753 2461 3028 2516 nobiscum
3070 2464 3456 2518 controversia.
3501 2467 3654 2520 Atta-

2069 2566 2192 2606 men
2237 2567 2304 2606 ne
2345 2553 2428 2606 vel
2468 2551 2591 2606 hinc
2631 2552 2914 2608 turbemini
2940 2585 2957 2619 ,
2999 2552 3338 2609 advertamus
3379 2555 3659 2627 diligenter

2069 2641 2184 2696 haec
2211 2642 2393 2696 verba.
2426 2641 2540 2696 Non
2569 2643 2711 2697 enim
2739 2643 2872 2697 dixit
2896 2684 2912 2710 ,
2945 2642 3058 2699 Una
3083 2643 3301 2714 quidem
3343 2660 3496 2700 serva
3514 2687 3529 2710 ,
3552 2662 3656 2701 una

2068 2746 2197 2787 vero
2226 2731 2431 2788 libera:
2459 2732 2553 2788 sed
2581 2773 2598 2798 ,
2633 2732 2748 2788 Una
2787 2733 2988 2804 quidem
3017 2733 3072 2786 in
3117 2734 3402 2788 servitutem
3447 2737 3658 2806 gignens

2069 2822 2255 2894 (Ibid.)
2289 2841 2302 2878 :
2335 2838 2433 2878 nec
2457 2825 2634 2878 statim
2663 2839 2816 2880 serva
2838 2833 2919 2880 est
2946 2865 2960 2889 ,
2999 2840 3119 2895 qua:
3149 2825 3200 2880 in
3227 2827 3540 2882 servitutem
3571 2829 3653 2899 gi-

2067 2914 2184 2985 gnit
2207 2933 2219 2969 :
2245 2915 2423 2970 ethoc
2451 2917 2620 2985 ipsum
2646 2918 2712 2971 ad
2733 2918 3044 2972 servitutem
3061 2927 3241 2974 natum
3267 2934 3512 2976 essenon
3541 2936 3656 2976 mae

2071 3005 2167 3059 tris
2218 3015 2303 3060 est
2366 3007 2616 3075 crimen,
2665 3009 2760 3063 sed
2810 3009 3147 3078 parvulorum
3193 3012 3284 3081 qui
3341 3024 3653 3068 nascuntur.

2069 3097 2331 3165 Quoniam
2359 3100 2502 3154 enim
2547 3115 2641 3154 sua
2677 3101 2876 3155 malitia
2908 3102 3114 3172 seipsos
3145 3103 3388 3160 libertate
3415 3107 3658 3178 privavco

2072 3201 2196 3246 runt
2225 3231 2240 3258 ,
2272 3201 2328 3247 et
2363 3207 2394 3247 a
2429 3193 2551 3262 jure
2593 3193 2933 3262 ingenuitatis
2963 3194 3276 3250 exciderunt
3307 3239 3322 3262 ,
3365 3213 3470 3250 non
3500 3213 3654 3254 secus

2070 3298 2228 3354 quam
2261 3283 2498 3353 ingratos
2526 3297 2714 3339 servos
2743 3284 2988 3339 tractavit
3011 3299 3107 3339 eos
3143 3286 3282 3341 Deus
3313 3320 3329 3353 ,
3365 3295 3570 3343 terrore
3595 3306 3656 3344 ac

2072 3376 2230 3429 minis
2263 3376 2549 3446 castigans.
2581 3375 2720 3445 Quin
2761 3386 2818 3432 et
2853 3376 3010 3432 hodie
3049 3379 3198 3432 multi
3242 3389 3419 3449 patres
3459 3381 3657 3435 liberas

2071 3481 2198 3521 suos
2221 3481 2324 3522 non
2358 3477 2413 3522 ut
2435 3466 2593 3534 ﬁlios,
2625 3467 2719 3523 sed
2744 3476 2801 3522 ut
2826 3483 3012 3523 servos
3049 3479 3194 3524 metu
3224 3479 3508 3526 coemant:
3538 3486 3657 3541 qua:

2071 3561 2224 3630 culpa
2257 3576 2360 3615 non
2388 3570 2665 3630 parentant
2688 3571 2790 3629 est,
2830 3561 2925 3618 sed
2952 3564 3199 3628 ﬁliorum,
3229 3565 3318 3634 qui
3347 3580 3506 3620 causa
3546 3568 3658 3622 lues

2073 3661 2197 3708 runt
2225 3653 2534 3723 parentibus
2558 3661 2613 3707 ut
2634 3654 2884 3710 servilem
2915 3654 2965 3708 iu
3001 3654 3214 3710 modum
3255 3657 3321 3711 ab
3349 3657 3426 3711 eis
3451 3657 3654 3713 educa-

2072 3754 2275 3799 rentur.
2302 3744 2566 3800 Eumdem
2594 3743 2660 3798 ad
2687 3745 2905 3800 modum
2943 3747 3104 3800 etiam
3136 3748 3274 3803 Deus
3302 3748 3422 3817 ejus
3449 3759 3660 3820 tempo-

2073 3837 2146 3890 ris
2168 3836 2422 3906 populum
2449 3829 2742 3890 terroribus
2767 3851 2830 3892 ac
2861 3837 3034 3906 pmnis
3059 3838 3356 3902 erudiebat,
3376 3856 3480 3894 nou
3499 3842 3657 3896 aliter

2074 3939 2231 3993 quam
2282 3926 2479 3979 nullius
2522 3925 2686 3994 frugis
2727 3940 2981 3989 servum;
3035 3943 3134 3980 nec
3185 3935 3361 3980 tamen
3408 3928 3521 3983 It.t-c
3567 3931 3662 3985 Del

2073 4016 2226 4084 culpa
2255 4015 2370 4080 fuit,
2400 4015 2660 4086 autin-gis,
2691 4016 2783 4070 sed
2805 4015 3111 4070 Judarorum
3162 4019 3526 4085 respuentium
3557 4018 3664 4074 ire.

2075 4122 2232 4171 ttunt,
2266 4116 2320 4162 et
2345 4106 2545 4161 duriori
2575 4107 2730 4162 freno
2755 4123 2889 4177 opus
2927 4107 3256 4163 habentium.
3297 4110 3568 4181 Siquidem
3605 4113 3658 4168 in

2077 4198 2192 4268 ipso
2217 4196 2394 4253 Veteri
2415 4197 2757 4253 Testamento
2777 4199 2972 4255 multos
3003 4201 3240 4270 reperire
3267 4201 3409 4266 licet,
3433 4204 3520 4272 qui
3552 4216 3659 4261 non

2074 4290 2142 4345 ad
2177 4291 2420 4346 eamdem
2460 4293 2566 4346 sint
2609 4292 2761 4346 tracti
2801 4291 3133 4362 disciplinam
3163 4329 3176 4355 ,
3215 4304 3272 4348 ut
3295 4295 3421 4349 Abel
3450 4337 3465 4361 ,
3500 4297 3610 4350 Noe.
3646 4340 3659 4356 ,

2076 4380 2343 4436 Abraham
2373 4424 2388 4449 ,
2414 4381 2592 4449 Isaac,
2621 4381 2786 4437 Jacttb
2805 4425 2819 4445 ,
2845 4382 3044 4452 .loscph
3063 4419 3078 4450 ,
3100 4383 3272 4438 Moses
3291 4426 3303 4446 ,
3335 4385 3478 4439 lilias
3500 4428 3514 4451 ,
3548 4386 3655 4440 Eli.

2076 4488 2216 4526 sa'us
2243 4513 2257 4535 ,
2287 4480 2342 4527 et
2367 4486 2555 4527 mnues
2583 4473 2674 4541 qtti
2718 4471 2850 4526 Novi
2897 4471 3224 4527 Testamenli
3259 4474 3498 4529 instituta
3537 4488 3656 4529 sunt

2077 4563 2344 4617 :emulati:
2375 4579 2482 4617 non
2527 4563 2668 4618 cnim
2708 4572 2915 4618 terrore
2946 4578 3010 4618 ac
3047 4564 3239 4634 pennis,
3286 4582 3382 4618 nec
3411 4567 3570 4620 minis
3599 4573 3659 4620 ad

2079 4657 2307 4723 mttlctis,
2340 4656 2434 4712 sed
2465 4671 2649 4711 amore
2675 4656 2766 4711 Dei
2794 4697 2809 4723 ,
2844 4667 2897 4711 et
2926 4656 3152 4711 ferventi
3181 4673 3306 4727 erga
3344 4657 3490 4712 illum
3532 4659 3651 4714 aﬁ'e-

2078 4749 2255 4802 ctione
2287 4747 2420 4802 tales
2439 4762 2563 4817 erga
2594 4748 2757 4802 Deum
2798 4756 2922 4803 sunt
2959 4748 3151 4802 redditi
3174 4790 3186 4810 ,
3216 4749 3398 4818 quales
3425 4748 3660 4804 fuerunt.

2079 4840 2192 4894 Non
2219 4839 2360 4893 enim
2387 4853 2522 4909 opus
2549 4839 2813 4894 habebant
2839 4839 3123 4906 mandatis,
3146 4854 3317 4907 neque
3336 4841 3664 4911 pra-scriptis

2079 4941 2134 4986 et
2162 4931 2389 5002 legibus,
2422 4940 2478 4984 ut
2503 4931 2753 4985 virtutem
2791 4941 3127 4986 sectarentur
3149 4945 3213 4984 ac
3233 4931 3358 4984 vitia
3392 4930 3661 5001 fugerent:

2079 5023 2173 5078 sed
2203 5033 2260 5078 ut
2286 5023 2498 5093 ingenui
2529 5033 2582 5078 et
2626 5022 2828 5076 liberali
2873 5023 3087 5093 ingenio
3130 5021 3219 5076 Silii
3246 5064 3260 5088 ,
3301 5031 3662 5091 agnoscentes

2079 5131 2229 5170 suam
2259 5115 2645 5180 conditionem,
2674 5114 2874 5185 absque
2900 5124 3044 5168 metu
3072 5114 3180 5168 ullo
3198 5122 3288 5167 aut
3310 5113 3663 5184 castigatione

2083 5210 2134 5262 in
2158 5209 2369 5262 virtutis
2395 5221 2567 5264 eaStra
2599 5223 2658 5262 se
2688 5207 3027 5262 contulerunt
3052 5225 3065 5262 :
3093 5207 3356 5276 reliquum
3387 5222 3517 5260 vero
3543 5207 3660 5259 vul-

2079 5315 2178 5370 gus
2219 5298 2524 5354 Judaeorum
2558 5341 2574 5366 ,
2611 5300 2860 5370 quoniam
2909 5301 2974 5352 ad
3024 5298 3280 5352 malitiam
3324 5296 3663 5364 defecerant,

2084 5392 2218 5462 legis
2257 5391 2409 5448 freno
2458 5393 2764 5446 necessario
2808 5390 3090 5446 coercendi
3144 5391 3374 5445 luerunt.
3429 5389 3662 5460 Ideoque

2081 5495 2362 5557 postquam
2398 5485 2620 5539 vitulum
2668 5487 2935 5540 ﬁnxerunt
2964 5525 2978 5550 ,
3010 5492 3063 5538 et
3110 5483 3356 5554 sculptile
3405 5484 3665 5540 adorare-

2083 5586 2236 5642 runt,
2263 5585 2374 5630 tum
2401 5574 2616 5630 demum
2644 5574 2947 5639 audierunt,
2979 5572 3228 5628 Dominus
3255 5573 3388 5627 Deus
3419 5585 3533 5628 tuus
3560 5573 3664 5628 Do-

2084 5669 2251 5721 minus
2279 5684 2409 5721 unus
2437 5669 2549 5738 est(
2576 5665 2724 5720 Deut.
2749 5665 2802 5721 6.
2830 5666 2865 5720 6
2891 5668 2944 5734 );
2978 5673 3323 5735 posteaquam
3351 5665 3529 5720 caedes
3570 5682 3658 5736 pa-

2091 5769 2361 5816 trsvcruut
2425 5768 2478 5813 et
2536 5773 2729 5813 usores
2782 5757 3012 5828 proximi
3085 5765 3501 5829 stuprati-erunt,
3543 5761 3666 5810 tunc
