4110 6198
472 362 573 418 287

475 474 789 529 audin-runt
819 514 833 535 ,
866 470 981 525 Non
1015 469 1206 525 occides
1237 512 1252 536 ,
1286 488 1385 525 non
1409 469 1768 525 nurchaberis:
1799 478 1851 523 et
1887 468 2044 522 simili

475 562 636 619 modo
658 565 857 631 reliqua
885 562 1079 615 omnia.

508 677 523 692 ι
547 657 600 709 7.
633 658 811 723 Itaque
845 667 954 706 non
987 661 1073 706 est’
1109 651 1426 721 vituperium
1471 651 1606 721 legis
1630 649 1771 721 quod
1799 649 1977 719 puniat
1997 656 2049 700 et

474 748 696 801 mulctet
717 785 732 810 ,
761 754 815 800 et
839 754 1030 799 Servos
1051 744 1193 805 velut
1222 743 1495 814 improbos
1523 744 1772 798 emendet
1795 758 1859 797 ac
1883 741 2046 796 casti-

475 846 583 907 get,
611 837 704 892 sed
736 837 1058 907 praeconium
1088 837 1311 906 insigne,
1346 852 1442 891 nec
1471 835 1702 906 vulgaris
1732 835 1845 888 laus
1865 875 1879 899 ,
1907 832 2046 902 quod

476 945 571 985 eos
595 931 681 999 qui
702 928 769 984 ad
796 939 1087 984 extremam
1116 930 1371 983 malitiam
1407 928 1636 997 prolapsi
1662 926 1869 981 fuerant
1898 965 1912 991 ,
1949 939 2046 994 po-

478 1022 635 1075 tuerit
664 1022 952 1075 severitate
996 1035 1092 1075 sua
1131 1020 1356 1074 liberare
1386 1035 1414 1072 a
1444 1020 1583 1073 vitiis
1604 1060 1619 1083 ,
1652 1018 1970 1086 tnollircque
1996 1024 2048 1069 ct

477 1118 830 1182 obsequentes
876 1112 1058 1182 gratim
1118 1112 1324 1173 facere,
1365 1121 1522 1179 atque
1573 1109 1638 1163 ad
1676 1124 1866 1163 novam
1914 1107 2049 1162 hanc

480 1204 1129 1274 pliilcsophiamceuviam
1155 1203 1434 1272 quamdam
1457 1212 1713 1258 sternere.
1735 1200 1886 1256 idem
1907 1201 2047 1255 enim

478 1298 705 1367 Spiritus
738 1306 862 1351 tum
907 1296 960 1350 in
1001 1295 1176 1350 Veteri
1224 1293 1602 1356 Testamento,
1640 1302 1752 1347 tum
1804 1292 1855 1345 in
1905 1290 2049 1345 Novo

480 1388 824 1460 dispensabat
874 1385 1051 1442 omnia
1079 1427 1094 1452 ,
1144 1386 1267 1441 licet
1303 1385 1515 1440 diverso
1552 1384 1729 1439 modo.
1763 1384 2047 1451 Propterea

481 1482 673 1535 Paulus
686 1479 893 1534 diccbat
912 1494 928 1533 :
946 1477 1193 1531 (labentes
1210 1486 1375 1530 autem
1394 1476 1621 1530 eumdem
1638 1474 1885 1543 Spiritum
1907 1473 2047 1541 ﬁdei,

480 1571 607 1622 sunt
631 1571 870 1639 scriptum
902 1579 971 1622 est
989 1609 1002 1629 .
1023 1567 1248 1632 Credidi,
1282 1575 1486 1637 propter
1508 1564 1642 1635 quod
1664 1565 1897 1635 loquutus
1917 1580 2045 1617 sum.

557 1664 751 1714 lterum
779 1661 999 1730 probitas
1024 1675 1135 1712 cum
1161 1658 1281 1726 ﬁdei
1298 1656 1582 1710 sinceritate
1586 1655 1867 1726 jungenda.
1878 1655 2054 1712 t—Ncc

480 1759 648 1803 sutum
679 1761 896 1820 propter
924 1749 1022 1803 hoc
1048 1748 1203 1810 dixit,
1241 1746 1488 1800 Enmdem
1507 1747 1761 1815 spiritum,
1780 1739 1875 1799 sed
1900 1751 1954 1796 et
1979 1742 2054 1798 ob

479 1848 633 1898 etiam
673 1859 778 1897 non
810 1843 1061 1896 leviorem
1094 1853 1307 1893 causam
1338 1878 1351 1897 .
1373 1853 1531 1907 quam
1565 1836 1806 1890 volebam
1836 1834 2053 1904 quidem

483 1948 623 1990 nunc
667 1932 895 1996 afferre;
926 1930 1018 1985 sed
1068 1929 1271 1984 veritus
1317 1942 1381 1980 ne
1421 1925 1660 1996 pluribus
1702 1922 1901 1994 gravati
1943 1923 2051 1990 jam

479 2030 738 2080 rhetorum
765 2020 1168 2080 obliviscamini,
1198 2020 1249 2072 in
1267 2018 1422 2072 aliam
1446 2017 1586 2072 diem
1614 2014 1761 2070 vobis
1790 2030 1910 2068 cum
1939 2028 2050 2067 ser-

481 2132 688 2171 monem
712 2114 936 2169 servabo
960 2154 973 2177 ,
1005 2112 1211 2166 interim
1236 2110 1508 2174 hortatus,
1542 2116 1598 2161 ut
1623 2114 1941 2178 praesentem
1972 2114 2053 2159 to-

479 2220 590 2262 tum
618 2208 666 2261 in
697 2205 1007 2261 memoriam
1043 2201 1337 2257 recondatis
1371 2243 1385 2265 ,
1419 2211 1577 2269 atque
1614 2199 1897 2268 diligenter
1924 2197 2048 2251 reti-

483 2298 652 2351 neatis
690 2338 704 2359 ,
740 2305 901 2365 utque
948 2296 1170 2347 virtutes
1219 2291 1545 2346 Christianas
1581 2304 1702 2344 cum
1751 2287 2053 2358 dogmatum

489 2390 710 2458 puritate
746 2386 1114 2456 eonjungatis:
1152 2382 1218 2438 Ut
1258 2384 1329 2436 sic
1361 2383 1449 2447 [itu
1473 2381 1663 2450 integer
1691 2379 1838 2432 homo
1870 2377 1963 2432 Dei
1990 2377 2058 2430 ad

486 2497 630 2534 omne
652 2495 777 2549 Opus
800 2478 980 2530 bonttm
1002 2482 1316 2544 prtzparatus
1341 2472 1415 2543 (Ξ.
1440 2470 1569 2524 Tim.
1597 2471 1649 2524 5.
1675 2467 1757 2539 17)
1784 2467 2058 2537 :quaudo—

484 2572 695 2641 quidem
737 2566 866 2620 nihil
918 2566 1068 2618 nobis
1113 2562 1369 2633 profuerit
1415 2570 1558 2615 recte
1602 2560 1800 2615 sentire
1829 2598 1844 2622 ,
1871 2559 1913 2612 si
1953 2558 2057 2611 vita

484 2656 693 2713 interim
732 2657 891 2711 fuerit
919 2656 1070 2710 malis
1099 2655 1336 2709 moribus
1366 2653 1544 2706 vitiata
1569 2669 1582 2705 :
1615 2648 2056 2720 quemadmodum

484 2759 669 2808 contra
692 2748 817 2802 nihil
847 2747 1061 2817 prodest
1090 2747 1191 2798 vita
1221 2744 1525 2813 incorrupta
1544 2784 1561 2810 ,
1600 2742 1699 2797 nisi
1738 2739 1958 2797 accedat
1993 2741 2056 2793 li-

490 2837 573 2890 .ei
600 2853 807 2909 quoque
831 2837 1125 2892 sinceritas.
1174 2834 1240 2890 Ut
1268 2834 1423 2904 igitur
1464 2834 1722 2902 integram
1776 2830 2057 2886 utilitatem

485 2942 873 2997 consequamur
899 2968 913 2992 ,
943 2927 1189 2994 utrinque
1218 2924 1368 2979 nobis
1400 2922 1770 2992 provideamus
1801 2963 1816 2987 ,
1858 2920 2060 2975 fructus

483 3021 642 3074 etiam
669 3020 957 3088 generosos
998 3018 1050 3071 in
1093 3016 1209 3070 aliis
1255 3012 1620 3085 proferentes:
1650 3022 1848 3068 etcum
1877 3011 2061 3081 primis

485 3112 900 3180 eleemosynam,
920 3107 988 3163 de
1016 3124 1117 3178 qua
1145 3108 1303 3161 etiam
1333 3120 1501 3176 nuper
1528 3105 1593 3159 ad
1625 3118 1718 3159 vas
1741 3103 1904 3159 verba
1936 3103 2057 3169 feci,

484 3218 671 3273 inagna
696 3218 815 3256 cum
830 3201 1079 3272 largitate
1094 3211 1252 3269 atque
1271 3199 1541 3253 alacritate
1564 3197 1704 3251 illam
1723 3204 2058 3252 exercentes.

486 3294 586 3360 Qui
612 3294 756 3349 enim
794 3308 942 3362 parce
976 3292 1207 3353 srminat,
1232 3292 1305 3344 ait
1329 3290 1622 3359 Scriptura,
1654 3304 1803 3357 pane
1825 3296 1872 3340 et
1895 3295 2059 3340 metet:

480 3395 525 3439 et
550 3385 635 3457 qui
654 3384 862 3439 seminat
898 3382 950 3435 in
983 3380 1405 3435 benedictionibus
1432 3419 1449 3442 ,
1476 3378 1537 3431 de
1551 3375 1979 3432 benedictionibus
2004 3385 2053 3428 et

482 3486 624 3530 metet
648 3475 725 3544 (Ω.
750 3473 867 3529 Cor.
899 3472 1045 3539 9.6).
1064 3472 1197 3538 Quid
1226 3479 1324 3534 est,
1343 3469 1369 3522 Ι
1378 3488 1405 3522 ιι
1432 3467 1902 3523 benedictionibus?
1929 3466 2060 3521 Cum

486 3583 675 3637 magna
707 3566 971 3634 largitate.
1017 3563 1113 3617 llic
1156 3562 1370 3630 quidem
1417 3561 1469 3613 in
1520 3560 1678 3613 rebus
1722 3557 2064 3614 smcularihus

484 3669 589 3711 tam
622 3655 809 3710 messis
831 3668 988 3723 quam
1018 3652 1272 3707 sementis
1297 3649 1605 3706 earumdem
1637 3655 1718 3703 est
1757 3647 2018 3703 seminum
2048 3663 2060 3699 :

486 3762 607 3801 nam
639 3745 726 3815 qui
757 3744 887 3800 serit
916 3781 933 3809 ,
970 3742 1195 3796 triticum
1238 3750 1329 3795 aut
1369 3739 1628 3795 hordeum
1677 3739 1946 3805 seminat,
1975 3746 2065 3793 aut

482 3836 680 3907 aiiquid
718 3835 933 3901 simile,
969 3844 1024 3890 et
1052 3833 1140 3903 qui
1181 3834 1362 3900 metit,
1409 3832 1636 3903 idipsum
1666 3831 1854 3898 metit;
1900 3841 1955 3886 at
2002 3831 2055 3886 in

480 3931 826 4000 eleemosyna
861 3943 965 3981 non
1010 3926 1149 3981 idem
1181 3941 1278 3980 usu
1306 3924 1470 3979 venit.
1499 3922 1607 3979 Sed
1639 3922 1844 3994 spargis
1873 3937 2065 3993 argen-

485 4031 628 4084 tum,
659 4029 713 4075 et
734 4018 939 4089 colligis
970 4018 1212 4073 fiduciam
1240 4031 1366 4086 erga
1398 4015 1563 4070 Deum
1587 4032 1598 4067 :
1626 4015 1721 4069 das
1749 4012 2063 4084 pecuniam,

483 4122 539 4167 et
566 4111 763 4181 accipis
811 4109 1178 4165 remissionem
1229 4106 1836 4178 peccatorumzpratbes
1874 4120 2063 4176 panem

487 4218 550 4258 ac
578 4213 801 4266 vestem,
828 4210 881 4255 et
904 4214 1003 4269 pro
1029 4195 1112 4253 itis
1142 4213 1360 4268 regnum
1387 4199 1640 4253 caelorum
1664 4197 1768 4251 tibi
1802 4207 2015 4266 paratur
2047 4238 2061 4262 ,

484 4296 728 4362 bonaque
751 4290 837 4345 illa
868 4288 1090 4350 infinita,
1122 4304 1240 4358 qua:
1268 4303 1365 4344 nec
1392 4287 1576 4342 oculus
1601 4286 1767 4353 vidit,
1793 4302 1892 4342 nec
1919 4289 2065 4342 auris

484 4384 704 4450 audivit,
731 4397 826 4436 nec
849 4381 900 4434 in
918 4396 1011 4435 cor
1038 4381 1265 4433 hominis
1281 4380 1637 4434 ascenderunt
1658 4378 1733 4447 (1.
1758 4377 1876 4433 Cor.
1901 4380 1954 4432 2.
1981 4379 2063 4447 9):

485 4485 537 4530 et
564 4474 705 4543 quod
733 4482 814 4528 est
837 4472 1074 4525 omnium
1099 4471 1359 4525 bonorum
1388 4485 1593 4526 sumnta
1619 4510 1633 4533 ,
1667 4469 1857 4524 similis
1881 4469 2065 4525 efﬁce-

486 4566 559 4619 ris
588 4565 716 4629 Deo,
744 4571 1004 4632 quatenus
1034 4561 1085 4614 id
1116 4560 1315 4614 homini
1342 4570 1425 4615 est
1450 4560 1725 4629 possibile.
1763 4559 1896 4613 Nam
1937 4576 2057 4614 cum

484 4656 552 4708 de
597 4655 935 4722 eleemosyna
973 4662 1027 4705 et
1071 4650 1397 4719 benignitate
1443 4651 1781 4707 disseruisset
1828 4651 2067 4705 Christus

488 4744 795 4811 subjunxit:
825 4742 890 4797 Ut
921 4742 1203 4812 rﬁiciumiui
1230 4741 1419 4796 similes
1444 4741 1594 4797 Patri
1631 4754 1792 4798 vestro
1831 4745 2015 4799 cwlesti
2047 4785 2062 4809 ,

486 4834 570 4903 qui
614 4832 769 4888 sulem
807 4848 953 4887 suum
990 4832 1113 4885 oriri
1160 4833 1294 4894 iubet
1323 4849 1474 4904 super
1518 4834 1675 4888 titulos
1702 4850 1760 4886 ac
1786 4834 1941 4888 bonos
1968 4876 1983 4901 ,
2019 4844 2065 4889 et

493 4924 625 4995 pluit
654 4940 805 4992 super
829 4925 999 4993 justos
1027 4939 1086 4976 ac
1111 4923 1326 4993 injustas
1359 4923 1570 4995 (Mali/1.
1603 4925 1653 4979 5.
1687 4925 1756 4980 45
1779 4922 1817 4996 ).
1849 4925 1926 4979 Tu
1960 4942 2066 4980 non

486 5028 638 5088 potes
666 5017 793 5069 oriri
814 5015 1017 5083 jubere
1056 5015 1222 5069 solem
1257 5055 1271 5081 ,
1307 5030 1479 5083 neque
1510 5015 1707 5070 imbres
1734 5016 2018 5072 immittere
2047 5057 2062 5083 ,

487 5123 659 5179 neque
702 5107 971 5161 hencltcus
1004 5119 1127 5159 esse
1167 5105 1218 5158 in
1253 5104 1434 5158 orbem
1466 5115 1724 5160 terrarum
1770 5114 1875 5161 tam
1913 5107 2067 5178 longe

488 5201 695 5268 lateque
730 5204 998 5268 patentem
1024 5211 1039 5252 :
1069 5203 1218 5249 utere
1265 5194 1600 5249 facultatibus
1641 5197 1744 5251 tuis
1768 5197 1834 5252 ad
1867 5198 2064 5253 benefi-

484 5295 712 5347 centiam
738 5332 753 5356 ,
796 5298 851 5345 et
881 5288 1052 5343 factus
1070 5302 1130 5342 es
1154 5287 1342 5343 similis
1371 5286 1421 5341 ci
1444 5287 1530 5357 qui
1561 5289 1729 5342 solem
1757 5305 1907 5344 suum
1936 5292 2064 5346 oriri

481 5385 632 5455 jidiet
661 5423 677 5449 ,
704 5383 755 5436 in
778 5390 1031 5452 quantum
1062 5379 1330 5434 hominem
1358 5379 1464 5435 lico
1499 5380 1726 5435 similem
1768 5383 1878 5436 fieri
1922 5385 2063 5439 licet.

562 5477 615 5529 8.
638 5473 975 5544 Elcemosyna
1001 5474 1150 5527 etiam
1180 5472 1399 5543 indignis
1429 5473 1601 5527 datur.
1654 5475 1844 5546 chues
1873 5489 2067 5532 revocat

489 5565 675 5618 abotio
715 5562 941 5630 Paulus,
965 5564 1052 5617 (sd
1088 5564 1296 5616 multum
1331 5564 1467 5618 abest
1507 5566 1624 5634 quin
1653 5582 1682 5619 tt
1714 5567 2067 5637 benefacieido

490 5652 1216 5708 auertat.-.\:iimadvertitc
1244 5653 1528 5724 diligenter
1564 5672 1682 5726 qua:
1711 5656 1829 5712 dico
1855 5676 1867 5712 :
1900 5661 2068 5728 Super

492 5746 647 5802 bonos
665 5759 724 5796 ac
745 5745 903 5799 mulus
924 5786 939 5808 ,
976 5746 1162 5816 inquit.
1194 5745 1332 5814 Ergo
1360 5756 1412 5800 tu
1439 5762 1648 5818 quoque
1684 5748 1892 5819 quaties
1921 5752 2064 5808 cicc-

1179 359 1234 414 S.
1276 356 1553 415 JOANNIS
1589 355 2064 414 CHRYSOSTOMI
2108 355 2420 411 AllClllEP.
2463 356 2995 415 CONSTANTINOP.

3625 368 3727 428 238

2152 482 2426 538 mosynam
2456 468 2586 523 facis
2612 511 2625 532 ,
2656 487 2721 523 ne
2754 471 2924 524 vitam
2969 473 3242 527 examines
3271 514 3285 540 ,
3316 489 3494 545 neque
3523 493 3729 535 morum

2150 560 2408 615 rationem
2439 575 2708 630 reposeas.
2736 562 3086 635 Elecmosyna
3113 565 3256 620 enim
3279 605 3297 631 ,
3329 566 3430 622 hoc
3452 578 3536 623 est
3564 571 3728 627 mise-

2153 652 2289 705 ratio
2319 694 2333 717 ,
2367 652 2486 707 ideo
2526 653 2722 708 dicitur
2746 696 2760 720 ,
2806 664 2867 709 ut
2902 657 3062 710 etiam
3107 657 3337 729 indignis
3366 661 3732 730 praebeamus:

2152 746 2242 815 qui
2271 748 2412 802 enim
2437 749 2739 816 miseratur,
2773 766 2881 803 non
2905 760 3048 805 recte
3069 753 3334 807 viventem
3352 793 3369 820 ,
3394 755 3737 825 sed‘pcccan-

2154 847 2258 892 tem
2302 840 2617 896 miseratur:
2646 857 2766 895 nam
2792 842 2880 911 qui
2908 854 3050 897 recte
3074 844 3220 905 vivit,
3251 844 3407 899 laude
3438 857 3520 901 est
3545 848 3737 918 dignus

2153 936 2206 982 et
2230 943 2428 983 corona
2454 946 2467 989 ;
2491 932 2579 999 qui
2618 945 2744 985 vero
2787 940 2970 1001 peccat
3003 973 3018 994 ,
3049 933 3202 987 venia
3246 942 3300 988 et
3342 935 3731 993 misericordia.

2154 1020 2486 1089 Quapropter
2531 1022 2630 1075 hac
2662 1036 2874 1093 quoque
2913 1032 3064 1094 parte
3104 1024 3269 1077 Deum
3301 1025 3658 1090 imitabimur,
3693 1030 3738 1083 si

2154 1113 2314 1164 etiam
2345 1111 2498 1164 malis
2529 1111 2913 1182 benignitatem
2940 1122 3174 1168 nostram
3208 1130 3312 1169 non
3352 1116 3728 1172 subducamus.

2154 1200 2439 1254 Considera
2470 1199 2610 1255 enim
2637 1216 2793 1271 quam
2817 1203 2967 1257 multi
2998 1203 3181 1258 orbem
3207 1214 3470 1261 terrarum
3498 1206 3739 1264 habitent

2156 1291 2448 1360 blasphemi
2471 1333 2496 1364 ,_
2532 1293 2813 1358 scelerati,
2844 1294 3257 1365 prtestigiatores
3277 1337 3291 1360 ,
3321 1298 3568 1353 omnibus
3594 1300 3737 1354 vitiis

2155 1382 2367 1448 referti;
2394 1393 2626 1437 attamen
2656 1388 2751 1439 hos
2777 1401 2987 1455 quoque
3009 1402 3104 1456 per
3130 1387 3370 1457 singulos
3391 1389 3507 1443 dies
3534 1391 3739 1445 enutrit

2158 1472 2294 1528 Deus
2322 1515 2336 1539 ,
2370 1473 2568 1528 docens
2597 1489 2693 1529 nos
2713 1485 2769 1530 nt
2797 1477 3077 1532 universos
3113 1478 3359 1534 homines
3382 1480 3735 1537 beneﬁcentia

2154 1565 2594 1634 complectamur.
2628 1565 2736 1621 Nos
2770 1583 2895 1622 vero
2921 1569 3097 1624 omnia
3131 1571 3399 1626 contrario
3427 1572 3587 1627 modo
3612 1572 3740 1627 facio

2155 1675 2309 1716 mus:
2334 1669 2437 1709 non
2477 1660 2648 1710 solum
2682 1658 2826 1712 enim
2870 1660 3039 1714 malos
3080 1670 3136 1715 et
3180 1661 3452 1732 improbos
3492 1662 3739 1718 homines

2155 1758 2481 1813 aversamur,
2510 1748 2855 1803 verumetiam
2878 1764 2999 1803 cum
3029 1765 3189 1805 sanus
3204 1753 3466 1822 quispiam
3487 1769 3584 1807 nos
3604 1754 3735 1812 adit.

2156 1847 2247 1893 aut
2277 1850 2495 1908 propter
2518 1840 2854 1910 probitatem,
2881 1852 2972 1896 aut
2998 1853 3216 1914 prepter
3239 1843 3540 1899 libertatem
3560 1886 3575 1907 ,
3601 1845 3739 1899 forte

2134 1929 2317 1984 etiam
2350 1941 2564 1999 propter
2594 1933 2856 2001 pigritiam
2881 1934 2898 2002 (
2930 1942 2986 1986 ut
3015 1942 3069 1988 et
3096 1935 3196 1989 hoc
3218 1934 3489 2008 addam),
3524 1937 3577 1990 in
3606 1953 3742 2007 pau-

2160 2029 2364 2090 pertate
2390 2023 2589 2084 vimus,
2626 2023 2839 2092 probra,
2869 2024 3219 2078 contumelias
3243 2065 3258 2090 ,
3291 2033 3346 2080 et
3370 2026 3644 2081 innumera
3688 2028 3741 2081 in

2158 2128 2278 2167 eum
2301 2113 2517 2183 jaculati
2542 2110 2765 2169 dicteria
2791 2156 2805 2180 ,
2830 2116 3012 2170 vacuis
3035 2117 3208 2186 ipsum
3247 2118 3491 2172 manibus
3514 2119 3741 2172 remitti—

2160 2218 2299 2270 mus,
2323 2203 2681 2259 valctudinem
2713 2205 3103 2274 exprobrantes
3132 2248 3146 2272 ,
3187 2208 3351 2261 otium
3374 2208 3688 2278 objicientes
3719 2251 3736 2273 ,

2160 2310 2347 2365 ptenas
2371 2305 2739 2365 reposcentes.
2770 2296 3001 2352 lloccine
3027 2298 3203 2367 jnsSns
3226 2313 3285 2354 es
3308 2339 3324 2365 ,
3356 2313 3390 2353 ο
3421 2300 3580 2354 homo
3604 2339 3619 2365 ,
3644 2300 3743 2355 ob-

2156 2386 2372 2456 jurgare
2417 2397 2621 2442 tantmn
2678 2402 2742 2443 ac
2794 2387 3074 2458 increpare
3117 2390 3357 2460 egenos?
3393 2389 3631 2445 Miserari
3683 2405 3751 2444 ae

2162 2477 2441 2533 sublevare
2469 2489 2832 2548 paupertatem
2859 2494 3042 2534 eorum
3067 2481 3223 2550 jussit
3257 2482 3413 2547 Deus,
3447 2496 3549 2536 non
3580 2484 3745 2535 ratio-

2163 2583 2284 2623 nem
2311 2585 2592 2639 reposcere
2613 2586 2674 2625 ac
2696 2571 3002 2627 conviciari.
3036 2572 3139 2627 Sed
3166 2573 3244 2626 vis
3274 2573 3410 2628 illius
3437 2588 3613 2627 mores
3628 2590 3747 2627 cor-

2163 2658 2353 2728 rigere,
2383 2670 2434 2714 et
2465 2659 2732 2715 hominem
2757 2662 2982 2716 inertem
3007 2678 3035 2716 a
3066 2663 3289 2734 segnitie
3319 2679 3413 2718 sua
3442 2675 3746 2719 revocatum

2163 2750 2228 2803 ad
2271 2764 2404 2820 opus
2433 2752 2645 2821 aliquod
2676 2753 2977 2822 applicare?
3005 2755 3077 2809 Da
3105 2757 3270 2825 prius,
3304 2771 3366 2811 ac
3392 2767 3503 2811 tum
3532 2757 3746 2813 demum

2166 2841 2400 2909 increpa,
2435 2852 2492 2896 ut
2513 2858 2619 2897 non
2640 2844 2971 2900 crudelitatis
3008 2857 3284 2917 suspectus
3309 2848 3403 2902 fias
3425 2890 3437 2913 ,
3468 2850 3563 2904 sed
3601 2849 3750 2903 ιιειιίο

2164 2931 2385 3000 gnitatis
2430 2932 2641 2988 laudem
2684 2945 2941 3004 reportes.
2973 2937 3106 2991 Eum
3139 2939 3280 2993 enim
3308 2941 3395 3008 qui
3442 2940 3570 2995 nihil
3613 2941 3749 2995 dans

2168 3028 2370 3075 tantum
2398 3025 2702 3093 opprobrat,
2729 3035 3003 3082 aversatur
3026 3043 3228 3099 pauper
3258 3070 3271 3093 ,
3299 3038 3351 3084 et
3392 3030 3571 3100 inique
3602 3030 3704 3084 fert
3729 3072 3745 3095 ,

2165 3127 2228 3167 ac
2254 3130 2320 3169 ne
2370 3117 2608 3184 aspicere
2656 3119 2871 3186 quidem
2926 3120 3279 3186 sustinet;et
3328 3122 3540 3177 merito.
3587 3122 3745 3176 Putat

2166 3206 2307 3259 enim
2334 3221 2441 3260 non
2467 3208 2609 3278 quod
2632 3208 2766 3264 bene
2794 3210 2899 3266 sibi
2926 3210 3089 3277 velit,
3133 3211 3225 3267 sed
3247 3212 3385 3282 quod
3408 3212 3538 3267 dare
3566 3212 3701 3266 nolit
3732 3250 3748 3271 .

2168 3294 2559 3366 objurgatorem
2587 3315 2709 3353 eum
2752 3314 2873 3355 esse
2907 3317 2921 3365 ;
2951 3302 3020 3354 ita
3051 3312 3105 3356 ut
3131 3318 3318 3357 revera
3350 3313 3451 3358 est.
3483 3303 3583 3371 Qui
3622 3319 3751 3357 vero

2174 3398 2517 3458 posteaquam
2553 3389 2702 3445 dedit
2747 3391 3027 3463 objurgat,
3072 3395 3195 3450 facit
3234 3405 3291 3450 ut
3336 3395 3520 3451 libenti
3570 3395 3754 3450 animo

2169 3477 2471 3547 ohjurgatio
2517 3494 2614 3534 sua
2665 3482 2948 3553 recipiatur
2977 3499 3081 3539 :eo
3119 3486 3259 3555 quod
3291 3501 3395 3540 non
3425 3500 3642 3556 pmpter
3671 3488 3753 3541 iu-

2173 3570 2577 3639 Itnmauitalem,
2608 3574 2700 3629 sed
2736 3585 2951 3646 propter
2978 3577 3400 3633 benevolentiam
3431 3580 3751 3649 increpatis-

2170 3676 2290 3716 nem
2313 3663 2569 3719 adhibere
2589 3665 2851 3721 videatur.
2885 3669 2973 3723 Sic
2998 3671 3156 3723 etiam
3206 3671 3400 3725 Paulus
3441 3670 3559 3725 [ιιυῑι
3588 3688 3600 3733 ;
3629 3686 3748 3726 cum

2170 3756 2310 3809 enim
2337 3756 2588 3814 dixisset:
2616 3759 2715 3826 Qui
2742 3777 2842 3814 non
2862 3762 2964 3815 vult
2989 3765 3206 3833 aperari,
3239 3781 3302 3818 ne
3321 3765 3435 3818 edat
3464 3766 3551 3835 (2.
3572 3764 3748 3819 Thess.

2173 3846 2390 3917 5.10),
2434 3848 2672 3919 adjungit
2709 3851 3133 3909 exhortationem
3175 3854 3396 3909 dicens:
3440 3855 3538 3910 Vos
3584 3866 3751 3908 autem

2171 3935 2356 3990 bonum
2402 3940 2641 4009 facientes
2681 3958 2743 3995 ne
2779 3943 3025 4010 deﬁciatis
3054 3943 3179 4016 (Ib.
3206 3960 3250 3998 υ.
3285 3946 3408 4016 15).
3434 3947 3592 4015 Atqui
3638 3946 3750 4001 lta‘c

2173 4040 2434 4100 przrcepta
2476 4034 2743 4088 contraria
2795 4050 2917 4090 esse
2957 4036 3221 4092 videntur.
3280 4038 3333 4093 Si
3379 4038 3519 4092 enim
3552 4040 3752 4095 otiosos

2175 4139 2278 4175 non
2300 4125 2704 4193 Oportetcibum
2733 4141 2926 4194 capere
2950 4170 2963 4192 ,
2989 4129 3257 4197 quomodo
3279 4131 3437 4199 iubes
3467 4130 3603 4186 bene
3629 4132 3752 4184 tali-

2174 4214 2271 4268 bus
2304 4214 2509 4269 faccre?
2530 4215 2633 4270 Sed
2666 4231 2771 4270 non
2801 4226 2926 4271 sunt
2948 4220 3212 4273 contraria
3234 4237 3247 4273 :
3268 4220 3421 4274 absit.
3456 4220 3579 4274 Ideo
3608 4222 3751 4274 enim

2176 4302 2276 4357 hoc
2300 4302 2436 4369 dixi,
2463 4305 2651 4375 inquit,
2680 4306 2777 4372 Qui
2808 4323 2906 4360 non
2933 4309 3035 4362 vult
3064 4312 3286 4380 operari,
3312 4326 3374 4363 ne
3394 4311 3531 4375 edat,
3561 4326 3665 4365 non
3699 4321 3753 4365 ut

2173 4408 2267 4449 eos
2300 4395 2390 4464 qtti
2418 4396 2614 4466 alioqui
2644 4396 2882 4467 largituri
2924 4408 3117 4466 erant,
3158 4412 3455 4456 averti-rem
3506 4416 3538 4456 a
3581 4401 3750 4455 danda

2171 4486 2530 4557 electnosyna,
2558 4486 2653 4542 sed
2687 4498 2743 4541 ut
2768 4488 2817 4542 in
2845 4488 2955 4544 otio
2976 4489 3212 4545 viventes
3234 4505 3263 4543 a
3293 4491 3517 4559 segnitie
3546 4506 3641 4546 sua
3670 4506 3754 4546 re-

2173 4589 2441 4630 vocarem.
2475 4575 2653 4646 Itaque
2670 4593 2791 4632 cum
2824 4578 2971 4646 dicit,
3005 4578 3089 4634 Ne
3117 4580 3268 4645 edat,
3302 4581 3421 4635 illos
3444 4582 3753 4637 exstimulat

2173 4664 2239 4718 ad
2270 4666 2523 4729 laborem,
2553 4668 2962 4724 comminatione
2987 4669 3085 4725 hac
3109 4671 3356 4726 territos:
3380 4686 3498 4725 cum
3525 4687 3654 4727 vero
3676 4672 3755 4726 di.

2174 4754 2270 4821 cit,
2302 4754 2500 4809 Bonum
2522 4757 2759 4826 facientes
2779 4774 2841 4811 ne
2862 4758 3129 4827 deﬁciatis,
3163 4759 3261 4814 hos
3280 4761 3476 4815 excitat
3496 4760 3564 4815 ad
3586 4761 3751 4816 bene-

2176 4844 2440 4900 ficentiam
2458 4887 2472 4911 ,
2513 4847 2630 4901 utili
2656 4848 3028 4904 exhortatione
3053 4849 3332 4919 itnpulsos.
3352 4850 3430 4905 Ne
3454 4851 3596 4906 enim
3629 4852 3750 4919 qui-

2173 4935 2294 4991 dam
2319 4937 2870 5010 retrahereugmanus
2896 4939 3077 4995 audito
3107 4955 3209 5010 qua
3238 4942 3312 4995 illi
3340 4943 3753 4997 comminatione

2178 5026 2454 5092 feriantur,
2478 5028 2545 5083 ad
2575 5026 2979 5084 bellelicentiam
3011 5030 3094 5084 his
3115 5031 3292 5086 verbis
3318 5032 3438 5086 illos
3461 5042 3714 5101 provocat
3736 5052 3753 5088 ;

2171 5118 2371 5174 Bonum
2412 5121 2645 5191 faciendo
2685 5139 2746 5176 ne
2786 5123 3053 5192 deﬁciatis.
3096 5123 3274 5194 Itaque
3315 5122 3528 5180 etiamsi
3581 5124 3754 5180 otioso

2172 5213 2288 5279 des,
2316 5212 2511 5267 bonum
2540 5212 2732 5271 fecisti.

2242 5305 2295 5359 9.
2332 5305 2442 5361 lloc
2481 5314 2535 5361 et
2572 5307 2626 5361 in
2669 5307 3013 5376 sequentibus
3053 5310 3387 5365 manifestum
3434 5309 3580 5366 fecit.
3622 5310 3753 5367 Cum

2173 5396 2314 5450 enim
2348 5397 2571 5454 dixisset
2601 5416 2615 5456 :
2645 5399 2708 5455 Si
2730 5402 2842 5467 quis
2866 5417 2967 5456 non
2990 5401 3134 5455 audit
3157 5418 3410 5457 sermones
3436 5413 3633 5457 nostros
3670 5418 3754 5472 per

2171 5486 2465 5555 epistolam,
2497 5490 2631 5543 hunc
2658 5491 2903 5554 indicate,
2936 5502 2984 5547 et
3018 5507 3079 5547 ne
3117 5508 3212 5546 con
3234 5493 3541 5547 misceamini
3566 5494 3642 5547 illi
3666 5493 3753 5563 (Ξ.

2176 5574 2350 5631 Thess.
2379 5578 2433 5633 5.
2465 5580 2574 5650 H),
2608 5590 2765 5652 atque
2795 5583 2892 5636 hoc
2930 5582 3090 5637 modo
3118 5583 3664 5654 hominemejecisset
3692 5599 3758 5638 ex

2174 5666 2410 5725 Ecclesia
2435 5709 2449 5734 ,
2478 5686 2688 5726 rursum
2729 5673 2835 5727 alio
2874 5673 3030 5728 modo
3058 5689 3180 5731 enm
3220 5676 3528 5730 reconciliat
3551 5718 3566 5741 ,
3601 5675 3755 5729 redu-

2174 5770 2302 5814 cens
2348 5760 2397 5813 in
2440 5763 2661 5829 gratiam
2703 5779 2822 5821 cum
2868 5764 2946 5820 cis
2994 5779 3019 5817 a
3061 5767 3253 5836 quibus
3294 5766 3496 5837 eiectus
3536 5764 3706 5822 fuerat
3741 5782 3756 5821 ι
