4110 6198
430 308 534 366 287

436 436 519 485 οὐ
547 432 886 502 φονεύσεις,
909 434 980 486 οὐ
997 431 1359 501 μοιχεύσεις,
1385 432 1478 484 καὶ
1496 432 1564 485 τά
1590 432 1723 487 ἄλλα
1742 431 1800 485 δὲ
1828 432 2004 486 πάντα

428 516 655 581 ὁμοίως.

507 600 742 663 ζ¹.’Ὡστε
761 598 861 651 οὐκ
888 596 1140 668 ἔγκλημα
1167 595 1260 650 τοῦ
1283 596 1445 667 νόμου
1466 597 1526 651 τὺ
1541 596 1762 651 κόλασιν
1781 596 2006 663 ἐπάγειν

434 684 529 735 καὶ
558 682 849 753 τιμωρίαν,
883 681 976 733 καὶ
1007 680 1256 752 καθάπερ
1282 681 1496 745 οἰκέτας
1520 681 1839 752 ἀγνώμονας
1881 699 2006 734 παι-

431 764 605 817 δεύειν
638 764 732 817 καί
755 760 1126 833 σωφρονίζειν,
1151 763 1288 817 ἀλλά
1311 765 1406 817 καὶ
1434 764 1705 834 ἐγκώμιον
1728 764 2003 834 μέγιστον,

432 848 527 901 καὶ
569 849 668 918 οὐχ
718 849 747 901 6
785 846 964 916 τυχὼν
1007 846 1244 909 ἔπαινος,
1288 849 1370 901 ὅτι
1411 848 1535 912 τοὺς
1576 848 1712 919 πρὸς
1738 846 2004 916 τοσαύτην

430 928 851 999 κατενεχθέντας
893 929 1091 982 κακίαν
1115 930 1351 1002 ἠδυνήθη
1380 929 1469 983 διὰ
1496 933 1595 1001 τῆς
1632 930 1835 993 οἰκείας
1870 946 2002 998 σφο-

422 1014 683 1084 δρότητος
726 1014 1034 1078 ἀπαλλάξαι
1078 1015 1177 1084 τῆς
1217 1014 1499 1087 πονηρίας,
1529 1014 1761 1086 μαλάξαι
1806 1032 1865 1067 τε
1908 1012 2003 1068 καὶ

433 1096 655 1166 ποιῆσαι
685 1097 1035 1161 καταπειθεῖς
1059 1100 1123 1169 τῇ
1154 1098 1336 1168 χάριτι
1357 1100 1405 1159 ³,
1455 1099 1550 1151 καὶ
1592 1097 1726 1169 πρὸς
1766 1098 1864 1168 τὴν
1903 1098 2003 1168 τῆς

432 1181 642 1251 Καινῆς
687 1181 946 1252 όδηγῆσαι
979 1181 1312 1252 φιλοσοφίαν.
1354 1183 1428 1236 T6
1459 1183 1568 1252 γὰρ
1599 1183 1730 1236 αὐτὸ
1777 1182 2000 1252 Πνεῦμα

431 1265 525 1317 καὶ
566 1264 634 1317 τά
666 1267 722 1318 ἐν
754 1268 819 1335 τῇ
853 1265 1097 1336 Παλαιᾷ,
1138 1265 1230 1318 καὶ
1274 1267 1342 1319 τά
1385 1268 1441 1318 ἐν
1485 1270 1549 1337 τῇ
1603 1268 1775 1336 Καινῇ
1827 1267 2001 1319 πάντα

429 1348 731 1417 ᾠκονόμει,
781 1351 829 1401 εί
865 1350 959 1403 καὶ
994 1349 1283 1420 διαφόρως.
1322 1351 1418 1402 Διά
1448 1350 1603 1402 τοῦτο
1651 1352 1746 1403 καὶ
1791 1350 2001 1414 Παῦλος

430 1428 645 1496 ἔλεγεν·
696 1431 976 1499 Ἔχοντες
1034 1432 1102 1485 δὲ
1152 1433 1215 1487 τὸ
1263 1433 1409 1485 αὐτὸ
1459 1433 1697 1499 Πνεῦμα
1744 1433 1855 1501 τῆς
1914 1435 2003 1485 πί-

429 1528 620 1577 στεως
667 1514 816 1567 κατὰ
860 1514 924 1567 τὸ
978 1515 1403 1585 γεγραμμένον·
1464 1517 1866 1582 Ἐπίστευσα,
1909 1517 1999 1569 διὸ

428 1595 728 1662 ἐλάλησα.

456 1668 464 1675 ’
499 1679 573 1730 Οὐ
622 1679 711 1733 διὰ
750 1679 907 1733 τοῦτο
944 1680 999 1733 δὲ
1037 1681 1195 1750 μόνον
1227 1680 1378 1749 ἔλεγε
1404 1720 1418 1743 ,
1469 1680 1545 1735 Τὸ
1562 1685 1709 1738 αὐτὸ
1729 1680 1997 1749 Πνεῦμα,

429 1759 565 1813 ἀλλά
598 1762 691 1813 καὶ
716 1761 781 1814 δι’
819 1762 1011 1833 ἑτέραν
1034 1764 1209 1816 αἰτίαν
1230 1764 1328 1817 οὐκ
1350 1764 1605 1819 ἐλάττονα
1638 1765 1736 1835 τῆς
1769 1766 1999 1835 εἰρημέ-

428 1859 547 1913 νης,
578 1844 646 1913 ἢν
671 1844 971 1915 ἐϐουλόμην
1000 1845 1099 1916 μὲν
1129 1845 1225 1901 νῦν
1253 1848 1444 1912 εἰπεῖν,
1476 1847 1726 1911 δεδοικὼς
1750 1847 1806 1900 δέ
1834 1849 1908 1917 μὴ
1932 1848 2000 1901 τά

428 1926 691 1995 εἰρημένα
720 1925 1039 1996 ἐκϐλύσητε,
1060 1929 1139 1990 εἰς
1171 1929 1362 1999 ἑτέραν
1386 1931 1513 1999 ὑμῖν
1539 1929 1774 1993 διάλεξιν
1798 1932 2000 2001 ταύτην

426 2006 793 2078 ταμιεύσομαι
820 2049 834 2070 ,
864 2009 1002 2073 τέως
1035 2010 1238 2082 ταύτης
1265 2012 1571 2082 μεμνῆσθαι
1620 2012 1799 2082 πάσης
1831 2030 2001 2081 παρα·

425 2089 659 2151 καλέσας
689 2092 835 2161 ὑμᾶς
854 2133 868 2156 ,
899 2095 992 2147 καὶ
1021 2094 1159 2163 μετά
1183 2095 1468 2164 ἀκριϐείας
1494 2096 1778 2165 φυλάττειν
1807 2096 1996 2167 αὐτὴν,

426 2174 520 2225 καί
544 2173 642 2243 τὴν
676 2175 784 2228 ἀπὸ
820 2176 919 2245 τῆς
959 2177 1231 2238 πολιτείας
1270 2178 1471 2248 ἀρετὴν
1507 2179 1874 2250 προστιθέναι,
1906 2181 1998 2232 καὶ

423 2257 489 2324 τῇ
536 2256 645 2308 τῶν
686 2256 971 2325 δογμάτων
1026 2260 1372 2328 συνυφαίνειν
1416 2261 1584 2332 αὐτὴν
1646 2262 1995 2332 καθαρότητι·

428 2338 562 2391 Ἵνα
609 2336 806 2406 ἄρτιος
853 2344 885 2394 ό
931 2340 1241 2409 ἄνθρωπος
1285 2338 1325 2412 ᾗ
1357 2344 1461 2396 τοῦ
1492 2344 1661 2410 Θεοῦ,
1695 2346 1845 2412 πρὸς
1877 2345 1999 2400 πᾶν

423 2421 600 2489 ἔργον
646 2423 871 2490 ἀγαθὸν
920 2424 1347 2493 ἐξηρτισμένος
1370 2443 1383 2456 ·
1437 2428 1558 2479 ἐπεὶ
1604 2428 1793 2499 κέρδος
1848 2429 1999 2483 οὐδὲν

424 2503 577 2558 ἔσται
601 2507 731 2576 ἡμῖν
751 2507 860 2559 τῶν
880 2507 1055 2577 ὀρθῶν
1078 2508 1383 2579 δογμάτων.
1407 2510 1532 2563 ὅταν
1554 2513 1580 2564 6
1602 2510 1713 2580 βίος
1741 2511 1970 2584 διεςθαρ
1986 2544 1998 2555 ο

424 2587 586 2655 μένος
731 2588 921 2660 ὥσπερ
942 2587 1035 2644 οὖν
1056 2592 1173 2645 οὑδὲ
1208 2592 1481 2656 πολιτείας
1514 2595 1740 2666 ἀρίστης
1782 2583 1993 2665 ὄφελος,

423 2669 661 2733 πίστεως
696 2671 798 2725 οὐκ
839 2672 1005 2750 οὑσης
1038 2674 1240 2742 ὑγιοῦς.
1286 2676 1402 2729 Ἵνα
1448 2675 1541 2731 οὖν
1586 2679 1998 2750 ἀπηρτισμένην

423 2753 636 2824 ἔχωμεν
664 2756 765 2826 τὴν
791 2747 1081 2825 ὠφέλειαν,
1115 2758 1456 2831 ἑκατέρωθεν
1493 2747 1717 2827 ἑαυτοὺς
1764 2747 1995 2832 ἀσφαλί-

422 2834 667 2906 ζώμεθα,
704 2838 762 2891 ἐν
796 2856 857 2893 τε
886 2843 999 2903 τοῖς
1023 2840 1203 2904 ἄλλοις
1227 2841 1398 2896 ἅπασι
1427 2846 1675 2915 καρποὺς
1700 2845 1999 2899 ἐπιδεικνύ-

426 2937 578 2989 μενοι
598 2921 901 2989 γενναίους,
932 2925 1024 2977 καὶ
1060 2926 1198 2995 μετά
1226 2926 1332 2979 τῶν
1364 2927 1538 2981 ἄλλων
1565 2928 1665 2999 τὴν
1697 2929 1997 2999 ἐλεημοσύ-

421 3020 521 3073 νην
539 3044 555 3068 ,
582 3005 710 3074 περὶ
745 3000 813 3077 ἧς
843 3008 938 3061 καὶ
966 3009 1157 3080 πρώην
1194 3008 1345 3081 [276]
1373 3012 1500 3082 ὑμῖν
1526 3012 1822 3083 διελέχθην,
1860 3015 1999 3084 μετά

422 3085 625 3157 πολλῆς
662 3088 760 3159 μὲν
790 3090 889 3161 τῆς
924 3092 1230 3162 προθυμίας
1255 3132 1270 3156 ,
1310 3095 1447 3163 μετά
1491 3096 1691 3165 πολλῆς
1735 3096 1790 3149 δὲ
1826 3099 1999 3169 αὐτὴν

422 3169 796 3235 ἐπιτελοῦντες
823 3173 922 3243 τῆς
942 3174 1239 3243 δαψιλείας.
1280 3176 1342 3229 '0
1369 3177 1478 3247 γάρ
1503 3179 1767 3248 σπείρων
1798 3180 1996 3249 φειδο-

414 3255 631 3323 μένως,
665 3256 818 3327 φησὶ,
852 3257 1212 3328 φειδομένως
1240 3262 1337 3315 καὶ
1377 3263 1621 3331 θερίσει·
1649 3263 1747 3317 καί
1768 3268 1801 3318 ὀ
1825 3266 1999 3319 σπεί-

414 3354 541 3405 ρων
567 3338 660 3391 ἐπ’
689 3341 993 3410 εὐλογίαις
1014 3382 1028 3404 ,
1054 3343 1148 3395 ἐπ’
1176 3345 1484 3410 εὐλογίαις
1516 3346 1611 3398 καί
1645 3347 1888 3413 θερίσει.
1930 3349 1995 3401 Τί

418 3427 590 3491 ἐστιν,
638 3428 762 3482 Ἐπ’
792 3430 1131 3499 εὐλογίαις;
1157 3432 1309 3487 Μετά
1346 3433 1545 3506 πολλῆς
1587 3435 1686 3505 τῆς
1714 3435 1991 3503 ἀφθονίας.

430 3505 697 3562 Ἐνταῦθα
730 3511 827 3581 μὲν
857 3507 951 3565 οὑν
982 3513 1073 3566 ἐπὶ
1104 3514 1213 3568 τῶν
1244 3505 1511 3586 βιωτικῶν
1530 3519 1870 3590 πραγμάτων
1902 3523 1995 3575 καὶ

419 3593 448 3643 6
481 3591 691 3663 ἀμητὸς
719 3593 811 3646 καὶ
840 3595 1087 3665 όσπόρος
1120 3597 1231 3651 τῶν
1276 3599 1452 3652 αὐτῶν
1486 3601 1599 3653 ἐστι
1637 3602 1990 3673 σπερμάτων·

419 3673 516 3759 καί
559 3674 668 3759 γὰρ
709 3677 739 3728 6
789 3679 1047 3748 σπείρων,
1084 3679 1313 3751 πυρὸνῆ
1355 3681 1550 3753 κριθάς
1576 3686 1922 3750 καταϐάλλει,
1958 3687 1991 3759 ἢ

419 3758 514 3809 καὶ
538 3758 664 3812 ἄλλο
685 3777 739 3813 τι
762 3759 870 3813 τῶν
901 3762 1177 3827 τοιούτων,
1214 3764 1306 3816 καί
1330 3766 1359 3817 6
1388 3765 1618 3837 θερίζων
1654 3768 1712 3821 τὸ
1744 3771 1877 3823 αὐτὸ
1903 3758 1990 3825 θεὲ

421 3841 559 3910 ρίζει
589 3843 750 3897 πάλιν
770 3861 782 3873 ·
810 3844 903 3897 ἐπὶ
928 3845 985 3898 δὲ
1013 3845 1112 3915 τῆς
1135 3846 1257 3915 ἐλεη
1268 3847 1504 3917 μοσύνης
1528 3850 1627 3919 οὐχ
1643 3850 1836 3915 οὑτως,
1859 3853 1992 3907 ἀλλά

417 3924 639 3997 ἑτέρως.
666 3927 738 3979 Σὺ
771 3925 870 3995 μὲν
898 3927 1006 3998 γάρ
1028 3930 1384 3993 καταϐάλλεις
1411 3931 1689 4002 ἀργύριον,
1714 3934 1991 4002 συλλέγεις

415 4009 472 4061 δὲ
517 4009 831 4081 παρρησίαν
868 4010 966 4081 τὴν
1005 4010 1139 4082 πρὸς
1172 4014 1261 4065 τὸν
1306 4013 1470 4067 Θεόν·
1521 4015 1676 4079 δίδως
1710 4018 1987 4087 χρήματα,

417 4092 512 4144 καὶ
546 4092 843 4163 λαμϐάνεις
874 4094 1286 4166 ἁμαρτημάτων
1314 4096 1494 4151 λύσιν·
1530 4100 1790 4171 παρέχεις
1830 4102 1990 4172 ἄρτον

414 4176 509 4227 καὶ
555 4176 787 4244 ἱμάτιον,
821 4178 913 4229 καὶ
960 4177 1082 4231 ἀντὶ
1129 4179 1333 4233 τούτων
1383 4198 1464 4235 σοι
1514 4184 1547 4254 ή
1594 4184 1702 4237 τῶν
1746 4185 1990 4257 οὐρανῶν

414 4257 798 4341 εὐτρεπίζεται
825 4259 1071 4329 βασιλεία
1090 4301 1105 4325 ,
1136 4263 1228 4315 καὶ
1253 4264 1320 4318 τά
1349 4268 1520 4338 μυρία
1552 4268 1751 4336 ἀγαθὲ,
1784 4269 1818 4323 ἀ
1854 4272 1989 4341 μήτε

414 4339 690 4425 ὀφθαλμὸς
733 4340 839 4396 εἶδε
859 4382 874 4406 ,
904 4346 1040 4416 μήτε
1069 4341 1160 4409 οὖς
1188 4348 1387 4418 ἢκουσε
1408 4389 1421 4413 ,
1462 4352 1598 4422 μήτε
1643 4354 1735 4406 ἐπὶ
1764 4339 1989 4425 καρδίαν

415 4424 702 4508 ἀνθρώπου
728 4425 895 4499 ἀνέϐη
920 4446 933 4458 ·
969 4429 1029 4481 τὸ
1058 4429 1120 4501 δὴ
1155 4433 1371 4487 πάντων
1403 4435 1694 4503 κεφάλαιον
1722 4424 1989 4508 τῶνάγα-

414 4506 542 4593 θῶν,
570 4508 905 4593 ὃμοιοςγίνῃ
942 4511 1020 4582 τῷ
1060 4513 1198 4583 Θεῷ,
1229 4515 1371 4568 κατά
1401 4516 1629 4587 δύναμιν
1661 4519 1757 4591 τὴν
1780 4506 1989 4593 ἀνθρω-

414 4591 615 4675 πίνην.
651 4592 785 4663 Περὶ
840 4595 948 4665 γάρ
1003 4595 1371 4669 ἐλεημοσύνης
1426 4601 1519 4653 καὶ
1580 4591 1987 4675 φιλανθρωπίας

411 4673 711 4745 διαλεχθεὶς
767 4677 795 4729 6
846 4678 1079 4749 Χριστὸς
1136 4682 1437 4752 ἐπήγαγεν·
1482 4685 1673 4751 Ὅπως
1731 4673 1986 4756 γένησθε

410 4756 598 4826 ὅμοιοι
634 4760 740 4814 τοῦ
788 4763 1021 4831 Πατρὸς
1058 4762 1224 4834 ὑμῶν
1260 4766 1365 4821 τοῦ
1402 4768 1474 4819 ἐν
1518 4769 1640 4833 τοῖς
1669 4771 1935 4838 οίφανοῖς
1966 4812 1981 4836 ,

409 4838 498 4893 ὅτι
525 4841 633 4895 τὸν
658 4842 838 4911 ἣλιον
865 4846 1052 4901 αὐτοῦ
1084 4848 1399 4904 ἀνατέλλει
1427 4850 1525 4903 ἐπὶ
1548 4853 1852 4920 πονηροὺς
1886 4856 1983 4909 καί

409 4924 700 4992 ἀγαθοὺς,
750 4927 848 4981 καί
885 4929 1093 4998 βρέχει
1134 4931 1231 4984 ἐπὶ
1272 4932 1542 5002 δικαίους
1573 4936 1670 4989 καί
1711 4936 1980 5004 ἀδίκους.

408 5008 485 5061 Οὑ
512 5008 735 5064 δύνασαι
769 5012 1044 5067 ἀνατεῖλαι
1091 5014 1239 5086 ἥλιον
1260 5057 1275 5082 ,
1323 5006 1474 5070 οὐδὲλ
1491 5019 1725 5091 Βμϐρους
1763 5022 1981 5089 ἀφεῖναι

409 5092 498 5154 σὺ,
524 5093 645 5146 οὐδὲ
667 5094 991 5168 οἰκουμένην
1016 5098 1373 5171 εὐεργετῆσαι
1394 5102 1661 5168 τοσαύτην
1684 5121 1697 5134 ·
1726 5108 1836 5170 τοῖς
1862 5103 1980 5161 οὖσι

407 5176 682 5246 χρήμασιν
729 5178 1041 5249 ἀπόχρησαι
1096 5182 1232 5251 πρὸς
1279 5182 1376 5254 τὴν
1418 5184 1842 5259 φιλοφροσύνην,
1888 5192 1981 5245 καὶ

406 5259 635 5343 γέγονας
662 5260 846 5329 ιμοιος
883 5262 960 5332 τῷ
986 5262 1076 5316 τὸν
1102 5265 1253 5336 ἥλιον
1284 5267 1641 5337 ἀνατέλλοντι,
1676 5270 1751 5335 ὠς
1773 5271 1983 5343 ἀνθρω-

405 5357 505 5392 πον
532 5342 716 5412 ὅμοιον
739 5344 858 5414 Θεῷ
887 5345 1137 5414 γενέσθαι
1170 5348 1409 5403 δυνατόν.

476 5430 516 5493 η’
532 5465 546 5481 .
580 5426 883 5498 Προσέχετε
910 5430 1046 5499 μετά
1068 5432 1353 5504 ἀκριϐείας
1373 5438 1484 5500 τοῖς
1508 5438 1834 5510 εἰρημένοις.
1855 5441 1979 5496 Ἐπί

463 5643 489 5671 ε
517 5642 782 5723 [ιιιέςθλῑςς.
811 5649 1133 5723 καταπειθεῖςῂ
1154 5654 1601 5723 πρρκατασκευάσαι
1633 5661 1690 5719 τῇ
1729 5659 1833 5723 χείρ.
1861 5661 1975 5712 Cod.

400 5708 689 5765 mum;0d;
709 5711 1060 5759 κατασκευάσαι
1086 5717 1139 5775 τῇ
1163 5708 1270 5776 χάρ.

1041 330 1124 385 ΒΕ
1166 328 1415 386 VERBIS
1455 328 1809 399 APOSTOLI,
1852 330 2218 387 HABENTES
2261 328 2547 386 EUMDEM
2587 322 2799 382 SPJRl'l
2817 320 2937 401 ΠΜ.
2984 321 3069 377 HI.

3571 307 3678 366 2.3

2111 429 2412 497 πονηροὺς
2445 432 2541 484 καί
2580 430 2836 499 ἀγαθοὺς
2859 471 2872 494 ,
2910 432 3062 501 φησί.
3103 429 3210 483 Καὶ
3255 427 3318 481 σὺ
3364 427 3557 489 τοίνυν,
3589 429 3673 479 ὅτε

2107 510 2475 584 ἐλεημοσύνην
2501 514 2693 575 ποιεῖς,
2739 512 2812 583 μὴ
2840 513 2953 583 βίον
2980 512 3260 584 ἐξετάσῃς,
3293 510 3425 580 μηδέ
3463 509 3677 579 τρόπων

2107 594 2336 659 εὐθύνας
2367 597 2606 650 ἀπαίτει.
2652 597 3015 668 Ἐλεημοσύνη
3056 596 3164 666 γὰρ
3207 594 3295 648 διά
3332 591 3488 647 τοῦτο
3524 591 3677 658 λέγε⁸

2104 692 2216 739 ται,
2255 678 2342 729 ἶνα
2367 678 2460 730 καὶ
2488 680 2600 741 τοῖς
2628 679 2865 742 ἀναξίοις
2897 672 3226 749 παρέχωμεν
3245 695 3259 709 ·
3291 678 3319 730 6
3345 675 3455 746 γάρ
3488 673 3674 736 ἐλεῶν,

2104 760 2164 813 οὐ
2190 759 2283 813 τὸν
2313 759 2746 831 κατωρθωκότα,
2775 760 2911 813 ἀλλά
2935 762 3025 827 τὸν
3051 759 3410 831 ἡμαρτηκότα
3442 758 3613 810 ἐλεεῖ·
3646 755 3675 807 6

2107 843 2206 912 μὲν
2255 842 2362 912 γάρ
2410 843 2710 914 κατορθῶν,
2761 836 3001 898 ἐπαίνων
3051 843 3199 907 ἄξιος
3251 842 3345 894 καὶ
3396 839 3672 908 στεφάνων

2103 925 2251 978 ἐστίν
2272 942 2285 955 ·
2316 926 2345 977 6
2369 926 2424 977 δὲ
2453 926 2802 996 ἁμαρτάνων,
2834 928 2982 981 ἐλέου
3008 927 3102 980 καὶ
3131 924 3476 995 συγγνώμης.
3509 923 3670 975 Ὥστε

2104 1009 2197 1060 καὶ
2227 1008 2366 1061 κατά
2390 1008 2547 1061 τοῦτο
2578 1008 2931 1079 μιμησόμεθα
2958 1010 3048 1062 τὸν
3072 1009 3224 1073 Θεὸν,
3259 1008 3352 1061 ἐὰν
3376 1007 3470 1059 καὶ
3505 1022 3671 1074 πονη-

2107 1092 2217 1159 ροῖς
2251 1090 2598 1159 παρέχωμεν.
2639 1091 2917 1159 Ἐννόησον
2946 1091 3055 1161 γὰρ
3087 1091 3201 1144 ὅσοι
3226 1091 3324 1160 τὴν
3350 1086 3673 1157 οἰκουμένην

2102 1172 2309 1225 οἰκοῦσι
2338 1172 2667 1244 βλάσφημοι,
2697 1172 2913 1242 μιαροὶ,
2939 1174 3150 1243 γόητες,
3183 1172 3359 1240 πάσης
3391 1168 3674 1239 ἐμπεπλη-

2103 1253 2288 1324 σμένοι
2331 1254 2529 1317 κακίας
2549 1269 2561 1281 ·
2593 1254 2728 1308 ἀλλά
2757 1256 2850 1307 καὶ
2879 1254 3099 1319 τούτους
3126 1253 3246 1307 καθ’
3277 1254 3513 1320 ἑκάστην
3553 1249 3678 1321 τρέ-

2103 1355 2191 1406 φει
2220 1338 2318 1409 τὴν
2347 1338 2565 1408 ἡμέραν
2596 1338 2623 1390 6
2646 1338 2798 1401 Θεὸς,
2829 1339 2975 1409 ἡμᾶς
3001 1337 3268 1391 παιδεύων
3291 1337 3390 1407 τὴν
3420 1334 3676 1403 φιλοφροο

2104 1419 2267 1489 σύνην
2305 1420 2396 1471 ἐπὶ
2444 1418 2649 1483 πάντας
2696 1420 2978 1474 ἐκτείνειν.
3036 1422 3226 1491 Ἡμεῖς
3272 1418 3329 1471 δὲ
3370 1418 3515 1471 ἆπαν
3558 1415 3681 1468 τοὺ·

2101 1501 2308 1553 ναντίον
2340 1501 2627 1572 ποιοῦμεν·
2674 1503 2735 1555 οὑ
2782 1502 2889 1574 γὰρ
2928 1505 3231 1574 πονηροὺς,
3286 1501 3407 1555 οὐδὲ
3441 1498 3679 1569 φαύλους

2100 1582 2421 1653 ἀνθρώπους
2467 1585 2922 1655 ἀποστρεςόμεθα
2972 1586 3130 1656 μόνον
3151 1625 3166 1649 ,
3197 1584 3332 1638 άλλά
3362 1583 3463 1636 κᾶν
3500 1581 3678 1650 ὑγιαί-

2101 1683 2205 1719 νων
2229 1683 2313 1729 τις
2343 1668 2477 1735 ἡμῖν
2503 1667 2774 1741 προσέλθῃ
2800 1668 2832 1738 ἢ
2859 1668 2924 1721 δι’
2950 1669 3270 1732 ἐπιείκειαν,
3298 1666 3335 1737 ἢ
3360 1667 3427 1719 δι’
3457 1664 3672 1718 ἐλευθε-

2102 1748 2245 1820 ρίαν,
2293 1750 2326 1819 ἣ
2360 1749 2452 1801 καὶ
2493 1749 2559 1802 δι’
2589 1750 2783 1820 ἀργίαν
2830 1751 2959 1814 ἴσως
2985 1753 3005 1820 ί
3028 1754 3122 1805 καὶ
3161 1751 3270 1821 γάρ
3299 1751 3390 1802 καὶ
3417 1746 3574 1801 τοῦτο
3601 1746 3678 1797 τί-

2102 1831 2281 1900 θημι),
2326 1833 2486 1902 πενία
2532 1834 2730 1899 συζῶν,
2775 1833 3061 1904 λοιδορίας,
3092 1832 3303 1904 ὑϐρεις,
3354 1830 3521 1902 μυρία
3553 1828 3674 1881 κατ’

2101 1914 2265 1967 αὑτοῦ
2318 1914 2654 1985 συνείροντες
2706 1915 3049 1985 σκώμματα,
3103 1918 3286 1979 κεναῖς
3331 1913 3495 1968 αὑτὸν
3543 1912 3678 1964 ἀπο-

2102 1996 2393 2066 πέμπομεν
2416 1997 2591 2067 χερσὶ.
2611 1998 2710 2068 τὴν
2738 1998 2927 2066 ὑγείαν
2956 1997 3324 2063 ὀνειδίζοντες,
3355 1997 3455 2065 τὴν
3478 1992 3675 2063 ἀργίαν

2101 2079 2523 2151 προσφέροντες.
2560 2080 2788 2145 εὐθύνας
2832 2080 3209 2143 ἀπαιτοῦντες.
3252 2081 3342 2149 Μὴ
3374 2079 3481 2147 γὰρ
3517 2075 3679 2129 τοῦτο

2102 2162 2465 2233 προσετάγης,
2492 2163 2767 2234 ἄνθρωπε,
2795 2166 3045 2234 ἐγκαλεῖν
3079 2166 3171 2218 καὶ
3200 2164 3458 2232 ἐπιτιμᾷν
3488 2156 3673 2218 ἁπλῶς

2100 2247 2211 2307 τοῖς
2254 2244 2560 2315 δεομένοις;
2608 2247 2806 2301 Ἑλεεῖν
2854 2249 2944 2301 καὶ
2989 2246 3330 2319 διορθοῦσθαι
3358 2244 3456 2314 τὴν
3482 2240 3673 2296 πενίαν

2101 2326 2279 2379 αὐτῶν
2311 2329 2340 2380 6
2375 2326 2507 2389 Θεὸς
2533 2329 2833 2395 ἐκέλευσεν,
2876 2320 3009 2401 οὐχῖ
3031 2330 3259 2391 εὐθύνας
3288 2327 3540 2381 ἀπαιτεῖν
3580 2322 3677 2375 καὶ

2047 2451 2053 2455 .
2101 2407 2360 2480 ὑϐρίζειν.
2402 2412 2562 2465 Ἀλλά
2616 2412 2794 2482 βούλει
2852 2413 3143 2483 διορθῶσαι
3183 2411 3274 2464 τὸν
3306 2410 3529 2479 τρόπον,
3582 2404 3677 2458 καὶ

2099 2493 2198 2563 τῆς
2227 2493 2423 2565 ἀργίας
2451 2496 2785 2564 ἀπαγαγεῖν,
2830 2498 2925 2551 καὶ
2974 2498 3053 2559 εἰς
3099 2496 3259 2567 ἔργον
3296 2491 3555 2564 ἐμϐαλεῖν
3584 2489 3676 2540 τὸν

2099 2576 2406 2647 ἀργοῦντας
2442 2577 2539 2641 Δὸς
2572 2580 2853 2649 πρότερον,
2898 2578 3050 2650 [27η
3075 2620 3089 2643 ,
3120 2581 3215 2633 καὶ
3245 2578 3364 2631 τότε
3413 2572 3673 2642 ἐπιτίμη-

2101 2674 2211 2723 σον,
2235 2659 2321 2712 ἵνα
2353 2660 2427 2731 μὴ
2441 2659 2717 2730 ὠμότητος
2740 2661 2994 2729 ὑποψίαν,
3014 2661 3297 2731 ἐγκληθεὶς
3325 2660 3350 2697 ιι
3374 2654 3673 2727 βαρύτητας

2099 2741 2233 2795 ἀλλὰ
2264 2742 2589 2812 κηδεμονίας
2617 2742 2772 2809 δόξαν
2794 2744 2985 2816 λάϐῃς.
3003 2744 3105 2798 Τὸν
3129 2743 3228 2814 μὲν
3255 2742 3362 2811 γὰρ
3396 2738 3470 2809 μὴ
3490 2736 3669 2796 δόντα.

2098 2822 2212 2875 ἀλλ’
2260 2824 2594 2891 ἐγκαλοῦντα
2628 2827 2788 2895 μόνον
2824 2827 3261 2899 ἀποστρέφεται,
3298 2824 3394 2877 καὶ
3441 2819 3674 2890 ἀηδίξειο

2099 2907 2193 2958 καὶ
2224 2905 2344 2958 οὐδὲ
2399 2906 2526 2960 ἰδεῖν
2558 2908 2834 2978 ἀνάσχοιτ’
2858 2908 2924 2963 ἂν
2946 2911 2976 2962 6
3005 2909 3204 2979 πένης·
3238 2908 3333 2961 καὶ
3365 2903 3509 2976 μάλα
3531 2899 3673 2953 εἰκό-

2097 3003 2226 3050 τως.
2258 2988 2333 3041 Οὐ
2373 2989 2483 3059 γὰρ
2530 2989 2617 3043 διά
2649 2991 2972 3062 κηδεμονίαν
2998 3030 3011 3055 ,
3042 2991 3179 3045 ἀλλά
3214 2989 3302 3043 διά
3335 2989 3396 3041 τὸ
3430 2987 3506 3059 μὴ
3546 2980 3671 3054 βού-

2098 3069 2285 3123 λεσθαι
2313 3070 2495 3125 δοῦναι
2521 3072 2730 3142 νομίζει
2769 3074 2837 3128 τά
2864 3074 3183 3145 ἐγκλήματα
3213 3070 3490 3140 γίνεσθαι·
3532 3070 3670 3136 ὅπερ

2097 3148 2191 3206 οὑν
2215 3154 2309 3206 καὶ
2336 3152 2483 3207 ἔστιν
2511 3154 2728 3226 ἀληθές.
2768 3156 2827 3208 '0
2859 3156 2914 3209 δὲ
2946 3156 3083 3226 μετά
3113 3156 3172 3208 τὸ
3196 3154 3379 3208 δοῦναι
3400 3151 3670 3221 ἐγκαλῶν.

2097 3236 2497 3307 εὑπαράδεκτον
2555 3241 2697 3291 ποιεῖ
2759 3239 2858 3309 τὴν
2916 3239 3270 3309 παραίνεσιν·
3328 3237 3390 3289 οὐ
3447 3236 3556 3304 γάρ
3615 3231 3676 3296 ἐξ

2098 3318 2522 3391 ἀπανθρωπίας,
2555 3321 2671 3374 ἀλλ’
2702 3323 2768 3374 ἐκ
2794 3322 3121 3392 κηδεμονίας
3163 3322 3399 3374 ποιεῖται
3429 3318 3527 3388 τὴν
3554 3318 3675 3368 ἐπι-

2095 3401 2337 3473 τίμησιν.
2372 3400 2529 3457 Οὓτω
2564 3404 2657 3457 καὶ
2682 3405 2892 3468 Παῦλος
2923 3404 3176 3475 ἐποίησεν
3196 3421 3209 3434 ·
3240 3401 3406 3456 εἰπὼν
3441 3400 3572 3470 γάρ,
3603 3395 3676 3452 ει

2096 3502 2183 3551 τις
2214 3488 2286 3539 οὐ
2313 3484 2472 3539 θέλει
2492 3486 2855 3555 ἐργάζεσθαι,
2884 3487 3039 3558 μηδὲ
3063 3486 3327 3550 ἐσθιέτω,
3361 3485 3555 3551 ἐπάγει
3585 3479 3672 3531 15',-

2093 3582 2208 3635 γων
2230 3584 2242 3597 ·
2277 3567 2464 3637 Ὑμεῖς
2503 3568 2572 3621 δὲ
2605 3568 2670 3623 τὸ
2717 3572 2911 3624 καλὸν
2958 3571 3273 3636 ποιοῦντες
3288 3567 3374 3639 μὴ
3413 3561 3667 3626 hmani"

2094 3667 2260 3719 σητε.
2293 3651 2484 3704 Καίτοι
2522 3652 2669 3706 δοκεῖ
2693 3653 2865 3707 ταῦτα
2894 3654 3111 3708 ἐναντία
3140 3649 3279 3706 εἶναι
3309 3651 3377 3705 τά
3439 3648 3673 3720 προστάο

2093 3749 2299 3804 γματα.
2335 3735 2396 3787 Εί
2431 3733 2539 3806 γὰρ
2582 3736 2644 3788 οὐ
2691 3736 2773 3789 δεῖ
2812 3738 2938 3800 τοὺς
2969 3738 3272 3809 ἀργοῦντας
3300 3733 3520 3796 ἐσθίειν,
3549 3728 3665 3791 πῶς

2092 3816 2301 3881 τούτοις
2354 3818 2595 3881 κελεύεις
2642 3819 2701 3873 τὸ
2742 3820 2905 3876 καλὸν
2956 3824 3161 3885 ποιεῖνς
3198 3819 3336 3873 Ἀλλ’
3379 3815 3663 3871 οὐκ.ἐσ,τιν

2092 3900 2364 3954 ἐναντίον·
2406 3900 2482 3971 μὴ
2510 3901 2740 3968 γένοιτο.
2773 3903 2871 3956 Δια
2904 3904 3012 3973 γάρ
3050 3903 3207 3956 τοῦτο
3228 3944 3244 3968 ,
3280 3902 3461 3970 φησὶν,
3488 3895 3663 3958 εἷπον,

2091 3981 2172 4034 ὃτι
2202 3982 2274 4033 El
2302 3999 2388 4047 τις
2423 3985 2493 4036 οὐ
2524 3984 2683 4036 θέλει
2708 3984 3071 4051 ἐργάζεσθαι,
3096 3983 3251 4053 μηδὲ
3275 3983 3541 4043 ἐσθιέτω,
3565 3978 3666 4045 οὐχ

2094 4063 2180 4116 ἵνα
2210 4065 2336 4126 τοὺς
2370 4062 2659 4132 μέλλοντας
2695 4064 2894 4119 διδόναι
2927 4068 3197 4134 ἀπαγάγω
3224 4065 3323 4135 τῆς
3367 4058 3660 4131 ἐλεημοσύ-

2093 4161 2211 4216 νης.
2234 4144 2349 4199 ἀλλ’
2376 4146 2462 4198 ἶνα
2492 4148 2617 4209 τοὺς
2641 4148 2697 4200 ἐν
2729 4147 2895 4219 ἀργίᾳ
2920 4148 3127 4212 ζῶντας
3150 4147 3423 4216 ἀπαγάγω
3445 4143 3545 4213 τῆς
3570 4142 3664 4212 ἀρ-

2093 4229 2238 4296 γίας.
2275 4228 2348 4281 Τὸ
2400 4230 2500 4300 μὲν
2540 4225 2633 4282 οὑν
2678 4232 2873 4294 εἰπεῖν,
2914 4231 3081 4299 Μηδὲ
3115 4230 3381 4293 ἐσθιέτω,
3421 4227 3662 4288 ἐκείνους

2090 4312 2392 4383 διανίστησι
2425 4312 2557 4383 πρὸς
2583 4314 2865 4383 ἐργασίαν,
2900 4313 2989 4383 τῷ¹
3011 4313 3162 4384 φόϐῳ
3194 4314 3292 4384 τῆς
3322 4310 3579 4381 ἀπειλῆς·
3602 4311 3667 4361 τὸ

2091 4393 2148 4447 δὲ
2198 4395 2405 4460 εἰπεῖν,
2465 4394 2534 4447 Τὸ
2591 4397 2783 4448 καλὶν
2832 4397 3144 4461 ποιοῦντες
3183 4398 3269 4464 μή
3317 4392 3660 4451 ἐκκακεῑτε.

2089 4477 2310 4541 τούτους
2336 4477 2591 4548 διεγείρει
2617 4478 2749 4546 πρὸς
2780 4478 3148 4550 ἐλεημοσύνην
3175 4477 3253 4548 τῷ
3283 4477 3539 4549 χρησίμῳ
3566 4475 3664 4545 τῆς

2092 4561 2487 4633 παραινέσεως.
2537 4562 2653 4614 Ἰνα
2700 4561 2809 4631 γὰρ
2856 4563 2970 4632 μὴ,
3024 4562 3350 4626 ἀκούσαντες
3397 4560 3496 4630 τῆς
3542 4560 3663 4612 κατ’

2089 4646 2315 4698 ἐκείνων
2343 4642 2713 4714 γεγενημένης
2739 4644 2987 4714 ἀπειλῆς,
3021 4645 3336 4698 συστείλωσι
3357 4643 3456 4706 τάς
3477 4642 3666 4713 χεῖράς

2088 4744 2253 4790 τινες,
2278 4725 2591 4781 ἐκκαλεῖται
2618 4726 2753 4797 πρὸς
2786 4726 3185 4799 φιλοφροσύνην
3218 4728 3435 4792 αὐτοὺς,
3467 4726 3662 4794 λέγων·

2093 4810 2162 4863 Τὸ
2203 4807 2395 4862 καλὸν
2422 4807 2733 4874 ποιοῦντες
2762 4809 2848 4877 μὴ
2876 4810 3199 4864 ἐκκακεῐτε.
3236 4811 3399 4864 ’Ὥστε
3439 4810 3532 4862 καὶ
3561 4809 3663 4880 ἀρ-

2085 4892 2269 4962 γοῦντι
2298 4892 2394 4943 ἐὰν
2427 4890 2552 4961 δῷς,
2589 4891 2750 4943 καλὸν
2784 4893 3111 4964 πεποίηκας.

2155 4974 2221 5030 θ’.
2256 4973 2426 5026 Τοῦτο
2455 4974 2550 5026 καὶ
2580 4974 2768 5037 ἐντοῖς
2800 4975 2927 5046 ἑξῆς
2958 4974 3117 5048 δῆλον
3137 4975 3408 5047 ἐποίησεν.
3433 4972 3614 5028 Εἰπὼν
3632 4984 3655 5012 ο

2082 5057 2222 5128 γὰρ,
2254 5057 2328 5111 El
2354 5073 2445 5121 τις
2477 5057 2590 5125 οὐχ
2620 5058 2912 5112 ὑπακούει
2938 5058 3018 5125 τῷ
3052 5060 3211 5128 λόγῳ
3240 5059 3408 5128 ἡμῶν
3428 5056 3527 5111 δια
3550 5056 3663 5123 τῆς

2080 5139 2414 5209 ἐπιστολῆς
2433 5180 2448 5204 ,
2478 5139 2694 5195 τοῦτον
2718 5142 3118 5211 σημειοῦσθε.
3157 5145 3255 5197 καὶ
3275 5142 3362 5213 μὴ
3391 5158 3659 5197 συνανα-

2077 5227 2373 5296 μίγνυσθε
2393 5224 2553 5290 αὐτῷ
2573 5242 2586 5255 ·
2630 5226 2724 5279 καὶ
2756 5227 2997 5297 ἐκκόψας
3027 5228 3190 5281 αὑτὸν
3240 5229 3349 5299 τῆς,
3380 5230 3531 5300 ίερᾶς
3561 5228 3660 5281 a6.-

2081 5311 2200 5379 λῆς,
2252 5309 2414 5363 πάλιν
2468 5308 2631 5362 αὐτὸν
2662 5309 2835 5381 ἑτέρῳ
2879 5314 3139 5366 συνάπτει
3165 5313 3373 5385 τρόπῳ,
3418 5313 3516 5377 τάς
3548 5314 3659 5367 τῶν

2082 5394 2423 5465 ἐκτεμόντων
2452 5392 2688 5457 διανοίας
2714 5392 2932 5451 οἰκειῶν
2961 5395 3110 5467 αὐτῷ
3135 5397 3229 5451 καὶ
3256 5397 3522 5466 συνάγων·
3562 5401 3657 5453 ἐπ-

2141 5601 2309 5680 bjlss.
2338 5603 2582 5680 ἐγλιληξέᾖς.
2622 5604 2736 5654 Cod.
2778 5605 2963 5680 7:68p:
2989 5607 3052 5670 μή
3097 5610 3342 5680 ὠμότητος
3360 5614 3651 5680 ὑποψίανῆ·

2080 5666 2254 5777 κληθῗς
2279 5664 2358 5711 καὶ
2381 5665 2638 5726 βαρύτητα,
2661 5680 2771 5727 qua:
2793 5668 2938 5717 lectio
2963 5664 3058 5719 n'on
3083 5664 3158 5722 osi
3181 5664 3454 5735 spémbnda

2145 5727 2168 5757 "
2240 5726 2291 5774 lii
2317 5726 2418 5777 ἑξῆς
2437 5727 2785 5776 κατεσκεύασεν
2818 5729 2975 5777 εἷπών.

2145 5727 2168 5757 ⁸
2193 5726 2291 5777 Alii
2317 5726 2418 5783 ἑξῆς
2437 5726 2785 5776 κατεσκεύασεν
2818 5729 2975 5778 εἷπών.
