4110 6198
481 306 585 370 289

480 430 655 498 ήγαγε
684 427 812 496 γοῦν
839 425 1030 494 λέγων’
1055 424 1150 494 Μὴ
1173 425 1253 492 ὡς
1284 425 1522 494 ἐχθρόν,
1560 424 1746 495 φησὶν,
1786 423 2048 494 ἡγεῖσθε,

477 509 617 572 ἀλλ’
644 509 725 574 ὡς
749 509 1038 578 ἀδελφόν.
1058 508 1267 578 ’Ὥσπερ
1292 503 1384 562 οῦν
1416 506 1605 570 εἰπὼν,
1637 507 1711 562 Εἰ
1735 525 1826 574 τις
1858 509 1930 562 οὐ
1959 506 2053 562 θέ-

478 597 569 648 λει
592 590 954 661 ἐργάζεσθαι,
968 589 1124 660 μηδὲ
1144 591 1411 655 ἐσθιέτω,
1432 591 1544 655 τοῖς
1571 591 1780 661 κυρίοις
1797 589 2049 644 ἐκέλευσε

480 676 678 746 πολλὴν
715 673 894 728 αὐτῶν
943 673 1210 727 ποιεῖσθαι
1251 673 1508 743 πρόνοιαν
1540 673 1736 728 πάλιν
1775 672 1919 727 οῦτω
1957 673 2052 726 καὶ

479 757 708 811 ἐνταῦθα
728 755 917 820 εἰπὼν,
953 760 1011 811 Μ
1016 757 1048 824 ὴ
1077 758 1610 826 συναναμίγνυσθε
1630 755 1808 823 αὐτῷ,
1833 757 1933 810 οὐκ
1949 757 2053 809 ἀπ-

481 840 707 910 έστησεν
729 837 893 892 αὐτοῦ
926 839 1025 910 τῆς
1050 839 1368 908 ἐπιμελείας
1399 840 1528 903 τοὺς
1561 839 1880 904 ἀκούοντας,
1916 837 2052 892 ἀλλά

477 921 573 976 καὶ
636 922 842 994 σφόδρα
897 922 1079 986 αὐτοῖς
1125 922 1508 976 ἀντιλαϐέσθαι
1573 922 2048 992 παρεκελεύσατο,

477 1004 735 1076 προσθεὶς
761 1005 856 1058 καὶ
883 1003 1072 1068 εἰπὼν,
1117 1003 1227 1059 Καὶ
1271 1004 1358 1074 μὴ
1403 1005 1484 1070 ὡς
1527 1005 1744 1074 ἐχθρὸν
1785 1005 2049 1076 ἡγεῖσθε,

478 1088 617 1149 ἀλλ’
665 1089 744 1154 ὡς
781 1087 1070 1156 ἀδελφόν.
1124 1086 1458 1158 Ἐχωρίσθης
1505 1088 1670 1141 αὐτοῦ
1716 1089 1815 1158 τῆς
1865 1104 2044 1140 συνουο

483 1170 603 1234 σίας
627 1209 642 1234 ,
678 1170 814 1224 ἀλλά
841 1168 915 1240 μὴ
948 1169 1223 1240 χωρισθῇς
1250 1169 1351 1239 τῆς
1377 1169 1701 1240 κηδεμονίας
1721 1187 1735 1201 ·
1767 1170 2052 1239 ἀπέκοψας

479 1252 641 1306 αὐτὸν
671 1252 769 1324 τῆς
797 1253 1035 1314 συνόδου,
1065 1251 1138 1322 μὴ
1173 1252 1454 1324 ἀποκόψῃς
1485 1252 1648 1305 αὐτὸν
1675 1254 1774 1323 τῆς
1805 1253 2048 1322 ἀγάπης.

482 1335 588 1395 Καὶ
612 1333 721 1404 γὰρ
766 1334 894 1388 αὐτὸ
934 1333 1090 1386 τοῦτο
1132 1333 1200 1386 δι’
1233 1334 1452 1404 ἀγάπην
1491 1333 1752 1387 ἐκέλευσα
1782 1334 2049 1402 γίνεσθαι,

482 1416 568 1478 ἵνα
588 1415 664 1486 τῷ
689 1415 951 1486 χωρισμῷ
995 1414 1284 1486 γενόμενος
1309 1415 1555 1485 βελτίων,
1589 1416 1724 1487 πρὸς
1766 1416 1826 1469 τὸ
1864 1415 2051 1471 λοιπὸν

478 1498 748 1571 ἐπανέλθῃ
793 1498 980 1568 σῶμαο
1033 1497 1154 1550 ἐπεὶ
1206 1499 1302 1551 καὶ
1355 1500 1402 1550 οἰ
1450 1498 1687 1570 πατέρες
1730 1498 1828 1569 τῆς
1871 1499 2052 1565 οἰκίας

477 1581 576 1651 τῆς
608 1580 815 1634 ἐαυτῶν
839 1578 1158 1632 ἐκϐάλλουσι
1186 1581 1314 1644 τοὺς
1340 1579 1552 1644 παῖδας,
1587 1581 1685 1651 οὐχ
1707 1581 1793 1634 ῖνα
1818 1581 1923 1648 ἔξω
1952 1583 2051 1654 μέ-

477 1681 607 1726 νωσι
643 1663 943 1732 διηνεκῶς,
989 1661 1102 1713 ἀλλ’
1161 1663 1248 1718 ἵνα
1294 1663 1372 1733 τῷ
1420 1663 1520 1733 τῆς
1566 1664 1744 1726 οἰκίας
1798 1665 2051 1718 ἐκπεσεῖν

478 1744 758 1817 γενόμενοι
797 1743 1224 1817 σωφρονέστεροι
1248 1787 1262 1807 ,
1293 1747 1430 1817 πρὸς
1471 1745 1568 1816 τὴν
1619 1747 1795 1800 οἰκίαν
1828 1747 2052 1802 ἐπανέλ-

478 1827 612 1880 θωσι
649 1826 832 1882 πάλιν.
873 1829 1016 1898 Πρὸς
1051 1831 1148 1900 μὲν
1175 1825 1268 1882 οὐν
1307 1829 1433 1890 τοὺς
1459 1829 1654 1899 ἀργίαν
1687 1830 2051 1897 ἐγκαλοῦντας

481 1907 640 1974 ἰκανά
663 1909 731 1961 τὰ
758 1910 1040 1980 εἰρημένα.
1647 1931 1650 1935 ·

560 1993 776 2064 Ἐπειδὴ
797 1994 854 2047 δὲ
877 1994 973 2047 καὶ
1000 1994 1187 2066 ἕτερός
1219 1996 1333 2046 ἐστι
1364 1993 1578 2057 πολλοῖς
1614 1994 2050 2066 μεμελετημένος

477 2074 632 2144 λόγος
664 2077 799 2147 πρὸς
830 2075 1147 2151 ἀπολογίαν,
1197 2075 1592 2146 ἀπανθρωπίας
1633 2077 1728 2129 καὶ
1768 2076 2050 2148 ὠμότητος

477 2159 694 2234 γέμων,
732 2158 946 2230 ἀνάγκη
990 2161 1082 2216 καὶ
1121 2158 1309 2212 τοῦτον
1345 2158 1672 2229 διεξελέγξαι
1724 2160 1907 2221 πάλιν,
1952 2160 2050 2231 οὐχ

478 2244 563 2295 ἵνα
585 2243 880 2312 ἀπολογίας
908 2245 1104 2307 αὐτοὺς
1135 2244 1620 2315 ἀποστερήσωμεν.
1644 2243 1794 2317 [278]
1819 2245 1932 2298 ἀλλ’
1962 2247 2050 2300 ἵνα

478 2325 754 2398 πείσωμεν
783 2325 880 2398 τὴν
907 2326 1007 2382 οὐκ
1039 2324 1224 2389 οὖσαν,
1271 2326 1388 2379 οὐδὲ
1412 2326 1728 2394 ὠφελοῦσαν
1756 2328 2050 2396 ἀπολογίαν

478 2407 796 2472 ἀποθέσθαι,
843 2407 942 2480 τὴν
968 2408 1026 2462 δὲ
1053 2405 1219 2462 οὖσαν
1264 2409 1357 2462 καὶ
1405 2409 1705 2480 προστῆναι
1747 2409 2050 2482 δυναμένην

476 2491 569 2543 ἐπὶ
596 2490 688 2544 τοῦ
727 2489 968 2561 βήματος
997 2489 1092 2543 τοῦ
1133 2488 1401 2560 Χριστοῦ,
1436 2489 1642 2561 ταύτην
1685 2491 1773 2544 διά
1817 2492 1926 2546 τῶν
1969 2492 2050 2563 ἔρ-

475 2588 588 2644 γων
621 2571 848 2643 μελετᾷν
873 2573 1157 2644 διηνεκῶς.

547 2655 644 2717 Τίς
678 2650 770 2706 οῦν
812 2656 958 2707 ἐστιν
990 2658 1022 2725 ή
1049 2654 1234 2724 ψυχρά
1271 2655 1365 2708 καὶ
1413 2654 1666 2726 ἀνόνητος
1696 2654 1804 2709 τῶν
1839 2654 2049 2709 πολλῶν

477 2734 769 2803 ἀπολογία;
807 2737 1168 2807 Παιδοτροφίᾳ
1197 2735 1362 2801 συζῶ,
1382 2739 1566 2807 φησὶν,
1584 2737 1761 2801 οἰκίας
1790 2739 2047 2810 προϊστα-

481 2835 601 2888 μαι,
640 2821 872 2886 γυναῖκα
899 2819 1105 2890 τρέφω,
1138 2819 1336 2884 πολλάς
1363 2819 1471 2890 ἔχω
1499 2819 1743 2891 δαπάνης
1778 2821 2045 2890 ἀνάγκαςο

477 2901 599 2953 ὅθεν
631 2902 730 2954 οὐκ
769 2901 984 2974 εὐπορῶ
1017 2903 1141 2966 τοὺς
1171 2903 1493 2973 προσιόντας
1524 2920 1613 2974 μοι
1638 2903 1828 2957 ἐλεεῖν.
1869 2906 1934 2960 Τί
1957 2905 2047 2958 λέ-

480 3000 634 3053 γεις;
668 2983 858 3038 Παιδία
893 2984 1132 3055 τρέφεις,
1163 2987 1258 3038 καὶ
1282 2986 1369 3039 διά
1399 2985 1556 3038 τοῦτο
1581 2987 1706 3051 τοὺς
1730 2989 2051 3057 προσιόντας

478 3061 579 3120 οὐκ
623 3065 820 3132 ἐλεεῖς;
853 3069 932 3118 Δι’
965 3068 1104 3121 αὐτά
1149 3068 1246 3139 μὲν
1274 3065 1367 3122 οῦν
1408 3067 1581 3122 ταῦτα
1612 3071 1737 3132 τούς
1767 3069 2050 3140 δεομένους

479 3149 648 3209 ἐλεεῖν
673 3148 771 3213 δεῖ,
800 3149 886 3204 διὰ
910 3151 978 3204 τά
1002 3151 1210 3217 παιδία,
1245 3153 1339 3206 καὶ
1366 3153 1465 3223 τὴν
1488 3151 1668 3206 αὐτῶν
1691 3155 2046 3223 προστασίαν,

481 3232 566 3285 ἵνα
599 3233 706 3285 ἀπὺ
733 3232 928 3300 ὀλίγων
959 3235 1257 3304 χρημάτων
1293 3236 1420 3288 ἵλεω
1451 3235 1542 3288 τὸν
1565 3236 1722 3288 δόντα
1759 3235 1896 3290 αὐτά
1919 3237 2050 3292 Θεὸν

479 3315 745 3386 ποιήσῃς,
792 3316 879 3368 ἵνα
923 3317 1230 3388 καταλίπῃς
1261 3318 1446 3380 αὐτοῖς
1492 3319 1800 3390 προστάτην
1845 3321 2050 3374 ἐκεῖνον

478 3398 572 3462 καὶ
605 3399 741 3468 μετά
770 3399 864 3453 τὸν
890 3399 980 3453 σὺν
1008 3398 1255 3464 θάνατον,
1286 3401 1373 3454 ἴνα
1400 3401 1600 3472 πολλὴν
1634 3403 1819 3466 αὐτοῖς
1845 3403 2052 3458 ἀνωθεν

478 3477 690 3532 εὔνοιαν
737 3480 1016 3552 ἐπισπάσῃ
1055 3482 1164 3534 ἀπὸ
1208 3481 1318 3535 τῶν
1359 3484 1583 3536 ἐκείνων
1627 3485 1924 3555 χρημάτων
1972 3485 2052 3556 τῷ

478 3560 596 3630 Θεῷ
641 3560 912 3614 δαπανῶν.
965 3565 1077 3632 Οὐχ
1123 3565 1256 3634 ὁρᾷς
1282 3601 1296 3625 ,
1353 3565 1438 3617 ὃτι
1488 3565 1671 3617 πολλοί
1731 3565 2052 3637 ἀνθρώπους

479 3641 842 3704 πλουτοῦντας
862 3642 954 3695 καί
982 3645 1040 3696 ἑν
1065 3645 1403 3709 δυναστείαις
1432 3646 1614 3713 ὄντας,
1639 3648 1933 3719 οὐδαμόθεν
1955 3651 2049 3704 αὐ-

477 3723 591 3789 τοῖς
619 3725 1026 3794 προσήκοντας,
1057 3728 1136 3788 εἰς
1178 3726 1278 3789 τὰς
1315 3726 1580 3798 διαθήκας
1613 3729 1873 3795 πολλάκις
1935 3733 2047 3785 εἰσ-

478 3806 690 3877 ήγαγον
716 3805 816 3869 τὰς
840 3807 1066 3874 ἑαυτῶν,
1083 3810 1176 3862 καί
1203 3811 1312 3873 τοῖς
1331 3811 1537 3864 ἐαυτῶν
1563 3815 1718 3867 παισὶ
1748 3815 2049 3888 συγκληρο-

478 3889 674 3959 νόμους
703 3889 987 3961 ἐποίησαν,
1031 3891 1100 3944 δι’
1146 3892 1274 3947 ἀλλο
1325 3896 1424 3965 μὲν
1465 3897 1636 3964 οὐδὲν,
1679 3899 1764 3951 ἵνα
1792 3899 1848 3952 δὲ
1875 3901 2050 3968 ἀσφά-

477 3974 633 4036 λειαν,
684 3973 796 4036 τοῖς
840 3974 1047 4040 ἑαυτῶν
1104 3977 1411 4047 κτήσωνται
1455 3983 1641 4034 παισὶν
1693 3983 1806 4036 ἀπὸ
1855 3984 2049 4052 ὀλίγων

478 4053 808 4125 χρημάτων;
835 4057 930 4109 καί
956 4057 1148 4122 ταῦτα,
1176 4061 1278 4113 οὐκ
1314 4062 1513 4126 εἰδότες
1544 4065 1658 4128 πῶς
1686 4066 2048 4123 διακείσονται

479 4135 618 4216 με.τά
653 4137 753 4207 τὴν
781 4139 962 4192 αὐτῶν
987 4140 1242 4214 τελευτὴν
1269 4146 1396 4216 περὶ
1423 4150 1549 4210 τοὺς
1577 4148 1756 4201 αὐτῶν
1782 4152 1977 4216 παῖδας
1997 4155 2046 4211 οἱ

474 4217 568 4304 τοῦ
602 4218 805 4290 κλήρου
827 4222 1107 4292 γενόμενοι
1137 4229 1414 4295 κοινωνοί;
1468 4231 1540 4282 Σύ
1569 4230 1624 4284 δέ
1667 4231 1823 4296 εἰδὼς
1846 4235 1906 4287 τὸ
1938 4236 2052 4304 φιλ-

477 4301 768 4374 άνθρωπον,
794 4306 888 4360 καὶ
923 4309 1158 4379 χρηστὸν
1205 4310 1302 4376 καὶ
1332 4311 1574 4378 ἐπιεικὲς
1601 4315 1693 4372 τοῦ
1724 4317 1817 4368 σοῦ
1850 4301 2050 4373 Δεσπό-

1164 323 1220 380 S.
1261 319 1544 380 IOANMS
1578 319 2070 378 CHRYSOSTOMI
2107 318 2430 374 ARCHH'ZP.
2468 313 3014 372 CONSTANTINOP.

3625 301 3734 358 ’ἔξω

2151 441 2245 478 του
2267 465 2281 490 ,
2313 424 2374 477 οὐ
2416 423 2662 492 ποιήσεις
2708 421 2869 475 αὐτὸν
2903 418 3156 475 κοινωνὸν
3186 419 3286 489 τῆς
3321 416 3589 487 διαθήκης
3628 417 3730 484 τῆς

2153 507 2285 577 σῆς;
2324 507 2386 559 οὐ
2416 507 2660 576 ποιήσεις
2695 503 2862 556 αὐτὸν
2891 501 3330 572 συγκληρονόμον
3365 499 3472 552 τῶν
3507 498 3719 551 παίδων

2151 590 2259 642 τῶν
2303 587 2440 654 σῶν;
2487 589 2581 642 καὶ
2614 589 2716 641 ποῦ
2749 587 2923 642 ταῦτα
2953 586 3159 656 πατρὸς
3181 626 3195 648 ,
3233 585 3354 636 εἰπέ
3389 600 3498 653 μοι,
3531 582 3730 645 παῖδας

2153 671 2459 741 φιλοῦντοςς
2496 672 2559 724 Εἰ
2583 669 2693 742 γάρ
2721 672 2858 742 κήδῃ
2891 669 2999 736 τῶν
3025 669 3324 739 τεχθέντων
3360 666 3592 729 παίδων,
3621 681 3725 717 κα-

2150 755 2372 809 τάλειπε
2414 757 2797 825 γραμματεῖον
2847 753 3031 815 αὐτοῖς
3055 792 3069 814 ,
3105 753 3166 804 ἐν
3197 742 3243 818 ᾧ
3279 748 3370 802 τὸν
3414 746 3544 800 Θεὸν
3587 746 3732 816 ἔχεις

2153 839 2468 892 ὑπεύθυνον.
2491 837 2663 891 Τοῦτο
2682 837 2912 906 μεγίστη
2932 832 3290 906 κληρονομία,
3311 831 3470 885 τοῦτο
3501 831 3732 898 κόσμος,

2150 921 2308 974 τοῦτο
2334 920 2619 988 ἀσφάλεια.
2638 920 2913 989 Εἰσάγαγε
2943 919 3011 971 αὐ
3023 917 3112 971 τὸν
3141 918 3221 979 εἰς
3240 915 3340 985 τὴν
3364 911 3732 984 κληρονομίαν

2150 1006 2252 1077 τὴν
2295 1002 2552 1067 ἐνταῦθα,
2589 1002 2676 1056 ἵνα
2710 1019 2769 1054 σε
2799 1001 2938 1072 μετά
2970 999 3077 1052 τῶν
3123 997 3328 1077 παίδων
3376 997 3455 1058 εἰς
3484 994 3581 1063 τὴν
3612 993 3733 1077 κλη-

2154 1071 2410 1160 ρονομίαν
2438 1071 2809 1154 ἀπεισαγὰγη
2840 1084 2940 1152 τήν
2973 1083 3106 1136 ἐκεῖ.
3137 1071 3306 1142 Οὗτος
3335 1080 3363 1131 ὀ
3393 1075 3734 1160 κληρονόμος

2158 1157 2420 1238 γενναῖος,
2450 1167 2850 1236 φιλάνθρωπος,
2883 1164 3140 1236 χρηστὸς,
3169 1160 3416 1222 δυνατὸς,
3449 1157 3730 1218 πλούσιος·

2151 1252 2290 1305 ὥστε
2339 1251 2458 1304 κατ’
2507 1249 2658 1302 οὐδὲν
2719 1248 2866 1301 ἐστιν
2918 1243 3254 1300 ὑποπτεῦσαι
3301 1243 3399 1313 τὴν
3445 1240 3732 1294 κοινωνίαν

2151 1335 2335 1389 αὐτοῦ.
2373 1333 2472 1388 Διά
2493 1333 2652 1386 τοῦτο
2672 1331 2770 1386 καὶ
2793 1329 2990 1400 σπόρος
3019 1330 3054 1399 ή
3082 1325 3422 1399 ἐλεημοσύνη
3455 1324 3730 1386 καλεῖται,

2151 1419 2338 1491 ἐπειδὴ
2374 1419 2474 1472 οὐκ
2509 1417 2626 1469 ἔστι
2677 1412 2887 1484 δαπάνη
2931 1412 2993 1465 τὸ
3043 1412 3309 1483 πρᾶγμα,
3362 1407 3500 1463 ἀλλά
3551 1406 3730 1491 πρόσε

2149 1503 2268 1566 οδος
2292 1519 2305 1533 ·
2327 1490 2398 1554 σύ
2439 1501 2531 1565 δὲ,
2568 1500 2696 1553 ὅταν
2734 1498 2832 1568 μὲν
2867 1495 3110 1568 σπείρειν
3151 1494 3280 1563 δέῃ,
3319 1493 3381 1546 οὐ
3414 1490 3730 1562 προσέχειςο

2151 1589 2232 1642 ὅτι
2273 1588 2448 1648 κενοῖς
2493 1585 2563 1637 τά
2601 1585 2826 1654 ταμιεῖα
2871 1580 2980 1634 τῶν
3013 1577 3256 1633 παλαιῶν
3295 1575 3652 1646 γεννημάτων
3680 1586 3728 1637 ο,

2151 1669 2288 1724 ἀλλά
2325 1668 2611 1739 προσέχεις
2667 1665 2744 1736 τῷ
2789 1663 3016 1736 μηδέπω
3047 1661 3276 1733 παρόντι
3303 1661 3414 1714 τῶν
3451 1658 3729 1729 γεννημέιο

2148 1769 2258 1805 των
2295 1749 2519 1821 ἀμητῷ·
2554 1749 2649 1802 καὶ
2695 1747 2890 1812 ταῦτα,
2937 1747 3039 1799 οὐκ
3071 1743 3250 1808 εἰδὼς,
3283 1745 3365 1797 ὅτι
3399 1743 3617 1803 πάντως
3644 1742 3734 1792 ἐκ·

2151 1835 2396 1903 ϐήσεται.
2467 1831 2574 1885 Καὶ
2615 1831 2725 1901 γὰρ
2777 1831 2871 1883 καὶ
2916 1828 3164 1900 ἐρυσίϐη,
3213 1827 3310 1879 καὶ
3357 1825 3590 1896 χάλαζα,
3638 1825 3733 1874 καὶ

2151 1916 2342 1986 ἁκρίς,
2379 1915 2474 1966 καὶ
2507 1913 2687 1984 ἀέρων
2716 1911 3022 1983 ἀνωμαλία,
3079 1911 3173 1965 καὶ
3199 1908 3370 1961 πολλά
3398 1907 3498 1976 τῆς
3520 1905 3733 1968 ἐλπίδος

2148 2001 2296 2071 ἡμᾶς
2335 1997 2646 2068 ἀντικρούει
2677 1997 2775 2067 τῆς
2805 1993 3135 2066 μελλούσηςο
3177 1993 3257 2055 εἰς
3291 1990 3350 2044 δὲ
3374 1989 3464 2042 τὸν
3503 1986 3730 2058 οὐρανὸν

2154 2083 2359 2155 μέλλων
2391 2081 2660 2153 σπείρειν,
2707 2081 2840 2135 ὃπου
2873 2080 3024 2132 πᾶσα
3063 2077 3159 2148 μὲν
3214 2072 3501 2144 ἀνωμαλία
3544 2071 3728 2142 ἀέρων

2150 2165 2496 2236 ἐκϐέϐληται,
2522 2165 2702 2234 πάσης
2731 2163 2786 2216 δὲ
2813 2161 2989 2230 λύπης
3019 2159 3113 2212 καί
3143 2156 3431 2226 ἐπιϐουλῆς
3461 2155 3731 2224 ἀνῄρηται

2150 2249 2421 2321 πρόφασις
2445 2289 2460 2312 ,
2507 2248 2685 2310 ὀκνεῖς
2730 2245 2823 2299 καὶ
2856 2243 3092 2315 ἀναδύῃ;
3129 2241 3239 2294 Καὶ
3272 2240 3429 2292 ποίαν
3476 2238 3731 2321 εὑρήσεις

2153 2320 2503 2401 συγγνώμην,
2537 2330 2666 2384 ὅταν
2707 2331 2788 2392 εἱς
2825 2328 2921 2399 μὲν
2953 2327 3051 2396 τὴν
3079 2325 3182 2394 γῆν
3209 2321 3558 2377 καταϐάλλων
3594 2320 3730 2390 θαῤ-

2153 2417 2273 2486 ρῇς,
2321 2415 2416 2467 καὶ
2462 2411 2600 2483 μετά
2639 2411 2949 2482 προθυμίας
2990 2408 3150 2462 τοῦτο
3180 2410 3362 2477 ποιῇς,
3408 2409 3487 2468 εἰς
3533 2404 3590 2457 δὲ
3633 2402 3731 2475 τὴν

2149 2500 2304 2568 χεῖρα
2328 2497 2420 2550 τοῦ
2450 2495 2586 2549 Θεοῦ
2626 2495 2834 2566 μέλλων
2858 2491 3242 2554 καταϐάλλειν,
3264 2491 3443 2552 ὀκνεῖς
3481 2488 3576 2541 καὶ
3603 2488 3732 2557 ἀμε-

2149 2577 2294 2641 λεῖς;
2344 2578 2409 2631 Εἰ
2458 2577 2566 2647 γάρ
2613 2578 2647 2646 ή
2702 2576 2774 2645 γῆ
2819 2575 2888 2629 τά
2931 2572 3347 2644 καταϐληθέντα
3401 2569 3731 2631 ἀποδίδωσι,

2149 2660 2331 2732 πολλῷ
2367 2661 2567 2731 μᾶλλον
2611 2661 2645 2730 ή
2683 2658 2778 2712 τοῦ
2822 2656 2960 2712 Θεοῦ
3001 2658 3152 2728 χεὶρ,
3200 2656 3344 2726 ἀπερ
3380 2654 3448 2709 ἂν
3488 2652 3728 2723 δέξηται,

2153 2744 2294 2817 μετά
2321 2745 2501 2814 πάσης
2527 2742 2798 2798 ἀποδώσει
2832 2757 2914 2795 σοι
2937 2740 3038 2811 τῆς
3067 2738 3404 2810 περιουσίας.

2223 2827 2270 2880 ι’.
2289 2826 2453 2880 Ταῦτ’
2488 2821 2582 2880 οὐν
2620 2824 2844 2889 εἰδότες,
2895 2823 2969 2896 μὴ
3002 2826 3068 2895 τῇ
3103 2821 3318 2893 δαπάνη
3347 2818 3730 2890 προσέχωμεν,

2149 2911 2278 2965 ὅταν
2293 2908 2665 2980 ἐλεημοσύνην
2683 2909 2948 2978 ποιῶμεν,
2961 2906 3098 2960 ἀλλά
3115 2907 3179 2976 τῇ
3200 2903 3448 2976 προσόδῳ
3469 2903 3559 2955 καὶ
3576 2898 3731 2972 [279}

2147 2996 2268 3057 ταῖς
2302 2991 2626 3063 μελλούσαις
2662 2989 2879 3055 ἐλπίσι,
2917 2987 3113 3059 καὶτῷ
3143 2987 3374 3058 παρόντι
3397 2985 3457 3036 δὲ
3501 2983 3683 3055 κέρδει
3704 3002 3718 3015 ·

2147 3077 2209 3129 οὐ
2244 3075 2355 3146 γὰρ
2392 3073 2675 3144 βασιλείαν
2701 3069 2946 3143 οὐρανῶν
2975 3069 3314 3140 ἐλεημοσύνη
3351 3066 3601 3139 προξενεῖ
3634 3065 3732 3135 μό-

2148 3176 2258 3223 νον,
2289 3157 2426 3210 ἀλλά
2453 3157 2548 3210 καὶ
2574 3155 2672 3228 τὴν
2701 3153 2845 3208 κατά
2871 3153 2966 3208 τὸν
2999 3153 3242 3224 παρόντα
3274 3150 3388 3221 βίον
3430 3149 3730 3219 ἀσφάλειάν

2146 3257 2206 3292 τε
2250 3239 2346 3296 καὶ
2379 3239 2661 3309 ἀφθονίαν.
2698 3237 2796 3302 Τίς
2821 3235 2998 3292 ταῦτά
3043 3253 3210 3308 φησιν
3237 3252 3252 3300 ;
3289 3234 3463 3298 Αὐτὸς
3495 3237 3524 3287 ὀ
3552 3232 3727 3286 ταῦτα

2146 3321 2328 3375 δοῦναι
2377 3321 2585 3393 κύριος.
2621 3322 2680 3374 '0
2709 3320 2818 3392 γάρ
2845 3319 2914 3373 τὰ
2951 3318 3116 3372 αὐτοῦ
3149 3318 3367 3389 πένησι,
3399 3315 3554 3386 φησί,
3584 3315 3728 3381 δούς,

2149 3405 2684 3458 ἑκατονταπλασίονα
2721 3403 2953 3476 λήψεται
3005 3402 3064 3456 ἐν
3087 3400 3166 3472 τῷ
3199 3399 3357 3458 αἰῶνι
3397 3398 3595 3468 τούτῳ,
3637 3397 3733 3452 καὶ

2150 3486 2297 3559 ζωὴν
2337 3487 2556 3542 αἰώνιον
2603 3487 3023 3560 κληρονομήσει.
3079 3485 3246 3556 Ὁρᾷς
3281 3485 3339 3536 ἐν
3385 3481 3624 3553 ἑκατέρᾳ
3653 3483 3722 3552 τῇ

2151 3569 2264 3640 ζωῇ
2294 3569 2393 3633 τάς
2423 3570 2658 3640 ἀμοιϐάς
2677 3569 2958 3640 διδομένας
2983 3567 3124 3640 μετὰ
3153 3566 3353 3636 πολλῆς
3381 3567 3482 3636 τῆς
3506 3581 3727 3636 περιου-

2151 3652 2305 3717 σίας;
2338 3651 2430 3723 Μή
2456 3655 2637 3706 τοίνυν
2662 3651 2932 3723 ὀκνῶμεν,
2961 3651 3096 3723 μηδὲ
3118 3649 3572 3720 ἀναϐαλλώμεθα,
3595 3647 3729 3703 ἀλλά

2149 3733 2271 3786 καθ’
2301 3734 2544 3805 ἑκάστην
2595 3735 2808 3807 ἡμέραν
2850 3733 2941 3787 τὸν
2967 3733 3067 3803 τῆς
3099 3731 3471 3804 ἐλεημοσύνης
3517 3730 3727 3802 καρπὸν

2148 3818 2427 3890 φέρωμεν,
2477 3819 2565 3873 ἵνα
2592 3820 2685 3872 καὶ
2719 3817 2788 3871 τὰ
2813 3818 3056 3888 παρόντα
3089 3819 3223 3887 ήμῖν
3255 3815 3559 3886 πράγματα
3589 3814 3729 3867 κατά

2151 3900 2277 3972 ῥοῦν
2309 3902 2566 3972 φέρηται,
2594 3902 2687 3955 καὶ
2719 3901 2820 3972 τῆς
2844 3899 3146 3971 μελλούσης
3179 3899 3528 3968 ἐπιτύχωμεν
3547 3895 3726 3966 ζωῆςε

2146 3979 2216 4054 ἧς
2251 3982 2461 4051 γένοιτο
2494 3983 2704 4046 πάντας
2753 3984 2900 4054 ἡμᾶς
2935 3984 3248 4052 μετασχεῖν,
3281 3981 3466 4051 χάριτι
3507 3979 3602 4032 καὶ
3643 3995 3730 4047 φι-

2148 4063 2466 4136 λανθρωπίᾳ
2495 4065 2590 4119 τοῦ
2629 4063 2839 4136 Κυρίου
2885 4064 3042 4134 ήμῶν
3084 4061 3259 4135 Ἰησοῦ
3303 4059 3565 4133 Χριστοῦ,
3609 4061 3723 4132 μεθ’

2148 4141 2209 4202 οῦ
2234 4147 2314 4217 τῷ
2362 4147 2560 4218 Πατρὶ,
2597 4148 2714 4218 ἀμα
2747 4145 2827 4218 τῷ
2868 4146 3008 4217 ἀγίῳ
3055 4145 3352 4217 Πνεύματι,
3381 4143 3541 4210 δόξαν
3569 4141 3725 4212 τιμὴ.

2151 4229 2357 4301 κράτος
2389 4231 2470 4292 εἰς
2494 4229 2620 4293 τούς
2649 4228 2853 4293 αἰῶνας
2881 4229 2991 4283 τῶν
3026 4229 3258 4286 αἰώνων.
3310 4229 3506 4299 Ἀμήν.

2215 4335 2242 4364 ⁸
2268 4333 2402 4384 Unus
2425 4346 2516 4387 ms.
2539 4333 2621 4384 hic
2643 4338 2698 4383 et
2718 4346 2829 4383 mox
2847 4333 3138 4396 γενημάτων.

1253 4580 1603 4674 ΠΑΛΙΝ
1659 4584 1831 4682 ΕΙΣ
1876 4589 2106 4674 ΤΗΝ
2154 4591 2533 4681 ΑΥΤΗΝ
2580 4593 2910 4683 ΡΗΣΙΝ

464 4746 489 4782 ι
511 4723 792 4808 Ἔχοντες
817 4730 885 4782 δὲ
916 4731 981 4798 τὸ
1008 4733 1153 4790 αὐτὸ
1184 4736 1423 4808 Πνεῦμα
1452 4740 1561 4810 τῆς
1593 4744 1869 4812 πίστεως,
1917 4747 2066 4810 κατά
2094 4749 2160 4802 τὸ
2186 4754 2613 4822 γεγραμμένον-ο
2641 4773 2660 4806 ι
2701 4755 2801 4808 καί
2838 4753 2938 4809 διὰ
2983 4755 3039 4808 τί
3089 4750 3261 4820 κοινῇ
3304 4748 3527 4814 πάντες
3574 4745 3720 4808 ἀπφ

1382 4833 1758 4902 λαμϐάνουσι
1783 4838 1854 4902 τὰ
1877 4838 2095 4922 ἀγαθὰ,
2115 4841 2216 4907 καί
2236 4845 2369 4914 περὶ
2407 4845 2850 4916 ἐνιεημοσύνης.

540 5054 614 5106 α’.
633 5050 712 5122 Τῇ
737 5049 980 5134 προτέρα
1002 5052 1221 5118 συνάξει
1240 5056 1334 5110 καὶ
1350 5060 1418 5128 τῇ
1438 5059 1543 5130 πρὸ
1564 5059 1780 5132 ἐκείνης
1802 5060 1930 5131 μίαν
1953 5061 2046 5119 τοῦ
2142 5060 2297 5130 λ”ιψω
2316 5098 2330 5122 ,
2362 5059 2455 5112 καὶ
2487 5059 2584 5131 τὴν
2619 5059 2894 5132 ὑμετέραν
2923 5061 3180 5134 διεγείρω.
3205 5060 3540 5133 προθυμίαν,
3569 5059 3713 5114 οῦτω

476 5134 780 5189 Λποστόλου
805 5131 1367 5206 ρῆσινάπολαϐόντες,
1399 5142 1478 5204 εἰς
1512 5142 1610 5214 τήν
1635 5131 1896 5215 ἐξήγησιν
1914 5146 2045 5198 ταύ-

467 5237 570 5290 της
609 5217 826 5287 ἅπαντα
859 5218 951 5272 τὸν
987 5219 1144 5288 λόγον
1177 5221 1566 5294 ἀνηλώσαμεν*
1605 5219 1698 5279 καῖ
1725 5227 1966 5298 τήμερον
1990 5227 2047 5280 δέ

472 5307 540 5376 τῇ
603 5303 742 5374 αὐτῇ
794 5302 967 5376 ταύτῃ
1025 5305 1184 5360 πάλιν
1237 5307 1576 5380 ἐνδιατρίψαι
1634 5310 2046 5380 σπουδάζομεν·

468 5385 734 5457 ποιοῦμεν
757 5385 818 5439 δὲ
846 5387 1007 5442 τοῦτο
1031 5389 1284 5463 ἐπίτηδες
1322 5394 1459 5465 πρὸς
1487 5393 1756 5463 ὠφέλειαν
1779 5394 1880 5464 τῆς
1913 5394 2046 5464 ὑμε-

465 5469 634 5540 τέρας
666 5470 890 5544 ἀγάπης
911 5513 926 5536 ,
960 5474 1022 5527 οὐ
1048 5473 1185 5545 πρὸς
1221 5476 1478 5544 ἐπίδειξιν
1503 5477 1600 5550 τήν
1639 5477 1931 5548 ἡμετέραν.
1968 5476 2041 5530 Οὐ

469 5551 578 5622 γὰρ
607 5551 695 5614 ἵνα
738 5553 962 5625 γόνιμόν
993 5558 1012 5580 ⁸
1059 5575 1179 5612 τινα
1209 5561 1303 5613 καὶ
1330 5560 1594 5615 πολύνουν
1627 5560 1863 5630 ἐμαυτὸν
1905 5559 2043 5614 ἀπο-

469 5635 647 5704 ιςήνω,
683 5636 799 5689 ἀλλ’
835 5639 924 5693 ἵνα
963 5642 1057 5694 καὶ
1091 5641 1190 5714 τὴν
1221 5645 1436 5699 Παύλου
1476 5645 1668 5714 σοφίαν
1714 5645 1844 5717 ὑμῖν
1882 5646 2046 5698 ἐκκα-

527 5723 544 5745 ⁸
731 5739 844 5786 mss.
875 5730 1119 5800 γνώριμον,

2147 5140 2521 5221 μεταχειρίζω,
2549 5143 2646 5208 τὸν,
2670 5142 2864 5213 λόγον.
2895 5145 2967 5198 Τό
2994 5162 3052 5198 τε
3079 5145 3185 5217 γὰρ
3211 5143 3373 5214 βάθος
3391 5143 3492 5213 τῆς
3517 5144 3720 5198 ἐκείνου

2145 5227 2411 5292 συνέσεως
2457 5225 2707 5292 φαίνεται
2737 5227 3031 5295 μειζόνως,
3082 5229 3209 5282 ὅταν
3238 5228 3302 5280 ἐκ
3338 5228 3468 5296 μιᾶς
3513 5227 3723 5297 ῥήσεως

2142 5307 2428 5371 τοσούτους
2472 5309 2605 5380 ἡμῖν
2648 5308 2808 5383 τίκτῃ
2860 5312 3137 5381 ποταμοὺς
3187 5308 3476 5380 νοημάτων
3504 5325 3518 5339 ο
3561 5309 3722 5379 ὑμεῖς

2141 5410 2200 5447 τε
2246 5393 2528 5464 μαθόντες,
2557 5395 2639 5448 ὅτι
2666 5395 2762 5448 καὶ
2805 5396 2913 5450 ἀπὸ
2947 5398 3075 5468 μιᾶς
3112 5395 3310 5473 λέξεως
3351 5394 3720 5473 ἀποστολικῆς

2149 5475 2354 5545 ἄφατον
2401 5475 2515 5529 ἔστι
2568 5478 2963 5548 καρπώσασθαι
3011 5471 3327 5548 φιλοσοφίας
3377 5476 3627 5540 πλοῦτον,
3661 5471 3724 5541 οὐ

2153 5559 2598 5630 παραδραμεῖσθε
2631 5560 2726 5624 τάς
2763 5563 3073 5628 Ἐπιστολάς
3096 5562 3304 5626 ἁπλῶς,
3337 5559 3472 5614 ἀλλά
3517 5577 3724 5630 προαχξ

2151 5643 2404 5712 θήσεσθε,
2429 5645 2549 5707 ταῖς
2579 5643 2757 5696 ἐλπίσι
2785 5644 3010 5708 ταύταις
3037 5645 3380 5716 τρεφόμενοι,
3409 5643 3518 5697 τῶν
3536 5645 3716 5712 ἐγκει-

2158 5726 2331 5798 μένων
2355 5728 2563 5799 ῥήσεων
2599 5729 2832 5800 ὲκάστην
2863 5730 3000 5801 μετά
3036 5719 3232 5802 πολλῆς
3264 5725 3722 5801 περιεργάζεσθαι,
