  <div class='ocr_page' id='page_1' title='image "/cluster/home/n/w/nwhite01/storage/ocr_20150623/51/hvd.32044073501900/288.png"; bbox 0 0 4110 6198; ppageno 0'>
   <div class='ocr_carea' id='block_1_1' title="bbox 370 248 483 305">
    <p class='ocr_par' dir='ltr' id='par_1_1' title="bbox 370 248 483 305">
     <span class='ocr_line' id='line_1_1' title="bbox 370 248 483 305; baseline -0.018 1"><span class='ocrx_word' id='word_1_1' title='bbox 370 248 483 305; x_wconf 74' lang='lat'><strong>289</strong></span> 
     </span>
    </p>
   </div>
   <div class='ocr_carea' id='block_1_2' title="bbox 375 346 1967 430">
    <p class='ocr_par' dir='ltr' id='par_1_2' title="bbox 375 346 1967 430">
     <span class='ocr_line' id='line_1_2' title="bbox 375 346 1967 430; baseline -0.011 -14"><span class='ocrx_word' id='word_1_2' title='bbox 375 365 701 430; x_wconf 72' lang='lat' dir='ltr'><strong>Quapropter</strong></span> <span class='ocrx_word' id='word_1_3' title='bbox 728 356 846 412; x_wconf 74' lang='lat' dir='ltr'><strong>bme</strong></span> <span class='ocrx_word' id='word_1_4' title='bbox 872 352 1034 409; x_wconf 80' lang='lat' dir='ltr'><strong>verba</strong></span> <span class='ocrx_word' id='word_1_5' title='bbox 1064 348 1238 406; x_wconf 83' lang='lat' dir='ltr'><strong>subdit</strong></span> <span class='ocrx_word' id='word_1_6' title='bbox 1264 388 1281 415; x_wconf 95' lang='lat'><strong>,</strong></span> <span class='ocrx_word' id='word_1_7' title='bbox 1311 346 1428 401; x_wconf 74' lang='lat' dir='ltr'><strong>Non</strong></span> <span class='ocrx_word' id='word_1_8' title='bbox 1471 356 1525 400; x_wconf 90' lang='lat' dir='ltr'><strong>ut</strong></span> <span class='ocrx_word' id='word_1_9' title='bbox 1562 346 1818 400; x_wconf 84' lang='lat' dir='ltr'><strong>inimicum</strong></span> <span class='ocrx_word' id='word_1_10' title='bbox 1857 346 1967 400; x_wconf 74' lang='lat' dir='ltr'><strong>exi-</strong></span> 
     </span>
    </p>
   </div>
   <div class='ocr_carea' id='block_1_3' title="bbox 375 434 1967 519">
    <p class='ocr_par' dir='ltr' id='par_1_3' title="bbox 375 434 1967 519">
     <span class='ocr_line' id='line_1_3' title="bbox 375 434 1967 519; baseline -0.012 -11"><span class='ocrx_word' id='word_1_11' title='bbox 375 454 595 518; x_wconf 79' lang='lat' dir='ltr'><strong>stimate,</strong></span> <span class='ocrx_word' id='word_1_12' title='bbox 611 449 700 504; x_wconf 81' lang='lat' dir='ltr'><strong>sed</strong></span> <span class='ocrx_word' id='word_1_13' title='bbox 722 460 776 502; x_wconf 88' lang='lat' dir='ltr'><strong>ut</strong></span> <span class='ocrx_word' id='word_1_14' title='bbox 798 448 1004 519; x_wconf 76' lang='lat' dir='ltr'><strong>fratrem</strong></span> <span class='ocrx_word' id='word_1_15' title='bbox 1032 441 1089 515; x_wconf 73' lang='lat'><strong>(2</strong></span> <span class='ocrx_word' id='word_1_16' title='bbox 1104 439 1283 501; x_wconf 76' lang='lat' dir='ltr'><strong>Thess.</strong></span> <span class='ocrx_word' id='word_1_17' title='bbox 1297 439 1351 495; x_wconf 77' lang='lat'><strong>5.</strong></span> <span class='ocrx_word' id='word_1_18' title='bbox 1370 434 1479 508; x_wconf 84' lang='lat' dir='ltr'><strong>l5).</strong></span> <span class='ocrx_word' id='word_1_19' title='bbox 1511 434 1967 505; x_wconf 81' lang='lat' dir='ltr'><strong>Quemadmodum</strong></span> 
     </span>
    </p>
   </div>
   <div class='ocr_carea' id='block_1_4' title="bbox 376 529 1967 614">
    <p class='ocr_par' dir='ltr' id='par_1_4' title="bbox 376 529 1967 614">
     <span class='ocr_line' id='line_1_4' title="bbox 376 529 1967 614; baseline -0.011 -15"><span class='ocrx_word' id='word_1_20' title='bbox 376 543 537 614; x_wconf 87' lang='lat' dir='ltr'><strong>igitur</strong></span> <span class='ocrx_word' id='word_1_21' title='bbox 560 557 681 599; x_wconf 89' lang='lat' dir='ltr'><strong>cum</strong></span> <span class='ocrx_word' id='word_1_22' title='bbox 709 539 950 602; x_wconf 88' lang='lat' dir='ltr'><strong>dixisset,</strong></span> <span class='ocrx_word' id='word_1_23' title='bbox 982 534 1040 591; x_wconf 88' lang='lat' dir='ltr'><strong>Si</strong></span> <span class='ocrx_word' id='word_1_24' title='bbox 1065 534 1177 604; x_wconf 85' lang='lat' dir='ltr'><strong>quis</strong></span> <span class='ocrx_word' id='word_1_25' title='bbox 1211 549 1313 587; x_wconf 85' lang='lat' dir='ltr'><strong>non</strong></span> <span class='ocrx_word' id='word_1_26' title='bbox 1352 530 1457 586; x_wconf 73' lang='lat' dir='ltr'><strong>vult</strong></span> <span class='ocrx_word' id='word_1_27' title='bbox 1485 530 1735 596; x_wconf 85' lang='lat' dir='ltr'><strong>laborare,</strong></span> <span class='ocrx_word' id='word_1_28' title='bbox 1766 545 1828 584; x_wconf 80' lang='lat' dir='ltr'><strong>ne</strong></span> <span class='ocrx_word' id='word_1_29' title='bbox 1852 529 1967 582; x_wconf 85' lang='lat' dir='ltr'><strong>edat</strong></span> 
     </span>
    </p>
   </div>
   <div class='ocr_carea' id='block_1_5' title="bbox 380 624 1966 705">
    <p class='ocr_par' dir='ltr' id='par_1_5' title="bbox 380 624 1966 705">
     <span class='ocr_line' id='line_1_5' title="bbox 380 624 1966 705; baseline -0.01 -16"><span class='ocrx_word' id='word_1_30' title='bbox 380 634 401 705; x_wconf 94' lang='lat'>(</span> <span class='ocrx_word' id='word_1_31' title='bbox 424 633 506 688; x_wconf 76' lang='lat' dir='ltr'><strong>Ib.</strong></span> <span class='ocrx_word' id='word_1_32' title='bbox 533 651 583 691; x_wconf 80' lang='grc' dir='ltr'><strong>υ.</strong></span> <span class='ocrx_word' id='word_1_33' title='bbox 614 632 682 688; x_wconf 80' lang='grc'><strong>10</strong></span> <span class='ocrx_word' id='word_1_34' title='bbox 705 632 724 701; x_wconf 92' lang='grc'><strong>)</strong></span> <span class='ocrx_word' id='word_1_35' title='bbox 750 671 765 697; x_wconf 87' lang='grc'><em>,</em></span> <span class='ocrx_word' id='word_1_36' title='bbox 794 629 912 684; x_wconf 88' lang='lat' dir='ltr'><strong>illos</strong></span> <span class='ocrx_word' id='word_1_37' title='bbox 939 635 1086 681; x_wconf 91' lang='lat' dir='ltr'><strong>certe</strong></span> <span class='ocrx_word' id='word_1_38' title='bbox 1105 666 1121 693; x_wconf 96' lang='lat'><strong>,</strong></span> <span class='ocrx_word' id='word_1_39' title='bbox 1149 624 1236 695; x_wconf 93' lang='lat' dir='ltr'><strong>qui</strong></span> <span class='ocrx_word' id='word_1_40' title='bbox 1282 629 1541 694; x_wconf 89' lang='lat' dir='ltr'><strong>possunt,</strong></span> <span class='ocrx_word' id='word_1_41' title='bbox 1568 635 1751 677; x_wconf 90' lang='lat' dir='ltr'><strong>curam</strong></span> <span class='ocrx_word' id='word_1_42' title='bbox 1781 634 1966 675; x_wconf 91' lang='lat' dir='ltr'><strong>eorum</strong></span> 
     </span>
    </p>
   </div>
   <div class='ocr_carea' id='block_1_6' title="bbox 378 709 1971 793">
    <p class='ocr_par' dir='ltr' id='par_1_6' title="bbox 378 709 1971 793">
     <span class='ocr_line' id='line_1_6' title="bbox 378 709 1971 793; baseline -0.007 -15"><span class='ocrx_word' id='word_1_43' title='bbox 378 724 579 781; x_wconf 85' lang='lat' dir='ltr'><strong>habere</strong></span> <span class='ocrx_word' id='word_1_44' title='bbox 612 721 771 793; x_wconf 90' lang='lat' dir='ltr'><strong>jussit</strong></span> <span class='ocrx_word' id='word_1_45' title='bbox 812 736 826 772; x_wconf 92' lang='lat'><strong>:</strong></span> <span class='ocrx_word' id='word_1_46' title='bbox 867 719 939 774; x_wconf 91' lang='lat' dir='ltr'><strong>ita</strong></span> <span class='ocrx_word' id='word_1_47' title='bbox 983 717 1143 771; x_wconf 88' lang='lat' dir='ltr'><strong>etiam</strong></span> <span class='ocrx_word' id='word_1_48' title='bbox 1184 713 1275 771; x_wconf 88' lang='lat' dir='ltr'><strong>hic</strong></span> <span class='ocrx_word' id='word_1_49' title='bbox 1310 720 1654 784; x_wconf 74' lang='lat' dir='ltr'><strong>posteaquam</strong></span> <span class='ocrx_word' id='word_1_50' title='bbox 1686 710 1853 775; x_wconf 91' lang='lat' dir='ltr'><strong>dixit,</strong></span> <span class='ocrx_word' id='word_1_51' title='bbox 1888 709 1971 767; x_wconf 74' lang='lat' dir='ltr'><strong>Ne</strong></span> 
     </span>
    </p>
   </div>
   <div class='ocr_carea' id='block_1_7' title="bbox 379 801 1968 874">
    <p class='ocr_par' dir='ltr' id='par_1_7' title="bbox 379 801 1968 874">
     <span class='ocr_line' id='line_1_7' title="bbox 379 801 1968 874; baseline -0.009 -6"><span class='ocrx_word' id='word_1_52' title='bbox 379 811 802 869; x_wconf 78' lang='lat' dir='ltr'><strong>cammisceamiui</strong></span> <span class='ocrx_word' id='word_1_53' title='bbox 828 809 927 874; x_wconf 83' lang='lat' dir='ltr'><strong>illi,</strong></span> <span class='ocrx_word' id='word_1_54' title='bbox 959 823 1065 864; x_wconf 92' lang='lat' dir='ltr'><strong>non</strong></span> <span class='ocrx_word' id='word_1_55' title='bbox 1090 806 1341 861; x_wconf 87' lang='lat' dir='ltr'><strong>alienavit</strong></span> <span class='ocrx_word' id='word_1_56' title='bbox 1367 803 1435 859; x_wconf 91' lang='lat' dir='ltr'><strong>ab</strong></span> <span class='ocrx_word' id='word_1_57' title='bbox 1461 803 1577 872; x_wconf 85' lang='lat' dir='ltr'><strong>ejus</strong></span> <span class='ocrx_word' id='word_1_58' title='bbox 1602 816 1730 857; x_wconf 88' lang='lat' dir='ltr'><strong>cura</strong></span> <span class='ocrx_word' id='word_1_59' title='bbox 1759 801 1968 856; x_wconf 87' lang='lat' dir='ltr'><strong>audito-</strong></span> 
     </span>
    </p>
   </div>
   <div class='ocr_carea' id='block_1_8' title="bbox 378 891 1971 975">
    <p class='ocr_par' dir='ltr' id='par_1_8' title="bbox 378 891 1971 975">
     <span class='ocr_line' id='line_1_8' title="bbox 378 891 1971 975; baseline -0.009 -15"><span class='ocrx_word' id='word_1_60' title='bbox 378 918 487 972; x_wconf 67' lang='grc' dir='ltr'><strong>πε,</strong></span> <span class='ocrx_word' id='word_1_61' title='bbox 513 902 610 960; x_wconf 85' lang='lat' dir='ltr'><strong>sed</strong></span> <span class='ocrx_word' id='word_1_62' title='bbox 634 902 786 975; x_wconf 89' lang='lat' dir='ltr'><strong>jubet</strong></span> <span class='ocrx_word' id='word_1_63' title='bbox 813 899 1097 970; x_wconf 85' lang='lat' dir='ltr'><strong>diligenter</strong></span> <span class='ocrx_word' id='word_1_64' title='bbox 1121 912 1245 953; x_wconf 88' lang='lat' dir='ltr'><strong>eum</strong></span> <span class='ocrx_word' id='word_1_65' title='bbox 1274 894 1567 963; x_wconf 86' lang='lat' dir='ltr'><strong>suscipere,</strong></span> <span class='ocrx_word' id='word_1_66' title='bbox 1597 892 1783 948; x_wconf 85' lang='lat' dir='ltr'><strong>dicens</strong></span> <span class='ocrx_word' id='word_1_67' title='bbox 1809 910 1822 947; x_wconf 92' lang='lat'><strong>:</strong></span> <span class='ocrx_word' id='word_1_68' title='bbox 1853 891 1971 946; x_wconf 82' lang='lat' dir='ltr'><strong>Non</strong></span> 
     </span>
    </p>
   </div>
   <div class='ocr_carea' id='block_1_9' title="bbox 380 982 1970 1057">
    <p class='ocr_par' dir='ltr' id='par_1_9' title="bbox 380 982 1970 1057">
     <span class='ocr_line' id='line_1_9' title="bbox 380 982 1970 1057; baseline -0.009 -9"><span class='ocrx_word' id='word_1_69' title='bbox 380 1005 437 1049; x_wconf 87' lang='lat' dir='ltr'><strong>ut</strong></span> <span class='ocrx_word' id='word_1_70' title='bbox 460 993 718 1049; x_wconf 80' lang='lat' dir='ltr'><strong>inimicum</strong></span> <span class='ocrx_word' id='word_1_71' title='bbox 744 991 1026 1047; x_wconf 61' lang='lat' dir='ltr'><strong>existimate</strong></span> <span class='ocrx_word' id='word_1_72' title='bbox 1048 1029 1063 1054; x_wconf 98' lang='lat'><strong>,</strong></span> <span class='ocrx_word' id='word_1_73' title='bbox 1092 987 1182 1042; x_wconf 84' lang='lat' dir='ltr'><strong>sed</strong></span> <span class='ocrx_word' id='word_1_74' title='bbox 1208 995 1261 1039; x_wconf 87' lang='lat' dir='ltr'><strong>ut</strong></span> <span class='ocrx_word' id='word_1_75' title='bbox 1287 989 1516 1057; x_wconf 73' lang='lat' dir='ltr'><strong>fratrem.</strong></span> <span class='ocrx_word' id='word_1_76' title='bbox 1549 982 1829 1053; x_wconf 77' lang='lat' dir='ltr'><strong>Reliquisti</strong></span> <span class='ocrx_word' id='word_1_77' title='bbox 1856 983 1970 1051; x_wconf 79' lang='lat' dir='ltr'><strong>ejus</strong></span> 
     </span>
    </p>
   </div>
   <div class='ocr_carea' id='block_1_10' title="bbox 380 1071 1960 1146">
    <p class='ocr_par' dir='ltr' id='par_1_10' title="bbox 380 1071 1960 1146">
     <span class='ocr_line' id='line_1_10' title="bbox 380 1071 1960 1146; baseline -0.008 -6"><span class='ocrx_word' id='word_1_78' title='bbox 380 1081 821 1140; x_wconf 83' lang='lat' dir='ltr'><strong>censuetudinem</strong></span> <span class='ocrx_word' id='word_1_79' title='bbox 843 1120 860 1146; x_wconf 92' lang='lat'><strong>,</strong></span> <span class='ocrx_word' id='word_1_80' title='bbox 892 1077 986 1134; x_wconf 90' lang='lat' dir='ltr'><strong>sed</strong></span> <span class='ocrx_word' id='word_1_81' title='bbox 1023 1092 1093 1132; x_wconf 90' lang='lat' dir='ltr'><strong>ne</strong></span> <span class='ocrx_word' id='word_1_82' title='bbox 1136 1075 1406 1146; x_wconf 73' lang='lat' dir='ltr'><strong>relinquas</strong></span> <span class='ocrx_word' id='word_1_83' title='bbox 1442 1072 1510 1130; x_wconf 89' lang='lat' dir='ltr'><strong>de</strong></span> <span class='ocrx_word' id='word_1_84' title='bbox 1552 1088 1619 1128; x_wconf 90' lang='lat' dir='ltr'><strong>eo</strong></span> <span class='ocrx_word' id='word_1_85' title='bbox 1656 1071 1960 1128; x_wconf 86' lang='lat' dir='ltr'><strong>sollicitudi.</strong></span> 
     </span>
    </p>
   </div>
   <div class='ocr_carea' id='block_1_11' title="bbox 385 1164 1975 1234">
    <p class='ocr_par' dir='ltr' id='par_1_11' title="bbox 385 1164 1975 1234">
     <span class='ocr_line' id='line_1_11' title="bbox 385 1164 1975 1234; baseline -0.007 -4"><span class='ocrx_word' id='word_1_86' title='bbox 385 1192 508 1232; x_wconf 92' lang='lat' dir='ltr'><strong>nem</strong></span> <span class='ocrx_word' id='word_1_87' title='bbox 537 1192 553 1231; x_wconf 90' lang='lat'><strong>:</strong></span> <span class='ocrx_word' id='word_1_88' title='bbox 581 1174 854 1230; x_wconf 79' lang='lat' dir='ltr'><strong>exclusisti</strong></span> <span class='ocrx_word' id='word_1_89' title='bbox 884 1186 1003 1229; x_wconf 89' lang='lat' dir='ltr'><strong>eum</strong></span> <span class='ocrx_word' id='word_1_90' title='bbox 1029 1184 1061 1226; x_wconf 85' lang='lat' dir='ltr'><strong>a</strong></span> <span class='ocrx_word' id='word_1_91' title='bbox 1090 1175 1377 1234; x_wconf 83' lang='lat' dir='ltr'><strong>conventu,</strong></span> <span class='ocrx_word' id='word_1_92' title='bbox 1410 1180 1477 1221; x_wconf 90' lang='lat' dir='ltr'><strong>ne</strong></span> <span class='ocrx_word' id='word_1_93' title='bbox 1501 1164 1754 1219; x_wconf 78' lang='lat' dir='ltr'><strong>excludas</strong></span> <span class='ocrx_word' id='word_1_94' title='bbox 1782 1180 1811 1218; x_wconf 88' lang='lat' dir='ltr'><strong>a</strong></span> <span class='ocrx_word' id='word_1_95' title='bbox 1837 1166 1975 1220; x_wconf 84' lang='lat' dir='ltr'><strong>cari-</strong></span> 
     </span>
    </p>
   </div>
   <div class='ocr_carea' id='block_1_12' title="bbox 384 1255 1977 1332">
    <p class='ocr_par' dir='ltr' id='par_1_12' title="bbox 384 1255 1977 1332">
     <span class='ocr_line' id='line_1_12' title="bbox 384 1255 1977 1332; baseline -0.008 -10"><span class='ocrx_word' id='word_1_96' title='bbox 384 1274 513 1322; x_wconf 94' lang='lat' dir='ltr'><strong>tate.</strong></span> <span class='ocrx_word' id='word_1_97' title='bbox 543 1264 753 1321; x_wconf 84' lang='lat' dir='ltr'><strong>Etenim</strong></span> <span class='ocrx_word' id='word_1_98' title='bbox 780 1262 881 1318; x_wconf 88' lang='lat' dir='ltr'><strong>hoc</strong></span> <span class='ocrx_word' id='word_1_99' title='bbox 907 1261 1080 1332; x_wconf 88' lang='lat' dir='ltr'><strong>ipsum</strong></span> <span class='ocrx_word' id='word_1_100' title='bbox 1109 1257 1301 1314; x_wconf 73' lang='lat' dir='ltr'><strong>affectu</strong></span> <span class='ocrx_word' id='word_1_101' title='bbox 1327 1255 1566 1310; x_wconf 86' lang='lat' dir='ltr'><strong>caritatis</strong></span> <span class='ocrx_word' id='word_1_102' title='bbox 1606 1255 1887 1322; x_wconf 89' lang='lat' dir='ltr'><strong>mandavi,</strong></span> <span class='ocrx_word' id='word_1_103' title='bbox 1919 1265 1977 1309; x_wconf 92' lang='lat' dir='ltr'><strong>ut</strong></span> 
     </span>
    </p>
   </div>
   <div class='ocr_carea' id='block_1_13' title="bbox 388 1344 1976 1425">
    <p class='ocr_par' dir='ltr' id='par_1_13' title="bbox 388 1344 1976 1425">
     <span class='ocr_line' id='line_1_13' title="bbox 388 1344 1976 1425; baseline -0.006 -15"><span class='ocrx_word' id='word_1_104' title='bbox 388 1353 489 1410; x_wconf 87' lang='lat' dir='ltr'><strong>hac</strong></span> <span class='ocrx_word' id='word_1_105' title='bbox 532 1353 871 1425; x_wconf 86' lang='lat' dir='ltr'><strong>separatione</strong></span> <span class='ocrx_word' id='word_1_106' title='bbox 915 1352 1084 1405; x_wconf 86' lang='lat' dir='ltr'><strong>factus</strong></span> <span class='ocrx_word' id='word_1_107' title='bbox 1125 1347 1346 1414; x_wconf 85' lang='lat' dir='ltr'><strong>melior,</strong></span> <span class='ocrx_word' id='word_1_108' title='bbox 1377 1345 1444 1401; x_wconf 88' lang='lat' dir='ltr'><strong>ad</strong></span> <span class='ocrx_word' id='word_1_109' title='bbox 1485 1344 1746 1415; x_wconf 90' lang='lat' dir='ltr'><strong>reliquum</strong></span> <span class='ocrx_word' id='word_1_110' title='bbox 1780 1360 1976 1416; x_wconf 88' lang='lat' dir='ltr'><strong>corpus</strong></span> 
     </span>
    </p>
   </div>
   <div class='ocr_carea' id='block_1_14' title="bbox 387 1437 1973 1514">
    <p class='ocr_par' dir='ltr' id='par_1_14' title="bbox 387 1437 1973 1514">
     <span class='ocr_line' id='line_1_14' title="bbox 387 1437 1973 1514; baseline -0.008 -12"><span class='ocrx_word' id='word_1_111' title='bbox 387 1454 786 1510; x_wconf 83' lang='lat' dir='ltr'><strong>reverteretur;</strong></span> <span class='ocrx_word' id='word_1_112' title='bbox 817 1440 1248 1514; x_wconf 81' lang='lat' dir='ltr'><strong>quandoquidem</strong></span> <span class='ocrx_word' id='word_1_113' title='bbox 1289 1439 1451 1495; x_wconf 90' lang='lat' dir='ltr'><strong>etiam</strong></span> <span class='ocrx_word' id='word_1_114' title='bbox 1489 1447 1668 1508; x_wconf 82' lang='lat' dir='ltr'><strong>patres</strong></span> <span class='ocrx_word' id='word_1_115' title='bbox 1695 1437 1853 1493; x_wconf 90' lang='lat' dir='ltr'><strong>domo</strong></span> <span class='ocrx_word' id='word_1_116' title='bbox 1880 1453 1973 1493; x_wconf 89' lang='lat' dir='ltr'><strong>sua</strong></span> 
     </span>
    </p>
   </div>
   <div class='ocr_carea' id='block_1_15' title="bbox 388 1528 1973 1607">
    <p class='ocr_par' dir='ltr' id='par_1_15' title="bbox 388 1528 1973 1607">
     <span class='ocr_line' id='line_1_15' title="bbox 388 1528 1973 1607; baseline -0.006 -15"><span class='ocrx_word' id='word_1_117' title='bbox 388 1537 528 1594; x_wconf 87' lang='lat' dir='ltr'><strong>filios</strong></span> <span class='ocrx_word' id='word_1_118' title='bbox 554 1535 865 1607; x_wconf 88' lang='lat' dir='ltr'><strong>expellunt,</strong></span> <span class='ocrx_word' id='word_1_119' title='bbox 894 1549 1000 1589; x_wconf 87' lang='lat' dir='ltr'><strong>non</strong></span> <span class='ocrx_word' id='word_1_120' title='bbox 1033 1541 1090 1587; x_wconf 93' lang='lat' dir='ltr'><strong>ut</strong></span> <span class='ocrx_word' id='word_1_121' title='bbox 1119 1539 1376 1601; x_wconf 88' lang='lat' dir='ltr'><strong>perpetuo</strong></span> <span class='ocrx_word' id='word_1_122' title='bbox 1406 1528 1536 1584; x_wconf 88' lang='lat' dir='ltr'><strong>foris</strong></span> <span class='ocrx_word' id='word_1_123' title='bbox 1569 1539 1854 1594; x_wconf 90' lang='lat' dir='ltr'><strong>maneant,</strong></span> <span class='ocrx_word' id='word_1_124' title='bbox 1882 1528 1973 1583; x_wconf 77' lang='lat' dir='ltr'><strong>sed</strong></span> 
     </span>
    </p>
   </div>
   <div class='ocr_carea' id='block_1_16' title="bbox 389 1619 1974 1700">
    <p class='ocr_par' dir='ltr' id='par_1_16' title="bbox 389 1619 1974 1700">
     <span class='ocr_line' id='line_1_16' title="bbox 389 1619 1974 1700; baseline -0.008 -14"><span class='ocrx_word' id='word_1_125' title='bbox 389 1640 449 1686; x_wconf 89' lang='lat' dir='ltr'><strong>ut</strong></span> <span class='ocrx_word' id='word_1_126' title='bbox 474 1628 613 1700; x_wconf 91' lang='lat' dir='ltr'><strong>quod</strong></span> <span class='ocrx_word' id='word_1_127' title='bbox 642 1628 804 1683; x_wconf 89' lang='lat' dir='ltr'><strong>domo</strong></span> <span class='ocrx_word' id='word_1_128' title='bbox 827 1625 1120 1682; x_wconf 86' lang='lat' dir='ltr'><strong>exciderint</strong></span> <span class='ocrx_word' id='word_1_129' title='bbox 1139 1664 1156 1690; x_wconf 95' lang='lat'><strong>,</strong></span> <span class='ocrx_word' id='word_1_130' title='bbox 1188 1621 1541 1678; x_wconf 84' lang='lat' dir='ltr'><strong>modestiores</strong></span> <span class='ocrx_word' id='word_1_131' title='bbox 1570 1620 1727 1684; x_wconf 89' lang='lat' dir='ltr'><strong>facti,</strong></span> <span class='ocrx_word' id='word_1_132' title='bbox 1757 1619 1974 1674; x_wconf 83' lang='lat' dir='ltr'><strong>domum</strong></span> 
     </span>
    </p>
   </div>
   <div class='ocr_carea' id='block_1_17' title="bbox 363 1710 1975 1790">
    <p class='ocr_par' dir='ltr' id='par_1_17' title="bbox 363 1710 1975 1790">
     <span class='ocr_line' id='line_1_17' title="bbox 363 1710 1975 1790; baseline -0.009 -13"><span class='ocrx_word' id='word_1_133' title='bbox 363 1718 716 1790; x_wconf 87' lang='lat' dir='ltr'><strong>postliminio</strong></span> <span class='ocrx_word' id='word_1_134' title='bbox 736 1722 1095 1774; x_wconf 88' lang='lat' dir='ltr'><strong>revertantur.</strong></span> <span class='ocrx_word' id='word_1_135' title='bbox 1118 1714 1294 1785; x_wconf 81' lang='lat' dir='ltr'><strong>Atque</strong></span> <span class='ocrx_word' id='word_1_136' title='bbox 1320 1713 1434 1768; x_wconf 73' lang='lat' dir='ltr'><strong>haec</strong></span> <span class='ocrx_word' id='word_1_137' title='bbox 1459 1711 1727 1766; x_wconf 80' lang='lat' dir='ltr'><strong>sufficiant</strong></span> <span class='ocrx_word' id='word_1_138' title='bbox 1745 1710 1812 1765; x_wconf 87' lang='lat' dir='ltr'><strong>ad</strong></span> <span class='ocrx_word' id='word_1_139' title='bbox 1836 1710 1975 1775; x_wconf 87' lang='lat' dir='ltr'><strong>illos,</strong></span> 
     </span>
    </p>
   </div>
   <div class='ocr_carea' id='block_1_18' title="bbox 388 1802 1406 1883">
    <p class='ocr_par' dir='ltr' id='par_1_18' title="bbox 388 1802 1406 1883">
     <span class='ocr_line' id='line_1_18' title="bbox 388 1802 1406 1883; baseline -0.009 -17"><span class='ocrx_word' id='word_1_140' title='bbox 388 1812 477 1883; x_wconf 91' lang='lat' dir='ltr'><strong>qui</strong></span> <span class='ocrx_word' id='word_1_141' title='bbox 508 1809 772 1881; x_wconf 78' lang='lat' dir='ltr'><strong>pigritiam</strong></span> <span class='ocrx_word' id='word_1_142' title='bbox 804 1806 924 1862; x_wconf 89' lang='lat' dir='ltr'><strong>aliis</strong></span> <span class='ocrx_word' id='word_1_143' title='bbox 950 1804 1185 1876; x_wconf 88' lang='lat' dir='ltr'><strong>objicere</strong></span> <span class='ocrx_word' id='word_1_144' title='bbox 1210 1802 1406 1859; x_wconf 88' lang='lat' dir='ltr'><strong>solent.</strong></span> 
     </span>
    </p>
   </div>
   <div class='ocr_carea' id='block_1_19' title="bbox 463 1890 1980 1969">
    <p class='ocr_par' dir='ltr' id='par_1_19' title="bbox 463 1890 1980 1969">
     <span class='ocr_line' id='line_1_19' title="bbox 463 1890 1980 1969; baseline -0.007 -13"><span class='ocrx_word' id='word_1_145' title='bbox 463 1901 657 1956; x_wconf 84' lang='lat' dir='ltr'><strong>Verum</strong></span> <span class='ocrx_word' id='word_1_146' title='bbox 696 1898 949 1969; x_wconf 88' lang='lat' dir='ltr'><strong>quoniam</strong></span> <span class='ocrx_word' id='word_1_147' title='bbox 987 1894 1137 1950; x_wconf 92' lang='lat' dir='ltr'><strong>multi</strong></span> <span class='ocrx_word' id='word_1_148' title='bbox 1175 1893 1293 1948; x_wconf 89' lang='lat' dir='ltr'><strong>aliis</strong></span> <span class='ocrx_word' id='word_1_149' title='bbox 1331 1900 1555 1948; x_wconf 91' lang='lat' dir='ltr'><strong>utuntur</strong></span> <span class='ocrx_word' id='word_1_150' title='bbox 1584 1891 1761 1946; x_wconf 86' lang='lat' dir='ltr'><strong>verbis</strong></span> <span class='ocrx_word' id='word_1_151' title='bbox 1787 1890 1980 1960; x_wconf 90' lang='lat' dir='ltr'><strong>quibus</strong></span> 
     </span>
    </p>
   </div>
   <div class='ocr_carea' id='block_1_20' title="bbox 391 1981 1982 2059">
    <p class='ocr_par' dir='ltr' id='par_1_20' title="bbox 391 1981 1982 2059">
     <span class='ocr_line' id='line_1_20' title="bbox 391 1981 1982 2059; baseline -0.008 -11"><span class='ocrx_word' id='word_1_152' title='bbox 391 2009 449 2049; x_wconf 89' lang='lat' dir='ltr'><strong>se</strong></span> <span class='ocrx_word' id='word_1_153' title='bbox 476 2002 767 2054; x_wconf 82' lang='lat' dir='ltr'><strong>excusent,</strong></span> <span class='ocrx_word' id='word_1_154' title='bbox 799 2004 917 2059; x_wconf 67' lang='lat' dir='ltr'><strong>qua:</strong></span> <span class='ocrx_word' id='word_1_155' title='bbox 944 1987 1098 2057; x_wconf 89' lang='lat' dir='ltr'><strong>plena</strong></span> <span class='ocrx_word' id='word_1_156' title='bbox 1128 1984 1460 2041; x_wconf 88' lang='lat' dir='ltr'><strong>crudelitatis</strong></span> <span class='ocrx_word' id='word_1_157' title='bbox 1487 1997 1551 2037; x_wconf 90' lang='lat' dir='ltr'><strong>ac</strong></span> <span class='ocrx_word' id='word_1_158' title='bbox 1577 1981 1982 2037; x_wconf 87' lang='lat' dir='ltr'><strong>inhumanitatis</strong></span> 
     </span>
    </p>
   </div>
   <div class='ocr_carea' id='block_1_21' title="bbox 389 2072 1981 2147">
    <p class='ocr_par' dir='ltr' id='par_1_21' title="bbox 389 2072 1981 2147">
     <span class='ocr_line' id='line_1_21' title="bbox 389 2072 1981 2147; baseline -0.007 -10"><span class='ocrx_word' id='word_1_159' title='bbox 389 2092 550 2147; x_wconf 88' lang='lat' dir='ltr'><strong>sunt,</strong></span> <span class='ocrx_word' id='word_1_160' title='bbox 583 2094 806 2136; x_wconf 83' lang='lat' dir='ltr'><strong>necesse</strong></span> <span class='ocrx_word' id='word_1_161' title='bbox 834 2085 918 2135; x_wconf 90' lang='lat' dir='ltr'><strong>est</strong></span> <span class='ocrx_word' id='word_1_162' title='bbox 956 2086 1012 2133; x_wconf 92' lang='lat' dir='ltr'><strong>ut</strong></span> <span class='ocrx_word' id='word_1_163' title='bbox 1050 2076 1140 2130; x_wconf 91' lang='lat' dir='ltr'><strong>illa</strong></span> <span class='ocrx_word' id='word_1_164' title='bbox 1168 2088 1381 2147; x_wconf 86' lang='lat' dir='ltr'><strong>quoque</strong></span> <span class='ocrx_word' id='word_1_165' title='bbox 1408 2072 1718 2144; x_wconf 81' lang='lat' dir='ltr'><strong>redarguam</strong></span> <span class='ocrx_word' id='word_1_166' title='bbox 1741 2111 1757 2137; x_wconf 91' lang='lat'><strong>,</strong></span> <span class='ocrx_word' id='word_1_167' title='bbox 1789 2087 1894 2127; x_wconf 88' lang='lat' dir='ltr'><strong>non</strong></span> <span class='ocrx_word' id='word_1_168' title='bbox 1923 2080 1981 2126; x_wconf 89' lang='lat' dir='ltr'><strong>ut</strong></span> 
     </span>
    </p>
   </div>
   <div class='ocr_carea' id='block_1_22' title="bbox 389 2160 1983 2232">
    <p class='ocr_par' dir='ltr' id='par_1_22' title="bbox 389 2160 1983 2232">
     <span class='ocr_line' id='line_1_22' title="bbox 389 2160 1983 2232; baseline -0.008 -5"><span class='ocrx_word' id='word_1_169' title='bbox 389 2171 787 2227; x_wconf 80' lang='lat' dir='ltr'><strong>excusationem</strong></span> <span class='ocrx_word' id='word_1_170' title='bbox 827 2168 907 2224; x_wconf 89' lang='lat' dir='ltr'><strong>eis</strong></span> <span class='ocrx_word' id='word_1_171' title='bbox 948 2166 1211 2230; x_wconf 86' lang='lat' dir='ltr'><strong>adimam,</strong></span> <span class='ocrx_word' id='word_1_172' title='bbox 1254 2163 1349 2219; x_wconf 90' lang='lat' dir='ltr'><strong>sed</strong></span> <span class='ocrx_word' id='word_1_173' title='bbox 1391 2177 1497 2232; x_wconf 91' lang='lat' dir='ltr'><strong>quo</strong></span> <span class='ocrx_word' id='word_1_174' title='bbox 1539 2160 1884 2231; x_wconf 89' lang='lat' dir='ltr'><strong>persuadeam</strong></span> <span class='ocrx_word' id='word_1_175' title='bbox 1926 2169 1983 2215; x_wconf 93' lang='lat' dir='ltr'><strong>ut</strong></span> 
     </span>
    </p>
   </div>
   <div class='ocr_carea' id='block_1_23' title="bbox 389 2248 1980 2322">
    <p class='ocr_par' dir='ltr' id='par_1_23' title="bbox 389 2248 1980 2322">
     <span class='ocr_line' id='line_1_23' title="bbox 389 2248 1980 2322; baseline -0.009 -2"><span class='ocrx_word' id='word_1_176' title='bbox 389 2264 587 2319; x_wconf 89' lang='lat' dir='ltr'><strong>omissa</strong></span> <span class='ocrx_word' id='word_1_177' title='bbox 616 2276 746 2316; x_wconf 88' lang='lat' dir='ltr'><strong>vana</strong></span> <span class='ocrx_word' id='word_1_178' title='bbox 776 2269 831 2316; x_wconf 91' lang='lat' dir='ltr'><strong>et</strong></span> <span class='ocrx_word' id='word_1_179' title='bbox 865 2256 1075 2321; x_wconf 90' lang='lat' dir='ltr'><strong>inutili,</strong></span> <span class='ocrx_word' id='word_1_180' title='bbox 1106 2255 1172 2311; x_wconf 89' lang='lat' dir='ltr'><strong>ad</strong></span> <span class='ocrx_word' id='word_1_181' title='bbox 1206 2270 1388 2311; x_wconf 83' lang='lat' dir='ltr'><strong>veram</strong></span> <span class='ocrx_word' id='word_1_182' title='bbox 1414 2262 1468 2308; x_wconf 91' lang='lat' dir='ltr'><strong>et</strong></span> <span class='ocrx_word' id='word_1_183' title='bbox 1493 2251 1632 2322; x_wconf 85' lang='lat' dir='ltr'><strong>apud</strong></span> <span class='ocrx_word' id='word_1_184' title='bbox 1659 2248 1853 2305; x_wconf 83' lang='lat' dir='ltr'><strong>Christi</strong></span> <span class='ocrx_word' id='word_1_185' title='bbox 1882 2251 1980 2306; x_wconf 89' lang='lat' dir='ltr'><strong>tri-</strong></span> 
     </span>
    </p>
   </div>
   <div class='ocr_carea' id='block_1_24' title="bbox 394 2342 1982 2424">
    <p class='ocr_par' dir='ltr' id='par_1_24' title="bbox 394 2342 1982 2424">
     <span class='ocr_line' id='line_1_24' title="bbox 394 2342 1982 2424; baseline -0.009 -14"><span class='ocrx_word' id='word_1_186' title='bbox 394 2353 554 2412; x_wconf 89' lang='lat' dir='ltr'><strong>bunal</strong></span> <span class='ocrx_word' id='word_1_187' title='bbox 585 2350 919 2424; x_wconf 81' lang='lat' dir='ltr'><strong>profuturam</strong></span> <span class='ocrx_word' id='word_1_188' title='bbox 943 2345 1309 2405; x_wconf 88' lang='lat' dir='ltr'><strong>defensionem</strong></span> <span class='ocrx_word' id='word_1_189' title='bbox 1334 2344 1586 2415; x_wconf 86' lang='lat' dir='ltr'><strong>operibus</strong></span> <span class='ocrx_word' id='word_1_190' title='bbox 1609 2342 1737 2412; x_wconf 84' lang='lat' dir='ltr'><strong>ipsis</strong></span> <span class='ocrx_word' id='word_1_191' title='bbox 1756 2356 1816 2397; x_wconf 91' lang='lat' dir='ltr'><strong>se</strong></span> <span class='ocrx_word' id='word_1_192' title='bbox 1837 2356 1982 2398; x_wconf 77' lang='lat' dir='ltr'><strong>excr-</strong></span> 
     </span>
    </p>
   </div>
   <div class='ocr_carea' id='block_1_25' title="bbox 392 2454 571 2502">
    <p class='ocr_par' dir='ltr' id='par_1_25' title="bbox 392 2454 571 2502">
     <span class='ocr_line' id='line_1_25' title="bbox 392 2454 571 2502; baseline -0.022 0"><span class='ocrx_word' id='word_1_193' title='bbox 392 2454 571 2502; x_wconf 90' lang='lat' dir='ltr'><strong>ceant.</strong></span> 
     </span>
    </p>
   </div>
   <div class='ocr_carea' id='block_1_26' title="bbox 466 2522 1981 2598">
    <p class='ocr_par' dir='ltr' id='par_1_26' title="bbox 466 2522 1981 2598">
     <span class='ocr_line' id='line_1_26' title="bbox 466 2522 1981 2598; baseline -0.009 -7"><span class='ocrx_word' id='word_1_194' title='bbox 466 2534 831 2591; x_wconf 73' lang='lat' dir='ltr'><strong>Excusatioues</strong></span> <span class='ocrx_word' id='word_1_195' title='bbox 856 2530 987 2585; x_wconf 86' lang='lat' dir='ltr'><strong>alias</strong></span> <span class='ocrx_word' id='word_1_196' title='bbox 1012 2543 1283 2583; x_wconf 79' lang='lat' dir='ltr'><strong>avarorum</strong></span> <span class='ocrx_word' id='word_1_197' title='bbox 1303 2524 1488 2598; x_wconf 74' lang='lat' dir='ltr'><strong>refellit</strong></span> <span class='ocrx_word' id='word_1_198' title='bbox 1509 2538 1530 2588; x_wconf 87' lang='lat'><strong><em>;</em></strong></span> <span class='ocrx_word' id='word_1_199' title='bbox 1555 2522 1819 2578; x_wconf 78' lang='lat' dir='ltr'><strong>coheredes</strong></span> <span class='ocrx_word' id='word_1_200' title='bbox 1846 2524 1981 2592; x_wconf 83' lang='lat' dir='ltr'><strong>ﬁlio-</strong></span> 
     </span>
    </p>
   </div>
   <div class='ocr_carea' id='block_1_27' title="bbox 392 2618 1982 2699">
    <p class='ocr_par' dir='ltr' id='par_1_27' title="bbox 392 2618 1982 2699">
     <span class='ocr_line' id='line_1_27' title="bbox 392 2618 1982 2699; baseline -0.009 -12"><span class='ocrx_word' id='word_1_201' title='bbox 392 2649 506 2687; x_wconf 87' lang='lat' dir='ltr'><strong>rum</strong></span> <span class='ocrx_word' id='word_1_202' title='bbox 533 2640 650 2687; x_wconf 86' lang='lat' dir='ltr'><strong>sunt</strong></span> <span class='ocrx_word' id='word_1_203' title='bbox 685 2640 975 2699; x_wconf 76' lang='lat' dir='ltr'><strong>pauperes;</strong></span> <span class='ocrx_word' id='word_1_204' title='bbox 1012 2632 1281 2679; x_wconf 77' lang='lat' dir='ltr'><strong>sementem</strong></span> <span class='ocrx_word' id='word_1_205' title='bbox 1323 2636 1415 2674; x_wconf 87' lang='lat' dir='ltr'><strong>cur</strong></span> <span class='ocrx_word' id='word_1_206' title='bbox 1451 2618 1817 2689; x_wconf 77' lang='lat' dir='ltr'><strong>eleeutosynam</strong></span> <span class='ocrx_word' id='word_1_207' title='bbox 1846 2627 1982 2673; x_wconf 79' lang='lat' dir='ltr'><strong>vocet</strong></span> 
     </span>
    </p>
   </div>
   <div class='ocr_carea' id='block_1_28' title="bbox 394 2708 1980 2794">
    <p class='ocr_par' dir='ltr' id='par_1_28' title="bbox 394 2708 1980 2794">
     <span class='ocr_line' id='line_1_28' title="bbox 394 2708 1980 2794; baseline -0.01 -16"><span class='ocrx_word' id='word_1_208' title='bbox 394 2723 687 2794; x_wconf 80' lang='lat' dir='ltr'><strong>Scriptura.</strong></span> <span class='ocrx_word' id='word_1_209' title='bbox 713 2750 781 2760; x_wconf 90' lang='lat'><strong><em>—</em></strong></span> <span class='ocrx_word' id='word_1_210' title='bbox 802 2719 932 2787; x_wconf 72' lang='lat' dir='ltr'><strong>Qua:</strong></span> <span class='ocrx_word' id='word_1_211' title='bbox 954 2725 1038 2771; x_wconf 91' lang='lat' dir='ltr'><strong>est</strong></span> <span class='ocrx_word' id='word_1_212' title='bbox 1078 2714 1237 2785; x_wconf 82' lang='lat' dir='ltr'><strong>igitur</strong></span> <span class='ocrx_word' id='word_1_213' title='bbox 1264 2712 1352 2767; x_wconf 89' lang='lat' dir='ltr'><strong>illa</strong></span> <span class='ocrx_word' id='word_1_214' title='bbox 1384 2710 1677 2781; x_wconf 88' lang='lat' dir='ltr'><strong>vulgarium</strong></span> <span class='ocrx_word' id='word_1_215' title='bbox 1706 2708 1980 2764; x_wconf 88' lang='lat' dir='ltr'><strong>hominum</strong></span> 
     </span>
    </p>
   </div>
   <div class='ocr_carea' id='block_1_29' title="bbox 394 2799 1984 2886">
    <p class='ocr_par' dir='ltr' id='par_1_29' title="bbox 394 2799 1984 2886">
     <span class='ocr_line' id='line_1_29' title="bbox 394 2799 1984 2886; baseline -0.011 -16"><span class='ocrx_word' id='word_1_216' title='bbox 394 2813 582 2886; x_wconf 89' lang='lat' dir='ltr'><strong>frigida</strong></span> <span class='ocrx_word' id='word_1_217' title='bbox 626 2827 689 2867; x_wconf 86' lang='lat' dir='ltr'><strong>ac</strong></span> <span class='ocrx_word' id='word_1_218' title='bbox 723 2809 926 2866; x_wconf 89' lang='lat' dir='ltr'><strong>inutilis</strong></span> <span class='ocrx_word' id='word_1_219' title='bbox 955 2803 1236 2862; x_wconf 78' lang='lat' dir='ltr'><strong>defensio?</strong></span> <span class='ocrx_word' id='word_1_220' title='bbox 1262 2800 1456 2858; x_wconf 77' lang='lat' dir='ltr'><strong>Alendi</strong></span> <span class='ocrx_word' id='word_1_221' title='bbox 1494 2808 1619 2856; x_wconf 90' lang='lat' dir='ltr'><strong>sunt</strong></span> <span class='ocrx_word' id='word_1_222' title='bbox 1641 2841 1657 2868; x_wconf 91' lang='lat'><strong>,</strong></span> <span class='ocrx_word' id='word_1_223' title='bbox 1689 2799 1891 2869; x_wconf 90' lang='lat' dir='ltr'><strong>inquit,</strong></span> <span class='ocrx_word' id='word_1_224' title='bbox 1921 2799 1984 2853; x_wconf 89' lang='lat' dir='ltr'><strong>li-</strong></span> 
     </span>
    </p>
   </div>
   <div class='ocr_carea' id='block_1_30' title="bbox 396 2887 1982 2969">
    <p class='ocr_par' dir='ltr' id='par_1_30' title="bbox 396 2887 1982 2969">
     <span class='ocr_line' id='line_1_30' title="bbox 396 2887 1982 2969; baseline -0.011 -8"><span class='ocrx_word' id='word_1_225' title='bbox 396 2906 510 2961; x_wconf 84' lang='lat' dir='ltr'><strong>beri</strong></span> <span class='ocrx_word' id='word_1_226' title='bbox 531 2946 545 2969; x_wconf 94' lang='lat'><strong>,</strong></span> <span class='ocrx_word' id='word_1_227' title='bbox 578 2903 655 2959; x_wconf 91' lang='lat' dir='ltr'><strong>rei</strong></span> <span class='ocrx_word' id='word_1_228' title='bbox 698 2899 975 2956; x_wconf 89' lang='lat' dir='ltr'><strong>familiaris</strong></span> <span class='ocrx_word' id='word_1_229' title='bbox 1012 2894 1245 2967; x_wconf 90' lang='lat' dir='ltr'><strong>gerenda</strong></span> <span class='ocrx_word' id='word_1_230' title='bbox 1283 2901 1366 2948; x_wconf 89' lang='lat' dir='ltr'><strong>est</strong></span> <span class='ocrx_word' id='word_1_231' title='bbox 1403 2906 1532 2946; x_wconf 91' lang='lat' dir='ltr'><strong>cura</strong></span> <span class='ocrx_word' id='word_1_232' title='bbox 1557 2932 1572 2957; x_wconf 94' lang='lat'><strong>,</strong></span> <span class='ocrx_word' id='word_1_233' title='bbox 1605 2904 1826 2944; x_wconf 85' lang='lat' dir='ltr'><strong>uxorem</strong></span> <span class='ocrx_word' id='word_1_234' title='bbox 1859 2887 1946 2943; x_wconf 86' lang='lat' dir='ltr'><strong>alo</strong></span> <span class='ocrx_word' id='word_1_235' title='bbox 1967 2930 1982 2953; x_wconf 94' lang='lat'><strong>,</strong></span> 
     </span>
    </p>
   </div>
   <div class='ocr_carea' id='block_1_31' title="bbox 397 2976 1983 3058">
    <p class='ocr_par' dir='ltr' id='par_1_31' title="bbox 397 2976 1983 3058">
     <span class='ocr_line' id='line_1_31' title="bbox 397 2976 1983 3058; baseline -0.014 -7"><span class='ocrx_word' id='word_1_236' title='bbox 397 2993 730 3051; x_wconf 89' lang='lat' dir='ltr'><strong>necessarios</strong></span> <span class='ocrx_word' id='word_1_237' title='bbox 776 2997 1023 3058; x_wconf 86' lang='lat' dir='ltr'><strong>sumptus</strong></span> <span class='ocrx_word' id='word_1_238' title='bbox 1065 2983 1263 3040; x_wconf 88' lang='lat' dir='ltr'><strong>multos</strong></span> <span class='ocrx_word' id='word_1_239' title='bbox 1307 2980 1549 3036; x_wconf 89' lang='lat' dir='ltr'><strong>sustineo</strong></span> <span class='ocrx_word' id='word_1_240' title='bbox 1589 2995 1602 3031; x_wconf 90' lang='lat'><strong>:</strong></span> <span class='ocrx_word' id='word_1_241' title='bbox 1638 2976 1983 3047; x_wconf 85' lang='lat' dir='ltr'><strong>quamobrem</strong></span> 
     </span>
    </p>
   </div>
   <div class='ocr_carea' id='block_1_32' title="bbox 399 3066 1985 3154">
    <p class='ocr_par' dir='ltr' id='par_1_32' title="bbox 399 3066 1985 3154">
     <span class='ocr_line' id='line_1_32' title="bbox 399 3066 1985 3154; baseline -0.012 -14"><span class='ocrx_word' id='word_1_242' title='bbox 399 3100 504 3141; x_wconf 90' lang='lat' dir='ltr'><strong>non</strong></span> <span class='ocrx_word' id='word_1_243' title='bbox 543 3082 817 3154; x_wconf 90' lang='lat' dir='ltr'><strong>suppetit,</strong></span> <span class='ocrx_word' id='word_1_244' title='bbox 865 3077 1004 3135; x_wconf 89' lang='lat' dir='ltr'><strong>unde</strong></span> <span class='ocrx_word' id='word_1_245' title='bbox 1039 3073 1226 3131; x_wconf 90' lang='lat' dir='ltr'><strong>obvios</strong></span> <span class='ocrx_word' id='word_1_246' title='bbox 1263 3071 1544 3128; x_wconf 90' lang='lat' dir='ltr'><strong>sublevare</strong></span> <span class='ocrx_word' id='word_1_247' title='bbox 1589 3067 1809 3138; x_wconf 87' lang='lat' dir='ltr'><strong>possim.</strong></span> <span class='ocrx_word' id='word_1_248' title='bbox 1850 3066 1985 3133; x_wconf 84' lang='lat' dir='ltr'><strong>Quid</strong></span> 
     </span>
    </p>
   </div>
   <div class='ocr_carea' id='block_1_33' title="bbox 399 3157 1988 3238">
    <p class='ocr_par' dir='ltr' id='par_1_33' title="bbox 399 3157 1988 3238">
     <span class='ocr_line' id='line_1_33' title="bbox 399 3157 1988 3238; baseline -0.013 -5"><span class='ocrx_word' id='word_1_249' title='bbox 399 3177 516 3233; x_wconf 81' lang='lat' dir='ltr'><strong>ais?</strong></span> <span class='ocrx_word' id='word_1_250' title='bbox 543 3175 707 3232; x_wconf 86' lang='lat' dir='ltr'><strong>Filios</strong></span> <span class='ocrx_word' id='word_1_251' title='bbox 731 3174 832 3228; x_wconf 90' lang='lat' dir='ltr'><strong>alis</strong></span> <span class='ocrx_word' id='word_1_252' title='bbox 850 3214 865 3238; x_wconf 91' lang='lat'><strong>,</strong></span> <span class='ocrx_word' id='word_1_253' title='bbox 894 3180 948 3226; x_wconf 91' lang='lat' dir='ltr'><strong>et</strong></span> <span class='ocrx_word' id='word_1_254' title='bbox 977 3169 1097 3224; x_wconf 91' lang='lat' dir='ltr'><strong>ideo</strong></span> <span class='ocrx_word' id='word_1_255' title='bbox 1125 3182 1233 3222; x_wconf 90' lang='lat' dir='ltr'><strong>non</strong></span> <span class='ocrx_word' id='word_1_256' title='bbox 1259 3171 1343 3219; x_wconf 93' lang='lat' dir='ltr'><strong>est</strong></span> <span class='ocrx_word' id='word_1_257' title='bbox 1372 3160 1512 3217; x_wconf 91' lang='lat' dir='ltr'><strong>unde</strong></span> <span class='ocrx_word' id='word_1_258' title='bbox 1537 3160 1810 3215; x_wconf 76' lang='lat' dir='ltr'><strong>venientes</strong></span> <span class='ocrx_word' id='word_1_259' title='bbox 1838 3157 1903 3212; x_wconf 90' lang='lat' dir='ltr'><strong>ad</strong></span> <span class='ocrx_word' id='word_1_260' title='bbox 1935 3168 1988 3214; x_wconf 89' lang='lat' dir='ltr'><strong>te</strong></span> 
     </span>
    </p>
   </div>
   <div class='ocr_carea' id='block_1_34' title="bbox 400 3248 1990 3333">
    <p class='ocr_par' dir='ltr' id='par_1_34' title="bbox 400 3248 1990 3333">
     <span class='ocr_line' id='line_1_34' title="bbox 400 3248 1990 3333; baseline -0.015 -7"><span class='ocrx_word' id='word_1_261' title='bbox 400 3268 688 3326; x_wconf 81' lang='lat' dir='ltr'><strong>subleves?</strong></span> <span class='ocrx_word' id='word_1_262' title='bbox 726 3267 837 3321; x_wconf 90' lang='lat' dir='ltr'><strong>lmo</strong></span> <span class='ocrx_word' id='word_1_263' title='bbox 883 3271 1101 3333; x_wconf 82' lang='lat' dir='ltr'><strong>propter</strong></span> <span class='ocrx_word' id='word_1_264' title='bbox 1146 3257 1247 3312; x_wconf 90' lang='lat' dir='ltr'><strong>hoc</strong></span> <span class='ocrx_word' id='word_1_265' title='bbox 1294 3256 1466 3324; x_wconf 87' lang='lat' dir='ltr'><strong>ipsum</strong></span> <span class='ocrx_word' id='word_1_266' title='bbox 1511 3248 1822 3306; x_wconf 87' lang='lat' dir='ltr'><strong>sublevandi</strong></span> <span class='ocrx_word' id='word_1_267' title='bbox 1866 3256 1990 3302; x_wconf 89' lang='lat' dir='ltr'><strong>sunt</strong></span> 
     </span>
    </p>
   </div>
   <div class='ocr_carea' id='block_1_35' title="bbox 398 3338 1986 3431">
    <p class='ocr_par' dir='ltr' id='par_1_35' title="bbox 398 3338 1986 3431">
     <span class='ocr_line' id='line_1_35' title="bbox 398 3338 1986 3431; baseline -0.014 -16"><span class='ocrx_word' id='word_1_268' title='bbox 398 3358 574 3431; x_wconf 87' lang='lat' dir='ltr'><strong>egeni,</strong></span> <span class='ocrx_word' id='word_1_269' title='bbox 604 3366 659 3412; x_wconf 91' lang='lat' dir='ltr'><strong>ut</strong></span> <span class='ocrx_word' id='word_1_270' title='bbox 685 3355 873 3425; x_wconf 87' lang='lat' dir='ltr'><strong>exigua</strong></span> <span class='ocrx_word' id='word_1_271' title='bbox 902 3350 1122 3423; x_wconf 89' lang='lat' dir='ltr'><strong>pecunia</strong></span> <span class='ocrx_word' id='word_1_272' title='bbox 1159 3345 1440 3402; x_wconf 90' lang='lat' dir='ltr'><strong>Dominum</strong></span> <span class='ocrx_word' id='word_1_273' title='bbox 1465 3341 1555 3411; x_wconf 88' lang='lat' dir='ltr'><strong>qui</strong></span> <span class='ocrx_word' id='word_1_274' title='bbox 1584 3354 1679 3395; x_wconf 88' lang='lat' dir='ltr'><strong>eos</strong></span> <span class='ocrx_word' id='word_1_275' title='bbox 1703 3340 1793 3394; x_wconf 89' lang='lat' dir='ltr'><strong>tibi</strong></span> <span class='ocrx_word' id='word_1_276' title='bbox 1818 3338 1986 3403; x_wconf 89' lang='lat' dir='ltr'><strong>dedit,</strong></span> 
     </span>
    </p>
   </div>
   <div class='ocr_carea' id='block_1_36' title="bbox 402 3430 1993 3525">
    <p class='ocr_par' dir='ltr' id='par_1_36' title="bbox 402 3430 1993 3525">
     <span class='ocr_line' id='line_1_36' title="bbox 402 3430 1993 3525; baseline -0.013 -17"><span class='ocrx_word' id='word_1_277' title='bbox 402 3430 678 3525; x_wconf 83' lang='lat' dir='ltr'><strong>propities,</strong></span> <span class='ocrx_word' id='word_1_278' title='bbox 708 3457 765 3504; x_wconf 90' lang='lat' dir='ltr'><strong>ut</strong></span> <span class='ocrx_word' id='word_1_279' title='bbox 793 3447 953 3503; x_wconf 85' lang='lat' dir='ltr'><strong>etiam</strong></span> <span class='ocrx_word' id='word_1_280' title='bbox 998 3452 1118 3514; x_wconf 87' lang='lat' dir='ltr'><strong>post</strong></span> <span class='ocrx_word' id='word_1_281' title='bbox 1145 3448 1371 3496; x_wconf 89' lang='lat' dir='ltr'><strong>mortem</strong></span> <span class='ocrx_word' id='word_1_282' title='bbox 1401 3444 1543 3491; x_wconf 89' lang='lat' dir='ltr'><strong>tuam</strong></span> <span class='ocrx_word' id='word_1_283' title='bbox 1572 3442 1855 3504; x_wconf 86' lang='lat' dir='ltr'><strong>patronum</strong></span> <span class='ocrx_word' id='word_1_284' title='bbox 1885 3430 1993 3487; x_wconf 89' lang='lat' dir='ltr'><strong>illis</strong></span> 
     </span>
    </p>
   </div>
   <div class='ocr_carea' id='block_1_37' title="bbox 401 3523 1987 3615">
    <p class='ocr_par' dir='ltr' id='par_1_37' title="bbox 401 3523 1987 3615">
     <span class='ocr_line' id='line_1_37' title="bbox 401 3523 1987 3615; baseline -0.016 -15"><span class='ocrx_word' id='word_1_285' title='bbox 401 3523 699 3615; x_wconf 78' lang='lat' dir='ltr'><strong>relinquas,</strong></span> <span class='ocrx_word' id='word_1_286' title='bbox 728 3548 786 3596; x_wconf 91' lang='lat' dir='ltr'><strong>ut</strong></span> <span class='ocrx_word' id='word_1_287' title='bbox 807 3539 886 3597; x_wconf 89' lang='lat' dir='ltr'><strong>eis</strong></span> <span class='ocrx_word' id='word_1_288' title='bbox 921 3549 1170 3608; x_wconf 87' lang='lat' dir='ltr'><strong>magnum</strong></span> <span class='ocrx_word' id='word_1_289' title='bbox 1210 3530 1446 3587; x_wconf 84' lang='lat' dir='ltr'><strong>favorem</strong></span> <span class='ocrx_word' id='word_1_290' title='bbox 1472 3525 1676 3581; x_wconf 70' lang='lat' dir='ltr'><strong>cmlitus</strong></span> <span class='ocrx_word' id='word_1_291' title='bbox 1704 3523 1987 3589; x_wconf 78' lang='lat' dir='ltr'><strong>concilies,</strong></span> 
     </span>
    </p>
   </div>
   <div class='ocr_carea' id='block_1_38' title="bbox 403 3612 1992 3706">
    <p class='ocr_par' dir='ltr' id='par_1_38' title="bbox 403 3612 1992 3706">
     <span class='ocr_line' id='line_1_38' title="bbox 403 3612 1992 3706; baseline -0.018 -10"><span class='ocrx_word' id='word_1_292' title='bbox 403 3640 533 3697; x_wconf 89' lang='lat' dir='ltr'><strong>dum</strong></span> <span class='ocrx_word' id='word_1_293' title='bbox 558 3612 651 3693; x_wconf 86' lang='lat' dir='ltr'><strong>illa</strong></span> <span class='ocrx_word' id='word_1_294' title='bbox 686 3633 906 3706; x_wconf 88' lang='lat' dir='ltr'><strong>pecunia</strong></span> <span class='ocrx_word' id='word_1_295' title='bbox 943 3636 1191 3698; x_wconf 89' lang='lat' dir='ltr'><strong>sumptus</strong></span> <span class='ocrx_word' id='word_1_296' title='bbox 1227 3612 1337 3678; x_wconf 89' lang='lat' dir='ltr'><strong>Deo</strong></span> <span class='ocrx_word' id='word_1_297' title='bbox 1373 3630 1557 3691; x_wconf 90' lang='lat' dir='ltr'><strong>gratos</strong></span> <span class='ocrx_word' id='word_1_298' title='bbox 1589 3615 1769 3672; x_wconf 83' lang='lat' dir='ltr'><strong>facies.</strong></span> <span class='ocrx_word' id='word_1_299' title='bbox 1802 3615 1992 3670; x_wconf 81' lang='lat' dir='ltr'><strong>Annon</strong></span> 
     </span>
    </p>
   </div>
   <div class='ocr_carea' id='block_1_39' title="bbox 404 3708 1991 3798">
    <p class='ocr_par' dir='ltr' id='par_1_39' title="bbox 404 3708 1991 3798">
     <span class='ocr_line' id='line_1_39' title="bbox 404 3708 1991 3798; baseline -0.016 -11"><span class='ocrx_word' id='word_1_300' title='bbox 404 3730 585 3798; x_wconf 86' lang='lat' dir='ltr'><strong>vides,</strong></span> <span class='ocrx_word' id='word_1_301' title='bbox 616 3743 647 3783; x_wconf 88' lang='lat' dir='ltr'><strong>a</strong></span> <span class='ocrx_word' id='word_1_302' title='bbox 678 3726 856 3783; x_wconf 88' lang='lat' dir='ltr'><strong>multis</strong></span> <span class='ocrx_word' id='word_1_303' title='bbox 898 3721 1142 3777; x_wconf 88' lang='lat' dir='ltr'><strong>homines</strong></span> <span class='ocrx_word' id='word_1_304' title='bbox 1183 3721 1541 3787; x_wconf 68' lang='lat' dir='ltr'><strong>praepotentes</strong></span> <span class='ocrx_word' id='word_1_305' title='bbox 1578 3724 1643 3765; x_wconf 89' lang='lat' dir='ltr'><strong>ac</strong></span> <span class='ocrx_word' id='word_1_306' title='bbox 1679 3708 1991 3778; x_wconf 89' lang='lat' dir='ltr'><strong>opulentos,</strong></span> 
     </span>
    </p>
   </div>
   <div class='ocr_carea' id='block_1_40' title="bbox 407 3799 1996 3889">
    <p class='ocr_par' dir='ltr' id='par_1_40' title="bbox 407 3799 1996 3889">
     <span class='ocr_line' id='line_1_40' title="bbox 407 3799 1996 3889; baseline -0.018 -10"><span class='ocrx_word' id='word_1_307' title='bbox 407 3821 538 3878; x_wconf 91' lang='lat' dir='ltr'><strong>nihil</strong></span> <span class='ocrx_word' id='word_1_308' title='bbox 562 3818 759 3889; x_wconf 85' lang='lat' dir='ltr'><strong>alioqui</strong></span> <span class='ocrx_word' id='word_1_309' title='bbox 786 3815 852 3871; x_wconf 89' lang='lat' dir='ltr'><strong>ad</strong></span> <span class='ocrx_word' id='word_1_310' title='bbox 880 3826 1033 3868; x_wconf 92' lang='lat' dir='ltr'><strong>suum</strong></span> <span class='ocrx_word' id='word_1_311' title='bbox 1058 3822 1227 3880; x_wconf 90' lang='lat' dir='ltr'><strong>genus</strong></span> <span class='ocrx_word' id='word_1_312' title='bbox 1253 3804 1565 3867; x_wconf 89' lang='lat' dir='ltr'><strong>attinentes,</strong></span> <span class='ocrx_word' id='word_1_313' title='bbox 1595 3799 1646 3853; x_wconf 95' lang='lat' dir='ltr'><strong>in</strong></span> <span class='ocrx_word' id='word_1_314' title='bbox 1675 3806 1996 3853; x_wconf 88' lang='lat' dir='ltr'><strong>testamento</strong></span> 
     </span>
    </p>
   </div>
   <div class='ocr_carea' id='block_1_41' title="bbox 408 3884 1994 3968">
    <p class='ocr_par' dir='ltr' id='par_1_41' title="bbox 408 3884 1994 3968">
     <span class='ocr_line' id='line_1_41' title="bbox 408 3884 1994 3968; baseline -0.021 1"><span class='ocrx_word' id='word_1_315' title='bbox 408 3927 507 3968; x_wconf 89' lang='lat' dir='ltr'><strong>suo</strong></span> <span class='ocrx_word' id='word_1_316' title='bbox 531 3884 763 3966; x_wconf 74' lang='lat' dir='ltr'><strong>insertos</strong></span> <span class='ocrx_word' id='word_1_317' title='bbox 790 3904 955 3960; x_wconf 83' lang='lat' dir='ltr'><strong>fuisse</strong></span> <span class='ocrx_word' id='word_1_318' title='bbox 980 3943 997 3968; x_wconf 95' lang='lat'><strong>,</strong></span> <span class='ocrx_word' id='word_1_319' title='bbox 1032 3907 1089 3955; x_wconf 89' lang='lat' dir='ltr'><strong>et</strong></span> <span class='ocrx_word' id='word_1_320' title='bbox 1114 3894 1297 3952; x_wconf 89' lang='lat' dir='ltr'><strong>liberis</strong></span> <span class='ocrx_word' id='word_1_321' title='bbox 1330 3890 1444 3947; x_wconf 87' lang='lat' dir='ltr'><strong>suis</strong></span> <span class='ocrx_word' id='word_1_322' title='bbox 1467 3887 1761 3946; x_wconf 90' lang='lat' dir='ltr'><strong>coheredes</strong></span> <span class='ocrx_word' id='word_1_323' title='bbox 1789 3884 1957 3942; x_wconf 83' lang='lat' dir='ltr'><strong>factos</strong></span> <span class='ocrx_word' id='word_1_324' title='bbox 1977 3925 1994 3951; x_wconf 93' lang='lat'><strong>,</strong></span> 
     </span>
    </p>
   </div>
   <div class='ocr_carea' id='block_1_42' title="bbox 410 3976 1996 4063">
    <p class='ocr_par' dir='ltr' id='par_1_42' title="bbox 410 3976 1996 4063">
     <span class='ocr_line' id='line_1_42' title="bbox 410 3976 1996 4063; baseline -0.018 -5"><span class='ocrx_word' id='word_1_325' title='bbox 410 4002 541 4059; x_wconf 85' lang='lat' dir='ltr'><strong>nihil</strong></span> <span class='ocrx_word' id='word_1_326' title='bbox 566 3999 636 4056; x_wconf 90' lang='lat' dir='ltr'><strong>ob</strong></span> <span class='ocrx_word' id='word_1_327' title='bbox 662 3994 803 4053; x_wconf 87' lang='lat' dir='ltr'><strong>aliud</strong></span> <span class='ocrx_word' id='word_1_328' title='bbox 839 4007 997 4063; x_wconf 89' lang='lat' dir='ltr'><strong>quam</strong></span> <span class='ocrx_word' id='word_1_329' title='bbox 1040 3998 1097 4044; x_wconf 89' lang='lat' dir='ltr'><strong>ut</strong></span> <span class='ocrx_word' id='word_1_330' title='bbox 1139 3982 1479 4042; x_wconf 83' lang='lat' dir='ltr'><strong>securitatem</strong></span> <span class='ocrx_word' id='word_1_331' title='bbox 1512 3978 1637 4033; x_wconf 79' lang='lat' dir='ltr'><strong>filiis</strong></span> <span class='ocrx_word' id='word_1_332' title='bbox 1665 3976 1870 4031; x_wconf 88' lang='lat' dir='ltr'><strong>modica</strong></span> <span class='ocrx_word' id='word_1_333' title='bbox 1902 3990 1996 4045; x_wconf 79' lang='lat' dir='ltr'><strong>pc-</strong></span> 
     </span>
    </p>
   </div>
   <div class='ocr_carea' id='block_1_43' title="bbox 409 4079 1999 4166">
    <p class='ocr_par' dir='ltr' id='par_1_43' title="bbox 409 4079 1999 4166">
     <span class='ocr_line' id='line_1_43' title="bbox 409 4079 1999 4166; baseline -0.022 -11"><span class='ocrx_word' id='word_1_334' title='bbox 409 4096 565 4155; x_wconf 86' lang='lat' dir='ltr'><strong>cunia</strong></span> <span class='ocrx_word' id='word_1_335' title='bbox 602 4089 894 4166; x_wconf 79' lang='lat' dir='ltr'><strong>pararent?</strong></span> <span class='ocrx_word' id='word_1_336' title='bbox 934 4086 1092 4158; x_wconf 91' lang='lat' dir='ltr'><strong>idque</strong></span> <span class='ocrx_word' id='word_1_337' title='bbox 1132 4099 1253 4140; x_wconf 90' lang='lat' dir='ltr'><strong>cum</strong></span> <span class='ocrx_word' id='word_1_338' title='bbox 1295 4081 1555 4135; x_wconf 88' lang='lat' dir='ltr'><strong>incertum</strong></span> <span class='ocrx_word' id='word_1_339' title='bbox 1584 4079 1728 4131; x_wconf 88' lang='lat' dir='ltr'><strong>esset</strong></span> <span class='ocrx_word' id='word_1_340' title='bbox 1764 4081 1999 4142; x_wconf 89' lang='lat' dir='ltr'><strong>quonam</strong></span> 
     </span>
    </p>
   </div>
   <div class='ocr_carea' id='block_1_44' title="bbox 411 4161 1997 4257">
    <p class='ocr_par' dir='ltr' id='par_1_44' title="bbox 411 4161 1997 4257">
     <span class='ocr_line' id='line_1_44' title="bbox 411 4161 1997 4257; baseline -0.02 -11"><span class='ocrx_word' id='word_1_341' title='bbox 411 4161 619 4247; x_wconf 74' lang='lat' dir='ltr'><strong>affectu</strong></span> <span class='ocrx_word' id='word_1_342' title='bbox 641 4192 760 4257; x_wconf 93' lang='lat' dir='ltr'><strong>post</strong></span> <span class='ocrx_word' id='word_1_343' title='bbox 784 4181 987 4237; x_wconf 90' lang='lat' dir='ltr'><strong>obitum</strong></span> <span class='ocrx_word' id='word_1_344' title='bbox 1015 4177 1252 4249; x_wconf 89' lang='lat' dir='ltr'><strong>ipsorum</strong></span> <span class='ocrx_word' id='word_1_345' title='bbox 1279 4172 1417 4228; x_wconf 82' lang='lat' dir='ltr'><strong>filios</strong></span> <span class='ocrx_word' id='word_1_346' title='bbox 1443 4168 1564 4225; x_wconf 91' lang='lat' dir='ltr'><strong>illos</strong></span> <span class='ocrx_word' id='word_1_347' title='bbox 1588 4161 1885 4221; x_wconf 89' lang='lat' dir='ltr'><strong>coheredes</strong></span> <span class='ocrx_word' id='word_1_348' title='bbox 1910 4173 1969 4215; x_wconf 92' lang='lat' dir='ltr'><strong>es</strong></span> <span class='ocrx_word' id='word_1_349' title='bbox 1984 4187 1997 4198; x_wconf 89' lang='lat'><strong><em>-</em></strong></span> 
     </span>
    </p>
   </div>
   <div class='ocr_carea' id='block_1_45' title="bbox 414 4256 1998 4351">
    <p class='ocr_par' dir='ltr' id='par_1_45' title="bbox 414 4256 1998 4351">
     <span class='ocr_line' id='line_1_45' title="bbox 414 4256 1998 4351; baseline -0.02 -14"><span class='ocrx_word' id='word_1_350' title='bbox 414 4288 534 4337; x_wconf 85' lang='lat' dir='ltr'><strong>sent</strong></span> <span class='ocrx_word' id='word_1_351' title='bbox 556 4256 967 4351; x_wconf 78' lang='lat' dir='ltr'><strong>prnsequoturi?</strong></span> <span class='ocrx_word' id='word_1_352' title='bbox 989 4270 1071 4327; x_wconf 82' lang='lat' dir='ltr'><strong>&#39;l‘u</strong></span> <span class='ocrx_word' id='word_1_353' title='bbox 1097 4283 1226 4326; x_wconf 83' lang='lat' dir='ltr'><strong>vero</strong></span> <span class='ocrx_word' id='word_1_354' title='bbox 1250 4280 1371 4323; x_wconf 89' lang='lat' dir='ltr'><strong>cum</strong></span> <span class='ocrx_word' id='word_1_355' title='bbox 1398 4264 1538 4322; x_wconf 86' lang='lat' dir='ltr'><strong>scias</strong></span> <span class='ocrx_word' id='word_1_356' title='bbox 1578 4256 1958 4315; x_wconf 84' lang='lat' dir='ltr'><strong>humanitatem</strong></span> <span class='ocrx_word' id='word_1_357' title='bbox 1978 4289 1998 4318; x_wconf 96' lang='lat'><strong>,</strong></span> 
     </span>
    </p>
   </div>
   <div class='ocr_carea' id='block_1_46' title="bbox 1092 4386 1335 4398">
    <p class='ocr_par' dir='ltr' id='par_1_46' title="bbox 1092 4386 1335 4398">
     <span class='ocr_line' id='line_1_46' title="bbox 1092 4386 1335 4398; baseline -0.004 -1"><span class='ocrx_word' id='word_1_358' title='bbox 1092 4386 1335 4398; x_wconf 84' lang='lat'><strong>..——————</strong></span> 
     </span>
    </p>
   </div>
   <div class='ocr_carea' id='block_1_47' title="bbox 776 4395 991 4405">
    <p class='ocr_par' dir='ltr' id='par_1_47' title="bbox 776 4395 991 4405">
     <span class='ocr_line' id='line_1_47' title="bbox 776 4395 991 4405; baseline -0.009 -3"><span class='ocrx_word' id='word_1_359' title='bbox 776 4395 991 4405; x_wconf 42' lang='grc' dir='ltr'><strong>,φά-</strong></span> 
     </span>
    </p>
   </div>
   <div class='ocr_carea' id='block_1_48' title="bbox 502 4399 727 4407">
    <p class='ocr_par' dir='ltr' id='par_1_48' title="bbox 502 4399 727 4407">
     <span class='ocr_line' id='line_1_48' title="bbox 502 4399 727 4407; baseline -0.009 0"><span class='ocrx_word' id='word_1_360' title='bbox 502 4399 727 4407; x_wconf 69' lang='lat'><strong>__————.</strong></span> 
     </span>
    </p>
   </div>
   <div class='ocr_carea' id='block_1_49' title="bbox 1014 221 3041 303">
    <p class='ocr_par' dir='ltr' id='par_1_49' title="bbox 1014 221 3041 303">
     <span class='ocr_line' id='line_1_49' title="bbox 1014 221 3041 303; baseline -0.007 -9"><span class='ocrx_word' id='word_1_361' title='bbox 1014 235 1104 294; x_wconf 74' lang='lat' dir='ltr'><strong>ne</strong></span> <span class='ocrx_word' id='word_1_362' title='bbox 1144 221 1390 292; x_wconf 71' lang='lat' dir='ltr'><strong>veluus</strong></span> <span class='ocrx_word' id='word_1_363' title='bbox 1427 233 1785 303; x_wconf 69' lang='lat' dir='ltr'><strong>arosrou,</strong></span> <span class='ocrx_word' id='word_1_364' title='bbox 1825 230 2191 291; x_wconf 79' lang='lat' dir='ltr'><strong>HABENTES</strong></span> <span class='ocrx_word' id='word_1_365' title='bbox 2231 227 2527 287; x_wconf 72' lang='lat' dir='ltr'><strong>suntut-zu</strong></span> <span class='ocrx_word' id='word_1_366' title='bbox 2565 223 2911 283; x_wconf 77' lang='lat' dir='ltr'><strong>SPlltlTUM.</strong></span> <span class='ocrx_word' id='word_1_367' title='bbox 2951 222 3041 281; x_wconf 89' lang='lat' dir='ltr'><strong>tu.</strong></span> 
     </span>
    </p>
   </div>
   <div class='ocr_carea' id='block_1_50' title="bbox 3543 225 3689 282">
    <p class='ocr_par' dir='ltr' id='par_1_50' title="bbox 3543 225 3689 282">
     <span class='ocr_line' id='line_1_50' title="bbox 3543 225 3689 282; baseline 0.021 -4"><span class='ocrx_word' id='word_1_368' title='bbox 3543 225 3689 282; x_wconf 61' lang='lat' dir='ltr'><strong>2M&quot;</strong></span> 
     </span>
    </p>
   </div>
   <div class='ocr_carea' id='block_1_51' title="bbox 2074 335 3652 409">
    <p class='ocr_par' dir='ltr' id='par_1_51' title="bbox 2074 335 3652 409">
     <span class='ocr_line' id='line_1_51' title="bbox 2074 335 3652 409; baseline -0.004 -11"><span class='ocrx_word' id='word_1_369' title='bbox 2074 341 2363 398; x_wconf 81' lang='lat' dir='ltr'><strong>bonitatem</strong></span> <span class='ocrx_word' id='word_1_370' title='bbox 2385 382 2400 407; x_wconf 93' lang='lat'><strong>,</strong></span> <span class='ocrx_word' id='word_1_371' title='bbox 2425 347 2481 395; x_wconf 90' lang='lat' dir='ltr'><strong>et</strong></span> <span class='ocrx_word' id='word_1_372' title='bbox 2508 338 2807 409; x_wconf 65' lang='lat' dir='ltr'><strong>aequitatem</strong></span> <span class='ocrx_word' id='word_1_373' title='bbox 2844 337 2919 392; x_wconf 91' lang='lat' dir='ltr'><strong>tui</strong></span> <span class='ocrx_word' id='word_1_374' title='bbox 2962 335 3170 391; x_wconf 89' lang='lat' dir='ltr'><strong>Domini</strong></span> <span class='ocrx_word' id='word_1_375' title='bbox 3192 377 3207 400; x_wconf 89' lang='lat'><strong>,</strong></span> <span class='ocrx_word' id='word_1_376' title='bbox 3232 343 3506 407; x_wconf 80' lang='lat' dir='ltr'><strong>expertem</strong></span> <span class='ocrx_word' id='word_1_377' title='bbox 3530 352 3652 393; x_wconf 87' lang='lat' dir='ltr'><strong>eum</strong></span> 
     </span>
    </p>
   </div>
   <div class='ocr_carea' id='block_1_52' title="bbox 2074 427 3695 488">
    <p class='ocr_par' dir='ltr' id='par_1_52' title="bbox 2074 427 3695 488">
     <span class='ocr_line' id='line_1_52' title="bbox 2074 427 3695 488; baseline -0.002 -1"><span class='ocrx_word' id='word_1_378' title='bbox 2074 433 2145 487; x_wconf 89' lang='lat' dir='ltr'><strong>tui</strong></span> <span class='ocrx_word' id='word_1_379' title='bbox 2176 430 2474 488; x_wconf 82' lang='lat' dir='ltr'><strong>testamenti</strong></span> <span class='ocrx_word' id='word_1_380' title='bbox 2509 427 2711 485; x_wconf 81' lang='lat' dir='ltr'><strong>facies?</strong></span> <span class='ocrx_word' id='word_1_381' title='bbox 2750 443 2854 483; x_wconf 91' lang='lat' dir='ltr'><strong>non</strong></span> <span class='ocrx_word' id='word_1_382' title='bbox 2895 428 3058 484; x_wconf 86' lang='lat' dir='ltr'><strong>facies</strong></span> <span class='ocrx_word' id='word_1_383' title='bbox 3094 442 3216 483; x_wconf 89' lang='lat' dir='ltr'><strong>cum</strong></span> <span class='ocrx_word' id='word_1_384' title='bbox 3242 427 3560 483; x_wconf 88' lang='lat' dir='ltr'><strong>coheredem</strong></span> <span class='ocrx_word' id='word_1_385' title='bbox 3587 429 3653 484; x_wconf 88' lang='lat' dir='ltr'><strong>li-</strong></span> <span class='ocrx_word' id='word_1_386' title='bbox 3694 436 3695 439; x_wconf 77' lang='lat'>‘</span> 
     </span>
    </p>
   </div>
   <div class='ocr_carea' id='block_1_53' title="bbox 2073 520 3657 591">
    <p class='ocr_par' dir='ltr' id='par_1_53' title="bbox 2073 520 3657 591">
     <span class='ocr_line' id='line_1_53' title="bbox 2073 520 3657 591; baseline -0.003 -12"><span class='ocrx_word' id='word_1_387' title='bbox 2073 523 2322 579; x_wconf 91' lang='lat' dir='ltr'><strong>berorum</strong></span> <span class='ocrx_word' id='word_1_388' title='bbox 2352 522 2599 577; x_wconf 86' lang='lat' dir='ltr'><strong>tuorum?</strong></span> <span class='ocrx_word' id='word_1_389' title='bbox 2630 520 2860 576; x_wconf 84' lang='lat' dir='ltr'><strong>Hoccine</strong></span> <span class='ocrx_word' id='word_1_390' title='bbox 2882 529 2965 575; x_wconf 88' lang='lat' dir='ltr'><strong>est</strong></span> <span class='ocrx_word' id='word_1_391' title='bbox 2988 520 3528 591; x_wconf 67' lang='lat' dir='ltr'><strong>amantissimipatris</strong></span> <span class='ocrx_word' id='word_1_392' title='bbox 3549 522 3657 576; x_wconf 74' lang='lat' dir='ltr'><strong>olli—</strong></span> 
     </span>
    </p>
   </div>
   <div class='ocr_carea' id='block_1_54' title="bbox 2073 610 3657 682">
    <p class='ocr_par' dir='ltr' id='par_1_54' title="bbox 2073 610 3657 682">
     <span class='ocr_line' id='line_1_54' title="bbox 2073 610 3657 682; baseline 0 -14"><span class='ocrx_word' id='word_1_393' title='bbox 2073 613 2254 668; x_wconf 76' lang='lat' dir='ltr'><strong>cium?</strong></span> <span class='ocrx_word' id='word_1_394' title='bbox 2279 612 2408 666; x_wconf 83' lang='lat' dir='ltr'><strong>Nam</strong></span> <span class='ocrx_word' id='word_1_395' title='bbox 2434 613 2480 667; x_wconf 90' lang='lat' dir='ltr'><strong>si</strong></span> <span class='ocrx_word' id='word_1_396' title='bbox 2516 611 2679 681; x_wconf 87' lang='lat' dir='ltr'><strong>prolis</strong></span> <span class='ocrx_word' id='word_1_397' title='bbox 2708 618 2812 665; x_wconf 81' lang='lat' dir='ltr'><strong>tua:</strong></span> <span class='ocrx_word' id='word_1_398' title='bbox 2838 625 3021 665; x_wconf 89' lang='lat' dir='ltr'><strong>curam</strong></span> <span class='ocrx_word' id='word_1_399' title='bbox 3049 610 3192 680; x_wconf 88' lang='lat' dir='ltr'><strong>geris</strong></span> <span class='ocrx_word' id='word_1_400' title='bbox 3216 652 3231 674; x_wconf 87' lang='lat'><strong>,</strong></span> <span class='ocrx_word' id='word_1_401' title='bbox 3262 611 3514 682; x_wconf 68' lang='lat' dir='ltr'><strong>relinque</strong></span> <span class='ocrx_word' id='word_1_402' title='bbox 3553 612 3657 668; x_wconf 82' lang='lat' dir='ltr'><strong>illis</strong></span> 
     </span>
    </p>
   </div>
   <div class='ocr_carea' id='block_1_55' title="bbox 2073 701 3656 772">
    <p class='ocr_par' dir='ltr' id='par_1_55' title="bbox 2073 701 3656 772">
     <span class='ocr_line' id='line_1_55' title="bbox 2073 701 3656 772; baseline -0.003 -12"><span class='ocrx_word' id='word_1_403' title='bbox 2073 702 2367 760; x_wconf 84' lang='lat' dir='ltr'><strong>chartulam</strong></span> <span class='ocrx_word' id='word_1_404' title='bbox 2393 701 2678 772; x_wconf 91' lang='lat' dir='ltr'><strong>scriptam,</strong></span> <span class='ocrx_word' id='word_1_405' title='bbox 2707 701 2758 756; x_wconf 91' lang='lat' dir='ltr'><strong>in</strong></span> <span class='ocrx_word' id='word_1_406' title='bbox 2785 716 2888 772; x_wconf 88' lang='lat' dir='ltr'><strong>qua</strong></span> <span class='ocrx_word' id='word_1_407' title='bbox 2921 702 3086 757; x_wconf 90' lang='lat' dir='ltr'><strong>Deum</strong></span> <span class='ocrx_word' id='word_1_408' title='bbox 3112 701 3407 758; x_wconf 90' lang='lat' dir='ltr'><strong>debitorem</strong></span> <span class='ocrx_word' id='word_1_409' title='bbox 3436 701 3656 760; x_wconf 87' lang='lat' dir='ltr'><strong>habeas.</strong></span> 
     </span>
    </p>
   </div>
   <div class='ocr_carea' id='block_1_56' title="bbox 2076 792 3660 859">
    <p class='ocr_par' dir='ltr' id='par_1_56' title="bbox 2076 792 3660 859">
     <span class='ocr_line' id='line_1_56' title="bbox 2076 792 3660 859; baseline -0.002 -6"><span class='ocrx_word' id='word_1_410' title='bbox 2076 796 2201 853; x_wconf 78' lang='lat' dir='ltr'><strong>Ha-c</strong></span> <span class='ocrx_word' id='word_1_411' title='bbox 2225 794 2455 850; x_wconf 86' lang='lat' dir='ltr'><strong>maxima</strong></span> <span class='ocrx_word' id='word_1_412' title='bbox 2485 793 2772 859; x_wconf 87' lang='lat' dir='ltr'><strong>hereditas,</strong></span> <span class='ocrx_word' id='word_1_413' title='bbox 2802 795 2900 848; x_wconf 89' lang='lat' dir='ltr'><strong>hoc</strong></span> <span class='ocrx_word' id='word_1_414' title='bbox 2924 792 3089 848; x_wconf 81' lang='lat' dir='ltr'><strong>decus</strong></span> <span class='ocrx_word' id='word_1_415' title='bbox 3107 800 3222 858; x_wconf 62' lang='lat' dir='ltr'><strong>est,x</strong></span> <span class='ocrx_word' id='word_1_416' title='bbox 3238 792 3363 849; x_wconf 60' lang='lat' dir='ltr'><strong>hac</strong></span> <span class='ocrx_word' id='word_1_417' title='bbox 3375 794 3660 850; x_wconf 80' lang='lat' dir='ltr'><strong>securitas.</strong></span> 
     </span>
    </p>
   </div>
   <div class='ocr_carea' id='block_1_57' title="bbox 2079 881 3660 949">
    <p class='ocr_par' dir='ltr' id='par_1_57' title="bbox 2079 881 3660 949">
     <span class='ocr_line' id='line_1_57' title="bbox 2079 881 3660 949; baseline -0.001 -9"><span class='ocrx_word' id='word_1_418' title='bbox 2079 886 2240 940; x_wconf 85' lang='lat' dir='ltr'><strong>lnduc</strong></span> <span class='ocrx_word' id='word_1_419' title='bbox 2265 899 2387 940; x_wconf 91' lang='lat' dir='ltr'><strong>eum</strong></span> <span class='ocrx_word' id='word_1_420' title='bbox 2422 883 2473 937; x_wconf 92' lang='lat' dir='ltr'><strong>in</strong></span> <span class='ocrx_word' id='word_1_421' title='bbox 2511 893 2776 941; x_wconf 87' lang='lat' dir='ltr'><strong>terrenam</strong></span> <span class='ocrx_word' id='word_1_422' title='bbox 2809 882 2945 938; x_wconf 90' lang='lat' dir='ltr'><strong>hanc</strong></span> <span class='ocrx_word' id='word_1_423' title='bbox 2971 881 3325 943; x_wconf 86' lang='lat' dir='ltr'><strong>hereditatem</strong></span> <span class='ocrx_word' id='word_1_424' title='bbox 3349 924 3366 949; x_wconf 85' lang='lat'><strong>,</strong></span> <span class='ocrx_word' id='word_1_425' title='bbox 3399 892 3531 941; x_wconf 80' lang='lat' dir='ltr'><strong>utte</strong></span> <span class='ocrx_word' id='word_1_426' title='bbox 3556 901 3660 940; x_wconf 90' lang='lat' dir='ltr'><strong>una</strong></span> 
     </span>
    </p>
   </div>
   <div class='ocr_carea' id='block_1_58' title="bbox 2077 973 3665 1031">
    <p class='ocr_par' dir='ltr' id='par_1_58' title="bbox 2077 973 3665 1031">
     <span class='ocr_line' id='line_1_58' title="bbox 2077 973 3665 1031; baseline -0.001 0"><span class='ocrx_word' id='word_1_427' title='bbox 2077 992 2196 1031; x_wconf 88' lang='lat' dir='ltr'><strong>cum</strong></span> <span class='ocrx_word' id='word_1_428' title='bbox 2226 976 2330 1028; x_wconf 91' lang='lat' dir='ltr'><strong>tuis</strong></span> <span class='ocrx_word' id='word_1_429' title='bbox 2356 974 2537 1030; x_wconf 89' lang='lat' dir='ltr'><strong>liberis</strong></span> <span class='ocrx_word' id='word_1_430' title='bbox 2562 974 2613 1026; x_wconf 91' lang='lat' dir='ltr'><strong>in</strong></span> <span class='ocrx_word' id='word_1_431' title='bbox 2640 973 2907 1028; x_wconf 62' lang='lat' dir='ltr'><strong>caelestem</strong></span> <span class='ocrx_word' id='word_1_432' title='bbox 2951 973 3094 1028; x_wconf 90' lang='lat' dir='ltr'><strong>illam</strong></span> <span class='ocrx_word' id='word_1_433' title='bbox 3132 973 3481 1031; x_wconf 86' lang='lat' dir='ltr'><strong>hereditatem</strong></span> <span class='ocrx_word' id='word_1_434' title='bbox 3507 976 3665 1031; x_wconf 77' lang='lat' dir='ltr'><strong>indu-</strong></span> 
     </span>
    </p>
   </div>
   <div class='ocr_carea' id='block_1_59' title="bbox 2077 1064 3660 1136">
    <p class='ocr_par' dir='ltr' id='par_1_59' title="bbox 2077 1064 3660 1136">
     <span class='ocr_line' id='line_1_59' title="bbox 2077 1064 3660 1136; baseline 0.001 -14"><span class='ocrx_word' id='word_1_435' title='bbox 2077 1076 2181 1122; x_wconf 89' lang='lat' dir='ltr'><strong>cat.</strong></span> <span class='ocrx_word' id='word_1_436' title='bbox 2213 1067 2312 1121; x_wconf 89' lang='lat' dir='ltr'><strong>llic</strong></span> <span class='ocrx_word' id='word_1_437' title='bbox 2338 1065 2493 1121; x_wconf 73' lang='lat' dir='ltr'><strong>heres</strong></span> <span class='ocrx_word' id='word_1_438' title='bbox 2523 1064 2716 1119; x_wconf 86' lang='lat' dir='ltr'><strong>nobilis</strong></span> <span class='ocrx_word' id='word_1_439' title='bbox 2740 1073 2849 1128; x_wconf 90' lang='lat' dir='ltr'><strong>est,</strong></span> <span class='ocrx_word' id='word_1_440' title='bbox 2880 1064 3173 1129; x_wconf 88' lang='lat' dir='ltr'><strong>humanus,</strong></span> <span class='ocrx_word' id='word_1_441' title='bbox 3203 1065 3404 1133; x_wconf 91' lang='lat' dir='ltr'><strong>bonus,</strong></span> <span class='ocrx_word' id='word_1_442' title='bbox 3432 1075 3625 1136; x_wconf 82' lang='lat' dir='ltr'><strong>potens</strong></span> <span class='ocrx_word' id='word_1_443' title='bbox 3646 1110 3660 1134; x_wconf 93' lang='lat'><strong>,</strong></span> 
     </span>
    </p>
   </div>
   <div class='ocr_carea' id='block_1_60' title="bbox 2078 1155 3661 1228">
    <p class='ocr_par' dir='ltr' id='par_1_60' title="bbox 2078 1155 3661 1228">
     <span class='ocr_line' id='line_1_60' title="bbox 2078 1155 3661 1228; baseline -0.003 -12"><span class='ocrx_word' id='word_1_444' title='bbox 2078 1158 2263 1224; x_wconf 79' lang='lat' dir='ltr'><strong>dives;</strong></span> <span class='ocrx_word' id='word_1_445' title='bbox 2292 1173 2456 1228; x_wconf 92' lang='lat' dir='ltr'><strong>quare</strong></span> <span class='ocrx_word' id='word_1_446' title='bbox 2483 1156 2612 1211; x_wconf 90' lang='lat' dir='ltr'><strong>nihil</strong></span> <span class='ocrx_word' id='word_1_447' title='bbox 2638 1164 2721 1213; x_wconf 87' lang='lat' dir='ltr'><strong>est</strong></span> <span class='ocrx_word' id='word_1_448' title='bbox 2742 1170 2840 1211; x_wconf 90' lang='lat' dir='ltr'><strong>cur</strong></span> <span class='ocrx_word' id='word_1_449' title='bbox 2870 1155 2987 1224; x_wconf 91' lang='lat' dir='ltr'><strong>ejus</strong></span> <span class='ocrx_word' id='word_1_450' title='bbox 3013 1155 3325 1211; x_wconf 84' lang='lat' dir='ltr'><strong>societatem</strong></span> <span class='ocrx_word' id='word_1_451' title='bbox 3355 1167 3661 1226; x_wconf 88' lang='lat' dir='ltr'><strong>suspectam</strong></span> 
     </span>
    </p>
   </div>
   <div class='ocr_carea' id='block_1_61' title="bbox 2080 1245 3661 1329">
    <p class='ocr_par' dir='ltr' id='par_1_61' title="bbox 2080 1245 3661 1329">
     <span class='ocr_line' id='line_1_61' title="bbox 2080 1245 3661 1329; baseline -0.001 -25"><span class='ocrx_word' id='word_1_452' title='bbox 2080 1248 2296 1305; x_wconf 81' lang='lat' dir='ltr'><strong>habeas.</strong></span> <span class='ocrx_word' id='word_1_453' title='bbox 2344 1248 2468 1304; x_wconf 89' lang='lat' dir='ltr'><strong>Ideo</strong></span> <span class='ocrx_word' id='word_1_454' title='bbox 2505 1246 2668 1303; x_wconf 90' lang='lat' dir='ltr'><strong>etiam</strong></span> <span class='ocrx_word' id='word_1_455' title='bbox 2714 1246 2968 1329; x_wconf 71' lang='lat' dir='ltr'><strong>sementis</strong></span> <span class='ocrx_word' id='word_1_456' title='bbox 3012 1254 3232 1302; x_wconf 89' lang='lat' dir='ltr'><strong>vocatur</strong></span> <span class='ocrx_word' id='word_1_457' title='bbox 3279 1245 3619 1319; x_wconf 83' lang='lat' dir='ltr'><strong>elecmosyua</strong></span> <span class='ocrx_word' id='word_1_458' title='bbox 3647 1291 3661 1311; x_wconf 85' lang='lat'><strong>,</strong></span> 
     </span>
    </p>
   </div>
   <div class='ocr_carea' id='block_1_62' title="bbox 2079 1339 3664 1416">
    <p class='ocr_par' dir='ltr' id='par_1_62' title="bbox 2079 1339 3664 1416">
     <span class='ocr_line' id='line_1_62' title="bbox 2079 1339 3664 1416; baseline -0.004 -16"><span class='ocrx_word' id='word_1_459' title='bbox 2079 1345 2201 1416; x_wconf 89' lang='lat' dir='ltr'><strong>quia</strong></span> <span class='ocrx_word' id='word_1_460' title='bbox 2231 1358 2319 1399; x_wconf 89' lang='lat' dir='ltr'><strong>res</strong></span> <span class='ocrx_word' id='word_1_461' title='bbox 2345 1342 2460 1397; x_wconf 76' lang='lat' dir='ltr'><strong>lucc</strong></span> <span class='ocrx_word' id='word_1_462' title='bbox 2490 1356 2594 1397; x_wconf 89' lang='lat' dir='ltr'><strong>non</strong></span> <span class='ocrx_word' id='word_1_463' title='bbox 2623 1348 2728 1397; x_wconf 84' lang='lat' dir='ltr'><strong>tam</strong></span> <span class='ocrx_word' id='word_1_464' title='bbox 2759 1349 3001 1409; x_wconf 90' lang='lat' dir='ltr'><strong>sumptus</strong></span> <span class='ocrx_word' id='word_1_465' title='bbox 3025 1347 3127 1405; x_wconf 88' lang='lat' dir='ltr'><strong>cst,</strong></span> <span class='ocrx_word' id='word_1_466' title='bbox 3152 1353 3310 1410; x_wconf 90' lang='lat' dir='ltr'><strong>quam</strong></span> <span class='ocrx_word' id='word_1_467' title='bbox 3338 1339 3539 1395; x_wconf 88' lang='lat' dir='ltr'><strong>reditus</strong></span> <span class='ocrx_word' id='word_1_468' title='bbox 3568 1358 3581 1395; x_wconf 90' lang='lat'>:</span> <span class='ocrx_word' id='word_1_469' title='bbox 3611 1349 3664 1395; x_wconf 90' lang='lat' dir='ltr'><strong>tu</strong></span> 
     </span>
    </p>
   </div>
   <div class='ocr_carea' id='block_1_63' title="bbox 2081 1432 3664 1505">
    <p class='ocr_par' dir='ltr' id='par_1_63' title="bbox 2081 1432 3664 1505">
     <span class='ocr_line' id='line_1_63' title="bbox 2081 1432 3664 1505; baseline -0.003 -13"><span class='ocrx_word' id='word_1_470' title='bbox 2081 1446 2258 1492; x_wconf 89' lang='lat' dir='ltr'><strong>autem</strong></span> <span class='ocrx_word' id='word_1_471' title='bbox 2281 1434 2494 1505; x_wconf 85' lang='lat' dir='ltr'><strong>quando</strong></span> <span class='ocrx_word' id='word_1_472' title='bbox 2513 1432 2883 1491; x_wconf 88' lang='lat' dir='ltr'><strong>seminandum</strong></span> <span class='ocrx_word' id='word_1_473' title='bbox 2909 1442 3012 1497; x_wconf 83' lang='lat' dir='ltr'><strong>est,</strong></span> <span class='ocrx_word' id='word_1_474' title='bbox 3041 1447 3145 1487; x_wconf 88' lang='lat' dir='ltr'><strong>non</strong></span> <span class='ocrx_word' id='word_1_475' title='bbox 3172 1432 3346 1503; x_wconf 85' lang='lat' dir='ltr'><strong>magni</strong></span> <span class='ocrx_word' id='word_1_476' title='bbox 3376 1432 3505 1487; x_wconf 89' lang='lat' dir='ltr'><strong>facis</strong></span> <span class='ocrx_word' id='word_1_477' title='bbox 3524 1434 3664 1503; x_wconf 82' lang='lat' dir='ltr'><strong>quod</strong></span> 
     </span>
    </p>
   </div>
   <div class='ocr_carea' id='block_1_64' title="bbox 2081 1522 3663 1593">
    <p class='ocr_par' dir='ltr' id='par_1_64' title="bbox 2081 1522 3663 1593">
     <span class='ocr_line' id='line_1_64' title="bbox 2081 1522 3663 1593; baseline -0.004 -9"><span class='ocrx_word' id='word_1_478' title='bbox 2081 1543 2306 1585; x_wconf 87' lang='lat' dir='ltr'><strong>evaeues</strong></span> <span class='ocrx_word' id='word_1_479' title='bbox 2334 1527 2598 1585; x_wconf 80' lang='lat' dir='ltr'><strong>fructuum</strong></span> <span class='ocrx_word' id='word_1_480' title='bbox 2629 1532 2867 1579; x_wconf 88' lang='lat' dir='ltr'><strong>veterum</strong></span> <span class='ocrx_word' id='word_1_481' title='bbox 2896 1523 3277 1593; x_wconf 88' lang='lat' dir='ltr'><strong>promptuaria,</strong></span> <span class='ocrx_word' id='word_1_482' title='bbox 3305 1522 3399 1578; x_wconf 88' lang='lat' dir='ltr'><strong>sed</strong></span> <span class='ocrx_word' id='word_1_483' title='bbox 3423 1523 3489 1577; x_wconf 89' lang='lat' dir='ltr'><strong>ad</strong></span> <span class='ocrx_word' id='word_1_484' title='bbox 3522 1540 3663 1579; x_wconf 88' lang='lat' dir='ltr'><strong>mes-</strong></span> 
     </span>
    </p>
   </div>
   <div class='ocr_carea' id='block_1_65' title="bbox 2081 1613 3663 1685">
    <p class='ocr_par' dir='ltr' id='par_1_65' title="bbox 2081 1613 3663 1685">
     <span class='ocr_line' id='line_1_65' title="bbox 2081 1613 3663 1685; baseline -0.004 -11"><span class='ocrx_word' id='word_1_485' title='bbox 2081 1620 2156 1675; x_wconf 85' lang='lat' dir='ltr'><strong>sis</strong></span> <span class='ocrx_word' id='word_1_486' title='bbox 2186 1618 2374 1673; x_wconf 88' lang='lat' dir='ltr'><strong>futur..e</strong></span> <span class='ocrx_word' id='word_1_487' title='bbox 2408 1616 2633 1670; x_wconf 83' lang='lat' dir='ltr'><strong>fructum</strong></span> <span class='ocrx_word' id='word_1_488' title='bbox 2676 1624 2885 1685; x_wconf 88' lang='lat' dir='ltr'><strong>spectas</strong></span> <span class='ocrx_word' id='word_1_489' title='bbox 2908 1655 2923 1678; x_wconf 90' lang='lat'><strong>,</strong></span> <span class='ocrx_word' id='word_1_490' title='bbox 2956 1613 3114 1684; x_wconf 88' lang='lat' dir='ltr'><strong>idque</strong></span> <span class='ocrx_word' id='word_1_491' title='bbox 3140 1629 3261 1668; x_wconf 92' lang='lat' dir='ltr'><strong>cum</strong></span> <span class='ocrx_word' id='word_1_492' title='bbox 3291 1623 3538 1669; x_wconf 85' lang='lat' dir='ltr'><strong>eventum</strong></span> <span class='ocrx_word' id='word_1_493' title='bbox 3570 1631 3663 1669; x_wconf 79' lang='lat' dir='ltr'><strong>ue~</strong></span> 
     </span>
    </p>
   </div>
   <div class='ocr_carea' id='block_1_66' title="bbox 2083 1705 3669 1777">
    <p class='ocr_par' dir='ltr' id='par_1_66' title="bbox 2083 1705 3669 1777">
     <span class='ocr_line' id='line_1_66' title="bbox 2083 1705 3669 1777; baseline -0.001 -15"><span class='ocrx_word' id='word_1_494' title='bbox 2083 1711 2240 1768; x_wconf 82' lang='lat' dir='ltr'><strong>scias.</strong></span> <span class='ocrx_word' id='word_1_495' title='bbox 2263 1707 2393 1765; x_wconf 86' lang='lat' dir='ltr'><strong>Nam</strong></span> <span class='ocrx_word' id='word_1_496' title='bbox 2415 1716 2468 1762; x_wconf 89' lang='lat' dir='ltr'><strong>et</strong></span> <span class='ocrx_word' id='word_1_497' title='bbox 2489 1707 2697 1777; x_wconf 78' lang='lat' dir='ltr'><strong>rubigo,</strong></span> <span class='ocrx_word' id='word_1_498' title='bbox 2719 1716 2775 1761; x_wconf 86' lang='lat' dir='ltr'><strong>et</strong></span> <span class='ocrx_word' id='word_1_499' title='bbox 2799 1705 3095 1770; x_wconf 83' lang='lat' dir='ltr'><strong>calamitas,</strong></span> <span class='ocrx_word' id='word_1_500' title='bbox 3122 1714 3177 1759; x_wconf 91' lang='lat' dir='ltr'><strong>et</strong></span> <span class='ocrx_word' id='word_1_501' title='bbox 3203 1705 3426 1773; x_wconf 86' lang='lat' dir='ltr'><strong>locusta,</strong></span> <span class='ocrx_word' id='word_1_502' title='bbox 3454 1713 3508 1760; x_wconf 89' lang='lat' dir='ltr'><strong>et</strong></span> <span class='ocrx_word' id='word_1_503' title='bbox 3531 1708 3669 1761; x_wconf 80' lang='lat' dir='ltr'><strong>acris</strong></span> 
     </span>
    </p>
   </div>
   <div class='ocr_carea' id='block_1_67' title="bbox 2086 1798 3672 1870">
    <p class='ocr_par' dir='ltr' id='par_1_67' title="bbox 2086 1798 3672 1870">
     <span class='ocr_line' id='line_1_67' title="bbox 2086 1798 3672 1870; baseline -0.005 -11"><span class='ocrx_word' id='word_1_504' title='bbox 2086 1800 2431 1870; x_wconf 89' lang='lat' dir='ltr'><strong>intemperies</strong></span> <span class='ocrx_word' id='word_1_505' title='bbox 2457 1806 2515 1854; x_wconf 92' lang='lat' dir='ltr'><strong>et</strong></span> <span class='ocrx_word' id='word_1_506' title='bbox 2538 1798 2702 1853; x_wconf 86' lang='lat' dir='ltr'><strong>multa</strong></span> <span class='ocrx_word' id='word_1_507' title='bbox 2729 1811 2826 1853; x_wconf 87' lang='lat' dir='ltr'><strong>nos</strong></span> <span class='ocrx_word' id='word_1_508' title='bbox 2853 1811 2882 1850; x_wconf 91' lang='lat' dir='ltr'><strong>a</strong></span> <span class='ocrx_word' id='word_1_509' title='bbox 2912 1811 3009 1866; x_wconf 90' lang='lat' dir='ltr'><strong>spe</strong></span> <span class='ocrx_word' id='word_1_510' title='bbox 3036 1805 3091 1852; x_wconf 91' lang='lat' dir='ltr'><strong>et</strong></span> <span class='ocrx_word' id='word_1_511' title='bbox 3114 1798 3509 1866; x_wconf 83' lang='lat' dir='ltr'><strong>exspectatione</strong></span> <span class='ocrx_word' id='word_1_512' title='bbox 3535 1798 3672 1868; x_wconf 62' lang='lat' dir='ltr'><strong>deji-</strong></span> 
     </span>
    </p>
   </div>
   <div class='ocr_carea' id='block_1_68' title="bbox 2084 1886 3668 1958">
    <p class='ocr_par' dir='ltr' id='par_1_68' title="bbox 2084 1886 3668 1958">
     <span class='ocr_line' id='line_1_68' title="bbox 2084 1886 3668 1958; baseline -0.003 -10"><span class='ocrx_word' id='word_1_513' title='bbox 2084 1894 2233 1949; x_wconf 90' lang='lat' dir='ltr'><strong>ciunt</strong></span> <span class='ocrx_word' id='word_1_514' title='bbox 2264 1909 2277 1945; x_wconf 91' lang='lat'><strong>:</strong></span> <span class='ocrx_word' id='word_1_515' title='bbox 2306 1906 2429 1946; x_wconf 89' lang='lat' dir='ltr'><strong>cum</strong></span> <span class='ocrx_word' id='word_1_516' title='bbox 2456 1904 2584 1944; x_wconf 87' lang='lat' dir='ltr'><strong>vero</strong></span> <span class='ocrx_word' id='word_1_517' title='bbox 2613 1888 2664 1942; x_wconf 92' lang='lat' dir='ltr'><strong>in</strong></span> <span class='ocrx_word' id='word_1_518' title='bbox 2698 1887 2887 1943; x_wconf 78' lang='lat' dir='ltr'><strong>caelum</strong></span> <span class='ocrx_word' id='word_1_519' title='bbox 2910 1896 2991 1942; x_wconf 89' lang='lat' dir='ltr'><strong>est</strong></span> <span class='ocrx_word' id='word_1_520' title='bbox 3020 1901 3205 1944; x_wconf 88' lang='lat' dir='ltr'><strong>semen</strong></span> <span class='ocrx_word' id='word_1_521' title='bbox 3226 1886 3554 1958; x_wconf 89' lang='lat' dir='ltr'><strong>jaciendum,</strong></span> <span class='ocrx_word' id='word_1_522' title='bbox 3580 1888 3668 1943; x_wconf 91' lang='lat' dir='ltr'><strong>ubi</strong></span> 
     </span>
    </p>
   </div>
   <div class='ocr_carea' id='block_1_69' title="bbox 2086 1976 3669 2049">
    <p class='ocr_par' dir='ltr' id='par_1_69' title="bbox 2086 1976 3669 2049">
     <span class='ocr_line' id='line_1_69' title="bbox 2086 1976 3669 2049; baseline -0.006 -8"><span class='ocrx_word' id='word_1_523' title='bbox 2086 1986 2228 2042; x_wconf 90' lang='lat' dir='ltr'><strong>nulla</strong></span> <span class='ocrx_word' id='word_1_524' title='bbox 2263 1982 2404 2040; x_wconf 88' lang='lat' dir='ltr'><strong>acris</strong></span> <span class='ocrx_word' id='word_1_525' title='bbox 2442 1979 2808 2049; x_wconf 88' lang='lat' dir='ltr'><strong>intemperies,</strong></span> <span class='ocrx_word' id='word_1_526' title='bbox 2839 1978 3017 2035; x_wconf 88' lang='lat' dir='ltr'><strong>nullus</strong></span> <span class='ocrx_word' id='word_1_527' title='bbox 3045 1977 3220 2045; x_wconf 85' lang='lat' dir='ltr'><strong>dolor,</strong></span> <span class='ocrx_word' id='word_1_528' title='bbox 3252 1977 3412 2032; x_wconf 76' lang='lat' dir='ltr'><strong>nulla:</strong></span> <span class='ocrx_word' id='word_1_529' title='bbox 3440 1976 3669 2040; x_wconf 66' lang='lat' dir='ltr'><strong>insidiae,</strong></span> 
     </span>
    </p>
   </div>
   <div class='ocr_carea' id='block_1_70' title="bbox 2087 2068 3668 2146">
    <p class='ocr_par' dir='ltr' id='par_1_70' title="bbox 2087 2068 3668 2146">
     <span class='ocr_line' id='line_1_70' title="bbox 2087 2068 3668 2146; baseline -0.012 -14"><span class='ocrx_word' id='word_1_530' title='bbox 2087 2072 2452 2146; x_wconf 81' lang='lat' dir='ltr'><strong>tergiversaris</strong></span> <span class='ocrx_word' id='word_1_531' title='bbox 2474 2087 2538 2127; x_wconf 90' lang='lat' dir='ltr'><strong>ac</strong></span> <span class='ocrx_word' id='word_1_532' title='bbox 2558 2069 2946 2142; x_wconf 78' lang='lat' dir='ltr'><strong>procrastinas?</strong></span> <span class='ocrx_word' id='word_1_533' title='bbox 2970 2068 3036 2122; x_wconf 75' lang='lat' dir='ltr'><strong>Et</strong></span> <span class='ocrx_word' id='word_1_534' title='bbox 3055 2084 3210 2138; x_wconf 89' lang='lat' dir='ltr'><strong>quam</strong></span> <span class='ocrx_word' id='word_1_535' title='bbox 3230 2082 3418 2139; x_wconf 56' lang='lat' dir='ltr'><strong>speras</strong></span> <span class='ocrx_word' id='word_1_536' title='bbox 3440 2068 3668 2133; x_wconf 58' lang='lat' dir='ltr'><strong>veniam,</strong></span> 
     </span>
    </p>
   </div>
   <div class='ocr_carea' id='block_1_71' title="bbox 2086 2159 3670 2237">
    <p class='ocr_par' dir='ltr' id='par_1_71' title="bbox 2086 2159 3670 2237">
     <span class='ocr_line' id='line_1_71' title="bbox 2086 2159 3670 2237; baseline -0.001 -18"><span class='ocrx_word' id='word_1_537' title='bbox 2086 2167 2176 2237; x_wconf 85' lang='lat' dir='ltr'><strong>qui</strong></span> <span class='ocrx_word' id='word_1_538' title='bbox 2218 2167 2272 2220; x_wconf 90' lang='lat' dir='ltr'><strong>in</strong></span> <span class='ocrx_word' id='word_1_539' title='bbox 2305 2177 2497 2220; x_wconf 88' lang='lat' dir='ltr'><strong>terram</strong></span> <span class='ocrx_word' id='word_1_540' title='bbox 2537 2159 2883 2228; x_wconf 89' lang='lat' dir='ltr'><strong>seminando,</strong></span> <span class='ocrx_word' id='word_1_541' title='bbox 2913 2159 3242 2216; x_wconf 84' lang='lat' dir='ltr'><strong>confidenter</strong></span> <span class='ocrx_word' id='word_1_542' title='bbox 3266 2167 3321 2214; x_wconf 91' lang='lat' dir='ltr'><strong>et</strong></span> <span class='ocrx_word' id='word_1_543' title='bbox 3348 2159 3594 2214; x_wconf 68' lang='lat' dir='ltr'><strong>alacriter</strong></span> <span class='ocrx_word' id='word_1_544' title='bbox 3620 2159 3670 2217; x_wconf 85' lang='lat' dir='ltr'><strong>id</strong></span> 
     </span>
    </p>
   </div>
   <div class='ocr_carea' id='block_1_72' title="bbox 2087 2248 3671 2322">
    <p class='ocr_par' dir='ltr' id='par_1_72' title="bbox 2087 2248 3671 2322">
     <span class='ocr_line' id='line_1_72' title="bbox 2087 2248 3671 2322; baseline -0.004 -11"><span class='ocrx_word' id='word_1_545' title='bbox 2087 2255 2255 2322; x_wconf 85' lang='lat' dir='ltr'><strong>facis;</strong></span> <span class='ocrx_word' id='word_1_546' title='bbox 2282 2270 2402 2311; x_wconf 90' lang='lat' dir='ltr'><strong>cum</strong></span> <span class='ocrx_word' id='word_1_547' title='bbox 2430 2268 2556 2309; x_wconf 87' lang='lat' dir='ltr'><strong>vero</strong></span> <span class='ocrx_word' id='word_1_548' title='bbox 2584 2252 2635 2306; x_wconf 94' lang='lat' dir='ltr'><strong>in</strong></span> <span class='ocrx_word' id='word_1_549' title='bbox 2664 2266 2878 2306; x_wconf 91' lang='lat' dir='ltr'><strong>manum</strong></span> <span class='ocrx_word' id='word_1_550' title='bbox 2909 2250 2999 2305; x_wconf 90' lang='lat' dir='ltr'><strong>Dei</strong></span> <span class='ocrx_word' id='word_1_551' title='bbox 3029 2248 3397 2304; x_wconf 82' lang='lat' dir='ltr'><strong>seminaudum</strong></span> <span class='ocrx_word' id='word_1_552' title='bbox 3427 2259 3528 2317; x_wconf 82' lang='lat' dir='ltr'><strong>cst,</strong></span> <span class='ocrx_word' id='word_1_553' title='bbox 3554 2266 3671 2306; x_wconf 89' lang='lat' dir='ltr'><strong>ces-</strong></span> 
     </span>
    </p>
   </div>
   <div class='ocr_carea' id='block_1_73' title="bbox 2086 2339 3675 2416">
    <p class='ocr_par' dir='ltr' id='par_1_73' title="bbox 2086 2339 3675 2416">
     <span class='ocr_line' id='line_1_73' title="bbox 2086 2339 3675 2416; baseline -0.006 -11"><span class='ocrx_word' id='word_1_554' title='bbox 2086 2363 2175 2405; x_wconf 87' lang='lat' dir='ltr'><strong>sas</strong></span> <span class='ocrx_word' id='word_1_555' title='bbox 2214 2354 2270 2403; x_wconf 89' lang='lat' dir='ltr'><strong>et</strong></span> <span class='ocrx_word' id='word_1_556' title='bbox 2311 2343 2572 2416; x_wconf 79' lang='lat' dir='ltr'><strong>negligis?</strong></span> <span class='ocrx_word' id='word_1_557' title='bbox 2600 2342 2731 2397; x_wconf 88' lang='lat' dir='ltr'><strong>Nam</strong></span> <span class='ocrx_word' id='word_1_558' title='bbox 2774 2342 2818 2398; x_wconf 90' lang='lat' dir='ltr'><strong>si</strong></span> <span class='ocrx_word' id='word_1_559' title='bbox 2864 2349 3002 2395; x_wconf 86' lang='lat' dir='ltr'><strong>terra</strong></span> <span class='ocrx_word' id='word_1_560' title='bbox 3049 2339 3223 2396; x_wconf 87' lang='lat' dir='ltr'><strong>reddit</strong></span> <span class='ocrx_word' id='word_1_561' title='bbox 3265 2340 3405 2409; x_wconf 87' lang='lat' dir='ltr'><strong>quod</strong></span> <span class='ocrx_word' id='word_1_562' title='bbox 3453 2340 3553 2395; x_wconf 88' lang='lat' dir='ltr'><strong>sibi</strong></span> <span class='ocrx_word' id='word_1_563' title='bbox 3589 2352 3675 2396; x_wconf 89' lang='lat' dir='ltr'><strong>est</strong></span> 
     </span>
    </p>
   </div>
   <div class='ocr_carea' id='block_1_74' title="bbox 2086 2429 3672 2501">
    <p class='ocr_par' dir='ltr' id='par_1_74' title="bbox 2086 2429 3672 2501">
     <span class='ocr_line' id='line_1_74' title="bbox 2086 2429 3672 2501; baseline -0.004 -8"><span class='ocrx_word' id='word_1_564' title='bbox 2086 2436 2371 2501; x_wconf 87' lang='lat' dir='ltr'><strong>creditum,</strong></span> <span class='ocrx_word' id='word_1_565' title='bbox 2402 2434 2567 2487; x_wconf 91' lang='lat' dir='ltr'><strong>multo</strong></span> <span class='ocrx_word' id='word_1_566' title='bbox 2592 2430 2759 2501; x_wconf 88' lang='lat' dir='ltr'><strong>magis</strong></span> <span class='ocrx_word' id='word_1_567' title='bbox 2786 2429 2877 2483; x_wconf 91' lang='lat' dir='ltr'><strong>Dei</strong></span> <span class='ocrx_word' id='word_1_568' title='bbox 2910 2444 3117 2492; x_wconf 88' lang='lat' dir='ltr'><strong>manus,</strong></span> <span class='ocrx_word' id='word_1_569' title='bbox 3146 2444 3493 2500; x_wconf 75' lang='lat' dir='ltr'><strong>qtta&#39;t‘umqtte</strong></span> <span class='ocrx_word' id='word_1_570' title='bbox 3521 2446 3672 2486; x_wconf 87' lang='lat' dir='ltr'><strong>accc-</strong></span> 
     </span>
    </p>
   </div>
   <div class='ocr_carea' id='block_1_75' title="bbox 2089 2521 3261 2601">
    <p class='ocr_par' dir='ltr' id='par_1_75' title="bbox 2089 2521 3261 2601">
     <span class='ocr_line' id='line_1_75' title="bbox 2089 2521 3261 2601; baseline -0.01 -17"><span class='ocrx_word' id='word_1_571' title='bbox 2089 2529 2246 2601; x_wconf 90' lang='lat' dir='ltr'><strong>perit,</strong></span> <span class='ocrx_word' id='word_1_572' title='bbox 2272 2539 2465 2598; x_wconf 84' lang='lat' dir='ltr'><strong>magno</strong></span> <span class='ocrx_word' id='word_1_573' title='bbox 2490 2540 2610 2580; x_wconf 90' lang='lat' dir='ltr'><strong>cum</strong></span> <span class='ocrx_word' id='word_1_574' title='bbox 2638 2521 2843 2579; x_wconf 67' lang='lat' dir='ltr'><strong>faenore</strong></span> <span class='ocrx_word' id='word_1_575' title='bbox 2867 2534 2948 2576; x_wconf 88' lang='lat' dir='ltr'><strong>est</strong></span> <span class='ocrx_word' id='word_1_576' title='bbox 2972 2521 3261 2576; x_wconf 87' lang='lat' dir='ltr'><strong>redditura.</strong></span> 
     </span>
    </p>
   </div>
   <div class='ocr_carea' id='block_1_76' title="bbox 2164 2613 3670 2687">
    <p class='ocr_par' dir='ltr' id='par_1_76' title="bbox 2164 2613 3670 2687">
     <span class='ocr_line' id='line_1_76' title="bbox 2164 2613 3670 2687; baseline -0.005 -12"><span class='ocrx_word' id='word_1_577' title='bbox 2164 2620 2252 2675; x_wconf 82' lang='lat' dir='ltr'><strong>lo.</strong></span> <span class='ocrx_word' id='word_1_578' title='bbox 2280 2618 2405 2674; x_wconf 59' lang='lat' dir='ltr'><strong>Ha‘c</strong></span> <span class='ocrx_word' id='word_1_579' title='bbox 2435 2616 2590 2687; x_wconf 84' lang='lat' dir='ltr'><strong>igitur</strong></span> <span class='ocrx_word' id='word_1_580' title='bbox 2615 2614 2847 2670; x_wconf 89' lang='lat' dir='ltr'><strong>scientes</strong></span> <span class='ocrx_word' id='word_1_581' title='bbox 2872 2627 2976 2668; x_wconf 92' lang='lat' dir='ltr'><strong>non</strong></span> <span class='ocrx_word' id='word_1_582' title='bbox 3007 2613 3353 2682; x_wconf 76' lang='lat' dir='ltr'><strong>reSpiciamus</strong></span> <span class='ocrx_word' id='word_1_583' title='bbox 3380 2623 3670 2683; x_wconf 85' lang='lat' dir='ltr'><strong>sumptum,</strong></span> 
     </span>
    </p>
   </div>
   <div class='ocr_carea' id='block_1_77' title="bbox 2088 2702 3676 2787">
    <p class='ocr_par' dir='ltr' id='par_1_77' title="bbox 2088 2702 3676 2787">
     <span class='ocr_line' id='line_1_77' title="bbox 2088 2702 3676 2787; baseline -0.007 -19"><span class='ocrx_word' id='word_1_584' title='bbox 2088 2711 2300 2787; x_wconf 83' lang='lat' dir='ltr'><strong>quando</strong></span> <span class='ocrx_word' id='word_1_585' title='bbox 2327 2709 2720 2779; x_wconf 81' lang='lat' dir='ltr'><strong>elcemosynam</strong></span> <span class='ocrx_word' id='word_1_586' title='bbox 2751 2704 2992 2769; x_wconf 84' lang='lat' dir='ltr'><strong>facimus,</strong></span> <span class='ocrx_word' id='word_1_587' title='bbox 3021 2702 3114 2758; x_wconf 89' lang='lat' dir='ltr'><strong>sed</strong></span> <span class='ocrx_word' id='word_1_588' title='bbox 3138 2718 3260 2759; x_wconf 92' lang='lat' dir='ltr'><strong>eum</strong></span> <span class='ocrx_word' id='word_1_589' title='bbox 3286 2703 3377 2774; x_wconf 88' lang='lat' dir='ltr'><strong>qui</strong></span> <span class='ocrx_word' id='word_1_590' title='bbox 3408 2704 3530 2760; x_wconf 88' lang='lat' dir='ltr'><strong>inde</strong></span> <span class='ocrx_word' id='word_1_591' title='bbox 3554 2718 3676 2774; x_wconf 87' lang='lat' dir='ltr'><strong>spe-</strong></span> 
     </span>
    </p>
   </div>
   <div class='ocr_carea' id='block_1_78' title="bbox 2091 2794 3675 2872">
    <p class='ocr_par' dir='ltr' id='par_1_78' title="bbox 2091 2794 3675 2872">
     <span class='ocr_line' id='line_1_78' title="bbox 2091 2794 3675 2872; baseline -0.004 -13"><span class='ocrx_word' id='word_1_592' title='bbox 2091 2814 2237 2859; x_wconf 86' lang='lat' dir='ltr'><strong>ratur</strong></span> <span class='ocrx_word' id='word_1_593' title='bbox 2272 2809 2617 2872; x_wconf 76' lang='lat' dir='ltr'><strong>proventura,</strong></span> <span class='ocrx_word' id='word_1_594' title='bbox 2659 2798 2767 2853; x_wconf 91' lang='lat' dir='ltr'><strong>imo</strong></span> <span class='ocrx_word' id='word_1_595' title='bbox 2802 2796 2963 2852; x_wconf 92' lang='lat' dir='ltr'><strong>etiam</strong></span> <span class='ocrx_word' id='word_1_596' title='bbox 3008 2808 3246 2865; x_wconf 73' lang='lat' dir='ltr'><strong>pnesens</strong></span> <span class='ocrx_word' id='word_1_597' title='bbox 3282 2794 3488 2850; x_wconf 90' lang='lat' dir='ltr'><strong>lucrum</strong></span> <span class='ocrx_word' id='word_1_598' title='bbox 3519 2812 3536 2850; x_wconf 85' lang='lat'><strong>:</strong></span> <span class='ocrx_word' id='word_1_599' title='bbox 3570 2808 3675 2855; x_wconf 88' lang='lat' dir='ltr'><strong>non</strong></span> 
     </span>
    </p>
   </div>
   <div class='ocr_carea' id='block_1_79' title="bbox 2090 2888 3683 2962">
    <p class='ocr_par' dir='ltr' id='par_1_79' title="bbox 2090 2888 3683 2962">
     <span class='ocr_line' id='line_1_79' title="bbox 2090 2888 3683 2962; baseline -0.004 -12"><span class='ocrx_word' id='word_1_600' title='bbox 2090 2894 2262 2950; x_wconf 87' lang='lat' dir='ltr'><strong>solum</strong></span> <span class='ocrx_word' id='word_1_601' title='bbox 2297 2892 2438 2949; x_wconf 90' lang='lat' dir='ltr'><strong>enim</strong></span> <span class='ocrx_word' id='word_1_602' title='bbox 2479 2905 2702 2962; x_wconf 80' lang='lat' dir='ltr'><strong>regnum</strong></span> <span class='ocrx_word' id='word_1_603' title='bbox 2732 2888 2986 2945; x_wconf 71' lang='lat' dir='ltr'><strong>czrlorum</strong></span> <span class='ocrx_word' id='word_1_604' title='bbox 3017 2890 3355 2960; x_wconf 67' lang='lat' dir='ltr'><strong>eleemOsyua</strong></span> <span class='ocrx_word' id='word_1_605' title='bbox 3390 2899 3683 2960; x_wconf 80' lang='lat' dir='ltr'><strong>procurat,</strong></span> 
     </span>
    </p>
   </div>
   <div class='ocr_carea' id='block_1_80' title="bbox 2091 2978 3679 3054">
    <p class='ocr_par' dir='ltr' id='par_1_80' title="bbox 2091 2978 3679 3054">
     <span class='ocr_line' id='line_1_80' title="bbox 2091 2978 3679 3054; baseline -0.006 -13"><span class='ocrx_word' id='word_1_606' title='bbox 2091 2984 2185 3042; x_wconf 89' lang='lat' dir='ltr'><strong>sed</strong></span> <span class='ocrx_word' id='word_1_607' title='bbox 2212 2985 2263 3039; x_wconf 92' lang='lat' dir='ltr'><strong>in</strong></span> <span class='ocrx_word' id='word_1_608' title='bbox 2296 2982 2544 3054; x_wconf 71' lang='lat' dir='ltr'><strong>prmsenti</strong></span> <span class='ocrx_word' id='word_1_609' title='bbox 2573 2981 2732 3036; x_wconf 89' lang='lat' dir='ltr'><strong>etiam</strong></span> <span class='ocrx_word' id='word_1_610' title='bbox 2765 2979 2868 3035; x_wconf 86' lang='lat' dir='ltr'><strong>vita</strong></span> <span class='ocrx_word' id='word_1_611' title='bbox 2895 2979 3233 3033; x_wconf 89' lang='lat' dir='ltr'><strong>securitatem</strong></span> <span class='ocrx_word' id='word_1_612' title='bbox 3255 2978 3408 3034; x_wconf 78' lang='lat' dir='ltr'><strong>ali&#39;ert</strong></span> <span class='ocrx_word' id='word_1_613' title='bbox 3434 2988 3489 3034; x_wconf 90' lang='lat' dir='ltr'><strong>et</strong></span> <span class='ocrx_word' id='word_1_614' title='bbox 3511 2979 3679 3033; x_wconf 85' lang='lat' dir='ltr'><strong>abun-</strong></span> 
     </span>
    </p>
   </div>
   <div class='ocr_carea' id='block_1_81' title="bbox 2092 3067 3681 3141">
    <p class='ocr_par' dir='ltr' id='par_1_81' title="bbox 2092 3067 3681 3141">
     <span class='ocr_line' id='line_1_81' title="bbox 2092 3067 3681 3141; baseline -0.007 -8"><span class='ocrx_word' id='word_1_615' title='bbox 2092 3076 2345 3133; x_wconf 87' lang='lat' dir='ltr'><strong>dantiam.</strong></span> <span class='ocrx_word' id='word_1_616' title='bbox 2367 3073 2497 3140; x_wconf 84' lang='lat' dir='ltr'><strong>Quis</strong></span> <span class='ocrx_word' id='word_1_617' title='bbox 2518 3072 2631 3127; x_wconf 64' lang='lat' dir='ltr'><strong>hate</strong></span> <span class='ocrx_word' id='word_1_618' title='bbox 2648 3069 2964 3141; x_wconf 85' lang='lat' dir='ltr'><strong>pollicetur?</strong></span> <span class='ocrx_word' id='word_1_619' title='bbox 2987 3067 3102 3137; x_wconf 83' lang='lat' dir='ltr'><strong>Ipse</strong></span> <span class='ocrx_word' id='word_1_620' title='bbox 3117 3068 3203 3139; x_wconf 92' lang='lat' dir='ltr'><strong>qui</strong></span> <span class='ocrx_word' id='word_1_621' title='bbox 3229 3077 3481 3137; x_wconf 64' lang='lat' dir='ltr'><strong>praestare</strong></span> <span class='ocrx_word' id='word_1_622' title='bbox 3506 3078 3681 3139; x_wconf 80' lang='lat' dir='ltr'><strong>potest</strong></span> 
     </span>
    </p>
   </div>
   <div class='ocr_carea' id='block_1_82' title="bbox 2096 3158 3677 3230">
    <p class='ocr_par' dir='ltr' id='par_1_82' title="bbox 2096 3158 3677 3230">
     <span class='ocr_line' id='line_1_82' title="bbox 2096 3158 3677 3230; baseline -0.007 -5"><span class='ocrx_word' id='word_1_623' title='bbox 2096 3168 2367 3225; x_wconf 89' lang='lat' dir='ltr'><strong>Dominus.</strong></span> <span class='ocrx_word' id='word_1_624' title='bbox 2405 3165 2537 3222; x_wconf 89' lang='lat' dir='ltr'><strong>Dicit</strong></span> <span class='ocrx_word' id='word_1_625' title='bbox 2563 3163 2705 3218; x_wconf 91' lang='lat' dir='ltr'><strong>enim</strong></span> <span class='ocrx_word' id='word_1_626' title='bbox 2736 3179 2751 3216; x_wconf 90' lang='lat'><strong>:</strong></span> <span class='ocrx_word' id='word_1_627' title='bbox 2783 3160 2884 3229; x_wconf 84' lang='lat' dir='ltr'><strong>Qui</strong></span> <span class='ocrx_word' id='word_1_628' title='bbox 2921 3174 3015 3215; x_wconf 87' lang='lat' dir='ltr'><strong>sua</strong></span> <span class='ocrx_word' id='word_1_629' title='bbox 3063 3158 3382 3227; x_wconf 86' lang='lat' dir='ltr'><strong>pauperibus</strong></span> <span class='ocrx_word' id='word_1_630' title='bbox 3426 3159 3677 3230; x_wconf 82' lang='lat' dir='ltr'><strong>largitur,</strong></span> 
     </span>
    </p>
   </div>
   <div class='ocr_carea' id='block_1_83' title="bbox 2094 3246 3680 3330">
    <p class='ocr_par' dir='ltr' id='par_1_83' title="bbox 2094 3246 3680 3330">
     <span class='ocr_line' id='line_1_83' title="bbox 2094 3246 3680 3330; baseline -0.011 -12"><span class='ocrx_word' id='word_1_631' title='bbox 2094 3259 2399 3330; x_wconf 87' lang='lat' dir='ltr'><strong>centuplum</strong></span> <span class='ocrx_word' id='word_1_632' title='bbox 2424 3255 2645 3325; x_wconf 81' lang='lat' dir='ltr'><strong>accipiet</strong></span> <span class='ocrx_word' id='word_1_633' title='bbox 2672 3253 2725 3308; x_wconf 92' lang='lat' dir='ltr'><strong>in</strong></span> <span class='ocrx_word' id='word_1_634' title='bbox 2754 3251 2856 3307; x_wconf 88' lang='lat' dir='ltr'><strong>hoc</strong></span> <span class='ocrx_word' id='word_1_635' title='bbox 2879 3250 3076 3305; x_wconf 67' lang='lat' dir='ltr'><strong>saeculo</strong></span> <span class='ocrx_word' id='word_1_636' title='bbox 3095 3291 3107 3310; x_wconf 87' lang='lat'><strong>,</strong></span> <span class='ocrx_word' id='word_1_637' title='bbox 3130 3257 3184 3304; x_wconf 90' lang='lat' dir='ltr'><strong>et</strong></span> <span class='ocrx_word' id='word_1_638' title='bbox 3211 3247 3331 3303; x_wconf 72' lang='lat' dir='ltr'><strong>vitae</strong></span> <span class='ocrx_word' id='word_1_639' title='bbox 3352 3257 3568 3302; x_wconf 71' lang='lat' dir='ltr'><strong>a-tcrnae</strong></span> <span class='ocrx_word' id='word_1_640' title='bbox 3596 3246 3680 3302; x_wconf 44' lang='lat' dir='ltr'><strong>he.</strong></span> 
     </span>
    </p>
   </div>
   <div class='ocr_carea' id='block_1_84' title="bbox 2098 3336 3681 3414">
    <p class='ocr_par' dir='ltr' id='par_1_84' title="bbox 2098 3336 3681 3414">
     <span class='ocr_line' id='line_1_84' title="bbox 2098 3336 3681 3414; baseline -0.013 -5"><span class='ocrx_word' id='word_1_641' title='bbox 2098 3351 2374 3408; x_wconf 88' lang='lat' dir='ltr'><strong>reditatem</strong></span> <span class='ocrx_word' id='word_1_642' title='bbox 2414 3345 2630 3401; x_wconf 88' lang='lat' dir='ltr'><strong>habebit</strong></span> <span class='ocrx_word' id='word_1_643' title='bbox 2655 3342 2884 3414; x_wconf 72' lang='lat' dir='ltr'><strong>(Matth.</strong></span> <span class='ocrx_word' id='word_1_644' title='bbox 2914 3341 3000 3396; x_wconf 79' lang='lat' dir='ltr'><strong>l9.</strong></span> <span class='ocrx_word' id='word_1_645' title='bbox 3028 3336 3155 3409; x_wconf 74' lang='lat'><strong>29).</strong></span> <span class='ocrx_word' id='word_1_646' title='bbox 3186 3336 3344 3392; x_wconf 81' lang='lat' dir='ltr'><strong>Vides</strong></span> <span class='ocrx_word' id='word_1_647' title='bbox 3374 3337 3681 3392; x_wconf 87' lang='lat' dir='ltr'><strong>retributio-</strong></span> 
     </span>
    </p>
   </div>
   <div class='ocr_carea' id='block_1_85' title="bbox 2099 3426 3681 3508">
    <p class='ocr_par' dir='ltr' id='par_1_85' title="bbox 2099 3426 3681 3508">
     <span class='ocr_line' id='line_1_85' title="bbox 2099 3426 3681 3508; baseline -0.013 -9"><span class='ocrx_word' id='word_1_648' title='bbox 2099 3458 2222 3499; x_wconf 90' lang='lat' dir='ltr'><strong>nem</strong></span> <span class='ocrx_word' id='word_1_649' title='bbox 2247 3441 2300 3496; x_wconf 92' lang='lat' dir='ltr'><strong>in</strong></span> <span class='ocrx_word' id='word_1_650' title='bbox 2326 3448 2549 3508; x_wconf 86' lang='lat' dir='ltr'><strong>utraque</strong></span> <span class='ocrx_word' id='word_1_651' title='bbox 2574 3435 2679 3491; x_wconf 77' lang='lat' dir='ltr'><strong>vita</strong></span> <span class='ocrx_word' id='word_1_652' title='bbox 2699 3448 2821 3489; x_wconf 89' lang='lat' dir='ltr'><strong>cum</strong></span> <span class='ocrx_word' id='word_1_653' title='bbox 2848 3446 3040 3501; x_wconf 67' lang='lat' dir='ltr'><strong>magno</strong></span> <span class='ocrx_word' id='word_1_654' title='bbox 3061 3432 3262 3483; x_wconf 73' lang='lat' dir='ltr'><strong>ttenure</strong></span> <span class='ocrx_word' id='word_1_655' title='bbox 3292 3426 3681 3496; x_wconf 64' lang='lat' dir='ltr'><strong>recipiendam?</strong></span> 
     </span>
    </p>
   </div>
   <div class='ocr_carea' id='block_1_86' title="bbox 2098 3516 3684 3605">
    <p class='ocr_par' dir='ltr' id='par_1_86' title="bbox 2098 3516 3684 3605">
     <span class='ocr_line' id='line_1_86' title="bbox 2098 3516 3684 3605; baseline -0.013 -14"><span class='ocrx_word' id='word_1_656' title='bbox 2098 3535 2176 3591; x_wconf 80' lang='lat' dir='ltr'><strong>Ne</strong></span> <span class='ocrx_word' id='word_1_657' title='bbox 2202 3533 2363 3605; x_wconf 87' lang='lat' dir='ltr'><strong>igitur</strong></span> <span class='ocrx_word' id='word_1_658' title='bbox 2389 3542 2696 3593; x_wconf 85' lang='lat' dir='ltr'><strong>cessemus,</strong></span> <span class='ocrx_word' id='word_1_659' title='bbox 2725 3538 2900 3594; x_wconf 89' lang='lat' dir='ltr'><strong>neque</strong></span> <span class='ocrx_word' id='word_1_660' title='bbox 2944 3520 3427 3591; x_wconf 71' lang='lat' dir='ltr'><strong>procrastiuemus,</strong></span> <span class='ocrx_word' id='word_1_661' title='bbox 3463 3516 3556 3572; x_wconf 85' lang='lat' dir='ltr'><strong>sed</strong></span> <span class='ocrx_word' id='word_1_662' title='bbox 3590 3533 3684 3588; x_wconf 82' lang='lat' dir='ltr'><strong>per</strong></span> 
     </span>
    </p>
   </div>
   <div class='ocr_carea' id='block_1_87' title="bbox 2099 3611 3687 3700">
    <p class='ocr_par' dir='ltr' id='par_1_87' title="bbox 2099 3611 3687 3700">
     <span class='ocr_line' id='line_1_87' title="bbox 2099 3611 3687 3700; baseline -0.014 -15"><span class='ocrx_word' id='word_1_663' title='bbox 2099 3628 2335 3700; x_wconf 88' lang='lat' dir='ltr'><strong>singulos</strong></span> <span class='ocrx_word' id='word_1_664' title='bbox 2358 3623 2473 3680; x_wconf 85' lang='lat' dir='ltr'><strong>dies</strong></span> <span class='ocrx_word' id='word_1_665' title='bbox 2497 3622 2851 3690; x_wconf 78' lang='lat' dir='ltr'><strong>eleemosynac</strong></span> <span class='ocrx_word' id='word_1_666' title='bbox 2880 3614 3108 3670; x_wconf 86' lang='lat' dir='ltr'><strong>fructum</strong></span> <span class='ocrx_word' id='word_1_667' title='bbox 3149 3611 3521 3684; x_wconf 87' lang='lat' dir='ltr'><strong>percipiamus,</strong></span> <span class='ocrx_word' id='word_1_668' title='bbox 3550 3617 3687 3664; x_wconf 90' lang='lat' dir='ltr'><strong>utet</strong></span> 
     </span>
    </p>
   </div>
   <div class='ocr_carea' id='block_1_88' title="bbox 2102 3701 3685 3791">
    <p class='ocr_par' dir='ltr' id='par_1_88' title="bbox 2102 3701 3685 3791">
     <span class='ocr_line' id='line_1_88' title="bbox 2102 3701 3685 3791; baseline -0.014 -14"><span class='ocrx_word' id='word_1_669' title='bbox 2102 3723 2156 3777; x_wconf 92' lang='lat' dir='ltr'><strong>in</strong></span> <span class='ocrx_word' id='word_1_670' title='bbox 2196 3716 2443 3791; x_wconf 67' lang='lat' dir='ltr'><strong>praesenti</strong></span> <span class='ocrx_word' id='word_1_671' title='bbox 2472 3712 2671 3770; x_wconf 68' lang='lat' dir='ltr'><strong>steculo</strong></span> <span class='ocrx_word' id='word_1_672' title='bbox 2695 3710 2855 3767; x_wconf 91' lang='lat' dir='ltr'><strong>rebus</strong></span> <span class='ocrx_word' id='word_1_673' title='bbox 2884 3706 3136 3763; x_wconf 88' lang='lat' dir='ltr'><strong>secundis</strong></span> <span class='ocrx_word' id='word_1_674' title='bbox 3162 3704 3398 3760; x_wconf 88' lang='lat' dir='ltr'><strong>fruamur</strong></span> <span class='ocrx_word' id='word_1_675' title='bbox 3417 3743 3433 3768; x_wconf 96' lang='lat'><strong>,</strong></span> <span class='ocrx_word' id='word_1_676' title='bbox 3460 3712 3516 3759; x_wconf 92' lang='lat' dir='ltr'><strong>et</strong></span> <span class='ocrx_word' id='word_1_677' title='bbox 3543 3701 3685 3759; x_wconf 73' lang='grc' dir='ltr'><strong>[αω-</strong></span> 
     </span>
    </p>
   </div>
   <div class='ocr_carea' id='block_1_89' title="bbox 2104 3793 3689 3874">
    <p class='ocr_par' dir='ltr' id='par_1_89' title="bbox 2104 3793 3689 3874">
     <span class='ocr_line' id='line_1_89' title="bbox 2104 3793 3689 3874; baseline -0.015 -6"><span class='ocrx_word' id='word_1_678' title='bbox 2104 3828 2216 3868; x_wconf 88' lang='lat' dir='ltr'><strong>ram</strong></span> <span class='ocrx_word' id='word_1_679' title='bbox 2244 3810 2404 3863; x_wconf 87' lang='lat' dir='ltr'><strong>vitam</strong></span> <span class='ocrx_word' id='word_1_680' title='bbox 2432 3816 2822 3874; x_wconf 87' lang='lat' dir='ltr'><strong>consequamur</strong></span> <span class='ocrx_word' id='word_1_681' title='bbox 2849 3816 2863 3854; x_wconf 91' lang='lat'><strong>:</strong></span> <span class='ocrx_word' id='word_1_682' title='bbox 2887 3814 3007 3868; x_wconf 79' lang='lat' dir='ltr'><strong>qua:</strong></span> <span class='ocrx_word' id='word_1_683' title='bbox 3036 3796 3187 3851; x_wconf 92' lang='lat' dir='ltr'><strong>nobis</strong></span> <span class='ocrx_word' id='word_1_684' title='bbox 3209 3793 3457 3850; x_wconf 87' lang='lat' dir='ltr'><strong>omnibus</strong></span> <span class='ocrx_word' id='word_1_685' title='bbox 3480 3793 3689 3848; x_wconf 84' lang='lat' dir='ltr'><strong>contin-</strong></span> 
     </span>
    </p>
   </div>
   <div class='ocr_carea' id='block_1_90' title="bbox 2101 3884 3688 3976">
    <p class='ocr_par' dir='ltr' id='par_1_90' title="bbox 2101 3884 3688 3976">
     <span class='ocr_line' id='line_1_90' title="bbox 2101 3884 3688 3976; baseline -0.015 -18"><span class='ocrx_word' id='word_1_686' title='bbox 2101 3913 2211 3976; x_wconf 87' lang='lat' dir='ltr'><strong>gat,</strong></span> <span class='ocrx_word' id='word_1_687' title='bbox 2238 3901 2406 3972; x_wconf 87' lang='lat' dir='ltr'><strong>gratia</strong></span> <span class='ocrx_word' id='word_1_688' title='bbox 2435 3905 2490 3953; x_wconf 92' lang='lat' dir='ltr'><strong>et</strong></span> <span class='ocrx_word' id='word_1_689' title='bbox 2524 3894 2849 3965; x_wconf 89' lang='lat' dir='ltr'><strong>benignitate</strong></span> <span class='ocrx_word' id='word_1_690' title='bbox 2876 3888 3083 3945; x_wconf 90' lang='lat' dir='ltr'><strong>Domini</strong></span> <span class='ocrx_word' id='word_1_691' title='bbox 3115 3886 3281 3942; x_wconf 87' lang='lat' dir='ltr'><strong>nostri</strong></span> <span class='ocrx_word' id='word_1_692' title='bbox 3316 3885 3443 3941; x_wconf 80' lang='lat' dir='ltr'><strong>Jesu</strong></span> <span class='ocrx_word' id='word_1_693' title='bbox 3470 3884 3688 3949; x_wconf 87' lang='lat' dir='ltr'><strong>Christi,</strong></span> 
     </span>
    </p>
   </div>
   <div class='ocr_carea' id='block_1_91' title="bbox 2103 3973 3686 4060">
    <p class='ocr_par' dir='ltr' id='par_1_91' title="bbox 2103 3973 3686 4060">
     <span class='ocr_line' id='line_1_91' title="bbox 2103 3973 3686 4060; baseline -0.013 -11"><span class='ocrx_word' id='word_1_694' title='bbox 2103 3973 2224 4049; x_wconf 83' lang='lat' dir='ltr'><strong>cum</strong></span> <span class='ocrx_word' id='word_1_695' title='bbox 2251 4004 2357 4060; x_wconf 92' lang='lat' dir='ltr'><strong>quo</strong></span> <span class='ocrx_word' id='word_1_696' title='bbox 2383 3986 2525 4042; x_wconf 85' lang='lat' dir='ltr'><strong>Patri</strong></span> <span class='ocrx_word' id='word_1_697' title='bbox 2555 3999 2656 4039; x_wconf 90' lang='lat' dir='ltr'><strong>una</strong></span> <span class='ocrx_word' id='word_1_698' title='bbox 2684 3997 2806 4038; x_wconf 91' lang='lat' dir='ltr'><strong>cum</strong></span> <span class='ocrx_word' id='word_1_699' title='bbox 2833 3979 3034 4049; x_wconf 83' lang='lat' dir='ltr'><strong>Spiritu</strong></span> <span class='ocrx_word' id='word_1_700' title='bbox 3063 3986 3250 4032; x_wconf 88' lang='lat' dir='ltr'><strong>sancto</strong></span> <span class='ocrx_word' id='word_1_701' title='bbox 3274 3976 3463 4046; x_wconf 84' lang='lat' dir='ltr'><strong>gloria,</strong></span> <span class='ocrx_word' id='word_1_702' title='bbox 3495 3973 3686 4040; x_wconf 79' lang='lat' dir='ltr'><strong>honor,</strong></span> 
     </span>
    </p>
   </div>
   <div class='ocr_carea' id='block_1_92' title="bbox 2108 4070 3275 4153">
    <p class='ocr_par' dir='ltr' id='par_1_92' title="bbox 2108 4070 3275 4153">
     <span class='ocr_line' id='line_1_92' title="bbox 2108 4070 3275 4153; baseline -0.019 -11"><span class='ocrx_word' id='word_1_703' title='bbox 2108 4081 2386 4153; x_wconf 80' lang='lat' dir='ltr'><strong>imperitun</strong></span> <span class='ocrx_word' id='word_1_704' title='bbox 2413 4078 2465 4133; x_wconf 90' lang='lat' dir='ltr'><strong>in</strong></span> <span class='ocrx_word' id='word_1_705' title='bbox 2493 4074 2687 4131; x_wconf 69' lang='lat' dir='ltr'><strong>sa&#39;cula</strong></span> <span class='ocrx_word' id='word_1_706' title='bbox 2717 4071 3055 4127; x_wconf 64' lang='lat' dir='ltr'><strong>saeculorum.</strong></span> <span class='ocrx_word' id='word_1_707' title='bbox 3084 4070 3275 4123; x_wconf 78' lang='lat' dir='ltr'><strong>Amen.</strong></span> 
     </span>
    </p>
   </div>
   <div class='ocr_carea' id='block_1_93' title="bbox 2390 4329 3683 4359">
    <p class='ocr_par' dir='ltr' id='par_1_93' title="bbox 2390 4329 3683 4359">
     <span class='ocr_line' id='line_1_93' title="bbox 2390 4329 3683 4359; baseline -0.017 -2"><span class='ocrx_word' id='word_1_708' title='bbox 2390 4334 3417 4359; x_wconf 63' lang='lat'><strong>___.____————-__———————._.._....._.——___</strong></span> <span class='ocrx_word' id='word_1_709' title='bbox 3446 4329 3683 4340; x_wconf 75' lang='lat'><strong>-_._____-</strong></span> 
     </span>
    </p>
   </div>
   <div class='ocr_carea' id='block_1_94' title="bbox 1531 4427 2573 4529">
    <p class='ocr_par' dir='ltr' id='par_1_94' title="bbox 1531 4427 2573 4529">
     <span class='ocr_line' id='line_1_94' title="bbox 1531 4427 2573 4529; baseline -0.034 2"><span class='ocrx_word' id='word_1_710' title='bbox 1531 4457 1672 4529; x_wconf 84' lang='lat' dir='ltr'><strong>DE</strong></span> <span class='ocrx_word' id='word_1_711' title='bbox 1719 4442 2117 4527; x_wconf 85' lang='lat' dir='ltr'><strong>EISDEM</strong></span> <span class='ocrx_word' id='word_1_712' title='bbox 2153 4427 2573 4514; x_wconf 81' lang='lat' dir='ltr'><strong>VERBIS,</strong></span> 
     </span>
    </p>
   </div>
   <div class='ocr_carea' id='block_1_95' title="bbox 422 4615 1914 4688">
    <p class='ocr_par' dir='ltr' id='par_1_95' title="bbox 422 4615 1914 4688">
     <span class='ocr_line' id='line_1_95' title="bbox 422 4615 1914 4688; baseline -0.023 1"><span class='ocrx_word' id='word_1_713' title='bbox 422 4640 748 4688; x_wconf 71' lang='lat' dir='ltr'><strong>IIABBNTES</strong></span> <span class='ocrx_word' id='word_1_714' title='bbox 790 4635 1005 4683; x_wconf 72' lang='lat' dir='ltr'><strong>AUTEM</strong></span> <span class='ocrx_word' id='word_1_715' title='bbox 1054 4628 1323 4675; x_wconf 69' lang='lat' dir='ltr'><strong>EUMDEM</strong></span> <span class='ocrx_word' id='word_1_716' title='bbox 1367 4621 1667 4670; x_wconf 69' lang='grc' dir='ltr'><strong>ενιιιιτυυ</strong></span> <span class='ocrx_word' id='word_1_717' title='bbox 1714 4615 1914 4667; x_wconf 74' lang='grc' dir='ltr'><strong>ιτωει,</strong></span> 
     </span>
    </p>
   </div>
   <div class='ocr_carea' id='block_1_96' title="bbox 863 4716 1775 4779">
    <p class='ocr_par' dir='ltr' id='par_1_96' title="bbox 863 4716 1775 4779">
     <span class='ocr_line' id='line_1_96' title="bbox 863 4716 1775 4779; baseline -0.021 0"><span class='ocrx_word' id='word_1_718' title='bbox 863 4732 1055 4779; x_wconf 69' lang='lat' dir='ltr'><strong>CAUSA</strong></span> <span class='ocrx_word' id='word_1_719' title='bbox 1102 4727 1300 4773; x_wconf 73' lang='lat' dir='ltr'><strong>REBL‘S</strong></span> <span class='ocrx_word' id='word_1_720' title='bbox 1345 4724 1523 4770; x_wconf 74' lang='lat' dir='ltr'><strong>BONIS</strong></span> <span class='ocrx_word' id='word_1_721' title='bbox 1566 4716 1775 4765; x_wconf 70' lang='lat' dir='ltr'><strong>ONNES</strong></span> 
     </span>
    </p>
   </div>
   <div class='ocr_carea' id='block_1_97' title="bbox 498 4930 2011 5021">
    <p class='ocr_par' dir='ltr' id='par_1_97' title="bbox 498 4930 2011 5021">
     <span class='ocr_line' id='line_1_97' title="bbox 498 4930 2011 5021; baseline -0.025 -8"><span class='ocrx_word' id='word_1_722' title='bbox 498 4956 553 5013; x_wconf 74' lang='lat' dir='ltr'><strong>l.</strong></span> <span class='ocrx_word' id='word_1_723' title='bbox 578 4954 715 5010; x_wconf 83' lang='lat' dir='ltr'><strong>Cum</strong></span> <span class='ocrx_word' id='word_1_724' title='bbox 740 4948 918 5021; x_wconf 88' lang='lat' dir='ltr'><strong>priore</strong></span> <span class='ocrx_word' id='word_1_725' title='bbox 942 4946 1228 5004; x_wconf 88' lang='lat' dir='ltr'><strong>conventu,</strong></span> <span class='ocrx_word' id='word_1_726' title='bbox 1258 4943 1314 4992; x_wconf 91' lang='lat' dir='ltr'><strong>et</strong></span> <span class='ocrx_word' id='word_1_727' title='bbox 1341 4933 1431 5005; x_wconf 90' lang='lat' dir='ltr'><strong>qni</strong></span> <span class='ocrx_word' id='word_1_728' title='bbox 1466 4930 1615 4987; x_wconf 86' lang='lat' dir='ltr'><strong>illum</strong></span> <span class='ocrx_word' id='word_1_729' title='bbox 1644 4935 2011 5021; x_wconf 51' lang='lat' dir='ltr'><strong>praeessem,</strong></span> 
     </span>
    </p>
   </div>
   <div class='ocr_carea' id='block_1_98' title="bbox 427 5015 2011 5111">
    <p class='ocr_par' dir='ltr' id='par_1_98' title="bbox 427 5015 2011 5111">
     <span class='ocr_line' id='line_1_98' title="bbox 427 5015 2011 5111; baseline -0.021 -8"><span class='ocrx_word' id='word_1_730' title='bbox 427 5060 593 5102; x_wconf 87' lang='lat' dir='ltr'><strong>unum</strong></span> <span class='ocrx_word' id='word_1_731' title='bbox 623 5015 847 5111; x_wconf 76' lang='lat' dir='ltr'><strong>apostoli</strong></span> <span class='ocrx_word' id='word_1_732' title='bbox 876 5034 1077 5091; x_wconf 89' lang='lat' dir='ltr'><strong>dictum</strong></span> <span class='ocrx_word' id='word_1_733' title='bbox 1103 5029 1497 5098; x_wconf 85' lang='lat' dir='ltr'><strong>susceperimus</strong></span> <span class='ocrx_word' id='word_1_734' title='bbox 1520 5016 1894 5111; x_wconf 76' lang='lat' dir='ltr'><strong>exponendum</strong></span> <span class='ocrx_word' id='word_1_735' title='bbox 1917 5056 1932 5077; x_wconf 89' lang='lat'><strong>.</strong></span> <span class='ocrx_word' id='word_1_736' title='bbox 1963 5015 2011 5070; x_wconf 78' lang='lat' dir='ltr'><strong>in</strong></span> 
     </span>
    </p>
   </div>
   <div class='ocr_carea' id='block_1_99' title="bbox 427 5108 2019 5208">
    <p class='ocr_par' dir='ltr' id='par_1_99' title="bbox 427 5108 2019 5208">
     <span class='ocr_line' id='line_1_99' title="bbox 427 5108 2019 5208; baseline -0.024 -14"><span class='ocrx_word' id='word_1_737' title='bbox 427 5137 546 5208; x_wconf 76' lang='lat' dir='ltr'><strong>ejus</strong></span> <span class='ocrx_word' id='word_1_738' title='bbox 572 5108 911 5191; x_wconf 78' lang='lat' dir='ltr'><strong>enarratione</strong></span> <span class='ocrx_word' id='word_1_739' title='bbox 950 5133 1119 5180; x_wconf 91' lang='lat' dir='ltr'><strong>totum</strong></span> <span class='ocrx_word' id='word_1_740' title='bbox 1146 5130 1450 5175; x_wconf 81' lang='lat' dir='ltr'><strong>sermonem</strong></span> <span class='ocrx_word' id='word_1_741' title='bbox 1474 5108 1934 5179; x_wconf 77' lang='lat' dir='ltr'><strong>consumpsimus,</strong></span> <span class='ocrx_word' id='word_1_742' title='bbox 1963 5112 2019 5157; x_wconf 89' lang='lat' dir='ltr'><strong>et</strong></span> 
     </span>
    </p>
   </div>
   <div class='ocr_carea' id='block_1_100' title="bbox 434 5196 2019 5292">
    <p class='ocr_par' dir='ltr' id='par_1_100' title="bbox 434 5196 2019 5292">
     <span class='ocr_line' id='line_1_100' title="bbox 434 5196 2019 5292; baseline -0.021 -8"><span class='ocrx_word' id='word_1_743' title='bbox 434 5196 595 5283; x_wconf 64' lang='lat' dir='ltr'><strong>liodic</strong></span> <span class='ocrx_word' id='word_1_744' title='bbox 636 5233 852 5292; x_wconf 69' lang='lat' dir='ltr'><strong>minque</strong></span> <span class='ocrx_word' id='word_1_745' title='bbox 893 5216 947 5271; x_wconf 90' lang='lat' dir='ltr'><strong>in</strong></span> <span class='ocrx_word' id='word_1_746' title='bbox 990 5211 1179 5269; x_wconf 87' lang='lat' dir='ltr'><strong>eodem</strong></span> <span class='ocrx_word' id='word_1_747' title='bbox 1221 5205 1422 5264; x_wconf 84' lang='lat' dir='ltr'><strong>versari</strong></span> <span class='ocrx_word' id='word_1_748' title='bbox 1471 5200 1841 5274; x_wconf 80' lang='lat' dir='ltr'><strong>preposuimus</strong></span> <span class='ocrx_word' id='word_1_749' title='bbox 1870 5214 1884 5251; x_wconf 87' lang='lat'>:</span> <span class='ocrx_word' id='word_1_750' title='bbox 1917 5196 2019 5251; x_wconf 83' lang='lat' dir='ltr'><strong>hoc</strong></span> 
     </span>
    </p>
   </div>
   <div class='ocr_carea' id='block_1_101' title="bbox 434 5293 2017 5380">
    <p class='ocr_par' dir='ltr' id='par_1_101' title="bbox 434 5293 2017 5380">
     <span class='ocr_line' id='line_1_101' title="bbox 434 5293 2017 5380; baseline -0.019 -7"><span class='ocrx_word' id='word_1_751' title='bbox 434 5328 612 5372; x_wconf 88' lang='lat' dir='ltr'><strong>autem</strong></span> <span class='ocrx_word' id='word_1_752' title='bbox 636 5314 760 5368; x_wconf 84' lang='lat' dir='ltr'><strong>data</strong></span> <span class='ocrx_word' id='word_1_753' title='bbox 784 5324 944 5380; x_wconf 77' lang='lat' dir='ltr'><strong>Opera</strong></span> <span class='ocrx_word' id='word_1_754' title='bbox 968 5305 1211 5366; x_wconf 83' lang='lat' dir='ltr'><strong>facimus,</strong></span> <span class='ocrx_word' id='word_1_755' title='bbox 1238 5298 1303 5355; x_wconf 87' lang='lat' dir='ltr'><strong>ad</strong></span> <span class='ocrx_word' id='word_1_756' title='bbox 1328 5307 1558 5353; x_wconf 80' lang='lat' dir='ltr'><strong>vestram</strong></span> <span class='ocrx_word' id='word_1_757' title='bbox 1585 5293 1892 5357; x_wconf 84' lang='lat' dir='ltr'><strong>utilitatem,</strong></span> <span class='ocrx_word' id='word_1_758' title='bbox 1916 5306 2017 5344; x_wconf 93' lang='lat' dir='ltr'><strong>nou</strong></span> 
     </span>
    </p>
   </div>
   <div class='ocr_carea' id='block_1_102' title="bbox 435 5381 2023 5465">
    <p class='ocr_par' dir='ltr' id='par_1_102' title="bbox 435 5381 2023 5465">
     <span class='ocr_line' id='line_1_102' title="bbox 435 5381 2023 5465; baseline -0.019 0"><span class='ocrx_word' id='word_1_759' title='bbox 435 5410 502 5465; x_wconf 87' lang='lat' dir='ltr'><strong>ad</strong></span> <span class='ocrx_word' id='word_1_760' title='bbox 530 5415 765 5463; x_wconf 79' lang='lat' dir='ltr'><strong>nostram</strong></span> <span class='ocrx_word' id='word_1_761' title='bbox 790 5397 1221 5457; x_wconf 85' lang='lat' dir='ltr'><strong>ostentationem.</strong></span> <span class='ocrx_word' id='word_1_762' title='bbox 1245 5391 1358 5447; x_wconf 72' lang='lat' dir='ltr'><strong>Non</strong></span> <span class='ocrx_word' id='word_1_763' title='bbox 1380 5388 1522 5445; x_wconf 85' lang='lat' dir='ltr'><strong>enim</strong></span> <span class='ocrx_word' id='word_1_764' title='bbox 1545 5396 1601 5443; x_wconf 93' lang='lat' dir='ltr'><strong>ut</strong></span> <span class='ocrx_word' id='word_1_765' title='bbox 1629 5381 1915 5441; x_wconf 79' lang='lat' dir='ltr'><strong>fecundum</strong></span> <span class='ocrx_word' id='word_1_766' title='bbox 1936 5395 2023 5436; x_wconf 85' lang='lat' dir='ltr'><strong>me</strong></span> 
     </span>
    </p>
   </div>
   <div class='ocr_carea' id='block_1_103' title="bbox 436 5471 2022 5554">
    <p class='ocr_par' dir='ltr' id='par_1_103' title="bbox 436 5471 2022 5554">
     <span class='ocr_line' id='line_1_103' title="bbox 436 5471 2022 5554; baseline -0.017 0"><span class='ocrx_word' id='word_1_767' title='bbox 436 5510 493 5554; x_wconf 88' lang='lat' dir='ltr'><strong>et</strong></span> <span class='ocrx_word' id='word_1_768' title='bbox 517 5492 837 5551; x_wconf 83' lang='lat' dir='ltr'><strong>multiscium</strong></span> <span class='ocrx_word' id='word_1_769' title='bbox 863 5487 1174 5552; x_wconf 84' lang='lat' dir='ltr'><strong>ostendam;</strong></span> <span class='ocrx_word' id='word_1_770' title='bbox 1198 5483 1291 5541; x_wconf 87' lang='lat' dir='ltr'><strong>sed</strong></span> <span class='ocrx_word' id='word_1_771' title='bbox 1319 5493 1375 5537; x_wconf 94' lang='lat' dir='ltr'><strong>ut</strong></span> <span class='ocrx_word' id='word_1_772' title='bbox 1403 5490 1512 5536; x_wconf 90' lang='lat' dir='ltr'><strong>tum</strong></span> <span class='ocrx_word' id='word_1_773' title='bbox 1540 5478 1684 5534; x_wconf 80' lang='lat' dir='ltr'><strong>l‘auli</strong></span> <span class='ocrx_word' id='word_1_774' title='bbox 1710 5471 2022 5547; x_wconf 82' lang='lat' dir='ltr'><strong>sapientiam</strong></span> 
     </span>
    </p>
   </div>
   <div class='ocr_carea' id='block_1_104' title="bbox 440 5563 2025 5655">
    <p class='ocr_par' dir='ltr' id='par_1_104' title="bbox 440 5563 2025 5655">
     <span class='ocr_line' id='line_1_104' title="bbox 440 5563 2025 5655; baseline -0.017 -12"><span class='ocrx_word' id='word_1_775' title='bbox 440 5588 591 5644; x_wconf 83' lang='lat' dir='ltr'><strong>vobis</strong></span> <span class='ocrx_word' id='word_1_776' title='bbox 614 5584 872 5655; x_wconf 81' lang='lat' dir='ltr'><strong>aperiam,</strong></span> <span class='ocrx_word' id='word_1_777' title='bbox 899 5590 1011 5636; x_wconf 86' lang='lat' dir='ltr'><strong>tum</strong></span> <span class='ocrx_word' id='word_1_778' title='bbox 1034 5586 1264 5634; x_wconf 83' lang='lat' dir='ltr'><strong>vestram</strong></span> <span class='ocrx_word' id='word_1_779' title='bbox 1303 5570 1630 5629; x_wconf 83' lang='lat' dir='ltr'><strong>alacritatem</strong></span> <span class='ocrx_word' id='word_1_780' title='bbox 1673 5565 1926 5631; x_wconf 85' lang='lat' dir='ltr'><strong>excitem,</strong></span> <span class='ocrx_word' id='word_1_781' title='bbox 1955 5563 2025 5617; x_wconf 88' lang='lat' dir='ltr'><strong>ita</strong></span> 
     </span>
    </p>
   </div>
   <div class='ocr_carea' id='block_1_105' title="bbox 446 5654 2027 5742">
    <p class='ocr_par' dir='ltr' id='par_1_105' title="bbox 446 5654 2027 5742">
     <span class='ocr_line' id='line_1_105' title="bbox 446 5654 2027 5742; baseline -0.02 -1"><span class='ocrx_word' id='word_1_782' title='bbox 446 5654 690 5742; x_wconf 76' lang='lat' dir='ltr'><strong>eumdem</strong></span> <span class='ocrx_word' id='word_1_783' title='bbox 717 5690 872 5734; x_wconf 79' lang='lat' dir='ltr'><strong>verso</strong></span> <span class='ocrx_word' id='word_1_784' title='bbox 894 5685 1215 5731; x_wconf 80' lang='lat' dir='ltr'><strong>sermonem.</strong></span> <span class='ocrx_word' id='word_1_785' title='bbox 1243 5665 1373 5723; x_wconf 71' lang='lat' dir='ltr'><strong>Nam</strong></span> <span class='ocrx_word' id='word_1_786' title='bbox 1405 5673 1457 5722; x_wconf 89' lang='lat' dir='ltr'><strong>ct</strong></span> <span class='ocrx_word' id='word_1_787' title='bbox 1494 5663 1633 5719; x_wconf 88' lang='lat' dir='ltr'><strong>illius</strong></span> <span class='ocrx_word' id='word_1_788' title='bbox 1665 5654 2027 5729; x_wconf 76' lang='lat' dir='ltr'><strong>intelligentia:</strong></span> 
     </span>
    </p>
   </div>
   <div class='ocr_carea' id='block_1_106' title="bbox 1959 4566 3243 4657">
    <p class='ocr_par' dir='ltr' id='par_1_106' title="bbox 1959 4566 3243 4657">
     <span class='ocr_line' id='line_1_106' title="bbox 1959 4566 3243 4657; baseline -0.023 -3"><span class='ocrx_word' id='word_1_789' title='bbox 1959 4609 2139 4654; x_wconf 76' lang='lat' dir='ltr'><strong>srco&#39;r</strong></span> <span class='ocrx_word' id='word_1_790' title='bbox 2181 4600 2491 4649; x_wconf 77' lang='lat' dir='ltr'><strong>SCRIPTUM</strong></span> <span class='ocrx_word' id='word_1_791' title='bbox 2537 4595 2650 4640; x_wconf 64' lang='grc' dir='ltr'><strong>ηδτ</strong></span> <span class='ocrx_word' id='word_1_792' title='bbox 2695 4575 2715 4657; x_wconf 96' lang='grc'>(</span> <span class='ocrx_word' id='word_1_793' title='bbox 2759 4574 2819 4633; x_wconf 76' lang='lat'><strong>2.</strong></span> <span class='ocrx_word' id='word_1_794' title='bbox 2849 4574 2999 4635; x_wconf 79' lang='lat' dir='ltr'><strong>Cor.</strong></span> <span class='ocrx_word' id='word_1_795' title='bbox 3034 4566 3243 4647; x_wconf 63' lang='lat'><strong>5.13)</strong></span> 
     </span>
    </p>
   </div>
   <div class='ocr_carea' id='block_1_107' title="bbox 1818 4686 3238 4763">
    <p class='ocr_par' dir='ltr' id='par_1_107' title="bbox 1818 4686 3238 4763">
     <span class='ocr_line' id='line_1_107' title="bbox 1818 4686 3238 4763; baseline -0.02 -6"><span class='ocrx_word' id='word_1_796' title='bbox 1818 4714 1901 4757; x_wconf 68' lang='lat' dir='ltr'><strong>EX</strong></span> <span class='ocrx_word' id='word_1_797' title='bbox 1947 4708 2130 4763; x_wconf 69' lang='grc' dir='ltr'><strong>ιερυο</strong></span> <span class='ocrx_word' id='word_1_798' title='bbox 2173 4699 2536 4749; x_wconf 66' lang='grc' dir='ltr'><strong>ειιυΑΜ-υιι.</strong></span> <span class='ocrx_word' id='word_1_799' title='bbox 2585 4696 2666 4739; x_wconf 80' lang='grc' dir='ltr'><strong>ΕΤ</strong></span> <span class='ocrx_word' id='word_1_800' title='bbox 2694 4693 2781 4737; x_wconf 76' lang='lat' dir='ltr'><strong>DE</strong></span> <span class='ocrx_word' id='word_1_801' title='bbox 2826 4686 3238 4735; x_wconf 69' lang='lat' dir='ltr'><strong>ELEEMOSYNA</strong></span> 
     </span>
    </p>
   </div>
   <div class='ocr_carea' id='block_1_108' title="bbox 3338 4578 3697 4634">
    <p class='ocr_par' dir='ltr' id='par_1_108' title="bbox 3338 4578 3697 4634">
     <span class='ocr_line' id='line_1_108' title="bbox 3338 4578 3697 4634; baseline -0.011 -9"><span class='ocrx_word' id='word_1_802' title='bbox 3338 4583 3413 4625; x_wconf 72' lang='grc' dir='ltr'><strong>ΕΓ</strong></span> <span class='ocrx_word' id='word_1_803' title='bbox 3456 4580 3578 4634; x_wconf 74' lang='grc' dir='ltr'><strong>ουΔ</strong></span> <span class='ocrx_word' id='word_1_804' title='bbox 3616 4578 3697 4622; x_wconf 79' lang='lat' dir='ltr'><strong>DE</strong></span> 
     </span>
    </p>
   </div>
   <div class='ocr_carea' id='block_1_109' title="bbox 2117 4891 3694 4991">
    <p class='ocr_par' dir='ltr' id='par_1_109' title="bbox 2117 4891 3694 4991">
     <span class='ocr_line' id='line_1_109' title="bbox 2117 4891 3694 4991; baseline -0.022 -15"><span class='ocrx_word' id='word_1_805' title='bbox 2117 4914 2451 4991; x_wconf 81' lang='lat' dir='ltr'><strong>profunditas</strong></span> <span class='ocrx_word' id='word_1_806' title='bbox 2478 4908 2646 4979; x_wconf 78' lang='lat' dir='ltr'><strong>magis</strong></span> <span class='ocrx_word' id='word_1_807' title='bbox 2674 4902 2924 4967; x_wconf 81' lang='lat' dir='ltr'><strong>elucebit,</strong></span> <span class='ocrx_word' id='word_1_808' title='bbox 2955 4899 2999 4956; x_wconf 93' lang='lat' dir='ltr'><strong>si</strong></span> <span class='ocrx_word' id='word_1_809' title='bbox 3024 4913 3093 4954; x_wconf 85' lang='lat' dir='ltr'><strong>ex</strong></span> <span class='ocrx_word' id='word_1_810' title='bbox 3128 4911 3234 4951; x_wconf 88' lang='lat' dir='ltr'><strong>uno</strong></span> <span class='ocrx_word' id='word_1_811' title='bbox 3256 4891 3403 4949; x_wconf 87' lang='lat' dir='ltr'><strong>dicto</strong></span> <span class='ocrx_word' id='word_1_812' title='bbox 3430 4901 3573 4947; x_wconf 89' lang='lat' dir='ltr'><strong>tanta</strong></span> <span class='ocrx_word' id='word_1_813' title='bbox 3600 4906 3694 4944; x_wconf 87' lang='lat' dir='ltr'><strong>no-</strong></span> 
     </span>
    </p>
   </div>
   <div class='ocr_carea' id='block_1_110' title="bbox 2119 4977 3699 5067">
    <p class='ocr_par' dir='ltr' id='par_1_110' title="bbox 2119 4977 3699 5067">
     <span class='ocr_line' id='line_1_110' title="bbox 2119 4977 3699 5067; baseline -0.022 -1"><span class='ocrx_word' id='word_1_814' title='bbox 2119 4977 2203 5067; x_wconf 74' lang='lat' dir='ltr'><strong>bis</strong></span> <span class='ocrx_word' id='word_1_815' title='bbox 2229 4977 2611 5064; x_wconf 81' lang='lat' dir='ltr'><strong>sententiarum</strong></span> <span class='ocrx_word' id='word_1_816' title='bbox 2647 4996 2844 5053; x_wconf 79' lang='lat' dir='ltr'><strong>ﬂuenta</strong></span> <span class='ocrx_word' id='word_1_817' title='bbox 2878 4989 3147 5064; x_wconf 82' lang='lat' dir='ltr'><strong>proferat;</strong></span> <span class='ocrx_word' id='word_1_818' title='bbox 3173 4994 3227 5043; x_wconf 88' lang='lat' dir='ltr'><strong>et</strong></span> <span class='ocrx_word' id='word_1_819' title='bbox 3258 4997 3353 5038; x_wconf 86' lang='lat' dir='ltr'><strong>vos</strong></span> <span class='ocrx_word' id='word_1_820' title='bbox 3371 5023 3388 5049; x_wconf 96' lang='lat'><strong>,</strong></span> <span class='ocrx_word' id='word_1_821' title='bbox 3413 4995 3535 5038; x_wconf 84' lang='lat' dir='ltr'><strong>cum</strong></span> <span class='ocrx_word' id='word_1_822' title='bbox 3563 4977 3699 5035; x_wconf 80' lang='lat' dir='ltr'><strong>didi-</strong></span> 
     </span>
    </p>
   </div>
   <div class='ocr_carea' id='block_1_111' title="bbox 2117 5068 3705 5159">
    <p class='ocr_par' dir='ltr' id='par_1_111' title="bbox 2117 5068 3705 5159">
     <span class='ocr_line' id='line_1_111' title="bbox 2117 5068 3705 5159; baseline -0.023 -3"><span class='ocrx_word' id='word_1_823' title='bbox 2117 5098 2298 5156; x_wconf 88' lang='lat' dir='ltr'><strong>ceritis</strong></span> <span class='ocrx_word' id='word_1_824' title='bbox 2333 5111 2401 5151; x_wconf 88' lang='lat' dir='ltr'><strong>ex</strong></span> <span class='ocrx_word' id='word_1_825' title='bbox 2447 5107 2556 5146; x_wconf 87' lang='lat' dir='ltr'><strong>uno</strong></span> <span class='ocrx_word' id='word_1_826' title='bbox 2597 5084 2828 5159; x_wconf 84' lang='lat' dir='ltr'><strong>apostoli</strong></span> <span class='ocrx_word' id='word_1_827' title='bbox 2878 5082 3041 5138; x_wconf 87' lang='lat' dir='ltr'><strong>verbo</strong></span> <span class='ocrx_word' id='word_1_828' title='bbox 3087 5074 3384 5134; x_wconf 67' lang='lat' dir='ltr'><strong>ineffabiles</strong></span> <span class='ocrx_word' id='word_1_829' title='bbox 3429 5068 3705 5159; x_wconf 76' lang='lat' dir='ltr'><strong>sapientia:</strong></span> 
     </span>
    </p>
   </div>
   <div class='ocr_carea' id='block_1_112' title="bbox 2119 5157 3710 5256">
    <p class='ocr_par' dir='ltr' id='par_1_112' title="bbox 2119 5157 3710 5256">
     <span class='ocr_line' id='line_1_112' title="bbox 2119 5157 3710 5256; baseline -0.025 -7"><span class='ocrx_word' id='word_1_830' title='bbox 2119 5189 2330 5249; x_wconf 80' lang='lat' dir='ltr'><strong>divitias</strong></span> <span class='ocrx_word' id='word_1_831' title='bbox 2349 5181 2591 5256; x_wconf 84' lang='lat' dir='ltr'><strong>depromi</strong></span> <span class='ocrx_word' id='word_1_832' title='bbox 2616 5157 2792 5250; x_wconf 81' lang='lat' dir='ltr'><strong>posse,</strong></span> <span class='ocrx_word' id='word_1_833' title='bbox 2817 5189 2921 5229; x_wconf 90' lang='lat' dir='ltr'><strong>non</strong></span> <span class='ocrx_word' id='word_1_834' title='bbox 2945 5170 3235 5227; x_wconf 85' lang='lat' dir='ltr'><strong>oscitantes</strong></span> <span class='ocrx_word' id='word_1_835' title='bbox 3255 5160 3574 5235; x_wconf 82' lang='lat' dir='ltr'><strong>percurretis</strong></span> <span class='ocrx_word' id='word_1_836' title='bbox 3594 5157 3710 5228; x_wconf 66' lang='lat' dir='ltr'><strong>ejus</strong></span> 
     </span>
    </p>
   </div>
   <div class='ocr_carea' id='block_1_113' title="bbox 2121 5259 3709 5355">
    <p class='ocr_par' dir='ltr' id='par_1_113' title="bbox 2121 5259 3709 5355">
     <span class='ocr_line' id='line_1_113' title="bbox 2121 5259 3709 5355; baseline -0.025 -13"><span class='ocrx_word' id='word_1_837' title='bbox 2121 5280 2395 5355; x_wconf 86' lang='lat' dir='ltr'><strong>epistolas,</strong></span> <span class='ocrx_word' id='word_1_838' title='bbox 2427 5275 2522 5333; x_wconf 86' lang='lat' dir='ltr'><strong>sed</strong></span> <span class='ocrx_word' id='word_1_839' title='bbox 2551 5274 2651 5329; x_wconf 87' lang='lat' dir='ltr'><strong>hac</strong></span> <span class='ocrx_word' id='word_1_840' title='bbox 2677 5284 2775 5341; x_wconf 86' lang='lat' dir='ltr'><strong>spe</strong></span> <span class='ocrx_word' id='word_1_841' title='bbox 2804 5264 3004 5323; x_wconf 89' lang='lat' dir='ltr'><strong>inducti</strong></span> <span class='ocrx_word' id='word_1_842' title='bbox 3030 5259 3266 5330; x_wconf 79' lang='lat' dir='ltr'><strong>singulas</strong></span> <span class='ocrx_word' id='word_1_843' title='bbox 3293 5268 3476 5312; x_wconf 86' lang='lat' dir='ltr'><strong>carum</strong></span> <span class='ocrx_word' id='word_1_844' title='bbox 3502 5259 3709 5307; x_wconf 84' lang='lat' dir='ltr'><strong>sentcn-</strong></span> 
     </span>
    </p>
   </div>
   <div class='ocr_carea' id='block_1_114' title="bbox 2125 5341 3710 5444">
    <p class='ocr_par' dir='ltr' id='par_1_114' title="bbox 2125 5341 3710 5444">
     <span class='ocr_line' id='line_1_114' title="bbox 2125 5341 3710 5444; baseline -0.021 -12"><span class='ocrx_word' id='word_1_845' title='bbox 2125 5341 2226 5433; x_wconf 71' lang='lat' dir='ltr'><strong>tias</strong></span> <span class='ocrx_word' id='word_1_846' title='bbox 2263 5341 2522 5444; x_wconf 83' lang='lat' dir='ltr'><strong>exquisita</strong></span> <span class='ocrx_word' id='word_1_847' title='bbox 2560 5380 2688 5423; x_wconf 80' lang='lat' dir='ltr'><strong>cura</strong></span> <span class='ocrx_word' id='word_1_848' title='bbox 2729 5375 2792 5417; x_wconf 89' lang='lat' dir='ltr'><strong>ac</strong></span> <span class='ocrx_word' id='word_1_849' title='bbox 2829 5356 3101 5429; x_wconf 86' lang='lat' dir='ltr'><strong>diligentia</strong></span> <span class='ocrx_word' id='word_1_850' title='bbox 3142 5343 3626 5423; x_wconf 87' lang='lat' dir='ltr'><strong>perscrutabitnioi.</strong></span> <span class='ocrx_word' id='word_1_851' title='bbox 3655 5341 3710 5399; x_wconf 82' lang='lat' dir='ltr'><strong>Si</strong></span> 
     </span>
    </p>
   </div>
   <div class='ocr_carea' id='block_1_115' title="bbox 2127 5434 3710 5524">
    <p class='ocr_par' dir='ltr' id='par_1_115' title="bbox 2127 5434 3710 5524">
     <span class='ocr_line' id='line_1_115' title="bbox 2127 5434 3710 5524; baseline -0.025 1"><span class='ocrx_word' id='word_1_852' title='bbox 2127 5467 2268 5524; x_wconf 87' lang='lat' dir='ltr'><strong>cnim</strong></span> <span class='ocrx_word' id='word_1_853' title='bbox 2293 5434 2456 5520; x_wconf 65' lang='lat' dir='ltr'><strong>unum</strong></span> <span class='ocrx_word' id='word_1_854' title='bbox 2480 5459 2680 5517; x_wconf 87' lang='lat' dir='ltr'><strong>dictum</strong></span> <span class='ocrx_word' id='word_1_855' title='bbox 2705 5451 2887 5510; x_wconf 90' lang='lat' dir='ltr'><strong>triduo</strong></span> <span class='ocrx_word' id='word_1_856' title='bbox 2914 5447 3068 5505; x_wconf 87' lang='lat' dir='ltr'><strong>nobis</strong></span> <span class='ocrx_word' id='word_1_857' title='bbox 3103 5438 3400 5501; x_wconf 85' lang='lat' dir='ltr'><strong>disserendi</strong></span> <span class='ocrx_word' id='word_1_858' title='bbox 3438 5434 3710 5493; x_wconf 78' lang='lat' dir='ltr'><strong>materiam</strong></span> 
     </span>
    </p>
   </div>
   <div class='ocr_carea' id='block_1_116' title="bbox 2129 5525 3709 5634">
    <p class='ocr_par' dir='ltr' id='par_1_116' title="bbox 2129 5525 3709 5634">
     <span class='ocr_line' id='line_1_116' title="bbox 2129 5525 3709 5634; baseline -0.023 -17"><span class='ocrx_word' id='word_1_859' title='bbox 2129 5556 2353 5634; x_wconf 60' lang='lat' dir='ltr'><strong>praebuit</strong></span> <span class='ocrx_word' id='word_1_860' title='bbox 2378 5595 2393 5622; x_wconf 94' lang='lat'><strong>,</strong></span> <span class='ocrx_word' id='word_1_861' title='bbox 2421 5558 2676 5624; x_wconf 84' lang='lat' dir='ltr'><strong>quantum</strong></span> <span class='ocrx_word' id='word_1_862' title='bbox 2716 5544 2913 5619; x_wconf 89' lang='lat' dir='ltr'><strong>putatis</strong></span> <span class='ocrx_word' id='word_1_863' title='bbox 2952 5539 3257 5596; x_wconf 84' lang='lat' dir='ltr'><strong>thesaurum</strong></span> <span class='ocrx_word' id='word_1_864' title='bbox 3299 5531 3452 5589; x_wconf 86' lang='lat' dir='ltr'><strong>nobis</strong></span> <span class='ocrx_word' id='word_1_865' title='bbox 3492 5525 3709 5625; x_wconf 82' lang='lat' dir='ltr'><strong>proluu-</strong></span> 
     </span>
    </p>
   </div>
   <div class='ocr_carea' id='block_1_117' title="bbox 2131 5616 3701 5714">
    <p class='ocr_par' dir='ltr' id='par_1_117' title="bbox 2131 5616 3701 5714">
     <span class='ocr_line' id='line_1_117' title="bbox 2131 5616 3701 5714; baseline -0.025 -5"><span class='ocrx_word' id='word_1_866' title='bbox 2131 5616 2281 5708; x_wconf 72' lang='lat' dir='ltr'><strong>deret</strong></span> <span class='ocrx_word' id='word_1_867' title='bbox 2309 5616 2413 5703; x_wconf 70' lang='lat' dir='ltr'><strong>una</strong></span> <span class='ocrx_word' id='word_1_868' title='bbox 2440 5616 2701 5714; x_wconf 66' lang='lat' dir='ltr'><strong>quaepiam</strong></span> <span class='ocrx_word' id='word_1_869' title='bbox 2719 5616 2857 5709; x_wconf 78' lang='lat' dir='ltr'><strong>pars</strong></span> <span class='ocrx_word' id='word_1_870' title='bbox 2885 5630 3164 5702; x_wconf 81' lang='lat' dir='ltr'><strong>diligenter</strong></span> <span class='ocrx_word' id='word_1_871' title='bbox 3192 5632 3415 5683; x_wconf 86' lang='lat' dir='ltr'><strong>tractata</strong></span> <span class='ocrx_word' id='word_1_872' title='bbox 3448 5635 3510 5679; x_wconf 86' lang='lat' dir='ltr'><strong>ac</strong></span> <span class='ocrx_word' id='word_1_873' title='bbox 3540 5616 3701 5676; x_wconf 69' lang='lat' dir='ltr'><strong>consl-</strong></span> 
     </span>
    </p>
   </div>
  </div>
