4110 6198
429 284 528 340 ἳῦί

430 393 650 453 derata?
682 392 758 448 Ne
788 391 944 462 igitur
977 389 1303 443 delassemur
1344 386 1648 456 priusquam
1679 388 1842 434 totum
1875 375 2012 446 quod

432 496 676 557 superest
724 482 1166 551 decerpserimus.
1215 477 1272 533 Si
1323 476 1465 530 enim
1516 471 1850 528 metallorum
1903 462 2019 520 auri

433 581 664 634 fcssorcs
689 616 702 640 ,
744 575 868 628 licet
906 570 1246 642 quantumvis
1277 568 1576 622 divxtiarum
1609 563 1729 618 inde
1753 561 2016 615 exhause-

434 669 572 730 rint,
610 682 712 720 non
760 665 907 734 prius
952 670 1128 715 tamen
1173 659 1296 713 inde
1338 656 1632 716 absistunt,
1665 669 1821 722 quam
1853 660 2016 704 totum

432 772 616 811 aurum
661 753 905 807 auferant
932 769 944 806 :
976 750 1144 804 multo
1182 747 1436 818 majorem
1475 761 1573 801 nos
1605 743 1928 796 alacritatem
1957 754 2019 793 ac

436 848 761 919 diligentiam
793 848 844 902 in
874 842 1271 917 perscrutandis
1299 840 1491 895 divinis
1519 837 1742 907 eloquiis
1768 834 2020 888 adhibere

435 942 702 998 convenit.
727 939 860 994 Nam
883 947 938 993 et
962 952 1060 992 nos
1080 950 1266 990 aurum
1287 931 1587 992 eﬂ‘odimus,
1614 943 1717 981 non
1747 925 2016 987 sensibile,

439 1034 532 1087 scd
571 1031 848 1101 spirituale
881 1047 892 1082 :
925 1043 1031 1083 non
1069 1026 1211 1081 enim
1253 1025 1305 1078 in
1345 1021 1570 1076 metallis
1610 1027 1796 1081 terrae,
1837 1014 1930 1070 sed
1971 1015 2022 1067 in
2056 1020 2080 1035 '

433 1125 662 1196 Spiritus
702 1123 931 1178 metallis
969 1133 1269 1189 operantur.
1320 1114 1553 1170 Paulinre
1598 1111 1738 1166 enim
1780 1107 2020 1179 epi.~;tol:e

440 1217 650 1272 metalla
679 1224 798 1268 sunt
824 1213 1053 1282 Spiritus
1077 1218 1131 1264 et
1161 1209 1330 1262 fontes
1361 1225 1372 1259 :
1401 1205 1610 1259 metalla
1643 1201 1876 1273 quidem,
1900 1200 2023 1270 quia

437 1307 625 1376 quovis
654 1320 786 1358 auro
815 1301 1158 1373 pretiosiores
1185 1297 1337 1352 nobis
1367 1295 1604 1366 prmbent
1632 1293 1842 1347 divitias
1869 1307 1882 1344 :
1909 1289 2027 1344 futt-

441 1410 524 1453 tcs
554 1413 700 1456 vero.
731 1397 850 1465 quia
883 1408 1169 1462 numquam
1201 1389 1489 1452 deficiunt;
1521 1387 1612 1441 scd
1641 1384 2028 1456 quantumlibet

439 1488 724 1543 exhaurias
746 1529 758 1551 ,
789 1483 1115 1538 tantumdem
1157 1497 1220 1537 ac
1259 1481 1426 1534 multo
1460 1479 1686 1548 amplius
1713 1491 1921 1531 rursum
1953 1477 2027 1528 af-

443 1580 577 1633 ﬂuit.
606 1579 671 1632 Et
699 1575 799 1631 hoc
825 1575 1100 1631 evidenter
1127 1572 1402 1628 declarare
1425 1579 1600 1640 potest
1626 1578 1794 1624 totum
1819 1577 2028 1636 tempus

441 1669 581 1736 quod
621 1668 896 1739 przeteriit.
927 1663 1199 1732 Siquidem
1227 1677 1288 1716 ex
1318 1675 1424 1732 quo
1456 1660 1648 1714 Paulus
1681 1657 1842 1722 visit’,
1871 1657 2028 1726 quin-

445 1760 588 1827 genti
612 1759 720 1826 jam
742 1756 906 1824 elapsi
930 1763 1052 1809 sunt
1077 1753 1222 1816 anni,
1249 1761 1462 1820 totoque
1491 1749 1590 1803 hoc
1620 1757 1856 1817 tempore
1880 1746 2028 1800 multi

444 1859 556 1903 tum
578 1857 1046 1910 commentatores,
1068 1855 1178 1898 tum
1195 1843 1440 1898 doctores
1455 1857 1516 1896 ac
1537 1841 1848 1908 interpretes
1867 1837 2028 1890 multa

445 1955 590 2008 smpe
619 1938 740 1991 inde
765 1936 1146 1997 exhauserunt,
1179 1949 1277 1988 nec
1307 1942 1391 1987 ta‘:
1417 1948 1482 1988 en
1515 1931 1772 2000 repo~ilas
1799 1927 1924 1982 inibi
1953 1928 2030 1982 di-

447 2029 602 2082 vilias
626 2041 883 2080 evacuare
911 2026 1206 2080 valuerunt.
1235 2023 1348 2078 Non
1380 2030 1461 2076 cst
1487 2021 1627 2074 enim
1653 2018 1920 2074 sensibilis
1947 2018 2034 2072 hic

449 2121 733 2176 thesaurus
757 2162 771 2186 ,
803 2128 856 2174 et
893 2118 1091 2172 idcirco
1137 2131 1242 2172 non
1277 2115 1605 2170 consumitur
1633 2129 1661 2167 a
1692 2111 1870 2166 multis
1899 2110 2030 2165 effo-

446 2211 705 2266 dientium
739 2209 982 2264 manibus
1007 2250 1022 2275 ,
1062 2207 1156 2262 sed
1200 2214 1422 2277 augetur
1452 2215 1504 2260 et
1543 2204 1938 2274 multiplicatur.
1970 2203 2035 2255 Et

448 2303 572 2370 quid
603 2302 723 2356 dico
752 2302 818 2357 de
849 2301 952 2356 illis
981 2300 1068 2371 qni
1097 2309 1221 2355 ante
1261 2313 1358 2354 nos
1397 2297 1648 2353 fuerunt?
1677 2296 1844 2363 Quam
1881 2294 2032 2349 multi

455 2403 574 2461 post
596 2409 693 2447 nos
720 2392 911 2447 dicturi
938 2400 1080 2455 sunt,
1111 2405 1173 2445 ac
1199 2404 1382 2446 rursus
1407 2397 1526 2459 post
1555 2388 1674 2442 illos
1697 2387 1806 2450 alii,
1831 2399 1929 2440 nec
1959 2394 2037 2439 ta-

454 2499 574 2539 men
603 2483 850 2538 dclEcient
879 2482 1038 2537 fontis
1066 2481 1116 2535 in
1144 2480 1356 2535 modum
1387 2488 1650 2534 scatentes
1675 2477 1870 2532 divitia.-
1895 2517 1908 2541 ,
1941 2490 2037 2530 ne-

451 2592 557 2645 que
599 2576 935 2630 metallorum
981 2574 1081 2627 hoc
1122 2587 1288 2642 genus
1326 2568 1708 2625 exhaurietur?
1747 2564 2035 2635 spiritualia

451 2669 594 2721 enim
619 2675 760 2726 sunt,
784 2675 837 2718 et
861 2673 1047 2733 suapte
1073 2673 1256 2717 natura
1284 2675 1568 2730 numquam
1592 2659 1808 2712 omnino
1832 2657 2036 2712 absumi

455 2763 718 2827 possunta
742 2754 891 2824 Quod
930 2763 1012 2809 est
1051 2755 1206 2823 igitur
1251 2753 1374 2806 illud
1412 2751 1608 2805 dictum
1645 2747 2038 2820 apostolicum?

460 2848 709 2902 [labentes
734 2857 902 2900 autem
929 2845 1157 2901 eumdem
1188 2845 1438 2915 Spiritum
1467 2842 1587 2912 [idei
1605 2883 1620 2906 ,
1649 2841 1774 2896 sicut
1801 2841 2040 2910 scriptum

458 2949 550 3000 est,
580 2937 805 3003 Credidi,
833 2945 1138 3006 quapropter
1163 2936 1394 3006 loquutus
1420 2951 1549 2988 smn.

525 3029 580 3082 2.
614 3027 792 3096 Nuper
819 3027 976 3097 igitur
1000 3026 1338 3097 qumsivitnus
1363 3040 1588 3096 quanam
1616 3024 1682 3080 de
1709 3038 1865 3079 causa
1893 3022 2041 3078 dixe-

458 3122 558 3185 rit,
592 3118 837 3173 Eumdem
877 3118 1130 3191 Spiritum
1158 3118 1318 3187 ﬁdei;
1349 3126 1401 3172 et
1428 3133 1587 3171 unam
1625 3115 1883 3171 hactenus
1912 3129 2037 3168 cau-

457 3231 568 3271 sam
596 3215 869 3270 attulimus
899 3230 913 3268 :
945 3220 1060 3268 erat
1085 3219 1262 3267 autem
1303 3210 1415 3264 haec
1447 3227 1460 3263 :
1494 3218 1551 3263 ut
1576 3207 1881 3263 ostenderet
1911 3221 2040 3261 con-

458 3307 756 3362 sonantiam
799 3304 1010 3360 Veteris
1053 3319 1115 3358 ac
1163 3302 1294 3357 Novi
1339 3301 1684 3356 Testamenti.
1725 3299 1857 3353 Cum
1900 3298 2042 3353 cnim

459 3399 726 3454 invenitur
750 3397 888 3452 idem
917 3397 1036 3450 fidei
1076 3395 1304 3464 Spiritus
1330 3403 1384 3447 et
1421 3393 1632 3447 Davidis
1663 3391 1890 3462 linguam
1926 3405 2041 3444 mo-

462 3492 632 3552 visse,
661 3490 956 3551 dicentem,
989 3485 1228 3550 Credidi,
1269 3494 1470 3554 propter
1503 3485 1637 3554 quod
1674 3485 1910 3549 loquutus
1933 3499 2044 3536 sum

461 3577 636 3647 (Psat.
665 3578 788 3632 115.
813 3576 926 3641 10),
955 3584 1008 3629 et
1037 3575 1088 3630 in
1109 3573 1256 3629 Pauli
1279 3575 1454 3627 anima
1477 3582 1726 3642 operatus
1749 3588 1888 3637 esse,
1918 3572 2045 3626 satis

461 3676 682 3736 apparet
713 3680 956 3734 magnam
987 3679 1104 3718 esse
1130 3663 1508 3733 prophetarum
1534 3679 1653 3716 cum
1677 3663 1930 3732 apostolis
1951 3676 2044 3716 co-

461 3757 788 3826 gnationem,
812 3764 966 3824 atque
991 3756 1059 3808 ita
1079 3755 1380 3809 necessario
1403 3754 1640 3824 sequitur
1661 3768 1903 3824 magnam
1928 3766 2046 3807 esse

463 3848 672 3903 Veteris
695 3855 747 3902 et
772 3846 900 3902 Novi
922 3845 1250 3901 Tcslannenti
1275 3846 1697 3900 consonantiam.
1727 3843 1830 3900 Sed
1859 3859 1926 3900 ne
1952 3845 2047 3898 ite-

465 3954 581 3992 rum
625 3938 809 3992 eadem
857 3945 1159 4007 repetentes
1200 3935 1410 3991 molesti
1448 3935 1599 3992 vobis
1637 3937 1832 3998 simus,
1865 3950 1962 4006 age
1995 3944 2048 3990 et

464 4031 682 4085 alteram
709 4045 921 4084 causam
953 4029 1302 4098 proferamus.
1332 4028 1399 4083 ob
1419 4043 1574 4098 quam
1597 4027 1748 4094 dixit,
1775 4027 2040 4082 Eumdem.

465 4120 582 4175 Jam
611 4131 719 4174 tum
759 4121 900 4175 enim
944 4119 1165 4173 alteram
1208 4118 1362 4187 hujus
1389 4118 1514 4171 dicti
1540 4132 1752 4172 causam
1787 4119 2047 4186 promise-

468 4227 664 4266 ranlus.
697 4210 804 4266 Sed
835 4225 969 4279 opus
1001 4221 1077 4263 est
1113 4217 1167 4262 ut
1198 4207 1497 4263 excitemini
1533 4225 1545 4260 :
1581 4207 1872 4276 profundus
1906 4211 2047 4261 enim

467 4312 552 4358 est
576 4316 764 4358 sensus
786 4316 943 4370 quem
969 4300 1176 4354 caritati
1209 4309 1399 4354 vestrze
1423 4314 1540 4353 sum
1568 4298 1828 4362 dicturus,
1852 4308 1904 4352 et
1931 4315 2047 4369 per-

468 4393 663 4464 spicaci
690 4393 868 4448 animo
896 4407 1030 4462 opus
1061 4391 1239 4458 habet,
1267 4390 1584 4460 ingenioque
1612 4401 1865 4460 peraculo
1893 4409 1904 4444 :
1930 4407 2029 4461 qua

468 4493 686 4556 propter
726 4484 962 4538 obtestor
1001 4491 1058 4536 ut
1095 4496 1300 4535 smnma
1337 4481 1629 4536 attentione
1669 4497 1787 4550 qua:
1827 4479 2048 4534 dicenda

469 4587 594 4630 sunt
637 4574 966 4630 auscultetis.
1010 4572 1257 4626 Vestrum
1302 4581 1387 4626 est
1429 4572 1672 4635 lucrum,
1707 4579 1888 4626 noster
1926 4587 2052 4626 vero

471 4665 658 4729 labor;
691 4665 798 4715 imo
831 4662 1015 4732 gratire
1039 4661 1266 4730 Spiritus
1292 4661 1457 4714 sancti
1484 4660 1682 4714 donum
1709 4704 1721 4723 ,
1751 4676 1858 4730 quo
1888 4677 2049 4716 reve-

473 4756 616 4810 lante
641 4761 844 4807 secreta
871 4794 886 4817 ,
913 4767 1085 4822 neque
1113 4753 1201 4822 qui
1228 4748 1385 4816 dicit,
1415 4767 1584 4821 neque
1611 4753 1697 4822 qui
1727 4752 1872 4806 audit
1899 4753 2042 4808 defav

473 4848 666 4914 tigatur
695 4861 708 4897 :
740 4843 1116 4898 revelatiouem
1148 4843 1290 4898 enim
1321 4858 1510 4913 magna
1541 4842 1763 4900 facilitas
1791 4845 2046 4915 sequitur.
2085 4828 2092 4834 ⁸

472 4935 826 4993 Attendamus
859 4935 1021 5006 igitur
1049 4951 1169 4990 cum
1199 4935 1469 5005 diligentia
1503 4954 1514 4988 :
1547 4936 1668 4990 licet
1697 4937 1839 4991 enim
1881 4939 2051 5006 majo-

470 5044 585 5083 rem
629 5038 832 5098 partem
875 5026 1092 5080 aurihus
1134 5025 1560 5096 persequamini,
1589 5026 1633 5080 si
1665 5026 1751 5080 vel
1774 5026 2051 5081 minimum

470 5118 906 5185 dormitaveritis,
931 5117 1230 5186 interrupto
1252 5115 1416 5170 semel
1441 5125 1690 5170 contextu
1714 5125 1880 5170 totum
1905 5117 2054 5187 igno-

474 5210 680 5264 rabilis.
708 5209 776 5264 Et
803 5207 1246 5279 quemadmodum
1278 5207 1374 5271 iis,
1404 5207 1491 5276 qui
1520 5208 1656 5261 viam
1698 5207 1973 5278 ignorant,
2000 5218 2056 5264 et

473 5301 696 5354 ductore
723 5313 860 5369 opus
897 5298 1126 5364 habent,
1155 5298 1242 5353 diu
1275 5297 1398 5352 licet
1436 5297 1580 5352 illum
1610 5299 1818 5366 sequuti
1843 5341 1858 5363 ,
1890 5299 1933 5352 si
1962 5314 2056 5368 per

477 5393 848 5464 negligentiam
875 5391 958 5448 vel
990 5391 1256 5462 paululum
1294 5405 1360 5445 ex
1397 5391 1568 5446 oculis
1609 5406 1729 5446 eum
1767 5392 2051 5456 amittant,

478 5485 608 5540 nihil
649 5485 866 5554 prodest
893 5485 1148 5539 hactenus
1175 5493 1428 5554 sequutus
1454 5499 1574 5538 esse
1592 5523 1608 5550 ,
1637 5483 1728 5538 sed
1759 5483 2058 5538 consistunt

479 5577 644 5642 ignari
675 5593 902 5646 quanam
933 5577 1002 5630 sit
1045 5575 1483 5646 progrediendum
1517 5592 1528 5628 :
1563 5577 1632 5629 ita
1663 5579 1822 5629 etiam
1851 5575 1938 5644 qui
1970 5575 2054 5628 di-

483 5675 687 5720 centem
726 5679 1117 5736 prosequuntur
1145 5669 1322 5722 animo
1346 5706 1362 5734 ,
1393 5667 1604 5720 etiamsi
1627 5677 1830 5722 attente
1856 5667 2056 5722 doctri-

1181 274 1236 332 s.
1278 271 1555 330 J0.\.\'NIS
1593 235 2070 323 cumsosroni
2115 255 2428 314 ARClltEP.
2471 213 3011 312 coxsranrixor.
3602 261 3700 320 .391

2128 385 2250 426 nam
2289 370 2405 439 ejus
2449 368 2754 431 hauserint,
2797 367 2840 420 si
2877 365 3143 436 paulisper
3187 374 3388 420 tantum
3429 367 3710 425 oscitanter

2125 461 2340 515 audiant
2361 503 2376 526 ,
2410 469 2516 514 tota
2559 460 2698 513 serie
2729 458 2926 512 amissa
2950 499 2962 518 ,
2996 472 3099 510 non
3130 467 3354 526 possunt
3393 459 3620 526 amplius
3649 460 3714 513 ad

2125 552 2511 608 sententiarum
2553 551 2710 604 tinem
2753 550 3049 618 pervenire.
3089 549 3165 604 Ne
3207 549 3365 620 igitur
3397 549 3535 604 idem
3567 551 3713 604 vobis

2125 644 2357 709 accidat,
2391 642 2638 696 omnibus
2674 656 2792 709 qua:
2834 642 3021 692 dicturi
3061 656 3243 694 smnus
3281 641 3395 710 pari
3425 648 3608 695 tenore
3635 641 3714 693 ir;-

2127 735 2349 798 lendite,
2382 733 2553 788 donec
2580 732 2644 786 ad
2680 733 2840 786 finem
2875 733 3262 801 perveniamus.

2196 826 2251 879 5.
2270 823 2371 878 Cur
2395 825 2527 877 dicat
2543 823 2769 876 eumdem
2793 838 2900 875 esse
2925 821 3177 891 Spiritum
3202 821 3340 890 ﬁdei.
3379 821 3561 893 Imago
3599 839 3715 890 prr-

2127 917 2495 985 sequutionum.
2528 944 2594 953 —
2639 913 2838 966 Dicturi
2883 913 3039 982 igitur
3079 928 3179 982 qua
3215 915 3284 968 de
3331 928 3489 968 causa
3538 913 3712 979 dicat,

2139 1006 2384 1060 Habentes
2414 1015 2579 1058 autent
2609 1004 2838 1057 eumdem
2871 1002 3121 1070 Spiritum
3152 1003 3292 1071 ﬁdei,
3323 1003 3508 1057 volens
3533 1015 3698 1058 osten.

2128 1097 2255 1152 dere
2275 1095 2516 1150 eamdem
2533 1110 2652 1148 esse
2670 1094 2945 1161 utriusque
2964 1092 3286 1147 Testamenti
3307 1091 3464 1146 fidem
3483 1094 3714 1146 omnium

2130 1189 2391 1244 bonorum
2415 1200 2640 1239 matrem
2665 1227 2678 1249 ,
2708 1182 2866 1253 paulo
2887 1183 3047 1237 altius
3071 1198 3370 1238 sermonem
3397 1195 3713 1251 repetamus.

2129 1283 2216 1338 Sic
2256 1283 2398 1337 enim
2445 1282 2599 1335 nobis
2626 1293 2784 1334 causa
2813 1278 3110 1332 evidentius
3136 1277 3431 1346 apparebit.
3466 1278 3714 1344 Qua-nam

2132 1375 2291 1444 igitur
2325 1383 2407 1428 est
2437 1376 2549 1428 haec
2573 1371 2775 1427 causa?
2803 1371 3046 1442 Magnum
3073 1371 3266 1425 bellum
3295 1371 3719 1424 circumsteterat

2134 1467 2318 1522 fideles
2340 1467 2465 1520 dum
2498 1465 2613 1518 hate
2638 1464 2953 1518 dicebantur
2980 1479 2994 1526 ;
3029 1461 3223 1516 bellum
3247 1502 3261 1525 ,
3290 1461 3503 1530 inquam
3524 1502 3538 1525 ,
3563 1477 3719 1530 grave

2132 1569 2185 1613 et
2231 1559 2430 1628 absque
2479 1557 2600 1612 ullis
2633 1556 2876 1610 induciis.
2911 1554 3040 1608 Nam
3066 1560 3122 1608 et
3147 1554 3388 1609 civitates
3418 1554 3636 1623 integra:
3665 1562 3719 1608 et

2136 1651 2313 1720 populi
2344 1649 2574 1720 undique
2601 1649 2652 1702 in
2676 1663 2769 1702 eos
2793 1648 3212 1713 insnrrexerant,
3235 1656 3288 1700 et
3312 1645 3520 1716 tyranni
3540 1660 3721 1700 olnnes

2136 1740 2520 1794 insidiabantur
2544 1782 2558 1801 ,
2602 1749 2656 1792 et
2685 1752 2836 1807 reges
2864 1745 3048 1792 contra
3076 1750 3169 1789 eos
3196 1735 3391 1789 bellum
3423 1735 3676 1804 parabant
3707 1754 3717 1786 :

2134 1847 2280 1885 arma
2315 1832 2687 1896 movebantur,
2715 1830 2872 1900 gladii
2904 1829 3252 1894 acuebantur,
3277 1829 3539 1883 exercitus
3563 1828 3724 1882 adon—

2137 1922 2418 1984 nahantur,
2452 1930 2505 1975 et
2529 1922 2704 1974 omnia
2732 1934 2924 1988 genera
2950 1933 3226 1988 poenarum
3255 1933 3319 1972 ac
3349 1919 3727 1988 suppliciorum

2137 2011 2574 2081 excogitabantur
2607 2029 2618 2062 :
2653 2010 2774 2063 inde
2815 2010 3123 2063 facultatum
3155 2009 3355 2078 rapinae
3385 2019 3436 2062 et
3463 2010 3730 2064 confisca»

2139 2101 2308 2156 tiones
2328 2143 2342 2166 ,
2385 2110 2438 2155 et
2465 2113 2711 2154 carceres
2741 2113 2802 2152 ac
2833 2108 3032 2153 mortes
3060 2097 3383 2167 quotidianae
3406 2140 3420 2163 ,
3447 2107 3728 2162 tormenta,

2138 2192 2343 2246 vincula
2367 2231 2380 2257 ,
2407 2191 2544 2261 ignis
2566 2232 2580 2256 ,
2611 2188 2833 2254 ferrum,
2867 2188 3074 2252 bestias,
3101 2187 3357 2257 patibula,
3392 2197 3543 2250 rotae,
3572 2189 3727 2243 bara-

2139 2282 2276 2340 thra.
2300 2281 2613 2351 praecipitia,
2634 2289 2686 2334 et
2706 2279 2956 2350 quidquid
2986 2278 3036 2332 in
3065 2278 3354 2348 perniciem
3375 2278 3604 2333 fidelium
3624 2296 3720 2334 ex-

2139 2375 2356 2443 cogitari
2389 2381 2635 2442 poterat:
2668 2387 2728 2425 ac
2760 2387 2824 2425 ne
2847 2373 2980 2424 intra
3011 2371 3106 2424 hos
3127 2369 3340 2440 quidem
3370 2369 3500 2424 fines
3527 2371 3726 2426 bellum

2141 2483 2198 2522 se
2219 2467 2497 2521 continuit.
2529 2465 2644 2519 Non
2673 2465 2844 2518 solum
2875 2465 3015 2519 enim
3039 2465 3105 2518 ab
3125 2465 3354 2519 inimicis
3377 2453 3729 2530 excitabatur,

2141 2557 2238 2613 sed
2263 2559 2374 2626 ipsa
2398 2558 2559 2611 etiam
2583 2566 2766 2610 natura
2791 2565 2974 2609 contra
2999 2555 3228 2624 seipsam
3275 2556 3596 2611 irritabalur.
3640 2557 3732 2611 Et-

2140 2649 2281 2704 enim
2309 2647 2490 2702 liberis
2528 2647 2912 2705 insidiabantur
2941 2657 3134 2716 patres,
3170 2659 3222 2701 et
3253 2647 3372 2701 tilia:
3404 2664 3591 2703 esosas
3619 2667 3736 2702 ma-

2145 2751 2252 2796 tres
2294 2740 2562 2796 babebant
2585 2781 2599 2806 ,
2645 2749 2697 2793 et
2737 2739 2896 2792 amici
2935 2739 3135 2793 amicos
3172 2740 3572 2807 aversabantur,
3600 2751 3652 2794 et
3681 2741 3733 2795 in

2143 2835 2485 2905 cognationes
2510 2847 2572 2886 ac
2596 2831 2822 2886 familias
2848 2831 3045 2886 bellum
3075 2829 3177 2885 hoc
3204 2831 3434 2886 latenter
3462 2846 3581 2886 sese
3608 2833 3734 2885 insi-

2145 2927 2347 2982 nuabat
2368 2969 2382 2993 ,
2414 2939 2742 2995 magnusque
2769 2925 3026 2978 tumultus
3051 2932 3166 2979 erat
3189 2939 3283 2993 per
3309 2924 3612 2979 universum
3641 2942 3732 2978 or-

2145 3021 2263 3076 bem
2302 3019 2663 3074 habitabilem.
2695 3017 2757 3071 Et
2785 3002 2920 3071 sicut
2946 3017 3095 3070 navis
3125 3015 3278 3070 undis
3307 3016 3726 3088 insurgentibus,

2147 3110 2377 3165 nubibus
2416 3108 2857 3164 concurrentibus
2882 3148 2897 3173 ,
2950 3107 3099 3163 elisis
3148 3108 3434 3162 tonitribus
3457 3149 3470 3173 ,
3509 3109 3738 3178 caligine

2148 3203 2380 3273 undique
2407 3201 2658 3272 scapham
2690 3201 2956 3270 cingente,
2991 3201 3123 3254 mari
3157 3199 3385 3264 furente,
3416 3200 3609 3256 belluis
3635 3217 3735 3255 sa:-

2146 3295 2432 3358 vientibus,
2463 3295 2648 3365 piratis
2679 3292 3138 3362 oppugnantibus,
3172 3292 3300 3361 ipsis
3326 3293 3628 3346 vectoribus
3657 3294 3735 3346 in—

2151 3399 2230 3442 ter
2275 3402 2332 3441 se
2371 3386 2789 3449 dissidentibus,
2833 3383 3236 3453 haudquaquam
3265 3385 3492 3440 evadere
3519 3396 3691 3456 potest
3718 3427 3734 3451 ,

2149 3479 2249 3533 nisi
2277 3478 2505 3532 caelestis
2534 3477 2750 3532 dextera
2777 3516 2792 3542 ,
2827 3491 3014 3545 magna
3039 3476 3124 3528 illa
3153 3489 3215 3530 ac
3241 3485 3430 3544 petens
3451 3518 3465 3542 ,
3496 3476 3740 3530 discusso

2150 3568 2390 3638 periculo
2415 3576 2467 3621 et
2497 3566 2679 3622 sedata
2710 3573 3026 3636 tempestate
3050 3607 3064 3629 ,
3099 3565 3150 3619 in
3183 3566 3616 3636 tranquillitatem
3650 3585 3734 3622 rc-

2149 3660 2308 3714 ducat
2335 3659 2643 3729 naxigantes
2672 3677 2685 3713 :
2717 3661 2786 3712 ita
2812 3659 2972 3712 etiam
3001 3667 3125 3712 tunc
3148 3658 3287 3713 inter
3310 3659 3456 3713 initia
3481 3660 3735 3728 praédica-

2151 3753 2309 3808 tionis
2350 3751 2558 3806 accidit.
2607 3751 2721 3805 Non
2768 3751 2939 3806 solum
2985 3751 3129 3804 enim
3170 3761 3390 3805 externa
3422 3761 3736 3821 tempestate

2151 3843 2526 3915 pulsabantur,
2558 3843 2650 3898 scd
2680 3844 2819 3897 intus
2849 3846 3007 3898 etiam
3041 3844 3349 3912 plerumque
3378 3845 3640 3900 seditione
3668 3847 3738 3900 la-

2155 3937 2439 3993 borabant.
2491 3937 2621 4005 Quis
2651 3935 2751 3991 hoc
2781 3935 2946 3990 dicit?
2975 3937 3167 3992 l‘aulns
3196 3938 3308 4006 ipse
3351 3937 3428 3990 sic
3456 3938 3690 3994 scribens
3725 3959 3734 3992 :

2153 4027 2307 4084 Foris
2349 4044 2568 4100 pugna,
2612 4028 2747 4081 intus
2792 4028 2993 4081 timores
3033 4027 3111 4100 (2.
3147 4027 3265 4084 Cor.
3310 4029 3361 4082 7.
3392 4029 3474 4100 5).
3507 4029 3573 4084 Et
3601 4033 3738 4100 quod

2155 4119 2256 4174 hoc
2283 4134 2468 4174 verum
2497 4119 2596 4184 sit,
2624 4118 2877 4190 quodque
2904 4117 3153 4174 doctores
3181 4119 3380 4189 pariter
3409 4135 3472 4174 ac
3494 4121 3736 4191 discipuli

2153 4211 2449 4266 innumeris
2476 4211 2611 4280 septi
2645 4211 2842 4265 fuerint
2871 4211 3054 4276 malis,
3083 4219 3137 4265 et
3164 4226 3259 4280 per
3285 4226 3473 4266 omnes
3499 4229 3565 4266 ex
3589 4229 3740 4282 mquo

2153 4303 2352 4358 bellum
2395 4303 2496 4356 hoc
2537 4301 2694 4356 fuerit
2730 4310 3029 4372 grassatum
3061 4343 3074 4362 .
3119 4301 3364 4356 eumdem
3398 4303 3618 4358 Paulum
3647 4306 3741 4360 ite-

2167 4406 2269 4451 ?um
2294 4399 2484 4447 testem
2511 4390 2738 4446 adduco.
2772 4389 2980 4446 Vestra:
3006 4401 3182 4445 autem
3213 4400 3391 4460 partes
3411 4405 3533 4446 sunt
3553 4396 3742 4447 manu.

2154 4483 2296 4539 nisse
2333 4485 2570 4539 omnium
2601 4482 2790 4539 horqu
2821 4498 2939 4552 qua:
2963 4483 3120 4549 dico,
3150 4491 3205 4537 ut
3233 4484 3460 4553 cognitis
3489 4487 3740 4553 periculis

2154 4590 2218 4630 ac
2264 4575 2680 4640 tcntationibus,
2727 4573 3083 4643 omnibusque
3123 4573 3570 4641 adversitatibus,
3613 4591 3747 4645 quas

2155 4666 2271 4735 ejus
2309 4665 2564 4734 temporis
2593 4662 2777 4718 fideles
2803 4661 3160 4733 perferebant,
3192 4672 3338 4717 tanto
3367 4666 3597 4733 majores
3626 4683 3744 4736 gra-

2159 4756 2258 4811 tias
2285 4757 2456 4826 agatis
2487 4755 2618 4821 Dco,
2653 4755 2741 4824 qui
2766 4754 3014 4808 omnibus
3046 4755 3151 4808 illis
3171 4755 3562 4813 calamitatibus
3589 4759 3744 4812 finem

2158 4849 2430 4920 imposuit,
2457 4858 2513 4905 et
2536 4858 2898 4903 averruncato
2927 4847 3067 4902 bello
3090 4889 3106 4913 ,
3136 4849 3626 4918 tranquillissimam
3658 4869 3750 4920 pa-

2157 4954 2273 4996 cem
2302 4941 2457 4995 nobis
2485 4939 2714 4995 confecit
2743 4955 2756 4992 :
2785 4947 2842 4993 ut
2863 4953 3021 4992 nemo
3043 4938 3127 4992 vel
3148 4939 3407 4993 socordia:
3431 4955 3639 5009 poenam
3667 4944 3747 4996 el'.

2158 5030 2346 5101 fugiat,
2376 5029 2459 5084 vel
2489 5030 2557 5084 ob
2579 5031 2739 5083 vitam
2768 5038 2913 5083 recte
2939 5039 3110 5081 actam
3134 5029 3439 5082 extollatur.

2230 5123 2284 5178 4.
2308 5121 2444 5176 Pace
2472 5121 2711 5175 Ecclesia:
2738 5136 2838 5173 non
2863 5119 3444 5189 abutendum—Neque
3471 5126 3612 5178 enim
3631 5140 3753 5193 per-

2162 5212 2283 5268 inde
2328 5219 2445 5278 est,
2495 5213 2537 5264 si
2583 5210 2920 5280 undiquaque
2972 5210 3307 5278 impugnatus
3353 5221 3407 5264 et
3457 5213 3750 5269 innumeris

2162 5301 2573 5356 adversitatibus
2619 5299 2841 5354 obrutus
2890 5314 3148 5368 generose
3194 5300 3494 5368 suhsistas,
3534 5318 3597 5357 ac
3622 5305 3665 5357 si
3701 5305 3750 5358 in

2161 5401 2320 5463 portu
2363 5407 2502 5470 nunc
2542 5389 2756 5454 sedens,
2789 5399 2842 5443 et
2872 5389 2922 5442 in
2954 5403 3156 5441 summa
3191 5390 3481 5444 securitate
3505 5393 3748 5447 eumdem

2161 5485 2396 5539 animum
2447 5497 2554 5551 pra:
2595 5493 2647 5536 te
2687 5481 2846 5535 feras.
2898 5480 3114 5533 Illorum
3144 5483 3286 5534 enim
3317 5482 3554 5537 conditio
3585 5485 3751 5538 nihilo

2165 5577 2354 5630 melior
2381 5585 2518 5637 erat,
2545 5590 2702 5644 quam
2727 5589 2912 5627 eorum
2935 5575 3022 5643 qui
3058 5575 3267 5628 turbato
3291 5584 3423 5629 ntarl
3448 5577 3749 5646 jactantur:

2167 5688 2262 5725 nos
2293 5685 2418 5726 vero
2441 5669 2679 5724 securius
2707 5669 2911 5737 agimus
2937 5683 3092 5737 quam
3120 5669 3206 5737 qui
3234 5669 3282 5721 in
3309 5677 3525 5738 portum
3549 5670 3753 5725 devecti
