4110 6198
362 316 463 381 291

367 440 464 507 τῆς
490 435 744 506 σπουδῆς.
769 436 835 490 Εἰ
857 437 965 507 γὰρ
987 438 1084 507 μία
1108 436 1250 501 λέξις
1268 436 1673 511 τριῶνήμερῶν
1701 441 1934 506 διάλεξιν

363 523 500 591 ημῖν
532 519 704 584 ἔτεκε,
742 520 906 573 πόσον
934 522 1064 589 ἡμῖν
1086 519 1379 572 ἀναϐλύσει
1413 521 1688 593 θησαυρὸν
1717 520 1937 592 ὁλόκλη-

367 620 464 672 ρος
492 602 766 673 περικοπή
797 602 934 672 μετά
968 602 1254 671 ἀκριϐείας
1289 603 1673 675 θεωρουμένης
1718 607 1810 677 Μὴ
1834 605 1938 658 τοί-

365 704 461 739 νυν
504 686 901 755 ἀποκάμωμεν,
940 684 1044 747 ἕως
1088 684 1154 737 ἂν
1193 684 1255 737 16
1290 688 1398 739 πᾶν
1442 688 1936 760 ἀποτρυγήσωμεν.

368 771 431 823 Εἰ
475 770 585 841 γάρ
630 772 678 823 οἰ
726 768 963 839 μέταλλα
997 767 1365 837 διορύττοντες
1406 771 1654 842 χρυσίου,
1700 774 1824 824 ὅσον
1871 771 1939 825 ἂν

366 855 574 907 ἐκεῖθεν
605 852 884 907 κενώσωσι
923 850 1171 918 πλοῦτον,
1202 852 1261 905 οὑ
1293 854 1560 924 πρότερον
1588 854 1938 923 ἀφίστανται,

955 338 1039 396 DE
1072 338 1317 398 VERBIS
1357 343 1718 405 APOSTﬂL‘.
1764 343 2141 399 "ABENTES
2184 338 2471 396 FUMDEM
2515 335 2868 395 SPIRITUM.
2911 336 2997 391 111.

3503 329 3603 384 ειη

2042 457 2154 505 τες,
2194 441 2289 495 ἐὰν
2326 443 2477 517 παρά
2511 445 2690 497 πᾶσαν
2734 441 2833 512 τὴν
2873 440 3219 497 διδασκαλίαν
3254 442 3605 513 προσέχονττς

2043 526 2239 596 μικρὸν
2285 527 2694 599 ῥᾳθυμήσωσιν,
2750 528 2968 580 ἃπασαν
3015 526 3113 596 τήν
3159 525 3479 580 ἀκολουθίαν
3524 530 3605 598 ρί-

2039 606 2259 674 ψαντες,
2293 610 2392 662 οὐκ
2421 610 2502 662 ἔτι
2536 610 2723 663 λοιπὸν
2751 611 3040 679 ἐπιστῆναι
3068 607 3145 678 τῷ
3167 607 3308 661 τέλει
3342 608 3450 661 τῶν
3481 627 3606 678 νοη-

2044 691 2230 759 μάτων
2273 690 2610 763 δυνήσονται.
2645 694 2738 746 ”Ιν’
2787 690 2880 746 οὖν
2925 692 2998 762 μὴ
3050 692 3206 745 τοῦτο
3254 692 3481 761 πάθητε,
3522 692 3613 747 διά

2041 773 2260 825 πάντων
2285 775 2395 828 τῶν
2418 774 2716 842 μελλόντων
2748 773 3079 845 ῥηθήσεσθαι
3111 774 3210 844 τήν
3236 775 3357 843 ῐσην
3384 790 3473 843 μοι
3500 790 3608 827 παι

2048 855 2231 925 ρέχετε
2263 857 2519 928 σπουδὴν,
2554 858 2658 922 ἐως
2687 858 2751 911 ἂν
2786 859 2865 922 είς
2898 858 3034 911 a616
3059 858 3121 910 16
3150 857 3303 921 τέλος
3341 857 3633 929 ἔλθωμεν.-

366 936 473 999 tm;
514 936 580 990 ἂν
731 936 840 988 πᾶν
882 934 1181 1018 ἀνέλωνται
1228 937 1479 1018 χρυσίον’
1516 936 1693 1008 πολλῷ
1740 938 1939 1008 μᾶλλον
1984 962 2021 1018 ι,
2110 945 2179 1006 γ’.
2205 938 2361 1001 Τίνος
2381 935 2473 992 οὖν
2494 939 2680 993 ένεκεν
2705 940 2948 1011 εἴρηκεν,
2981 941 3265 1009 Ἔχοντες
3288 939 3357 993 δὲ
3377 939 3442 993 τὸ
3462 938 3609 994 αὐτὸ

366 1020 514 1088 ἡμᾶς
549 1017 757 1087 μείζονι
801 1017 1082 1088 προθυμία
1124 1017 1427 1088 κεχρῆσθαι
1471 1018 1553 1071 δεῖ
1588 1021 1683 1072 καὶ
1736 1021 1937 1091 σπουδῇ

367 1102 498 1174 περὶ
529 1103 629 1174 τὴν
676 1101 783 1156 τῶν
826 1102 987 1156 θείων
1034 1101 1235 1170 λογίων
1268 1103 1513 1174 ἔρευναν.
1549 1105 1659 1158 Kal
1688 1104 1798 1176 γάρ
1846 1107 1940 1159 καὶ

367 1186 530 1256 ἡμεῖς
550 1185 772 1256 χρυσίον
794 1184 1092 1256 ὀρύττομεν
1112 1223 1127 1247 ,
1159 1185 1259 1238 οὑκ
1292 1184 1568 1255 αἰσθητὸν,
1609 1187 1746 1241 ἀλλά
1776 1205 1940 1241 πνευ-

373 1268 633 1336 ματικόν·
678 1268 740 1321 ού
788 1267 895 1338 γάρ
942 1267 1180 1336 μέταλλα
1216 1267 1354 1336 γῆς.
1381 1268 1519 1322 ἀλλά
1566 1269 1808 1338 μέταλλα
1845 1269 1939 1322 τοῦ

367 1349 685 1420 Πνεύματος
727 1348 1094 1421 ἐργαζόμεθα.
1132 1349 1198 1402 Δί
1225 1348 1333 1420 γὰρ
1361 1350 1639 1403 ἐπιστολαί
1665 1351 1759 1404 τοῦ
1791 1351 1941 1406 Παύ-

370 1431 463 1486 λου
492 1432 585 1486 τοῦ
610 1432 927 1502 Πνεύματός
953 1434 1057 1487 εἰσι
1079 1432 1315 1502 μέταλλα
1345 1433 1440 1485 καὶ
1467 1434 1637 1505 πηγαί
1662 1451 1675 1464 ·
1704 1434 1941 1504 μέταλλα

373 1516 494 1586 μὲν,
524 1517 606 1569 ὃτι
638 1516 860 1586 χρυσίου
890 1516 1091 1579 παντὸς
1119 1516 1446 1590 τιμιώτερον
1484 1520 1615 1588 ἡμῖν
1640 1519 1941 1590 παρέχουσι

370 1597 599 1652 πλοῦτον
623 1615 636 1628 ·
668 1601 844 1669 πηγαὶ
873 1599 951 1665 δὲ,
981 1601 1062 1653 ὅτι
1097 1600 1349 1652 οὐδέποτε
1380 1600 1753 1654 ἐπιλείπουσιν
1779 1618 1792 1632 ·
1825 1602 1943 1654 ἀλλ’

367 1682 495 1734 ὅσον
521 1681 587 1734 ἂν
625 1681 870 1754 κενώσῃς
908 1681 1135 1746 ἐκεῖθεν,
1172 1681 1423 1734 τοσοῦτον
1452 1682 1547 1735 xal
1574 1682 1755 1753 πολλῷ
1782 1682 1942 1736 πλέον

368 1765 591 1837 ἐπιρρεῖ
620 1764 798 1818 πάλιν.
829 1762 980 1835 [280]
1008 1765 1116 1818 Kal
1142 1764 1333 1818 τούτου
1356 1765 1552 1833 γένοιτ’
1574 1765 1639 1818 ἂν
1670 1766 1942 1831 ἀπόδειξις

370 1847 551 1917 σαφὴς
577 1849 606 1900 6
631 1847 819 1918 χρόνος
847 1849 875 1899 6
904 1845 1189 1919 παρελθὼν
1227 1846 1391 1909 ἄπας.
1433 1847 1522 1911 Ἐξ
1544 1840 1605 1898 06
1634 1847 1763 1914 γοῦν
1795 1846 1942 1898 Παῦ-

372 1930 463 1993 λος
491 1930 741 1999 ἐγένετο,
783 1930 1115 1983 πεντακόσια
1146 1929 1333 1981 λοιπδν
1385 1928 1480 1999 ἐτη
1523 1929 1804 1999 παρῆλθεο
1851 1932 1944 1983 καὶ

370 2012 558 2068 τοῦτον
600 2014 817 2068 ἀπαντα
861 2012 951 2065 16v
992 2012 1180 2084 χρόνον
1218 2012 1401 2065 πολλοὶ
1450 2012 1549 2082 μέν
1581 2014 1941 2083 συγγραφεῖς,

370 2096 557 2151 πολλοί
596 2098 652 2151 δὲ
693 2096 1003 2150 διδάσκαλοι
1034 2096 1130 2149 καὶ
1173 2095 1436 2166 ἐξηγηταί
1484 2095 1652 2148 πολλά
1687 2094 1944 2159 πολλάκις

368 2179 582 2233 ἐκεῖθεν
603 2179 957 2251 ἐξήντλησαν,
998 2178 1093 2232 καί
1116 2178 1209 2231 τὸν
1230 2178 1593 2248 ἀποκείμενον
1614 2178 1714 2232 ούκ
1746 2178 1945 2231 ἐκένω-

372 2276 474 2317 σαν
525 2262 772 2316 πλοῦτον.
812 2264 886 2316 Οὑ
941 2262 1049 2331 γάρ
1109 2261 1366 2332 αἰσθητὸς
1403 2264 1432 2315 6
1484 2262 1802 2333 θησαυρόςυ
1856 2261 1943 2314 διὰ

371 2344 528 2398 τοῦτο
544 2347 642 2399 οὑκ
656 2345 1008 2399 ἀναλίσκεται
1031 2346 1097 2414 τῇ
1120 2343 1225 2396 τῶν
1248 2344 1582 2414 όρυττόντων
1603 2342 1942 2414 πολυχειρίᾳ,

371 2427 488 2481 ἀλλ’
510 2426 730 2492 αὔξεται
757 2429 852 2482 καί
877 2426 1181 2489 πλεονάζει.
1208 2426 1317 2478 Kal
1342 2425 1396 2478 τί
1419 2424 1560 2493 λέγω
1581 2427 1707 2489 τοὺς
1737 2426 1946 2496 ἐμπροο

375 2509 535 2576 σθεν;
562 2511 721 2563 Πόσοι
753 2510 870 2580 μεθ’
900 2507 1348 2580 ήμᾶςέροῦσικαί
1372 2508 1489 2578 μετ’
1516 2507 1752 2570 ἐκείνους
1770 2507 1947 2577 ἐτεροι

374 2592 560 2657 πάλιν,
605 2594 698 2646 καὶ
746 2593 806 2645 οὑ
844 2592 1111 2645 παύσεται
1142 2589 1407 2661 πηγάζων
1450 2592 1478 2644 6
1523 2589 1786 2655 πλοῦτος,
1826 2590 1948 2643 ούδέ

376 2673 641 2743 ἐπιλείψει
676 2674 848 2745 ταύτῃ
886 2674 953 2727 τά
990 2673 1265 2744 μέταλλα;
1298 2672 1643 2745 πνευματικά
1668 2674 1777 2745 γάρ
1809 2675 1946 2738 ἐστι,

375 2757 469 2809 καὶ
508 2759 569 2811 06
612 2758 822 2827 πέφυκε
870 2754 1212 2810 δαπανᾶσθαι
1258 2772 1410 2812 ποτε.
1455 2757 1555 2820 Τίς
1597 2752 1691 2811 οὗν
1722 2759 1869 2811 ἐστιν
1915 2758 1949 2827 ή

378 2838 536 2909 ῥῆσις
569 2840 601 2909 ὴ
638 2839 972 2911 ἀποστολικὴ
1000 2877 1014 2900 ,
1048 2838 1179 2909 περί
1219 2833 1288 2911 ἦς
1318 2840 1414 2892 καὶ
1455 2838 1646 2911 πρώην
1675 2839 1811 2911 πρὸς
1848 2838 1950 2908 τὴν

378 2923 651 2993 ὑμετέραν
674 2924 896 2995 ἀγάπην
919 2923 1167 2995 διελέχθη
1176 2941 1274 2994 μεν
1292 2942 1307 2987 ;
1329 2925 1617 2992 Ἔχοντες
1637 2923 1707 2977 δὲ
1722 2925 1788 2978 τὸ
1801 2921 1949 2977 αὐτὸ

375 3005 618 3074 Πνεῦμα
669 3005 781 3074 τῆς
835 3008 1129 3072 πίστεως,
1184 3006 1333 3060 κατὰ
1387 3006 1456 3060 τὸ
1509 3004 1947 3075 τεπραμμένον·

391 3088 779 3153 Ἐπίστευσα,
813 3089 905 3143 διὸ
937 3088 1234 3157 ἐλάλησα.

449 3170 517 3240 β’.
552 3172 685 3225 Τότε
721 3173 821 3242 μὲν
857 3168 949 3225 οὗν
982 3170 1305 3243 ἐζητοῦμεν,
1340 3170 1483 3235 τίνος
1523 3170 1709 3223 ἕνεκεν
1740 3171 1950 3242 εἴρηκε,

379 3254 621 3324 Πνεῦμα
652 3256 912 3321 πίστεως
954 3255 1019 3308 τὸ
1067 3255 1218 3308 αὑτό
1237 3269 1251 3283 ·
1286 3255 1378 3308 καὶ
1427 3253 1556 3324 μίαν
1595 3254 1777 3315 αἰτίαν
1814 3254 1953 3317 τέως

379 3340 706 3410 εἰρήκαμενο
725 3337 862 3408 αῦτη
888 3337 943 3391 δὲ
971 3332 1057 3407 ἦν,
1085 3336 1146 3389 16
1175 3335 1342 3403 δεῖξαι
1374 3336 1663 3405 σύμφωνον
1683 3340 1748 3408 τῇ
1775 3338 1950 3407 Καινῇ

378 3420 476 3491 τὴν
508 3420 750 3474 Παλαιὰν
777 3416 962 3473 οὖσαν.
1000 3419 1168 3472 ’ὐταν
1210 3419 1319 3491 γὰρ
1349 3418 1605 3489 φαίνηται
1631 3418 1693 3472 16
1732 3417 1955 3488 Πνεῦμα

382 3504 483 3573 τῆς
526 3504 765 3567 πίστεως
805 3502 865 3556 16
911 3501 1045 3555 a616
1091 3504 1189 3555 καὶ
1231 3501 1331 3573 τήν
1369 3501 1464 3554 τοῦ
1517 3496 1678 3554 Δαυῒδ
1722 3505 1954 3573 κινῆσαν

382 3583 626 3651 γλῶτταν
658 3587 755 3658 τὴν
785 3586 1070 3653 λέγουσαν,
1116 3584 1501 3647 Ἐπίστευσα,
1524 3581 1615 3636 διὸ
1638 3583 1914 3651 ἐλάλησα
1937 3623 1951 3648 ,

386 3669 479 3721 καί
508 3670 588 3733 εἰς
620 3670 715 3741 τὴν
739 3670 833 3723 τοῦ
864 3669 1076 3725 Παύλου
1098 3667 1275 3739 ψυχὴν
1308 3666 1585 3738 ἐνεργοῦν,
1626 3664 1847 3736 εὔδηλον
1872 3668 1953 3720 ὅτι

384 3757 555 3826 πολλὴ
615 3758 902 3825 συγγένεια
961 3756 1259 3828 προφητῶν
1319 3756 1414 3807 καί
1469 3754 1802 3818 ἀποστόλων,
1861 3756 1956 3808 καὶ

384 3844 599 3914 ἀνάγκη
630 3844 831 3915 πολλὴν
866 3844 1107 3905 Παλαιᾶς
1137 3843 1232 3896 καὶ
1270 3842 1478 3910 Καινῆς
1506 3837 1648 3894 εἶναι
1679 3841 1778 3911 τὴν
1818 3858 1957 3911 συμο

386 3932 616 3999 φωνίαν.
656 3932 796 3985 Ἀλλ’
841 3932 929 3985 ἵνα
968 3932 1043 4002 μὴ
1086 3930 1247 3984 πάλιν
1285 3929 1356 3982 τά
1383 3927 1527 3982 αὑτά
1568 3928 1952 3992 ἀνακινοῦντες

385 4017 1020 4091 ἐωχλῶμενςὺμῖνθέρε,
1053 4017 1146 4071 καὶ⁸
1167 4017 1268 4086 τὴν
1289 4015 1482 4086 ἐτέραν
1495 4014 1674 4067 αἰτίαν
1689 4013 1954 4085 εἴπωμεν,

383 4108 452 4161 δι’
477 4106 544 4178 ήν
555 4105 767 4177 εἴρηκε,
786 4107 853 4160 Τὸ
880 4106 1049 4159 αὐτό·
1071 4102 1283 4177 καὶγὰρ
1309 4105 1403 4157 καί
1422 4101 1541 4155 τότε
1563 4101 1693 4172 ὑμῖν
1716 4101 1952 4172 ὑπεσχό·

389 4194 528 4267 μεθα
559 4194 751 4266 ἑτέραν
777 4191 957 4248 αίτίαν
987 4194 1131 4264 ἐρεῖν
1161 4191 1263 4262 τῆς
1292 4192 1506 4263 ρήσεως
1524 4189 1749 4262 ταύτης.
1794 4189 1953 4244 Ἀλλά

383 4283 730 4355 διανάστητε·
761 4282 899 4353 βαθὺ
930 4281 1038 4355 γὰρ
1069 4281 1130 4336 16
1147 4281 1326 4353 νόημα
1351 4279 1507 4335 τοῦτό
1539 4281 1706 4346 ἐστιν,
1726 4280 1756 4333 6
1783 4279 1960 4350 μέλλω

387 4371 567 4440 λέγειν
611 4370 749 4442 πρὸς
776 4370 875 4441 τὴν
917 4368 1190 4441 ὑμετέραν
1227 4367 1469 4437 ἀγάπην,
1509 4367 1605 4421 καὶ
1647 4367 1960 4439 διορατικῆς

386 4459 639 4529 δεόμενον
668 4459 926 4523 διανοίας,
956 4458 1049 4511 καὶ
1064 4457 1330 4527 ὀξυτάτης
1344 4455 1542 4526 ψυχῆςυ
1558 4455 1639 4508 διδ
1657 4455 1963 4527 παρακαλῶ

393 4546 531 4617 μετὰ
539 4546 822 4618 ἀκριϐείας
835 4542 1261 4616 παρακολουθεῖν
1274 4545 1383 4605 τοῖς
1395 4540 1725 4613 ῥηθήσεσθαι
1746 4542 1964 4613 μέλλου-

392 4653 495 4689 σιν.
524 4636 585 4689 Et
607 4634 714 4706 γὰρ
735 4633 1002 4705 ἡμέτερος
1018 4632 1046 4683 6
1066 4630 1244 4694 πόνος,
1262 4628 1375 4683 ἀλλ’
1392 4628 1657 4700 ὑμέτερον
1677 4629 1738 4682 16
1750 4629 1959 4701 κέρδος,

395 4722 664 4793 μᾶλλονδὲ
681 4721 803 4775 οὐδὲ
825 4719 1091 4791 ήμέτερος
1119 4721 1149 4772 6
1181 4717 1361 4780 πόνος,
1384 4716 1520 4771 ἀλλά
1548 4716 1647 4786 τῆς
1677 4716 1771 4769 τοῦ
1804 4716 1966 4771 Πνεύ-

396 4827 561 4880 ματος
580 4809 848 4881 χάριτοςή
874 4808 1070 4879 δωρεά·
1097 4807 1222 4861 ὅταν
1241 4805 1298 4859 δέ
1320 4804 1663 4877 ἀποκαλύψῃ,
1686 4802 1807 4857 οὔτε
1831 4806 1859 4858 6
1877 4804 1965 4858 λέ-

390 4911 527 4964 γων,
552 4893 675 4949 οὕτε
698 4897 745 4949 οἰ
772 4893 1060 4955 ἀκούοντες
1078 4892 1366 4963 κάμνουσι·
1394 4890 1563 4962 πολλὴ
1581 4889 1692 4961 γάρ
1708 4889 1809 4961 τῆς
1828 4891 1966 4945 ἀπο-

393 4982 734 5053 καλύψεωςή
764 4980 1001 5035 εὐκολία.
1024 4978 1375 5051 ,Πρόσχωμεν
1412 4978 1592 5032 τοίνυν
1628 4976 1768 5049 μετά
1803 4979 1963 5051 ἀκρι-

393 5069 565 5133 ϐείας·
592 5068 693 5124 κᾶν
706 5069 817 5140 γὰρ
829 5070 943 5131 τοῖς
965 5066 1171 5121 πλείοσι
1188 5064 1728 5137 παρακολουθήσητε,
1758 5066 1886 5137 περὶ
1907 5065 1966 5119 δέ

397 5156 569 5228 βραχὺ
602 5156 767 5229 μέρος
803 5153 1243 5224 ἀπονυστάξητε,
1272 5150 1336 5205 16
1381 5153 1491 5206 πᾶν
1523 5152 1819 5223 ἀγνοήσετε
1871 5152 1966 5207 τοῦ

396 5245 646 5311 κάλλους,
698 5243 1053 5315 διακοπείσης
1096 5242 1200 5312 τῆς
1244 5240 1567 5304 ἀκολουθίας
1614 5239 1821 5294 λοιπόν.
1861 5238 1967 5295 Καὶ

397 5331 648 5402 καθάπερ
673 5332 722 5384 οἰ
743 5329 843 5394 τάς
868 5330 1020 5394 6606;
1042 5327 1365 5398 ἀγνοοῦντες
1385 5327 1481 5381 καὶ
1495 5326 1698 5397 ἐτέρων
1724 5325 1969 5395 δεόμενοι

397 5418 504 5472 τῶν
530 5416 887 5489 ὁδηγούντων,
918 5417 1023 5472 κάν
1039 5416 1174 5470 πολὺ
1193 5414 1529 5488 προέλθωσιν
1551 5412 1970 5478 ἀκολουθοῦντες

397 5507 603 5569 αὐτοῖς,
642 5505 836 5576 μικρὸν
868 5504 926 5559 δέ
951 5503 1516 5575 ἀπορρᾳθυμήσαντες
1544 5499 1852 5555 ἀπολέσωσι
1881 5501 1970 5555 τὸν

397 5590 722 5662 ἡγούμενον,
751 5590 903 5645 οὐδὲν
942 5590 1128 5653 αὑτοῖς
1157 5588 1346 5659 ὄφελος
1372 5587 1524 5641 έσται
1562 5586 1662 5657 τῆς
1698 5588 1970 5659 προτέρας

401 5677 832 5750 ἀκολουθήσεως,
853 5677 968 5732 ἀλλ’
991 5677 1237 5732 ἵστανται
1258 5674 1467 5739 λοιπὸν,
1487 5674 1589 5728 οὐκ
1612 5673 1809 5738 εἰδότες
1835 5675 1969 5729 ὅπου

407 5765 743 5833 προέλθωσιν
763 5782 777 5798 ·
808 5765 950 5820 οὕτω
966 5765 1057 5820 καί
1089 5765 1138 5818 οἰ
1167 5763 1245 5835 τῷ
1265 5763 1455 5832 λέγοντ
1498 5760 1966 5833 παρακολουθοῦν-

2041 1020 2284 1089 Πνεῦμα
2305 1020 2411 1088 τῆς
2445 1022 2725 1088 πίστεως,
2767 1023 2862 1075 καί
2904 1020 3192 1084 σπουδάζει
3223 1020 3391 1087 δεῖξαι
3420 1022 3515 1075 καὶ
3550 1023 3610 1074 ἐν

2039 1104 2107 1172 τῇ
2130 1102 2342 1173 Παλαιᾷ
2375 1104 2466 1157 καί
2491 1106 2547 1157 ἐν
2572 1107 2636 1175 τῇ
2660 1107 2834 1175 Καινῇ
2868 1105 3050 1157 πίστιν
3079 1100 3241 1157 οὖσαν
3270 1104 3369 1174 τὴν
3400 1103 3610 1174 μητέρα

2040 1184 2148 1237 τῶν
2172 1185 2413 1254 ἀγαθῶν,
2452 1186 2643 1259 μικρὸν
2670 1188 2874 1241 ἀνωθεν
2915 1189 3211 1255 ἀναγκαῖον
3239 1189 3442 1239 εἰπεῖν·
3472 1186 3612 1239 οὕτω

2041 1266 2151 1338 γάρ
2184 1268 2334 1321 ἐσται
2379 1270 2678 1340 κατάδηλος
2721 1272 2849 1339 ἡμῖν
2888 1272 2920 1340 ή
2963 1270 3112 1322 αἰτία
3145 1268 3363 1338 μᾶλλον.
3397 1268 3493 1331 Τίς
3520 1263 3613 1321 οὖν

2043 1351 2189 1402 ἐστιν
2244 1351 2276 1420 ἡ
2322 1350 2471 1423 [281]
2510 1352 2690 1415 αἰτία;
2738 1352 2908 1415 Πολὺς
2958 1351 3194 1421 πόλεμος
3241 1350 3612 1420 περιειστήκει

2042 1431 2169 1494 τοὺς
2203 1435 2427 1497 πιστοὺς
2454 1476 2467 1495 ,
2512 1437 2673 1505 ήνίκα
2706 1433 2877 1487 ταῦτα
2909 1434 3144 1503 ἐλέγετο,
3181 1432 3415 1503 πόλεμος
3454 1431 3610 1502 χαλε-

2047 1514 2145 1576 πὸς
2200 1515 2295 1569 καὶ
2345 1517 2676 1586 ἀκήρυκτος.
2738 1515 2841 1569 Καὶ
2898 1517 3007 1587 γάρ
3057 1517 3150 1569 καί
3202 1515 3385 1589 πόλεις
3430 1514 3613 1575 αὐτοῖς

2043 1598 2329 1668 ὁλόκληροι
2373 1602 2464 1652 καὶ
2496 1600 2656 1669 δῆμοι
2689 1598 2954 1652 πάντοθεν
2986 1598 3362 1662 ἐπανίσταντο,
3402 1598 3497 1648 καὶ
3519 1596 3598 1647 τύ⁵

2049 1696 2230 1749 ραννοι
2261 1682 2464 1745 πάντες
2482 1684 2854 1746 ἐπεϐούλευον,
2889 1683 2983 1735 καὶ
3005 1681 3244 1751 βασιλεῖς
3270 1678 3612 1750 παρεσκευά-

2046 1764 2219 1827 ζοντο,
2271 1767 2363 1818 καὶ
2410 1768 2550 1819 ὅπλα
2585 1769 2845 1829 ἐκινεῖτο,
2881 1766 2976 1817 καὶ
3020 1764 3147 1833 ξίφη
3188 1764 3422 1831 ήκονᾶτο
3450 1801 3464 1824 ,
3512 1760 3615 1814 καὶ

2048 1849 2386 1915 στρατόπεδα
2434 1849 2814 1919 ηύτρεπίςετο,
2863 1847 2959 1900 καὶ
3005 1847 3113 1899 πᾶν
3146 1840 3283 1907 εἶδος
3335 1842 3612 1903 κολάσεως

2047 1928 2138 1980 καὶ
2175 1931 2441 2001 τιμωρίας
2474 1932 2747 1983 ἐπενοεῖτο
2771 1944 2784 1958 ⁸
2816 1931 2939 1984 ὅθεν
2979 1928 3333 1997 ὑπαρχόντων
3368 1923 3617 1997 ἁρπαγαὶ

2046 2013 2140 2063 καὶ
2168 2011 2482 2083 δημεύσεις.
2510 2015 2605 2069 καὶ
2630 2014 2922 2083 ἀπαγωγαὶ
2950 2016 3044 2068 καὶ
3066 2014 3283 2067 θάνατοι
3310 2011 3616 2079 καθημερι-

2047 2097 2144 2156 vol,
2181 2097 2274 2149 καὶ
2302 2095 2680 2169 στρεϐλώσεις,
2710 2098 2802 2151 καὶ
2830 2099 3200 2168 δεσμωτήρια,
3234 2093 3329 2148 καὶ
3356 2092 3489 2163 πῦρ,
3523 2089 3615 2143 καὶ

2049 2178 2285 2249 σίδηρος,
2333 2180 2427 2232 καὶ
2461 2179 2644 2250 θηρία,
2681 2180 2773 2233 καὶ
2804 2179 2981 2244 ξύλον,
3021 2182 3113 2233 καὶ
3141 2179 3357 2250 τροχὸς,
3386 2176 3480 2230 καὶ
3522 2172 3615 2242 βά-

2052 2261 2246 2332 ραθρα,
2278 2262 2372 2315 καί
2398 2263 2653 2332 κρημνοὶ,
2686 2265 2780 2316 καὶ
2810 2264 2987 2317 πάντα
3013 2263 3080 2315 τὰ
3104 2264 3183 2326 εἰς
3206 2261 3448 2314 ἐπίνοιαν
3480 2255 3616 2325 πρὸς

2047 2344 2138 2396 τὸν
2183 2343 2289 2396 τῶν
2340 2346 2546 2399 πιστῶν
2578 2345 2796 2416 ὄλεθρον
2842 2348 3107 2399 ἐκινεῖτοο
3162 2344 3257 2397 καὶ
3286 2341 3407 2394 ούδέ
3453 2340 3615 2407 μέχρι

2046 2430 2251 2484 τούτων
2305 2432 2334 2483 6
2387 2432 2621 2503 πόλεμος
2665 2433 2930 2502 εἱστήκει.
2984 2431 3115 2483 Οὐδὲ
3153 2429 3262 2499 γάρ
3313 2427 3464 2495 παρά
3510 2425 3616 2476 τῶν

2048 2518 2261 2590 ἐχθρῶν
2308 2520 2687 2591 ἀνερριπίζετο
2747 2521 2940 2590 μόνον,
2990 2518 3125 2571 ἀλλά
3169 2518 3263 2569 καί
3307 2516 3443 2582 αὑτὴ
3495 2513 3615 2564 καθ’

2051 2610 2249 2677 ἐαυτῆς
2275 2611 2308 2679 ή
2344 2609 2506 2677 φύσις
2533 2608 2796 2678 ἐσχίζετο.
2824 2608 2935 2660 Kal
2964 2607 3072 2676 γάρ
3100 2603 3286 2658 παισὶν
3318 2602 3617 2670 ἐπολέμουν

2051 2697 2306 2769 πατέρες.
2340 2697 2434 2752 καί
2461 2696 2756 2768 θυγατέρες
2791 2697 3016 2767 ἐμίσουν
3044 2694 3140 2757 τὰς
3174 2692 3492 2762 κυησάσας,
3525 2690 3619 2739 καὶ

2054 2785 2198 2855 φίλοι
2240 2786 2424 2855 φίλους
2454 2785 2859 2857 ἀπεστρέφοντο
2880 2824 2893 2847 ,
2927 2783 3018 2836 xal
3046 2783 3125 2845 εἰς
3152 2780 3250 2844 τὰς
3301 2775 3618 2846 συγγενείας

2054 2873 2146 2926 καί
2177 2875 2257 2933 εἰς
2286 2872 2384 2935 τάς
2404 2872 2581 2935 οίκίας
2608 2874 2638 2923 6
2663 2873 2896 2941 πόλεμος
2918 2864 3071 2933 οὗτος
3096 2869 3281 2939 ἐρπων
3303 2866 3495 2937 εἰσῄει,
3528 2865 3620 2916 καὶ

2055 2958 2281 3030 θόρυϐος
2323 2954 2390 3029 ἦν
2438 2958 2556 3010 τότε
2604 2958 2770 3020 πολὺς
2811 2956 2953 3010 κατὰ
2981 2957 3081 3025 τὴν
3122 2953 3467 3023 οἰκουμένην.
3511 2952 3620 3004 Καὶ

2055 3046 2308 3116 καθάπερ
2366 3045 2565 3107 πλοῖον,
2620 3045 2878 3114 κυμάτων
2935 3041 3384 3111 διανισταμένων,
3445 3038 3622 3107 νεφῶν

2056 3132 2546 3206 συρρηγνυμένων,
2591 3129 2828 3201 βροντῶν
2861 3128 3417 3200 καταρρηγνυμένων,
3454 3127 3622 3195 ζόφου

2056 3219 2321 3273 πάντοθεν
2344 3217 2667 3281 κυκλοῦντος
2696 3217 2758 3269 16
2792 3216 3023 3285 σκάφος,
3052 3217 3153 3286 τῆς
3188 3216 3463 3285 θαλάσσης
3495 3229 3625 3283 μαι-

2054 3307 2306 3378 νομένης,
2352 3306 2558 3378 θηρίων
2596 3303 3067 3374 ἐπανισταμένων,
3121 3301 3397 3372 πειρατῶν
3451 3315 3623 3369 προσ-

2056 3393 2382 3458 ϐαλλόντων,
2431 3391 2609 3446 αὐτῶν
2639 3390 2746 3444 τῶν
2786 3390 2934 3444 ἐνδον
2965 3388 3393 3454 στασιαζόντων,
3424 3388 3525 3440 οὑκ
3558 3387 3625 3439 ἀν

2055 3481 2307 3551 διαφύγοι
2339 3481 2431 3533 τὸν
2458 3479 2718 3544 κίνδυνον,
2750 3480 2799 3531 εί
2829 3476 2903 3548 μὴ
2942 3478 2975 3547 ή
3014 3476 3125 3529 ἀνω
3153 3476 3293 3547 χεὶρ,
3324 3476 3358 3546 ἡ
3391 3477 3627 3545 κραταιά

2060 3570 2155 3623 καί
2186 3568 2418 3640 μεγάλη,
2453 3565 2855 3638 ἀποκρούσαιτο
2881 3564 2972 3618 16v
2999 3563 3258 3634 πόλεμον,
3291 3564 3384 3617 καὶ
3416 3562 3629 3617 λύσασα

2056 3657 2149 3711 16v
2175 3655 2419 3727 χειμῶνα
2441 3653 2830 3723 καταστήσειεν
2854 3652 2912 3705 ἐν
2942 3649 3155 3721 γαλήνη
3173 3650 3300 3711 τοὺς
3330 3648 3591 3711 πλέοντας
3613 3663 3626 3677 ο

2058 3744 2203 3798 οὓτω
2230 3743 2295 3814 δὴ
2329 3742 2423 3796 καὶ
2453 3741 2573 3796 τότε
2603 3742 2659 3793 ἐν
2689 3741 2831 3811 ἀρχῇ
2867 3737 2963 3792 τοῦ
2994 3737 3350 3809 κηρύγματος
3382 3736 3627 3805 γέγονεν.

2057 3834 2131 3887 Ού
2158 3832 2269 3902 γὰρ
2314 3829 2511 3897 ἔξωθεν
2555 3828 2920 3899 προσέϐαλλεν
2959 3828 2988 3879 6
3023 3824 3230 3896 χειμὼν
3267 3825 3447 3896 μόνον,
3496 3822 3633 3876 ἀλλά

2059 3921 2156 3973 καὶ
2205 3920 2254 3971 οἰ
2301 3917 2449 3969 ἔνδον
2492 3915 2752 3978 πολλάκις
2791 3915 2927 3982 πρὸς
2979 3913 3246 3983 ἀλλήλους
3284 3911 3625 3975 ἐστασίαζον.

2061 4005 2157 4068 Τίς
2180 4002 2338 4057 τοῦτό
2365 4020 2527 4071 φησιν
2550 4020 2565 4068 ;
2596 4001 2764 4063 A616;
2792 4002 2820 4053 6
2851 4000 3059 4063 Παῦλος
3086 4000 3333 4071 γράφων,
3369 3998 3634 4062 Ἔξωοεν

2055 4091 2263 4162 μάχαι,
2308 4090 2534 4144 ἔσωθεν
2573 4088 2761 4157 φόϐοι.
2802 4086 2913 4138 Kal
2939 4086 3020 4139 ὅτι
3059 4084 3212 4139 ταῦτ’
3241 4084 3387 4137 ἐστιν
3423 4084 3631 4155 ἀληθῆ,

2061 4179 2158 4234 καὶ
2185 4175 2535 4239 διδασκάλους
2572 4175 2666 4227 καί
2701 4172 2951 4245 μαθητὰς
2986 4172 3156 4243 μυρία
3202 4170 3636 4243 περιεστοίχιστο

2063 4266 2228 4332 κακά,
2263 4267 2358 4318 καὶ
2385 4262 2595 4324 πάντας
2626 4262 2655 4314 6
2682 4260 2915 4331 πόλεμος
2943 4259 3257 4331 ἐπενέμετο,
3284 4258 3449 4312 αὑτοῦ
3478 4259 3637 4313 πάλιν

2063 4354 2158 4409 τοῦ
2188 4350 2404 4409 Παύλου
2431 4350 2531 4421 τὴν
2563 4346 2865 4421 μαρτυρίαν
2892 4347 3144 4419 παράγω.
3197 4347 3384 4417 Ὑμεῖς
3412 4346 3467 4399 δὲ
3499 4363 3635 4416 μνη-

2070 4440 2322 4511 μονεύετε
2356 4438 2464 4492 τῶν
2507 4435 2815 4506 λεγομένων
2845 4433 3125 4498 ἀπάντων,
3165 4434 3232 4487 ῐν⁹
3260 4434 3389 4487 ὅταν
3425 4433 3634 4506 μάθητε

2064 4530 2191 4592 τοὺς
2222 4526 2523 4591 κινδύνους,
2555 4525 2683 4586 106;
2725 4521 3095 4593 πειρασμοὺς,
3134 4518 3205 4573 τά
3253 4520 3425 4591 μυρία
3455 4520 3635 4583 κακὰ,

2066 4618 2211 4687 ειπερ
2255 4615 2306 4668 οἰ
2346 4613 2467 4666 τότε
2502 4608 2852 4672 πιστεύοντες
2901 4608 3195 4679 ὑπέμενον,
3233 4606 3496 4677 μειζόνως
3542 4608 3637 4661 καὶ

2064 4703 2155 4759 διά
2180 4702 2339 4757 τοῦτο
2374 4698 2733 4772 εὑχαριστῆτε
2762 4696 2840 4769 τῷ
2885 4696 3035 4769 Θεῷ,
3081 4695 3161 4768 τῷ
3192 4695 3417 4750 λύσαντι
3460 4696 3637 4750 πάντα

2067 4794 2253 4845 ἐκεῖνα
2292 4788 2361 4842 τά
2403 4786 2584 4852 δεινὰ,
2618 4786 2712 4839 καὶ
2755 4785 2979 4856 εἰρήνην
3007 4783 3353 4852 εἰσαγαγόντι
3396 4783 3637 4854 βαθεῖαν,

2067 4880 2163 4934 καὶ
2185 4878 2277 4932 16v
2306 4877 2541 4945 πόλεμον
2562 4871 2921 4937 άπελάσαντι,
2941 4870 3038 4925 καὶ
3066 4871 3267 4942 πολλὴν
3293 4870 3638 4926 κατασκευά-

2070 4984 2224 5023 σαντι
2249 4965 2347 5036 τὴν
2368 4963 2610 5033 γαλήνην
2632 4977 2644 4991 ·
2671 4961 2760 5013 ῖνα
2785 4959 2976 5031 μηδεὶς
2999 4959 3138 5030 μήτε
3161 4958 3422 5031 ῥαθυμῶν
3443 4959 3637 5029 νομίζῃ

2067 5054 2383 5126 διαφεύγειν
2423 5052 2523 5124 τὴν
2556 5048 2808 5115 κόλασιν,
2853 5048 2993 5120 μήτε
3022 5046 3304 5119 κατορθῶν
3341 5046 3638 5117 ἐπαίρηται

2068 5162 2184 5199 νυν.

2137 5229 2199 5285 δ’.
2241 5228 2318 5283 O6
2352 5228 2460 5298 γάρ
2498 5227 2645 5279 ἐστιν
2690 5226 2805 5278 ῐσον
2848 5221 3188 5293 πανταχόθεν
3236 5217 3641 5290 πολεμούμενον

2069 5318 2164 5372 καί
2193 5316 2408 5388 μυρίοις
2431 5312 2753 5385 περιαντλού
2762 5327 2919 5381 μενον
2943 5311 3133 5372 κακοῖς
3146 5306 3438 5376 δυνηθῆναι
3453 5305 3640 5375 στῆναι

2069 5404 2355 5477 γενναίως,
2386 5401 2481 5455 καὶ
2511 5398 2761 5470 καθάπερ
2788 5400 2846 5451 ἐν
2881 5397 3060 5468 λιμένι
3086 5396 3394 5464 καθήμενον
3424 5390 3520 5445 νῦν
3549 5394 3643 5445 καὶ

2072 5494 2253 5563 πάσης
2304 5486 2649 5544 ἀπολαύοντα
2681 5485 2867 5548 ἀδείας
2912 5485 3013 5553 τήν
3052 5481 3221 5552 αὑτὴν
3274 5478 3643 5544 ἐπιδείξασθαι

2074 5578 2406 5654 προθυμίαν.
2465 5575 2694 5629 Ἐκεῖνοι
2739 5571 2838 5643 μὲν
2883 5571 2992 5642 γὰρ
3032 5570 3140 5624 τῶν
3192 5568 3249 5621 ἐν
3295 5566 3521 5635 πελάγει
3555 5582 3639 5654 σα-

2074 5653 2338 5724 λευόντων
2365 5662 2486 5717 τότε
2508 5661 2604 5715 καὶ
2628 5657 3102 5727 κλυδωνιζομένων
3122 5655 3275 5709 οὐδὲν
3301 5655 3522 5723 ἄμεινον
3566 5653 3641 5705 δι-

2083 5762 2290 5814 έκειντο
2306 5775 2319 5789 ο
2342 5756 2499 5824 ἡμεῖς
2518 5754 2572 5809 δέ
2591 5754 2696 5808 τῶν
2715 5754 2772 5806 ἐν
2792 5747 2969 5817 λιμένι
2994 5746 3315 5815 καθημένων
3331 5743 3640 5806 ἀδεέστερον
