4082 6212
515 386 773 458 διάγομεν
794 388 910 441 νῦν.
936 389 1026 460 Μή
1056 390 1232 444 τοίνυν
1267 391 1405 460 μήτε
1438 391 1530 444 ἐπὶ
1553 393 1665 455 τοῖς
1697 391 2082 464 κατορθώμασι

520 479 661 550 μέγα
693 479 998 550 φρονῶμεν,
1032 482 1170 551 μήτε
1204 482 1297 534 ἐπὶ
1332 485 1443 546 τοῖς
1475 483 1845 553 συμπίπτουσι
1894 501 2086 555 πειρα-

519 570 674 637 σμοῖς
705 569 1164 640 καταπίπτωμεν,
1199 571 1335 640 μήτε
1364 571 1440 633 είς
1471 571 1743 642 ῥαθυμίαν
1786 574 1853 642 τῇ
1883 573 1981 641 τῆς
2009 572 2088 624 εί-

519 659 688 728 ρήνης
733 657 887 728 ἀδείᾳ
930 657 1328 731 ἀποχρώμεθα’
1374 661 1511 716 ἀλλὰ
1560 663 1822 733 νήφωμεν
1866 663 1957 715 ἀεὶ
1995 662 2090 716 καὶ

517 749 898 818 γρηγορῶμεν.
923 751 1078 804 Ἔστι
1095 753 1202 821 γὰρ
1225 752 1315 804 καὶ
1336 753 1468 823 ήμῖν
1503 753 1644 824 πάλη
1677 755 1815 825 πρὸς
1842 755 1940 818 τὰς
1973 757 2092 807 ἐπι-

518 836 718 907 θυμίας
748 839 844 908 τῆς
869 837 1105 907 φύσεως.
1140 840 1254 892 Οὐκ
1291 842 1678 897 ἐπανίστανται
1717 843 1811 896 νῦν
1839 846 1972 914 ήμῖν
1997 843 2092 897 ἄν·

517 927 748 998 θρωποι,
773 930 886 982 ἀλλ’
912 931 1298 986 ἐπανίστανται
1337 934 1393 987 αἱ
1424 935 1520 1004 τῆς
1551 936 1751 1006 σαρκὸς
1781 935 1962 1007 ἡδοναί
1985 951 1999 966 ·
2032 935 2092 987 οῦ

519 1019 671 1090 {282]
703 1021 995 1090 πολεμοῦσι
1042 1023 1292 1094 τύραννοι
1325 1024 1417 1077 καὶ
1450 1024 1715 1094 βασιλεῖς,
1743 1026 1879 1080 ἀλλὰ
1937 1026 2094 1079 πολε·

522 1113 613 1180 μεῖ
631 1110 823 1180 θυμὸς,
841 1113 1141 1178 κενοδοξίας
1163 1113 1319 1184 ἔρως,
1341 1115 1552 1184 φθόνος,
1581 1116 1894 1186 βασκανίαι,
1919 1117 2012 1168 καὶ
2024 1115 2092 1168 τά

521 1194 692 1264 μυρία
719 1197 818 1266 τῆς
837 1195 1015 1266 ψυχῆς
1037 1197 1206 1266 πάθη.
1245 1199 1398 1251 Ἐπεὶ
1419 1195 1512 1253 οὖν
1529 1199 1752 1252 ἐκείνων
1770 1200 1878 1252 τῶν
1902 1217 1990 1251 πει
1999 1217 2094 1270 ρα-

521 1285 674 1355 σμῶν
704 1288 1126 1359 ἀπηλλάγμεθα,
1157 1290 1361 1344 τούτων
1393 1291 1832 1364 περιγενώμεθα.
1866 1293 1965 1345 Διά
1986 1292 2094 1363 γὰρ

518 1375 676 1428 τοῦτο
692 1377 970 1448 ἀνέμνησα
987 1380 1132 1449 ὑμᾶς
1144 1380 1252 1433 τῶν
1271 1381 1479 1452 καιρῶν
1494 1383 1718 1436 ἐκείνων
1731 1383 1798 1436 τὰ
1811 1383 2043 1452 προσοχο
2053 1381 2095 1433 ί-

521 1465 723 1535 σματα,
761 1468 846 1519 ἵνα
876 1469 970 1521 καὶ
997 1470 1024 1522 6
1070 1469 1127 1521 ἐν
1176 1470 1354 1539 θλίψει
1388 1471 1482 1524 νῦν
1515 1471 1613 1534 ὢν,
1657 1473 1850 1543 ἱκανὴν
1885 1472 2094 1525 ἐκεῖθεν

519 1555 771 1628 λαμϐάνῃ
800 1558 1163 1631 παράκλησιν,
1183 1563 1276 1614 καὶ
1298 1563 1326 1612 ό
1352 1562 1553 1633 πολλῆς
1576 1563 1864 1618 ἀπολαύων
1888 1564 2091 1627 ἀδείας,

517 1646 638 1698 ἀντὶ
692 1648 789 1718 τῆς
848 1650 1102 1721 ἀτεχνίας
1143 1652 1251 1705 τῶν
1306 1653 1568 1708 κινδύνων
1613 1655 1840 1710 ἐκείνων
1892 1655 2094 1726 πολλὴν

519 1737 711 1811 εἰσάξῃ
737 1739 1045 1811 προθυμίαν
1073 1745 1150 1806 εἰς
1178 1744 1276 1815 τὴν
1304 1746 1411 1799 τῶν
1437 1747 1656 1800 ἀτόπων
1679 1748 1957 1818 λογισμῶν
1988 1749 2092 1818 μά-

519 1843 642 1896 χην.
679 1827 773 1892 El;
809 1829 919 1900 γὰρ
957 1833 1230 1904 ἡμετέραν
1273 1835 1555 1889 νουθεσίαν
1607 1838 1701 1890 καὶ
1748 1838 2096 1909 παράκλησιν

521 1919 614 1970 καὶ
649 1919 924 1992 ὑπομονὴν
958 1922 1137 1976 πάντα
1181 1926 1369 1980 ἐκεῖνα
1397 1927 1698 1997 ἐγράφετο·
1747 1928 1891 2000 άπερ
1936 1931 2098 1998 ἀναγ-

519 2013 672 2064 καῖον
685 2011 778 2065 νῦν
795 2014 929 2084 πρὸς
941 2015 970 2066 ύ
979 2017 1086 2084 μᾶς
1099 2017 1293 2080 εἰπεῖν,
1319 2019 1412 2071 καὶ
1441 2019 1647 2085 διδάξαι
1663 2021 1722 2074 τὸ
1747 2021 1975 2090 μέγεθος
1988 2022 2096 2075 τῶν

518 2102 640 2155 τότε
674 2105 798 2168 τοὺς
833 2109 1060 2170 πιστοὺς
1091 2111 1530 2180 περιεστηκότων
1557 2111 1745 2164 δεινῶν
1766 2152 1780 2176 ,
1814 2113 1934 2182 οὐχὶ
1971 2115 2096 2177 τοῦς

517 2193 872 2258 διδασκάλους
923 2197 1082 2266 μόνον
1103 2240 1115 2262 ,
1150 2198 1285 2252 ἀλλὰ
1318 2200 1411 2252 καὶ
1440 2200 1566 2263 τοὺς
1598 2201 1867 2272 μαθητάς.
1902 2204 2097 2256 Ἀκου-

521 2301 612 2336 σον
665 2285 794 2353 γοῦν
846 2285 898 2339 τί
949 2305 1114 2356 φησιν
1165 2290 1192 2342 6
1239 2290 1450 2354 Παῦλος
1493 2293 1720 2361 γράφων
1792 2292 2092 2364 Ἐϐραίοιςο

533 2379 1079 2448 Ἄιισίιμιμνήσκεσθε
1128 2373 1231 2448 τὰς
1271 2383 1560 2452 προτέρας
1596 2383 1851 2453 ἡμέρας,
1895 2386 1966 2439 ἐν
2001 2384 2096 2453 αἷς

519 2470 916 2538 φωτισθέντες
947 2474 1192 2541 πολλὴν
1227 2476 1488 2542 ἄθλησιν
1525 2479 1880 2546 ὑπεμείνατε
1904 2482 2096 2546 παθη-

519 2560 740 2627 μάτων.
790 2562 924 2614 Ούδέ
954 2563 1062 2635 γάρ
1098 2565 1302 2636 βραχὺς
1327 2567 1597 2636 διεγένετο
1624 2567 1812 2638 χρόνος
1831 2608 1847 2633 ,
1878 2569 1996 2622 ἀλλ’
2039 2570 2097 2622 ἐν

519 2652 704 2714 αὐτοῖς
746 2653 909 2717 εὐθὺς
940 2658 1052 2718 τοῖς
1103 2657 1414 2727 προοιμίοις
1444 2659 1544 2728 τῆς
1594 2661 1953 2730 κατηχήσεως
2005 2662 2099 2714 καὶ

521 2741 620 2812 τῆς
649 2741 999 2808 διδασκαλίας
1031 2747 1406 2816 ἐπανέστησαν
1436 2749 1620 2813 αὐτοῖς
1652 2752 1966 2822 πειρασμοὶ,
2004 2751 2098 2804 καὶ

525 2832 912 2902 βαπτισθέντες
970 2837 1174 2902 εὐθέως
1225 2839 1596 2894 ἐκινδύνευονο
1659 2843 1711 2895 τί
1773 2843 2096 2914 πάσχοντες,

523 2925 687 2980 ἄκουε
708 2944 722 2957 ·
763 2928 945 2984 Τοῦτο
981 2928 1098 2998 μὲν
1117 2971 1130 2994 ,
1166 2931 1528 3001 ὀνειδισμοῖς
1561 2933 1659 2987 καί
1687 2936 1935 3003 θλίψεσι
1969 2939 2100 2990 θεα-

525 3016 866 3088 τριζόμενοι.
919 3020 1127 3085 Πάντες
1163 3023 1271 3094 γὰρ
1305 3023 1594 3090 ἐνέπτυον,
1645 3025 1901 3098 ὕϐριζον,
1938 3045 2100 3081 κατε-

525 3108 699 3174 γέλων
719 3151 732 3174 ,
772 3110 1097 3181 ἐχλεύαζον,
1136 3117 1352 3185 μωροὺς
1383 3116 1646 3183 ἐκάλουν,
1694 3118 1984 3190 ἀνοήτους,
2019 3123 2099 3175 ὃτι

524 3198 624 3270 τῆς
671 3201 928 3272 πατρῴας
963 3204 1298 3270 ἀποστάντες
1331 3208 1640 3273 πολιτείας,
1693 3210 1879 3264 καινὸν
1925 3211 2100 3283 δόγμα

526 3296 898 3362 κατεδέξαντο.
945 3299 1023 3352 ού
1076 3301 1272 3371 μικρὸν
1315 3302 1374 3354 δέ
1403 3301 1561 3355 τοῦτο
1597 3303 1732 3374 πρὸς
1762 3303 1824 3356 16
1849 3321 2100 3375 παρασα-

524 3388 714 3442 λεῦσαι
761 3390 969 3462 ψυχὴν,
1017 3392 1112 3445 ἐὰν
1159 3393 1232 3464 μὴ
1278 3391 1624 3465 ἐρριζωμένη
1657 3396 1798 3448 κατά
1842 3396 2100 3468 βάθουςή

526 3480 710 3544 πίστις
873 3484 981 3535 Καὶ
1011 3483 1121 3554 γὰρ
1167 3485 1318 3538 οῦδὲν
1368 3485 1513 3540 οὕτω
1563 3486 1751 3540 δάκνει
1794 3487 1992 3559 ψυχὴν,
2027 3492 2102 3554 ὡς

524 3569 754 3632 ὄνειδος’
788 3571 942 3624 οὐδὲν
989 3571 1134 3624 οῦτω
1177 3573 1334 3642 τήκει
1381 3573 1557 3644 ψυχήν
1590 3575 1685 3627 καὶ
1717 3575 1986 3643 διάνοιαν,
2029 3580 2103 3643 ὡς

529 3659 839 3729 σκώμματα
890 3661 986 3715 καὶ
1017 3660 1306 3732 λοιδορίαι·
1339 3662 1524 3716 πολλοὶ
1571 3664 1680 3737 γὰρ
1714 3667 1972 3732 πολλάκις
2005 3670 2102 3724 ἄν-

525 3752 651 3844 δρες
699 3752 1168 3844 ύπεσκελίσθησαν
1196 3753 1596 3824 ὀνειδιζόμενοι.
1633 3757 1820 3812 Ταῦτα
1858 3760 1914 3811 δέ
1961 3761 2105 3832 λέγω

527 3840 658 3908 νῦν,
705 3842 791 3896 ἵνα
838 3844 896 3896 ἐν
937 3840 1222 3915 παρρησία
1268 3844 1367 3916 τὴν
1402 3845 1583 3899 πίστιν
1623 3846 1856 3919 ἔχωμεν.
1906 3851 1967 3904 Et
1997 3853 2105 3925 γάρ

528 3932 686 4000 τότε,
734 3935 824 3988 ὅτε
876 3936 1024 3988 πᾶσα
1068 3936 1251 3999 αὐτοῖς
1300 3935 1574 4001 ὠνείδιζεν
1625 3940 1948 4011 οἰκουμένη,
2006 3945 2106 4015 οὐχ

530 4024 1032 4097 ὑπεσκελίσθησαν,
1073 4025 1251 4097 πολλῷ
1295 4027 1496 4098 μᾶλλον
1527 4029 1622 4082 νῦν
1652 4031 1709 4082 ἐν
1744 4033 2022 4107 παρρησίᾳ
2046 4037 2108 4090 16

529 4117 792 4188 κήρυγμα
817 4119 918 4190 τῆς
957 4118 1216 4189 ἀληθείας
1248 4118 1393 4190 ἔχειν
1422 4119 1533 4185 δεῖ,
1560 4122 1651 4176 ὅτε
1685 4125 1836 4179 πᾶσα
1867 4127 1898 4196 ή
1927 4129 2107 4182 οἰκου-

532 4208 670 4280 μένη
715 4208 852 4280 πρὸς
898 4209 1044 4279 ἡμᾶς
1071 4209 1423 4279 μετετάξατο.
1445 4209 1566 4264 Ὅτι
1595 4211 1650 4263 δὲ
1679 4213 1739 4264 οὐ
1780 4215 1939 4285 μέχρι
1975 4233 2106 4270 κατε

529 4300 761 4371 ηγορίας
795 4299 890 4353 καὶ
925 4299 1251 4371 ὀνειδισμῶν
1291 4302 1388 4355 καὶ
1421 4301 1693 4374 λοιδορίας
1725 4304 1943 4359 ἵσταντο
1971 4309 2108 4362 ἐκεῖ·

531 4409 610 4445 νοι
631 4432 646 4455 ,
687 4390 825 4446 ἀλλὰ
853 4392 946 4446 καὶ
979 4391 1196 4463 ἔχαιρον
1229 4393 1279 4446 οἱ
1307 4392 1480 4448 ταῦτα
1507 4395 1809 4466 πάσχοντες
1827 4438 1843 4462 ,
1875 4401 2107 4456 ἄκουσον

529 4482 638 4538 τῶν
664 4483 814 4554 ἑξῆς.
851 4484 964 4538 Καὶ
993 4484 1102 4554 γὰρ
1124 4483 1243 4553 ’τὴν
1262 4485 1548 4554 ἁρπαγὴν
1574 4487 1693 4541 τῶν
1715 4491 2108 4560 ὑπαρχόντων

531 4572 728 4641 ὑμῶν,
767 4574 938 4645 φησι,
967 4573 1116 4644 μετά
1155 4574 1345 4644 χαρᾶς
1401 4577 1874 4644 προσεδέξασθε.
1944 4583 2105 4656 Ὁρᾷς

530 4664 613 4716 ὅτι
639 4664 734 4716 καὶ
759 4665 816 4716 αί
844 4664 1025 4718 οὐσίαι
1046 4664 1236 4718 αὐτῶν
1269 4666 1596 4738 ἐδημεύοντο
1625 4669 1686 4723 16
1716 4671 1972 4737 παλαιὸν,
2014 4677 2108 4730 καὶ

535 4754 700 4807 πᾶσιν
755 4754 836 4818 είς
886 4755 1148 4826 ἁρπαγὴν
1205 4756 1526 4826 προέκειντο
1587 4763 1699 4824 τοῖς
1763 4761 2106 4834 βουλομένοις

531 4844 886 4914 ἐπηρεάζειν.
932 4846 1042 4900 Καὶ
1084 4846 1257 4902 ταῦτα
1305 4847 1410 4919 μὲν
1460 4849 1737 4921 Ἑϐραίοις
1777 4853 2107 4913 ἐπιστέλλων

533 4936 708 5007 ἔλεγε.

603 5035 666 5085 ε’.
697 5028 1152 5095 Θεσσαλονικεῦσι
1170 5029 1227 5084 δέ
1244 5030 1404 5102 ἕτερα
1421 5031 1646 5086 τοιαῦτα
1663 5040 1933 5106 μαρτυρεῖ
1949 5037 2108 5091 πάλιν

533 5119 708 5190 λέγων
729 5137 742 5151 ⁸
787 5120 984 5191 Ὑμεῖς
1010 5121 1119 5191 γὰρ
1140 5123 1408 5191 μιμηταὶ,
1439 5123 1622 5194 φησὶν,
1657 5125 1977 5197 ἐγενήθητε
2003 5129 2107 5184 τοῦ

538 5213 756 5282 Κηρίου
785 5212 884 5266 καὶ
916 5211 1118 5283 ἡμῶν,
1157 5214 1470 5284 δεξάμενοι
1501 5215 1608 5268 τὸν
1633 5219 1820 5288 λόγον
1867 5220 1938 5273 ἐν
1977 5221 2106 5277 0di-

535 5309 636 5375 ψει
664 5309 822 5359 πονῑλ
834 5305 884 5374 ᾗ.
922 5307 1064 5378 Ὅρα
1092 5307 1185 5360 καὶ
1228 5306 1451 5371 τούτους
1485 5307 1864 5379 θλιϐομένους,
1894 5312 1987 5365 καὶ
2011 5315 2108 5384 οὐχ

535 5399 753 5464 ἁπλῶς,
790 5399 905 5453 ἀλλ’
951 5401 1011 5454 ἐν
1042 5398 1220 5470 θλίψει
1268 5400 1459 5472 πολλῇ.
1505 5403 1639 5456 Μετ’
1671 5403 1974 5469 ἐπιτάσεως
2002 5407 2107 5479 γάρ

531 5482 602 5559 ἦν
626 5502 652 5530 ι
678 5492 706 5544 6
742 5490 1044 5560 πειρασμὸς
1065 5532 1077 5555 ,
1113 5491 1370 5560 διηνεκὴς
1400 5493 1427 5545 6
1457 5492 1727 5558 κίνδυνος,
1760 5494 1881 5548 οὐδέ
1918 5495 2108 5567 μικρὸν

536 5578 871 5638 ἀναπνεῦσαι
899 5582 1155 5653 παρέχων
1185 5582 1298 5643 τοῖς
1327 5580 1748 5652 ἀγωνιζομένοις
1775 5583 1912 5640 τότε.
1971 5585 2107 5639 Ἀλλ’

599 5711 624 5744 ε
656 5711 786 5770 Haec,
804 5715 893 5781 γὰρ
916 5715 988 5776 ἢν,
1015 5717 1194 5766 desunt
1215 5718 1263 5766 in
1290 5713 1476 5766 duobus
1501 5730 1614 5765 mss.

1211 291 1266 350 S.
1307 293 1593 350 JOANNIS
1631 292 2116 350 CIIRYSOSTOMI
2156 291 2472 348 ARCHIEP.
2514 287 3060 347 CONSTANTINOP.

3658 275 3757 332 296

2191 416 2340 486 ὅμως
2371 415 2464 468 καὶ
2496 413 2668 468 ταῦτα
2721 411 3017 482 πάσχοντες
3059 407 3158 461 οὐκ
3200 406 3604 477 ἐδυσχέραινον,
3643 410 3758 460 οὐδὲ

2190 506 2629 568 ἀπεδυσπέτουν,
2699 502 2835 556 ἀλλά
2893 499 3092 570 μᾶλλον
3143 499 3237 550 καὶ
3295 497 3532 567 ἔχαιρον.
3592 497 3759 550 Πόθεν

2190 598 2347 652 τοῦτο
2374 596 2566 667 δῆλονς
2611 594 2730 648 Ἀπ’
2761 591 2940 646 αὐτῶν
2969 590 3076 644 τῶν
3105 589 3196 643 τοῦ
3227 589 3439 641 Παῦὲου
3467 587 3755 658 ῥημάτων·

2191 687 2362 741 εἰπὼν
2405 686 2546 759 γὰρ,
2595 686 2690 738 Ἐν
2731 684 2931 752 θλίψει
2960 679 3198 748 πολλῇ,
3247 677 3576 750 προσέθηκε,
3605 679 3759 732 Μετὰ

2192 777 2380 850 χαρᾶς
2442 779 2788 847 Πνεύματος
2832 776 3034 845 ἁγίου·
3080 771 3254 842 δηλῶν
3299 772 3378 824 ὃτι
3427 772 3475 822 οί
3521 769 3618 839 μὲν
3648 786 3759 824 πει·

2197 869 2399 942 ρασμοὶ
2417 869 2517 942 τὴν
2543 868 2718 937 θλίψιν
2743 867 2978 930 ἐποίουν,
3005 866 3038 935 ή
3063 864 3118 917 δὲ
3142 864 3248 916 τῶν
3275 863 3598 934 πειρασμῶν
3629 862 3760 914 ὑπό-

2194 960 2343 1024 θεσις
2371 959 2469 1031 τὴν
2493 959 2667 1031 χαράν
2697 958 2880 1021 αὐτοῖς
2910 956 3140 1011 ἔτικτεν.
3173 956 3371 1025 Ἤρκει
3405 959 3512 1024 γάρ
3543 956 3621 1016 εἰς
3655 971 3758 1006 πα-

2199 1052 2469 1124 ραμυθίαν
2497 1051 2558 1104 16
2583 1050 2873 1104 συνειδέναι
2905 1049 3150 1111 ἑαυτοῖς,
3198 1049 3279 1100 ὅτι
3331 1045 3503 1099 ταῦτα
3546 1045 3633 1098 διὰ
3672 1045 3758 1097 τὸν

2193 1147 2428 1217 Χριστὸν
2456 1143 2605 1217 [285]
2655 1145 2910 1214 ἔπασχον.
2953 1141 3097 1194 Διότι
3139 1141 3282 1210 οὐχι)
3319 1138 3460 1192 οὕτω
3503 1138 3758 1208 θαυμάζω

2193 1239 2320 1301 τοὺς
2345 1238 2502 1302 τότε,
2540 1237 2623 1290 ὅτι
2659 1235 2957 1299 ἐθλίϐοντο,
2999 1233 3075 1295 ὡς
3121 1230 3416 1302 θαυμάζω,
3451 1231 3532 1283 ὅτι
3587 1229 3757 1282 θλιϐό-

2200 1347 2349 1400 μενοι
2375 1331 2462 1383 διά
2492 1330 2582 1382 τὸν
2609 1327 2740 1382 Θεὸν
2779 1327 3014 1398 ἔχαιρον.
3043 1325 3214 1379 Τοῦτο
3239 1324 3349 1393 γὰρ
3379 1321 3634 1390 γενναίας
3670 1321 3759 1373 καὶ

2196 1420 2445 1490 φιλοθέου
2475 1419 2652 1489 ψυχῆς
2672 1459 2686 1481 ,
2719 1417 2782 1472 16
2819 1415 3094 1469 θλίϐεσθαι
3143 1416 3237 1468 καὶ
3274 1414 3461 1475 κακῶς
3495 1412 3721 1480 πάσχειν
3743 1428 3755 1440 ·

2195 1513 2256 1566 16
2284 1513 2338 1565 δέ
2365 1512 2627 1580 γενναίως
2654 1511 2841 1582 φέρειν
2865 1509 2955 1563 τὸν
2981 1506 3302 1578 πειρασμὸν,
3329 1510 3424 1558 καὶ
3451 1503 3528 1575 τῷ
3559 1521 3761 1572 συγχω-

2199 1605 2379 1675 ροῦντι
2411 1605 2524 1667 τὰς,
2539 1603 2746 1672 θλίψεις
2773 1602 3145 1672 εὐχαριστεῖν,
3180 1597 3337 1650 τοῦτο
3379 1597 3638 1666 μεγίστης
3672 1595 3759 1646 ἀν-

2195 1697 2378 1766 δρείας
2401 1736 2415 1760 ,
2446 1695 2603 1749 τοῦτο
2629 1691 3058 1763 διεγηγερμένης
3089 1689 3270 1759 ψυχῆς
3298 1688 3391 1740 καὶ
3416 1686 3524 1739 τῶν
3559 1685 3762 1755 ἀνθρω-

2199 1786 2369 1840 πίνων
2398 1785 2830 1856 ἀπηλλαγμένης
2856 1782 3129 1837 ἁπάντων.

2267 1900 2380 1953 Οὐκ
2413 1897 2645 1951 ἐνταῦθα
2681 1898 2737 1950 δέ
2764 1897 2952 1966 μόνον,
2987 1893 3121 1948 ἀλλά
3162 1893 3252 1946 καὶ
3309 1889 3534 1962 ἑτέρωθι
3567 1888 3759 1958 δηλῶν,

2196 1994 2294 2045 ὅσα
2329 1991 2566 2060 ἔπασχον
2593 1989 2643 2042 οί
2676 1986 3023 2049 πιστεύοντες
3045 1985 3165 2038 τότε
3201 1984 3348 2036 κακά
3375 1980 3527 2051 παρά
3552 1979 3659 2032 τῶν
3689 1979 3764 2031 ol-

2199 2083 2360 2136 κείων
2388 2081 2480 2134 καὶ
2502 2078 2781 2148 συγγενῶν
2807 2079 2824 2147 (
2847 2077 3003 2130 τοῦτο
3023 2075 3131 2146 γὰρ
3152 2071 3218 2145 ἦν
3243 2074 3303 2126 τὸ
3326 2069 3706 2142 χαλεπώτατον
3723 2068 3760 2136 ),

2198 2173 2396 2228 οὑτωσί
2422 2173 2539 2235 πώς
2569 2189 2733 2241 φησιν
2753 2187 2767 2201 ο
2812 2169 3010 2238 ’Υμεῖς
3033 2168 3140 2238 γὰρ
3151 2163 3394 2236 μιμηταί
3424 2160 3764 2231 ἐγενήθητε,

2198 2264 2478 2334 ἀδελφοί,
2513 2263 2633 2317 τῶν
2677 2257 3053 2328 Ἐκκλησιῶν
3096 2258 3201 2311 τοῦ
3232 2255 3380 2311 Θεοῦ
3421 2253 3537 2307 τῶν
3564 2250 3763 2306 οὐσῶν

2198 2354 2269 2407 ἐν
2296 2353 2370 2421 τῇ
2432 2351 2698 2418 Ἰουδαίᾳ.
2735 2349 2893 2404 Κατά
2939 2348 2991 2401 τί
3020 2346 3288 2418 μιμηταί;
3323 2346 3443 2397 Ὅτι
3471 2341 3566 2396 καί
3605 2339 3768 2410 ὑμεῖς

2201 2446 2271 2500 τὰ
2315 2446 2467 2499 αὐτὰ
2510 2441 2757 2497 ἐπάθετε
2802 2439 2921 2495 ἀπὸ
2970 2438 3088 2492 τῶν
3134 2435 3299 2489 ἰδίων
3332 2430 3764 2503 συμφυλετῶν,

2199 2537 2393 2602 καθὼς
2435 2534 2537 2588 καὶ
2577 2533 2748 2587 αὐτοὶ
2799 2531 2914 2585 ὑπὸ
2956 2529 3074 2584 τῶν
3129 2528 3453 2584 Ἰουδαίων.
3507 2525 3638 2577 Ἰδοὺ
3678 2521 3770 2576 καὶ

2200 2627 2465 2696 πόλεμος,
2497 2624 2634 2679 ἀλλά
2655 2623 2748 2676 καὶ
2778 2623 3012 2692 πόλεμος
3046 2619 3336 2690 ἐμφύλιος,
3367 2616 3395 2668 6
3427 2614 3598 2686 μείζω
3631 2613 3774 2664 ποιεῖ

2199 2720 2295 2791 τὴν
2317 2718 2528 2786 ὀδύνην.
2565 2717 2633 2769 Εἰ
2664 2715 2772 2784 γὰρ
2796 2713 3007 2782 ἐχθρὸς
3029 2709 3299 2764 ὠνείδισέ
3326 2726 3431 2778 με,
3463 2705 3773 2773 ὑπήνεγκα

2199 2811 2296 2877 ἂν,
2329 2809 2460 2881 φησί
2483 2825 2498 2839 °
2528 2807 2611 2861 σὺ
2639 2805 2736 2870 δὲ,
2771 2806 3043 2873 ἄνθρωπε
3069 2804 3360 2870 ἰσόψυχε,
3390 2797 3625 2868 ἡγεμών
3653 2812 3771 2864 μου

2200 2903 2299 2958 καί
2335 2899 2565 2972 γνωστέ
2598 2915 2749 2969 μουο
2780 2899 2916 2967 ὅπερ
2938 2895 3059 2949 τότε
3093 2893 3375 2947 συνέϐαινε
3409 2887 3768 2961 συμϐολικῶς.

2202 2997 2293 3050 Διὸ
2323 2995 2415 3047 καὶ
2445 2992 2647 3063 πολλῆς
2669 2990 2878 3043 ἐδέοντο
2904 2987 3004 3057 τῆς
3033 2983 3450 3056 παρακλήσεως.
3480 2982 3654 3050 Ὅπερ
3680 2976 3774 3030 οῦν

2203 3087 2296 3140 κα)¹
2325 3084 2534 3148 Παῦλος
2565 3080 2826 3153 συνορῶν,
2849 3079 2942 3132 καὶ
2968 3079 3094 3141 τοὺς
3119 3076 3210 3130 ὑπ’
3237 3074 3386 3146 αὐτῷ
3413 3071 3771 3142 ταττομένους

2205 3177 2416 3250 βλέπων
2453 3176 2760 3246 κάμνοντας
2804 3171 2899 3226 καὶ
2933 3168 3244 3241 ίδροῦντας,
3278 3163 3671 3238 βαρυνομένους
3695 3161 3774 3231 τῷ

2205 3269 2422 3342 μεγέθει
2468 3267 2576 3320 τῶν
2606 3262 2899 3336 συμφορῶν
2946 3261 3039 3314 καὶ
3067 3250 3186 3325 ταῖς
3221 3257 3544 3326 ἐπαλλήλοις
3577 3254 3773 3306 ὀδυνω-

2207 3365 2404 3433 μένους
2432 3357 2700 3428 πληγαῖς,
2743 3355 3097 3425 πολυτρόπως
3142 3350 3320 3404 αὐτῶν
3359 3347 3663 3415 διανίστησι
3707 3341 3774 3394 τὰ

2203 3453 2556 3525 φρονήματα,
2605 3449 2700 3502 νῦν
2750 3447 2849 3518 μὲν
2878 3446 3084 3514 λέγων,
3136 3444 3321 3511 Εἴπερ
3343 3441 3578 3495 δίκαιον
3617 3434 3776 3503 παρὰ

2205 3545 2328 3610 Θεῷ
2375 3540 2820 3598 ἀνταποδοῦναι
2851 3537 2975 3602 τοῖς
3008 3535 3321 3590 θλίϐουσιν
3348 3529 3502 3601 ὑμᾶς
3530 3529 3775 3596 θλίψιν,

2203 3635 2303 3690 καί
2331 3633 2473 3704 ὑμῖν
2502 3631 2624 3698 τοῖς
2657 3627 3029 3698 θλιϐομένοις
3057 3624 3270 3678 ἄνεσιν
3301 3623 3429 3692 μεθ’
3459 3618 3650 3689 ἡμῶν’
3677 3615 3775 3667 νῦν

2202 3729 2259 3782 δὲ
2297 3727 2470 3796 λέγων
2490 3765 2504 3789 ,
2551 3724 2603 3776 '0
2633 3723 2848 3789 Κύριος
2873 3718 3071 3788 ἐγγὺς,
3089 3715 3284 3787 μηδὲν
3305 3710 3651 3784 μεριμνᾶτε·
3682 3709 3775 3761 καὶ

2205 3820 2396 3883 πάλιν,
2461 3816 2559 3884 Μὴ
2615 3813 2956 3878 ἀποϐάλητε
3007 3809 3122 3877 τὴν
3178 3805 3522 3875 παρρησίαν
3574 3799 3772 3870 ὑμῶν·

2210 3909 2517 3982 ὑπομονῆς
2569 3906 2677 3978 γὰρ
2720 3905 2890 3974 ἔχετε
2919 3900 3156 3971 χρείαν,
3183 3899 3286 3951 ἵνα
3322 3896 3387 3949 τὸ
3419 3895 3648 3963 θέλημα
3671 3891 3776 3944 τοῦ

2207 4005 2357 4060 Θεοῦ
2411 4001 2804 4067 ποιήσαντες,
2850 3993 3184 4063 κομίσησθε
3235 3988 3350 4054 τὴν
3394 3983 3773 4053 ﬁcum-alim".

2207 4092 2344 4149 Εἶτα
2387 4093 2520 4164 πρὸς
2556 4090 2656 4160 τήν
2699 4083 2975 4155 ὑπομονὴν
3011 4081 3249 4150 ἀλείφων
3293 4077 3519 4140 αὐτοὺς,
3560 4073 3784 4140 ἐπάγειο

2211 4189 2340 4240 Ἔτι
2381 4184 2490 4252 γὰρ
2514 4178 2727 4252 μικρὸν
2765 4177 2946 4239 ὅσον,
2979 4175 3162 4236 ὅσον,
3201 4174 3234 4225 ό
3263 4170 3584 4238 ἐρχόμενος
3615 4165 3776 4232 ἥξει,

2209 4279 2304 4333 καὶ
2334 4279 2406 4331 οὐ
2436 4270 2683 4344 χρονιεῖ.
2713 4271 2824 4323 Καὶ
2848 4268 3100 4336 καθάπερ
3127 4263 3336 4318 παιδίον
3359 4257 3775 4330 κλαυθμυρίζον.

2206 4367 2590 4437 δυσχεραῖνον,
2617 4361 2714 4414 καὶ
2756 4360 2850 4428 τὴν
2894 4355 3106 4428 μητέρα
3157 4349 3455 4420 ἐπιζητοῦν
3497 4345 3780 4437 παρακαθ-

2207 4434 2406 4530 ήμενός
2433 4471 2515 4533 τις
2547 4449 2948 4521 παραμυθεῖται
2971 4445 3144 4514 λέγων
3162 4482 3176 4508 ,
3197 4446 3413 4501 ὃτιἜτι
3431 4437 3627 4533 μικρδν
3657 4434 3781 4488 ἀνά-

2211 4564 2411 4621 μεινον,
2441 4526 2548 4598 ’καὶ
2578 4540 2947 4608 ἀπαντήσεται
2974 4535 3190 4597 πάντως
3219 4535 3252 4605 ή
3282 4533 3493 4604 μήτηρ·
3528 4526 3670 4581 οὕτω
3688 4525 3784 4578 καὶ

2207 4616 2418 4700 Παῦλος
2461 4633 2600 4704 ὁρῶν
2645 4626 3202 4698 δυσανασχετοῦντας,
3248 4621 3631 4696 ὀδυρομένους,
3684 4616 3784 4686 τήν

2207 4726 2509 4801 παρουσίαν
2549 4718 2936 4790 ἐπιζητοῦντας
2973 4715 3068 4768 τοῦ
3115 4713 3350 4786 Χριστοῦ
3383 4713 3504 4773 τοὺς
3536 4708 3658 4762 τότε
3692 4723 3782 4758 πι-

2207 4797 2494 4877 στεύοντας
2530 4812 2619 4866 διὰ
2661 4811 2758 4882 τὴν
2805 4810 3076 4880 ἀφόρητον
3101 4806 3207 4860 τῶν
3238 4801 3422 4858 κακῶν
3451 4797 3779 4868 ἐπαγωγὴν,

2206 4906 2697 4984 παραμυθούμενος
2725 4901 2909 4960 ἔλεγεν
2928 4916 2942 4930 ·
2980 4899 3100 4952 Ἔτι
3122 4895 3340 4965 μικρὸν
3384 4893 3535 4946 ὅσον
3553 4933 3567 4958 ν
3598 4890 3782 4954 ὅσον,

2205 5007 2238 5059 ό
2267 5001 2598 5071 ἐρχόμενος
2623 4993 2778 5062 ἥξει,
2814 4991 2912 5046 καί
2945 4991 3017 5044 οὺ
3054 4985 3296 5059 χρονιεῖ.

2281 5121 2355 5181 ς’.
2389 5114 2511 5166 Ὅτι
2547 5107 2647 5180 μὲν
2680 5102 2772 5161 οὖν
2817 5105 2866 5158 οἱ
2901 5100 3143 5175 μαθηταὶ
3171 5099 3463 5154 ἐθλίϐοντο.
3494 5095 3590 5148 καὶ
3614 5093 3787 5164 μυρία

2207 5209 2442 5278 ἔπασχον
2469 5200 2617 5260 δεινὰ
2635 5241 2650 5266 ,
2700 5199 2793 5254 καὶ
2821 5196 3069 5266 καθάπερ
3092 5193 3151 5246 ἐν
3183 5190 3367 5262 μέσοις
3394 5183 3784 5278 ἐπειλημμένοι

2207 5274 2392 5361 λύκοίς
2431 5297 2627 5368 ἄρνες,
2671 5289 2815 5345 οὕτω
2862 5285 3126 5342 πάντοθεν
3173 5282 3500 5354 ἠλαύνοντο,
3533 5277 3688 5346 δῆλον
3719 5274 3786 5325 ἐκ

2210 5393 2446 5447 τούτων·
2504 5387 2592 5440 ἵνα
2638 5385 2696 5438 δέ
2753 5383 2930 5454 μάθῃς
2987 5382 3068 5435 ὅτι
3111 5377 3204 5432 καὶ
3253 5377 3301 5428 οἱ
3345 5370 3653 5428 διδάσκοι).οι
3685 5368 3787 5420 οῦκ

2211 5485 2468 5540 ἐλάττονα
2514 5477 2750 5540 τούτων,
2782 5473 2920 5528 ἀλλά
2947 5472 3041 5526 καὶ
3063 5467 3247 5539 πολλῷ
3277 5463 3630 5538 χαλεπώτερα
3662 5460 3786 5512 τότε

2211 5578 2478 5648 ὑπέμενον
2554 5572 2664 5638 ὅσῳ
2689 5568 2796 5639 γὰρ
2827 5566 3089 5639 μειζόνως
3133 5561 3364 5617 ἐλύπουν
3400 5559 3522 5620 τοὺς
3560 5553 3788 5626 ἐχθροὺς

2276 5725 2304 5767 ι
2331 5723 2426 5775 Αἶἱί
2449 5719 2608 5782 διόπερ
2631 5717 2736 5780 οὐχ.
