4082 6212
348 322 456 379 293

350 437 644 493 incolumes
682 433 792 506 jam
841 448 934 504 per
982 433 1150 487 otium
1199 444 1258 485 se
1305 427 1574 484 reﬁciunt.
1602 425 1940 496 Quapropter

349 544 522 599 neque
562 535 780 598 propter
822 526 1014 580 bonam
1059 521 1271 578 vivendi
1297 519 1558 575 rationem
1589 516 1945 581 extollantur,

345 633 521 689 neque
547 616 930 672 tentationibus
963 612 1237 677 cedamus,
1260 627 1434 684 neque
1459 610 1744 668 securitate
1768 607 1950 664 Eccle-

346 711 439 764 sia:
459 718 698 764 nostram
724 707 792 761 ad
822 705 1102 776 segnitiem
1126 703 1415 759 abutamur
1443 720 1458 756 :
1491 701 1620 773 quin
1653 701 1830 772 potius
1853 714 1943 754 so.

347 799 449 855 brii
483 799 650 854 simus
687 812 752 852 ac
787 796 1090 866 vigilemus.
1115 793 1246 850 Nam
1275 794 1430 849 nobis
1459 807 1671 864 quoque
1694 803 1778 846 est
1803 791 1943 844 lucta

345 889 602 945 adversus
625 889 834 943 innatas
855 885 1338 956 concupiscentias.
1367 883 1484 939 Non
1506 884 1788 954 insurgunt
1809 897 1946 938 con-

350 990 426 1035 tra
455 994 553 1034 nos
581 978 829 1034 homines
852 1019 868 1046 ,
895 976 988 1033 sed
1016 977 1302 1048 insurgunt
1329 976 1574 1032 carnales
1601 975 1942 1045 voluptates;

348 1086 455 1127 non
503 1072 816 1141 impugnant
855 1084 954 1124 nos
993 1083 1149 1140 rcges
1174 1068 1569 1140 atque-tyranni
1595 1106 1611 1132 ,
1644 1066 1736 1121 sed
1768 1067 1943 1136 impu-

347 1173 476 1234 gnat
515 1163 594 1219 ira
619 1203 634 1226 ,
671 1177 823 1217 vana:
861 1161 1045 1232 gloria:
1088 1160 1318 1230 cupido,
1365 1159 1600 1225 invidia,
1640 1158 1943 1223 aemulatio,

349 1260 509 1323 atque
554 1252 607 1307 Id
652 1266 824 1322 genus
862 1251 952 1306 alii
981 1249 1202 1306 aﬂ‘ectus
1229 1250 1514 1306 innumeri.
1541 1247 1764 1316 Quando
1786 1249 1946 1320 igitur

352 1345 470 1400 illas
512 1343 834 1398 tentationes
872 1342 1142 1398 evasimus
1159 1383 1176 1410 ,
1220 1357 1291 1398 ne
1316 1341 1384 1397 ab
1410 1341 1492 1396 bis
1511 1341 1788 1396 vincamur
1811 1354 1943 1410 ope-

353 1451 467 1490 ram
509 1433 719 1492 demus.
763 1432 889 1489 ideo
927 1434 1070 1488 enim
1098 1432 1250 1488 vobis
1277 1432 1328 1487 in
1358 1432 1671 1487 memoriam
1698 1431 1944 1487 revocavi

352 1525 494 1579 illius
529 1525 787 1594 temporis
811 1524 1145 1579 calamitates
1169 1565 1183 1588 ,
1214 1533 1270 1579 ut
1297 1538 1439 1579 nunc
1462 1533 1518 1580 et
1539 1523 1628 1594 qui
1655 1521 1908 1592 affligitur
1926 1561 1943 1587 ,

352 1614 596 1670 idoneam
640 1613 766 1670 inde
802 1623 1159 1685 consequatur
1195 1615 1651 1682 consolationem,
1693 1623 1748 1670 et
1773 1615 1862 1685 qui
1889 1613 1941 1668 in

351 1705 636 1760 securitate
688 1705 826 1776 agit,
867 1714 1052 1778 utpote
1099 1721 1204 1761 non
1241 1709 1565 1763 exercitatus
1607 1722 1734 1762 acre
1757 1717 1942 1762 contra

351 1795 609 1852 absurdas
635 1797 984 1867 cogitationes
1007 1808 1276 1855 certamen
1303 1801 1944 1872 suscipiat'.Pi-opteruo-

353 1898 519 1944 stram
557 1890 702 1945 enim
741 1889 1161 1947 admonitionem
1191 1900 1246 1947 et
1268 1893 1686 1948 consolationem
1716 1907 1779 1946 ac
1805 1892 1941 1947 tole-

353 1979 582 2035 rantiam
605 1980 694 2036 illa
722 1983 902 2037 omnia
929 1992 1053 2038 sunt
1071 1984 1272 2054 scripta
1303 2001 1316 2039 :
1343 2000 1463 2056 quae
1486 1984 1701 2055 quidem
1724 1999 1944 2040 necesse

353 2071 612 2129 habemus
647 2089 788 2130 nunc
826 2074 968 2146 apud
1006 2091 1104 2132 vos
1141 2077 1356 2148 eloqui,
1397 2086 1454 2133 et
1491 2077 1690 2133 docere
1732 2078 1946 2147 quantis

350 2164 762 2223 adversitatibus
789 2167 905 2237 ejus
933 2169 1189 2240 temporis
1208 2170 1392 2225 ﬁdeles
1406 2169 1610 2224 obsessi
1624 2169 1818 2225 fuerint
1838 2184 1942 2223 non

349 2255 596 2313 doctores
639 2259 854 2324 solum,
897 2261 1246 2316 verumetiam
1301 2259 1570 2331 discipuli.
1617 2261 1753 2317 Audi
1787 2261 1946 2330 igitur

348 2350 478 2420 quid
524 2351 667 2407 dicat
713 2352 907 2407 Paulus
947 2352 1014 2408 ad
1059 2353 1310 2408 llebraaos
1355 2354 1598 2410 scribens
1635 2372 1649 2408 :
1697 2353 1945 2408 Mentorea

348 2451 510 2498 estote
530 2443 759 2514 priorum
780 2444 996 2511 dierum,
1024 2445 1078 2499 in
1106 2444 1285 2515 quibus
1310 2446 1585 2500 illuminati
1609 2446 1818 2500 multant
1837 2463 1946 2501 cer-

351 2543 521 2589 tamen
543 2536 879 2606 afﬂictionum
894 2537 1202 2592 sustinuistis
1223 2537 1402 2608 (Hebr.
1427 2537 1512 2593 10.
1535 2537 1649 2606 32).
1673 2537 1787 2592 Νοη
1803 2539 1944 2595 enim

353 2641 451 2696 per
470 2625 634 2683 breve
666 2637 876 2699 tempus
895 2669 910 2694 ,
941 2629 1038 2685 sed
1059 2644 1184 2685 mox
1215 2630 1284 2685 ab
1305 2631 1420 2701 ipso
1444 2632 1665 2688 exordio
1691 2633 1947 2703 prtedica-

353 2719 516 2776 tionis
557 2729 614 2777 et
651 2721 911 2778 doctrina:
949 2723 1350 2780 insurrexerunt
1373 2725 1633 2781 adversus
1653 2741 1747 2782 eos
1769 2735 1947 2782 tenta~

355 2810 561 2876 tiones,
602 2819 658 2868 et
700 2828 822 2867 mox
868 2827 899 2868 a
940 2823 1192 2886 suscepto
1227 2816 1492 2887 baptismo
1517 2819 1771 2889 periculis
1794 2827 1948 2875 erant

354 2901 578 2957 obnoxii
608 2918 623 2957 :
651 2911 707 2957 at
726 2904 999 2974 quomodo
1021 2906 1146 2962 audi
1173 2924 1187 2960 :
1215 2906 1516 2978 Opprobriis
1543 2919 1590 2963 et
1610 2911 1950 2964 tribulationi-

353 2991 444 3049 bus
469 2994 809 3063 spectaculum
827 2995 950 3066 facti
979 2996 1086 3066 (Ib.
1115 3012 1162 3052 υ.
1191 2998 1308 3070 33).
1329 2999 1529 3054 Omnes
1555 3001 1698 3054 enim
1720 3001 1950 3071 despue-

356 3082 485 3140 bant
507 3099 635 3153 eos,
665 3087 1008 3143 contumeliis
1045 3087 1384 3156 afﬁciebant,
1431 3090 1774 3156 deridebant.
1806 3093 1947 3146 vitu-

355 3175 649 3244 perabant,
695 3176 868 3232 fatuos
906 3177 1170 3234 vocabant
1215 3194 1280 3235 ac
1309 3180 1615 3237 insensatos
1636 3223 1652 3248 ,
1683 3183 1824 3253 quod
1850 3183 1947 3239 de-

356 3278 500 3323 serta
542 3269 712 3338 patria
750 3268 958 3324 vivendi
998 3269 1254 3338 formula,
1287 3286 1424 3328 nova
1448 3273 1639 3342 placita
1677 3277 1948 3344 suscepis-

357 3367 498 3415 sent.
539 3359 672 3426 Qua:
708 3360 925 3431 quidem
957 3377 1063 3416 non
1093 3377 1280 3433 parum
1309 3363 1490 3419 valent
1515 3365 1582 3418 ad
1607 3379 1951 3420 commoven-

331 3450 482 3506 ‘dam
520 3453 788 3517 animam,
832 3451 885 3507 ni
926 3451 1062 3508 ﬁdes
1107 3453 1368 3524 profunde
1407 3455 1476 3510 sit
1518 3455 1772 3512 radieata.
1810 3458 1948 3514 Nihil

357 3543 501 3598 enim
540 3560 693 3616 teque
728 3545 962 3600 animam
995 3545 1236 3611 mordet,
1266 3562 1330 3602 ac
1361 3547 1784 3620 improperium;
1819 3549 1949 3604 nihil

358 3648 512 3704 atque
536 3635 781 3690 tabcfacit
807 3644 1042 3692 mentem
1063 3677 1079 3702 ,
1108 3651 1171 3692 ac
1195 3636 1415 3693 dicteria
1441 3648 1496 3694 et
1520 3640 1760 3694 convicia
1791 3656 1803 3692 :
1827 3655 1949 3695 nam

361 3725 516 3781 multi
549 3726 648 3780 viri
688 3742 785 3796 per
827 3729 1067 3782 convicia
1094 3736 1218 3783 sunt
1245 3744 1388 3799 saape
1412 3730 1676 3786 subversi.
1707 3731 1833 3786 lhec
1852 3747 1952 3787 au-

363 3827 469 3870 tem
508 3816 694 3886 loquor
721 3834 895 3883 nunc,
928 3829 984 3872 ut
1014 3834 1135 3873 cum
1161 3820 1348 3874 ﬁducia
1381 3821 1536 3876 ﬁdem
1566 3833 1866 3879 teneamus.
1894 3825 1949 3880 Si

359 3908 504 3963 enim
553 3908 626 3962 illi
678 3910 840 3962 totius
880 3909 1028 3964 orbis
1065 3910 1308 3966 convicio
1345 3925 1452 3965 non
1498 3921 1619 3966 sunt
1670 3914 1952 3982 subversi,

362 4002 532 4057 multo
553 4002 724 4072 magis
748 4010 928 4057 nostra
957 4011 1112 4059 actate
1141 4003 1274 4059 ﬁdes
1301 4019 1492 4074 magna
1521 4005 1844 4060 conﬁdentia
1871 4022 1952 4062 re—

363 4095 579 4152 tinenda
609 4105 692 4151 est
711 4139 725 4160 ,
749 4095 964 4166 quando
997 4104 1138 4152 totus
1163 4097 1310 4154 orbis
1334 4097 1399 4152 ad
1425 4107 1634 4153 nostras
1660 4107 1842 4169 partes
1868 4115 1957 4156 ac-

363 4186 544 4242 cessit.
573 4186 724 4254 Quod
752 4198 928 4243 autem
961 4188 1033 4243 illi
1066 4203 1170 4244 non
1201 4188 1338 4244 intra
1369 4190 1664 4245 calumnias
1683 4199 1884 4246 tantum
1903 4201 1958 4247 et

362 4277 648 4347 opprobria
677 4279 1025 4350 Conviciaque
1046 4280 1354 4349 patientiam
1377 4283 1692 4338 retinuerint
1712 4325 1726 4347 ,
1750 4283 1843 4338 sed
1869 4283 1955 4338 illa

364 4383 487 4423 cum
515 4369 706 4439 gaudio
730 4370 1092 4436 toleraverint,
1126 4371 1248 4426 audi
1269 4387 1388 4443 qua:
1409 4383 1725 4444 sequuntur.
1756 4373 1889 4429 Nam
1910 4385 1956 4430 et

365 4460 725 4530 direptionem,
770 4461 939 4531 inquit
959 4505 971 4522 .
1004 4462 1302 4531 facultatunt
1331 4473 1604 4517 vestrarum
1629 4482 1743 4519 cum
1770 4467 1956 4536 gaudio

368 4553 642 4625 pertulistis
669 4552 774 4626 (Ib.
803 4570 831 4608 υ
882 4553 994 4626 3i).
1025 4553 1190 4610 Vides
1217 4555 1359 4625 quod
1380 4564 1433 4610 et
1461 4556 1596 4611 bona
1619 4572 1803 4611 eorum
1823 4572 1955 4612 ron-

369 4644 693 4706 ﬁscabantur
733 4646 859 4702 olim
887 4688 901 4711 ,
943 4656 997 4701 et
1029 4641 1280 4702 omnibus
1311 4647 1363 4702 in
1393 4647 1627 4718 praedam
1653 4657 1837 4715 erant,
1866 4651 1956 4720 qui

366 4750 461 4791 eos
485 4735 679 4791 laedere
700 4747 980 4807 cuperent.
1015 4739 1186 4807 Atque
1219 4738 1332 4791 haec
1359 4738 1574 4808 quidem
1608 4740 1670 4794 z-d
1706 4741 1958 4797 llehrmus

367 4827 571 4883 scribit.

438 4920 494 4974 5.
556 4919 631 4976 De
693 4919 1260 4974 Thessalonicensibus
1328 4935 1455 4974 vero
1528 4937 1738 4976 rursum
1807 4920 1956 4977 aliud

365 5010 618 5082 quiddam
680 5012 783 5067 tale
845 5020 1130 5066 testatur:
1193 5008 1292 5064 Vos
1340 5014 1510 5074 enim,
1577 5011 1780 5082 inquit,
1839 5013 1956 5065 imi-

370 5113 554 5157 tatores
605 5101 731 5173 facti
772 5103 891 5156 estis
949 5101 1154 5155 Domini
1200 5117 1260 5155 ac
1308 5101 1488 5166 nostri,
1542 5103 1630 5170 qni
1673 5104 1960 5174 suscepistis

367 5209 646 5258 sermonem
674 5193 807 5250 hunc
833 5196 886 5247 in
907 5193 1227 5246 tribulatione
1251 5209 1436 5264 magna
1478 5191 1554 5265 (l.
1586 5191 1762 5249 Thess.
1793 5196 1842 5252 l.
1876 5195 1955 5264 6).

370 5285 505 5341 Vide
538 5285 698 5343 etiam
751 5285 850 5343 hos
901 5285 1101 5355 afﬂigi,
1151 5299 1323 5354 neque
1367 5283 1418 5338 id
1464 5285 1811 5353 simpliciter,
1863 5287 1958 5342 sed

369 5377 664 5432 afﬂictione
711 5391 922 5447 magna.
981 5375 1286 5434 Vehemens
1336 5379 1590 5442 tentatio,
1648 5379 1958 5439 continuum

371 5470 668 5541 periculum
713 5485 814 5524 nee
861 5468 1135 5526 minimam
1183 5469 1398 5540 quidem
1450 5470 1750 5540 reSpirandi
1789 5469 1960 5525 facul-

373 5573 535 5618 tatem
583 5560 909 5617 concedebat
952 5561 1064 5627 eis,
1119 5561 1208 5632 qui
1266 5568 1393 5616 tunc
1436 5562 1691 5632 temporis
1743 5561 1795 5618 in
1843 5576 1961 5616 cer-

375 5654 576 5709 tamine
627 5663 799 5708 erant.
841 5655 1090 5710 Attamen
1143 5669 1264 5708 cum
1319 5652 1434 5707 haec
1480 5653 1803 5719 tolerarent,
1856 5669 1960 5708 non

383 5750 563 5817 inique
599 5747 858 5812 ferebant,
912 5763 1083 5817 neque
1127 5750 1362 5802 annuum
1402 5745 1821 5817 deapflﬂdCllﬂlll,
1856 5747 1962 5801 into

877 321 970 377 DE
998 316 1247 377 VERBIS
1285 311 1640 380 APOSTOLI,
1681 307 2040 368 IIABEN'I‘ES
2077 305 2169 366 EU
2183 305 2375 364 MDEM
2411 304 2754 364 SPIRITUM.
2801 301 2886 361 Ill.

3530 313 3638 367 294

2051 419 2355 491 gaudebant
2404 419 2586 476 etiam.
2653 417 2809 476 Unde
2854 419 2955 474 hoc
3011 418 3278 490 apparet?
3334 419 3411 475 Es
3463 422 3636 478 verbis

2055 512 2222 584 ipsius
2262 513 2430 568 Pauli.
2467 511 2566 568 Ubi
2600 512 2741 566 enim
2773 510 2911 565 dixit
2943 528 2955 563 :
2988 509 3052 564 In
3087 511 3406 565 tribulatione
3432 529 3638 585 magna,

2051 605 2274 671 addidit,
2293 605 2417 660 Cum
2436 605 2622 676 gaudio
2645 604 2868 675 Spiritus
2887 607 3046 657 sancti
3062 605 3138 674 (Ι.
3163 602 3341 658 Thess.
3363 605 3415 658 Ι.
3433 604 3488 662 6)
3505 643 3519 665 ,
3535 610 3640 658 sci-

2054 696 2174 751 licet
2200 696 2422 752 tentatio
2446 695 2680 766 pariebat
2721 695 3086 760 afﬂictionem,
3124 694 3424 764 gaudebant
3463 703 3639 749 tamen

2053 798 2360 860 reputantes
2387 805 2552 859 quare
2583 798 2934 844 tentarentur.
2963 786 3156 842 ldonca
3185 789 3328 842 enim
3365 797 3480 842 erat
3507 803 3639 843 con-

2051 884 2271 949 solatio,
2302 883 2442 954 qnod
2463 883 2662 938 conscii
2688 892 2867 937 essent
2891 892 3104 952 propter
3135 883 3405 938 Christum
3441 898 3500 939 se
3527 883 3643 939 bare

2053 977 2180 1044 pati.
2205 985 2527 1046 quapropter
2565 991 2670 1030 non
2716 987 2819 1030 tam
2859 975 3094 1031 demiror
3119 975 3260 1046 quod
3288 976 3377 1031 illo
3403 985 3643 1048 tempore

2051 1068 2449 1137 afﬂigerentur,
2499 1085 2658 1138 quam
2716 1069 2858 1138 quod
2905 1068 3064 1138 afﬂigi
3107 1084 3166 1124 se
3207 1079 3426 1140 propter
3474 1070 3640 1125 Deum

2053 1157 2375 1214 lzrtarentnr.
2431 1161 2542 1214 Hoc
2582 1161 2722 1215 enim
2773 1176 3050 1230 generosae
3091 1175 3152 1215 ac
3205 1159 3374 1216 Deum
3410 1162 3640 1216 amantis

2050 1250 2243 1305 anima:
2285 1251 2519 1307 officium
2574 1261 2676 1321 est,
2725 1253 2974 1307 nimirum
3021 1252 3340 1308 alﬂictioncs
3367 1262 3420 1308 et
3447 1253 3641 1309 adver-

2047 1343 2234 1397 sitates
2262 1342 2416 1399 ferre.
2437 1345 2700 1399 Caeterum
2727 1359 2986 1414 generose
3013 1346 3244 1401 tolerare
3269 1345 3638 1410 tentationem,

2049 1443 2210 1505 atque
2263 1437 2482 1506 insuper
2514 1438 2714 1508 gratias
2759 1453 2918 1508 agere
2969 1438 3040 1503 ei,
3089 1437 3178 1508 qui
3211 1452 3269 1492 se
3297 1438 3488 1492 tentari
3517 1453 3641 1507 per-

2052 1526 2232 1591 mittit,
2284 1527 2335 1581 id
2388 1527 2603 1583 demum
2651 1543 2876 1582 summa:
2927 1527 3250 1583 fortitudinis
3286 1537 3388 1593 est,
3419 1528 3642 1582 animm-

2049 1635 2152 1688 que
2184 1619 2464 1688 vigilantis,
2511 1630 2566 1676 et
2611 1636 2729 1690 qua:
2776 1620 3027 1674 omnibus
3066 1619 3315 1674 humanis
3361 1619 3642 1675 affectibus

2049 1713 2116 1766 sit
2159 1713 2420 1782 superior.

2119 1803 2163 1855 Α
2229 1803 2567 1873 familiaribus
2621 1814 2665 1857 et
2729 1803 3024 1873 prapinquis
3099 1803 3267 1856 vexati
3336 1802 3631 1857 Christiani.

2048 1891 2252 1947 -—Nec
2292 1893 2376 1948 hic
2433 1902 2680 1958 tantum,
2752 1893 2846 1948 sed
2900 1904 2949 1948 et
3000 1893 3123 1946 alibi
3189 1891 3390 1947 docens
3449 1903 3642 1963 quanta

2051 1984 2187 2036 mala
2222 1993 2530 2054 paterentur
2557 1985 2675 2056 ejus
2703 1987 2958 2057 temporis
2990 1985 3176 2041 ﬁdeles
3213 2000 3244 2039 a
3296 1984 3644 2041 familiaribus

2049 2088 2111 2128 ac
2151 2076 2462 2146 propinquis
2499 2078 2624 2148 (hoc
2651 2078 2794 2133 enim
2822 2088 2936 2134 erat
2964 2077 3380 2148 gravissimum),
3416 2078 3468 2132 in
3499 2077 3640 2134 hunc

2050 2163 2268 2219 modum
2298 2165 2534 2235 loquitur
2566 2186 2584 2222 :
2621 2166 2722 2223 Vos
2763 2169 3040 2222 imitatores
3087 2169 3257 2240 fuistis
3299 2167 3642 2222 Ecclesiarnm

2052 2253 2176 2321 Dei,
2244 2271 2358 2325 qua:
2401 2267 2516 2310 sunt
2567 2259 2619 2312 in
2663 2258 2869 2312 .Iudtea.
2938 2257 3053 2326 Qua
3103 2259 3153 2313 in
3200 2274 3261 2313 re
3313 2259 3642 2314 imitatores?

2053 2347 2303 2411 Quoniam
2345 2358 2393 2402 et
2440 2365 2524 2404 vos
2565 2349 2741 2403 eadem
2788 2351 2906 2404 estis
2931 2351 3153 2420 perpessi
3201 2367 3232 2403 a
3277 2353 3496 2422 prapriis
3517 2365 3642 2404 con-

2050 2439 2355 2505 tribulibus,
2417 2441 2545 2495 sicut
2595 2451 2641 2496 et
2683 2443 2763 2496 illi
2803 2458 2836 2496 a
2888 2441 3087 2497 Iudaeis
3151 2441 3333 2515 (Ibid.
3385 2444 3440 2499 2.
3509 2446 3638 2516 ll).

2052 2531 2195 2588 Ecce
2246 2533 2478 2599 bellum,
2533 2533 2626 2589 scd
2683 2534 2878 2589 bellum
2935 2536 3124 2600 civile,
3181 2535 3325 2605 quod
3387 2537 3642 2607 majorem

2052 2625 2177 2680 facit
2216 2625 2655 2695 indignationem.
2717 2625 2779 2681 Si
2825 2631 2958 2680 enim
3011 2627 3246 2681 inimicus
3294 2629 3643 2698 exprobrasset

2052 2718 2194 2783 mihi,
2219 2719 2406 2789 inquit,
2440 2719 2786 2774 sustinuissent
2817 2720 3006 2788 utique.
3039 2719 3116 2774 Tu
3151 2737 3287 2784 vero,
3334 2722 3484 2776 homo
3516 2739 3642 2776 una-

2053 2811 2222 2877 nimis,
2279 2811 2385 2864 dna:
2415 2829 2551 2866 mens
2593 2823 2639 2866 et
2683 2822 2834 2866 notus
2872 2828 3010 2866 meus
3032 2810 3254 2884 (Psalm.
3294 2814 3383 2870 54.
3415 2815 3643 2888 13.“);

2053 2900 2104 2954 id
2171 2900 2312 2971 quod
2381 2912 2489 2955 tum
2557 2902 2608 2956 in
2683 2901 2848 2972 ﬁgura
2905 2903 3267 2974 contingebat.
3312 2905 3645 2976 Quapropter

2053 2991 2218 3046 multa
2267 3007 2401 3061 opus
2460 2990 2724 3048 habebant
2787 2995 3174 3050 consolatione.
3226 2995 3377 3064 Quod
3431 2998 3643 3068 quidem

2059 3084 2250 3140 Paulus
2301 3099 2424 3140 cum
2468 3084 2703 3151 videret,
2753 3101 2956 3156 eosque
3001 3087 3091 3157 qni
3140 3087 3206 3141 ad
3253 3103 3405 3142 suam
3459 3105 3640 3144 curam

2055 3176 2393 3247 pertinebant
2465 3176 2710 3232 laborare
2776 3192 2840 3232 ac
2903 3177 3096 3233 sudare
3159 3179 3643 3243 animadverteret,

2006 3327 2010 3330 ,
2054 3267 2195 3338 quod
2257 3267 2463 3338 magnis
2518 3268 2908 3323 calamitatibus
2961 3280 3332 3339 gravarentur,
3402 3280 3458 3327 et
3513 3272 3644 3327 alias

2054 3374 2214 3430 super
2255 3360 2386 3415 alias
2442 3359 2622 3430 plagas
2677 3376 2820 3432 argrc
2861 3361 3226 3429 sustinerent,
3295 3363 3415 3420 vide
3483 3380 3642 3434 quam

2056 3451 2217 3507 variis
2264 3451 2437 3508 modis
2480 3453 2690 3507 animos
2734 3467 2920 3508 eorum
2971 3454 3200 3519 excitet,
3247 3470 3386 3509 nunc
3429 3455 3644 3526 quidem

2058 3543 2141 3598 Itis
2179 3544 2356 3600 verbis
2408 3562 2422 3599 :
2479 3545 2543 3599 Si
2589 3543 2791 3615 quidem
2834 3545 3026 3612 instant
3064 3556 3136 3600 est
3179 3546 3320 3616 apud
3369 3545 3528 3601 Deum
3576 3565 3646 3601 re-

2057 3634 2273 3690 tribuere
2314 3635 2669 3690 tribnlantibus
2712 3650 2801 3690 vos
2843 3637 3236 3701 tribulationem,
3283 3647 3330 3691 et
3374 3637 3510 3693 vobis
3561 3641 3648 3710 qui

2057 3725 2386 3790 tribulamini,
2447 3727 2669 3796 requiem
2740 3727 2999 3780 nobiseum
3055 3725 3128 3798 (2.
3172 3725 3350 3781 Thess.
3385 3727 3434 3782 Ι.
3468 3727 3522 3783 6.
3551 3730 3644 3801 7):

2058 3833 2200 3872 nunc
2246 3833 2374 3872 vero
2419 3818 2503 3871 his
2545 3836 2559 3873 :
2599 3816 2850 3871 Dominus
2889 3835 3047 3888 pmpe
3089 3828 3204 3880 est,
3253 3819 3381 3872 nihil
3438 3821 3645 3875 solliciti

2057 3909 2166 3962 sitis
2216 3907 2471 3977 (Philipp.
2503 3909 2556 3962 4.
2603 3910 2655 3964 5.
2698 3910 2772 3977 6).
2805 3911 2882 3962 Ac
2919 3925 3152 3972 rursum,
3204 3907 3381 3964 Nolite
3421 3912 3649 3968 amittere

2059 3998 2413 4067 conﬁdentiam
2464 4009 2681 4052 vestram
2708 4015 2726 4053 :
2759 4017 2877 4053 nam
2913 4001 3156 4071 patientia
3185 4018 3312 4070 opus
3341 4003 3550 4070 habetis,
3596 4017 3648 4060 ut

2065 4090 2156 4144 Dei
2224 4091 2529 4144 voluntatem
2600 4092 2870 4164 facientes,
2943 4095 3206 4164 reportetis
3269 4097 3648 4164 promissionem

2060 4182 2249 4252 (Hebr.
2303 4183 2388 4239 l0.
2430 4184 2520 4239 33.
2572 4183 2684 4257 36).
2718 4185 2917 4241 Deinde
2955 4185 3021 4240 ad
3059 4187 3366 4256 patientiam
3397 4204 3490 4244 eos
3513 4205 3649 4246 con-

2063 4272 2282 4328 firmans
2306 4273 2568 4330 subinfert
2599 4291 2614 4329 :
2643 4273 2821 4328 Adhuc
2850 4276 2983 4329 enim
3013 4277 3264 4330 modicum
3281 4278 3648 4346 aliquantulo»:

2058 4367 2146 4436 qui
2193 4377 2429 4422 venturus
2474 4376 2544 4422 est
2596 4368 2775 4434 veniet,
2801 4378 2846 4422 et
2877 4384 2976 4422 non
3011 4368 3228 4423 tardabit
3269 4368 3428 4441 (Ibid.
3453 4388 3500 4426 υ.
3529 4372 3646 4445 37).

2060 4457 2209 4514 Sicut
2275 4460 2556 4530 puerulum
2630 4460 2966 4530 plorantem,
3052 4461 3275 4515 moleste
3353 4465 3646 4527 ferentem.

2064 4562 2392 4621 matremque
2440 4565 2588 4606 suam
2641 4551 3022 4622 requirentem,
3067 4552 3309 4609 assidens
3346 4554 3536 4625 aliquis
3574 4557 3652 4614 sie

2061 4641 2368 4694 consolatur
2411 4658 2424 4694 :
2473 4640 2748 4711 Paulisper
2795 4641 2973 4696 adhuc
3013 4653 3288 4713 exspecta,
3335 4654 3392 4700 et
3432 4646 3652 4702 omnino

2066 4741 2151 4784 tua
2203 4739 2372 4786 mater
2425 4730 2597 4786 aderit
2647 4749 2660 4786 :
2713 4731 2783 4786 ita
2819 4733 2978 4788 etiam
3027 4733 3240 4798 Paulus,
3289 4735 3476 4791 videns
3511 4752 3654 4808 aegro

2065 4823 2319 4888 ferentes,
2373 4831 2804 4892 conquerentes,
2860 4823 3147 4879 adventum
3207 4825 3403 4881 Christi
3467 4836 3648 4895 re;ut-

2064 4926 2244 4971 rentes
2292 4916 2408 4984 ejus
2463 4917 2717 4986 temporis
2767 4916 2953 4972 ﬁdeles
2999 4928 3216 4988 propter
3260 4919 3647 4974 intolerabilem

2066 5008 2324 5060 malorum
2372 5009 2502 5070 vim,
2549 5008 2921 5063 consolaturus
2976 5008 3096 5064 illos
3143 5009 3271 5064 dicit
3299 5028 3312 5065 :
3343 5011 3519 5064 Adhuc
3545 5027 3651 5063 mo-

2065 5099 2231 5151 dicunt
2260 5099 2630 5170 aliquantulum
2656 5100 2744 5171 qui
2770 5111 3007 5156 venturus
3031 5110 3103 5156 est
3129 5103 3308 5170 veniet,
3348 5112 3394 5156 et
3423 5119 3522 5157 non
3554 5111 3658 5158 tar-

2064 5191 2222 5260 dabit.

2139 5286 2195 5340 6.
2241 5284 2483 5341 Doctores
2531 5286 2635 5357 ipsi
2686 5286 2888 5357 gravius
2933 5286 3134 5358 afflicti.
3176 5315 3244 5327 -—
3287 5283 3467 5356 Itaque
3515 5286 3656 5354 quod

2068 5379 2311 5450 discipuli
2354 5378 2736 5450 afﬂigerentur,
2781 5388 2835 5434 et
2879 5378 3105 5448 plurima
3150 5378 3286 5433 mala
3328 5385 3650 5445 patenutur,

2075 5481 2130 5526 et
2181 5471 2318 5528 sicut
2372 5471 2493 5541 agni
2551 5471 2603 5525 in
2665 5469 2844 5526 medio
2895 5469 3139 5539 luporum
3194 5467 3427 5538 undique
3475 5483 3654 5538 perse-

2075 5563 2387 5633 quutionem
2431 5562 2778 5627 sustinerent,
2826 5576 2923 5632 per
2972 5560 3086 5616 h.rc
3125 5560 3256 5615 satis
3296 5567 3548 5630 apparet;
3602 5579 3662 5623 ιιι

2076 5665 2252 5710 autem
2314 5653 2530 5719 sciatis,
2576 5655 2736 5710 etiam
2787 5653 3034 5708 doctores
3094 5667 3198 5708 non
3259 5651 3497 5714 minora,
3559 5651 3665 5704 imo

2082 5761 2211 5804 vero
2261 5746 2430 5802 multo
2475 5747 2719 5817 graviora
2777 5745 3094 5802 sustinuisse
3139 5745 3299 5817 (nam
3347 5758 3450 5814 quo
3494 5741 3664 5810 magis

456 5909 479 5936 ⁸
509 5902 633 5953 Vide
659 5901 788 5954 hunc
817 5904 976 5953 locum
1000 5902 1230 5958 secundis
1257 5904 1389 5958 curis
1412 5912 1729 5958 retractatum
1757 5903 1804 5958 in
1835 5907 2024 5956 Puefat.
2057 5904 2201 5965 hujus
2228 5905 2363 5964 tomi,
2387 5904 2482 5960 col.
2507 5901 2584 5957 ιι.
