4082 6212
488 308 591 363 2‘35

492 420 737 475 inimicos
759 416 1002 472 veritatis
1030 412 1434 475 contristabant,
1464 424 1529 465 eo
1558 408 1725 479 magis
1753 415 1809 463 et
1838 420 1868 461 a
1899 405 2067 476 pluri-

494 515 593 569 bus
648 504 1112 575 intentabantur).
1178 505 1279 558 hoc
1321 515 1531 571 quoque
1589 499 1658 553 ab
1702 496 1928 562 eodem,
1983 494 2073 566 qui

490 601 773 670 superiora
822 610 922 652 nos
976 595 1188 659 docuit,
1238 592 1535 648 amliemus.
1583 589 1872 646 Corinthiis
1933 587 2074 643 enim

491 692 752 758 scribens,
793 690 872 745 sic
916 688 1149 758 loquitur
1177 703 1191 738 :
1226 684 1436 739 Nemini
1463 682 1641 737 dantes
1662 680 1822 735 ullum
1848 678 2074 734 occasio-

496 801 631 849 nem,
678 791 734 836 ut
780 799 883 836 non
925 780 1234 851 vituperetur
1273 776 1604 830 ministerium
1654 782 1878 827 nostrum
1923 786 1942 825 :
1988 770 2076 824 sed

493 876 545 927 in
579 871 809 927 omnibus
855 870 1139 925 eatltibentes
1187 866 1548 936 nosmetipsos,
1600 864 1729 918 sicut
1766 861 1864 915 Dei
1924 860 2076 914 mini-

491 975 659 1031 stros,
681 964 735 1017 in
764 964 922 1018 multa
950 948 1211 1033 patientia,
1242 961 1294 1012 in
1324 955 1704 1028 afflictionibus,
1736 957 1787 1008 in
1810 953 2079 1007 necessita-

496 1056 656 1121 tibus,
684 1056 739 1109 in
763 1055 1028 1124 angustiis,
1056 1051 1108 1105 in
1139 1049 1322 1121 plagis,
1345 1049 1397 1101 in
1422 1046 1723 1111 carceribus,
1747 1047 1798 1099 in
1823 1042 2080 1098 seditioni-

494 1147 606 1212 bus,
627 1147 679 1200 in
701 1145 976 1210 laboribus,
1002 1142 1055 1195 in
1077 1140 1280 1212 vigiliis,
1309 1140 1360 1193 in
1377 1138 1593 1208 jejuniis
1621 1136 1697 1206 (2.
1719 1135 1835 1189 Cor.
1856 1134 1906 1188 6.
1927 1132 2073 1202 5-3).

500 1235 744 1290 Vidistin‘
791 1246 919 1305 qu0t
966 1232 1258 1288 certamina
1302 1227 1712 1290 enumeraverit,
1753 1239 1911 1295 quam
1957 1237 2077 1276 cre-

498 1327 621 1381 bras
648 1324 1004 1380 tentationes?
1050 1323 1279 1377 Rursum
1310 1317 1513 1375 eisdem
1537 1316 1801 1381 scribens,
1857 1313 2079 1368 Ministri

498 1420 684 1476 Christi
719 1425 857 1482 sunt,
902 1415 1091 1485 inquit,
1135 1422 1185 1466 ut
1228 1412 1391 1465 minus
1428 1410 1630 1480 sapiens
1659 1408 1794 1475 dico,
1843 1405 1955 1476 plus
1988 1421 2079 1476 ego

501 1512 575 1585 (2.
604 1510 722 1565 Cor.
756 1510 839 1564 ll.
870 1509 983 1578 ‘23).
1036 1505 1238 1561 Deinde
1290 1505 1473 1557 volens
1520 1501 1674 1557 nobis
1721 1499 2074 1571 persuadere,

499 1603 666 1657 multo
692 1599 1027 1670 praestantius
1057 1612 1175 1652 esse
1204 1604 1419 1666 propter
1438 1592 1709 1647 Christum
1734 1588 1895 1659 afﬂigi
1923 1604 2078 1659 quam

498 1693 735 1765 prodigia
767 1692 961 1755 facere,
991 1699 1041 1744 et
1069 1688 1433 1758 probationem
1461 1685 1704 1739 adferens
1730 1681 2077 1752 apostolatus,

497 1785 891 1853 ostendensque
939 1797 999 1836 se
1046 1779 1433 1852 prmlerendum
1486 1791 1605 1833 esse
1648 1775 1788 1842 aliis,
1821 1791 1924 1828 non
1953 1789 2082 1841 apo-

498 1875 673 1940 stolis,
718 1873 814 1928 sed
866 1869 1377 1942 pseudo-apostolis,
1428 1884 1533 1924 non
1569 1883 1600 1923 a
1659 1866 1926 1922 miraculis
1989 1879 2082 1934 per

499 1981 558 2021 se
599 1964 756 2021 editis
807 1970 1243 2034 argumentatur,
1313 1959 1407 2014 sed
1449 1975 1479 2012 a
1524 1957 1792 2014 continuis
1835 1954 2082 2025 periculis

500 2060 553 2115 in
596 2060 788 2129 quibus
841 2056 1171 2120 versabatur,
1218 2057 1268 2109 in
1317 2054 1460 2109 hunc
1510 2052 1726 2108 modum
1779 2053 2018 2107 scribens
2063 2065 2080 2104 :

500 2152 566 2207 In
621 2150 872 2227 laboribus
913 2148 1186 2218 capiosius,
1229 2149 1282 2202 in
1319 2146 1598 2202 verberibus
1647 2162 1803 2215 supra
1854 2144 2077 2209 modum,

497 2244 550 2296 in
603 2242 887 2296 carceribus
932 2236 1297 2305 abundantius,
1348 2239 1402 2293 in
1454 2238 1696 2291 mortibus
1750 2240 2078 2308 frequenter:

495 2350 531 2387 a
576 2333 775 2388 Judtcis
823 2333 1085 2403 quinquies
1131 2330 1482 2403 quadragenas
1529 2346 1631 2382 una
1677 2330 1845 2382 minus
1887 2327 2076 2397 accepi,

497 2436 572 2480 ter
613 2425 766 2496 virgis
817 2439 975 2478 canus
1021 2440 1152 2489 sum,
1202 2422 1354 2477 semel
1381 2421 1639 2490 lapidatus
1664 2436 1799 2487 sum,
1844 2430 1918 2473 ter
1947 2435 2076 2472 nau-

496 2519 717 2590 fragium
767 2516 882 2587 feci,
928 2526 1072 2570 nocte
1123 2531 1185 2569 ac
1234 2515 1315 2568 die
1356 2515 1410 2568 in
1463 2513 1714 2585 profundo
1753 2514 1832 2583 egi
1858 2528 1877 2566 :
1903 2513 1954 2566 in
1997 2513 2079 2566 iti-

496 2611 697 2664 neribus
739 2624 895 2679 stupe,
937 2608 990 2662 in
1039 2607 1275 2678 periculis
1310 2606 1601 2676 fluminum,
1649 2604 1882 2675 periculis
1922 2604 2082 2658 latro-

496 2716 618 2754 num
644 2740 661 2767 ,
733 2697 971 2768 periculis
1026 2713 1089 2752 ea:
1136 2712 1345 2767 genere,
1414 2695 1652 2766 periculis
1703 2711 1768 2750 ea:
1809 2694 2077 2766 gentibus,

496 2791 730 2862 periculis
776 2791 829 2843 in
864 2789 1102 2854 civitate,
1158 2785 1396 2858 periculis
1440 2787 1493 2839 in
1544 2786 1740 2841 deserto
1766 2827 1782 2852 ,
1842 2786 2081 2856 periculis

492 2885 549 2938 in
592 2883 722 2937 mari
744 2924 760 2949 ,
802 2881 1038 2952 periculis
1079 2881 1135 2934 in
1193 2879 1338 2950 falsis
1379 2878 1621 2951 fratribus
1668 2893 1688 2933 :
1730 2879 1784 2931 in
1823 2876 1995 2933 labore
2031 2886 2080 2932 et

495 2974 750 3040 nwlestia,
805 2974 859 3029 in
911 2972 1099 3043 vigiliis
1146 2987 1321 3043 saepe,
1376 2972 1430 3025 in
1482 2972 1616 3044 fume
1665 2980 1711 3023 et
1750 2970 1853 3034 siti,
1883 2970 1936 3024 in
1979 2969 2077 3041 fri-

493 3081 612 3136 gare
654 3074 700 3118 et
764 3063 1024 3131 nuditate,
1077 3072 1258 3132 praeter
1303 3059 1397 3115 illa
1443 3076 1556 3130 qua:
1605 3061 1912 3114 extrinsecus
1958 3069 2076 3115 sunt

493 3153 623 3225 (1b.
660 3154 727 3207 ad
772 3170 820 3208 υ.
860 3153 933 3209 28
955 3160 997 3226 f.
1046 3152 1110 3207 lli
1166 3159 1290 3206 sunt
1336 3150 1447 3205 veri
1507 3151 1833 3220 apostolatus
1887 3151 2076 3206 chara-

490 3252 682 3300 cteres.
717 3242 960 3314 Prodigia
983 3242 1243 3313 siquidem
1279 3249 1334 3296 et
1358 3241 1448 3295 alii
1489 3256 1633 3309 smpe
1657 3240 1933 3308 fecerunt,
1978 3257 2075 3296 nec

492 3338 571 3393 eis
609 3335 800 3390 fecisse
841 3332 1058 3404 profuit,
1108 3332 1205 3389 sed
1247 3341 1367 3403 post
1408 3332 1587 3387 omnia
1623 3333 1709 3387 illa
1737 3332 2072 3397 audiverunt,

490 3425 762 3490 Recedite,
832 3442 933 3478 non
977 3425 1092 3478 novi
1141 3440 1227 3478 vos
1283 3424 1368 3495 qui
1421 3423 1704 3492 operamini
1763 3423 2076 3493 iniquitatem

492 3517 707 3589 (Matth.
759 3517 814 3570 7.
856 3515 954 3584 ‘23)
984 3532 998 3568 :
1030 3530 1191 3569 nemo
1217 3529 1344 3569 vero
1374 3529 1560 3568 eorum
1602 3514 1693 3584 qui
1728 3513 1914 3569 eadem
1957 3530 2076 3584 qua:

491 3607 686 3661 l‘aulus
712 3620 1134 3661 commemorare
1163 3614 1406 3675 possunt,
1436 3618 1621 3659 vocem
1653 3605 1796 3660 illam
1826 3622 2071 3676 umquam

487 3706 574 3751 est
619 3695 897 3750 auditurus
943 3713 958 3750 :
1007 3710 1190 3750 verum
1242 3709 1364 3749 cum
1409 3709 1600 3764 magna
1647 3694 1838 3749 liducia
1883 3697 2072 3752 ca-lum

489 3786 848 3855 conscendet,
917 3785 1177 3857 bonisque
1228 3785 1528 3841 cmlestibus
1590 3787 1895 3857 perfruetur
1951 3788 2073 3843 uni-

487 3879 674 3935 versis.

559 3971 611 4024 τ.
652 3969 904 4025 Fortasse
945 3967 1207 4039 prolixior
1250 3967 1392 4023 visus
1439 3976 1524 4024 est
1565 3967 1717 4024 vobis
1755 3984 1933 4026 sermo
1976 3985 2073 4025 no-

485 4070 598 4117 ster
642 4078 655 4115 :
703 4059 796 4116 sed
836 4074 903 4113 ne
944 4058 1062 4115 sitis
1102 4057 1352 4125 solliciti;
1392 4073 1500 4114 non
1539 4075 1656 4114 sum
1702 4059 1900 4115 oblitus
1945 4076 2070 4130 pro-

486 4152 772 4218 missionis,
814 4149 909 4205 sed
949 4150 1126 4204 statim
1161 4149 1229 4204 ad
1274 4150 1418 4204 illam
1454 4159 1712 4205 revertar.
1744 4150 1868 4205 [lac
1891 4161 2069 4206 autem

486 4261 591 4300 non
655 4253 856 4299 temere
906 4242 1131 4313 longiori
1180 4242 1423 4299 oratione
1481 4245 1789 4313 prosequuti
1848 4258 2065 4312 sumus,

484 4336 577 4391 sed
616 4344 673 4388 ut
702 4334 973 4405 prolixiori
1002 4334 1283 4389 verborum
1329 4343 1585 4405 apparatu
1619 4335 1813 4390 certius
1852 4350 1916 4393 ac
1953 4337 2067 4391 cla-

483 4427 594 4480 rius
645 4424 941 4479 doctrinam
996 4435 1232 4478 nostram
1283 4424 1733 4493 approbarentus,
1804 4428 2067 4498 simulque

481 4514 796 4571 al'llictorunt
861 4515 1066 4569 animas
1126 4515 1554 4580 coiisolat'entur,
1610 4525 1668 4568 ut
1715 4526 1973 4586 quotquot
2011 4518 2064 4573 in

482 4610 727 4680 periculis
773 4617 1051 4663 versantur
1091 4615 1146 4662 et
1197 4608 1597 4675 tentatimiibus,
1637 4609 1879 4665 idoneam
1925 4613 2062 4665 nacti

481 4703 898 4757 consolationem
946 4700 1243 4767 discedant,
1298 4701 1527 4757 scientes
1571 4701 1710 4771 quod
1750 4703 1878 4757 socii
1917 4703 2061 4758 Pauli

481 4810 576 4866 per
608 4795 703 4848 bas
731 4793 1047 4848 alﬂictiones
1072 4791 1391 4859 efficiantur,
1435 4793 1543 4848 imo
1570 4809 1695 4847 vero
1720 4794 1886 4862 ipsius
1910 4793 2065 4850 Chri-

476 4897 545 4943 stt
596 4885 902 4956 angelorum
944 4884 1150 4939 Domini
1189 4900 1203 4937 :
1245 4884 1334 4955 qui
1360 4894 1539 4939 autem
1570 4883 1915 4940 afﬂictionum
1945 4887 2061 4956 ejus

477 4976 746 5049 particeps
796 4984 879 5032 est
912 4976 966 5031 in
1018 4975 1121 5030 hoc
1165 4974 1384 5041 steculo,
1427 4976 1481 5030 in
1516 4976 1608 5030 illo
1648 4974 1913 5047 particeps
1959 4978 2063 5033 erit

476 5079 636 5125 etlam
685 5067 901 5139 glorite;
973 5066 1049 5121 ait
1097 5066 1237 5122 enim
1282 5083 1298 5121 :
1339 5065 1399 5120 Si
1442 5066 1641 5137 quidem
1691 5070 2055 5139 compatimur,

477 5168 529 5212 ut
582 5168 629 5214 et
676 5158 1115 5231 conglori/icemur
1163 5155 1340 5228 (Rom.
1370 5157 1422 5213 8.
1457 5159 1577 5229 l7);
1621 5172 1685 5212 ac
1712 5174 1918 5213 rursum
1954 5176 1966 5212 :
1996 5159 2058 5214 Si

471 5252 798 5318 sustinemus,
839 5260 895 5304 ut
937 5236 1092 5307 simul
1118 5251 1270 5306 etiam
1294 5267 1556 5322 regnemus
1590 5249 1665 5322 (ἓ.
1694 5250 1828 5305 Tim.
1855 5251 1910 5305 2.
1940 5252 2051 5322 12).

471 5340 706 5401 Omnino
754 5343 897 5400 enim
942 5359 1162 5401 necesse
1216 5353 1333 5413 est,
1384 5353 1440 5400 ut
1486 5344 1720 5400 fidelium
1768 5360 1935 5416 genus
1970 5345 2053 5400 af-

469 5435 793 5494 ﬂictionibus
829 5445 1103 5508 prematur
1137 5455 1150 5491 :
1183 5436 1368 5511 Omnes
1409 5438 1539 5492 enim
1569 5438 1655 5510 qui
1689 5439 1859 5492 uolunt
1887 5439 1971 5509 pie
2000 5440 2051 5492 in

470 5527 669 5583 Christo
715 5528 894 5596 uiuere,
945 5530 1379 5601 persequutionem
1418 5530 1672 5600 patientur
1731 5530 1807 5597 (τὶ.
1839 5529 1969 5584 Tim.
1994 5532 2047 5585 5.

471 5616 598 5682 12);
644 5634 708 5674 ac
752 5636 1008 5677 rursum:
1040 5619 1181 5689 Fili,
1226 5622 1350 5677 dum
1392 5622 1587 5677 accedis
1629 5622 1697 5677 ad
1736 5623 2049 5678 serviendum

472 5704 723 5775 Domino,
775 5728 1007 5781 prtepara
1068 5715 1287 5768 animam
1351 5724 1485 5768 tuam
1546 5716 1611 5769 ad
1680 5722 2002 5770 tentattonem
2022 5732 2042 5780 ;

1230 298 1288 357 S.
1330 295 1606 355 JOANNIS
1645 288 2121 351 CllRYSOSTOill
2161 291 2476 350 .lRClllEP.
2521 293 3052 352 CONSTANTINOP.

3655 302 3755 361 296

2185 414 2317 461 recte
2360 410 2465 479 fac,
2516 417 2563 462 et
2600 423 2858 476 persevera
2910 407 3096 477 (Ecrli.
3130 407 3180 461 9..
3216 405 3285 477 l).
3329 406 3487 463 Bella:
3541 424 3762 478 pronus-

2182 495 2386 563 sioues,
2433 498 2610 553 Statim
2654 498 2721 553 ab
2769 498 2990 552 exordio
3037 498 3088 551 in
3134 499 3457 552 tentatioues
3488 498 3765 553 incidere?

2183 586 2392 657 egregia
2438 603 2564 642 vero
2612 588 2915 644 exhortatio
2949 598 3002 643 et
3041 589 3262 656 insignis
3311 588 3608 642 CttttSttlnllo
3651 591 3762 658 ejus

2183 678 2457 733 servitutis
2486 718 2502 743 ,
2558 679 2789 747 pericula
2849 677 3130 733 confestim
3186 679 3512 750 degustare?
3588 679 3762 733 Planze

2184 771 2396 841 egregia
2449 771 2604 826 simul
2657 780 2711 826 et
2763 771 3094 837 admiranda,
3136 779 3191 824 et
3241 769 3530 825 maximum
3564 772 3762 825 lucrum

2182 859 2450 916 adferens.
2508 862 2785 929 Quodnam
2844 862 3011 918 illud?
3059 862 3192 917 Audi
3245 877 3365 932 qua:
3414 873 3760 931 sequuntur:

2185 952 2329 1007 Sicut
2373 954 2505 1006 enim
2563 954 2618 1007 in
2669 954 2785 1025 igne
2832 953 3074 1025 probatur
3116 969 3334 1019 aurum,
3401 954 3473 1006 sic
3541 955 3763 1008 homines

2182 1048 2374 1115 ,ιστοριὶ
2403 1046 2452 1099 in
2480 1049 2686 1118 fornace
2713 1046 3000 1101 tentationis
3031 1045 3217 1117 (Eccli.
3261 1045 3317 1102 2.
3349 1045 3423 1116 ὃ).
3472 1046 3621 1114 Quod
3667 1063 3759 1100 au-

2186 1147 2290 1192 tem
2318 1138 2446 1193 dicit
2471 1140 2548 1193 sic
2571 1139 2756 1209 accipe
2795 1156 2811 1193 :
2843 1139 2979 1193 sicut
3015 1153 3204 1193 aurum
3248 1137 3369 1208 igne
3405 1137 3761 1193 examinatum

2187 1232 2372 1300 purius
2427 1231 2688 1294 redditur.
2757 1231 2868 1300 pari
2939 1229 3100 1286 modo
3155 1230 3313 1284 etiam
3362 1229 3574 1295 anima,
3646 1246 3760 1300 qua:

2187 1325 2328 1379 inter
2368 1323 2684 1379 afﬂictiones
2723 1332 2967 1378 versatur
3016 1337 3080 1377 ac
3133 1321 3396 1392 pericula,
3447 1321 3665 1377 hilarior
3705 1339 3763 1377 ac

2184 1417 2510 1488 splendidior
2557 1433 2652 1488 per
2691 1418 2779 1472 illa
2820 1417 3018 1483 evadit,
3070 1430 3391 1485 omnemque
3430 1425 3760 1484 peccatorum

2186 1511 2444 1566 maculam
2472 1511 2745 1581 abstergit.
2790 1510 2924 1566 llinc
2970 1519 3051 1565 est
3100 1508 3239 1577 quod
3269 1509 3332 1561 ad
3373 1508 3589 1562 divitem
3619 1508 3761 1560 illum

2185 1602 2394 1657 dicebat
2442 1601 2707 1656 Abraham
2761 1619 2776 1657 :
2824 1600 3054 1655 Lazarus
3096 1599 3279 1667 recepit
3321 1598 3454 1651 mala
3502 1615 3594 1652 sua
3638 1614 3656 1651 :
3686 1599 3764 1651 ln'c

2184 1702 2351 1746 autem
2388 1692 2776 1746 consolationem
2805 1692 2980 1761 recipit
3018 1689 3170 1759 (Luc.
3204 1689 3293 1744 16.
3318 1688 3432 1756 ‘25).
3467 1689 3543 1742 Ac
3573 1688 3762 1742 Paulus

2185 1785 2474 1841 Corinthiis
2501 1786 2743 1841 scribens
2786 1784 2912 1839 dicit
2946 1802 2957 1838 :
2998 1782 3213 1851 Propter
3235 1781 3326 1835 hoc
3353 1781 3482 1835 inter
3505 1796 3592 1834 uos
3622 1782 3762 1832 multi

2183 1877 2454 1931 imbecilles
2500 1886 2546 1930 et
2591 1875 2819 1935 invalidi.
2869 1884 2915 1929 et
2963 1873 3220 1927 dormiunt
3260 1871 3426 1925 multi.
3480 1870 3679 1924 Etenim
3721 1871 3763 1921 si

2185 1987 2277 2024 nos
2316 1971 2456 2041 ipsos
2516 1969 2942 2040 diiudicaremus,
3004 1982 3105 2020 non
3156 1967 3324 2034 utique
3360 1964 3709 2035 judicaremur
3747 1977 3762 2013 :

2184 2070 2236 2113 at
2278 2075 2391 2113 cum
2434 2059 2733 2129 judicamur
2787 2074 2818 2109 a
2858 2054 3077 2110 Domino
3132 2054 3469 2125 corripimur,
3530 2070 3593 2105 ne
3655 2068 3761 2104 cum

2185 2154 2372 2207 mundo
2418 2152 2717 2205 danmemur
2743 2150 2819 2220 (l.
2851 2149 2967 2203 Cor.
3002 2150 3085 2204 ll.
3129 2146 3352 2216 30-52).
3401 2145 3539 2212 Quin
3573 2154 3626 2198 et
3664 2147 3764 2196 lor-

2185 2247 2476 2301 nicaturem
2521 2244 2671 2298 illum
2720 2242 2818 2296 hac
2857 2241 2925 2295 de
2967 2256 3125 2295 causa
3158 2238 3372 2292 tradidit
3410 2237 3463 2291 in
3497 2237 3763 2290 interitum

2184 2338 2380 2401 carnis,
2415 2344 2473 2391 ut
2496 2336 2714 2405 spiritus
2743 2336 2923 2387 salvus
2947 2332 3102 2388 ﬁeret
3145 2332 3225 2401 (l.
3253 2329 3373 2385 Cor.
3407 2330 3461 2385 5.
3490 2329 3567 2397 5),
3591 2337 3764 2383 osten-

2183 2426 2318 2482 dens
2346 2426 2593 2496 pra-scuti
2623 2426 2913 2478 tentatioue
2948 2420 3175 2477 salutem
3217 2418 3418 2489 perlici,
3451 2427 3505 2473 et
3537 2418 3762 2488 pericula

2183 2521 2270 2583 iis,
2309 2519 2398 2589 qui
2438 2534 2558 2575 cum
2594 2519 2882 2589 gratiarum
2922 2516 3131 2569 actione
3168 2513 3397 2569 subeunt
3437 2511 3544 2575 illa,
3576 2510 3765 2563 anima:

2185 2610 2554 2680 purgationem
2581 2624 2702 2664 esse
2742 2609 3050 2662 maximam.
3082 2602 3264 2674 Itaque
3283 2601 3423 2673 quod
3451 2600 3766 2656 amictiones

2183 2698 2501 2770 pertulerint
2531 2698 2736 2765 lidcles,
2768 2706 2820 2751 et
2848 2698 3153 2751 innumeras
3173 2693 3502 2749 calamitates
3545 2701 3650 2745 tam
3681 2691 3765 2745 di-

2183 2791 2372 2860 scipuli
2432 2805 2591 2860 quant
2642 2789 2933 2853 doctores,
2991 2802 3055 2841 ac
3105 2800 3172 2840 ne
3215 2784 3494 2839 minimum
3553 2781 3763 2851 quidem

2184 2883 2561 2953 respiraverint
2586 2923 2601 2946 ,
2657 2881 2818 2936 variis
2864 2879 3099 2934 omnium
3129 2891 3381 2947 generum
3424 2873 3577 2927 bellis
3605 2872 3764 2927 undi-

2183 2989 2287 3044 que
2345 2972 2690 3037 circumdati,
2733 2971 2863 3025 satis
2907 2970 2992 3025 bic
3031 2977 3212 3023 noster
3255 2980 3435 3022 sermo
3458 2963 3762 3024 declaravit.

2182 3077 2235 3121 et
2278 3066 2428 3136 plura
2478 3064 2639 3119 etiam
2693 3062 2760 3117 de
2818 3060 2919 3116 hoc
2971 3067 3027 3115 et
3077 3056 3244 3113 sacris
3298 3055 3495 3111 Literis
3542 3053 3763 3109 studiosi

2180 3158 2430 3228 colligere
2470 3165 2715 3225 possunt.

2252 3248 2305 3303 8.
2346 3248 2605 3316 Superest
2647 3254 2704 3298 ut
2742 3244 2855 3297 haec
2895 3241 2961 3296 ad
3008 3237 3340 3310 prepositum
3388 3246 3631 3291 nostrum
3678 3232 3767 3289 ad-

2179 3341 2455 3397 ducamus.
2501 3338 2636 3406 Quid
2672 3345 2849 3392 autem
2897 3346 3348 3404 praposueramus
3390 3328 3612 3384 dicere?
3652 3327 3764 3394 Qua

2179 3432 2247 3488 de
2294 3447 2451 3487 causa
2496 3429 2691 3486 Paulus
2760 3428 2978 3491 dixerit,
3028 3423 3278 3477 Habentes
3328 3423 3557 3475 eumdem
3600 3420 3765 3487 Spiri-

2178 3534 2283 3579 tum
2335 3524 2474 3595 ﬁdei.
2537 3524 2644 3579 Cur
2695 3522 2853 3591 igitur
2919 3519 3087 3574 dixit?
3140 3516 3413 3572 Turbabat
3462 3516 3564 3569 hoc
3607 3514 3764 3568 disci-

2179 3618 2352 3690 pulos,
2401 3616 2543 3687 quod
2582 3615 2762 3686 gravia
2813 3611 3026 3683 quidem
3078 3611 3129 3663 in
3185 3624 3244 3663 re
3286 3608 3533 3679 praesenti
3568 3621 3763 3677 exper-

2178 3709 2456 3773 iebantur,
2520 3707 2657 3763 bona
2712 3718 2838 3760 vero
2883 3716 2978 3773 spe
3021 3700 3194 3757 solum
3239 3698 3639 3768 concipiebaut,
3708 3705 3763 3749 et

2178 3800 2264 3854 illa
2315 3799 2530 3870 quidem
2569 3797 2680 3866 jam
2728 3795 2991 3857 aderant,
3064 3793 3178 3847 luec
3249 3789 3405 3858 longe
3453 3789 3758 3849 distabant;

2177 3891 2267 3963 illa
2311 3890 2418 3960 jam
2481 3885 2895 3958 contingebant,
2962 3883 3080 3937 bare
3144 3880 3319 3936 adhuc
3383 3879 3754 3950 sperabantur.

2175 3980 2311 4049 Quid
2360 3978 2551 4034 mirum
2592 3976 2636 4032 si
2678 3975 2829 4031 initio
2872 3971 3261 4044 prmdicationis
3303 3968 3615 4040 quibusdam
3661 3967 3758 4021 hoc

2175 4086 2274 4126 usu
2314 4068 2579 4135 veniebat,
2618 4063 3046 4138 quandoquidem
3078 4076 3220 4116 nunc
3248 4069 3366 4130 post
3396 4069 3598 4113 tantmn
3629 4068 3758 4112 tem-

2176 4163 2318 4234 poris
2365 4160 2615 4231 spatium.
2675 4167 2798 4227 post
2825 4156 3256 4227 prmdicationem
3297 4161 3410 4207 toto
3457 4152 3590 4206 urbe
3645 4167 3756 4220 pro-

2173 4262 2438 4325 pagatum,
2483 4260 2603 4324 post
2637 4259 2716 4305 tot
2764 4258 2910 4304 certa
2962 4246 3375 4319 promissionum
3418 4252 3749 4314 argumenta,

2172 4347 2313 4403 idem
2354 4345 2532 4399 multis
2563 4343 2740 4399 adhuc
2781 4358 2880 4397 usu
2926 4340 3109 4396 venire
3159 4336 3332 4392 solet?

2239 4437 2308 4493 In
2362 4435 2521 4492 Veteri
2551 4434 2868 4489 Testamento
2907 4432 3115 4502 prannia
3146 4430 3229 4483 hic
3258 4427 3660 4498 accipiebantur.
3680 4451 3750 4465 —-

2169 4529 2281 4584 Nec
2307 4527 2409 4582 hoc
2437 4527 2611 4580 solum
2639 4524 2758 4579 illos
2783 4522 3156 4593 perterrebat,
3185 4519 3280 4574 sed
3325 4527 3382 4573 et
3407 4516 3550 4572 aliud
3595 4515 3749 4585 quid-

2167 4619 2288 4674 dam
2313 4659 2328 4685 ,
2371 4617 2529 4688 idque
2567 4631 2670 4671 non
2712 4615 2905 4670 minus.
2947 4612 3224 4679 Quodnam
3257 4609 3405 4665 hoc?
3442 4607 3752 4678 Cogitabam

2165 4712 2303 4783 apud
2334 4727 2412 4777 se,
2442 4712 2492 4765 in
2518 4710 2683 4765 veteri
2705 4709 3046 4763 Testamento
3065 4721 3100 4761 n
3123 4721 3174 4760 2n
3198 4704 3264 4759 ad
3285 4719 3405 4759 cum
3428 4703 3645 4766 modum
3667 4717 3750 4758 res

2168 4804 2438 4858 hominum
2464 4800 2797 4872 dispensatas
2819 4798 3000 4864 fuisse,
3031 4796 3125 4853 sed
3152 4796 3363 4851 virtutis
3383 4796 3600 4864 prasmia
3620 4810 3750 4851 con-

2166 4893 2340 4950 festim
2357 4891 2627 4960 accepisse
2654 4890 2972 4961 quicumque
2988 4888 3185 4958 justam
3210 4901 3274 4942 ac
3297 4896 3646 4956 temperatam
3675 4887 3748 4939 vi-

2163 4986 2316 5042 vendi
2344 4987 2601 5040 rationem
2629 4982 3000 5052 praetulissent.
3029 4980 3144 5035 Non
3165 4980 3307 5036 enim
3331 4988 3451 5050 post
3468 4993 3747 5049 corporum

2162 5076 2628 5139 resurrectionem,
2661 5089 2834 5146 neque
2861 5075 2914 5130 in
2944 5074 3116 5128 futura
3145 5071 3270 5139 vita,
3300 5071 3394 5127 sed
3419 5071 3507 5127 bic
3531 5072 3585 5125 in
3615 5087 3747 5141 pra:-

2161 5168 2298 5222 senti
2344 5168 2447 5221 vita
2473 5181 2660 5222 onmes
2699 5166 2779 5220 eis
2808 5164 3189 5235 promissiones
3233 5161 3614 5232 implebantur.
3661 5163 3747 5215 Ait

2160 5258 2302 5313 enim
2324 5276 2335 5312 :
2362 5256 2424 5313 Si
2448 5256 2684 5312 dilexeris
2712 5255 2987 5310 Dominum
3009 5254 3169 5309 Deum
3200 5263 3361 5319 tuum,
3382 5252 3507 5307 bene
3524 5252 3611 5306 tibi
3632 5252 3743 5307 erit.

2158 5359 2207 5406 et
2249 5349 2598 5419 multiplicabit
2626 5347 2759 5403 Deus
2788 5358 3015 5413 armenta
3047 5348 3194 5401 boum
3229 5355 3430 5401 tuorum
3452 5384 3471 5413 ,
3501 5355 3548 5399 et
3574 5361 3745 5416 greges

2158 5458 2396 5515 pecorum
2421 5451 2623 5495 tuorum
2659 5457 2678 5495 :
2700 5456 2801 5493 non
2843 5440 2933 5494 erit
2962 5438 3100 5508 apud
3120 5448 3167 5492 te
3193 5436 3518 5506 infecundum
3545 5477 3560 5500 ,
3591 5451 3746 5502 neque

2155 5533 2357 5588 sterile:
2386 5549 2487 5587 non
2508 5533 2599 5586 erit
2624 5531 2761 5602 apud
2781 5541 2828 5584 te
2848 5530 3061 5600 languor
3103 5545 3259 5597 neque
3275 5528 3523 5599 tegritudo
3552 5526 3740 5599 (Deut.

2156 5625 2207 5679 7.
2238 5626 2322 5681 15.
2352 5626 2419 5682 15
2439 5623 2477 5692 ).
2508 5624 2716 5679 Emittct
2745 5622 2882 5678 Deus
2910 5622 3300 5678 benedictionem
3325 5622 3378 5675 in
3400 5620 3745 5689 promptuaria

2159 5717 2396 5773 cellarum
2428 5727 2625 5771 tuarum
2645 5718 2664 5787 (
2687 5714 2836 5769 Deut.
2863 5717 2952 5771 98.
2980 5715 3031 5772 8.
3070 5714 3132 5773 12
3152 5715 3206 5785 );
3232 5716 3419 5784 aperiet
3447 5714 3650 5782 calum,
3693 5724 3741 5765 ct
