  <div class='ocr_page' id='page_1' title='image "/cluster/home/n/w/nwhite01/storage/ocr_20150623/51/hvd.32044073501900/295.png"; bbox 0 0 4082 6212; ppageno 0'>
   <div class='ocr_carea' id='block_1_1' title="bbox 457 285 562 340">
    <p class='ocr_par' dir='ltr' id='par_1_1' title="bbox 457 285 562 340">
     <span class='ocr_line' id='line_1_1' title="bbox 457 285 562 340; baseline 0 -1"><span class='ocrx_word' id='word_1_1' title='bbox 457 285 562 340; x_wconf 70' lang='lat'>297</span> 
     </span>
    </p>
   </div>
   <div class='ocr_carea' id='block_1_2' title="bbox 457 393 2024 464">
    <p class='ocr_par' dir='ltr' id='par_1_2' title="bbox 457 393 2024 464">
     <span class='ocr_line' id='line_1_2' title="bbox 457 393 2024 464; baseline -0.003 -13"><span class='ocrx_word' id='word_1_2' title='bbox 457 415 555 452; x_wconf 85' lang='grc' dir='ltr'>σοι</span> <span class='ocrx_word' id='word_1_3' title='bbox 604 395 782 450; x_wconf 75' lang='grc' dir='ltr'>ὑετὸν</span> <span class='ocrx_word' id='word_1_4' title='bbox 835 395 1088 464; x_wconf 77' lang='grc' dir='ltr'>πρώτμον</span> <span class='ocrx_word' id='word_1_5' title='bbox 1140 394 1237 446; x_wconf 78' lang='grc' dir='ltr'>καί</span> <span class='ocrx_word' id='word_1_6' title='bbox 1267 394 1508 463; x_wconf 71' lang='grc' dir='ltr'>ὄψιμον.</span> <span class='ocrx_word' id='word_1_7' title='bbox 1538 393 1962 462; x_wconf 71' lang='grc' dir='ltr'>Καταλήψεται</span> <span class='ocrx_word' id='word_1_8' title='bbox 1993 395 2024 446; x_wconf 83' lang='grc' dir='ltr'>ό</span> 
     </span>
    </p>
   </div>
   <div class='ocr_carea' id='block_1_3' title="bbox 455 483 2020 554">
    <p class='ocr_par' dir='ltr' id='par_1_3' title="bbox 455 483 2020 554">
     <span class='ocr_line' id='line_1_3' title="bbox 455 483 2020 554; baseline -0.003 -13"><span class='ocrx_word' id='word_1_9' title='bbox 455 487 721 553; x_wconf 71' lang='grc' dir='ltr'>ἁλοητὸς</span> <span class='ocrx_word' id='word_1_10' title='bbox 741 487 846 539; x_wconf 77' lang='grc' dir='ltr'>τὸν</span> <span class='ocrx_word' id='word_1_11' title='bbox 860 484 1152 554; x_wconf 73' lang='grc' dir='ltr'>τρυγητὸν</span> <span class='ocrx_word' id='word_1_12' title='bbox 1172 483 1267 536; x_wconf 72' lang='grc' dir='ltr'>καὶ</span> <span class='ocrx_word' id='word_1_13' title='bbox 1300 487 1332 537; x_wconf 86' lang='grc' dir='ltr'>ό</span> <span class='ocrx_word' id='word_1_14' title='bbox 1356 486 1642 554; x_wconf 77' lang='grc' dir='ltr'>τρυγητὸς</span> <span class='ocrx_word' id='word_1_15' title='bbox 1658 485 2020 552; x_wconf 76' lang='grc' dir='ltr'>τὸνσπόρον.</span> 
     </span>
    </p>
   </div>
   <div class='ocr_carea' id='block_1_4' title="bbox 459 574 2026 648">
    <p class='ocr_par' dir='ltr' id='par_1_4' title="bbox 459 574 2026 648">
     <span class='ocr_line' id='line_1_4' title="bbox 459 574 2026 648; baseline -0.003 -18"><span class='ocrx_word' id='word_1_16' title='bbox 459 581 566 631; x_wconf 78' lang='grc' dir='ltr'>Καὶ</span> <span class='ocrx_word' id='word_1_17' title='bbox 593 577 761 631; x_wconf 85' lang='grc' dir='ltr'>πολλά</span> <span class='ocrx_word' id='word_1_18' title='bbox 792 577 952 648; x_wconf 79' lang='grc' dir='ltr'>ἕτερα</span> <span class='ocrx_word' id='word_1_19' title='bbox 985 574 1206 628; x_wconf 88' lang='grc' dir='ltr'>τοιαῦτα</span> <span class='ocrx_word' id='word_1_20' title='bbox 1236 575 1415 638; x_wconf 80' lang='grc' dir='ltr'>αὐτοῖς</span> <span class='ocrx_word' id='word_1_21' title='bbox 1459 574 1850 645; x_wconf 80' lang='grc' dir='ltr'>ἐπηγγείλατο,</span> <span class='ocrx_word' id='word_1_22' title='bbox 1883 575 2026 645; x_wconf 77' lang='grc' dir='ltr'>ἅπερ</span> 
     </span>
    </p>
   </div>
   <div class='ocr_carea' id='block_1_5' title="bbox 457 664 2022 737">
    <p class='ocr_par' dir='ltr' id='par_1_5' title="bbox 457 664 2022 737">
     <span class='ocr_line' id='line_1_5' title="bbox 457 664 2022 737; baseline -0.004 -14"><span class='ocrx_word' id='word_1_23' title='bbox 457 672 670 723; x_wconf 78' lang='grc' dir='ltr'>ἅπαντα</span> <span class='ocrx_word' id='word_1_24' title='bbox 705 668 844 721; x_wconf 69' lang='grc' dir='ltr'>κατὰ</span> <span class='ocrx_word' id='word_1_25' title='bbox 890 668 988 737; x_wconf 77' lang='grc' dir='ltr'>τὴν</span> <span class='ocrx_word' id='word_1_26' title='bbox 1019 665 1298 737; x_wconf 90' lang='grc' dir='ltr'>παροῦσαν</span> <span class='ocrx_word' id='word_1_27' title='bbox 1326 665 1468 737; x_wconf 79' lang='grc' dir='ltr'>ζωην</span> <span class='ocrx_word' id='word_1_28' title='bbox 1500 667 1684 729; x_wconf 88' lang='grc' dir='ltr'>αὐτοῖς</span> <span class='ocrx_word' id='word_1_29' title='bbox 1727 664 2022 718; x_wconf 84' lang='grc' dir='ltr'>ἀπεδίδοτο.</span> 
     </span>
    </p>
   </div>
   <div class='ocr_carea' id='block_1_6' title="bbox 457 751 2027 831">
    <p class='ocr_par' dir='ltr' id='par_1_6' title="bbox 457 751 2027 831">
     <span class='ocr_line' id='line_1_6' title="bbox 457 751 2027 831; baseline -0.004 -17"><span class='ocrx_word' id='word_1_30' title='bbox 457 763 521 814; x_wconf 61' lang='lat' dir='ltr'>Et</span> <span class='ocrx_word' id='word_1_31' title='bbox 543 779 626 824; x_wconf 91' lang='grc' dir='ltr'>τις</span> <span class='ocrx_word' id='word_1_32' title='bbox 649 758 930 831; x_wconf 76' lang='grc' dir='ltr'>ὀξύτερος,</span> <span class='ocrx_word' id='word_1_33' title='bbox 961 758 1062 828; x_wconf 75' lang='grc' dir='ltr'>ήδη</span> <span class='ocrx_word' id='word_1_34' title='bbox 1090 759 1384 830; x_wconf 88' lang='grc' dir='ltr'>προϐλέπει</span> <span class='ocrx_word' id='word_1_35' title='bbox 1408 758 1506 830; x_wconf 79' lang='grc' dir='ltr'>τὴν</span> <span class='ocrx_word' id='word_1_36' title='bbox 1534 755 1706 810; x_wconf 80' lang='grc' dir='ltr'>λύσιν.</span> <span class='ocrx_word' id='word_1_37' title='bbox 1755 756 1906 809; x_wconf 78' lang='grc' dir='ltr'>Ἐπεὶ</span> <span class='ocrx_word' id='word_1_38' title='bbox 1932 751 2027 808; x_wconf 76' lang='grc' dir='ltr'>οὖν</span> 
     </span>
    </p>
   </div>
   <div class='ocr_carea' id='block_1_7' title="bbox 458 847 2026 920">
    <p class='ocr_par' dir='ltr' id='par_1_7' title="bbox 458 847 2026 920">
     <span class='ocr_line' id='line_1_7' title="bbox 458 847 2026 920; baseline -0.003 -16"><span class='ocrx_word' id='word_1_39' title='bbox 458 851 706 920; x_wconf 81' lang='grc' dir='ltr'>σώματος</span> <span class='ocrx_word' id='word_1_40' title='bbox 729 850 909 918; x_wconf 88' lang='grc' dir='ltr'>ὐγίεια</span> <span class='ocrx_word' id='word_1_41' title='bbox 933 889 947 913; x_wconf 96' lang='grc'>,</span> <span class='ocrx_word' id='word_1_42' title='bbox 982 848 1075 902; x_wconf 75' lang='grc' dir='ltr'>καὶ</span> <span class='ocrx_word' id='word_1_43' title='bbox 1099 848 1204 918; x_wconf 81' lang='grc' dir='ltr'>γῆς</span> <span class='ocrx_word' id='word_1_44' title='bbox 1247 848 1508 920; x_wconf 88' lang='grc' dir='ltr'>εὐκληρία</span> <span class='ocrx_word' id='word_1_45' title='bbox 1530 887 1545 913; x_wconf 98' lang='grc'>,</span> <span class='ocrx_word' id='word_1_46' title='bbox 1570 849 1664 901; x_wconf 71' lang='grc' dir='ltr'>καὶ</span> <span class='ocrx_word' id='word_1_47' title='bbox 1701 847 2026 902; x_wconf 86' lang='grc' dir='ltr'>πολυπαιδία</span> 
     </span>
    </p>
   </div>
   <div class='ocr_carea' id='block_1_8' title="bbox 455 937 2027 1014">
    <p class='ocr_par' dir='ltr' id='par_1_8' title="bbox 455 937 2027 1014">
     <span class='ocr_line' id='line_1_8' title="bbox 455 937 2027 1014; baseline -0.004 -18"><span class='ocrx_word' id='word_1_48' title='bbox 455 943 550 996; x_wconf 73' lang='grc' dir='ltr'>καὶ</span> <span class='ocrx_word' id='word_1_49' title='bbox 577 941 828 994; x_wconf 88' lang='grc' dir='ltr'>εὐπαιδία</span> <span class='ocrx_word' id='word_1_50' title='bbox 851 983 866 1006; x_wconf 88' lang='grc'>,</span> <span class='ocrx_word' id='word_1_51' title='bbox 902 941 994 993; x_wconf 74' lang='grc' dir='ltr'>καὶ</span> <span class='ocrx_word' id='word_1_52' title='bbox 1020 941 1247 1014; x_wconf 88' lang='grc' dir='ltr'>λιπαρὸν</span> <span class='ocrx_word' id='word_1_53' title='bbox 1277 940 1453 1011; x_wconf 79' lang='grc' dir='ltr'>γῆρας</span> <span class='ocrx_word' id='word_1_54' title='bbox 1478 979 1492 1004; x_wconf 93' lang='grc'>,</span> <span class='ocrx_word' id='word_1_55' title='bbox 1525 939 1620 992; x_wconf 84' lang='grc' dir='ltr'>καὶ</span> <span class='ocrx_word' id='word_1_56' title='bbox 1646 937 1806 1008; x_wconf 82' lang='grc' dir='ltr'>ὡρῶν</span> <span class='ocrx_word' id='word_1_57' title='bbox 1833 939 2027 1008; x_wconf 80' lang='grc' dir='ltr'>κρᾶσις</span> 
     </span>
    </p>
   </div>
   <div class='ocr_carea' id='block_1_9' title="bbox 454 1026 2028 1105">
    <p class='ocr_par' dir='ltr' id='par_1_9' title="bbox 454 1026 2028 1105">
     <span class='ocr_line' id='line_1_9' title="bbox 454 1026 2028 1105; baseline -0.004 -18"><span class='ocrx_word' id='word_1_58' title='bbox 454 1033 684 1105; x_wconf 90' lang='grc' dir='ltr'>ἀρίστη,</span> <span class='ocrx_word' id='word_1_59' title='bbox 741 1034 834 1086; x_wconf 72' lang='grc' dir='ltr'>καὶ</span> <span class='ocrx_word' id='word_1_60' title='bbox 887 1032 1142 1104; x_wconf 75' lang='grc' dir='ltr'>εὐετηρία</span> <span class='ocrx_word' id='word_1_61' title='bbox 1168 1070 1184 1095; x_wconf 94' lang='grc'>,</span> <span class='ocrx_word' id='word_1_62' title='bbox 1217 1031 1312 1086; x_wconf 75' lang='grc' dir='ltr'>καὶ</span> <span class='ocrx_word' id='word_1_63' title='bbox 1363 1030 1583 1102; x_wconf 85' lang='grc' dir='ltr'>δμϐρων</span> <span class='ocrx_word' id='word_1_64' title='bbox 1609 1029 1860 1100; x_wconf 80' lang='grc' dir='ltr'>εὐκαιρία</span> <span class='ocrx_word' id='word_1_65' title='bbox 1884 1067 1899 1092; x_wconf 96' lang='grc'>,</span> <span class='ocrx_word' id='word_1_66' title='bbox 1933 1026 2028 1082; x_wconf 74' lang='grc' dir='ltr'>καὶ</span> 
     </span>
    </p>
   </div>
   <div class='ocr_carea' id='block_1_10' title="bbox 454 1117 2028 1195">
    <p class='ocr_par' dir='ltr' id='par_1_10' title="bbox 454 1117 2028 1195">
     <span class='ocr_line' id='line_1_10' title="bbox 454 1117 2028 1195; baseline -0.004 -17"><span class='ocrx_word' id='word_1_67' title='bbox 454 1125 624 1180; x_wconf 85' lang='grc' dir='ltr'>πολλὰ</span> <span class='ocrx_word' id='word_1_68' title='bbox 652 1126 876 1195; x_wconf 80' lang='grc' dir='ltr'>ποίμνια</span> <span class='ocrx_word' id='word_1_69' title='bbox 909 1138 932 1165; x_wconf 74' lang='grc' dir='ltr'>ι</span> <span class='ocrx_word' id='word_1_70' title='bbox 969 1123 1062 1177; x_wconf 72' lang='grc' dir='ltr'>καὶ</span> <span class='ocrx_word' id='word_1_71' title='bbox 1101 1117 1372 1193; x_wconf 83' lang='grc' dir='ltr'>βουκόλια,</span> <span class='ocrx_word' id='word_1_72' title='bbox 1401 1121 1493 1174; x_wconf 68' lang='grc' dir='ltr'>καλ⁸</span> <span class='ocrx_word' id='word_1_73' title='bbox 1528 1120 1706 1173; x_wconf 80' lang='grc' dir='ltr'>πάντα</span> <span class='ocrx_word' id='word_1_74' title='bbox 1739 1118 1922 1182; x_wconf 85' lang='grc' dir='ltr'>ἁπλῶς</span> <span class='ocrx_word' id='word_1_75' title='bbox 1958 1117 2028 1173; x_wconf 85' lang='grc' dir='ltr'>τά</span> 
     </span>
    </p>
   </div>
   <div class='ocr_carea' id='block_1_11' title="bbox 454 1209 2026 1286">
    <p class='ocr_par' dir='ltr' id='par_1_11' title="bbox 454 1209 2026 1286">
     <span class='ocr_line' id='line_1_11' title="bbox 454 1209 2026 1286; baseline -0.006 -15"><span class='ocrx_word' id='word_1_76' title='bbox 454 1216 633 1284; x_wconf 87' lang='grc' dir='ltr'>ἀγαθά</span> <span class='ocrx_word' id='word_1_77' title='bbox 672 1215 812 1269; x_wconf 85' lang='grc' dir='ltr'>κατά</span> <span class='ocrx_word' id='word_1_78' title='bbox 849 1215 949 1286; x_wconf 80' lang='grc' dir='ltr'>τὴν</span> <span class='ocrx_word' id='word_1_79' title='bbox 983 1215 1262 1286; x_wconf 86' lang='grc' dir='ltr'>παροῦσαν</span> <span class='ocrx_word' id='word_1_80' title='bbox 1309 1214 1490 1275; x_wconf 87' lang='grc' dir='ltr'>αὐτοῖς</span> <span class='ocrx_word' id='word_1_81' title='bbox 1527 1211 1826 1282; x_wconf 74' lang='grc' dir='ltr'>ἐπληροῦτο</span> <span class='ocrx_word' id='word_1_82' title='bbox 1858 1209 2026 1278; x_wconf 78' lang='grc' dir='ltr'>ζωὴν,</span> 
     </span>
    </p>
   </div>
   <div class='ocr_carea' id='block_1_12' title="bbox 455 1300 2026 1381">
    <p class='ocr_par' dir='ltr' id='par_1_12' title="bbox 455 1300 2026 1381">
     <span class='ocr_line' id='line_1_12' title="bbox 455 1300 2026 1381; baseline -0.008 -17"><span class='ocrx_word' id='word_1_83' title='bbox 455 1308 604 1381; x_wconf 75' lang='lat'>[9.86]</span> <span class='ocrx_word' id='word_1_84' title='bbox 635 1310 729 1362; x_wconf 72' lang='grc' dir='ltr'>καὶ</span> <span class='ocrx_word' id='word_1_85' title='bbox 756 1309 903 1361; x_wconf 79' lang='grc' dir='ltr'>οὐδὲν</span> <span class='ocrx_word' id='word_1_86' title='bbox 923 1309 980 1360; x_wconf 84' lang='grc' dir='ltr'>ἐν</span> <span class='ocrx_word' id='word_1_87' title='bbox 1003 1307 1213 1360; x_wconf 78' lang='grc' dir='ltr'>ἐλπίσιν</span> <span class='ocrx_word' id='word_1_88' title='bbox 1242 1300 1330 1376; x_wconf 74' lang='grc' dir='ltr'>ἦν,</span> <span class='ocrx_word' id='word_1_89' title='bbox 1353 1304 1470 1357; x_wconf 86' lang='grc' dir='ltr'>οὐδὲ</span> <span class='ocrx_word' id='word_1_90' title='bbox 1498 1303 1634 1373; x_wconf 86' lang='grc' dir='ltr'>μετά</span> <span class='ocrx_word' id='word_1_91' title='bbox 1661 1304 1759 1372; x_wconf 77' lang='grc' dir='ltr'>τὴν</span> <span class='ocrx_word' id='word_1_92' title='bbox 1779 1300 2026 1354; x_wconf 90' lang='grc' dir='ltr'>ἐντεῦθεν</span> 
     </span>
    </p>
   </div>
   <div class='ocr_carea' id='block_1_13' title="bbox 455 1390 2031 1470">
    <p class='ocr_par' dir='ltr' id='par_1_13' title="bbox 455 1390 2031 1470">
     <span class='ocr_line' id='line_1_13' title="bbox 455 1390 2031 1470; baseline -0.007 -17"><span class='ocrx_word' id='word_1_93' title='bbox 455 1399 791 1470; x_wconf 68' lang='grc' dir='ltr'>ἀποδημίανο</span> <span class='ocrx_word' id='word_1_94' title='bbox 819 1395 1260 1466; x_wconf 77' lang='grc' dir='ltr'>ἀναλογιζόμενοι</span> <span class='ocrx_word' id='word_1_95' title='bbox 1293 1391 1386 1447; x_wconf 80' lang='grc' dir='ltr'>οὐν</span> <span class='ocrx_word' id='word_1_96' title='bbox 1414 1393 1582 1447; x_wconf 87' lang='grc' dir='ltr'>ταῦτα</span> <span class='ocrx_word' id='word_1_97' title='bbox 1620 1393 1669 1444; x_wconf 81' lang='grc' dir='ltr'>οἱ</span> <span class='ocrx_word' id='word_1_98' title='bbox 1703 1391 1882 1444; x_wconf 70' lang='grc' dir='ltr'>πιστοὶ</span> <span class='ocrx_word' id='word_1_99' title='bbox 1904 1431 1918 1454; x_wconf 95' lang='grc'>,</span> <span class='ocrx_word' id='word_1_100' title='bbox 1945 1390 2031 1459; x_wconf 80' lang='grc' dir='ltr'>ὅτι</span> 
     </span>
    </p>
   </div>
   <div class='ocr_carea' id='block_1_14' title="bbox 455 1478 2026 1560">
    <p class='ocr_par' dir='ltr' id='par_1_14' title="bbox 455 1478 2026 1560">
     <span class='ocr_line' id='line_1_14' title="bbox 455 1478 2026 1560; baseline -0.004 -20"><span class='ocrx_word' id='word_1_101' title='bbox 455 1494 565 1552; x_wconf 85' lang='grc' dir='ltr'>τοῖς</span> <span class='ocrx_word' id='word_1_102' title='bbox 595 1489 878 1560; x_wconf 88' lang='grc' dir='ltr'>προγόνοις</span> <span class='ocrx_word' id='word_1_103' title='bbox 910 1489 1022 1549; x_wconf 90' lang='grc' dir='ltr'>τοῖς</span> <span class='ocrx_word' id='word_1_104' title='bbox 1069 1485 1277 1539; x_wconf 79' lang='grc' dir='ltr'>ἑαυτῶν</span> <span class='ocrx_word' id='word_1_105' title='bbox 1326 1484 1474 1554; x_wconf 86' lang='grc' dir='ltr'>παρά</span> <span class='ocrx_word' id='word_1_106' title='bbox 1506 1482 1670 1544; x_wconf 92' lang='grc' dir='ltr'>πόδας</span> <span class='ocrx_word' id='word_1_107' title='bbox 1701 1483 1914 1536; x_wconf 77' lang='grc' dir='ltr'>ἅπαντα</span> <span class='ocrx_word' id='word_1_108' title='bbox 1957 1478 2026 1533; x_wconf 76' lang='grc' dir='ltr'>τὰ</span> 
     </span>
    </p>
   </div>
   <div class='ocr_carea' id='block_1_15' title="bbox 457 1571 2028 1650">
    <p class='ocr_par' dir='ltr' id='par_1_15' title="bbox 457 1571 2028 1650">
     <span class='ocr_line' id='line_1_15' title="bbox 457 1571 2028 1650; baseline -0.006 -17"><span class='ocrx_word' id='word_1_109' title='bbox 457 1579 636 1648; x_wconf 82' lang='grc' dir='ltr'>ἁγαθά</span> <span class='ocrx_word' id='word_1_110' title='bbox 660 1581 894 1650; x_wconf 83' lang='grc' dir='ltr'>ἀπήντα,</span> <span class='ocrx_word' id='word_1_111' title='bbox 930 1579 1110 1640; x_wconf 88' lang='grc' dir='ltr'>αὐτοῖς</span> <span class='ocrx_word' id='word_1_112' title='bbox 1140 1577 1196 1630; x_wconf 88' lang='grc' dir='ltr'>δέ</span> <span class='ocrx_word' id='word_1_113' title='bbox 1221 1578 1298 1640; x_wconf 82' lang='grc' dir='ltr'>εἰς</span> <span class='ocrx_word' id='word_1_114' title='bbox 1326 1577 1424 1645; x_wconf 79' lang='grc' dir='ltr'>τὴν</span> <span class='ocrx_word' id='word_1_115' title='bbox 1456 1575 1750 1646; x_wconf 87' lang='grc' dir='ltr'>μέλλουσαν</span> <span class='ocrx_word' id='word_1_116' title='bbox 1784 1572 1928 1643; x_wconf 75' lang='grc' dir='ltr'>ζωὴν</span> <span class='ocrx_word' id='word_1_117' title='bbox 1959 1571 2028 1625; x_wconf 73' lang='grc' dir='ltr'>τά</span> 
     </span>
    </p>
   </div>
   <div class='ocr_carea' id='block_1_16' title="bbox 457 1661 2024 1735">
    <p class='ocr_par' dir='ltr' id='par_1_16' title="bbox 457 1661 2024 1735">
     <span class='ocr_line' id='line_1_16' title="bbox 457 1661 2024 1735; baseline -0.005 -13"><span class='ocrx_word' id='word_1_118' title='bbox 457 1669 663 1722; x_wconf 85' lang='grc' dir='ltr'>ἒπαθλα</span> <span class='ocrx_word' id='word_1_119' title='bbox 692 1669 787 1720; x_wconf 73' lang='grc' dir='ltr'>καὶ</span> <span class='ocrx_word' id='word_1_120' title='bbox 835 1669 883 1720; x_wconf 87' lang='grc' dir='ltr'>οί</span> <span class='ocrx_word' id='word_1_121' title='bbox 926 1667 1179 1735; x_wconf 86' lang='grc' dir='ltr'>στέφανοι</span> <span class='ocrx_word' id='word_1_122' title='bbox 1209 1667 1407 1728; x_wconf 88' lang='grc' dir='ltr'>πάντες</span> <span class='ocrx_word' id='word_1_123' title='bbox 1435 1664 1543 1718; x_wconf 72' lang='grc' dir='ltr'>είσὶ</span> <span class='ocrx_word' id='word_1_124' title='bbox 1592 1661 2024 1734; x_wconf 88' lang='grc' dir='ltr'>τεταμιευμένοι,</span> 
     </span>
    </p>
   </div>
   <div class='ocr_carea' id='block_1_17' title="bbox 458 1752 2024 1826">
    <p class='ocr_par' dir='ltr' id='par_1_17' title="bbox 458 1752 2024 1826">
     <span class='ocr_line' id='line_1_17' title="bbox 458 1752 2024 1826; baseline -0.006 -12"><span class='ocrx_word' id='word_1_125' title='bbox 458 1763 550 1814; x_wconf 70' lang='grc' dir='ltr'>καὶ</span> <span class='ocrx_word' id='word_1_126' title='bbox 575 1762 631 1813; x_wconf 89' lang='grc' dir='ltr'>ἐν</span> <span class='ocrx_word' id='word_1_127' title='bbox 657 1761 835 1812; x_wconf 85' lang='grc' dir='ltr'>πίστει</span> <span class='ocrx_word' id='word_1_128' title='bbox 859 1758 928 1812; x_wconf 84' lang='grc' dir='ltr'>τὰ</span> <span class='ocrx_word' id='word_1_129' title='bbox 947 1758 1056 1812; x_wconf 84' lang='grc' dir='ltr'>τῶν</span> <span class='ocrx_word' id='word_1_130' title='bbox 1077 1755 1438 1826; x_wconf 88' lang='grc' dir='ltr'>ἐπαγγελιῶν,</span> <span class='ocrx_word' id='word_1_131' title='bbox 1461 1752 2024 1824; x_wconf 81' lang='grc' dir='ltr'>ἕκαμνον,ἐξελύοντο,</span> 
     </span>
    </p>
   </div>
   <div class='ocr_carea' id='block_1_18' title="bbox 455 1843 2028 1923">
    <p class='ocr_par' dir='ltr' id='par_1_18' title="bbox 455 1843 2028 1923">
     <span class='ocr_line' id='line_1_18' title="bbox 455 1843 2028 1923; baseline -0.007 -18"><span class='ocrx_word' id='word_1_132' title='bbox 455 1853 554 1923; x_wconf 78' lang='grc' dir='ltr'>τὴν</span> <span class='ocrx_word' id='word_1_133' title='bbox 587 1850 868 1922; x_wconf 92' lang='grc' dir='ltr'>παροῦσαν</span> <span class='ocrx_word' id='word_1_134' title='bbox 923 1848 1067 1919; x_wconf 81' lang='grc' dir='ltr'>ζωὴν</span> <span class='ocrx_word' id='word_1_135' title='bbox 1121 1848 1336 1902; x_wconf 78' lang='grc' dir='ltr'>ἃπασαν</span> <span class='ocrx_word' id='word_1_136' title='bbox 1367 1845 1456 1900; x_wconf 86' lang='grc' dir='ltr'>διὰ</span> <span class='ocrx_word' id='word_1_137' title='bbox 1503 1843 1823 1915; x_wconf 85' lang='grc' dir='ltr'>πειρασμῶν</span> <span class='ocrx_word' id='word_1_138' title='bbox 1851 1843 2028 1896; x_wconf 80' lang='grc' dir='ltr'>ἓλκειν</span> 
     </span>
    </p>
   </div>
   <div class='ocr_carea' id='block_1_19' title="bbox 455 1929 2030 2008">
    <p class='ocr_par' dir='ltr' id='par_1_19' title="bbox 455 1929 2030 2008">
     <span class='ocr_line' id='line_1_19' title="bbox 455 1929 2030 2008; baseline -0.006 -14"><span class='ocrx_word' id='word_1_139' title='bbox 455 1939 902 2008; x_wconf 79' lang='grc' dir='ltr'>ἀναγκαζόμενοι.</span> <span class='ocrx_word' id='word_1_140' title='bbox 937 1936 1123 1989; x_wconf 82' lang='grc' dir='ltr'>Ταῦτα</span> <span class='ocrx_word' id='word_1_141' title='bbox 1170 1931 1261 1989; x_wconf 87' lang='grc' dir='ltr'>οῦν</span> <span class='ocrx_word' id='word_1_142' title='bbox 1295 1933 1490 1988; x_wconf 87' lang='grc' dir='ltr'>ἐννοῶν</span> <span class='ocrx_word' id='word_1_143' title='bbox 1520 1933 1548 1985; x_wconf 98' lang='lat'>6</span> <span class='ocrx_word' id='word_1_144' title='bbox 1593 1933 1803 1997; x_wconf 81' lang='grc' dir='ltr'>Παῦλος</span> <span class='ocrx_word' id='word_1_145' title='bbox 1840 1932 1934 1986; x_wconf 73' lang='grc' dir='ltr'>καὶ</span> <span class='ocrx_word' id='word_1_146' title='bbox 1967 1929 2030 1984; x_wconf 90' lang='grc' dir='ltr'>τὸ</span> 
     </span>
    </p>
   </div>
   <div class='ocr_carea' id='block_1_20' title="bbox 458 2018 2032 2100">
    <p class='ocr_par' dir='ltr' id='par_1_20' title="bbox 458 2018 2032 2100">
     <span class='ocr_line' id='line_1_20' title="bbox 458 2018 2032 2100; baseline -0.006 -17"><span class='ocrx_word' id='word_1_147' title='bbox 458 2028 685 2100; x_wconf 86' lang='grc' dir='ltr'>μέγεθος</span> <span class='ocrx_word' id='word_1_148' title='bbox 705 2027 815 2081; x_wconf 85' lang='grc' dir='ltr'>τῶν</span> <span class='ocrx_word' id='word_1_149' title='bbox 839 2025 1232 2097; x_wconf 74' lang='grc' dir='ltr'>ἐπηρτημένων</span> <span class='ocrx_word' id='word_1_150' title='bbox 1258 2024 1440 2087; x_wconf 88' lang='grc' dir='ltr'>αὐτοῖς</span> <span class='ocrx_word' id='word_1_151' title='bbox 1467 2021 1675 2083; x_wconf 84' lang='grc' dir='ltr'>δεινῶν,</span> <span class='ocrx_word' id='word_1_152' title='bbox 1695 2022 1789 2076; x_wconf 78' lang='grc' dir='ltr'>καὶ</span> <span class='ocrx_word' id='word_1_153' title='bbox 1814 2021 1894 2074; x_wconf 85' lang='grc' dir='ltr'>δτι</span> <span class='ocrx_word' id='word_1_154' title='bbox 1913 2018 2032 2074; x_wconf 83' lang='grc' dir='ltr'>τού-</span> 
     </span>
    </p>
   </div>
   <div class='ocr_carea' id='block_1_21' title="bbox 454 2108 2029 2190">
    <p class='ocr_par' dir='ltr' id='par_1_21' title="bbox 454 2108 2029 2190">
     <span class='ocr_line' id='line_1_21' title="bbox 454 2108 2029 2190; baseline -0.008 -16"><span class='ocrx_word' id='word_1_155' title='bbox 454 2137 567 2183; x_wconf 82' lang='grc' dir='ltr'>τοις</span> <span class='ocrx_word' id='word_1_156' title='bbox 599 2119 696 2190; x_wconf 88' lang='grc' dir='ltr'>μέν</span> <span class='ocrx_word' id='word_1_157' title='bbox 732 2118 823 2170; x_wconf 89' lang='grc' dir='ltr'>τὸν</span> <span class='ocrx_word' id='word_1_158' title='bbox 874 2115 1063 2187; x_wconf 90' lang='grc' dir='ltr'>μισθὸν</span> <span class='ocrx_word' id='word_1_159' title='bbox 1093 2113 1204 2167; x_wconf 90' lang='grc' dir='ltr'>τῶν</span> <span class='ocrx_word' id='word_1_160' title='bbox 1237 2112 1412 2166; x_wconf 89' lang='grc' dir='ltr'>πόνων</span> <span class='ocrx_word' id='word_1_161' title='bbox 1463 2110 1598 2182; x_wconf 90' lang='grc' dir='ltr'>μετά</span> <span class='ocrx_word' id='word_1_162' title='bbox 1637 2109 1735 2181; x_wconf 78' lang='grc' dir='ltr'>τὴν</span> <span class='ocrx_word' id='word_1_163' title='bbox 1781 2108 2029 2162; x_wconf 88' lang='grc' dir='ltr'>ἐντεῦθεν</span> 
     </span>
    </p>
   </div>
   <div class='ocr_carea' id='block_1_22' title="bbox 453 2201 2027 2279">
    <p class='ocr_par' dir='ltr' id='par_1_22' title="bbox 453 2201 2027 2279">
     <span class='ocr_line' id='line_1_22' title="bbox 453 2201 2027 2279; baseline -0.008 -14"><span class='ocrx_word' id='word_1_164' title='bbox 453 2213 636 2275; x_wconf 88' lang='grc' dir='ltr'>αὐτοῖς</span> <span class='ocrx_word' id='word_1_165' title='bbox 670 2208 977 2279; x_wconf 83' lang='grc' dir='ltr'>ἀποδημίαν</span> <span class='ocrx_word' id='word_1_166' title='bbox 1008 2209 1036 2260; x_wconf 89' lang='lat'>6</span> <span class='ocrx_word' id='word_1_167' title='bbox 1066 2206 1197 2269; x_wconf 86' lang='grc' dir='ltr'>Θεὸς</span> <span class='ocrx_word' id='word_1_168' title='bbox 1235 2203 1618 2274; x_wconf 85' lang='grc' dir='ltr'>ἐπηγγείλατο,</span> <span class='ocrx_word' id='word_1_169' title='bbox 1649 2202 1774 2265; x_wconf 79' lang='grc' dir='ltr'>τούς</span> <span class='ocrx_word' id='word_1_170' title='bbox 1804 2201 1860 2254; x_wconf 89' lang='grc' dir='ltr'>δέ</span> <span class='ocrx_word' id='word_1_171' title='bbox 1892 2218 2027 2272; x_wconf 84' lang='grc' dir='ltr'>προ-</span> 
     </span>
    </p>
   </div>
   <div class='ocr_carea' id='block_1_23' title="bbox 453 2291 2028 2371">
    <p class='ocr_par' dir='ltr' id='par_1_23' title="bbox 453 2291 2028 2371">
     <span class='ocr_line' id='line_1_23' title="bbox 453 2291 2028 2371; baseline -0.008 -15"><span class='ocrx_word' id='word_1_172' title='bbox 453 2303 642 2371; x_wconf 88' lang='grc' dir='ltr'>γόνους</span> <span class='ocrx_word' id='word_1_173' title='bbox 668 2300 845 2355; x_wconf 88' lang='grc' dir='ltr'>αὐτῶν</span> <span class='ocrx_word' id='word_1_174' title='bbox 871 2297 1120 2352; x_wconf 89' lang='grc' dir='ltr'>ἐντεῦθεν</span> <span class='ocrx_word' id='word_1_175' title='bbox 1142 2297 1445 2367; x_wconf 55' lang='grc' dir='ltr'>⁴Ιίιμείοζατο,</span> <span class='ocrx_word' id='word_1_176' title='bbox 1479 2295 1574 2348; x_wconf 75' lang='grc' dir='ltr'>καὶ</span> <span class='ocrx_word' id='word_1_177' title='bbox 1620 2291 1858 2364; x_wconf 78' lang='grc' dir='ltr'>συνορῶν</span> <span class='ocrx_word' id='word_1_178' title='bbox 1901 2293 2028 2345; x_wconf 89' lang='grc' dir='ltr'>πολ-</span> 
     </span>
    </p>
   </div>
   <div class='ocr_carea' id='block_1_24' title="bbox 453 2384 2027 2464">
    <p class='ocr_par' dir='ltr' id='par_1_24' title="bbox 453 2384 2027 2464">
     <span class='ocr_line' id='line_1_24' title="bbox 453 2384 2027 2464; baseline -0.004 -19"><span class='ocrx_word' id='word_1_179' title='bbox 453 2395 550 2464; x_wconf 83' lang='grc' dir='ltr'>λὴν</span> <span class='ocrx_word' id='word_1_180' title='bbox 579 2395 643 2445; x_wconf 84' lang='grc' dir='ltr'>ἐκ</span> <span class='ocrx_word' id='word_1_181' title='bbox 692 2391 798 2443; x_wconf 88' lang='grc' dir='ltr'>τῶν</span> <span class='ocrx_word' id='word_1_182' title='bbox 831 2388 1108 2459; x_wconf 74' lang='grc' dir='ltr'>λογισμῶν</span> <span class='ocrx_word' id='word_1_183' title='bbox 1157 2387 1360 2441; x_wconf 87' lang='grc' dir='ltr'>τούτων</span> <span class='ocrx_word' id='word_1_184' title='bbox 1403 2386 1632 2456; x_wconf 87' lang='grc' dir='ltr'>ἀκηδίαν</span> <span class='ocrx_word' id='word_1_185' title='bbox 1673 2384 2027 2455; x_wconf 89' lang='grc' dir='ltr'>ἐγγινομένην</span> 
     </span>
    </p>
   </div>
   <div class='ocr_carea' id='block_1_25' title="bbox 453 2479 2023 2555">
    <p class='ocr_par' dir='ltr' id='par_1_25' title="bbox 453 2479 2023 2555">
     <span class='ocr_line' id='line_1_25' title="bbox 453 2479 2023 2555; baseline -0.006 -13"><span class='ocrx_word' id='word_1_186' title='bbox 453 2489 636 2549; x_wconf 86' lang='grc' dir='ltr'>αὐτοῖς</span> <span class='ocrx_word' id='word_1_187' title='bbox 663 2527 677 2550; x_wconf 85' lang='grc'>,</span> <span class='ocrx_word' id='word_1_188' title='bbox 719 2485 1040 2555; x_wconf 83' lang='grc' dir='ltr'>βουλόμενος</span> <span class='ocrx_word' id='word_1_189' title='bbox 1073 2484 1270 2546; x_wconf 78' lang='grc' dir='ltr'>αὐτοὺς</span> <span class='ocrx_word' id='word_1_190' title='bbox 1314 2481 1614 2552; x_wconf 79' lang='grc' dir='ltr'>ἀναστῆσαι</span> <span class='ocrx_word' id='word_1_191' title='bbox 1662 2481 1754 2534; x_wconf 71' lang='grc' dir='ltr'>καὶ</span> <span class='ocrx_word' id='word_1_192' title='bbox 1799 2479 2023 2544; x_wconf 78' lang='grc' dir='ltr'>διδάξαι,</span> 
     </span>
    </p>
   </div>
   <div class='ocr_carea' id='block_1_26' title="bbox 452 2568 2030 2642">
    <p class='ocr_par' dir='ltr' id='par_1_26' title="bbox 452 2568 2030 2642">
     <span class='ocr_line' id='line_1_26' title="bbox 452 2568 2030 2642; baseline -0.006 -11"><span class='ocrx_word' id='word_1_193' title='bbox 452 2579 534 2632; x_wconf 82' lang='grc' dir='ltr'>ὅτι</span> <span class='ocrx_word' id='word_1_194' title='bbox 571 2577 665 2629; x_wconf 72' lang='grc' dir='ltr'>καὶ</span> <span class='ocrx_word' id='word_1_195' title='bbox 693 2576 784 2628; x_wconf 75' lang='grc' dir='ltr'>ἐπὶ</span> <span class='ocrx_word' id='word_1_196' title='bbox 811 2573 920 2627; x_wconf 85' lang='grc' dir='ltr'>τῶν</span> <span class='ocrx_word' id='word_1_197' title='bbox 946 2572 1198 2642; x_wconf 83' lang='grc' dir='ltr'>πατέρων</span> <span class='ocrx_word' id='word_1_198' title='bbox 1227 2571 1337 2626; x_wconf 89' lang='grc' dir='ltr'>τῶν</span> <span class='ocrx_word' id='word_1_199' title='bbox 1387 2571 1565 2623; x_wconf 85' lang='grc' dir='ltr'>αὐτῶν</span> <span class='ocrx_word' id='word_1_200' title='bbox 1595 2569 1738 2622; x_wconf 81' lang='grc' dir='ltr'>οῦτω</span> <span class='ocrx_word' id='word_1_201' title='bbox 1774 2569 1843 2623; x_wconf 76' lang='grc' dir='ltr'>τὰ</span> <span class='ocrx_word' id='word_1_202' title='bbox 1897 2568 2030 2640; x_wconf 85' lang='grc' dir='ltr'>πρά-</span> 
     </span>
    </p>
   </div>
   <div class='ocr_carea' id='block_1_27' title="bbox 452 2656 2028 2739">
    <p class='ocr_par' dir='ltr' id='par_1_27' title="bbox 452 2656 2028 2739">
     <span class='ocr_line' id='line_1_27' title="bbox 452 2656 2028 2739; baseline -0.007 -18"><span class='ocrx_word' id='word_1_203' title='bbox 452 2685 637 2739; x_wconf 87' lang='grc' dir='ltr'>γματα</span> <span class='ocrx_word' id='word_1_204' title='bbox 661 2666 1008 2736; x_wconf 78' lang='grc' dir='ltr'>ᾠκονόμητο,</span> <span class='ocrx_word' id='word_1_205' title='bbox 1041 2664 1134 2716; x_wconf 73' lang='grc' dir='ltr'>καὶ</span> <span class='ocrx_word' id='word_1_206' title='bbox 1167 2663 1223 2714; x_wconf 89' lang='grc' dir='ltr'>ἐν</span> <span class='ocrx_word' id='word_1_207' title='bbox 1265 2661 1445 2713; x_wconf 86' lang='grc' dir='ltr'>πίστει</span> <span class='ocrx_word' id='word_1_208' title='bbox 1474 2659 1655 2712; x_wconf 82' lang='grc' dir='ltr'>πολλοὶ</span> <span class='ocrx_word' id='word_1_209' title='bbox 1697 2659 1789 2712; x_wconf 89' lang='grc' dir='ltr'>τὸν</span> <span class='ocrx_word' id='word_1_210' title='bbox 1840 2656 2028 2728; x_wconf 86' lang='grc' dir='ltr'>μισθὸν</span> 
     </span>
    </p>
   </div>
   <div class='ocr_carea' id='block_1_28' title="bbox 453 2747 2029 2822">
    <p class='ocr_par' dir='ltr' id='par_1_28' title="bbox 453 2747 2029 2822">
     <span class='ocr_line' id='line_1_28' title="bbox 453 2747 2029 2822; baseline -0.008 -11"><span class='ocrx_word' id='word_1_211' title='bbox 453 2757 665 2818; x_wconf 63' lang='grc' dir='ltr'>ἔλαϐον,</span> <span class='ocrx_word' id='word_1_212' title='bbox 695 2755 796 2807; x_wconf 87' lang='grc' dir='ltr'>οὐκ</span> <span class='ocrx_word' id='word_1_213' title='bbox 823 2755 880 2806; x_wconf 87' lang='grc' dir='ltr'>ἐν</span> <span class='ocrx_word' id='word_1_214' title='bbox 909 2753 974 2822; x_wconf 80' lang='grc' dir='ltr'>τῇ</span> <span class='ocrx_word' id='word_1_215' title='bbox 1011 2750 1199 2820; x_wconf 78' lang='grc' dir='ltr'>πείρᾳ,</span> <span class='ocrx_word' id='word_1_216' title='bbox 1231 2749 1534 2818; x_wconf 82' lang='grc' dir='ltr'>ἀνέμνησεν</span> <span class='ocrx_word' id='word_1_217' title='bbox 1563 2747 1756 2811; x_wconf 79' lang='grc' dir='ltr'>αὐτοὺς</span> <span class='ocrx_word' id='word_1_218' title='bbox 1783 2747 1879 2818; x_wconf 77' lang='grc' dir='ltr'>τῆς</span> <span class='ocrx_word' id='word_1_219' title='bbox 1904 2763 2029 2818; x_wconf 87' lang='grc' dir='ltr'>προ-</span> 
     </span>
    </p>
   </div>
   <div class='ocr_carea' id='block_1_29' title="bbox 454 2835 2029 2916">
    <p class='ocr_par' dir='ltr' id='par_1_29' title="bbox 454 2835 2029 2916">
     <span class='ocr_line' id='line_1_29' title="bbox 454 2835 2029 2916; baseline -0.004 -18"><span class='ocrx_word' id='word_1_220' title='bbox 454 2845 691 2916; x_wconf 77' lang='grc' dir='ltr'>φητικῆς</span> <span class='ocrx_word' id='word_1_221' title='bbox 719 2845 945 2914; x_wconf 77' lang='grc' dir='ltr'>ρήσεως,</span> <span class='ocrx_word' id='word_1_222' title='bbox 977 2839 1143 2894; x_wconf 83' lang='grc' dir='ltr'>εἰπών</span> <span class='ocrx_word' id='word_1_223' title='bbox 1166 2855 1178 2868; x_wconf 92' lang='grc'><strong>·</strong></span> <span class='ocrx_word' id='word_1_224' title='bbox 1211 2840 1498 2907; x_wconf 79' lang='grc' dir='ltr'>Ἔχοντες</span> <span class='ocrx_word' id='word_1_225' title='bbox 1526 2835 1592 2891; x_wconf 81' lang='grc' dir='ltr'>τὸ</span> <span class='ocrx_word' id='word_1_226' title='bbox 1615 2836 1761 2891; x_wconf 83' lang='grc' dir='ltr'>αὐτὸ</span> <span class='ocrx_word' id='word_1_227' title='bbox 1788 2837 2029 2906; x_wconf 81' lang='grc' dir='ltr'>Πνεῦμα</span> 
     </span>
    </p>
   </div>
   <div class='ocr_carea' id='block_1_30' title="bbox 453 2929 2024 3004">
    <p class='ocr_par' dir='ltr' id='par_1_30' title="bbox 453 2929 2024 3004">
     <span class='ocr_line' id='line_1_30' title="bbox 453 2929 2024 3004; baseline -0.006 -12"><span class='ocrx_word' id='word_1_228' title='bbox 453 2937 564 3004; x_wconf 80' lang='grc' dir='ltr'>τῆς</span> <span class='ocrx_word' id='word_1_229' title='bbox 597 2936 853 2999; x_wconf 77' lang='grc' dir='ltr'>πίστεως</span> <span class='ocrx_word' id='word_1_230' title='bbox 871 2972 886 2998; x_wconf 97' lang='grc'>,</span> <span class='ocrx_word' id='word_1_231' title='bbox 911 2933 1060 2988; x_wconf 81' lang='grc' dir='ltr'>κατά</span> <span class='ocrx_word' id='word_1_232' title='bbox 1079 2932 1146 2986; x_wconf 82' lang='grc' dir='ltr'>τὸ</span> <span class='ocrx_word' id='word_1_233' title='bbox 1167 2929 1571 3001; x_wconf 79' lang='grc' dir='ltr'>γεγραμμένον</span> <span class='ocrx_word' id='word_1_234' title='bbox 1592 2945 1606 2959; x_wconf 74' lang='grc' dir='ltr'><strong><em>ο</em></strong></span> <span class='ocrx_word' id='word_1_235' title='bbox 1639 2929 2024 2993; x_wconf 76' lang='grc' dir='ltr'>Ἐπίστευσα,</span> 
     </span>
    </p>
   </div>
   <div class='ocr_carea' id='block_1_31' title="bbox 454 3020 2026 3093">
    <p class='ocr_par' dir='ltr' id='par_1_31' title="bbox 454 3020 2026 3093">
     <span class='ocr_line' id='line_1_31' title="bbox 454 3020 2026 3093; baseline -0.004 -13"><span class='ocrx_word' id='word_1_236' title='bbox 454 3026 548 3080; x_wconf 82' lang='grc' dir='ltr'>διὸ</span> <span class='ocrx_word' id='word_1_237' title='bbox 580 3025 855 3092; x_wconf 76' lang='grc' dir='ltr'>ἐλάλησα</span> <span class='ocrx_word' id='word_1_238' title='bbox 880 3040 894 3054; x_wconf 76' lang='grc' dir='ltr'><strong>ο</strong></span> <span class='ocrx_word' id='word_1_239' title='bbox 949 3023 1229 3093; x_wconf 78' lang='grc' dir='ltr'>μονονουχὶ</span> <span class='ocrx_word' id='word_1_240' title='bbox 1260 3021 1467 3090; x_wconf 90' lang='grc' dir='ltr'>λέγων,</span> <span class='ocrx_word' id='word_1_241' title='bbox 1518 3020 1598 3074; x_wconf 82' lang='grc' dir='ltr'>ὅτι</span> <span class='ocrx_word' id='word_1_242' title='bbox 1652 3021 1746 3074; x_wconf 80' lang='grc' dir='ltr'>καὶ</span> <span class='ocrx_word' id='word_1_243' title='bbox 1791 3022 1819 3074; x_wconf 98' lang='lat'>6</span> <span class='ocrx_word' id='word_1_244' title='bbox 1855 3020 2026 3091; x_wconf 81' lang='grc' dir='ltr'>μέγας</span> 
     </span>
    </p>
   </div>
   <div class='ocr_carea' id='block_1_32' title="bbox 453 3111 2024 3186">
    <p class='ocr_par' dir='ltr' id='par_1_32' title="bbox 453 3111 2024 3186">
     <span class='ocr_line' id='line_1_32' title="bbox 453 3111 2024 3186; baseline -0.006 -14"><span class='ocrx_word' id='word_1_245' title='bbox 453 3118 617 3172; x_wconf 78' lang='grc' dir='ltr'>Δαϐὶδ</span> <span class='ocrx_word' id='word_1_246' title='bbox 640 3157 655 3182; x_wconf 93' lang='grc'>,</span> <span class='ocrx_word' id='word_1_247' title='bbox 681 3118 709 3170; x_wconf 93' lang='lat'>6</span> <span class='ocrx_word' id='word_1_248' title='bbox 741 3113 1052 3186; x_wconf 81' lang='grc' dir='ltr'>Θαυμαστὸς</span> <span class='ocrx_word' id='word_1_249' title='bbox 1101 3114 1194 3166; x_wconf 80' lang='grc' dir='ltr'>καὶ</span> <span class='ocrx_word' id='word_1_250' title='bbox 1221 3113 1464 3180; x_wconf 82' lang='grc' dir='ltr'>γενναῖος</span> <span class='ocrx_word' id='word_1_251' title='bbox 1493 3111 1776 3182; x_wconf 80' lang='grc' dir='ltr'>προφήτης</span> <span class='ocrx_word' id='word_1_252' title='bbox 1802 3111 2024 3174; x_wconf 83' lang='grc' dir='ltr'>ἐκεῖνος,</span> 
     </span>
    </p>
   </div>
   <div class='ocr_carea' id='block_1_33' title="bbox 457 3199 2026 3278">
    <p class='ocr_par' dir='ltr' id='par_1_33' title="bbox 457 3199 2026 3278">
     <span class='ocr_line' id='line_1_33' title="bbox 457 3199 2026 3278; baseline -0.006 -16"><span class='ocrx_word' id='word_1_253' title='bbox 457 3209 634 3262; x_wconf 82' lang='grc' dir='ltr'>πίστει</span> <span class='ocrx_word' id='word_1_254' title='bbox 657 3207 756 3278; x_wconf 78' lang='grc' dir='ltr'>τὴν</span> <span class='ocrx_word' id='word_1_255' title='bbox 780 3204 1014 3276; x_wconf 82' lang='grc' dir='ltr'>ἀμοιϐὴν</span> <span class='ocrx_word' id='word_1_256' title='bbox 1043 3202 1354 3274; x_wconf 83' lang='grc' dir='ltr'>ἐκομίσατο,</span> <span class='ocrx_word' id='word_1_257' title='bbox 1380 3201 1499 3271; x_wconf 72' lang='grc' dir='ltr'>οὐχὶ</span> <span class='ocrx_word' id='word_1_258' title='bbox 1519 3203 1582 3270; x_wconf 82' lang='grc' dir='ltr'>τῇ</span> <span class='ocrx_word' id='word_1_259' title='bbox 1611 3199 1802 3270; x_wconf 77' lang='grc' dir='ltr'>πείρα’</span> <span class='ocrx_word' id='word_1_260' title='bbox 1831 3201 1888 3252; x_wconf 86' lang='grc' dir='ltr'>οὐ</span> <span class='ocrx_word' id='word_1_261' title='bbox 1919 3201 2026 3270; x_wconf 84' lang='grc' dir='ltr'>γὰρ</span> 
     </span>
    </p>
   </div>
   <div class='ocr_carea' id='block_1_34' title="bbox 455 3287 2023 3368">
    <p class='ocr_par' dir='ltr' id='par_1_34' title="bbox 455 3287 2023 3368">
     <span class='ocr_line' id='line_1_34' title="bbox 455 3287 2023 3368; baseline -0.006 -17"><span class='ocrx_word' id='word_1_262' title='bbox 455 3299 522 3352; x_wconf 83' lang='grc' dir='ltr'>ἂν</span> <span class='ocrx_word' id='word_1_263' title='bbox 542 3338 556 3360; x_wconf 91' lang='grc'>,</span> <span class='ocrx_word' id='word_1_264' title='bbox 591 3298 640 3350; x_wconf 88' lang='grc' dir='ltr'>εί</span> <span class='ocrx_word' id='word_1_265' title='bbox 689 3296 763 3368; x_wconf 76' lang='grc' dir='ltr'>μὴ</span> <span class='ocrx_word' id='word_1_266' title='bbox 796 3295 956 3353; x_wconf 79' lang='grc' dir='ltr'>τοῦτο</span> <span class='ocrx_word' id='word_1_267' title='bbox 979 3288 1078 3364; x_wconf 80' lang='grc' dir='ltr'>ἦν,</span> <span class='ocrx_word' id='word_1_268' title='bbox 1124 3287 1276 3345; x_wconf 74' lang='grc' dir='ltr'>εἶπεν</span> <span class='ocrx_word' id='word_1_269' title='bbox 1296 3331 1310 3356; x_wconf 96' lang='grc'>,</span> <span class='ocrx_word' id='word_1_270' title='bbox 1351 3290 1721 3344; x_wconf 80' lang='grc' dir='ltr'>Ἐπίστευσα</span> <span class='ocrx_word' id='word_1_271' title='bbox 1745 3329 1759 3354; x_wconf 95' lang='grc'>,</span> <span class='ocrx_word' id='word_1_272' title='bbox 1809 3287 1898 3342; x_wconf 81' lang='grc' dir='ltr'>διὸ</span> <span class='ocrx_word' id='word_1_273' title='bbox 1927 3289 2023 3343; x_wconf 76' lang='grc' dir='ltr'>καί</span> 
     </span>
    </p>
   </div>
   <div class='ocr_carea' id='block_1_35' title="bbox 451 3379 2029 3456">
    <p class='ocr_par' dir='ltr' id='par_1_35' title="bbox 451 3379 2029 3456">
     <span class='ocr_line' id='line_1_35' title="bbox 451 3379 2029 3456; baseline -0.006 -14"><span class='ocrx_word' id='word_1_274' title='bbox 451 3389 750 3456; x_wconf 77' lang='grc' dir='ltr'>ἐλάλησα.</span> <span class='ocrx_word' id='word_1_275' title='bbox 784 3387 848 3439; x_wconf 82' lang='grc' dir='ltr'><strong>Ἦ</strong></span> <span class='ocrx_word' id='word_1_276' title='bbox 881 3385 991 3456; x_wconf 73' lang='grc' dir='ltr'>γὰρ</span> <span class='ocrx_word' id='word_1_277' title='bbox 1017 3384 1198 3446; x_wconf 86' lang='grc' dir='ltr'>πίστις</span> <span class='ocrx_word' id='word_1_278' title='bbox 1230 3379 1596 3451; x_wconf 77' lang='grc' dir='ltr'>ἐλπιζομένων</span> <span class='ocrx_word' id='word_1_279' title='bbox 1625 3379 1772 3434; x_wconf 71' lang='grc' dir='ltr'>ἐστὶν</span> <span class='ocrx_word' id='word_1_280' title='bbox 1799 3379 2029 3433; x_wconf 85' lang='grc' dir='ltr'>ὐπόστα-</span> 
     </span>
    </p>
   </div>
   <div class='ocr_carea' id='block_1_36' title="bbox 455 3469 2022 3550">
    <p class='ocr_par' dir='ltr' id='par_1_36' title="bbox 455 3469 2022 3550">
     <span class='ocr_line' id='line_1_36' title="bbox 455 3469 2022 3550; baseline -0.006 -16"><span class='ocrx_word' id='word_1_281' title='bbox 455 3497 539 3543; x_wconf 93' lang='grc' dir='ltr'>σις</span> <span class='ocrx_word' id='word_1_282' title='bbox 569 3477 928 3550; x_wconf 80' lang='grc' dir='ltr'>πραγμάτων,</span> <span class='ocrx_word' id='word_1_283' title='bbox 957 3475 1017 3527; x_wconf 85' lang='grc' dir='ltr'>οὐ</span> <span class='ocrx_word' id='word_1_284' title='bbox 1055 3472 1426 3544; x_wconf 72' lang='grc' dir='ltr'>βλεπομένωνο</span> <span class='ocrx_word' id='word_1_285' title='bbox 1457 3470 1486 3523; x_wconf 88' lang='lat'>6</span> <span class='ocrx_word' id='word_1_286' title='bbox 1514 3471 1569 3523; x_wconf 89' lang='grc' dir='ltr'>δέ</span> <span class='ocrx_word' id='word_1_287' title='bbox 1605 3469 1790 3540; x_wconf 81' lang='grc' dir='ltr'>βλέπει</span> <span class='ocrx_word' id='word_1_288' title='bbox 1819 3488 1902 3534; x_wconf 88' lang='grc' dir='ltr'>τις</span> <span class='ocrx_word' id='word_1_289' title='bbox 1922 3511 1937 3536; x_wconf 95' lang='grc'>,</span> <span class='ocrx_word' id='word_1_290' title='bbox 1961 3471 2022 3524; x_wconf 90' lang='grc' dir='ltr'>οὐ</span> 
     </span>
    </p>
   </div>
   <div class='ocr_carea' id='block_1_37' title="bbox 455 3560 2023 3631">
    <p class='ocr_par' dir='ltr' id='par_1_37' title="bbox 455 3560 2023 3631">
     <span class='ocr_line' id='line_1_37' title="bbox 455 3560 2023 3631; baseline -0.006 -9"><span class='ocrx_word' id='word_1_291' title='bbox 455 3570 670 3631; x_wconf 86' lang='grc' dir='ltr'>πάντως</span> <span class='ocrx_word' id='word_1_292' title='bbox 700 3567 794 3621; x_wconf 71' lang='grc' dir='ltr'>καὶ</span> <span class='ocrx_word' id='word_1_293' title='bbox 816 3565 1043 3627; x_wconf 75' lang='grc' dir='ltr'>ἐλπίζει.</span> <span class='ocrx_word' id='word_1_294' title='bbox 1081 3565 1144 3616; x_wconf 75' lang='lat' dir='ltr'>El</span> <span class='ocrx_word' id='word_1_295' title='bbox 1172 3563 1351 3616; x_wconf 86' lang='grc' dir='ltr'>τοίνυν</span> <span class='ocrx_word' id='word_1_296' title='bbox 1377 3561 1688 3624; x_wconf 88' lang='grc' dir='ltr'>ἐπίστευσε,</span> <span class='ocrx_word' id='word_1_297' title='bbox 1724 3563 1838 3624; x_wconf 88' lang='grc' dir='ltr'>τοῖς</span> <span class='ocrx_word' id='word_1_298' title='bbox 1869 3560 2023 3613; x_wconf 71' lang='grc' dir='ltr'>ἐλπιοο</span> 
     </span>
    </p>
   </div>
   <div class='ocr_carea' id='block_1_38' title="bbox 456 3647 2026 3728">
    <p class='ocr_par' dir='ltr' id='par_1_38' title="bbox 456 3647 2026 3728">
     <span class='ocr_line' id='line_1_38' title="bbox 456 3647 2026 3728; baseline -0.007 -17"><span class='ocrx_word' id='word_1_299' title='bbox 456 3657 700 3728; x_wconf 78' lang='grc' dir='ltr'>ζομένοις</span> <span class='ocrx_word' id='word_1_300' title='bbox 747 3653 1084 3707; x_wconf 88' lang='grc' dir='ltr'>ἐπίστευσεν.</span> <span class='ocrx_word' id='word_1_301' title='bbox 1120 3650 1182 3703; x_wconf 64' lang='lat' dir='ltr'>Et</span> <span class='ocrx_word' id='word_1_302' title='bbox 1231 3651 1288 3702; x_wconf 86' lang='grc' dir='ltr'>δέ</span> <span class='ocrx_word' id='word_1_303' title='bbox 1340 3651 1450 3712; x_wconf 86' lang='grc' dir='ltr'>τοῖς</span> <span class='ocrx_word' id='word_1_304' title='bbox 1499 3647 1872 3718; x_wconf 74' lang='grc' dir='ltr'>ἐλπιζομένοις</span> <span class='ocrx_word' id='word_1_305' title='bbox 1907 3648 2026 3702; x_wconf 80' lang='grc' dir='ltr'>ἐπίο</span> 
     </span>
    </p>
   </div>
   <div class='ocr_carea' id='block_1_39' title="bbox 457 3735 2024 3812">
    <p class='ocr_par' dir='ltr' id='par_1_39' title="bbox 457 3735 2024 3812">
     <span class='ocr_line' id='line_1_39' title="bbox 457 3735 2024 3812; baseline -0.006 -10"><span class='ocrx_word' id='word_1_306' title='bbox 457 3765 670 3810; x_wconf 85' lang='grc' dir='ltr'>στευσε,</span> <span class='ocrx_word' id='word_1_307' title='bbox 702 3745 771 3798; x_wconf 82' lang='grc' dir='ltr'>τὰ</span> <span class='ocrx_word' id='word_1_308' title='bbox 797 3745 854 3797; x_wconf 89' lang='grc' dir='ltr'>δέ</span> <span class='ocrx_word' id='word_1_309' title='bbox 875 3741 1199 3812; x_wconf 75' lang='grc' dir='ltr'>ἐλπιζόμενα</span> <span class='ocrx_word' id='word_1_310' title='bbox 1226 3741 1435 3793; x_wconf 89' lang='grc' dir='ltr'>οὐδέπω</span> <span class='ocrx_word' id='word_1_311' title='bbox 1466 3739 1741 3808; x_wconf 80' lang='grc' dir='ltr'>βλέπεται,</span> <span class='ocrx_word' id='word_1_312' title='bbox 1773 3738 1925 3792; x_wconf 84' lang='grc' dir='ltr'>οῦπω</span> <span class='ocrx_word' id='word_1_313' title='bbox 1955 3735 2024 3810; x_wconf 82' lang='grc' dir='ltr'>ἦν</span> 
     </span>
    </p>
   </div>
   <div class='ocr_carea' id='block_1_40' title="bbox 454 3829 2023 3908">
    <p class='ocr_par' dir='ltr' id='par_1_40' title="bbox 454 3829 2023 3908">
     <span class='ocr_line' id='line_1_40' title="bbox 454 3829 2023 3908; baseline -0.007 -15"><span class='ocrx_word' id='word_1_314' title='bbox 454 3837 768 3908; x_wconf 78' lang='grc' dir='ltr'>ἀπειληφὼς</span> <span class='ocrx_word' id='word_1_315' title='bbox 808 3834 1015 3897; x_wconf 89' lang='grc' dir='ltr'>ταῦτα,</span> <span class='ocrx_word' id='word_1_316' title='bbox 1055 3834 1134 3895; x_wconf 90' lang='grc' dir='ltr'>είς</span> <span class='ocrx_word' id='word_1_317' title='bbox 1185 3832 1326 3903; x_wconf 76' lang='grc' dir='ltr'>ἅπερ</span> <span class='ocrx_word' id='word_1_318' title='bbox 1367 3831 1649 3884; x_wconf 76' lang='grc' dir='ltr'>ἐπίστευσε</span> <span class='ocrx_word' id='word_1_319' title='bbox 1674 3847 1688 3862; x_wconf 77' lang='grc' dir='ltr'><strong><em>ο</em></strong></span> <span class='ocrx_word' id='word_1_320' title='bbox 1732 3829 1820 3883; x_wconf 84' lang='grc' dir='ltr'>διά</span> <span class='ocrx_word' id='word_1_321' title='bbox 1867 3830 2023 3883; x_wconf 87' lang='grc' dir='ltr'>τοῦτό</span> 
     </span>
    </p>
   </div>
   <div class='ocr_carea' id='block_1_41' title="bbox 455 3919 2018 4002">
    <p class='ocr_par' dir='ltr' id='par_1_41' title="bbox 455 3919 2018 4002">
     <span class='ocr_line' id='line_1_41' title="bbox 455 3919 2018 4002; baseline -0.009 -17"><span class='ocrx_word' id='word_1_322' title='bbox 455 3949 618 4002; x_wconf 83' lang='grc' dir='ltr'>φησιν</span> <span class='ocrx_word' id='word_1_323' title='bbox 642 3971 656 3995; x_wconf 99' lang='grc'>,</span> <span class='ocrx_word' id='word_1_324' title='bbox 685 3930 970 3996; x_wconf 85' lang='grc' dir='ltr'>Ἔχοντες</span> <span class='ocrx_word' id='word_1_325' title='bbox 1018 3923 1084 3977; x_wconf 85' lang='grc' dir='ltr'>τὸ</span> <span class='ocrx_word' id='word_1_326' title='bbox 1117 3921 1262 3977; x_wconf 81' lang='grc' dir='ltr'>αὐτὸ</span> <span class='ocrx_word' id='word_1_327' title='bbox 1294 3921 1536 3990; x_wconf 78' lang='grc' dir='ltr'>Πνεῦμα</span> <span class='ocrx_word' id='word_1_328' title='bbox 1584 3919 1695 3988; x_wconf 83' lang='grc' dir='ltr'>τῆς</span> <span class='ocrx_word' id='word_1_329' title='bbox 1741 3922 2018 3988; x_wconf 76' lang='grc' dir='ltr'>πίστεως,</span> 
     </span>
    </p>
   </div>
   <div class='ocr_carea' id='block_1_42' title="bbox 451 4012 2024 4087">
    <p class='ocr_par' dir='ltr' id='par_1_42' title="bbox 451 4012 2024 4087">
     <span class='ocr_line' id='line_1_42' title="bbox 451 4012 2024 4087; baseline -0.006 -12"><span class='ocrx_word' id='word_1_330' title='bbox 451 4023 596 4075; x_wconf 77' lang='grc' dir='ltr'>τοῦτ’</span> <span class='ocrx_word' id='word_1_331' title='bbox 620 4021 754 4083; x_wconf 87' lang='grc' dir='ltr'>ἐστι,</span> <span class='ocrx_word' id='word_1_332' title='bbox 788 4017 885 4087; x_wconf 85' lang='grc' dir='ltr'>τὴν</span> <span class='ocrx_word' id='word_1_333' title='bbox 911 4015 1078 4086; x_wconf 77' lang='grc' dir='ltr'>αὐτὴν</span> <span class='ocrx_word' id='word_1_334' title='bbox 1107 4012 1308 4075; x_wconf 90' lang='grc' dir='ltr'>πίστιν,</span> <span class='ocrx_word' id='word_1_335' title='bbox 1335 4013 1434 4082; x_wconf 78' lang='grc' dir='ltr'>τὴν</span> <span class='ocrx_word' id='word_1_336' title='bbox 1475 4013 1532 4064; x_wconf 89' lang='grc' dir='ltr'>ἐν</span> <span class='ocrx_word' id='word_1_337' title='bbox 1563 4014 1628 4083; x_wconf 81' lang='grc' dir='ltr'>τῇ</span> <span class='ocrx_word' id='word_1_338' title='bbox 1658 4012 1869 4084; x_wconf 77' lang='grc' dir='ltr'>ΙΙαλαιᾷ</span> <span class='ocrx_word' id='word_1_339' title='bbox 1891 4052 1904 4076; x_wconf 93' lang='grc'>,</span> <span class='ocrx_word' id='word_1_340' title='bbox 1929 4013 2024 4067; x_wconf 77' lang='grc' dir='ltr'>καὶ</span> 
     </span>
    </p>
   </div>
   <div class='ocr_carea' id='block_1_43' title="bbox 451 4103 2023 4186">
    <p class='ocr_par' dir='ltr' id='par_1_43' title="bbox 451 4103 2023 4186">
     <span class='ocr_line' id='line_1_43' title="bbox 451 4103 2023 4186; baseline -0.006 -19"><span class='ocrx_word' id='word_1_341' title='bbox 451 4116 610 4186; x_wconf 66' lang='grc' dir='ltr'>ἡμεῖς</span> <span class='ocrx_word' id='word_1_342' title='bbox 644 4112 855 4182; x_wconf 81' lang='grc' dir='ltr'>ἔχομεν.</span> <span class='ocrx_word' id='word_1_343' title='bbox 881 4107 979 4160; x_wconf 82' lang='grc' dir='ltr'>Διά</span> <span class='ocrx_word' id='word_1_344' title='bbox 1010 4107 1166 4158; x_wconf 85' lang='grc' dir='ltr'>τοῦτο</span> <span class='ocrx_word' id='word_1_345' title='bbox 1185 4104 1278 4158; x_wconf 76' lang='grc' dir='ltr'>καὶ</span> <span class='ocrx_word' id='word_1_346' title='bbox 1305 4103 1538 4174; x_wconf 82' lang='grc' dir='ltr'>ἀλλαχοῦ</span> <span class='ocrx_word' id='word_1_347' title='bbox 1576 4120 1729 4174; x_wconf 84' lang='grc' dir='ltr'>φησι,</span> <span class='ocrx_word' id='word_1_348' title='bbox 1759 4107 1887 4174; x_wconf 75' lang='grc' dir='ltr'>περὶ</span> <span class='ocrx_word' id='word_1_349' title='bbox 1915 4104 2023 4158; x_wconf 87' lang='grc' dir='ltr'>τῶν</span> 
     </span>
    </p>
   </div>
   <div class='ocr_carea' id='block_1_44' title="bbox 452 4193 2020 4268">
    <p class='ocr_par' dir='ltr' id='par_1_44' title="bbox 452 4193 2020 4268">
     <span class='ocr_line' id='line_1_44' title="bbox 452 4193 2020 4268; baseline -0.006 -11"><span class='ocrx_word' id='word_1_350' title='bbox 452 4204 572 4256; x_wconf 84' lang='grc' dir='ltr'>τότε</span> <span class='ocrx_word' id='word_1_351' title='bbox 603 4201 772 4268; x_wconf 83' lang='grc' dir='ltr'>ἁγίων</span> <span class='ocrx_word' id='word_1_352' title='bbox 791 4197 962 4265; x_wconf 89' lang='grc' dir='ltr'>λέγων</span> <span class='ocrx_word' id='word_1_353' title='bbox 987 4212 1000 4227; x_wconf 92' lang='grc'><strong>·</strong></span> <span class='ocrx_word' id='word_1_354' title='bbox 1027 4194 1361 4262; x_wconf 85' lang='grc' dir='ltr'>Περιῆλθον</span> <span class='ocrx_word' id='word_1_355' title='bbox 1379 4193 1448 4246; x_wconf 82' lang='grc' dir='ltr'>ἐν</span> <span class='ocrx_word' id='word_1_356' title='bbox 1466 4193 1771 4262; x_wconf 77' lang='grc' dir='ltr'>μηλωταῖς</span> <span class='ocrx_word' id='word_1_357' title='bbox 1789 4236 1803 4259; x_wconf 89' lang='grc'>,</span> <span class='ocrx_word' id='word_1_358' title='bbox 1831 4193 1899 4247; x_wconf 85' lang='grc' dir='ltr'>ἐν</span> <span class='ocrx_word' id='word_1_359' title='bbox 1931 4195 2020 4247; x_wconf 84' lang='grc' dir='ltr'>αι-</span> 
     </span>
    </p>
   </div>
   <div class='ocr_carea' id='block_1_45' title="bbox 451 4285 2019 4365">
    <p class='ocr_par' dir='ltr' id='par_1_45' title="bbox 451 4285 2019 4365">
     <span class='ocr_line' id='line_1_45' title="bbox 451 4285 2019 4365; baseline -0.006 -18"><span class='ocrx_word' id='word_1_360' title='bbox 451 4295 633 4365; x_wconf 77' lang='grc' dir='ltr'>τείοις</span> <span class='ocrx_word' id='word_1_361' title='bbox 673 4289 960 4358; x_wconf 80' lang='grc' dir='ltr'>δέρμασιν</span> <span class='ocrx_word' id='word_1_362' title='bbox 983 4326 998 4350; x_wconf 94' lang='grc'>,</span> <span class='ocrx_word' id='word_1_363' title='bbox 1030 4285 1484 4354; x_wconf 77' lang='grc' dir='ltr'>ὑστερούμενοι,</span> <span class='ocrx_word' id='word_1_364' title='bbox 1521 4285 1850 4353; x_wconf 78' lang='grc' dir='ltr'>θλιϐόμενοι</span> <span class='ocrx_word' id='word_1_365' title='bbox 1873 4325 1887 4345; x_wconf 88' lang='grc'>,</span> <span class='ocrx_word' id='word_1_366' title='bbox 1915 4301 2019 4338; x_wconf 80' lang='grc' dir='ltr'>κα-</span> 
     </span>
    </p>
   </div>
   <div class='ocr_carea' id='block_1_46' title="bbox 452 4371 2018 4451">
    <p class='ocr_par' dir='ltr' id='par_1_46' title="bbox 452 4371 2018 4451">
     <span class='ocr_line' id='line_1_46' title="bbox 452 4371 2018 4451; baseline -0.004 -16"><span class='ocrx_word' id='word_1_367' title='bbox 452 4383 844 4451; x_wconf 81' lang='grc' dir='ltr'>κουχούμενοι</span> <span class='ocrx_word' id='word_1_368' title='bbox 864 4417 880 4443; x_wconf 90' lang='grc'>,</span> <span class='ocrx_word' id='word_1_369' title='bbox 914 4372 1000 4431; x_wconf 86' lang='grc' dir='ltr'>ὧν</span> <span class='ocrx_word' id='word_1_370' title='bbox 1020 4377 1128 4430; x_wconf 81' lang='grc' dir='ltr'>οὐκ</span> <span class='ocrx_word' id='word_1_371' title='bbox 1153 4371 1232 4445; x_wconf 79' lang='grc' dir='ltr'>ἦν</span> <span class='ocrx_word' id='word_1_372' title='bbox 1259 4374 1426 4441; x_wconf 74' lang='grc' dir='ltr'>ἄξιος</span> <span class='ocrx_word' id='word_1_373' title='bbox 1459 4377 1493 4429; x_wconf 83' lang='grc' dir='ltr'><em>ὀ</em></span> <span class='ocrx_word' id='word_1_374' title='bbox 1512 4376 1737 4444; x_wconf 85' lang='grc' dir='ltr'>κόσμος</span> <span class='ocrx_word' id='word_1_375' title='bbox 1762 4391 1774 4404; x_wconf 87' lang='grc'><strong>·</strong></span> <span class='ocrx_word' id='word_1_376' title='bbox 1799 4371 1916 4428; x_wconf 85' lang='grc' dir='ltr'>εἶτα</span> <span class='ocrx_word' id='word_1_377' title='bbox 1939 4376 2018 4428; x_wconf 89' lang='grc' dir='ltr'>δι-</span> 
     </span>
    </p>
   </div>
   <div class='ocr_carea' id='block_1_47' title="bbox 449 4465 2020 4537">
    <p class='ocr_par' dir='ltr' id='par_1_47' title="bbox 449 4465 2020 4537">
     <span class='ocr_line' id='line_1_47' title="bbox 449 4465 2020 4537; baseline -0.005 -11"><span class='ocrx_word' id='word_1_378' title='bbox 449 4474 684 4533; x_wconf 81' lang='grc' dir='ltr'>δάσκων,</span> <span class='ocrx_word' id='word_1_379' title='bbox 710 4471 790 4522; x_wconf 85' lang='grc' dir='ltr'>δτι</span> <span class='ocrx_word' id='word_1_380' title='bbox 814 4469 882 4521; x_wconf 89' lang='grc' dir='ltr'>τά</span> <span class='ocrx_word' id='word_1_381' title='bbox 907 4466 1055 4520; x_wconf 88' lang='grc' dir='ltr'>δεινά</span> <span class='ocrx_word' id='word_1_382' title='bbox 1089 4465 1187 4537; x_wconf 87' lang='grc' dir='ltr'>μέν</span> <span class='ocrx_word' id='word_1_383' title='bbox 1211 4465 1525 4536; x_wconf 80' lang='grc' dir='ltr'>ὑπέμειναν,</span> <span class='ocrx_word' id='word_1_384' title='bbox 1559 4466 1684 4529; x_wconf 83' lang='grc' dir='ltr'>τούς</span> <span class='ocrx_word' id='word_1_385' title='bbox 1711 4465 1766 4518; x_wconf 85' lang='grc' dir='ltr'>δὲ</span> <span class='ocrx_word' id='word_1_386' title='bbox 1797 4466 2020 4537; x_wconf 76' lang='grc' dir='ltr'>μισθοὺς</span> 
     </span>
    </p>
   </div>
   <div class='ocr_carea' id='block_1_48' title="bbox 449 4556 2019 4627">
    <p class='ocr_par' dir='ltr' id='par_1_48' title="bbox 449 4556 2019 4627">
     <span class='ocr_line' id='line_1_48' title="bbox 449 4556 2019 4627; baseline -0.003 -11"><span class='ocrx_word' id='word_1_387' title='bbox 449 4563 658 4616; x_wconf 88' lang='grc' dir='ltr'>οὐδέπω</span> <span class='ocrx_word' id='word_1_388' title='bbox 686 4562 780 4614; x_wconf 69' lang='grc' dir='ltr'>καὶ</span> <span class='ocrx_word' id='word_1_389' title='bbox 821 4559 916 4612; x_wconf 92' lang='grc' dir='ltr'>νῦν</span> <span class='ocrx_word' id='word_1_390' title='bbox 967 4556 1237 4610; x_wconf 86' lang='grc' dir='ltr'>ἀπέλαϐον</span> <span class='ocrx_word' id='word_1_391' title='bbox 1261 4596 1276 4621; x_wconf 95' lang='grc'>,</span> <span class='ocrx_word' id='word_1_392' title='bbox 1316 4557 1562 4627; x_wconf 82' lang='grc' dir='ltr'>ἐπήγαγε</span> <span class='ocrx_word' id='word_1_393' title='bbox 1613 4556 1786 4625; x_wconf 88' lang='grc' dir='ltr'>λέγων</span> <span class='ocrx_word' id='word_1_394' title='bbox 1811 4573 1824 4589; x_wconf 78' lang='grc' dir='ltr'><strong><em>ο</em></strong></span> <span class='ocrx_word' id='word_1_395' title='bbox 1859 4557 2019 4611; x_wconf 81' lang='grc' dir='ltr'>Κατὰ</span> 
     </span>
    </p>
   </div>
   <div class='ocr_carea' id='block_1_49' title="bbox 448 4643 2019 4717">
    <p class='ocr_par' dir='ltr' id='par_1_49' title="bbox 448 4643 2019 4717">
     <span class='ocr_line' id='line_1_49' title="bbox 448 4643 2019 4717; baseline -0.002 -13"><span class='ocrx_word' id='word_1_396' title='bbox 448 4651 564 4716; x_wconf 78' lang='grc' dir='ltr'>τὴν</span> <span class='ocrx_word' id='word_1_397' title='bbox 588 4651 795 4703; x_wconf 79' lang='grc' dir='ltr'>πίστιν</span> <span class='ocrx_word' id='word_1_398' title='bbox 824 4647 1126 4702; x_wconf 69' lang='grc' dir='ltr'>ἀπέθανον</span> <span class='ocrx_word' id='word_1_399' title='bbox 1161 4643 1323 4704; x_wconf 83' lang='grc' dir='ltr'>οὗτοι</span> <span class='ocrx_word' id='word_1_400' title='bbox 1356 4645 1578 4712; x_wconf 83' lang='grc' dir='ltr'>πάντες</span> <span class='ocrx_word' id='word_1_401' title='bbox 1603 4687 1617 4709; x_wconf 93' lang='grc'>,</span> <span class='ocrx_word' id='word_1_402' title='bbox 1656 4650 1742 4714; x_wconf 83' lang='grc' dir='ltr'>μὴ</span> <span class='ocrx_word' id='word_1_403' title='bbox 1775 4648 2019 4717; x_wconf 83' lang='grc' dir='ltr'>κομισά-</span> 
     </span>
    </p>
   </div>
   <div class='ocr_carea' id='block_1_50' title="bbox 445 4738 2010 4810">
    <p class='ocr_par' dir='ltr' id='par_1_50' title="bbox 445 4738 2010 4810">
     <span class='ocr_line' id='line_1_50' title="bbox 445 4738 2010 4810; baseline 0 -18"><span class='ocrx_word' id='word_1_404' title='bbox 445 4757 614 4810; x_wconf 82' lang='grc' dir='ltr'>μενοι</span> <span class='ocrx_word' id='word_1_405' title='bbox 659 4739 765 4802; x_wconf 87' lang='grc' dir='ltr'>τὰς</span> <span class='ocrx_word' id='word_1_406' title='bbox 814 4739 1172 4806; x_wconf 67' lang='grc' dir='ltr'>ἐπαγγελίας</span> <span class='ocrx_word' id='word_1_407' title='bbox 1195 4778 1209 4801; x_wconf 94' lang='grc'>,</span> <span class='ocrx_word' id='word_1_408' title='bbox 1273 4738 1434 4792; x_wconf 82' lang='grc' dir='ltr'>ἀλλὰ</span> <span class='ocrx_word' id='word_1_409' title='bbox 1479 4739 1780 4806; x_wconf 74' lang='grc' dir='ltr'>πόρρωθεν</span> <span class='ocrx_word' id='word_1_410' title='bbox 1830 4738 2010 4806; x_wconf 82' lang='grc' dir='ltr'>αὑτὰς</span> 
     </span>
    </p>
   </div>
   <div class='ocr_carea' id='block_1_51' title="bbox 451 4826 2012 4901">
    <p class='ocr_par' dir='ltr' id='par_1_51' title="bbox 451 4826 2012 4901">
     <span class='ocr_line' id='line_1_51' title="bbox 451 4826 2012 4901; baseline -0.001 -17"><span class='ocrx_word' id='word_1_411' title='bbox 451 4829 678 4894; x_wconf 73' lang='grc' dir='ltr'>ιδόντες</span> <span class='ocrx_word' id='word_1_412' title='bbox 700 4829 796 4880; x_wconf 78' lang='grc' dir='ltr'>καί</span> <span class='ocrx_word' id='word_1_413' title='bbox 819 4827 1257 4898; x_wconf 81' lang='grc' dir='ltr'>ἀσπασάμενοι.</span> <span class='ocrx_word' id='word_1_414' title='bbox 1283 4829 1390 4882; x_wconf 75' lang='grc' dir='ltr'>Καὶ</span> <span class='ocrx_word' id='word_1_415' title='bbox 1416 4829 1530 4892; x_wconf 86' lang='grc' dir='ltr'>πῶς</span> <span class='ocrx_word' id='word_1_416' title='bbox 1562 4826 1721 4892; x_wconf 78' lang='grc' dir='ltr'>εἶδον,</span> <span class='ocrx_word' id='word_1_417' title='bbox 1751 4830 1869 4882; x_wconf 81' lang='grc' dir='ltr'>εἰπέ</span> <span class='ocrx_word' id='word_1_418' title='bbox 1903 4848 2012 4901; x_wconf 87' lang='grc' dir='ltr'>μοι,</span> 
     </span>
    </p>
   </div>
   <div class='ocr_carea' id='block_1_52' title="bbox 447 4917 2015 4990">
    <p class='ocr_par' dir='ltr' id='par_1_52' title="bbox 447 4917 2015 4990">
     <span class='ocr_line' id='line_1_52' title="bbox 447 4917 2015 4990; baseline -0.001 -16"><span class='ocrx_word' id='word_1_419' title='bbox 447 4921 544 4983; x_wconf 82' lang='grc' dir='ltr'>τὰς</span> <span class='ocrx_word' id='word_1_420' title='bbox 605 4918 829 4990; x_wconf 84' lang='grc' dir='ltr'>μηδέπω</span> <span class='ocrx_word' id='word_1_421' title='bbox 887 4917 1205 4987; x_wconf 85' lang='grc' dir='ltr'>παρούσας;</span> <span class='ocrx_word' id='word_1_422' title='bbox 1246 4918 1370 4982; x_wconf 82' lang='grc' dir='ltr'>Τοῖς</span> <span class='ocrx_word' id='word_1_423' title='bbox 1406 4917 1508 4988; x_wconf 84' lang='grc' dir='ltr'>τῆς</span> <span class='ocrx_word' id='word_1_424' title='bbox 1546 4917 1778 4982; x_wconf 85' lang='grc' dir='ltr'>πίστεως</span> <span class='ocrx_word' id='word_1_425' title='bbox 1815 4918 2015 4988; x_wconf 80' lang='grc' dir='ltr'>ὀφθαλ-</span> 
     </span>
    </p>
   </div>
   <div class='ocr_carea' id='block_1_53' title="bbox 449 5007 2019 5085">
    <p class='ocr_par' dir='ltr' id='par_1_53' title="bbox 449 5007 2019 5085">
     <span class='ocr_line' id='line_1_53' title="bbox 449 5007 2019 5085; baseline 0 -21"><span class='ocrx_word' id='word_1_426' title='bbox 449 5015 568 5085; x_wconf 77' lang='grc' dir='ltr'>μοῖς</span> <span class='ocrx_word' id='word_1_427' title='bbox 590 5053 604 5078; x_wconf 90' lang='grc'>,</span> <span class='ocrx_word' id='word_1_428' title='bbox 638 5013 750 5074; x_wconf 88' lang='grc' dir='ltr'>τοῖς</span> <span class='ocrx_word' id='word_1_429' title='bbox 803 5008 1185 5079; x_wconf 81' lang='grc' dir='ltr'>ὑπερϐαίνουσι</span> <span class='ocrx_word' id='word_1_430' title='bbox 1234 5007 1325 5062; x_wconf 91' lang='grc' dir='ltr'>τὸν</span> <span class='ocrx_word' id='word_1_431' title='bbox 1357 5007 1584 5079; x_wconf 89' lang='grc' dir='ltr'>οὐρανὸν</span> <span class='ocrx_word' id='word_1_432' title='bbox 1607 5048 1622 5072; x_wconf 85' lang='grc'>,</span> <span class='ocrx_word' id='word_1_433' title='bbox 1656 5009 1753 5063; x_wconf 75' lang='grc' dir='ltr'>καὶ</span> <span class='ocrx_word' id='word_1_434' title='bbox 1797 5010 1866 5064; x_wconf 81' lang='grc' dir='ltr'>τά</span> <span class='ocrx_word' id='word_1_435' title='bbox 1902 5010 2019 5064; x_wconf 81' lang='grc' dir='ltr'>ἐκεῖ</span> 
     </span>
    </p>
   </div>
   <div class='ocr_carea' id='block_1_54' title="bbox 445 5099 1149 5158">
    <p class='ocr_par' dir='ltr' id='par_1_54' title="bbox 445 5099 1149 5158">
     <span class='ocr_line' id='line_1_54' title="bbox 445 5099 1149 5158; baseline -0.006 0"><span class='ocrx_word' id='word_1_436' title='bbox 445 5100 879 5158; x_wconf 88' lang='grc' dir='ltr'>κατασκοποῦσιν</span> <span class='ocrx_word' id='word_1_437' title='bbox 915 5099 1149 5154; x_wconf 75' lang='grc' dir='ltr'>ἅπαντα.</span> 
     </span>
    </p>
   </div>
   <div class='ocr_carea' id='block_1_55' title="bbox 515 5189 2013 5264">
    <p class='ocr_par' dir='ltr' id='par_1_55' title="bbox 515 5189 2013 5264">
     <span class='ocr_line' id='line_1_55' title="bbox 515 5189 2013 5264; baseline -0.004 -16"><span class='ocrx_word' id='word_1_438' title='bbox 515 5195 578 5248; x_wconf 87' lang='grc' dir='ltr'>θ’.</span> <span class='ocrx_word' id='word_1_439' title='bbox 613 5195 684 5248; x_wconf 79' lang='grc' dir='ltr'>Σὺ</span> <span class='ocrx_word' id='word_1_440' title='bbox 710 5193 767 5247; x_wconf 89' lang='grc' dir='ltr'>δέ</span> <span class='ocrx_word' id='word_1_441' title='bbox 800 5210 887 5264; x_wconf 92' lang='grc' dir='ltr'>μοι</span> <span class='ocrx_word' id='word_1_442' title='bbox 919 5191 1109 5245; x_wconf 87' lang='grc' dir='ltr'>σκόπει</span> <span class='ocrx_word' id='word_1_443' title='bbox 1135 5190 1269 5244; x_wconf 91' lang='grc' dir='ltr'>Θεοῦ</span> <span class='ocrx_word' id='word_1_444' title='bbox 1297 5189 1506 5260; x_wconf 90' lang='grc' dir='ltr'>σοφίαν,</span> <span class='ocrx_word' id='word_1_445' title='bbox 1550 5189 1666 5254; x_wconf 84' lang='grc' dir='ltr'>πῶς</span> <span class='ocrx_word' id='word_1_446' title='bbox 1693 5191 1786 5244; x_wconf 77' lang='grc' dir='ltr'>καὶ</span> <span class='ocrx_word' id='word_1_447' title='bbox 1812 5189 2013 5254; x_wconf 81' lang='grc' dir='ltr'>ἔδειξεν</span> 
     </span>
    </p>
   </div>
   <div class='ocr_carea' id='block_1_56' title="bbox 441 5279 2012 5356">
    <p class='ocr_par' dir='ltr' id='par_1_56' title="bbox 441 5279 2012 5356">
     <span class='ocr_line' id='line_1_56' title="bbox 441 5279 2012 5356; baseline -0.006 -17"><span class='ocrx_word' id='word_1_448' title='bbox 441 5288 621 5349; x_wconf 88' lang='grc' dir='ltr'>αὐτοῖς</span> <span class='ocrx_word' id='word_1_449' title='bbox 646 5285 714 5338; x_wconf 87' lang='grc' dir='ltr'>τά</span> <span class='ocrx_word' id='word_1_450' title='bbox 736 5284 964 5356; x_wconf 79' lang='grc' dir='ltr'>βραϐεῖα</span> <span class='ocrx_word' id='word_1_451' title='bbox 1002 5280 1283 5353; x_wconf 76' lang='grc' dir='ltr'>πόρρωθεν</span> <span class='ocrx_word' id='word_1_452' title='bbox 1309 5323 1321 5346; x_wconf 91' lang='grc'>,</span> <span class='ocrx_word' id='word_1_453' title='bbox 1360 5279 1454 5334; x_wconf 82' lang='grc' dir='ltr'>καὶ</span> <span class='ocrx_word' id='word_1_454' title='bbox 1485 5280 1585 5332; x_wconf 89' lang='grc' dir='ltr'>οὐκ</span> <span class='ocrx_word' id='word_1_455' title='bbox 1612 5279 1778 5332; x_wconf 77' lang='grc' dir='ltr'>ἔδωκε</span> <span class='ocrx_word' id='word_1_456' title='bbox 1805 5280 1902 5350; x_wconf 84' lang='grc' dir='ltr'>μὲν</span> <span class='ocrx_word' id='word_1_457' title='bbox 1924 5279 2012 5331; x_wconf 90' lang='grc' dir='ltr'>εὐ-</span> 
     </span>
    </p>
   </div>
   <div class='ocr_carea' id='block_1_57' title="bbox 443 5369 2007 5445">
    <p class='ocr_par' dir='ltr' id='par_1_57' title="bbox 443 5369 2007 5445">
     <span class='ocr_line' id='line_1_57' title="bbox 443 5369 2007 5445; baseline -0.003 -17"><span class='ocrx_word' id='word_1_458' title='bbox 443 5375 610 5440; x_wconf 85' lang='grc' dir='ltr'>θέως,</span> <span class='ocrx_word' id='word_1_459' title='bbox 646 5376 732 5429; x_wconf 80' lang='grc' dir='ltr'>ἵνα</span> <span class='ocrx_word' id='word_1_460' title='bbox 767 5373 986 5445; x_wconf 80' lang='grc' dir='ltr'>μείζονα</span> <span class='ocrx_word' id='word_1_461' title='bbox 1009 5372 1184 5427; x_wconf 88' lang='grc' dir='ltr'>αὐτῶν</span> <span class='ocrx_word' id='word_1_462' title='bbox 1219 5372 1519 5444; x_wconf 84' lang='grc' dir='ltr'>ἐργάσηται</span> <span class='ocrx_word' id='word_1_463' title='bbox 1555 5370 1654 5440; x_wconf 74' lang='grc' dir='ltr'>τὴν</span> <span class='ocrx_word' id='word_1_464' title='bbox 1685 5369 1961 5441; x_wconf 77' lang='grc' dir='ltr'>ὑπομονήν</span> <span class='ocrx_word' id='word_1_465' title='bbox 1992 5384 2007 5399; x_wconf 81' lang='lat'><strong><em>°</em></strong></span> 
     </span>
    </p>
   </div>
   <div class='ocr_carea' id='block_1_58' title="bbox 441 5457 2012 5536">
    <p class='ocr_par' dir='ltr' id='par_1_58' title="bbox 441 5457 2012 5536">
     <span class='ocr_line' id='line_1_58' title="bbox 441 5457 2012 5536; baseline -0.006 -19"><span class='ocrx_word' id='word_1_466' title='bbox 441 5465 607 5530; x_wconf 73' lang='grc' dir='ltr'>εδειξε</span> <span class='ocrx_word' id='word_1_467' title='bbox 633 5465 690 5517; x_wconf 85' lang='grc' dir='ltr'>δὲ</span> <span class='ocrx_word' id='word_1_468' title='bbox 717 5463 1018 5536; x_wconf 75' lang='grc' dir='ltr'>πόρρωθεν,</span> <span class='ocrx_word' id='word_1_469' title='bbox 1041 5462 1128 5515; x_wconf 83' lang='grc' dir='ltr'>ἵνα</span> <span class='ocrx_word' id='word_1_470' title='bbox 1153 5463 1271 5524; x_wconf 87' lang='grc' dir='ltr'>ταῖς</span> <span class='ocrx_word' id='word_1_471' title='bbox 1304 5459 1483 5512; x_wconf 86' lang='grc' dir='ltr'>ἐλπίσι</span> <span class='ocrx_word' id='word_1_472' title='bbox 1509 5457 1733 5520; x_wconf 78' lang='grc' dir='ltr'>ταύταις</span> <span class='ocrx_word' id='word_1_473' title='bbox 1753 5457 2012 5528; x_wconf 82' lang='grc' dir='ltr'>τρεφόμε-</span> 
     </span>
    </p>
   </div>
   <div class='ocr_carea' id='block_1_59' title="bbox 444 5547 1899 5626">
    <p class='ocr_par' dir='ltr' id='par_1_59' title="bbox 444 5547 1899 5626">
     <span class='ocr_line' id='line_1_59' title="bbox 444 5547 1899 5626; baseline -0.007 -16"><span class='ocrx_word' id='word_1_474' title='bbox 444 5574 541 5617; x_wconf 88' lang='grc' dir='ltr'>νοι,</span> <span class='ocrx_word' id='word_1_475' title='bbox 573 5557 707 5626; x_wconf 87' lang='grc' dir='ltr'>μηδέ</span> <span class='ocrx_word' id='word_1_476' title='bbox 736 5556 985 5626; x_wconf 73' lang='grc' dir='ltr'>αἴσθησιν</span> <span class='ocrx_word' id='word_1_477' title='bbox 1013 5553 1120 5608; x_wconf 87' lang='grc' dir='ltr'>τῶν</span> <span class='ocrx_word' id='word_1_478' title='bbox 1150 5553 1430 5624; x_wconf 78' lang='grc' dir='ltr'>παρόντων</span> <span class='ocrx_word' id='word_1_479' title='bbox 1462 5549 1668 5604; x_wconf 77' lang='grc' dir='ltr'>λάϐωσι</span> <span class='ocrx_word' id='word_1_480' title='bbox 1703 5547 1899 5602; x_wconf 87' lang='grc' dir='ltr'>πόνων.</span> 
     </span>
    </p>
   </div>
   <div class='ocr_carea' id='block_1_60' title="bbox 501 5735 2003 5800">
    <p class='ocr_par' dir='ltr' id='par_1_60' title="bbox 501 5735 2003 5800">
     <span class='ocr_line' id='line_1_60' title="bbox 501 5735 2003 5800; baseline -0.002 -15"><span class='ocrx_word' id='word_1_481' title='bbox 501 5736 531 5800; x_wconf 67' lang='lat'>_‘</span> <span class='ocrx_word' id='word_1_482' title='bbox 553 5735 720 5800; x_wconf 42' lang='lat' dir='ltr'>Aliigt</span> <span class='ocrx_word' id='word_1_483' title='bbox 741 5738 855 5800; x_wconf 55' lang='lat' dir='ltr'>Cod,</span> <span class='ocrx_word' id='word_1_484' title='bbox 881 5739 972 5785; x_wconf 72' lang='grc' dir='ltr'>ηε</span> <span class='ocrx_word' id='word_1_485' title='bbox 996 5740 1324 5800; x_wconf 83' lang='grc' dir='ltr'>πολυποίμνια.</span> <span class='ocrx_word' id='word_1_486' title='bbox 1353 5738 1500 5785; x_wconf 69' lang='grc' dir='ltr'>Βαγίι.</span> <span class='ocrx_word' id='word_1_487' title='bbox 1525 5737 1575 5784; x_wconf 82' lang='lat' dir='ltr'><strong>in</strong></span> <span class='ocrx_word' id='word_1_488' title='bbox 1596 5749 1745 5797; x_wconf 80' lang='lat' dir='ltr'>marg.</span> <span class='ocrx_word' id='word_1_489' title='bbox 1774 5737 2003 5783; x_wconf 74' lang='grc' dir='ltr'>πολυποί-</span> 
     </span>
    </p>
   </div>
   <div class='ocr_carea' id='block_1_61' title="bbox 437 5797 925 5858">
    <p class='ocr_par' dir='ltr' id='par_1_61' title="bbox 437 5797 925 5858">
     <span class='ocr_line' id='line_1_61' title="bbox 437 5797 925 5858; baseline 0.002 -15"><span class='ocrx_word' id='word_1_490' title='bbox 437 5797 569 5857; x_wconf 86' lang='grc' dir='ltr'>μνία,</span> <span class='ocrx_word' id='word_1_491' title='bbox 585 5798 666 5844; x_wconf 72' lang='grc' dir='ltr'>καὶ</span> <span class='ocrx_word' id='word_1_492' title='bbox 687 5798 925 5858; x_wconf 75' lang='grc' dir='ltr'>βουκολία.</span> 
     </span>
    </p>
   </div>
   <div class='ocr_carea' id='block_1_62' title="bbox 1145 294 3002 357">
    <p class='ocr_par' dir='ltr' id='par_1_62' title="bbox 1145 294 3002 357">
     <span class='ocr_line' id='line_1_62' title="bbox 1145 294 3002 357; baseline -0.005 -3"><span class='ocrx_word' id='word_1_493' title='bbox 1145 301 1202 357; x_wconf 86' lang='lat' dir='ltr'>S.</span> <span class='ocrx_word' id='word_1_494' title='bbox 1242 301 1531 356; x_wconf 77' lang='lat' dir='ltr'>JOANNIS</span> <span class='ocrx_word' id='word_1_495' title='bbox 1561 297 2050 356; x_wconf 72' lang='lat' dir='ltr'>CIIRYSOSTOMI</span> <span class='ocrx_word' id='word_1_496' title='bbox 2095 295 2415 353; x_wconf 77' lang='lat' dir='ltr'>ARCIIIEP.</span> <span class='ocrx_word' id='word_1_497' title='bbox 2455 294 3002 352; x_wconf 73' lang='lat' dir='ltr'>CONSTANTINOP.</span> 
     </span>
    </p>
   </div>
   <div class='ocr_carea' id='block_1_63' title="bbox 3587 282 3691 347">
    <p class='ocr_par' dir='ltr' id='par_1_63' title="bbox 3587 282 3691 347">
     <span class='ocr_line' id='line_1_63' title="bbox 3587 282 3691 347; baseline 0.019 -2"><span class='ocrx_word' id='word_1_498' title='bbox 3587 282 3691 347; x_wconf 74' lang='lat'>298</span> 
     </span>
    </p>
   </div>
   <div class='ocr_carea' id='block_1_64' title="bbox 2217 393 3699 472">
    <p class='ocr_par' dir='ltr' id='par_1_64' title="bbox 2217 393 3699 472">
     <span class='ocr_line' id='line_1_64' title="bbox 2217 393 3699 472; baseline 0.004 -26"><span class='ocrx_word' id='word_1_499' title='bbox 2217 395 2375 450; x_wconf 80' lang='grc' dir='ltr'>Ἀλλά</span> <span class='ocrx_word' id='word_1_500' title='bbox 2401 397 2540 467; x_wconf 82' lang='grc' dir='ltr'>τάχα</span> <span class='ocrx_word' id='word_1_501' title='bbox 2567 410 2652 462; x_wconf 84' lang='grc' dir='ltr'>τις</span> <span class='ocrx_word' id='word_1_502' title='bbox 2677 399 2786 452; x_wconf 88' lang='grc' dir='ltr'>τῶν</span> <span class='ocrx_word' id='word_1_503' title='bbox 2821 393 3072 470; x_wconf 75' lang='grc' dir='ltr'>ὀξύτερον</span> <span class='ocrx_word' id='word_1_504' title='bbox 3113 398 3480 469; x_wconf 83' lang='grc' dir='ltr'>προσεχόντων</span> <span class='ocrx_word' id='word_1_505' title='bbox 3521 400 3699 472; x_wconf 81' lang='grc' dir='ltr'>ἐαυτῷ</span> 
     </span>
    </p>
   </div>
   <div class='ocr_carea' id='block_1_65' title="bbox 2136 487 3698 559">
    <p class='ocr_par' dir='ltr' id='par_1_65' title="bbox 2136 487 3698 559">
     <span class='ocr_line' id='line_1_65' title="bbox 2136 487 3698 559; baseline 0.004 -21"><span class='ocrx_word' id='word_1_506' title='bbox 2136 488 2608 556; x_wconf 81' lang='grc' dir='ltr'>περιπεπτωκέναι</span> <span class='ocrx_word' id='word_1_507' title='bbox 2644 489 2734 542; x_wconf 86' lang='grc' dir='ltr'>τὸν</span> <span class='ocrx_word' id='word_1_508' title='bbox 2767 488 2922 557; x_wconf 87' lang='grc' dir='ltr'>λόγον</span> <span class='ocrx_word' id='word_1_509' title='bbox 2955 490 3238 559; x_wconf 78' lang='grc' dir='ltr'>ἡγήσεται.</span> <span class='ocrx_word' id='word_1_510' title='bbox 3269 490 3331 541; x_wconf 76' lang='lat' dir='ltr'>Ei</span> <span class='ocrx_word' id='word_1_511' title='bbox 3373 487 3480 558; x_wconf 84' lang='grc' dir='ltr'>γὰρ</span> <span class='ocrx_word' id='word_1_512' title='bbox 3507 490 3627 543; x_wconf 84' lang='grc' dir='ltr'>οὐδέ</span> <span class='ocrx_word' id='word_1_513' title='bbox 3651 492 3698 544; x_wconf 79' lang='grc' dir='ltr'>οι</span> 
     </span>
    </p>
   </div>
   <div class='ocr_carea' id='block_1_66' title="bbox 2133 577 3700 652">
    <p class='ocr_par' dir='ltr' id='par_1_66' title="bbox 2133 577 3700 652">
     <span class='ocr_line' id='line_1_66' title="bbox 2133 577 3700 652; baseline 0.005 -25"><span class='ocrx_word' id='word_1_514' title='bbox 2133 577 2407 648; x_wconf 85' lang='grc' dir='ltr'>πρότεροι,</span> <span class='ocrx_word' id='word_1_515' title='bbox 2437 579 2621 650; x_wconf 73' lang='grc' dir='ltr'>φησὶν,</span> <span class='ocrx_word' id='word_1_516' title='bbox 2655 581 3038 652; x_wconf 86' lang='grc' dir='ltr'>ἀπελάμϐανον</span> <span class='ocrx_word' id='word_1_517' title='bbox 3068 580 3216 651; x_wconf 87' lang='grc' dir='ltr'>παρά</span> <span class='ocrx_word' id='word_1_518' title='bbox 3247 580 3411 642; x_wconf 90' lang='grc' dir='ltr'>πόδας</span> <span class='ocrx_word' id='word_1_519' title='bbox 3431 581 3497 634; x_wconf 86' lang='grc' dir='ltr'>τά</span> <span class='ocrx_word' id='word_1_520' title='bbox 3525 582 3700 650; x_wconf 88' lang='grc' dir='ltr'>ἀγαθά</span> 
     </span>
    </p>
   </div>
   <div class='ocr_carea' id='block_1_67' title="bbox 2133 668 3695 743">
    <p class='ocr_par' dir='ltr' id='par_1_67' title="bbox 2133 668 3695 743">
     <span class='ocr_line' id='line_1_67' title="bbox 2133 668 3695 743; baseline 0.003 -24"><span class='ocrx_word' id='word_1_521' title='bbox 2133 668 2226 720; x_wconf 77' lang='grc' dir='ltr'>καὶ</span> <span class='ocrx_word' id='word_1_522' title='bbox 2262 669 2360 732; x_wconf 76' lang='grc' dir='ltr'>τὰς</span> <span class='ocrx_word' id='word_1_523' title='bbox 2383 671 2636 741; x_wconf 82' lang='grc' dir='ltr'>ἀμοιϐὰς,</span> <span class='ocrx_word' id='word_1_524' title='bbox 2664 672 2779 736; x_wconf 89' lang='grc' dir='ltr'>πῶς</span> <span class='ocrx_word' id='word_1_525' title='bbox 2811 673 2941 743; x_wconf 78' lang='grc' dir='ltr'>ἡμῖν</span> <span class='ocrx_word' id='word_1_526' title='bbox 2971 672 3180 742; x_wconf 87' lang='grc' dir='ltr'>μακρὸν</span> <span class='ocrx_word' id='word_1_527' title='bbox 3206 672 3497 735; x_wconf 85' lang='grc' dir='ltr'>ἀπέτεινας</span> <span class='ocrx_word' id='word_1_528' title='bbox 3525 672 3695 740; x_wconf 87' lang='grc' dir='ltr'>λόγον,</span> 
     </span>
    </p>
   </div>
   <div class='ocr_carea' id='block_1_68' title="bbox 2132 759 3700 833">
    <p class='ocr_par' dir='ltr' id='par_1_68' title="bbox 2132 759 3700 833">
     <span class='ocr_line' id='line_1_68' title="bbox 2132 759 3700 833; baseline 0.003 -23"><span class='ocrx_word' id='word_1_529' title='bbox 2132 759 2606 832; x_wconf 85' lang='grc' dir='ltr'>ἀπαριθμούμενος</span> <span class='ocrx_word' id='word_1_530' title='bbox 2639 762 2798 833; x_wconf 83' lang='grc' dir='ltr'>ὡρῶν</span> <span class='ocrx_word' id='word_1_531' title='bbox 2827 761 3122 833; x_wconf 79' lang='grc' dir='ltr'>εὐκρασίαν</span> <span class='ocrx_word' id='word_1_532' title='bbox 3142 799 3157 827; x_wconf 93' lang='grc'>,</span> <span class='ocrx_word' id='word_1_533' title='bbox 3187 760 3437 832; x_wconf 83' lang='grc' dir='ltr'>σώματος</span> <span class='ocrx_word' id='word_1_534' title='bbox 3469 762 3700 830; x_wconf 73' lang='grc' dir='ltr'>ὑγίειαν,</span> 
     </span>
    </p>
   </div>
   <div class='ocr_carea' id='block_1_69' title="bbox 2131 850 3701 924">
    <p class='ocr_par' dir='ltr' id='par_1_69' title="bbox 2131 850 3701 924">
     <span class='ocr_line' id='line_1_69' title="bbox 2131 850 3701 924; baseline 0.004 -22"><span class='ocrx_word' id='word_1_535' title='bbox 2131 850 2412 905; x_wconf 72' lang='grc' dir='ltr'>εὐπαιδίαν</span> <span class='ocrx_word' id='word_1_536' title='bbox 2431 895 2446 919; x_wconf 94' lang='grc'>,</span> <span class='ocrx_word' id='word_1_537' title='bbox 2497 853 2852 907; x_wconf 86' lang='grc' dir='ltr'>πολυπαιδίαν</span> <span class='ocrx_word' id='word_1_538' title='bbox 2870 896 2885 919; x_wconf 96' lang='grc'>,</span> <span class='ocrx_word' id='word_1_539' title='bbox 2927 853 3210 924; x_wconf 87' lang='grc' dir='ltr'>εὐετηρίαν</span> <span class='ocrx_word' id='word_1_540' title='bbox 3229 893 3243 917; x_wconf 90' lang='grc'>,</span> <span class='ocrx_word' id='word_1_541' title='bbox 3283 853 3513 924; x_wconf 83' lang='grc' dir='ltr'>καρπῶν</span> <span class='ocrx_word' id='word_1_542' title='bbox 3540 854 3701 922; x_wconf 82' lang='grc' dir='ltr'>ἀφθο-</span> 
     </span>
    </p>
   </div>
   <div class='ocr_carea' id='block_1_70' title="bbox 2132 941 3702 1016">
    <p class='ocr_par' dir='ltr' id='par_1_70' title="bbox 2132 941 3702 1016">
     <span class='ocr_line' id='line_1_70' title="bbox 2132 941 3702 1016; baseline 0.004 -22"><span class='ocrx_word' id='word_1_543' title='bbox 2132 941 2271 1001; x_wconf 84' lang='grc' dir='ltr'>νίαν,</span> <span class='ocrx_word' id='word_1_544' title='bbox 2295 943 2566 1012; x_wconf 81' lang='grc' dir='ltr'>βουκόλια,</span> <span class='ocrx_word' id='word_1_545' title='bbox 2593 945 3079 1016; x_wconf 81' lang='grc' dir='ltr'>ποίμνια,οάπασαν</span> <span class='ocrx_word' id='word_1_546' title='bbox 3103 945 3203 1015; x_wconf 77' lang='grc' dir='ltr'>τὴν</span> <span class='ocrx_word' id='word_1_547' title='bbox 3230 943 3484 1015; x_wconf 76' lang='grc' dir='ltr'>βιωτικὴν</span> <span class='ocrx_word' id='word_1_548' title='bbox 3507 944 3702 1013; x_wconf 77' lang='grc' dir='ltr'>εὐπραο</span> 
     </span>
    </p>
   </div>
   <div class='ocr_carea' id='block_1_71' title="bbox 2131 1033 3697 1108">
    <p class='ocr_par' dir='ltr' id='par_1_71' title="bbox 2131 1033 3697 1108">
     <span class='ocr_line' id='line_1_71' title="bbox 2131 1033 3697 1108; baseline 0.005 -23"><span class='ocrx_word' id='word_1_549' title='bbox 2131 1034 2286 1101; x_wconf 89' lang='grc' dir='ltr'>γίαν;</span> <span class='ocrx_word' id='word_1_550' title='bbox 2317 1035 2466 1108; x_wconf 72' lang='lat'>[287]</span> <span class='ocrx_word' id='word_1_551' title='bbox 2507 1035 2571 1089; x_wconf 90' lang='grc' dir='ltr'>Τί</span> <span class='ocrx_word' id='word_1_552' title='bbox 2607 1033 2701 1091; x_wconf 86' lang='grc' dir='ltr'>οῦν</span> <span class='ocrx_word' id='word_1_553' title='bbox 2752 1036 2818 1091; x_wconf 82' lang='grc' dir='ltr'>ἂν</span> <span class='ocrx_word' id='word_1_554' title='bbox 2865 1036 3113 1107; x_wconf 82' lang='grc' dir='ltr'>εἴποιμεν</span> <span class='ocrx_word' id='word_1_555' title='bbox 3165 1037 3300 1106; x_wconf 87' lang='grc' dir='ltr'>πρὸς</span> <span class='ocrx_word' id='word_1_556' title='bbox 3340 1035 3528 1102; x_wconf 87' lang='grc' dir='ltr'>τοῦτο;</span> <span class='ocrx_word' id='word_1_557' title='bbox 3579 1037 3697 1093; x_wconf 75' lang='grc' dir='ltr'>Ὀτι</span> 
     </span>
    </p>
   </div>
   <div class='ocr_carea' id='block_1_72' title="bbox 2132 1125 3694 1199">
    <p class='ocr_par' dir='ltr' id='par_1_72' title="bbox 2132 1125 3694 1199">
     <span class='ocr_line' id='line_1_72' title="bbox 2132 1125 3694 1199; baseline 0.002 -22"><span class='ocrx_word' id='word_1_558' title='bbox 2132 1125 2333 1196; x_wconf 88' lang='grc' dir='ltr'>έτέρως</span> <span class='ocrx_word' id='word_1_559' title='bbox 2376 1127 2474 1198; x_wconf 82' lang='grc' dir='ltr'>μὲν</span> <span class='ocrx_word' id='word_1_560' title='bbox 2519 1128 2579 1182; x_wconf 91' lang='grc' dir='ltr'>τὸ</span> <span class='ocrx_word' id='word_1_561' title='bbox 2618 1127 2818 1199; x_wconf 84' lang='grc' dir='ltr'>πλῆθος</span> <span class='ocrx_word' id='word_1_562' title='bbox 2847 1128 2942 1181; x_wconf 73' lang='grc' dir='ltr'>καὶ</span> <span class='ocrx_word' id='word_1_563' title='bbox 2977 1127 3068 1181; x_wconf 89' lang='grc' dir='ltr'>τὸν</span> <span class='ocrx_word' id='word_1_564' title='bbox 3097 1126 3482 1197; x_wconf 82' lang='grc' dir='ltr'>ἀσθενέστερον</span> <span class='ocrx_word' id='word_1_565' title='bbox 3513 1126 3694 1196; x_wconf 81' lang='grc' dir='ltr'>δῆμον,</span> 
     </span>
    </p>
   </div>
   <div class='ocr_carea' id='block_1_73' title="bbox 2131 1213 3697 1287">
    <p class='ocr_par' dir='ltr' id='par_1_73' title="bbox 2131 1213 3697 1287">
     <span class='ocr_line' id='line_1_73' title="bbox 2131 1213 3697 1287; baseline 0 -21"><span class='ocrx_word' id='word_1_566' title='bbox 2131 1213 2331 1286; x_wconf 81' lang='grc' dir='ltr'>ἑτέρως</span> <span class='ocrx_word' id='word_1_567' title='bbox 2349 1215 2404 1268; x_wconf 83' lang='grc' dir='ltr'>δέ</span> <span class='ocrx_word' id='word_1_568' title='bbox 2437 1217 2562 1281; x_wconf 82' lang='grc' dir='ltr'>τούς</span> <span class='ocrx_word' id='word_1_569' title='bbox 2599 1216 2876 1286; x_wconf 90' lang='grc' dir='ltr'>γενναίους</span> <span class='ocrx_word' id='word_1_570' title='bbox 2907 1217 2998 1270; x_wconf 73' lang='grc' dir='ltr'>καὶ</span> <span class='ocrx_word' id='word_1_571' title='bbox 3032 1216 3128 1287; x_wconf 80' lang='grc' dir='ltr'>τὴν</span> <span class='ocrx_word' id='word_1_572' title='bbox 3163 1217 3220 1269; x_wconf 91' lang='grc' dir='ltr'>ἐν</span> <span class='ocrx_word' id='word_1_573' title='bbox 3245 1218 3308 1286; x_wconf 82' lang='grc' dir='ltr'>τῇ</span> <span class='ocrx_word' id='word_1_574' title='bbox 3350 1217 3527 1284; x_wconf 75' lang='grc' dir='ltr'>Καινῇ</span> <span class='ocrx_word' id='word_1_575' title='bbox 3553 1213 3697 1282; x_wconf 86' lang='grc' dir='ltr'>φιλο-</span> 
     </span>
    </p>
   </div>
   <div class='ocr_carea' id='block_1_74' title="bbox 2134 1303 3700 1379">
    <p class='ocr_par' dir='ltr' id='par_1_74' title="bbox 2134 1303 3700 1379">
     <span class='ocr_line' id='line_1_74' title="bbox 2134 1303 3700 1379; baseline 0 -22"><span class='ocrx_word' id='word_1_576' title='bbox 2134 1305 2325 1374; x_wconf 79' lang='grc' dir='ltr'>σοφίαν</span> <span class='ocrx_word' id='word_1_577' title='bbox 2348 1307 2447 1378; x_wconf 76' lang='grc' dir='ltr'>ἡδη</span> <span class='ocrx_word' id='word_1_578' title='bbox 2482 1307 2762 1378; x_wconf 86' lang='grc' dir='ltr'>μετιόντας</span> <span class='ocrx_word' id='word_1_579' title='bbox 2790 1303 2923 1379; x_wconf 76' lang='grc' dir='ltr'>ἦγεν</span> <span class='ocrx_word' id='word_1_580' title='bbox 2953 1311 2981 1360; x_wconf 92' lang='lat'>6</span> <span class='ocrx_word' id='word_1_581' title='bbox 2999 1307 3130 1369; x_wconf 87' lang='grc' dir='ltr'>Θεὸς</span> <span class='ocrx_word' id='word_1_582' title='bbox 3157 1305 3297 1359; x_wconf 89' lang='grc' dir='ltr'>τότε.</span> <span class='ocrx_word' id='word_1_583' title='bbox 3321 1306 3443 1368; x_wconf 90' lang='grc' dir='ltr'>Τοῖς</span> <span class='ocrx_word' id='word_1_584' title='bbox 3472 1305 3569 1375; x_wconf 80' lang='grc' dir='ltr'>μὲν</span> <span class='ocrx_word' id='word_1_585' title='bbox 3593 1304 3700 1375; x_wconf 83' lang='grc' dir='ltr'>γὰρ</span> 
     </span>
    </p>
   </div>
   <div class='ocr_carea' id='block_1_75' title="bbox 2133 1396 3698 1470">
    <p class='ocr_par' dir='ltr' id='par_1_75' title="bbox 2133 1396 3698 1470">
     <span class='ocr_line' id='line_1_75' title="bbox 2133 1396 3698 1470; baseline 0.001 -22"><span class='ocrx_word' id='word_1_586' title='bbox 2133 1396 2346 1460; x_wconf 84' lang='grc' dir='ltr'>πολλοῖς</span> <span class='ocrx_word' id='word_1_587' title='bbox 2372 1397 2466 1450; x_wconf 74' lang='grc' dir='ltr'>καὶ</span> <span class='ocrx_word' id='word_1_588' title='bbox 2489 1399 2662 1469; x_wconf 74' lang='grc' dir='ltr'>χαμαὶ</span> <span class='ocrx_word' id='word_1_589' title='bbox 2698 1398 3020 1470; x_wconf 79' lang='grc' dir='ltr'>ἐρπομένοις</span> <span class='ocrx_word' id='word_1_590' title='bbox 3064 1399 3158 1452; x_wconf 73' lang='grc' dir='ltr'>καὶ</span> <span class='ocrx_word' id='word_1_591' title='bbox 3181 1399 3332 1454; x_wconf 84' lang='grc' dir='ltr'>οὐδὲν</span> <span class='ocrx_word' id='word_1_592' title='bbox 3365 1397 3508 1468; x_wconf 88' lang='grc' dir='ltr'>μέγα</span> <span class='ocrx_word' id='word_1_593' title='bbox 3541 1397 3698 1450; x_wconf 82' lang='grc' dir='ltr'>δυνα-</span> 
     </span>
    </p>
   </div>
   <div class='ocr_carea' id='block_1_76' title="bbox 2137 1487 3700 1560">
    <p class='ocr_par' dir='ltr' id='par_1_76' title="bbox 2137 1487 3700 1560">
     <span class='ocr_line' id='line_1_76' title="bbox 2137 1487 3700 1560; baseline -0.001 -19"><span class='ocrx_word' id='word_1_594' title='bbox 2137 1489 2316 1558; x_wconf 88' lang='grc' dir='ltr'>μένοις</span> <span class='ocrx_word' id='word_1_595' title='bbox 2341 1489 2488 1552; x_wconf 87' lang='grc' dir='ltr'>ίδεῖν,</span> <span class='ocrx_word' id='word_1_596' title='bbox 2505 1489 2624 1542; x_wconf 79' lang='grc' dir='ltr'>οὐδὲ</span> <span class='ocrx_word' id='word_1_597' title='bbox 2651 1491 2884 1543; x_wconf 84' lang='grc' dir='ltr'>ἐκτεῖναι</span> <span class='ocrx_word' id='word_1_598' title='bbox 2909 1490 3006 1560; x_wconf 79' lang='grc' dir='ltr'>τὴν</span> <span class='ocrx_word' id='word_1_599' title='bbox 3033 1489 3131 1560; x_wconf 81' lang='grc' dir='ltr'>τῆς</span> <span class='ocrx_word' id='word_1_600' title='bbox 3155 1489 3333 1559; x_wconf 74' lang='grc' dir='ltr'>ψυχῆς</span> <span class='ocrx_word' id='word_1_601' title='bbox 3357 1487 3545 1541; x_wconf 86' lang='grc' dir='ltr'>ἐλπίδα</span> <span class='ocrx_word' id='word_1_602' title='bbox 3567 1487 3700 1560; x_wconf 88' lang='grc' dir='ltr'>πρὸς</span> 
     </span>
    </p>
   </div>
   <div class='ocr_carea' id='block_1_77' title="bbox 2133 1574 3699 1648">
    <p class='ocr_par' dir='ltr' id='par_1_77' title="bbox 2133 1574 3699 1648">
     <span class='ocr_line' id='line_1_77' title="bbox 2133 1574 3699 1648; baseline -0.001 -20"><span class='ocrx_word' id='word_1_603' title='bbox 2133 1575 2230 1646; x_wconf 79' lang='grc' dir='ltr'>τὴν</span> <span class='ocrx_word' id='word_1_604' title='bbox 2249 1577 2357 1629; x_wconf 87' lang='grc' dir='ltr'>τῶν</span> <span class='ocrx_word' id='word_1_605' title='bbox 2373 1577 2670 1648; x_wconf 88' lang='grc' dir='ltr'>μελλόντων</span> <span class='ocrx_word' id='word_1_606' title='bbox 2693 1576 2987 1631; x_wconf 86' lang='grc' dir='ltr'>ἀπόλαυσιν</span> <span class='ocrx_word' id='word_1_607' title='bbox 3005 1576 3245 1645; x_wconf 78' lang='grc' dir='ltr'>ἀγαθῶν,</span> <span class='ocrx_word' id='word_1_608' title='bbox 3268 1575 3444 1630; x_wconf 89' lang='grc' dir='ltr'>ταῦτα</span> <span class='ocrx_word' id='word_1_609' title='bbox 3467 1574 3536 1628; x_wconf 70' lang='grc' dir='ltr'>τὰ</span> <span class='ocrx_word' id='word_1_610' title='bbox 3560 1589 3699 1648; x_wconf 90' lang='grc' dir='ltr'>παρ-</span> 
     </span>
    </p>
   </div>
   <div class='ocr_carea' id='block_1_78' title="bbox 2133 1664 3700 1739">
    <p class='ocr_par' dir='ltr' id='par_1_78' title="bbox 2133 1664 3700 1739">
     <span class='ocr_line' id='line_1_78' title="bbox 2133 1664 3700 1739; baseline -0.001 -20"><span class='ocrx_word' id='word_1_611' title='bbox 2133 1666 2260 1720; x_wconf 88' lang='grc' dir='ltr'>όντα</span> <span class='ocrx_word' id='word_1_612' title='bbox 2296 1670 2552 1738; x_wconf 86' lang='grc' dir='ltr'>παρεῖχεν</span> <span class='ocrx_word' id='word_1_613' title='bbox 2582 1666 2781 1736; x_wconf 80' lang='grc' dir='ltr'>ἀγαθὰ,</span> <span class='ocrx_word' id='word_1_614' title='bbox 2831 1667 2930 1739; x_wconf 84' lang='grc' dir='ltr'>τὴν</span> <span class='ocrx_word' id='word_1_615' title='bbox 2974 1665 3256 1720; x_wconf 84' lang='grc' dir='ltr'>ἀσθένειαν</span> <span class='ocrx_word' id='word_1_616' title='bbox 3288 1668 3386 1734; x_wconf 81' lang='grc' dir='ltr'>τῆς</span> <span class='ocrx_word' id='word_1_617' title='bbox 3410 1665 3584 1736; x_wconf 78' lang='grc' dir='ltr'>ψυχῆς</span> <span class='ocrx_word' id='word_1_618' title='bbox 3605 1664 3700 1718; x_wconf 79' lang='grc' dir='ltr'>αὐ-</span> 
     </span>
    </p>
   </div>
   <div class='ocr_carea' id='block_1_79' title="bbox 2133 1756 3698 1829">
    <p class='ocr_par' dir='ltr' id='par_1_79' title="bbox 2133 1756 3698 1829">
     <span class='ocr_line' id='line_1_79' title="bbox 2133 1756 3698 1829; baseline 0 -21"><span class='ocrx_word' id='word_1_619' title='bbox 2133 1757 2241 1809; x_wconf 89' lang='grc' dir='ltr'>τῶν</span> <span class='ocrx_word' id='word_1_620' title='bbox 2269 1757 2783 1829; x_wconf 84' lang='grc' dir='ltr'>παραμυθούμενος,</span> <span class='ocrx_word' id='word_1_621' title='bbox 2810 1759 2904 1812; x_wconf 76' lang='grc' dir='ltr'>καὶ</span> <span class='ocrx_word' id='word_1_622' title='bbox 2926 1757 3015 1812; x_wconf 82' lang='grc' dir='ltr'>διὰ</span> <span class='ocrx_word' id='word_1_623' title='bbox 3037 1757 3240 1812; x_wconf 79' lang='grc' dir='ltr'>τούτων</span> <span class='ocrx_word' id='word_1_624' title='bbox 3270 1757 3464 1820; x_wconf 78' lang='grc' dir='ltr'>αὐτοὺς</span> <span class='ocrx_word' id='word_1_625' title='bbox 3496 1756 3698 1827; x_wconf 85' lang='grc' dir='ltr'>ὁδηγῶν</span> 
     </span>
    </p>
   </div>
   <div class='ocr_carea' id='block_1_80' title="bbox 2136 1844 3701 1919">
    <p class='ocr_par' dir='ltr' id='par_1_80' title="bbox 2136 1844 3701 1919">
     <span class='ocr_line' id='line_1_80' title="bbox 2136 1844 3701 1919; baseline 0.003 -23"><span class='ocrx_word' id='word_1_626' title='bbox 2136 1845 2226 1898; x_wconf 76' lang='grc' dir='ltr'>ἐπὶ</span> <span class='ocrx_word' id='word_1_627' title='bbox 2251 1844 2347 1916; x_wconf 76' lang='grc' dir='ltr'>τὴν</span> <span class='ocrx_word' id='word_1_628' title='bbox 2371 1847 2469 1918; x_wconf 85' lang='grc' dir='ltr'>τῆς</span> <span class='ocrx_word' id='word_1_629' title='bbox 2493 1848 2692 1918; x_wconf 82' lang='grc' dir='ltr'>ἀρετῆς</span> <span class='ocrx_word' id='word_1_630' title='bbox 2721 1847 2980 1919; x_wconf 84' lang='grc' dir='ltr'>ἐργασίαν</span> <span class='ocrx_word' id='word_1_631' title='bbox 3002 1887 3017 1910; x_wconf 91' lang='grc'>,</span> <span class='ocrx_word' id='word_1_632' title='bbox 3047 1848 3142 1902; x_wconf 74' lang='grc' dir='ltr'>καὶ</span> <span class='ocrx_word' id='word_1_633' title='bbox 3169 1849 3248 1911; x_wconf 89' lang='grc' dir='ltr'>είς</span> <span class='ocrx_word' id='word_1_634' title='bbox 3272 1845 3368 1916; x_wconf 82' lang='grc' dir='ltr'>τὴν</span> <span class='ocrx_word' id='word_1_635' title='bbox 3387 1845 3495 1899; x_wconf 87' lang='grc' dir='ltr'>τῶν</span> <span class='ocrx_word' id='word_1_636' title='bbox 3520 1844 3701 1900; x_wconf 85' lang='grc' dir='ltr'>καλῶν</span> 
     </span>
    </p>
   </div>
   <div class='ocr_carea' id='block_1_81' title="bbox 2135 1931 3698 2004">
    <p class='ocr_par' dir='ltr' id='par_1_81' title="bbox 2135 1931 3698 2004">
     <span class='ocr_line' id='line_1_81' title="bbox 2135 1931 3698 2004; baseline 0.001 -21"><span class='ocrx_word' id='word_1_637' title='bbox 2135 1931 2425 2002; x_wconf 82' lang='grc' dir='ltr'>ἐπιθυμίαν</span> <span class='ocrx_word' id='word_1_638' title='bbox 2457 1933 2740 2004; x_wconf 81' lang='grc' dir='ltr'>ἐμϐάλλων</span> <span class='ocrx_word' id='word_1_639' title='bbox 2769 1949 2783 1964; x_wconf 77' lang='grc'><strong>⁸</strong></span> <span class='ocrx_word' id='word_1_640' title='bbox 2837 1935 2928 1988; x_wconf 89' lang='grc' dir='ltr'>τὸν</span> <span class='ocrx_word' id='word_1_641' title='bbox 2955 1935 3011 1988; x_wconf 84' lang='grc' dir='ltr'>δὲ</span> <span class='ocrx_word' id='word_1_642' title='bbox 3048 1933 3232 1987; x_wconf 85' lang='grc' dir='ltr'>Ἠλίαν</span> <span class='ocrx_word' id='word_1_643' title='bbox 3269 1931 3365 1986; x_wconf 85' lang='grc' dir='ltr'>καὶ</span> <span class='ocrx_word' id='word_1_644' title='bbox 3394 1933 3484 1985; x_wconf 88' lang='grc' dir='ltr'>τὸν</span> <span class='ocrx_word' id='word_1_645' title='bbox 3525 1931 3698 1984; x_wconf 83' lang='grc' dir='ltr'>Ἐλισ-</span> 
     </span>
    </p>
   </div>
   <div class='ocr_carea' id='block_1_82' title="bbox 2137 2017 3699 2092">
    <p class='ocr_par' dir='ltr' id='par_1_82' title="bbox 2137 2017 3699 2092">
     <span class='ocr_line' id='line_1_82' title="bbox 2137 2017 3699 2092; baseline 0 -22"><span class='ocrx_word' id='word_1_646' title='bbox 2137 2019 2311 2081; x_wconf 90' lang='grc' dir='ltr'>σαῖον,</span> <span class='ocrx_word' id='word_1_647' title='bbox 2357 2018 2448 2072; x_wconf 82' lang='grc' dir='ltr'>τὸν</span> <span class='ocrx_word' id='word_1_648' title='bbox 2500 2020 2801 2092; x_wconf 85' lang='grc' dir='ltr'>Ἱερεμίαν,</span> <span class='ocrx_word' id='word_1_649' title='bbox 2838 2021 2926 2074; x_wconf 84' lang='grc' dir='ltr'>τὸν</span> <span class='ocrx_word' id='word_1_650' title='bbox 2974 2022 3200 2075; x_wconf 76' lang='grc' dir='ltr'>Ἡσαΐαν</span> <span class='ocrx_word' id='word_1_651' title='bbox 3223 2061 3237 2081; x_wconf 87' lang='grc'>,</span> <span class='ocrx_word' id='word_1_652' title='bbox 3271 2020 3362 2073; x_wconf 73' lang='grc' dir='ltr'>καὶ</span> <span class='ocrx_word' id='word_1_653' title='bbox 3398 2019 3604 2082; x_wconf 85' lang='grc' dir='ltr'>πάντας</span> <span class='ocrx_word' id='word_1_654' title='bbox 3633 2017 3699 2089; x_wconf 71' lang='grc' dir='ltr'>δὴ</span> 
     </span>
    </p>
   </div>
   <div class='ocr_carea' id='block_1_83' title="bbox 2134 2105 3698 2180">
    <p class='ocr_par' dir='ltr' id='par_1_83' title="bbox 2134 2105 3698 2180">
     <span class='ocr_line' id='line_1_83' title="bbox 2134 2105 3698 2180; baseline 0.001 -23"><span class='ocrx_word' id='word_1_655' title='bbox 2134 2105 2321 2170; x_wconf 87' lang='grc' dir='ltr'>ἁπλῶς</span> <span class='ocrx_word' id='word_1_656' title='bbox 2349 2108 2478 2172; x_wconf 79' lang='grc' dir='ltr'>τοὺς</span> <span class='ocrx_word' id='word_1_657' title='bbox 2521 2111 2830 2180; x_wconf 81' lang='grc' dir='ltr'>προφήτας,</span> <span class='ocrx_word' id='word_1_658' title='bbox 2867 2109 2960 2162; x_wconf 71' lang='grc' dir='ltr'>καὶ</span> <span class='ocrx_word' id='word_1_659' title='bbox 2993 2110 3104 2163; x_wconf 86' lang='grc' dir='ltr'>ὅσοι</span> <span class='ocrx_word' id='word_1_660' title='bbox 3135 2109 3230 2162; x_wconf 87' lang='grc' dir='ltr'>τοῦ</span> <span class='ocrx_word' id='word_1_661' title='bbox 3256 2107 3416 2180; x_wconf 85' lang='grc' dir='ltr'>χοροῦ</span> <span class='ocrx_word' id='word_1_662' title='bbox 3445 2108 3698 2178; x_wconf 80' lang='grc' dir='ltr'>γεγένην-</span> 
     </span>
    </p>
   </div>
   <div class='ocr_carea' id='block_1_84' title="bbox 2134 2195 3700 2269">
    <p class='ocr_par' dir='ltr' id='par_1_84' title="bbox 2134 2195 3700 2269">
     <span class='ocr_line' id='line_1_84' title="bbox 2134 2195 3700 2269; baseline 0.002 -24"><span class='ocrx_word' id='word_1_663' title='bbox 2134 2209 2223 2246; x_wconf 88' lang='grc' dir='ltr'>ται</span> <span class='ocrx_word' id='word_1_664' title='bbox 2251 2195 2360 2247; x_wconf 86' lang='grc' dir='ltr'>τῶν</span> <span class='ocrx_word' id='word_1_665' title='bbox 2388 2196 2555 2264; x_wconf 82' lang='grc' dir='ltr'>ἁγίων</span> <span class='ocrx_word' id='word_1_666' title='bbox 2584 2197 2677 2250; x_wconf 73' lang='grc' dir='ltr'>καὶ</span> <span class='ocrx_word' id='word_1_667' title='bbox 2711 2197 2959 2268; x_wconf 85' lang='grc' dir='ltr'>μεγάλων</span> <span class='ocrx_word' id='word_1_668' title='bbox 2997 2197 3235 2269; x_wconf 86' lang='grc' dir='ltr'>ἀνδρῶν,</span> <span class='ocrx_word' id='word_1_669' title='bbox 3265 2199 3355 2250; x_wconf 78' lang='grc' dir='ltr'>ἐπὶ</span> <span class='ocrx_word' id='word_1_670' title='bbox 3379 2197 3503 2260; x_wconf 83' lang='grc' dir='ltr'>τούς</span> <span class='ocrx_word' id='word_1_671' title='bbox 3542 2195 3700 2266; x_wconf 70' lang='grc' dir='ltr'>οὐρα-</span> 
     </span>
    </p>
   </div>
   <div class='ocr_carea' id='block_1_85' title="bbox 2136 2281 3700 2357">
    <p class='ocr_par' dir='ltr' id='par_1_85' title="bbox 2136 2281 3700 2357">
     <span class='ocr_line' id='line_1_85' title="bbox 2136 2281 3700 2357; baseline 0.002 -24"><span class='ocrx_word' id='word_1_672' title='bbox 2136 2281 2260 2345; x_wconf 78' lang='grc' dir='ltr'>νοὺς</span> <span class='ocrx_word' id='word_1_673' title='bbox 2308 2283 2491 2336; x_wconf 85' lang='grc' dir='ltr'>ἐκάλει</span> <span class='ocrx_word' id='word_1_674' title='bbox 2529 2286 2622 2338; x_wconf 75' lang='grc' dir='ltr'>καὶ</span> <span class='ocrx_word' id='word_1_675' title='bbox 2654 2284 2720 2339; x_wconf 75' lang='grc' dir='ltr'>τὰ</span> <span class='ocrx_word' id='word_1_676' title='bbox 2754 2285 2868 2338; x_wconf 89' lang='grc' dir='ltr'>ἐκεῖ</span> <span class='ocrx_word' id='word_1_677' title='bbox 2897 2285 3380 2357; x_wconf 86' lang='grc' dir='ltr'>παρεσκευασμένα</span> <span class='ocrx_word' id='word_1_678' title='bbox 3409 2286 3520 2348; x_wconf 84' lang='grc' dir='ltr'>τοῖς</span> <span class='ocrx_word' id='word_1_679' title='bbox 3557 2283 3700 2336; x_wconf 81' lang='grc' dir='ltr'>εὐδο·</span> 
     </span>
    </p>
   </div>
   <div class='ocr_carea' id='block_1_86' title="bbox 2135 2369 3703 2442">
    <p class='ocr_par' dir='ltr' id='par_1_86' title="bbox 2135 2369 3703 2442">
     <span class='ocr_line' id='line_1_86' title="bbox 2135 2369 3703 2442; baseline 0.001 -20"><span class='ocrx_word' id='word_1_680' title='bbox 2135 2371 2426 2441; x_wconf 84' lang='grc' dir='ltr'>κιμηκόσιν</span> <span class='ocrx_word' id='word_1_681' title='bbox 2458 2371 2656 2441; x_wconf 89' lang='grc' dir='ltr'>ἀγαθά.</span> <span class='ocrx_word' id='word_1_682' title='bbox 2684 2372 2772 2425; x_wconf 88' lang='grc' dir='ltr'>Διὸ</span> <span class='ocrx_word' id='word_1_683' title='bbox 2804 2373 2899 2425; x_wconf 71' lang='grc' dir='ltr'>καὶ</span> <span class='ocrx_word' id='word_1_684' title='bbox 2933 2375 2962 2426; x_wconf 91' lang='lat'>6</span> <span class='ocrx_word' id='word_1_685' title='bbox 2991 2372 3201 2436; x_wconf 80' lang='grc' dir='ltr'>Παῦλος</span> <span class='ocrx_word' id='word_1_686' title='bbox 3229 2369 3327 2442; x_wconf 87' lang='grc' dir='ltr'>οὐχ</span> <span class='ocrx_word' id='word_1_687' title='bbox 3358 2372 3541 2435; x_wconf 88' lang='grc' dir='ltr'>ἀπλῶς</span> <span class='ocrx_word' id='word_1_688' title='bbox 3569 2371 3703 2424; x_wconf 82' lang='grc' dir='ltr'>πάν-</span> 
     </span>
    </p>
   </div>
   <div class='ocr_carea' id='block_1_87' title="bbox 2135 2454 3704 2527">
    <p class='ocr_par' dir='ltr' id='par_1_87' title="bbox 2135 2454 3704 2527">
     <span class='ocr_line' id='line_1_87' title="bbox 2135 2454 3704 2527; baseline 0 -19"><span class='ocrx_word' id='word_1_689' title='bbox 2135 2472 2233 2518; x_wconf 89' lang='grc' dir='ltr'>τας</span> <span class='ocrx_word' id='word_1_690' title='bbox 2260 2455 2681 2526; x_wconf 86' lang='grc' dir='ltr'>ἀπηριθμήσατο</span> <span class='ocrx_word' id='word_1_691' title='bbox 2705 2495 2719 2517; x_wconf 93' lang='grc'>,</span> <span class='ocrx_word' id='word_1_692' title='bbox 2763 2455 2898 2510; x_wconf 89' lang='grc' dir='ltr'>ἀλλά</span> <span class='ocrx_word' id='word_1_693' title='bbox 2929 2458 3054 2520; x_wconf 80' lang='grc' dir='ltr'>τοὺς</span> <span class='ocrx_word' id='word_1_694' title='bbox 3087 2457 3145 2508; x_wconf 91' lang='grc' dir='ltr'>ἐν</span> <span class='ocrx_word' id='word_1_695' title='bbox 3189 2455 3462 2527; x_wconf 89' lang='grc' dir='ltr'>μηλωταῖς</span> <span class='ocrx_word' id='word_1_696' title='bbox 3481 2493 3498 2521; x_wconf 85' lang='grc'>,</span> <span class='ocrx_word' id='word_1_697' title='bbox 3529 2456 3588 2509; x_wconf 88' lang='grc' dir='ltr'>ἐν</span> <span class='ocrx_word' id='word_1_698' title='bbox 3618 2454 3704 2508; x_wconf 74' lang='lat' dir='ltr'>al-</span> 
     </span>
    </p>
   </div>
   <div class='ocr_carea' id='block_1_88' title="bbox 2135 2541 3697 2612">
    <p class='ocr_par' dir='ltr' id='par_1_88' title="bbox 2135 2541 3697 2612">
     <span class='ocr_line' id='line_1_88' title="bbox 2135 2541 3697 2612; baseline -0.001 -18"><span class='ocrx_word' id='word_1_699' title='bbox 2135 2541 2302 2611; x_wconf 89' lang='grc' dir='ltr'>γείοις</span> <span class='ocrx_word' id='word_1_700' title='bbox 2331 2541 2582 2612; x_wconf 87' lang='grc' dir='ltr'>δέρμασι,</span> <span class='ocrx_word' id='word_1_701' title='bbox 2613 2542 2738 2604; x_wconf 84' lang='grc' dir='ltr'>τούς</span> <span class='ocrx_word' id='word_1_702' title='bbox 2759 2544 2814 2594; x_wconf 91' lang='grc' dir='ltr'>ἐν</span> <span class='ocrx_word' id='word_1_703' title='bbox 2835 2542 3068 2612; x_wconf 80' lang='grc' dir='ltr'>καμίνῳ,</span> <span class='ocrx_word' id='word_1_704' title='bbox 3091 2543 3215 2605; x_wconf 80' lang='grc' dir='ltr'>τοὺς</span> <span class='ocrx_word' id='word_1_705' title='bbox 3243 2542 3301 2595; x_wconf 89' lang='grc' dir='ltr'>ἐν</span> <span class='ocrx_word' id='word_1_706' title='bbox 3322 2541 3697 2612; x_wconf 83' lang='grc' dir='ltr'>δεσμωτηρίῳ,</span> 
     </span>
    </p>
   </div>
   <div class='ocr_carea' id='block_1_89' title="bbox 2133 2627 3701 2697">
    <p class='ocr_par' dir='ltr' id='par_1_89' title="bbox 2133 2627 3701 2697">
     <span class='ocr_line' id='line_1_89' title="bbox 2133 2627 3701 2697; baseline 0.001 -17"><span class='ocrx_word' id='word_1_707' title='bbox 2133 2628 2260 2690; x_wconf 79' lang='grc' dir='ltr'>τούς</span> <span class='ocrx_word' id='word_1_708' title='bbox 2286 2627 2884 2697; x_wconf 87' lang='grc' dir='ltr'>ἀποτυμπανισθέντας,</span> <span class='ocrx_word' id='word_1_709' title='bbox 2913 2629 3037 2692; x_wconf 82' lang='grc' dir='ltr'>τούς</span> <span class='ocrx_word' id='word_1_710' title='bbox 3064 2627 3545 2692; x_wconf 85' lang='grc' dir='ltr'>καταλευσθέντας,</span> <span class='ocrx_word' id='word_1_711' title='bbox 3575 2631 3701 2693; x_wconf 62' lang='grc' dir='ltr'>τοὺς</span> 
     </span>
    </p>
   </div>
   <div class='ocr_carea' id='block_1_90' title="bbox 2135 2712 3702 2787">
    <p class='ocr_par' dir='ltr' id='par_1_90' title="bbox 2135 2712 3702 2787">
     <span class='ocr_line' id='line_1_90' title="bbox 2135 2712 3702 2787; baseline 0 -20"><span class='ocrx_word' id='word_1_712' title='bbox 2135 2715 2192 2768; x_wconf 85' lang='grc' dir='ltr'>ἐν</span> <span class='ocrx_word' id='word_1_713' title='bbox 2227 2712 2401 2784; x_wconf 82' lang='grc' dir='ltr'>λιμῷ,</span> <span class='ocrx_word' id='word_1_714' title='bbox 2430 2716 2559 2778; x_wconf 83' lang='grc' dir='ltr'>τούς</span> <span class='ocrx_word' id='word_1_715' title='bbox 2587 2717 2645 2768; x_wconf 89' lang='grc' dir='ltr'>ἐν</span> <span class='ocrx_word' id='word_1_716' title='bbox 2672 2715 2834 2787; x_wconf 72' lang='grc' dir='ltr'>πενίᾳ</span> <span class='ocrx_word' id='word_1_717' title='bbox 2855 2757 2870 2779; x_wconf 91' lang='grc'>,</span> <span class='ocrx_word' id='word_1_718' title='bbox 2915 2717 3041 2780; x_wconf 79' lang='grc' dir='ltr'>τοὺς</span> <span class='ocrx_word' id='word_1_719' title='bbox 3077 2717 3135 2769; x_wconf 89' lang='grc' dir='ltr'>ἐν</span> <span class='ocrx_word' id='word_1_720' title='bbox 3166 2716 3423 2787; x_wconf 85' lang='grc' dir='ltr'>ἐρημίαις</span> <span class='ocrx_word' id='word_1_721' title='bbox 3445 2755 3462 2780; x_wconf 92' lang='grc'>,</span> <span class='ocrx_word' id='word_1_722' title='bbox 3494 2717 3618 2778; x_wconf 84' lang='grc' dir='ltr'>τούς</span> <span class='ocrx_word' id='word_1_723' title='bbox 3644 2716 3702 2767; x_wconf 88' lang='grc' dir='ltr'>ἐν</span> 
     </span>
    </p>
   </div>
   <div class='ocr_carea' id='block_1_91' title="bbox 2137 2800 3697 2872">
    <p class='ocr_par' dir='ltr' id='par_1_91' title="bbox 2137 2800 3697 2872">
     <span class='ocr_line' id='line_1_91' title="bbox 2137 2800 3697 2872; baseline 0 -18"><span class='ocrx_word' id='word_1_724' title='bbox 2137 2800 2423 2871; x_wconf 82' lang='grc' dir='ltr'>σπηλαίοις</span> <span class='ocrx_word' id='word_1_725' title='bbox 2442 2842 2457 2865; x_wconf 97' lang='grc'>,</span> <span class='ocrx_word' id='word_1_726' title='bbox 2492 2803 2617 2866; x_wconf 80' lang='grc' dir='ltr'>τούς</span> <span class='ocrx_word' id='word_1_727' title='bbox 2651 2803 2709 2854; x_wconf 92' lang='grc' dir='ltr'>ἐν</span> <span class='ocrx_word' id='word_1_728' title='bbox 2731 2804 2849 2866; x_wconf 85' lang='grc' dir='ltr'>ταῖς</span> <span class='ocrx_word' id='word_1_729' title='bbox 2878 2803 3038 2866; x_wconf 80' lang='grc' dir='ltr'>ὀπαῖς</span> <span class='ocrx_word' id='word_1_730' title='bbox 3061 2802 3160 2872; x_wconf 81' lang='grc' dir='ltr'>τῆς</span> <span class='ocrx_word' id='word_1_731' title='bbox 3189 2803 3327 2871; x_wconf 78' lang='grc' dir='ltr'>γῆς,</span> <span class='ocrx_word' id='word_1_732' title='bbox 3353 2803 3478 2865; x_wconf 80' lang='grc' dir='ltr'>τούς</span> <span class='ocrx_word' id='word_1_733' title='bbox 3503 2801 3570 2855; x_wconf 79' lang='grc' dir='ltr'>τά</span> <span class='ocrx_word' id='word_1_734' title='bbox 3605 2819 3697 2872; x_wconf 83' lang='grc' dir='ltr'>μυ-</span> 
     </span>
    </p>
   </div>
   <div class='ocr_carea' id='block_1_92' title="bbox 2140 2881 3702 2955">
    <p class='ocr_par' dir='ltr' id='par_1_92' title="bbox 2140 2881 3702 2955">
     <span class='ocr_line' id='line_1_92' title="bbox 2140 2881 3702 2955; baseline -0.001 -19"><span class='ocrx_word' id='word_1_735' title='bbox 2140 2883 2228 2955; x_wconf 90' lang='grc' dir='ltr'>ρία</span> <span class='ocrx_word' id='word_1_736' title='bbox 2262 2883 2532 2946; x_wconf 87' lang='grc' dir='ltr'>παθόντας</span> <span class='ocrx_word' id='word_1_737' title='bbox 2555 2883 2721 2938; x_wconf 81' lang='grc' dir='ltr'>δεινά.</span> <span class='ocrx_word' id='word_1_738' title='bbox 2753 2886 2862 2938; x_wconf 72' lang='grc' dir='ltr'>Καὶ</span> <span class='ocrx_word' id='word_1_739' title='bbox 2883 2886 3003 2938; x_wconf 85' lang='grc' dir='ltr'>τότε</span> <span class='ocrx_word' id='word_1_740' title='bbox 3027 2881 3147 2937; x_wconf 75' lang='grc' dir='ltr'>εἷπε</span> <span class='ocrx_word' id='word_1_741' title='bbox 3182 2885 3323 2938; x_wconf 88' lang='grc' dir='ltr'>κατά</span> <span class='ocrx_word' id='word_1_742' title='bbox 3360 2883 3538 2937; x_wconf 87' lang='grc' dir='ltr'>πίστιν</span> <span class='ocrx_word' id='word_1_743' title='bbox 3565 2883 3702 2937; x_wconf 81' lang='grc' dir='ltr'>πάν-</span> 
     </span>
    </p>
   </div>
   <div class='ocr_carea' id='block_1_93' title="bbox 2134 2965 3704 3038">
    <p class='ocr_par' dir='ltr' id='par_1_93' title="bbox 2134 2965 3704 3038">
     <span class='ocr_line' id='line_1_93' title="bbox 2134 2965 3704 3038; baseline -0.003 -17"><span class='ocrx_word' id='word_1_744' title='bbox 2134 2984 2234 3030; x_wconf 88' lang='grc' dir='ltr'>τας</span> <span class='ocrx_word' id='word_1_745' title='bbox 2269 2965 2748 3036; x_wconf 83' lang='grc' dir='ltr'>τετελευτηκέναι,</span> <span class='ocrx_word' id='word_1_746' title='bbox 2811 2967 2906 3020; x_wconf 70' lang='grc' dir='ltr'>καὶ</span> <span class='ocrx_word' id='word_1_747' title='bbox 2961 2967 3186 3038; x_wconf 84' lang='grc' dir='ltr'>μηδέπω</span> <span class='ocrx_word' id='word_1_748' title='bbox 3235 2965 3557 3036; x_wconf 86' lang='grc' dir='ltr'>κεκομίσθαι</span> <span class='ocrx_word' id='word_1_749' title='bbox 3605 2965 3704 3028; x_wconf 82' lang='grc' dir='ltr'>τὰς</span> 
     </span>
    </p>
   </div>
   <div class='ocr_carea' id='block_1_94' title="bbox 2135 3046 3705 3118">
    <p class='ocr_par' dir='ltr' id='par_1_94' title="bbox 2135 3046 3705 3118">
     <span class='ocr_line' id='line_1_94' title="bbox 2135 3046 3705 3118; baseline -0.001 -16"><span class='ocrx_word' id='word_1_750' title='bbox 2135 3047 2465 3117; x_wconf 89' lang='grc' dir='ltr'>ἐπαγγελίας</span> <span class='ocrx_word' id='word_1_751' title='bbox 2485 3063 2500 3078; x_wconf 89' lang='grc'>·</span> <span class='ocrx_word' id='word_1_752' title='bbox 2527 3049 2646 3118; x_wconf 84' lang='grc' dir='ltr'>οὐχὶ</span> <span class='ocrx_word' id='word_1_753' title='bbox 2677 3050 2738 3103; x_wconf 82' lang='grc' dir='ltr'>τὸ</span> <span class='ocrx_word' id='word_1_754' title='bbox 2768 3049 2970 3117; x_wconf 81' lang='grc' dir='ltr'>πλῆθος</span> <span class='ocrx_word' id='word_1_755' title='bbox 2995 3046 3056 3102; x_wconf 87' lang='grc' dir='ltr'>τὸ</span> <span class='ocrx_word' id='word_1_756' title='bbox 3092 3048 3396 3110; x_wconf 84' lang='grc' dir='ltr'>Ἰουδαϊκὸν,</span> <span class='ocrx_word' id='word_1_757' title='bbox 3418 3047 3553 3100; x_wconf 71' lang='grc' dir='ltr'>ἀλλὰ</span> <span class='ocrx_word' id='word_1_758' title='bbox 3579 3049 3705 3111; x_wconf 81' lang='grc' dir='ltr'>τούς</span> 
     </span>
    </p>
   </div>
   <div class='ocr_carea' id='block_1_95' title="bbox 2135 3129 3700 3203">
    <p class='ocr_par' dir='ltr' id='par_1_95' title="bbox 2135 3129 3700 3203">
     <span class='ocr_line' id='line_1_95' title="bbox 2135 3129 3700 3203; baseline -0.001 -17"><span class='ocrx_word' id='word_1_759' title='bbox 2135 3131 2276 3186; x_wconf 85' lang='grc' dir='ltr'>κατά</span> <span class='ocrx_word' id='word_1_760' title='bbox 2296 3131 2386 3185; x_wconf 89' lang='grc' dir='ltr'>τὸν</span> <span class='ocrx_word' id='word_1_761' title='bbox 2422 3129 2609 3185; x_wconf 85' lang='grc' dir='ltr'>Ἠλίαν</span> <span class='ocrx_word' id='word_1_762' title='bbox 2635 3134 2766 3203; x_wconf 78' lang='grc' dir='ltr'>ἡμῖν</span> <span class='ocrx_word' id='word_1_763' title='bbox 2790 3131 3176 3200; x_wconf 86' lang='grc' dir='ltr'>αἰνιττόμενος.</span> <span class='ocrx_word' id='word_1_764' title='bbox 3219 3132 3279 3184; x_wconf 82' lang='grc' dir='ltr'>Εἰ</span> <span class='ocrx_word' id='word_1_765' title='bbox 3320 3131 3375 3183; x_wconf 80' lang='grc' dir='ltr'>δὲ</span> <span class='ocrx_word' id='word_1_766' title='bbox 3399 3131 3543 3199; x_wconf 89' lang='grc' dir='ltr'>λέγοι</span> <span class='ocrx_word' id='word_1_767' title='bbox 3579 3143 3661 3194; x_wconf 84' lang='grc' dir='ltr'>τις</span> <span class='ocrx_word' id='word_1_768' title='bbox 3684 3150 3700 3162; x_wconf 90' lang='grc'><strong>·</strong></span> 
     </span>
    </p>
   </div>
   <div class='ocr_carea' id='block_1_96' title="bbox 2133 3213 3702 3280">
    <p class='ocr_par' dir='ltr' id='par_1_96' title="bbox 2133 3213 3702 3280">
     <span class='ocr_line' id='line_1_96' title="bbox 2133 3213 3702 3280; baseline -0.003 -10"><span class='ocrx_word' id='word_1_769' title='bbox 2133 3217 2296 3271; x_wconf 74' lang='grc' dir='ltr'>Αὐτοὶ</span> <span class='ocrx_word' id='word_1_770' title='bbox 2319 3217 2374 3271; x_wconf 87' lang='grc' dir='ltr'>δέ</span> <span class='ocrx_word' id='word_1_771' title='bbox 2401 3213 2545 3272; x_wconf 78' lang='grc' dir='ltr'>οῦτοι</span> <span class='ocrx_word' id='word_1_772' title='bbox 2562 3217 2706 3280; x_wconf 85' lang='grc' dir='ltr'>τίνος</span> <span class='ocrx_word' id='word_1_773' title='bbox 2734 3216 2918 3268; x_wconf 84' lang='grc' dir='ltr'>ἐνεκεν</span> <span class='ocrx_word' id='word_1_774' title='bbox 2948 3214 3156 3268; x_wconf 79' lang='grc' dir='ltr'>οὐδέπω</span> <span class='ocrx_word' id='word_1_775' title='bbox 3179 3215 3272 3267; x_wconf 75' lang='grc' dir='ltr'>καὶ</span> <span class='ocrx_word' id='word_1_776' title='bbox 3310 3213 3405 3267; x_wconf 91' lang='grc' dir='ltr'>νῦν</span> <span class='ocrx_word' id='word_1_777' title='bbox 3431 3213 3702 3267; x_wconf 88' lang='grc' dir='ltr'>ἀπέλαϐον</span> 
     </span>
    </p>
   </div>
   <div class='ocr_carea' id='block_1_97' title="bbox 2131 3295 3704 3370">
    <p class='ocr_par' dir='ltr' id='par_1_97' title="bbox 2131 3295 3704 3370">
     <span class='ocr_line' id='line_1_97' title="bbox 2131 3295 3704 3370; baseline -0.004 -16"><span class='ocrx_word' id='word_1_778' title='bbox 2131 3302 2257 3364; x_wconf 79' lang='grc' dir='ltr'>τοὺς</span> <span class='ocrx_word' id='word_1_779' title='bbox 2288 3301 2664 3370; x_wconf 77' lang='grc' dir='ltr'>ὀφειλομένους</span> <span class='ocrx_word' id='word_1_780' title='bbox 2707 3300 2886 3360; x_wconf 82' lang='grc' dir='ltr'>αὐτοῖς</span> <span class='ocrx_word' id='word_1_781' title='bbox 2921 3298 3244 3366; x_wconf 78' lang='grc' dir='ltr'>στεφάνους;</span> <span class='ocrx_word' id='word_1_782' title='bbox 3273 3295 3586 3367; x_wconf 90' lang='grc' dir='ltr'>μανθανέτω</span> <span class='ocrx_word' id='word_1_783' title='bbox 3611 3297 3704 3349; x_wconf 70' lang='grc' dir='ltr'>καὶ</span> 
     </span>
    </p>
   </div>
   <div class='ocr_carea' id='block_1_98' title="bbox 2131 3378 3703 3456">
    <p class='ocr_par' dir='ltr' id='par_1_98' title="bbox 2131 3378 3703 3456">
     <span class='ocr_line' id='line_1_98' title="bbox 2131 3378 3703 3456; baseline -0.004 -19"><span class='ocrx_word' id='word_1_784' title='bbox 2131 3384 2333 3455; x_wconf 78' lang='grc' dir='ltr'>ταύτην</span> <span class='ocrx_word' id='word_1_785' title='bbox 2365 3383 2514 3456; x_wconf 86' lang='grc' dir='ltr'>παρά</span> <span class='ocrx_word' id='word_1_786' title='bbox 2545 3383 2753 3436; x_wconf 83' lang='grc' dir='ltr'>Παύλου</span> <span class='ocrx_word' id='word_1_787' title='bbox 2787 3382 2886 3452; x_wconf 82' lang='grc' dir='ltr'>τὴν</span> <span class='ocrx_word' id='word_1_788' title='bbox 2915 3380 3110 3433; x_wconf 80' lang='grc' dir='ltr'>αἰτίαν.</span> <span class='ocrx_word' id='word_1_789' title='bbox 3143 3379 3326 3433; x_wconf 85' lang='grc' dir='ltr'>Είπὼν</span> <span class='ocrx_word' id='word_1_790' title='bbox 3363 3378 3471 3449; x_wconf 85' lang='grc' dir='ltr'>γάρ</span> <span class='ocrx_word' id='word_1_791' title='bbox 3494 3419 3509 3444; x_wconf 95' lang='grc'>,</span> <span class='ocrx_word' id='word_1_792' title='bbox 3544 3381 3703 3432; x_wconf 78' lang='grc' dir='ltr'>Κατὰ</span> 
     </span>
    </p>
   </div>
   <div class='ocr_carea' id='block_1_99' title="bbox 2132 3462 3701 3533">
    <p class='ocr_par' dir='ltr' id='par_1_99' title="bbox 2132 3462 3701 3533">
     <span class='ocr_line' id='line_1_99' title="bbox 2132 3462 3701 3533; baseline -0.003 -13"><span class='ocrx_word' id='word_1_793' title='bbox 2132 3469 2342 3522; x_wconf 80' lang='grc' dir='ltr'>πίστιν</span> <span class='ocrx_word' id='word_1_794' title='bbox 2365 3468 2666 3522; x_wconf 81' lang='grc' dir='ltr'>ἀπέθανον</span> <span class='ocrx_word' id='word_1_795' title='bbox 2695 3462 2860 3522; x_wconf 87' lang='grc' dir='ltr'>οὗτοι</span> <span class='ocrx_word' id='word_1_796' title='bbox 2895 3464 3117 3530; x_wconf 82' lang='grc' dir='ltr'>πάντες</span> <span class='ocrx_word' id='word_1_797' title='bbox 3143 3503 3157 3527; x_wconf 96' lang='grc'>,</span> <span class='ocrx_word' id='word_1_798' title='bbox 3193 3463 3272 3532; x_wconf 79' lang='grc' dir='ltr'>μὴ</span> <span class='ocrx_word' id='word_1_799' title='bbox 3315 3462 3701 3533; x_wconf 80' lang='grc' dir='ltr'>κομισάμενοι</span> 
     </span>
    </p>
   </div>
   <div class='ocr_carea' id='block_1_100' title="bbox 2131 3547 3700 3622">
    <p class='ocr_par' dir='ltr' id='par_1_100' title="bbox 2131 3547 3700 3622">
     <span class='ocr_line' id='line_1_100' title="bbox 2131 3547 3700 3622; baseline -0.005 -16"><span class='ocrx_word' id='word_1_800' title='bbox 2131 3553 2238 3618; x_wconf 84' lang='grc' dir='ltr'>τὰς</span> <span class='ocrx_word' id='word_1_801' title='bbox 2271 3553 2629 3622; x_wconf 70' lang='grc' dir='ltr'>ἐπαγγελίας</span> <span class='ocrx_word' id='word_1_802' title='bbox 2651 3591 2667 3615; x_wconf 94' lang='grc'>,</span> <span class='ocrx_word' id='word_1_803' title='bbox 2702 3551 2966 3621; x_wconf 83' lang='grc' dir='ltr'>ἐπήγαγε,</span> <span class='ocrx_word' id='word_1_804' title='bbox 3001 3548 3116 3602; x_wconf 86' lang='grc' dir='ltr'>Τοῦ</span> <span class='ocrx_word' id='word_1_805' title='bbox 3162 3548 3308 3601; x_wconf 87' lang='grc' dir='ltr'>Θεοῦ</span> <span class='ocrx_word' id='word_1_806' title='bbox 3339 3547 3606 3614; x_wconf 72' lang='grc' dir='ltr'>κρεῖττόν</span> <span class='ocrx_word' id='word_1_807' title='bbox 3644 3563 3700 3598; x_wconf 80' lang='grc' dir='ltr'>τι</span> 
     </span>
    </p>
   </div>
   <div class='ocr_carea' id='block_1_101' title="bbox 2131 3627 3700 3706">
    <p class='ocr_par' dir='ltr' id='par_1_101' title="bbox 2131 3627 3700 3706">
     <span class='ocr_line' id='line_1_101' title="bbox 2131 3627 3700 3706; baseline -0.006 -16"><span class='ocrx_word' id='word_1_808' title='bbox 2131 3637 2628 3706; x_wconf 71' lang='grc' dir='ltr'>προϐλεψαμένου</span> <span class='ocrx_word' id='word_1_809' title='bbox 2665 3636 2798 3704; x_wconf 74' lang='grc' dir='ltr'>περὶ</span> <span class='ocrx_word' id='word_1_810' title='bbox 2827 3634 2996 3703; x_wconf 76' lang='grc' dir='ltr'>ἡμῶν</span> <span class='ocrx_word' id='word_1_811' title='bbox 3017 3672 3032 3700; x_wconf 87' lang='grc'>,</span> <span class='ocrx_word' id='word_1_812' title='bbox 3064 3634 3163 3685; x_wconf 82' lang='grc' dir='ltr'>ἵνα</span> <span class='ocrx_word' id='word_1_813' title='bbox 3205 3631 3290 3700; x_wconf 82' lang='grc' dir='ltr'>μὴ</span> <span class='ocrx_word' id='word_1_814' title='bbox 3323 3630 3498 3698; x_wconf 79' lang='grc' dir='ltr'>χωρὶς</span> <span class='ocrx_word' id='word_1_815' title='bbox 3533 3627 3700 3698; x_wconf 72' lang='grc' dir='ltr'>ήμῶν</span> 
     </span>
    </p>
   </div>
   <div class='ocr_carea' id='block_1_102' title="bbox 2130 3715 3695 3790">
    <p class='ocr_par' dir='ltr' id='par_1_102' title="bbox 2130 3715 3695 3790">
     <span class='ocr_line' id='line_1_102' title="bbox 2130 3715 3695 3790; baseline -0.006 -15"><span class='ocrx_word' id='word_1_816' title='bbox 2130 3719 2499 3774; x_wconf 81' lang='grc' dir='ltr'>τελειωθῶσι.</span> <span class='ocrx_word' id='word_1_817' title='bbox 2539 3720 2704 3790; x_wconf 80' lang='grc' dir='ltr'>Κοινὴ</span> <span class='ocrx_word' id='word_1_818' title='bbox 2741 3719 2848 3789; x_wconf 88' lang='grc' dir='ltr'>γάρ</span> <span class='ocrx_word' id='word_1_819' title='bbox 2888 3720 3003 3770; x_wconf 88' lang='grc' dir='ltr'>ἐστι</span> <span class='ocrx_word' id='word_1_820' title='bbox 3029 3753 3044 3782; x_wconf 87' lang='grc'>,</span> <span class='ocrx_word' id='word_1_821' title='bbox 3075 3716 3238 3786; x_wconf 77' lang='grc' dir='ltr'>φησὶν</span> <span class='ocrx_word' id='word_1_822' title='bbox 3259 3752 3276 3782; x_wconf 84' lang='grc'>,</span> <span class='ocrx_word' id='word_1_823' title='bbox 3311 3717 3344 3785; x_wconf 85' lang='grc' dir='ltr'>ἠ</span> <span class='ocrx_word' id='word_1_824' title='bbox 3375 3715 3695 3785; x_wconf 79' lang='grc' dir='ltr'>πανήγυρις,</span> 
     </span>
    </p>
   </div>
   <div class='ocr_carea' id='block_1_103' title="bbox 2131 3796 3700 3874">
    <p class='ocr_par' dir='ltr' id='par_1_103' title="bbox 2131 3796 3700 3874">
     <span class='ocr_line' id='line_1_103' title="bbox 2131 3796 3700 3874; baseline -0.003 -17"><span class='ocrx_word' id='word_1_825' title='bbox 2131 3805 2316 3874; x_wconf 80' lang='grc' dir='ltr'>ἐπειδὴ</span> <span class='ocrx_word' id='word_1_826' title='bbox 2343 3804 2436 3857; x_wconf 74' lang='grc' dir='ltr'>καὶ</span> <span class='ocrx_word' id='word_1_827' title='bbox 2470 3801 2670 3874; x_wconf 76' lang='grc' dir='ltr'>μείζων</span> <span class='ocrx_word' id='word_1_828' title='bbox 2708 3801 2904 3873; x_wconf 82' lang='grc' dir='ltr'>ἡδονὴ,</span> <span class='ocrx_word' id='word_1_829' title='bbox 2958 3801 3084 3853; x_wconf 82' lang='grc' dir='ltr'>ὅταν</span> <span class='ocrx_word' id='word_1_830' title='bbox 3118 3801 3266 3869; x_wconf 79' lang='grc' dir='ltr'>κοινῇ</span> <span class='ocrx_word' id='word_1_831' title='bbox 3313 3796 3700 3866; x_wconf 74' lang='grc' dir='ltr'>πεφανώμεθα</span> 
     </span>
    </p>
   </div>
   <div class='ocr_carea' id='block_1_104' title="bbox 2131 3879 3700 3952">
    <p class='ocr_par' dir='ltr' id='par_1_104' title="bbox 2131 3879 3700 3952">
     <span class='ocr_line' id='line_1_104' title="bbox 2131 3879 3700 3952; baseline -0.004 -14"><span class='ocrx_word' id='word_1_832' title='bbox 2131 3887 2350 3949; x_wconf 84' lang='grc' dir='ltr'>πάντες.</span> <span class='ocrx_word' id='word_1_833' title='bbox 2378 3885 2549 3938; x_wconf 92' lang='grc' dir='ltr'>Τοῦτο</span> <span class='ocrx_word' id='word_1_834' title='bbox 2595 3885 2686 3938; x_wconf 71' lang='grc' dir='ltr'>καὶ</span> <span class='ocrx_word' id='word_1_835' title='bbox 2720 3887 2778 3937; x_wconf 90' lang='grc' dir='ltr'>ἐν</span> <span class='ocrx_word' id='word_1_836' title='bbox 2825 3886 2933 3947; x_wconf 87' lang='grc' dir='ltr'>τοῖς</span> <span class='ocrx_word' id='word_1_837' title='bbox 2982 3883 3366 3952; x_wconf 86' lang='grc' dir='ltr'>Ὀλυμπιακοῖς</span> <span class='ocrx_word' id='word_1_838' title='bbox 3411 3879 3584 3948; x_wconf 88' lang='grc' dir='ltr'>ἀγῶσι</span> <span class='ocrx_word' id='word_1_839' title='bbox 3615 3879 3700 3950; x_wconf 84' lang='grc' dir='ltr'>γί-</span> 
     </span>
    </p>
   </div>
   <div class='ocr_carea' id='block_1_105' title="bbox 2130 3961 3703 4033">
    <p class='ocr_par' dir='ltr' id='par_1_105' title="bbox 2130 3961 3703 4033">
     <span class='ocr_line' id='line_1_105' title="bbox 2130 3961 3703 4033; baseline -0.006 -10"><span class='ocrx_word' id='word_1_840' title='bbox 2130 3987 2278 4023; x_wconf 84' lang='grc' dir='ltr'>νεται</span> <span class='ocrx_word' id='word_1_841' title='bbox 2299 3986 2311 3998; x_wconf 87' lang='grc'><strong>·</strong></span> <span class='ocrx_word' id='word_1_842' title='bbox 2339 3971 2367 4022; x_wconf 91' lang='lat'>6</span> <span class='ocrx_word' id='word_1_843' title='bbox 2401 3967 2670 4031; x_wconf 89' lang='grc' dir='ltr'>παλαίσας</span> <span class='ocrx_word' id='word_1_844' title='bbox 2688 4005 2702 4031; x_wconf 93' lang='grc'>,</span> <span class='ocrx_word' id='word_1_845' title='bbox 2731 3967 2758 4018; x_wconf 92' lang='lat'>6</span> <span class='ocrx_word' id='word_1_846' title='bbox 2781 3963 3120 4029; x_wconf 87' lang='grc' dir='ltr'>πυκτεύσας,</span> <span class='ocrx_word' id='word_1_847' title='bbox 3149 3966 3177 4017; x_wconf 92' lang='lat'>6</span> <span class='ocrx_word' id='word_1_848' title='bbox 3202 3961 3615 4033; x_wconf 85' lang='grc' dir='ltr'>παγκρατιάσας</span> <span class='ocrx_word' id='word_1_849' title='bbox 3641 3962 3703 4014; x_wconf 68' lang='grc' dir='ltr'>ἐν</span> 
     </span>
    </p>
   </div>
   <div class='ocr_carea' id='block_1_106' title="bbox 2128 4044 3699 4121">
    <p class='ocr_par' dir='ltr' id='par_1_106' title="bbox 2128 4044 3699 4121">
     <span class='ocr_line' id='line_1_106' title="bbox 2128 4044 3699 4121; baseline -0.006 -18"><span class='ocrx_word' id='word_1_850' title='bbox 2128 4051 2402 4121; x_wconf 85' lang='grc' dir='ltr'>διαφόροις</span> <span class='ocrx_word' id='word_1_851' title='bbox 2431 4051 2528 4120; x_wconf 84' lang='grc' dir='ltr'>μὲν</span> <span class='ocrx_word' id='word_1_852' title='bbox 2562 4051 2772 4120; x_wconf 80' lang='grc' dir='ltr'>καιροῖς</span> <span class='ocrx_word' id='word_1_853' title='bbox 2801 4048 2925 4110; x_wconf 80' lang='grc' dir='ltr'>τοὺς</span> <span class='ocrx_word' id='word_1_854' title='bbox 2956 4046 3170 4116; x_wconf 88' lang='grc' dir='ltr'>ἀγῶνας</span> <span class='ocrx_word' id='word_1_855' title='bbox 3211 4044 3567 4114; x_wconf 80' lang='grc' dir='ltr'>ὑπομένουσιν</span> <span class='ocrx_word' id='word_1_856' title='bbox 3589 4083 3605 4100; x_wconf 88' lang='grc'>.</span> <span class='ocrx_word' id='word_1_857' title='bbox 3641 4045 3699 4096; x_wconf 86' lang='grc' dir='ltr'>ἐν</span> 
     </span>
    </p>
   </div>
   <div class='ocr_carea' id='block_1_107' title="bbox 2133 4124 3699 4204">
    <p class='ocr_par' dir='ltr' id='par_1_107' title="bbox 2133 4124 3699 4204">
     <span class='ocr_line' id='line_1_107' title="bbox 2133 4124 3699 4204; baseline -0.004 -19"><span class='ocrx_word' id='word_1_858' title='bbox 2133 4134 2232 4204; x_wconf 84' lang='grc' dir='ltr'>μιᾷ</span> <span class='ocrx_word' id='word_1_859' title='bbox 2266 4133 2320 4185; x_wconf 72' lang='grc' dir='ltr'>δὲ</span> <span class='ocrx_word' id='word_1_860' title='bbox 2372 4130 2565 4201; x_wconf 88' lang='grc' dir='ltr'>καιροῦ</span> <span class='ocrx_word' id='word_1_861' title='bbox 2602 4132 2740 4200; x_wconf 75' lang='grc' dir='ltr'>ῥοπῇ</span> <span class='ocrx_word' id='word_1_862' title='bbox 2793 4130 2993 4192; x_wconf 72' lang='grc' dir='ltr'>πάντες</span> <span class='ocrx_word' id='word_1_863' title='bbox 3023 4125 3505 4199; x_wconf 80' lang='grc' dir='ltr'>ἀνακηρύττονται.</span> <span class='ocrx_word' id='word_1_864' title='bbox 3544 4124 3699 4178; x_wconf 74' lang='grc' dir='ltr'>Οὕτω</span> 
     </span>
    </p>
   </div>
   <div class='ocr_carea' id='block_1_108' title="bbox 2129 4209 3700 4284">
    <p class='ocr_par' dir='ltr' id='par_1_108' title="bbox 2129 4209 3700 4284">
     <span class='ocr_line' id='line_1_108' title="bbox 2129 4209 3700 4284; baseline -0.006 -13"><span class='ocrx_word' id='word_1_865' title='bbox 2129 4219 2221 4271; x_wconf 78' lang='grc' dir='ltr'>καὶ</span> <span class='ocrx_word' id='word_1_866' title='bbox 2249 4219 2305 4270; x_wconf 90' lang='grc' dir='ltr'>ἐν</span> <span class='ocrx_word' id='word_1_867' title='bbox 2325 4217 2435 4276; x_wconf 81' lang='grc' dir='ltr'>τοῖς</span> <span class='ocrx_word' id='word_1_868' title='bbox 2461 4215 2702 4284; x_wconf 88' lang='grc' dir='ltr'>ἀρίστοις</span> <span class='ocrx_word' id='word_1_869' title='bbox 2729 4213 2956 4282; x_wconf 91' lang='grc' dir='ltr'>γίνεται.</span> <span class='ocrx_word' id='word_1_870' title='bbox 2993 4214 3160 4266; x_wconf 85' lang='grc' dir='ltr'>Ὅταν</span> <span class='ocrx_word' id='word_1_871' title='bbox 3189 4211 3296 4282; x_wconf 71' lang='grc' dir='ltr'>γὰρ</span> <span class='ocrx_word' id='word_1_872' title='bbox 3318 4211 3426 4263; x_wconf 88' lang='grc' dir='ltr'>τῶν</span> <span class='ocrx_word' id='word_1_873' title='bbox 3446 4209 3700 4280; x_wconf 84' lang='grc' dir='ltr'>δαιτυμό-</span> 
     </span>
    </p>
   </div>
   <div class='ocr_carea' id='block_1_109' title="bbox 2129 4293 3700 4369">
    <p class='ocr_par' dir='ltr' id='par_1_109' title="bbox 2129 4293 3700 4369">
     <span class='ocr_line' id='line_1_109' title="bbox 2129 4293 3700 4369; baseline -0.006 -14"><span class='ocrx_word' id='word_1_874' title='bbox 2129 4319 2232 4355; x_wconf 93' lang='grc' dir='ltr'>νων</span> <span class='ocrx_word' id='word_1_875' title='bbox 2265 4301 2314 4352; x_wconf 86' lang='grc' dir='ltr'>οί</span> <span class='ocrx_word' id='word_1_876' title='bbox 2350 4299 2448 4369; x_wconf 90' lang='grc' dir='ltr'>μέν</span> <span class='ocrx_word' id='word_1_877' title='bbox 2475 4298 2718 4366; x_wconf 85' lang='grc' dir='ltr'>φθάσωσι</span> <span class='ocrx_word' id='word_1_878' title='bbox 2748 4297 3286 4368; x_wconf 84' lang='grc' dir='ltr'>προαπαντήσαντες,</span> <span class='ocrx_word' id='word_1_879' title='bbox 3309 4295 3358 4346; x_wconf 87' lang='grc' dir='ltr'>οί</span> <span class='ocrx_word' id='word_1_880' title='bbox 3382 4293 3437 4345; x_wconf 88' lang='grc' dir='ltr'>δὲ</span> <span class='ocrx_word' id='word_1_881' title='bbox 3463 4293 3541 4345; x_wconf 86' lang='grc' dir='ltr'>ἒτι</span> <span class='ocrx_word' id='word_1_882' title='bbox 3573 4293 3700 4362; x_wconf 89' lang='grc' dir='ltr'>μέλ-</span> 
     </span>
    </p>
   </div>
   <div class='ocr_carea' id='block_1_110' title="bbox 2127 4377 3695 4450">
    <p class='ocr_par' dir='ltr' id='par_1_110' title="bbox 2127 4377 3695 4450">
     <span class='ocr_line' id='line_1_110' title="bbox 2127 4377 3695 4450; baseline -0.006 -14"><span class='ocrx_word' id='word_1_883' title='bbox 2127 4385 2259 4436; x_wconf 90' lang='grc' dir='ltr'>λωσι</span> <span class='ocrx_word' id='word_1_884' title='bbox 2283 4423 2296 4441; x_wconf 89' lang='grc'>,</span> <span class='ocrx_word' id='word_1_885' title='bbox 2330 4379 2596 4450; x_wconf 88' lang='grc' dir='ltr'>τιμῶντες</span> <span class='ocrx_word' id='word_1_886' title='bbox 2647 4381 2774 4444; x_wconf 83' lang='grc' dir='ltr'>τοὺς</span> <span class='ocrx_word' id='word_1_887' title='bbox 2807 4379 3228 4447; x_wconf 87' lang='grc' dir='ltr'>ἀπολειφθέντας</span> <span class='ocrx_word' id='word_1_888' title='bbox 3271 4379 3320 4430; x_wconf 89' lang='grc' dir='ltr'>οί</span> <span class='ocrx_word' id='word_1_889' title='bbox 3363 4377 3695 4448; x_wconf 55' lang='grc' dir='ltr'>δστιάτομς,</span> 
     </span>
    </p>
   </div>
   <div class='ocr_carea' id='block_1_111' title="bbox 2125 4459 3698 4535">
    <p class='ocr_par' dir='ltr' id='par_1_111' title="bbox 2125 4459 3698 4535">
     <span class='ocr_line' id='line_1_111' title="bbox 2125 4459 3698 4535; baseline -0.005 -15"><span class='ocrx_word' id='word_1_890' title='bbox 2125 4467 2250 4529; x_wconf 82' lang='grc' dir='ltr'>τοὺς</span> <span class='ocrx_word' id='word_1_891' title='bbox 2279 4465 2587 4533; x_wconf 84' lang='grc' dir='ltr'>φθάσαντας</span> <span class='ocrx_word' id='word_1_892' title='bbox 2617 4463 2718 4534; x_wconf 71' lang='grc' dir='ltr'>ἠδη</span> <span class='ocrx_word' id='word_1_893' title='bbox 2747 4464 2840 4516; x_wconf 70' lang='grc' dir='ltr'>καὶ</span> <span class='ocrx_word' id='word_1_894' title='bbox 2881 4462 3355 4535; x_wconf 87' lang='grc' dir='ltr'>παραγενομένους</span> <span class='ocrx_word' id='word_1_895' title='bbox 3388 4459 3698 4514; x_wconf 85' lang='grc' dir='ltr'>κελεύουσιν</span> 
     </span>
    </p>
   </div>
   <div class='ocr_carea' id='block_1_112' title="bbox 2125 4542 3697 4618">
    <p class='ocr_par' dir='ltr' id='par_1_112' title="bbox 2125 4542 3697 4618">
     <span class='ocr_line' id='line_1_112' title="bbox 2125 4542 3697 4618; baseline -0.006 -14"><span class='ocrx_word' id='word_1_896' title='bbox 2125 4548 2417 4618; x_wconf 88' lang='grc' dir='ltr'>ἀναμένειν</span> <span class='ocrx_word' id='word_1_897' title='bbox 2445 4547 2570 4609; x_wconf 81' lang='grc' dir='ltr'>τούς</span> <span class='ocrx_word' id='word_1_898' title='bbox 2599 4547 3019 4617; x_wconf 79' lang='grc' dir='ltr'>ὑστερήσαντας.</span> <span class='ocrx_word' id='word_1_899' title='bbox 3061 4544 3231 4597; x_wconf 88' lang='grc' dir='ltr'>Τοῦτο</span> <span class='ocrx_word' id='word_1_900' title='bbox 3258 4545 3347 4598; x_wconf 80' lang='grc' dir='ltr'>καὶ</span> <span class='ocrx_word' id='word_1_901' title='bbox 3376 4545 3404 4596; x_wconf 92' lang='lat'>6</span> <span class='ocrx_word' id='word_1_902' title='bbox 3432 4542 3566 4606; x_wconf 84' lang='grc' dir='ltr'>Θεὸς</span> <span class='ocrx_word' id='word_1_903' title='bbox 3601 4553 3697 4594; x_wconf 77' lang='grc' dir='ltr'>πε-</span> 
     </span>
    </p>
   </div>
   <div class='ocr_carea' id='block_1_113' title="bbox 2125 4625 3697 4700">
    <p class='ocr_par' dir='ltr' id='par_1_113' title="bbox 2125 4625 3697 4700">
     <span class='ocr_line' id='line_1_113' title="bbox 2125 4625 3697 4700; baseline -0.004 -16"><span class='ocrx_word' id='word_1_904' title='bbox 2125 4631 2377 4700; x_wconf 89' lang='grc' dir='ltr'>ποίηκεν⁹</span> <span class='ocrx_word' id='word_1_905' title='bbox 2414 4628 2600 4700; x_wconf 78' lang='grc' dir='ltr'>ἐπειδὴ</span> <span class='ocrx_word' id='word_1_906' title='bbox 2638 4629 2744 4700; x_wconf 86' lang='grc' dir='ltr'>γὰρ</span> <span class='ocrx_word' id='word_1_907' title='bbox 2773 4629 2896 4691; x_wconf 78' lang='grc' dir='ltr'>τούς</span> <span class='ocrx_word' id='word_1_908' title='bbox 2924 4629 2986 4680; x_wconf 88' lang='grc' dir='ltr'>ἐκ</span> <span class='ocrx_word' id='word_1_909' title='bbox 3014 4629 3112 4697; x_wconf 77' lang='grc' dir='ltr'>τῆς</span> <span class='ocrx_word' id='word_1_910' title='bbox 3138 4627 3455 4696; x_wconf 76' lang='grc' dir='ltr'>οἰκουμένης</span> <span class='ocrx_word' id='word_1_911' title='bbox 3477 4625 3697 4695; x_wconf 85' lang='grc' dir='ltr'>ἀπάσης</span> 
     </span>
    </p>
   </div>
   <div class='ocr_carea' id='block_1_114' title="bbox 2125 4709 3694 4785">
    <p class='ocr_par' dir='ltr' id='par_1_114' title="bbox 2125 4709 3694 4785">
     <span class='ocr_line' id='line_1_114' title="bbox 2125 4709 3694 4785; baseline -0.005 -17"><span class='ocrx_word' id='word_1_912' title='bbox 2125 4714 2264 4769; x_wconf 83' lang='grc' dir='ltr'>κατὰ</span> <span class='ocrx_word' id='word_1_913' title='bbox 2293 4713 2580 4785; x_wconf 83' lang='grc' dir='ltr'>διαφόρους</span> <span class='ocrx_word' id='word_1_914' title='bbox 2605 4714 2829 4784; x_wconf 83' lang='grc' dir='ltr'>καιροὺς</span> <span class='ocrx_word' id='word_1_915' title='bbox 2860 4711 3283 4782; x_wconf 85' lang='grc' dir='ltr'>εὐδοκιμηκότας</span> <span class='ocrx_word' id='word_1_916' title='bbox 3309 4711 3398 4764; x_wconf 76' lang='grc' dir='ltr'>ἐπὶ</span> <span class='ocrx_word' id='word_1_917' title='bbox 3424 4709 3610 4778; x_wconf 81' lang='grc' dir='ltr'>κοινήν</span> <span class='ocrx_word' id='word_1_918' title='bbox 3636 4724 3694 4761; x_wconf 73' lang='grc' dir='ltr'>τι</span> 
     </span>
    </p>
   </div>
   <div class='ocr_carea' id='block_1_115' title="bbox 2125 4792 3692 4867">
    <p class='ocr_par' dir='ltr' id='par_1_115' title="bbox 2125 4792 3692 4867">
     <span class='ocr_line' id='line_1_115' title="bbox 2125 4792 3692 4867; baseline -0.005 -17"><span class='ocrx_word' id='word_1_919' title='bbox 2125 4798 2217 4850; x_wconf 71' lang='grc' dir='ltr'>καὶ</span> <span class='ocrx_word' id='word_1_920' title='bbox 2241 4796 2615 4867; x_wconf 83' lang='grc' dir='ltr'>πνευματικὴν</span> <span class='ocrx_word' id='word_1_921' title='bbox 2642 4795 2874 4864; x_wconf 86' lang='grc' dir='ltr'>εὐωχίαν</span> <span class='ocrx_word' id='word_1_922' title='bbox 2896 4795 3144 4858; x_wconf 84' lang='grc' dir='ltr'>ἐκάλεσε,</span> <span class='ocrx_word' id='word_1_923' title='bbox 3177 4795 3302 4856; x_wconf 81' lang='grc' dir='ltr'>τοὺς</span> <span class='ocrx_word' id='word_1_924' title='bbox 3327 4792 3430 4863; x_wconf 72' lang='grc' dir='ltr'>ἤδη</span> <span class='ocrx_word' id='word_1_925' title='bbox 3464 4793 3692 4861; x_wconf 84' lang='grc' dir='ltr'>φθάσαν-</span> 
     </span>
    </p>
   </div>
   <div class='ocr_carea' id='block_1_116' title="bbox 2121 4872 3692 4951">
    <p class='ocr_par' dir='ltr' id='par_1_116' title="bbox 2121 4872 3692 4951">
     <span class='ocr_line' id='line_1_116' title="bbox 2121 4872 3692 4951; baseline -0.004 -18"><span class='ocrx_word' id='word_1_926' title='bbox 2121 4898 2220 4944; x_wconf 89' lang='grc' dir='ltr'>τας</span> <span class='ocrx_word' id='word_1_927' title='bbox 2263 4880 2357 4934; x_wconf 73' lang='grc' dir='ltr'>καὶ</span> <span class='ocrx_word' id='word_1_928' title='bbox 2417 4877 2852 4951; x_wconf 86' lang='grc' dir='ltr'>προαπελθόντας</span> <span class='ocrx_word' id='word_1_929' title='bbox 2899 4877 3108 4932; x_wconf 86' lang='grc' dir='ltr'>κελεύει</span> <span class='ocrx_word' id='word_1_930' title='bbox 3157 4878 3282 4940; x_wconf 81' lang='grc' dir='ltr'>τοὺς</span> <span class='ocrx_word' id='word_1_931' title='bbox 3338 4875 3475 4946; x_wconf 88' lang='grc' dir='ltr'>μετά</span> <span class='ocrx_word' id='word_1_932' title='bbox 3521 4872 3692 4927; x_wconf 83' lang='grc' dir='ltr'>ταῦτα</span> 
     </span>
    </p>
   </div>
   <div class='ocr_carea' id='block_1_117' title="bbox 2122 4958 3691 5033">
    <p class='ocr_par' dir='ltr' id='par_1_117' title="bbox 2122 4958 3691 5033">
     <span class='ocr_line' id='line_1_117' title="bbox 2122 4958 3691 5033; baseline -0.004 -17"><span class='ocrx_word' id='word_1_933' title='bbox 2122 4963 2338 5016; x_wconf 86' lang='grc' dir='ltr'>ἀπιέναι</span> <span class='ocrx_word' id='word_1_934' title='bbox 2371 4961 2660 5033; x_wconf 84' lang='grc' dir='ltr'>μέλλοντας</span> <span class='ocrx_word' id='word_1_935' title='bbox 2695 4961 3016 5032; x_wconf 84' lang='grc' dir='ltr'>ἀναμένειν,</span> <span class='ocrx_word' id='word_1_936' title='bbox 3060 4960 3126 5015; x_wconf 86' lang='grc' dir='ltr'>ἶν’</span> <span class='ocrx_word' id='word_1_937' title='bbox 3163 4958 3304 5013; x_wconf 75' lang='grc' dir='ltr'>οὕτω</span> <span class='ocrx_word' id='word_1_938' title='bbox 3330 4960 3479 5028; x_wconf 84' lang='grc' dir='ltr'>κοινῇ</span> <span class='ocrx_word' id='word_1_939' title='bbox 3512 4975 3691 5028; x_wconf 89' lang='grc' dir='ltr'>παρα-</span> 
     </span>
    </p>
   </div>
   <div class='ocr_carea' id='block_1_118' title="bbox 2093 5038 3694 5116">
    <p class='ocr_par' dir='ltr' id='par_1_118' title="bbox 2093 5038 3694 5116">
     <span class='ocr_line' id='line_1_118' title="bbox 2093 5038 3694 5116; baseline -0.006 -15"><span class='ocrx_word' id='word_1_940' title='bbox 2093 5046 2426 5116; x_wconf 75' lang='grc' dir='ltr'>γενομένων</span> <span class='ocrx_word' id='word_1_941' title='bbox 2452 5045 2746 5108; x_wconf 83' lang='grc' dir='ltr'>ἀπάντων,</span> <span class='ocrx_word' id='word_1_942' title='bbox 2779 5043 2933 5114; x_wconf 77' lang='grc' dir='ltr'>καὶὴ</span> <span class='ocrx_word' id='word_1_943' title='bbox 2977 5038 3110 5115; x_wconf 78' lang='grc' dir='ltr'>τιμὴ</span> <span class='ocrx_word' id='word_1_944' title='bbox 3164 5043 3255 5097; x_wconf 80' lang='grc' dir='ltr'>καὶ</span> <span class='ocrx_word' id='word_1_945' title='bbox 3307 5043 3340 5113; x_wconf 80' lang='grc' dir='ltr'>ἡ</span> <span class='ocrx_word' id='word_1_946' title='bbox 3388 5040 3548 5110; x_wconf 79' lang='grc' dir='ltr'>ἡδονὴ</span> <span class='ocrx_word' id='word_1_947' title='bbox 3596 5039 3694 5110; x_wconf 85' lang='grc' dir='ltr'>μία</span> 
     </span>
    </p>
   </div>
   <div class='ocr_carea' id='block_1_119' title="bbox 2123 5128 2571 5200">
    <p class='ocr_par' dir='ltr' id='par_1_119' title="bbox 2123 5128 2571 5200">
     <span class='ocr_line' id='line_1_119' title="bbox 2123 5128 2571 5200; baseline 0 -16"><span class='ocrx_word' id='word_1_948' title='bbox 2123 5132 2292 5184; x_wconf 75' lang='grc' dir='ltr'>ἅπασι</span> <span class='ocrx_word' id='word_1_949' title='bbox 2327 5128 2571 5200; x_wconf 85' lang='grc' dir='ltr'>γένηται.</span> 
     </span>
    </p>
   </div>
   <div class='ocr_carea' id='block_1_120' title="bbox 2194 5206 3693 5284">
    <p class='ocr_par' dir='ltr' id='par_1_120' title="bbox 2194 5206 3693 5284">
     <span class='ocr_line' id='line_1_120' title="bbox 2194 5206 3693 5284; baseline -0.004 -18"><span class='ocrx_word' id='word_1_950' title='bbox 2194 5219 2241 5267; x_wconf 82' lang='grc' dir='ltr'>ι’.</span> <span class='ocrx_word' id='word_1_951' title='bbox 2279 5213 2561 5283; x_wconf 87' lang='grc' dir='ltr'>Ἐννόησον</span> <span class='ocrx_word' id='word_1_952' title='bbox 2575 5211 2682 5282; x_wconf 87' lang='grc' dir='ltr'>γάρ</span> <span class='ocrx_word' id='word_1_953' title='bbox 2699 5211 2883 5284; x_wconf 74' lang='grc' dir='ltr'>ἡλίκον</span> <span class='ocrx_word' id='word_1_954' title='bbox 2899 5212 3046 5264; x_wconf 74' lang='grc' dir='ltr'>ἐστὶν</span> <span class='ocrx_word' id='word_1_955' title='bbox 3067 5212 3146 5275; x_wconf 86' lang='grc' dir='ltr'>είς</span> <span class='ocrx_word' id='word_1_956' title='bbox 3166 5210 3330 5280; x_wconf 80' lang='grc' dir='ltr'>τιμῆς</span> <span class='ocrx_word' id='word_1_957' title='bbox 3349 5209 3523 5277; x_wconf 87' lang='grc' dir='ltr'>λόγον,</span> <span class='ocrx_word' id='word_1_958' title='bbox 3549 5206 3693 5261; x_wconf 86' lang='grc' dir='ltr'>Παῦ-</span> 
     </span>
    </p>
   </div>
   <div class='ocr_carea' id='block_1_121' title="bbox 2118 5290 3691 5364">
    <p class='ocr_par' dir='ltr' id='par_1_121' title="bbox 2118 5290 3691 5364">
     <span class='ocr_line' id='line_1_121' title="bbox 2118 5290 3691 5364; baseline -0.004 -15"><span class='ocrx_word' id='word_1_959' title='bbox 2118 5297 2207 5350; x_wconf 82' lang='grc' dir='ltr'>λον</span> <span class='ocrx_word' id='word_1_960' title='bbox 2239 5297 2333 5350; x_wconf 73' lang='grc' dir='ltr'>καὶ</span> <span class='ocrx_word' id='word_1_961' title='bbox 2359 5298 2482 5360; x_wconf 82' lang='grc' dir='ltr'>τοὺς</span> <span class='ocrx_word' id='word_1_962' title='bbox 2511 5296 2632 5350; x_wconf 82' lang='grc' dir='ltr'>κατ’</span> <span class='ocrx_word' id='word_1_963' title='bbox 2657 5297 2862 5349; x_wconf 82' lang='grc' dir='ltr'>ἐκεῖνον</span> <span class='ocrx_word' id='word_1_964' title='bbox 2887 5295 3150 5358; x_wconf 75' lang='grc' dir='ltr'>ἅπαντας,</span> <span class='ocrx_word' id='word_1_965' title='bbox 3172 5293 3264 5346; x_wconf 91' lang='grc' dir='ltr'>τὸν</span> <span class='ocrx_word' id='word_1_966' title='bbox 3300 5290 3570 5364; x_wconf 73' lang='grc' dir='ltr'>Ἀϐραὰμ,</span> <span class='ocrx_word' id='word_1_967' title='bbox 3597 5290 3691 5344; x_wconf 73' lang='grc' dir='ltr'>καὶ</span> 
     </span>
    </p>
   </div>
   <div class='ocr_carea' id='block_1_122' title="bbox 2118 5372 3692 5448">
    <p class='ocr_par' dir='ltr' id='par_1_122' title="bbox 2118 5372 3692 5448">
     <span class='ocr_line' id='line_1_122' title="bbox 2118 5372 3692 5448; baseline -0.004 -16"><span class='ocrx_word' id='word_1_968' title='bbox 2118 5378 2243 5443; x_wconf 80' lang='grc' dir='ltr'>τούς</span> <span class='ocrx_word' id='word_1_969' title='bbox 2274 5379 2393 5433; x_wconf 84' lang='grc' dir='ltr'>κατ’</span> <span class='ocrx_word' id='word_1_970' title='bbox 2428 5379 2666 5440; x_wconf 87' lang='grc' dir='ltr'>ἐκεῖνον,</span> <span class='ocrx_word' id='word_1_971' title='bbox 2697 5378 2790 5431; x_wconf 67' lang='grc' dir='ltr'>καὶ</span> <span class='ocrx_word' id='word_1_972' title='bbox 2825 5379 2950 5440; x_wconf 81' lang='grc' dir='ltr'>τοὺς</span> <span class='ocrx_word' id='word_1_973' title='bbox 2989 5377 3094 5448; x_wconf 90' lang='grc' dir='ltr'>πρὸ</span> <span class='ocrx_word' id='word_1_974' title='bbox 3149 5374 3356 5429; x_wconf 83' lang='grc' dir='ltr'>ἐκείνου</span> <span class='ocrx_word' id='word_1_975' title='bbox 3389 5374 3547 5428; x_wconf 90' lang='grc' dir='ltr'>πάλιν</span> <span class='ocrx_word' id='word_1_976' title='bbox 3583 5372 3692 5444; x_wconf 81' lang='grc' dir='ltr'>πρὸ</span> 
     </span>
    </p>
   </div>
   <div class='ocr_carea' id='block_1_123' title="bbox 2116 5457 3690 5532">
    <p class='ocr_par' dir='ltr' id='par_1_123' title="bbox 2116 5457 3690 5532">
     <span class='ocr_line' id='line_1_123' title="bbox 2116 5457 3690 5532; baseline -0.004 -18"><span class='ocrx_word' id='word_1_977' title='bbox 2116 5462 2384 5516; x_wconf 83' lang='grc' dir='ltr'>τοσούτων</span> <span class='ocrx_word' id='word_1_978' title='bbox 2413 5461 2548 5515; x_wconf 89' lang='grc' dir='ltr'>ἐτῶν</span> <span class='ocrx_word' id='word_1_979' title='bbox 2581 5461 2920 5532; x_wconf 84' lang='grc' dir='ltr'>ἀθλήσαντας</span> <span class='ocrx_word' id='word_1_980' title='bbox 2947 5461 3042 5513; x_wconf 79' lang='grc' dir='ltr'>καὶ</span> <span class='ocrx_word' id='word_1_981' title='bbox 3064 5460 3385 5529; x_wconf 77' lang='grc' dir='ltr'>νικήσαντας</span> <span class='ocrx_word' id='word_1_982' title='bbox 3423 5457 3690 5526; x_wconf 77' lang='grc' dir='ltr'>καθῆσθαι</span> 
     </span>
    </p>
   </div>
   <div class='ocr_carea' id='block_1_124' title="bbox 2117 5538 3691 5617">
    <p class='ocr_par' dir='ltr' id='par_1_124' title="bbox 2117 5538 3691 5617">
     <span class='ocr_line' id='line_1_124' title="bbox 2117 5538 3691 5617; baseline -0.006 -17"><span class='ocrx_word' id='word_1_983' title='bbox 2117 5545 2212 5600; x_wconf 90' lang='grc' dir='ltr'>νῦν</span> <span class='ocrx_word' id='word_1_984' title='bbox 2236 5546 2332 5617; x_wconf 81' lang='grc' dir='ltr'>τὴν</span> <span class='ocrx_word' id='word_1_985' title='bbox 2362 5546 2636 5617; x_wconf 79' lang='grc' dir='ltr'>ἡμετέραν</span> <span class='ocrx_word' id='word_1_986' title='bbox 2665 5543 3028 5613; x_wconf 81' lang='grc' dir='ltr'>άναμένοντας</span> <span class='ocrx_word' id='word_1_987' title='bbox 3052 5541 3414 5611; x_wconf 80' lang='grc' dir='ltr'>εὐδοκίμησιν.</span> <span class='ocrx_word' id='word_1_988' title='bbox 3437 5540 3558 5592; x_wconf 79' lang='grc' dir='ltr'>ὐτι</span> <span class='ocrx_word' id='word_1_989' title='bbox 3579 5538 3691 5607; x_wconf 83' lang='grc' dir='ltr'>γὰρ</span> 
     </span>
    </p>
   </div>
   <div class='ocr_carea' id='block_1_125' title="bbox 2115 5619 3689 5697">
    <p class='ocr_par' dir='ltr' id='par_1_125' title="bbox 2115 5619 3689 5697">
     <span class='ocr_line' id='line_1_125' title="bbox 2115 5619 3689 5697; baseline -0.005 -17"><span class='ocrx_word' id='word_1_990' title='bbox 2115 5627 2324 5681; x_wconf 83' lang='grc' dir='ltr'>οὐδέπω</span> <span class='ocrx_word' id='word_1_991' title='bbox 2353 5629 2445 5681; x_wconf 90' lang='grc' dir='ltr'>τὸν</span> <span class='ocrx_word' id='word_1_992' title='bbox 2475 5627 2736 5697; x_wconf 84' lang='grc' dir='ltr'>στέφανον</span> <span class='ocrx_word' id='word_1_993' title='bbox 2766 5625 2979 5687; x_wconf 85' lang='grc' dir='ltr'>Παῦλος</span> <span class='ocrx_word' id='word_1_994' title='bbox 3007 5624 3334 5692; x_wconf 80' lang='grc' dir='ltr'>ἀπείληφεν,</span> <span class='ocrx_word' id='word_1_995' title='bbox 3363 5620 3485 5674; x_wconf 83' lang='grc' dir='ltr'>οὐδέ</span> <span class='ocrx_word' id='word_1_996' title='bbox 3531 5619 3689 5680; x_wconf 79' lang='grc' dir='ltr'>ἄλλος</span> 
     </span>
    </p>
   </div>
   <div class='ocr_carea' id='block_1_126' title="bbox 2115 5700 3687 5781">
    <p class='ocr_par' dir='ltr' id='par_1_126' title="bbox 2115 5700 3687 5781">
     <span class='ocr_line' id='line_1_126' title="bbox 2115 5700 3687 5781; baseline -0.008 -17"><span class='ocrx_word' id='word_1_997' title='bbox 2115 5711 2287 5775; x_wconf 70' lang='grc' dir='ltr'>οὐδεὶς</span> <span class='ocrx_word' id='word_1_998' title='bbox 2319 5711 2429 5764; x_wconf 88' lang='grc' dir='ltr'>τῶν</span> <span class='ocrx_word' id='word_1_999' title='bbox 2461 5710 2519 5775; x_wconf 82' lang='grc' dir='ltr'>ἐξ</span> <span class='ocrx_word' id='word_1_1000' title='bbox 2556 5709 2730 5781; x_wconf 73' lang='grc' dir='ltr'>ἀρχῆς</span> <span class='ocrx_word' id='word_1_1001' title='bbox 2765 5707 3226 5780; x_wconf 83' lang='grc' dir='ltr'>εὐηρεστηκὸτων,</span> <span class='ocrx_word' id='word_1_1002' title='bbox 3255 5703 3368 5756; x_wconf 75' lang='grc' dir='ltr'>ἀλλ’</span> <span class='ocrx_word' id='word_1_1003' title='bbox 3403 5701 3524 5756; x_wconf 72' lang='grc' dir='ltr'>οὐδὲ</span> <span class='ocrx_word' id='word_1_1004' title='bbox 3550 5700 3687 5753; x_wconf 79' lang='grc' dir='ltr'>ἀποο</span> 
     </span>
    </p>
   </div>
   <div class='ocr_carea' id='block_1_127' title="bbox 2116 5785 3683 5865">
    <p class='ocr_par' dir='ltr' id='par_1_127' title="bbox 2116 5785 3683 5865">
     <span class='ocr_line' id='line_1_127' title="bbox 2116 5785 3683 5865; baseline -0.008 -18"><span class='ocrx_word' id='word_1_1005' title='bbox 2116 5793 2372 5865; x_wconf 72' lang='grc' dir='ltr'>λήψονται</span> <span class='ocrx_word' id='word_1_1006' title='bbox 2399 5835 2413 5860; x_wconf 94' lang='grc'>,</span> <span class='ocrx_word' id='word_1_1007' title='bbox 2451 5794 2554 5858; x_wconf 80' lang='grc' dir='ltr'>ἕως</span> <span class='ocrx_word' id='word_1_1008' title='bbox 2602 5792 2668 5846; x_wconf 83' lang='grc' dir='ltr'>ἀν</span> <span class='ocrx_word' id='word_1_1009' title='bbox 2709 5793 2943 5855; x_wconf 67' lang='grc' dir='ltr'>ἅπαντες</span> <span class='ocrx_word' id='word_1_1010' title='bbox 3003 5791 3050 5843; x_wconf 77' lang='grc' dir='ltr'>οῖ</span> <span class='ocrx_word' id='word_1_1011' title='bbox 3078 5788 3235 5859; x_wconf 82' lang='grc' dir='ltr'>μέχρι</span> <span class='ocrx_word' id='word_1_1012' title='bbox 3273 5785 3462 5849; x_wconf 82' lang='grc' dir='ltr'>τέλους</span> <span class='ocrx_word' id='word_1_1013' title='bbox 3491 5799 3683 5851; x_wconf 63' lang='grc' dir='ltr'>στεφα-</span> 
     </span>
    </p>
   </div>
  </div>
