  <div class='ocr_page' id='page_1' title='image "/cluster/home/n/w/nwhite01/storage/ocr_20150623/51/hvd.32044073501900/296.png"; bbox 0 0 4082 6212; ppageno 0'>
   <div class='ocr_carea' id='block_1_1' title="bbox 287 330 394 388">
    <p class='ocr_par' dir='ltr' id='par_1_1' title="bbox 287 330 394 388">
     <span class='ocr_line' id='line_1_1' title="bbox 287 330 394 388; baseline -0.047 0"><span class='ocrx_word' id='word_1_1' title='bbox 287 330 394 388; x_wconf 74' lang='lat'><strong><em>297</em></strong></span> 
     </span>
    </p>
   </div>
   <div class='ocr_carea' id='block_1_2' title="bbox 286 441 1885 528">
    <p class='ocr_par' dir='ltr' id='par_1_2' title="bbox 286 441 1885 528">
     <span class='ocr_line' id='line_1_2' title="bbox 286 441 1885 528; baseline -0.009 -18"><span class='ocrx_word' id='word_1_2' title='bbox 286 456 425 511; x_wconf 84' lang='lat' dir='ltr'><strong><em>dabit</em></strong></span> <span class='ocrx_word' id='word_1_3' title='bbox 439 455 528 511; x_wconf 86' lang='lat' dir='ltr'><strong><em>tibi</em></strong></span> <span class='ocrx_word' id='word_1_4' title='bbox 546 456 770 528; x_wconf 71' lang='lat' dir='ltr'><strong><em>pluviam</em></strong></span> <span class='ocrx_word' id='word_1_5' title='bbox 791 453 1084 508; x_wconf 80' lang='lat' dir='ltr'><strong><em>matutinum</em></strong></span> <span class='ocrx_word' id='word_1_6' title='bbox 1105 460 1151 505; x_wconf 89' lang='lat' dir='ltr'><strong><em>et</em></strong></span> <span class='ocrx_word' id='word_1_7' title='bbox 1169 448 1443 504; x_wconf 80' lang='lat' dir='ltr'><strong><em>serotinum</em></strong></span> <span class='ocrx_word' id='word_1_8' title='bbox 1464 441 1632 518; x_wconf 85' lang='lat' dir='ltr'><strong><em>(Ibid.</em></strong></span> <span class='ocrx_word' id='word_1_9' title='bbox 1661 444 1747 498; x_wconf 78' lang='grc'><strong><em>11.</em></strong></span> <span class='ocrx_word' id='word_1_10' title='bbox 1775 441 1885 512; x_wconf 80' lang='lat' dir='ltr'><strong><em>M).</em></strong></span> 
     </span>
    </p>
   </div>
   <div class='ocr_carea' id='block_1_3' title="bbox 286 531 1884 613">
    <p class='ocr_par' dir='ltr' id='par_1_3' title="bbox 286 531 1884 613">
     <span class='ocr_line' id='line_1_3' title="bbox 286 531 1884 613; baseline -0.009 -14"><span class='ocrx_word' id='word_1_11' title='bbox 286 544 521 613; x_wconf 67' lang='lat' dir='ltr'><strong><em>Excipiet</em></strong></span> <span class='ocrx_word' id='word_1_12' title='bbox 547 562 667 600; x_wconf 87' lang='lat' dir='ltr'><strong><em>area</em></strong></span> <span class='ocrx_word' id='word_1_13' title='bbox 691 545 1017 606; x_wconf 79' lang='lat' dir='ltr'><strong><em>vindemiam,</em></strong></span> <span class='ocrx_word' id='word_1_14' title='bbox 1044 551 1089 596; x_wconf 87' lang='lat' dir='ltr'><strong><em>et</em></strong></span> <span class='ocrx_word' id='word_1_15' title='bbox 1114 538 1364 594; x_wconf 81' lang='lat' dir='ltr'><strong><em>vindemia</em></strong></span> <span class='ocrx_word' id='word_1_16' title='bbox 1390 544 1656 592; x_wconf 73' lang='lat' dir='ltr'><strong><em>sementem</em></strong></span> <span class='ocrx_word' id='word_1_17' title='bbox 1686 535 1704 604; x_wconf 96' lang='lat'><strong>(</strong></span> <span class='ocrx_word' id='word_1_18' title='bbox 1727 531 1884 587; x_wconf 84' lang='lat' dir='ltr'><strong><em>Levit.</em></strong></span> 
     </span>
    </p>
   </div>
   <div class='ocr_carea' id='block_1_4' title="bbox 284 625 1887 707">
    <p class='ocr_par' dir='ltr' id='par_1_4' title="bbox 284 625 1887 707">
     <span class='ocr_line' id='line_1_4' title="bbox 284 625 1887 707; baseline -0.007 -18"><span class='ocrx_word' id='word_1_19' title='bbox 284 638 377 690; x_wconf 68' lang='lat'><strong><em>26.</em></strong></span> <span class='ocrx_word' id='word_1_20' title='bbox 410 637 464 692; x_wconf 71' lang='grc' dir='ltr'><strong>Ι.</strong></span> <span class='ocrx_word' id='word_1_21' title='bbox 497 638 532 691; x_wconf 85' lang='grc'><strong>5</strong></span> <span class='ocrx_word' id='word_1_22' title='bbox 557 639 595 707; x_wconf 80' lang='lat'><strong><em>).</em></strong></span> <span class='ocrx_word' id='word_1_23' title='bbox 631 637 856 705; x_wconf 79' lang='lat' dir='ltr'><strong><em>Aliaque</em></strong></span> <span class='ocrx_word' id='word_1_24' title='bbox 900 633 1067 688; x_wconf 89' lang='lat' dir='ltr'><strong><em>multa</em></strong></span> <span class='ocrx_word' id='word_1_25' title='bbox 1109 631 1268 686; x_wconf 88' lang='lat' dir='ltr'><strong><em>simili</em></strong></span> <span class='ocrx_word' id='word_1_26' title='bbox 1299 628 1460 684; x_wconf 88' lang='lat' dir='ltr'><strong><em>modo</em></strong></span> <span class='ocrx_word' id='word_1_27' title='bbox 1499 627 1578 683; x_wconf 91' lang='lat' dir='ltr'><strong><em>eis</em></strong></span> <span class='ocrx_word' id='word_1_28' title='bbox 1607 625 1887 696; x_wconf 89' lang='lat' dir='ltr'><strong><em>promisit,</em></strong></span> 
     </span>
    </p>
   </div>
   <div class='ocr_carea' id='block_1_5' title="bbox 286 714 1888 798">
    <p class='ocr_par' dir='ltr' id='par_1_5' title="bbox 286 714 1888 798">
     <span class='ocr_line' id='line_1_5' title="bbox 286 714 1888 798; baseline -0.007 -18"><span class='ocrx_word' id='word_1_29' title='bbox 286 743 404 795; x_wconf 67' lang='lat' dir='ltr'><strong><em>quae</em></strong></span> <span class='ocrx_word' id='word_1_30' title='bbox 449 727 664 798; x_wconf 80' lang='lat' dir='ltr'><strong><em>quidem</em></strong></span> <span class='ocrx_word' id='word_1_31' title='bbox 695 727 874 781; x_wconf 84' lang='lat' dir='ltr'><strong><em>omnia</em></strong></span> <span class='ocrx_word' id='word_1_32' title='bbox 921 725 972 778; x_wconf 92' lang='lat' dir='ltr'><strong><em>in</em></strong></span> <span class='ocrx_word' id='word_1_33' title='bbox 1004 722 1254 792; x_wconf 69' lang='lat' dir='ltr'><strong><em>prmsenti</em></strong></span> <span class='ocrx_word' id='word_1_34' title='bbox 1281 721 1385 775; x_wconf 87' lang='lat' dir='ltr'><strong><em>vita</em></strong></span> <span class='ocrx_word' id='word_1_35' title='bbox 1412 719 1493 775; x_wconf 84' lang='lat' dir='ltr'><strong><em>eis</em></strong></span> <span class='ocrx_word' id='word_1_36' title='bbox 1539 714 1788 772; x_wconf 89' lang='lat' dir='ltr'><strong><em>reddidit.</em></strong></span> <span class='ocrx_word' id='word_1_37' title='bbox 1832 715 1888 770; x_wconf 87' lang='lat' dir='ltr'><strong><em>Si</em></strong></span> 
     </span>
    </p>
   </div>
   <div class='ocr_carea' id='block_1_6' title="bbox 285 805 1885 884">
    <p class='ocr_par' dir='ltr' id='par_1_6' title="bbox 285 805 1885 884">
     <span class='ocr_line' id='line_1_6' title="bbox 285 805 1885 884; baseline -0.006 -16"><span class='ocrx_word' id='word_1_38' title='bbox 285 817 406 883; x_wconf 83' lang='lat' dir='ltr'><strong><em>quis</em></strong></span> <span class='ocrx_word' id='word_1_39' title='bbox 432 827 516 872; x_wconf 88' lang='lat' dir='ltr'><strong><em>est</em></strong></span> <span class='ocrx_word' id='word_1_40' title='bbox 543 816 778 879; x_wconf 88' lang='lat' dir='ltr'><strong><em>acutior,</em></strong></span> <span class='ocrx_word' id='word_1_41' title='bbox 823 813 931 884; x_wconf 87' lang='lat' dir='ltr'><strong><em>jam</em></strong></span> <span class='ocrx_word' id='word_1_42' title='bbox 961 812 1216 884; x_wconf 73' lang='lat' dir='ltr'><strong><em>prmvidet</em></strong></span> <span class='ocrx_word' id='word_1_43' title='bbox 1256 810 1598 866; x_wconf 90' lang='lat' dir='ltr'><strong><em>solutionem.</em></strong></span> <span class='ocrx_word' id='word_1_44' title='bbox 1631 805 1885 875; x_wconf 86' lang='lat' dir='ltr'><strong><em>Quando-</em></strong></span> 
     </span>
    </p>
   </div>
   <div class='ocr_carea' id='block_1_7' title="bbox 286 897 1885 977">
    <p class='ocr_par' dir='ltr' id='par_1_7' title="bbox 286 897 1885 977">
     <span class='ocr_line' id='line_1_7' title="bbox 286 897 1885 977; baseline -0.006 -17"><span class='ocrx_word' id='word_1_45' title='bbox 286 908 504 973; x_wconf 81' lang='lat' dir='ltr'><strong><em>quidem</em></strong></span> <span class='ocrx_word' id='word_1_46' title='bbox 538 908 694 977; x_wconf 77' lang='lat' dir='ltr'><strong><em>igitur</em></strong></span> <span class='ocrx_word' id='word_1_47' title='bbox 717 905 960 975; x_wconf 88' lang='lat' dir='ltr'><strong><em>corporis</em></strong></span> <span class='ocrx_word' id='word_1_48' title='bbox 982 904 1185 959; x_wconf 89' lang='lat' dir='ltr'><strong><em>sanitas</em></strong></span> <span class='ocrx_word' id='word_1_49' title='bbox 1204 944 1219 967; x_wconf 92' lang='lat'><strong><em>,</em></strong></span> <span class='ocrx_word' id='word_1_50' title='bbox 1250 915 1502 972; x_wconf 78' lang='lat' dir='ltr'><strong><em>agrorum</em></strong></span> <span class='ocrx_word' id='word_1_51' title='bbox 1529 897 1752 955; x_wconf 91' lang='lat' dir='ltr'><strong><em>felicitas</em></strong></span> <span class='ocrx_word' id='word_1_52' title='bbox 1775 937 1790 960; x_wconf 94' lang='lat'><strong><em>,</em></strong></span> <span class='ocrx_word' id='word_1_53' title='bbox 1818 897 1885 950; x_wconf 93' lang='lat' dir='ltr'><strong><em>li-</em></strong></span> 
     </span>
    </p>
   </div>
   <div class='ocr_carea' id='block_1_8' title="bbox 289 988 1886 1066">
    <p class='ocr_par' dir='ltr' id='par_1_8' title="bbox 289 988 1886 1066">
     <span class='ocr_line' id='line_1_8' title="bbox 289 988 1886 1066; baseline -0.006 -16"><span class='ocrx_word' id='word_1_54' title='bbox 289 999 536 1053; x_wconf 87' lang='lat' dir='ltr'><strong><em>berorqu</em></strong></span> <span class='ocrx_word' id='word_1_55' title='bbox 567 998 776 1051; x_wconf 88' lang='lat' dir='ltr'><strong><em>bonitas</em></strong></span> <span class='ocrx_word' id='word_1_56' title='bbox 800 1005 957 1066; x_wconf 89' lang='lat' dir='ltr'><strong><em>atque</em></strong></span> <span class='ocrx_word' id='word_1_57' title='bbox 983 994 1134 1065; x_wconf 89' lang='lat' dir='ltr'><strong><em>copia</em></strong></span> <span class='ocrx_word' id='word_1_58' title='bbox 1160 1033 1176 1060; x_wconf 93' lang='lat'><strong><em>,</em></strong></span> <span class='ocrx_word' id='word_1_59' title='bbox 1227 993 1396 1048; x_wconf 66' lang='lat' dir='ltr'><strong><em>fausta</em></strong></span> <span class='ocrx_word' id='word_1_60' title='bbox 1436 1001 1686 1046; x_wconf 76' lang='lat' dir='ltr'><strong><em>senectus</em></strong></span> <span class='ocrx_word' id='word_1_61' title='bbox 1707 1029 1723 1054; x_wconf 99' lang='lat'><strong><em>,</em></strong></span> <span class='ocrx_word' id='word_1_62' title='bbox 1762 988 1886 1042; x_wconf 89' lang='lat' dir='ltr'><strong><em>anui</em></strong></span> 
     </span>
    </p>
   </div>
   <div class='ocr_carea' id='block_1_9' title="bbox 291 1081 1888 1158">
    <p class='ocr_par' dir='ltr' id='par_1_9' title="bbox 291 1081 1888 1158">
     <span class='ocr_line' id='line_1_9' title="bbox 291 1081 1888 1158; baseline -0.005 -19"><span class='ocrx_word' id='word_1_63' title='bbox 291 1089 519 1157; x_wconf 84' lang='lat' dir='ltr'><strong><em>partium</em></strong></span> <span class='ocrx_word' id='word_1_64' title='bbox 553 1087 840 1158; x_wconf 84' lang='lat' dir='ltr'><strong><em>temperies</em></strong></span> <span class='ocrx_word' id='word_1_65' title='bbox 863 1087 1084 1156; x_wconf 82' lang='lat' dir='ltr'><strong><em>Optima,</em></strong></span> <span class='ocrx_word' id='word_1_66' title='bbox 1112 1101 1340 1140; x_wconf 73' lang='lat' dir='ltr'><strong><em>annona:</em></strong></span> <span class='ocrx_word' id='word_1_67' title='bbox 1370 1083 1612 1148; x_wconf 82' lang='lat' dir='ltr'><strong><em>bonitas,</em></strong></span> <span class='ocrx_word' id='word_1_68' title='bbox 1640 1081 1888 1135; x_wconf 88' lang='lat' dir='ltr'><strong><em>imbrium</em></strong></span> 
     </span>
    </p>
   </div>
   <div class='ocr_carea' id='block_1_10' title="bbox 290 1171 1887 1251">
    <p class='ocr_par' dir='ltr' id='par_1_10' title="bbox 290 1171 1887 1251">
     <span class='ocr_line' id='line_1_10' title="bbox 290 1171 1887 1251; baseline -0.008 -18"><span class='ocrx_word' id='word_1_69' title='bbox 290 1180 696 1251; x_wconf 79' lang='lat' dir='ltr'><strong><em>opportunitas,</em></strong></span> <span class='ocrx_word' id='word_1_70' title='bbox 740 1187 1106 1233; x_wconf 87' lang='lat' dir='ltr'><strong><em>armentorum</em></strong></span> <span class='ocrx_word' id='word_1_71' title='bbox 1151 1186 1204 1231; x_wconf 90' lang='lat' dir='ltr'><strong><em>et</em></strong></span> <span class='ocrx_word' id='word_1_72' title='bbox 1248 1189 1470 1246; x_wconf 87' lang='lat' dir='ltr'><strong><em>gregum</em></strong></span> <span class='ocrx_word' id='word_1_73' title='bbox 1523 1171 1845 1227; x_wconf 83' lang='lat' dir='ltr'><strong><em>abundantia</em></strong></span> <span class='ocrx_word' id='word_1_74' title='bbox 1871 1210 1887 1236; x_wconf 92' lang='lat'><strong><em>,</em></strong></span> 
     </span>
    </p>
   </div>
   <div class='ocr_carea' id='block_1_11' title="bbox 292 1262 1888 1339">
    <p class='ocr_par' dir='ltr' id='par_1_11' title="bbox 292 1262 1888 1339">
     <span class='ocr_line' id='line_1_11' title="bbox 292 1262 1888 1339; baseline -0.006 -16"><span class='ocrx_word' id='word_1_75' title='bbox 292 1271 472 1326; x_wconf 82' lang='lat' dir='ltr'><strong><em>omnia</em></strong></span> <span class='ocrx_word' id='word_1_76' title='bbox 496 1270 724 1339; x_wconf 88' lang='lat' dir='ltr'><strong><em>denique</em></strong></span> <span class='ocrx_word' id='word_1_77' title='bbox 765 1269 901 1324; x_wconf 88' lang='lat' dir='ltr'><strong><em>bona</em></strong></span> <span class='ocrx_word' id='word_1_78' title='bbox 931 1269 1036 1323; x_wconf 90' lang='lat' dir='ltr'><strong><em>illis</em></strong></span> <span class='ocrx_word' id='word_1_79' title='bbox 1064 1267 1117 1322; x_wconf 92' lang='lat' dir='ltr'><strong><em>in</em></strong></span> <span class='ocrx_word' id='word_1_80' title='bbox 1147 1265 1247 1321; x_wconf 88' lang='lat' dir='ltr'><strong><em>hac</em></strong></span> <span class='ocrx_word' id='word_1_81' title='bbox 1287 1266 1394 1320; x_wconf 86' lang='lat' dir='ltr'><strong><em>vita</em></strong></span> <span class='ocrx_word' id='word_1_82' title='bbox 1421 1262 1888 1334; x_wconf 71' lang='lat' dir='ltr'><strong><em>reprrcsentabau-</em></strong></span> 
     </span>
    </p>
   </div>
   <div class='ocr_carea' id='block_1_12' title="bbox 293 1355 1890 1432">
    <p class='ocr_par' dir='ltr' id='par_1_12' title="bbox 293 1355 1890 1432">
     <span class='ocr_line' id='line_1_12' title="bbox 293 1355 1890 1432; baseline -0.004 -16"><span class='ocrx_word' id='word_1_83' title='bbox 293 1372 377 1417; x_wconf 90' lang='lat' dir='ltr'><strong><em>tur</em></strong></span> <span class='ocrx_word' id='word_1_84' title='bbox 400 1405 415 1429; x_wconf 96' lang='lat'><strong><em>,</em></strong></span> <span class='ocrx_word' id='word_1_85' title='bbox 449 1363 685 1432; x_wconf 78' lang='lat' dir='ltr'><strong><em>nihilque</em></strong></span> <span class='ocrx_word' id='word_1_86' title='bbox 712 1373 832 1431; x_wconf 89' lang='lat' dir='ltr'><strong><em>post</em></strong></span> <span class='ocrx_word' id='word_1_87' title='bbox 858 1363 993 1415; x_wconf 88' lang='lat' dir='ltr'><strong><em>hanc</em></strong></span> <span class='ocrx_word' id='word_1_88' title='bbox 1022 1360 1181 1414; x_wconf 91' lang='lat' dir='ltr'><strong><em>vitam</em></strong></span> <span class='ocrx_word' id='word_1_89' title='bbox 1212 1359 1340 1414; x_wconf 91' lang='lat' dir='ltr'><strong><em>etin</em></strong></span> <span class='ocrx_word' id='word_1_90' title='bbox 1370 1358 1606 1412; x_wconf 83' lang='lat' dir='ltr'><strong><em>futurum</em></strong></span> <span class='ocrx_word' id='word_1_91' title='bbox 1637 1355 1890 1410; x_wconf 65' lang='lat' dir='ltr'><strong><em>sarculum</em></strong></span> 
     </span>
    </p>
   </div>
   <div class='ocr_carea' id='block_1_13' title="bbox 291 1447 1888 1526">
    <p class='ocr_par' dir='ltr' id='par_1_13' title="bbox 291 1447 1888 1526">
     <span class='ocr_line' id='line_1_13' title="bbox 291 1447 1888 1526; baseline -0.006 -16"><span class='ocrx_word' id='word_1_92' title='bbox 291 1455 612 1524; x_wconf 86' lang='lat' dir='ltr'><strong><em>sperandum</em></strong></span> <span class='ocrx_word' id='word_1_93' title='bbox 668 1455 1059 1526; x_wconf 71' lang='lat' dir='ltr'><strong><em>proponebatur</em></strong></span> <span class='ocrx_word' id='word_1_94' title='bbox 1101 1452 1259 1508; x_wconf 69' lang='lat' dir='ltr'><strong><em>:htcc</em></strong></span> <span class='ocrx_word' id='word_1_95' title='bbox 1305 1461 1616 1521; x_wconf 87' lang='lat' dir='ltr'><strong><em>reputantes</em></strong></span> <span class='ocrx_word' id='word_1_96' title='bbox 1662 1447 1844 1502; x_wconf 89' lang='lat' dir='ltr'><strong><em>ﬁdeles</em></strong></span> <span class='ocrx_word' id='word_1_97' title='bbox 1872 1487 1888 1513; x_wconf 94' lang='lat'><strong><em>,</em></strong></span> 
     </span>
    </p>
   </div>
   <div class='ocr_carea' id='block_1_14' title="bbox 291 1537 1891 1617">
    <p class='ocr_par' dir='ltr' id='par_1_14' title="bbox 291 1537 1891 1617">
     <span class='ocr_line' id='line_1_14' title="bbox 291 1537 1891 1617; baseline -0.004 -16"><span class='ocrx_word' id='word_1_98' title='bbox 291 1547 581 1617; x_wconf 72' lang='lat' dir='ltr'><strong><em>majoribus</em></strong></span> <span class='ocrx_word' id='word_1_99' title='bbox 602 1545 809 1616; x_wconf 67' lang='lat' dir='ltr'><strong><em>quidem</em></strong></span> <span class='ocrx_word' id='word_1_100' title='bbox 837 1546 946 1599; x_wconf 69' lang='lat' dir='ltr'><strong><em>suis</em></strong></span> <span class='ocrx_word' id='word_1_101' title='bbox 971 1545 1148 1600; x_wconf 87' lang='lat' dir='ltr'><strong><em>omnia</em></strong></span> <span class='ocrx_word' id='word_1_102' title='bbox 1175 1544 1311 1599; x_wconf 89' lang='lat' dir='ltr'><strong><em>b0na</em></strong></span> <span class='ocrx_word' id='word_1_103' title='bbox 1343 1558 1450 1613; x_wconf 78' lang='lat' dir='ltr'><strong><em>pra:</em></strong></span> <span class='ocrx_word' id='word_1_104' title='bbox 1480 1541 1702 1611; x_wconf 86' lang='lat' dir='ltr'><strong><em>pedibus</em></strong></span> <span class='ocrx_word' id='word_1_105' title='bbox 1723 1537 1891 1594; x_wconf 87' lang='lat' dir='ltr'><strong><em>fuisse</em></strong></span> 
     </span>
    </p>
   </div>
   <div class='ocr_carea' id='block_1_15' title="bbox 293 1635 1892 1706">
    <p class='ocr_par' dir='ltr' id='par_1_15' title="bbox 293 1635 1892 1706">
     <span class='ocr_line' id='line_1_15' title="bbox 293 1635 1892 1706; baseline -0.006 -14"><span class='ocrx_word' id='word_1_106' title='bbox 293 1640 394 1693; x_wconf 88' lang='lat' dir='ltr'><strong><em>sita</em></strong></span> <span class='ocrx_word' id='word_1_107' title='bbox 421 1679 436 1704; x_wconf 94' lang='lat'><strong><em>,</em></strong></span> <span class='ocrx_word' id='word_1_108' title='bbox 469 1639 567 1694; x_wconf 90' lang='lat' dir='ltr'><strong><em>sibi</em></strong></span> <span class='ocrx_word' id='word_1_109' title='bbox 595 1653 722 1694; x_wconf 87' lang='lat' dir='ltr'><strong><em>vero</em></strong></span> <span class='ocrx_word' id='word_1_110' title='bbox 770 1638 823 1692; x_wconf 90' lang='lat' dir='ltr'><strong><em>in</em></strong></span> <span class='ocrx_word' id='word_1_111' title='bbox 857 1639 1086 1692; x_wconf 73' lang='lat' dir='ltr'><strong><em>futuram</em></strong></span> <span class='ocrx_word' id='word_1_112' title='bbox 1119 1642 1280 1690; x_wconf 88' lang='lat' dir='ltr'><strong><em>vitam</em></strong></span> <span class='ocrx_word' id='word_1_113' title='bbox 1327 1635 1544 1706; x_wconf 71' lang='lat' dir='ltr'><strong><em>prmmia</em></strong></span> <span class='ocrx_word' id='word_1_114' title='bbox 1573 1641 1625 1686; x_wconf 94' lang='lat' dir='ltr'><strong><em>ct</em></strong></span> <span class='ocrx_word' id='word_1_115' title='bbox 1664 1643 1892 1686; x_wconf 82' lang='lat' dir='ltr'><strong><em>coronas</em></strong></span> 
     </span>
    </p>
   </div>
   <div class='ocr_carea' id='block_1_16' title="bbox 297 1726 1890 1802">
    <p class='ocr_par' dir='ltr' id='par_1_16' title="bbox 297 1726 1890 1802">
     <span class='ocr_line' id='line_1_16' title="bbox 297 1726 1890 1802; baseline -0.006 -16"><span class='ocrx_word' id='word_1_116' title='bbox 297 1733 530 1802; x_wconf 81' lang='lat' dir='ltr'><strong><em>reposita</em></strong></span> <span class='ocrx_word' id='word_1_117' title='bbox 561 1745 716 1797; x_wconf 84' lang='lat' dir='ltr'><strong><em>esse,</em></strong></span> <span class='ocrx_word' id='word_1_118' title='bbox 748 1741 799 1786; x_wconf 90' lang='lat' dir='ltr'><strong><em>et</em></strong></span> <span class='ocrx_word' id='word_1_119' title='bbox 825 1747 889 1786; x_wconf 80' lang='lat' dir='ltr'><strong><em>ex</em></strong></span> <span class='ocrx_word' id='word_1_120' title='bbox 922 1731 1025 1786; x_wconf 82' lang='lat' dir='ltr'><strong><em>ﬁde</em></strong></span> <span class='ocrx_word' id='word_1_121' title='bbox 1070 1730 1304 1800; x_wconf 89' lang='lat' dir='ltr'><strong><em>ipsorum</em></strong></span> <span class='ocrx_word' id='word_1_122' title='bbox 1346 1726 1727 1798; x_wconf 88' lang='lat' dir='ltr'><strong><em>promissiones</em></strong></span> <span class='ocrx_word' id='word_1_123' title='bbox 1759 1740 1890 1796; x_wconf 86' lang='lat' dir='ltr'><strong><em>pen-</em></strong></span> 
     </span>
    </p>
   </div>
   <div class='ocr_carea' id='block_1_17' title="bbox 295 1821 1891 1892">
    <p class='ocr_par' dir='ltr' id='par_1_17' title="bbox 295 1821 1891 1892">
     <span class='ocr_line' id='line_1_17' title="bbox 295 1821 1891 1892; baseline -0.003 -15"><span class='ocrx_word' id='word_1_124' title='bbox 295 1825 423 1880; x_wconf 87' lang='lat' dir='ltr'><strong><em>dere</em></strong></span> <span class='ocrx_word' id='word_1_125' title='bbox 449 1841 464 1879; x_wconf 90' lang='lat'><strong>:</strong></span> <span class='ocrx_word' id='word_1_126' title='bbox 491 1824 892 1880; x_wconf 72' lang='lat' dir='ltr'><strong><em>delassahantur</em></strong></span> <span class='ocrx_word' id='word_1_127' title='bbox 910 1839 972 1879; x_wconf 88' lang='lat' dir='ltr'><strong><em>ac</em></strong></span> <span class='ocrx_word' id='word_1_128' title='bbox 991 1823 1329 1887; x_wconf 79' lang='lat' dir='ltr'><strong><em>deﬁciebant,</em></strong></span> <span class='ocrx_word' id='word_1_129' title='bbox 1359 1831 1414 1876; x_wconf 92' lang='lat' dir='ltr'><strong><em>ut</em></strong></span> <span class='ocrx_word' id='word_1_130' title='bbox 1434 1822 1625 1892; x_wconf 88' lang='lat' dir='ltr'><strong><em>quibus</em></strong></span> <span class='ocrx_word' id='word_1_131' title='bbox 1648 1821 1891 1875; x_wconf 85' lang='lat' dir='ltr'><strong><em>universa</em></strong></span> 
     </span>
    </p>
   </div>
   <div class='ocr_carea' id='block_1_18' title="bbox 295 1910 1887 1982">
    <p class='ocr_par' dir='ltr' id='par_1_18' title="bbox 295 1910 1887 1982">
     <span class='ocr_line' id='line_1_18' title="bbox 295 1910 1887 1982; baseline -0.001 -15"><span class='ocrx_word' id='word_1_132' title='bbox 295 1915 400 1968; x_wconf 86' lang='lat' dir='ltr'><strong><em>vita</em></strong></span> <span class='ocrx_word' id='word_1_133' title='bbox 433 1915 569 1970; x_wconf 87' lang='lat' dir='ltr'><strong><em>inter</em></strong></span> <span class='ocrx_word' id='word_1_134' title='bbox 595 1916 913 1970; x_wconf 89' lang='lat' dir='ltr'><strong><em>tcutatioues</em></strong></span> <span class='ocrx_word' id='word_1_135' title='bbox 943 1916 1245 1970; x_wconf 87' lang='lat' dir='ltr'><strong><em>necessario</em></strong></span> <span class='ocrx_word' id='word_1_136' title='bbox 1272 1923 1412 1968; x_wconf 81' lang='lat' dir='ltr'><strong><em>esset</em></strong></span> <span class='ocrx_word' id='word_1_137' title='bbox 1440 1911 1718 1982; x_wconf 70' lang='lat' dir='ltr'><strong><em>exigenda.</em></strong></span> <span class='ocrx_word' id='word_1_138' title='bbox 1762 1910 1887 1965; x_wconf 76' lang='lat' dir='ltr'><strong><em>Hzec</em></strong></span> 
     </span>
    </p>
   </div>
   <div class='ocr_carea' id='block_1_19' title="bbox 299 2002 1893 2078">
    <p class='ocr_par' dir='ltr' id='par_1_19' title="bbox 299 2002 1893 2078">
     <span class='ocr_line' id='line_1_19' title="bbox 299 2002 1893 2078; baseline -0.004 -16"><span class='ocrx_word' id='word_1_139' title='bbox 299 2008 459 2078; x_wconf 70' lang='lat' dir='ltr'><strong><em>igitur</em></strong></span> <span class='ocrx_word' id='word_1_140' title='bbox 485 2010 829 2064; x_wconf 65' lang='lat' dir='ltr'><strong><em>considerans</em></strong></span> <span class='ocrx_word' id='word_1_141' title='bbox 856 2009 1083 2072; x_wconf 85' lang='lat' dir='ltr'><strong><em>Paulus,</em></strong></span> <span class='ocrx_word' id='word_1_142' title='bbox 1129 2016 1184 2062; x_wconf 90' lang='lat' dir='ltr'><strong><em>ct</em></strong></span> <span class='ocrx_word' id='word_1_143' title='bbox 1230 2007 1491 2061; x_wconf 89' lang='lat' dir='ltr'><strong><em>malorum</em></strong></span> <span class='ocrx_word' id='word_1_144' title='bbox 1523 2018 1642 2076; x_wconf 74' lang='lat' dir='ltr'><strong><em>qua:</em></strong></span> <span class='ocrx_word' id='word_1_145' title='bbox 1681 2002 1761 2058; x_wconf 91' lang='lat' dir='ltr'><strong><em>eis</em></strong></span> <span class='ocrx_word' id='word_1_146' title='bbox 1790 2002 1893 2056; x_wconf 91' lang='lat' dir='ltr'><strong><em>im-</em></strong></span> 
     </span>
    </p>
   </div>
   <div class='ocr_carea' id='block_1_20' title="bbox 297 2096 1897 2171">
    <p class='ocr_par' dir='ltr' id='par_1_20' title="bbox 297 2096 1897 2171">
     <span class='ocr_line' id='line_1_20' title="bbox 297 2096 1897 2171; baseline 0 -23"><span class='ocrx_word' id='word_1_147' title='bbox 297 2100 598 2169; x_wconf 82' lang='lat' dir='ltr'><strong><em>pendebant</em></strong></span> <span class='ocrx_word' id='word_1_148' title='bbox 649 2100 1068 2171; x_wconf 85' lang='lat' dir='ltr'><strong><em>magnitudinem</em></strong></span> <span class='ocrx_word' id='word_1_149' title='bbox 1093 2142 1107 2164; x_wconf 93' lang='lat'><strong><em>,</em></strong></span> <span class='ocrx_word' id='word_1_150' title='bbox 1138 2109 1192 2154; x_wconf 90' lang='lat' dir='ltr'><strong><em>et</em></strong></span> <span class='ocrx_word' id='word_1_151' title='bbox 1217 2098 1357 2168; x_wconf 88' lang='lat' dir='ltr'><strong><em>quod</em></strong></span> <span class='ocrx_word' id='word_1_152' title='bbox 1388 2098 1472 2152; x_wconf 91' lang='lat' dir='ltr'><strong><em>his</em></strong></span> <span class='ocrx_word' id='word_1_153' title='bbox 1515 2096 1732 2167; x_wconf 80' lang='lat' dir='ltr'><strong><em>quidem</em></strong></span> <span class='ocrx_word' id='word_1_154' title='bbox 1777 2102 1897 2165; x_wconf 90' lang='lat' dir='ltr'><strong><em>post</em></strong></span> 
     </span>
    </p>
   </div>
   <div class='ocr_carea' id='block_1_21' title="bbox 296 2186 1892 2257">
    <p class='ocr_par' dir='ltr' id='par_1_21' title="bbox 296 2186 1892 2257">
     <span class='ocr_line' id='line_1_21' title="bbox 296 2186 1892 2257; baseline -0.002 -17"><span class='ocrx_word' id='word_1_155' title='bbox 296 2191 497 2243; x_wconf 87' lang='lat' dir='ltr'><strong><em>obitum</em></strong></span> <span class='ocrx_word' id='word_1_156' title='bbox 525 2190 762 2244; x_wconf 83' lang='lat' dir='ltr'><strong><em>laborum</em></strong></span> <span class='ocrx_word' id='word_1_157' title='bbox 793 2191 1095 2245; x_wconf 88' lang='lat' dir='ltr'><strong><em>mercedem</em></strong></span> <span class='ocrx_word' id='word_1_158' title='bbox 1124 2190 1263 2243; x_wconf 87' lang='lat' dir='ltr'><strong><em>Deus</em></strong></span> <span class='ocrx_word' id='word_1_159' title='bbox 1291 2197 1434 2242; x_wconf 65' lang='lat' dir='ltr'><strong><em>e&lt;sct</em></strong></span> <span class='ocrx_word' id='word_1_160' title='bbox 1464 2186 1731 2257; x_wconf 85' lang='lat' dir='ltr'><strong><em>pollicitus</em></strong></span> <span class='ocrx_word' id='word_1_161' title='bbox 1753 2227 1769 2250; x_wconf 94' lang='lat'><strong><em>,</em></strong></span> <span class='ocrx_word' id='word_1_162' title='bbox 1801 2199 1892 2253; x_wconf 80' lang='lat' dir='ltr'><strong><em>pa-</em></strong></span> 
     </span>
    </p>
   </div>
   <div class='ocr_carea' id='block_1_22' title="bbox 297 2279 1893 2352">
    <p class='ocr_par' dir='ltr' id='par_1_22' title="bbox 297 2279 1893 2352">
     <span class='ocr_line' id='line_1_22' title="bbox 297 2279 1893 2352; baseline -0.001 -19"><span class='ocrx_word' id='word_1_163' title='bbox 297 2281 466 2335; x_wconf 89' lang='lat' dir='ltr'><strong><em>tribus</em></strong></span> <span class='ocrx_word' id='word_1_164' title='bbox 491 2292 666 2336; x_wconf 86' lang='lat' dir='ltr'><strong><em>autem</em></strong></span> <span class='ocrx_word' id='word_1_165' title='bbox 711 2291 1028 2352; x_wconf 54' lang='lat' dir='ltr'><strong><em>prmo-litem</em></strong></span> <span class='ocrx_word' id='word_1_166' title='bbox 1077 2281 1479 2336; x_wconf 85' lang='lat' dir='ltr'><strong><em>retributionem</em></strong></span> <span class='ocrx_word' id='word_1_167' title='bbox 1521 2279 1893 2349; x_wconf 72' lang='lat' dir='ltr'><strong><em>praestitisset;</em></strong></span> 
     </span>
    </p>
   </div>
   <div class='ocr_carea' id='block_1_23' title="bbox 296 2372 1884 2446">
    <p class='ocr_par' dir='ltr' id='par_1_23' title="bbox 296 2372 1884 2446">
     <span class='ocr_line' id='line_1_23' title="bbox 296 2372 1884 2446; baseline 0 -19"><span class='ocrx_word' id='word_1_168' title='bbox 296 2374 726 2445; x_wconf 81' lang='lat' dir='ltr'><strong><em>pcrspieicusquc</em></strong></span> <span class='ocrx_word' id='word_1_169' title='bbox 771 2391 1015 2446; x_wconf 87' lang='lat' dir='ltr'><strong><em>magnam</em></strong></span> <span class='ocrx_word' id='word_1_170' title='bbox 1066 2376 1116 2429; x_wconf 90' lang='lat' dir='ltr'><strong><em>in</em></strong></span> <span class='ocrx_word' id='word_1_171' title='bbox 1173 2375 1279 2430; x_wconf 88' lang='lat' dir='ltr'><strong><em>illis</em></strong></span> <span class='ocrx_word' id='word_1_172' title='bbox 1325 2373 1605 2443; x_wconf 78' lang='lat' dir='ltr'><strong><em>srgnitiem</em></strong></span> <span class='ocrx_word' id='word_1_173' title='bbox 1633 2387 1665 2428; x_wconf 92' lang='lat' dir='ltr'><strong><em>e</em></strong></span> <span class='ocrx_word' id='word_1_174' title='bbox 1692 2372 1884 2427; x_wconf 90' lang='lat' dir='ltr'><strong><em>talibus</em></strong></span> 
     </span>
    </p>
   </div>
   <div class='ocr_carea' id='block_1_24' title="bbox 297 2460 1892 2538">
    <p class='ocr_par' dir='ltr' id='par_1_24' title="bbox 297 2460 1892 2538">
     <span class='ocr_line' id='line_1_24' title="bbox 297 2460 1892 2538; baseline -0.001 -16"><span class='ocrx_word' id='word_1_175' title='bbox 297 2469 708 2538; x_wconf 77' lang='lat' dir='ltr'><strong><em>cogitationibus</em></strong></span> <span class='ocrx_word' id='word_1_176' title='bbox 735 2469 998 2534; x_wconf 81' lang='lat' dir='ltr'><strong><em>suboriri,</em></strong></span> <span class='ocrx_word' id='word_1_177' title='bbox 1029 2480 1081 2524; x_wconf 92' lang='lat' dir='ltr'><strong><em>et</em></strong></span> <span class='ocrx_word' id='word_1_178' title='bbox 1112 2471 1298 2524; x_wconf 87' lang='lat' dir='ltr'><strong><em>volens</em></strong></span> <span class='ocrx_word' id='word_1_179' title='bbox 1328 2484 1423 2524; x_wconf 89' lang='lat' dir='ltr'><strong><em>eos</em></strong></span> <span class='ocrx_word' id='word_1_180' title='bbox 1449 2460 1680 2523; x_wconf 74' lang='lat' dir='ltr'><strong><em>excitare</em></strong></span> <span class='ocrx_word' id='word_1_181' title='bbox 1705 2483 1770 2523; x_wconf 89' lang='lat' dir='ltr'><strong><em>ac</em></strong></span> <span class='ocrx_word' id='word_1_182' title='bbox 1796 2467 1892 2522; x_wconf 89' lang='lat' dir='ltr'><strong><em>do-</em></strong></span> 
     </span>
    </p>
   </div>
   <div class='ocr_carea' id='block_1_25' title="bbox 297 2557 1896 2631">
    <p class='ocr_par' dir='ltr' id='par_1_25' title="bbox 297 2557 1896 2631">
     <span class='ocr_line' id='line_1_25' title="bbox 297 2557 1896 2631; baseline -0.001 -17"><span class='ocrx_word' id='word_1_183' title='bbox 297 2576 446 2626; x_wconf 89' lang='lat' dir='ltr'><strong><em>cere,</em></strong></span> <span class='ocrx_word' id='word_1_184' title='bbox 473 2569 678 2628; x_wconf 89' lang='lat' dir='ltr'><strong><em>patrum</em></strong></span> <span class='ocrx_word' id='word_1_185' title='bbox 700 2576 909 2631; x_wconf 89' lang='lat' dir='ltr'><strong><em>quoque</em></strong></span> <span class='ocrx_word' id='word_1_186' title='bbox 932 2560 1260 2630; x_wconf 86' lang='lat' dir='ltr'><strong><em>temporibus</em></strong></span> <span class='ocrx_word' id='word_1_187' title='bbox 1276 2559 1514 2615; x_wconf 87' lang='lat' dir='ltr'><strong><em>eamdem</em></strong></span> <span class='ocrx_word' id='word_1_188' title='bbox 1538 2557 1701 2614; x_wconf 86' lang='lat' dir='ltr'><strong><em>fuisse</em></strong></span> <span class='ocrx_word' id='word_1_189' title='bbox 1717 2573 1896 2614; x_wconf 87' lang='lat' dir='ltr'><strong><em>rerum</em></strong></span> 
     </span>
    </p>
   </div>
   <div class='ocr_carea' id='block_1_26' title="bbox 297 2650 1896 2727">
    <p class='ocr_par' dir='ltr' id='par_1_26' title="bbox 297 2650 1896 2727">
     <span class='ocr_line' id='line_1_26' title="bbox 297 2650 1896 2727; baseline -0.005 -17"><span class='ocrx_word' id='word_1_190' title='bbox 297 2656 776 2727; x_wconf 57' lang='lat' dir='ltr'><strong><em>dispensationem,</em></strong></span> <span class='ocrx_word' id='word_1_191' title='bbox 801 2654 1100 2723; x_wconf 89' lang='lat' dir='ltr'><strong><em>multosque</em></strong></span> <span class='ocrx_word' id='word_1_192' title='bbox 1128 2651 1231 2707; x_wconf 88' lang='lat' dir='ltr'><strong><em>ﬁde</em></strong></span> <span class='ocrx_word' id='word_1_193' title='bbox 1255 2650 1553 2705; x_wconf 88' lang='lat' dir='ltr'><strong><em>mercedem</em></strong></span> <span class='ocrx_word' id='word_1_194' title='bbox 1576 2651 1896 2720; x_wconf 81' lang='lat' dir='ltr'><strong><em>percepisse,</em></strong></span> 
     </span>
    </p>
   </div>
   <div class='ocr_carea' id='block_1_27' title="bbox 301 2741 1902 2817">
    <p class='ocr_par' dir='ltr' id='par_1_27' title="bbox 301 2741 1902 2817">
     <span class='ocr_line' id='line_1_27' title="bbox 301 2741 1902 2817; baseline -0.004 -15"><span class='ocrx_word' id='word_1_195' title='bbox 301 2765 404 2803; x_wconf 89' lang='lat' dir='ltr'><strong><em>nou</em></strong></span> <span class='ocrx_word' id='word_1_196' title='bbox 432 2764 510 2811; x_wconf 88' lang='lat' dir='ltr'><strong><em>re,</em></strong></span> <span class='ocrx_word' id='word_1_197' title='bbox 542 2747 902 2817; x_wconf 71' lang='lat' dir='ltr'><strong><em>rrOpheticum</em></strong></span> <span class='ocrx_word' id='word_1_198' title='bbox 927 2744 1030 2798; x_wconf 88' lang='lat' dir='ltr'><strong><em>illis</em></strong></span> <span class='ocrx_word' id='word_1_199' title='bbox 1048 2744 1244 2798; x_wconf 90' lang='lat' dir='ltr'><strong><em>dictum</em></strong></span> <span class='ocrx_word' id='word_1_200' title='bbox 1272 2743 1322 2796; x_wconf 90' lang='lat' dir='ltr'><strong><em>in</em></strong></span> <span class='ocrx_word' id='word_1_201' title='bbox 1345 2741 1658 2798; x_wconf 83' lang='lat' dir='ltr'><strong><em>memoriam</em></strong></span> <span class='ocrx_word' id='word_1_202' title='bbox 1687 2749 1902 2797; x_wconf 78' lang='lat' dir='ltr'><strong><em>revocat</em></strong></span> 
     </span>
    </p>
   </div>
   <div class='ocr_carea' id='block_1_28' title="bbox 298 2834 1896 2906">
    <p class='ocr_par' dir='ltr' id='par_1_28' title="bbox 298 2834 1896 2906">
     <span class='ocr_line' id='line_1_28' title="bbox 298 2834 1896 2906; baseline -0.006 -11"><span class='ocrx_word' id='word_1_203' title='bbox 298 2841 522 2896; x_wconf 81' lang='lat' dir='ltr'><strong><em>dicens:</em></strong></span> <span class='ocrx_word' id='word_1_204' title='bbox 559 2839 813 2893; x_wconf 79' lang='lat' dir='ltr'><strong><em>Habentes</em></strong></span> <span class='ocrx_word' id='word_1_205' title='bbox 859 2837 1088 2891; x_wconf 85' lang='lat' dir='ltr'><strong><em>eumdem</em></strong></span> <span class='ocrx_word' id='word_1_206' title='bbox 1121 2835 1371 2906; x_wconf 83' lang='lat' dir='ltr'><strong><em>Spiritum</em></strong></span> <span class='ocrx_word' id='word_1_207' title='bbox 1417 2834 1557 2902; x_wconf 81' lang='lat' dir='ltr'><strong><em>ﬁdei,</em></strong></span> <span class='ocrx_word' id='word_1_208' title='bbox 1597 2835 1725 2888; x_wconf 81' lang='lat' dir='ltr'><strong><em>sicut</em></strong></span> <span class='ocrx_word' id='word_1_209' title='bbox 1767 2836 1896 2888; x_wconf 84' lang='lat' dir='ltr'><strong><em>scri-</em></strong></span> 
     </span>
    </p>
   </div>
   <div class='ocr_carea' id='block_1_29' title="bbox 300 2925 1893 3003">
    <p class='ocr_par' dir='ltr' id='par_1_29' title="bbox 300 2925 1893 3003">
     <span class='ocr_line' id='line_1_29' title="bbox 300 2925 1893 3003; baseline -0.005 -19"><span class='ocrx_word' id='word_1_210' title='bbox 300 2943 438 3003; x_wconf 83' lang='lat' dir='ltr'><strong><em>ptum</em></strong></span> <span class='ocrx_word' id='word_1_211' title='bbox 464 2941 556 2995; x_wconf 80' lang='lat' dir='ltr'><strong><em>est,</em></strong></span> <span class='ocrx_word' id='word_1_212' title='bbox 586 2929 809 2991; x_wconf 80' lang='lat' dir='ltr'><strong><em>Credidi,</em></strong></span> <span class='ocrx_word' id='word_1_213' title='bbox 845 2936 1048 2998; x_wconf 82' lang='lat' dir='ltr'><strong><em>praptcr</em></strong></span> <span class='ocrx_word' id='word_1_214' title='bbox 1068 2925 1204 2997; x_wconf 75' lang='lat' dir='ltr'><strong><em>quod</em></strong></span> <span class='ocrx_word' id='word_1_215' title='bbox 1232 2926 1470 2994; x_wconf 83' lang='lat' dir='ltr'><strong><em>loquutus</em></strong></span> <span class='ocrx_word' id='word_1_216' title='bbox 1497 2941 1609 2979; x_wconf 88' lang='lat' dir='ltr'><strong><em>sum</em></strong></span> <span class='ocrx_word' id='word_1_217' title='bbox 1641 2940 1660 2978; x_wconf 93' lang='lat'><strong><em>:</em></strong></span> <span class='ocrx_word' id='word_1_218' title='bbox 1691 2933 1893 2978; x_wconf 86' lang='lat' dir='ltr'><strong><em>tantum</em></strong></span> 
     </span>
    </p>
   </div>
   <div class='ocr_carea' id='block_1_30' title="bbox 300 3014 1902 3090">
    <p class='ocr_par' dir='ltr' id='par_1_30' title="bbox 300 3014 1902 3090">
     <span class='ocr_line' id='line_1_30' title="bbox 300 3014 1902 3090; baseline -0.007 -15"><span class='ocrx_word' id='word_1_219' title='bbox 300 3036 403 3076; x_wconf 91' lang='lat' dir='ltr'><strong><em>non</em></strong></span> <span class='ocrx_word' id='word_1_220' title='bbox 434 3021 618 3074; x_wconf 87' lang='lat' dir='ltr'><strong><em>dicens</em></strong></span> <span class='ocrx_word' id='word_1_221' title='bbox 638 3019 778 3090; x_wconf 90' lang='lat' dir='ltr'><strong><em>quod</em></strong></span> <span class='ocrx_word' id='word_1_222' title='bbox 810 3033 1030 3088; x_wconf 86' lang='lat' dir='ltr'><strong><em>magnus</em></strong></span> <span class='ocrx_word' id='word_1_223' title='bbox 1057 3017 1218 3071; x_wconf 89' lang='lat' dir='ltr'><strong><em>etiam</em></strong></span> <span class='ocrx_word' id='word_1_224' title='bbox 1249 3015 1337 3069; x_wconf 89' lang='lat' dir='ltr'><strong><em>ille</em></strong></span> <span class='ocrx_word' id='word_1_225' title='bbox 1367 3014 1549 3078; x_wconf 87' lang='lat' dir='ltr'><strong><em>David,</em></strong></span> <span class='ocrx_word' id='word_1_226' title='bbox 1577 3014 1820 3083; x_wconf 79' lang='lat' dir='ltr'><strong><em>egregius</em></strong></span> <span class='ocrx_word' id='word_1_227' title='bbox 1847 3017 1902 3067; x_wconf 88' lang='lat' dir='ltr'><strong><em>et</em></strong></span> 
     </span>
    </p>
   </div>
   <div class='ocr_carea' id='block_1_31' title="bbox 298 3103 1898 3180">
    <p class='ocr_par' dir='ltr' id='par_1_31' title="bbox 298 3103 1898 3180">
     <span class='ocr_line' id='line_1_31' title="bbox 298 3103 1898 3180; baseline -0.005 -17"><span class='ocrx_word' id='word_1_228' title='bbox 298 3111 639 3165; x_wconf 89' lang='lat' dir='ltr'><strong><em>admirandus</em></strong></span> <span class='ocrx_word' id='word_1_229' title='bbox 665 3108 921 3180; x_wconf 83' lang='lat' dir='ltr'><strong><em>propheta</em></strong></span> <span class='ocrx_word' id='word_1_230' title='bbox 944 3147 958 3170; x_wconf 96' lang='lat'><strong><em>,</em></strong></span> <span class='ocrx_word' id='word_1_231' title='bbox 991 3106 1094 3160; x_wconf 84' lang='lat' dir='ltr'><strong><em>ﬁde</em></strong></span> <span class='ocrx_word' id='word_1_232' title='bbox 1121 3104 1530 3160; x_wconf 89' lang='lat' dir='ltr'><strong><em>retributionem</em></strong></span> <span class='ocrx_word' id='word_1_233' title='bbox 1561 3103 1898 3172; x_wconf 87' lang='lat' dir='ltr'><strong><em>perceperit,</em></strong></span> 
     </span>
    </p>
   </div>
   <div class='ocr_carea' id='block_1_32' title="bbox 302 3194 1897 3269">
    <p class='ocr_par' dir='ltr' id='par_1_32' title="bbox 302 3194 1897 3269">
     <span class='ocr_line' id='line_1_32' title="bbox 302 3194 1897 3269; baseline -0.006 -14"><span class='ocrx_word' id='word_1_234' title='bbox 302 3217 404 3256; x_wconf 90' lang='lat' dir='ltr'><strong><em>non</em></strong></span> <span class='ocrx_word' id='word_1_235' title='bbox 443 3202 814 3269; x_wconf 81' lang='lat' dir='ltr'><strong><em>experimento</em></strong></span> <span class='ocrx_word' id='word_1_236' title='bbox 845 3216 858 3252; x_wconf 91' lang='lat'>:</span> <span class='ocrx_word' id='word_1_237' title='bbox 890 3197 1088 3267; x_wconf 89' lang='lat' dir='ltr'><strong><em>alioqui</em></strong></span> <span class='ocrx_word' id='word_1_238' title='bbox 1115 3237 1129 3258; x_wconf 91' lang='lat'><strong><em>,</em></strong></span> <span class='ocrx_word' id='word_1_239' title='bbox 1176 3195 1275 3249; x_wconf 80' lang='lat' dir='ltr'><strong><em>nisi</em></strong></span> <span class='ocrx_word' id='word_1_240' title='bbox 1335 3209 1423 3249; x_wconf 91' lang='lat' dir='ltr'><strong><em>res</em></strong></span> <span class='ocrx_word' id='word_1_241' title='bbox 1452 3194 1522 3248; x_wconf 91' lang='lat' dir='ltr'><strong><em>ita</em></strong></span> <span class='ocrx_word' id='word_1_242' title='bbox 1553 3208 1612 3248; x_wconf 92' lang='lat' dir='ltr'><strong><em>se</em></strong></span> <span class='ocrx_word' id='word_1_243' title='bbox 1641 3194 1897 3259; x_wconf 87' lang='lat' dir='ltr'><strong><em>haberet,</em></strong></span> 
     </span>
    </p>
   </div>
   <div class='ocr_carea' id='block_1_33' title="bbox 302 3287 1898 3361">
    <p class='ocr_par' dir='ltr' id='par_1_33' title="bbox 302 3287 1898 3361">
     <span class='ocr_line' id='line_1_33' title="bbox 302 3287 1898 3361; baseline -0.004 -15"><span class='ocrx_word' id='word_1_244' title='bbox 302 3310 404 3347; x_wconf 87' lang='lat' dir='ltr'><strong><em>non</em></strong></span> <span class='ocrx_word' id='word_1_245' title='bbox 428 3294 646 3348; x_wconf 78' lang='lat' dir='ltr'><strong><em>dixisset</em></strong></span> <span class='ocrx_word' id='word_1_246' title='bbox 672 3291 842 3361; x_wconf 85' lang='lat' dir='ltr'><strong><em>(Psal.</em></strong></span> <span class='ocrx_word' id='word_1_247' title='bbox 871 3291 992 3346; x_wconf 76' lang='lat' dir='ltr'><strong><em>H5.</em></strong></span> <span class='ocrx_word' id='word_1_248' title='bbox 1025 3289 1112 3357; x_wconf 74' lang='lat'><strong><em>10)</em></strong></span> <span class='ocrx_word' id='word_1_249' title='bbox 1141 3307 1154 3342; x_wconf 91' lang='lat'><strong>:</strong></span> <span class='ocrx_word' id='word_1_250' title='bbox 1185 3287 1408 3352; x_wconf 81' lang='lat' dir='ltr'><strong><em>Credidi,</em></strong></span> <span class='ocrx_word' id='word_1_251' title='bbox 1436 3297 1640 3358; x_wconf 82' lang='lat' dir='ltr'><strong><em>propter</em></strong></span> <span class='ocrx_word' id='word_1_252' title='bbox 1661 3287 1797 3357; x_wconf 88' lang='lat' dir='ltr'><strong><em>quod</em></strong></span> <span class='ocrx_word' id='word_1_253' title='bbox 1819 3288 1898 3340; x_wconf 89' lang='lat' dir='ltr'><strong><em>lo-</em></strong></span> 
     </span>
    </p>
   </div>
   <div class='ocr_carea' id='block_1_34' title="bbox 301 3379 1896 3456">
    <p class='ocr_par' dir='ltr' id='par_1_34' title="bbox 301 3379 1896 3456">
     <span class='ocr_line' id='line_1_34' title="bbox 301 3379 1896 3456; baseline -0.003 -18"><span class='ocrx_word' id='word_1_254' title='bbox 301 3396 488 3456; x_wconf 75' lang='lat' dir='ltr'><strong><em>quutus</em></strong></span> <span class='ocrx_word' id='word_1_255' title='bbox 513 3402 644 3439; x_wconf 85' lang='lat' dir='ltr'><strong><em>sum.</em></strong></span> <span class='ocrx_word' id='word_1_256' title='bbox 665 3384 823 3439; x_wconf 87' lang='lat' dir='ltr'><strong><em>Fides</em></strong></span> <span class='ocrx_word' id='word_1_257' title='bbox 851 3383 992 3438; x_wconf 90' lang='lat' dir='ltr'><strong><em>enim</em></strong></span> <span class='ocrx_word' id='word_1_258' title='bbox 1023 3382 1088 3436; x_wconf 86' lang='lat' dir='ltr'><strong><em>ad</em></strong></span> <span class='ocrx_word' id='word_1_259' title='bbox 1116 3397 1176 3435; x_wconf 90' lang='lat' dir='ltr'><strong><em>ca</em></strong></span> <span class='ocrx_word' id='word_1_260' title='bbox 1199 3397 1316 3451; x_wconf 72' lang='lat' dir='ltr'><strong><em>qum</em></strong></span> <span class='ocrx_word' id='word_1_261' title='bbox 1338 3389 1623 3450; x_wconf 73' lang='lat' dir='ltr'><strong><em>sperantur</em></strong></span> <span class='ocrx_word' id='word_1_262' title='bbox 1649 3379 1896 3444; x_wconf 88' lang='lat' dir='ltr'><strong><em>refertur,</em></strong></span> 
     </span>
    </p>
   </div>
   <div class='ocr_carea' id='block_1_35' title="bbox 303 3471 1901 3547">
    <p class='ocr_par' dir='ltr' id='par_1_35' title="bbox 303 3471 1901 3547">
     <span class='ocr_line' id='line_1_35' title="bbox 303 3471 1901 3547; baseline -0.002 -16"><span class='ocrx_word' id='word_1_263' title='bbox 303 3493 406 3532; x_wconf 90' lang='lat' dir='ltr'><strong><em>non</em></strong></span> <span class='ocrx_word' id='word_1_264' title='bbox 430 3477 494 3532; x_wconf 87' lang='lat' dir='ltr'><strong><em>ad</em></strong></span> <span class='ocrx_word' id='word_1_265' title='bbox 523 3493 582 3532; x_wconf 90' lang='lat' dir='ltr'><strong><em>ea</em></strong></span> <span class='ocrx_word' id='word_1_266' title='bbox 610 3493 730 3547; x_wconf 71' lang='lat' dir='ltr'><strong><em>qua:</em></strong></span> <span class='ocrx_word' id='word_1_267' title='bbox 755 3475 1005 3531; x_wconf 84' lang='lat' dir='ltr'><strong><em>videntur</em></strong></span> <span class='ocrx_word' id='word_1_268' title='bbox 1029 3492 1042 3528; x_wconf 90' lang='lat'>:</span> <span class='ocrx_word' id='word_1_269' title='bbox 1066 3473 1206 3544; x_wconf 89' lang='lat' dir='ltr'><strong><em>quod</em></strong></span> <span class='ocrx_word' id='word_1_270' title='bbox 1229 3473 1370 3529; x_wconf 88' lang='lat' dir='ltr'><strong><em>enim</em></strong></span> <span class='ocrx_word' id='word_1_271' title='bbox 1400 3471 1543 3526; x_wconf 86' lang='lat' dir='ltr'><strong><em>videt</em></strong></span> <span class='ocrx_word' id='word_1_272' title='bbox 1571 3473 1712 3542; x_wconf 86' lang='lat' dir='ltr'><strong><em>quis,</em></strong></span> <span class='ocrx_word' id='word_1_273' title='bbox 1744 3471 1901 3542; x_wconf 83' lang='lat' dir='ltr'><strong><em>plane</em></strong></span> 
     </span>
    </p>
   </div>
   <div class='ocr_carea' id='block_1_36' title="bbox 303 3564 1902 3640">
    <p class='ocr_par' dir='ltr' id='par_1_36' title="bbox 303 3564 1902 3640">
     <span class='ocr_line' id='line_1_36' title="bbox 303 3564 1902 3640; baseline -0.002 -17"><span class='ocrx_word' id='word_1_274' title='bbox 303 3586 407 3624; x_wconf 89' lang='lat' dir='ltr'><strong><em>non</em></strong></span> <span class='ocrx_word' id='word_1_275' title='bbox 438 3578 614 3640; x_wconf 86' lang='lat' dir='ltr'><strong><em>sperat</em></strong></span> <span class='ocrx_word' id='word_1_276' title='bbox 643 3569 826 3640; x_wconf 80' lang='lat' dir='ltr'><strong><em>(Hebr.</em></strong></span> <span class='ocrx_word' id='word_1_277' title='bbox 857 3568 946 3624; x_wconf 81' lang='grc' dir='ltr'><strong><em>Η.</em></strong></span> <span class='ocrx_word' id='word_1_278' title='bbox 977 3565 1075 3639; x_wconf 78' lang='grc'><strong><em>1.).</em></strong></span> <span class='ocrx_word' id='word_1_279' title='bbox 1107 3565 1163 3622; x_wconf 91' lang='lat' dir='ltr'><strong><em>Si</em></strong></span> <span class='ocrx_word' id='word_1_280' title='bbox 1203 3565 1362 3636; x_wconf 83' lang='lat' dir='ltr'><strong><em>igitur</em></strong></span> <span class='ocrx_word' id='word_1_281' title='bbox 1385 3564 1611 3620; x_wconf 88' lang='lat' dir='ltr'><strong><em>credidit</em></strong></span> <span class='ocrx_word' id='word_1_282' title='bbox 1633 3606 1648 3631; x_wconf 95' lang='lat'><strong><em>,</em></strong></span> <span class='ocrx_word' id='word_1_283' title='bbox 1683 3565 1784 3618; x_wconf 80' lang='lat' dir='ltr'><strong><em>illis</em></strong></span> <span class='ocrx_word' id='word_1_284' title='bbox 1821 3565 1902 3620; x_wconf 81' lang='lat' dir='ltr'><strong><em>ni-</em></strong></span> 
     </span>
    </p>
   </div>
   <div class='ocr_carea' id='block_1_37' title="bbox 302 3657 1900 3730">
    <p class='ocr_par' dir='ltr' id='par_1_37' title="bbox 302 3657 1900 3730">
     <span class='ocr_line' id='line_1_37' title="bbox 302 3657 1900 3730; baseline -0.003 -14"><span class='ocrx_word' id='word_1_285' title='bbox 302 3663 496 3716; x_wconf 90' lang='lat' dir='ltr'><strong><em>mirum</em></strong></span> <span class='ocrx_word' id='word_1_286' title='bbox 537 3661 766 3716; x_wconf 89' lang='lat' dir='ltr'><strong><em>credidit</em></strong></span> <span class='ocrx_word' id='word_1_287' title='bbox 797 3676 916 3730; x_wconf 68' lang='lat' dir='ltr'><strong><em>quae</em></strong></span> <span class='ocrx_word' id='word_1_288' title='bbox 945 3660 1212 3730; x_wconf 87' lang='lat' dir='ltr'><strong><em>sperabat.</em></strong></span> <span class='ocrx_word' id='word_1_289' title='bbox 1243 3657 1394 3726; x_wconf 94' lang='lat' dir='ltr'><strong><em>Quod</em></strong></span> <span class='ocrx_word' id='word_1_290' title='bbox 1435 3659 1479 3712; x_wconf 89' lang='lat' dir='ltr'><strong><em>si</em></strong></span> <span class='ocrx_word' id='word_1_291' title='bbox 1526 3657 1604 3712; x_wconf 88' lang='lat' dir='ltr'><strong><em>eis</em></strong></span> <span class='ocrx_word' id='word_1_292' title='bbox 1633 3672 1754 3727; x_wconf 82' lang='lat' dir='ltr'><strong><em>quae</em></strong></span> <span class='ocrx_word' id='word_1_293' title='bbox 1777 3671 1900 3728; x_wconf 87' lang='lat' dir='ltr'><strong><em>spc-</em></strong></span> 
     </span>
    </p>
   </div>
   <div class='ocr_carea' id='block_1_38' title="bbox 303 3748 1897 3820">
    <p class='ocr_par' dir='ltr' id='par_1_38' title="bbox 303 3748 1897 3820">
     <span class='ocr_line' id='line_1_38' title="bbox 303 3748 1897 3820; baseline -0.002 -14"><span class='ocrx_word' id='word_1_294' title='bbox 303 3753 454 3807; x_wconf 88' lang='lat' dir='ltr'><strong><em>rabat</em></strong></span> <span class='ocrx_word' id='word_1_295' title='bbox 499 3751 744 3815; x_wconf 83' lang='lat' dir='ltr'><strong><em>credidit,</em></strong></span> <span class='ocrx_word' id='word_1_296' title='bbox 775 3767 893 3820; x_wconf 75' lang='lat' dir='ltr'><strong><em>qua:</em></strong></span> <span class='ocrx_word' id='word_1_297' title='bbox 942 3765 1066 3804; x_wconf 87' lang='lat' dir='ltr'><strong><em>vero</em></strong></span> <span class='ocrx_word' id='word_1_298' title='bbox 1112 3759 1432 3819; x_wconf 89' lang='lat' dir='ltr'><strong><em>sperantur,</em></strong></span> <span class='ocrx_word' id='word_1_299' title='bbox 1477 3763 1582 3802; x_wconf 89' lang='lat' dir='ltr'><strong><em>non</em></strong></span> <span class='ocrx_word' id='word_1_300' title='bbox 1631 3748 1897 3816; x_wconf 84' lang='lat' dir='ltr'><strong><em>videntur,</em></strong></span> 
     </span>
    </p>
   </div>
   <div class='ocr_carea' id='block_1_39' title="bbox 302 3838 1898 3910">
    <p class='ocr_par' dir='ltr' id='par_1_39' title="bbox 302 3838 1898 3910">
     <span class='ocr_line' id='line_1_39' title="bbox 302 3838 1898 3910; baseline -0.003 -14"><span class='ocrx_word' id='word_1_301' title='bbox 302 3841 650 3910; x_wconf 83' lang='lat' dir='ltr'><strong><em>consequitur</em></strong></span> <span class='ocrx_word' id='word_1_302' title='bbox 687 3856 810 3894; x_wconf 89' lang='lat' dir='ltr'><strong><em>eum</em></strong></span> <span class='ocrx_word' id='word_1_303' title='bbox 854 3856 961 3894; x_wconf 91' lang='lat' dir='ltr'><strong><em>uon</em></strong></span> <span class='ocrx_word' id='word_1_304' title='bbox 1010 3839 1279 3906; x_wconf 85' lang='lat' dir='ltr'><strong><em>recepisse</em></strong></span> <span class='ocrx_word' id='word_1_305' title='bbox 1306 3853 1368 3892; x_wconf 91' lang='lat' dir='ltr'><strong><em>ea</em></strong></span> <span class='ocrx_word' id='word_1_306' title='bbox 1394 3853 1512 3906; x_wconf 74' lang='lat' dir='ltr'><strong><em>qum</em></strong></span> <span class='ocrx_word' id='word_1_307' title='bbox 1557 3838 1898 3901; x_wconf 85' lang='lat' dir='ltr'><strong><em>crediderat;</em></strong></span> 
     </span>
    </p>
   </div>
   <div class='ocr_carea' id='block_1_40' title="bbox 306 3927 1902 4005">
    <p class='ocr_par' dir='ltr' id='par_1_40' title="bbox 306 3927 1902 4005">
     <span class='ocr_line' id='line_1_40' title="bbox 306 3927 1902 4005; baseline -0.004 -15"><span class='ocrx_word' id='word_1_308' title='bbox 306 3944 584 4005; x_wconf 88' lang='lat' dir='ltr'><strong><em>propterea</em></strong></span> <span class='ocrx_word' id='word_1_309' title='bbox 615 3931 1028 3998; x_wconf 81' lang='lat' dir='ltr'><strong><em>dicit,llabcntes</em></strong></span> <span class='ocrx_word' id='word_1_310' title='bbox 1056 3931 1284 3984; x_wconf 86' lang='lat' dir='ltr'><strong><em>eumdem</em></strong></span> <span class='ocrx_word' id='word_1_311' title='bbox 1316 3927 1567 3998; x_wconf 85' lang='lat' dir='ltr'><strong><em>Spiritum</em></strong></span> <span class='ocrx_word' id='word_1_312' title='bbox 1604 3929 1726 3996; x_wconf 77' lang='lat' dir='ltr'><strong><em>ﬁdei</em></strong></span> <span class='ocrx_word' id='word_1_313' title='bbox 1755 3946 1775 3982; x_wconf 91' lang='lat'><strong><em>:</em></strong></span> <span class='ocrx_word' id='word_1_314' title='bbox 1802 3929 1902 3984; x_wconf 90' lang='lat' dir='ltr'><strong><em>hoc</em></strong></span> 
     </span>
    </p>
   </div>
   <div class='ocr_carea' id='block_1_41' title="bbox 305 4019 1897 4092">
    <p class='ocr_par' dir='ltr' id='par_1_41' title="bbox 305 4019 1897 4092">
     <span class='ocr_line' id='line_1_41' title="bbox 305 4019 1897 4092; baseline -0.008 -11"><span class='ocrx_word' id='word_1_315' title='bbox 305 4035 388 4082; x_wconf 90' lang='lat' dir='ltr'><strong><em>est</em></strong></span> <span class='ocrx_word' id='word_1_316' title='bbox 411 4068 426 4090; x_wconf 91' lang='lat'><strong><em>,</em></strong></span> <span class='ocrx_word' id='word_1_317' title='bbox 456 4024 700 4080; x_wconf 87' lang='lat' dir='ltr'><strong><em>eamdem</em></strong></span> <span class='ocrx_word' id='word_1_318' title='bbox 732 4023 886 4078; x_wconf 90' lang='lat' dir='ltr'><strong><em>ﬁdem</em></strong></span> <span class='ocrx_word' id='word_1_319' title='bbox 908 4063 922 4087; x_wconf 96' lang='lat'><strong><em>,</em></strong></span> <span class='ocrx_word' id='word_1_320' title='bbox 953 4038 1072 4092; x_wconf 82' lang='lat' dir='ltr'><strong><em>qua:</em></strong></span> <span class='ocrx_word' id='word_1_321' title='bbox 1099 4020 1194 4074; x_wconf 93' lang='lat' dir='ltr'><strong><em>fuit</em></strong></span> <span class='ocrx_word' id='word_1_322' title='bbox 1224 4020 1276 4074; x_wconf 91' lang='lat' dir='ltr'><strong><em>in</em></strong></span> <span class='ocrx_word' id='word_1_323' title='bbox 1307 4019 1484 4073; x_wconf 72' lang='lat' dir='ltr'><strong><em>Veteri</em></strong></span> <span class='ocrx_word' id='word_1_324' title='bbox 1511 4019 1853 4073; x_wconf 86' lang='lat' dir='ltr'><strong><em>Testamento</em></strong></span> <span class='ocrx_word' id='word_1_325' title='bbox 1881 4060 1897 4087; x_wconf 84' lang='lat'><strong><em>,</em></strong></span> 
     </span>
    </p>
   </div>
   <div class='ocr_carea' id='block_1_42' title="bbox 305 4109 1900 4182">
    <p class='ocr_par' dir='ltr' id='par_1_42' title="bbox 305 4109 1900 4182">
     <span class='ocr_line' id='line_1_42' title="bbox 305 4109 1900 4182; baseline -0.005 -10"><span class='ocrx_word' id='word_1_326' title='bbox 305 4119 466 4173; x_wconf 90' lang='lat' dir='ltr'><strong><em>etiam</em></strong></span> <span class='ocrx_word' id='word_1_327' title='bbox 493 4131 592 4172; x_wconf 87' lang='lat' dir='ltr'><strong><em>nos</em></strong></span> <span class='ocrx_word' id='word_1_328' title='bbox 617 4115 898 4170; x_wconf 83' lang='lat' dir='ltr'><strong><em>habemus.</em></strong></span> <span class='ocrx_word' id='word_1_329' title='bbox 929 4115 1266 4182; x_wconf 85' lang='lat' dir='ltr'><strong><em>Quapropter</em></strong></span> <span class='ocrx_word' id='word_1_330' title='bbox 1295 4119 1350 4166; x_wconf 90' lang='lat' dir='ltr'><strong><em>ct</em></strong></span> <span class='ocrx_word' id='word_1_331' title='bbox 1374 4109 1498 4165; x_wconf 90' lang='lat' dir='ltr'><strong><em>alibi</em></strong></span> <span class='ocrx_word' id='word_1_332' title='bbox 1524 4109 1592 4165; x_wconf 90' lang='lat' dir='ltr'><strong><em>de</em></strong></span> <span class='ocrx_word' id='word_1_333' title='bbox 1617 4109 1734 4179; x_wconf 90' lang='lat' dir='ltr'><strong><em>ejus</em></strong></span> <span class='ocrx_word' id='word_1_334' title='bbox 1763 4117 1900 4165; x_wconf 86' lang='lat' dir='ltr'><strong><em>tem-</em></strong></span> 
     </span>
    </p>
   </div>
   <div class='ocr_carea' id='block_1_43' title="bbox 309 4201 1900 4278">
    <p class='ocr_par' dir='ltr' id='par_1_43' title="bbox 309 4201 1900 4278">
     <span class='ocr_line' id='line_1_43' title="bbox 309 4201 1900 4278; baseline -0.004 -16"><span class='ocrx_word' id='word_1_335' title='bbox 309 4209 456 4278; x_wconf 87' lang='lat' dir='ltr'><strong><em>poris</em></strong></span> <span class='ocrx_word' id='word_1_336' title='bbox 479 4208 680 4262; x_wconf 88' lang='lat' dir='ltr'><strong><em>sanctis</em></strong></span> <span class='ocrx_word' id='word_1_337' title='bbox 695 4207 758 4261; x_wconf 91' lang='lat' dir='ltr'><strong><em>ad</em></strong></span> <span class='ocrx_word' id='word_1_338' title='bbox 783 4206 924 4261; x_wconf 87' lang='lat' dir='ltr'><strong><em>lmuc</em></strong></span> <span class='ocrx_word' id='word_1_339' title='bbox 951 4205 1165 4260; x_wconf 90' lang='lat' dir='ltr'><strong><em>modum</em></strong></span> <span class='ocrx_word' id='word_1_340' title='bbox 1198 4204 1433 4273; x_wconf 88' lang='lat' dir='ltr'><strong><em>loquitur</em></strong></span> <span class='ocrx_word' id='word_1_341' title='bbox 1461 4219 1476 4258; x_wconf 89' lang='lat'><strong>:</strong></span> <span class='ocrx_word' id='word_1_342' title='bbox 1507 4201 1822 4257; x_wconf 85' lang='lat' dir='ltr'><strong><em>Circuieruut</em></strong></span> <span class='ocrx_word' id='word_1_343' title='bbox 1848 4203 1900 4256; x_wconf 88' lang='lat' dir='ltr'><strong><em>in</em></strong></span> 
     </span>
    </p>
   </div>
   <div class='ocr_carea' id='block_1_44' title="bbox 309 4293 1893 4366">
    <p class='ocr_par' dir='ltr' id='par_1_44' title="bbox 309 4293 1893 4366">
     <span class='ocr_line' id='line_1_44' title="bbox 309 4293 1893 4366; baseline -0.003 -15"><span class='ocrx_word' id='word_1_344' title='bbox 309 4297 523 4362; x_wconf 65' lang='lat' dir='ltr'><strong><em>ntrlotis,</em></strong></span> <span class='ocrx_word' id='word_1_345' title='bbox 554 4297 605 4351; x_wconf 88' lang='lat' dir='ltr'><strong><em>in</em></strong></span> <span class='ocrx_word' id='word_1_346' title='bbox 627 4297 842 4365; x_wconf 79' lang='lat' dir='ltr'><strong><em>pellibus</em></strong></span> <span class='ocrx_word' id='word_1_347' title='bbox 868 4295 1110 4366; x_wconf 85' lang='lat' dir='ltr'><strong><em>caprinis.</em></strong></span> <span class='ocrx_word' id='word_1_348' title='bbox 1141 4303 1360 4363; x_wconf 79' lang='lat' dir='ltr'><strong><em>egentes,</em></strong></span> <span class='ocrx_word' id='word_1_349' title='bbox 1383 4293 1570 4363; x_wconf 72' lang='lat' dir='ltr'><strong><em>afflicti,</em></strong></span> <span class='ocrx_word' id='word_1_350' title='bbox 1598 4293 1893 4362; x_wconf 84' lang='lat' dir='ltr'><strong><em>angustiati,</em></strong></span> 
     </span>
    </p>
   </div>
   <div class='ocr_carea' id='block_1_45' title="bbox 308 4382 1899 4457">
    <p class='ocr_par' dir='ltr' id='par_1_45' title="bbox 308 4382 1899 4457">
     <span class='ocr_line' id='line_1_45' title="bbox 308 4382 1899 4457; baseline -0.002 -17"><span class='ocrx_word' id='word_1_351' title='bbox 308 4389 484 4450; x_wconf 80' lang='lat' dir='ltr'><strong><em>quibus</em></strong></span> <span class='ocrx_word' id='word_1_352' title='bbox 527 4387 710 4457; x_wconf 85' lang='lat' dir='ltr'><strong><em>dignus</em></strong></span> <span class='ocrx_word' id='word_1_353' title='bbox 749 4402 850 4440; x_wconf 81' lang='lat' dir='ltr'><strong><em>non</em></strong></span> <span class='ocrx_word' id='word_1_354' title='bbox 888 4395 994 4439; x_wconf 88' lang='lat' dir='ltr'><strong><em>erat</em></strong></span> <span class='ocrx_word' id='word_1_355' title='bbox 1020 4384 1238 4438; x_wconf 87' lang='lat' dir='ltr'><strong><em>mundus</em></strong></span> <span class='ocrx_word' id='word_1_356' title='bbox 1265 4384 1283 4452; x_wconf 87' lang='lat'>(</span> <span class='ocrx_word' id='word_1_357' title='bbox 1314 4382 1468 4436; x_wconf 85' lang='lat' dir='ltr'><strong><em>llebr.</em></strong></span> <span class='ocrx_word' id='word_1_358' title='bbox 1502 4384 1586 4438; x_wconf 82' lang='lat' dir='ltr'><strong><em>il.</em></strong></span> <span class='ocrx_word' id='word_1_359' title='bbox 1615 4384 1704 4437; x_wconf 78' lang='lat'><strong><em>3&#39;7.</em></strong></span> <span class='ocrx_word' id='word_1_360' title='bbox 1741 4383 1850 4454; x_wconf 79' lang='lat'><strong><em>58)</em></strong></span> <span class='ocrx_word' id='word_1_361' title='bbox 1884 4400 1899 4437; x_wconf 89' lang='lat'><strong>:</strong></span> 
     </span>
    </p>
   </div>
   <div class='ocr_carea' id='block_1_46' title="bbox 311 4475 1895 4545">
    <p class='ocr_par' dir='ltr' id='par_1_46' title="bbox 311 4475 1895 4545">
     <span class='ocr_line' id='line_1_46' title="bbox 311 4475 1895 4545; baseline -0.002 -11"><span class='ocrx_word' id='word_1_362' title='bbox 311 4479 504 4535; x_wconf 85' lang='lat' dir='ltr'><strong><em>deinde</em></strong></span> <span class='ocrx_word' id='word_1_363' title='bbox 551 4480 751 4533; x_wconf 87' lang='lat' dir='ltr'><strong><em>docens</em></strong></span> <span class='ocrx_word' id='word_1_364' title='bbox 801 4494 896 4534; x_wconf 89' lang='lat' dir='ltr'><strong><em>eos</em></strong></span> <span class='ocrx_word' id='word_1_365' title='bbox 937 4477 1264 4534; x_wconf 83' lang='lat' dir='ltr'><strong><em>calamitates</em></strong></span> <span class='ocrx_word' id='word_1_366' title='bbox 1307 4475 1518 4545; x_wconf 85' lang='lat' dir='ltr'><strong><em>quidem</em></strong></span> <span class='ocrx_word' id='word_1_367' title='bbox 1571 4476 1895 4545; x_wconf 89' lang='lat' dir='ltr'><strong><em>pertulisse,</em></strong></span> 
     </span>
    </p>
   </div>
   <div class='ocr_carea' id='block_1_47' title="bbox 309 4563 1900 4634">
    <p class='ocr_par' dir='ltr' id='par_1_47' title="bbox 309 4563 1900 4634">
     <span class='ocr_line' id='line_1_47' title="bbox 309 4563 1900 4634; baseline -0.002 -11"><span class='ocrx_word' id='word_1_368' title='bbox 309 4567 610 4624; x_wconf 82' lang='lat' dir='ltr'><strong><em>mercedem</em></strong></span> <span class='ocrx_word' id='word_1_369' title='bbox 637 4583 763 4624; x_wconf 87' lang='lat' dir='ltr'><strong><em>vcro</em></strong></span> <span class='ocrx_word' id='word_1_370' title='bbox 785 4567 1018 4622; x_wconf 90' lang='lat' dir='ltr'><strong><em>nondum</em></strong></span> <span class='ocrx_word' id='word_1_371' title='bbox 1045 4566 1332 4634; x_wconf 86' lang='lat' dir='ltr'><strong><em>recepisse.</em></strong></span> <span class='ocrx_word' id='word_1_372' title='bbox 1359 4563 1539 4618; x_wconf 89' lang='lat' dir='ltr'><strong><em>subdit</em></strong></span> <span class='ocrx_word' id='word_1_373' title='bbox 1562 4565 1721 4620; x_wconf 90' lang='lat' dir='ltr'><strong><em>verba</em></strong></span> <span class='ocrx_word' id='word_1_374' title='bbox 1751 4565 1865 4620; x_wconf 61' lang='lat' dir='ltr'><strong><em>hac</em></strong></span> <span class='ocrx_word' id='word_1_375' title='bbox 1883 4606 1900 4632; x_wconf 92' lang='lat'><strong><em>,</em></strong></span> 
     </span>
    </p>
   </div>
   <div class='ocr_carea' id='block_1_48' title="bbox 315 4654 1875 4728">
    <p class='ocr_par' dir='ltr' id='par_1_48' title="bbox 315 4654 1875 4728">
     <span class='ocr_line' id='line_1_48' title="bbox 315 4654 1875 4728; baseline -0.001 -16"><span class='ocrx_word' id='word_1_376' title='bbox 315 4659 378 4712; x_wconf 83' lang='lat' dir='ltr'><strong><em>In</em></strong></span> <span class='ocrx_word' id='word_1_377' title='bbox 405 4659 508 4728; x_wconf 83' lang='lat' dir='ltr'><strong><em>ﬁde</em></strong></span> <span class='ocrx_word' id='word_1_378' title='bbox 533 4659 718 4712; x_wconf 89' lang='lat' dir='ltr'><strong><em>mortui</em></strong></span> <span class='ocrx_word' id='word_1_379' title='bbox 754 4667 869 4712; x_wconf 81' lang='lat' dir='ltr'><strong><em>stmt</em></strong></span> <span class='ocrx_word' id='word_1_380' title='bbox 908 4673 1080 4711; x_wconf 86' lang='lat' dir='ltr'><strong><em>omnes</em></strong></span> <span class='ocrx_word' id='word_1_381' title='bbox 1127 4657 1179 4710; x_wconf 77' lang='lat' dir='ltr'><strong><em>lii</em></strong></span> <span class='ocrx_word' id='word_1_382' title='bbox 1204 4696 1216 4715; x_wconf 89' lang='lat'><strong><em>,</em></strong></span> <span class='ocrx_word' id='word_1_383' title='bbox 1251 4672 1340 4709; x_wconf 76' lang='lat' dir='ltr'><strong><em>nec</em></strong></span> <span class='ocrx_word' id='word_1_384' title='bbox 1378 4654 1731 4724; x_wconf 83' lang='lat' dir='ltr'><strong><em>promissiones</em></strong></span> <span class='ocrx_word' id='word_1_385' title='bbox 1763 4673 1875 4710; x_wconf 74' lang='lat' dir='ltr'><strong><em>rere</em></strong></span> 
     </span>
    </p>
   </div>
   <div class='ocr_carea' id='block_1_49' title="bbox 314 4745 1900 4821">
    <p class='ocr_par' dir='ltr' id='par_1_49' title="bbox 314 4745 1900 4821">
     <span class='ocr_line' id='line_1_49' title="bbox 314 4745 1900 4821; baseline -0.001 -19"><span class='ocrx_word' id='word_1_386' title='bbox 314 4759 512 4818; x_wconf 74' lang='lat' dir='ltr'><strong><em>prruut,</em></strong></span> <span class='ocrx_word' id='word_1_387' title='bbox 543 4749 631 4804; x_wconf 87' lang='lat' dir='ltr'><strong><em>sed</em></strong></span> <span class='ocrx_word' id='word_1_388' title='bbox 658 4767 689 4802; x_wconf 91' lang='lat' dir='ltr'><strong><em>a</em></strong></span> <span class='ocrx_word' id='word_1_389' title='bbox 733 4752 880 4821; x_wconf 86' lang='lat' dir='ltr'><strong><em>longe</em></strong></span> <span class='ocrx_word' id='word_1_390' title='bbox 906 4760 1099 4804; x_wconf 85' lang='lat' dir='ltr'><strong><em>tantum</em></strong></span> <span class='ocrx_word' id='word_1_391' title='bbox 1125 4759 1354 4816; x_wconf 86' lang='lat' dir='ltr'><strong><em>aspectas</em></strong></span> <span class='ocrx_word' id='word_1_392' title='bbox 1399 4745 1745 4800; x_wconf 79' lang='lat' dir='ltr'><strong><em>salutauerunt</em></strong></span> <span class='ocrx_word' id='word_1_393' title='bbox 1774 4747 1793 4820; x_wconf 92' lang='lat'>(</span> <span class='ocrx_word' id='word_1_394' title='bbox 1818 4745 1900 4801; x_wconf 86' lang='lat' dir='ltr'><strong><em>Ib.</em></strong></span> 
     </span>
    </p>
   </div>
   <div class='ocr_carea' id='block_1_50' title="bbox 314 4839 1900 4911">
    <p class='ocr_par' dir='ltr' id='par_1_50' title="bbox 314 4839 1900 4911">
     <span class='ocr_line' id='line_1_50' title="bbox 314 4839 1900 4911; baseline -0.002 -13"><span class='ocrx_word' id='word_1_395' title='bbox 314 4860 360 4898; x_wconf 83' lang='grc' dir='ltr'><strong><em>υ.</em></strong></span> <span class='ocrx_word' id='word_1_396' title='bbox 395 4843 482 4899; x_wconf 79' lang='lat'><strong><em>59.</em></strong></span> <span class='ocrx_word' id='word_1_397' title='bbox 512 4854 609 4898; x_wconf 85' lang='lat' dir='ltr'><strong><em>etc.</em></strong></span> <span class='ocrx_word' id='word_1_398' title='bbox 633 4853 680 4898; x_wconf 88' lang='lat' dir='ltr'><strong><em>et</em></strong></span> <span class='ocrx_word' id='word_1_399' title='bbox 728 4844 797 4899; x_wconf 74' lang='grc'><strong><em>15</em></strong></span> <span class='ocrx_word' id='word_1_400' title='bbox 819 4842 861 4911; x_wconf 95' lang='grc'><strong><em>).</em></strong></span> <span class='ocrx_word' id='word_1_401' title='bbox 896 4841 962 4896; x_wconf 87' lang='grc' dir='ltr'><strong><em>Ει</em></strong></span> <span class='ocrx_word' id='word_1_402' title='bbox 991 4839 1259 4911; x_wconf 92' lang='lat' dir='ltr'><strong><em>quomodo</em></strong></span> <span class='ocrx_word' id='word_1_403' title='bbox 1280 4840 1527 4894; x_wconf 88' lang='lat' dir='ltr'><strong><em>viderunt</em></strong></span> <span class='ocrx_word' id='word_1_404' title='bbox 1555 4855 1666 4907; x_wconf 85' lang='lat' dir='ltr'><strong><em>eas,</em></strong></span> <span class='ocrx_word' id='word_1_405' title='bbox 1698 4856 1900 4909; x_wconf 57' lang='lat' dir='ltr'><strong><em>quasso,</em></strong></span> 
     </span>
    </p>
   </div>
   <div class='ocr_carea' id='block_1_51' title="bbox 311 4928 1900 5003">
    <p class='ocr_par' dir='ltr' id='par_1_51' title="bbox 311 4928 1900 5003">
     <span class='ocr_line' id='line_1_51' title="bbox 311 4928 1900 5003; baseline -0.002 -17"><span class='ocrx_word' id='word_1_406' title='bbox 311 4948 432 5003; x_wconf 73' lang='lat' dir='ltr'><strong><em>qum</em></strong></span> <span class='ocrx_word' id='word_1_407' title='bbox 463 4933 694 4987; x_wconf 90' lang='lat' dir='ltr'><strong><em>nondum</em></strong></span> <span class='ocrx_word' id='word_1_408' title='bbox 725 4941 877 4987; x_wconf 90' lang='lat' dir='ltr'><strong><em>erant</em></strong></span> <span class='ocrx_word' id='word_1_409' title='bbox 906 4930 1233 5001; x_wconf 65' lang='lat' dir='ltr'><strong><em>praesentes?</em></strong></span> <span class='ocrx_word' id='word_1_410' title='bbox 1262 4928 1410 4984; x_wconf 86' lang='lat' dir='ltr'><strong><em>Fidei</em></strong></span> <span class='ocrx_word' id='word_1_411' title='bbox 1442 4929 1688 4982; x_wconf 90' lang='lat' dir='ltr'><strong><em>nimirum</em></strong></span> <span class='ocrx_word' id='word_1_412' title='bbox 1715 4930 1900 4997; x_wconf 79' lang='lat' dir='ltr'><strong><em>oculis,</em></strong></span> 
     </span>
    </p>
   </div>
   <div class='ocr_carea' id='block_1_52' title="bbox 313 5021 1905 5093">
    <p class='ocr_par' dir='ltr' id='par_1_52' title="bbox 313 5021 1905 5093">
     <span class='ocr_line' id='line_1_52' title="bbox 313 5021 1905 5093; baseline 0.001 -21"><span class='ocrx_word' id='word_1_413' title='bbox 313 5024 403 5092; x_wconf 88' lang='lat' dir='ltr'><strong><em>qui</em></strong></span> <span class='ocrx_word' id='word_1_414' title='bbox 429 5023 618 5077; x_wconf 65' lang='lat' dir='ltr'><strong><em>celum</em></strong></span> <span class='ocrx_word' id='word_1_415' title='bbox 649 5029 948 5093; x_wconf 86' lang='lat' dir='ltr'><strong><em>penetrant,</em></strong></span> <span class='ocrx_word' id='word_1_416' title='bbox 973 5030 1026 5077; x_wconf 90' lang='lat' dir='ltr'><strong><em>et</em></strong></span> <span class='ocrx_word' id='word_1_417' title='bbox 1055 5035 1172 5090; x_wconf 70' lang='lat' dir='ltr'><strong><em>qua:</em></strong></span> <span class='ocrx_word' id='word_1_418' title='bbox 1197 5021 1248 5074; x_wconf 89' lang='lat' dir='ltr'><strong><em>in</em></strong></span> <span class='ocrx_word' id='word_1_419' title='bbox 1272 5034 1339 5074; x_wconf 91' lang='lat' dir='ltr'><strong><em>eo</em></strong></span> <span class='ocrx_word' id='word_1_420' title='bbox 1355 5027 1480 5074; x_wconf 89' lang='lat' dir='ltr'><strong><em>sunt</em></strong></span> <span class='ocrx_word' id='word_1_421' title='bbox 1506 5021 1749 5076; x_wconf 82' lang='lat' dir='ltr'><strong><em>universa</em></strong></span> <span class='ocrx_word' id='word_1_422' title='bbox 1774 5035 1905 5076; x_wconf 86' lang='lat' dir='ltr'><strong><em>con-</em></strong></span> 
     </span>
    </p>
   </div>
   <div class='ocr_carea' id='block_1_53' title="bbox 316 5113 657 5182">
    <p class='ocr_par' dir='ltr' id='par_1_53' title="bbox 316 5113 657 5182">
     <span class='ocr_line' id='line_1_53' title="bbox 316 5113 657 5182; baseline -0.003 -14"><span class='ocrx_word' id='word_1_423' title='bbox 316 5113 657 5182; x_wconf 85' lang='lat' dir='ltr'><strong><em>templantur.</em></strong></span> 
     </span>
    </p>
   </div>
   <div class='ocr_carea' id='block_1_54' title="bbox 388 5199 1907 5271">
    <p class='ocr_par' dir='ltr' id='par_1_54' title="bbox 388 5199 1907 5271">
     <span class='ocr_line' id='line_1_54' title="bbox 388 5199 1907 5271; baseline -0.003 -11"><span class='ocrx_word' id='word_1_424' title='bbox 388 5208 441 5260; x_wconf 81' lang='lat'><strong><em>9.</em></strong></span> <span class='ocrx_word' id='word_1_425' title='bbox 469 5205 550 5260; x_wconf 86' lang='lat' dir='ltr'><strong><em>Tu</em></strong></span> <span class='ocrx_word' id='word_1_426' title='bbox 573 5220 701 5258; x_wconf 83' lang='lat' dir='ltr'><strong><em>vero</em></strong></span> <span class='ocrx_word' id='word_1_427' title='bbox 720 5203 996 5259; x_wconf 85' lang='lat' dir='ltr'><strong><em>considera</em></strong></span> <span class='ocrx_word' id='word_1_428' title='bbox 1020 5201 1148 5256; x_wconf 91' lang='lat' dir='ltr'><strong><em>mihi</em></strong></span> <span class='ocrx_word' id='word_1_429' title='bbox 1169 5201 1258 5256; x_wconf 89' lang='lat' dir='ltr'><strong><em>Dei</em></strong></span> <span class='ocrx_word' id='word_1_430' title='bbox 1283 5199 1616 5271; x_wconf 63' lang='lat' dir='ltr'><strong><em>sapientiam,</em></strong></span> <span class='ocrx_word' id='word_1_431' title='bbox 1638 5201 1907 5271; x_wconf 88' lang='lat' dir='ltr'><strong><em>quomodo</em></strong></span> 
     </span>
    </p>
   </div>
   <div class='ocr_carea' id='block_1_55' title="bbox 321 5291 1909 5365">
    <p class='ocr_par' dir='ltr' id='par_1_55' title="bbox 321 5291 1909 5365">
     <span class='ocr_line' id='line_1_55' title="bbox 321 5291 1909 5365; baseline -0.003 -15"><span class='ocrx_word' id='word_1_432' title='bbox 321 5295 424 5350; x_wconf 81' lang='lat' dir='ltr'><strong><em>Illis</em></strong></span> <span class='ocrx_word' id='word_1_433' title='bbox 451 5297 666 5365; x_wconf 59' lang='lat' dir='ltr'><strong><em>pra‘mia</em></strong></span> <span class='ocrx_word' id='word_1_434' title='bbox 692 5310 724 5348; x_wconf 89' lang='lat' dir='ltr'><strong><em>e</em></strong></span> <span class='ocrx_word' id='word_1_435' title='bbox 745 5293 1032 5364; x_wconf 84' lang='lat' dir='ltr'><strong><em>longinquo</em></strong></span> <span class='ocrx_word' id='word_1_436' title='bbox 1049 5292 1364 5356; x_wconf 90' lang='lat' dir='ltr'><strong><em>ostcudcrit,</em></strong></span> <span class='ocrx_word' id='word_1_437' title='bbox 1381 5307 1499 5359; x_wconf 77' lang='lat' dir='ltr'><strong><em>qua:</em></strong></span> <span class='ocrx_word' id='word_1_438' title='bbox 1527 5291 1645 5345; x_wconf 91' lang='lat' dir='ltr'><strong><em>ideo</em></strong></span> <span class='ocrx_word' id='word_1_439' title='bbox 1665 5293 1776 5346; x_wconf 88' lang='lat' dir='ltr'><strong><em>suis</em></strong></span> <span class='ocrx_word' id='word_1_440' title='bbox 1804 5308 1909 5347; x_wconf 91' lang='lat' dir='ltr'><strong><em>non</em></strong></span> 
     </span>
    </p>
   </div>
   <div class='ocr_carea' id='block_1_56' title="bbox 318 5384 1910 5457">
    <p class='ocr_par' dir='ltr' id='par_1_56' title="bbox 318 5384 1910 5457">
     <span class='ocr_line' id='line_1_56' title="bbox 318 5384 1910 5457; baseline -0.003 -14"><span class='ocrx_word' id='word_1_441' title='bbox 318 5389 496 5443; x_wconf 82' lang='lat' dir='ltr'><strong><em>statim</em></strong></span> <span class='ocrx_word' id='word_1_442' title='bbox 518 5387 687 5452; x_wconf 86' lang='lat' dir='ltr'><strong><em>dedit,</em></strong></span> <span class='ocrx_word' id='word_1_443' title='bbox 716 5402 822 5457; x_wconf 88' lang='lat' dir='ltr'><strong><em>quo</em></strong></span> <span class='ocrx_word' id='word_1_444' title='bbox 850 5385 1018 5456; x_wconf 82' lang='lat' dir='ltr'><strong><em>major</em></strong></span> <span class='ocrx_word' id='word_1_445' title='bbox 1040 5393 1182 5440; x_wconf 62' lang='lat' dir='ltr'><strong><em>essu</em></strong></span> <span class='ocrx_word' id='word_1_446' title='bbox 1209 5399 1392 5440; x_wconf 89' lang='lat' dir='ltr'><strong><em>eorum</em></strong></span> <span class='ocrx_word' id='word_1_447' title='bbox 1417 5384 1664 5454; x_wconf 82' lang='lat' dir='ltr'><strong><em>patientia</em></strong></span> <span class='ocrx_word' id='word_1_448' title='bbox 1691 5402 1706 5439; x_wconf 89' lang='lat'><strong>:</strong></span> <span class='ocrx_word' id='word_1_449' title='bbox 1732 5393 1910 5440; x_wconf 85' lang='lat' dir='ltr'><strong><em>osten-</em></strong></span> 
     </span>
    </p>
   </div>
   <div class='ocr_carea' id='block_1_57' title="bbox 319 5475 1912 5548">
    <p class='ocr_par' dir='ltr' id='par_1_57' title="bbox 319 5475 1912 5548">
     <span class='ocr_line' id='line_1_57' title="bbox 319 5475 1912 5548; baseline -0.003 -14"><span class='ocrx_word' id='word_1_450' title='bbox 319 5480 399 5535; x_wconf 83' lang='lat' dir='ltr'><strong><em>dit</em></strong></span> <span class='ocrx_word' id='word_1_451' title='bbox 439 5487 617 5534; x_wconf 81' lang='lat' dir='ltr'><strong><em>autem</em></strong></span> <span class='ocrx_word' id='word_1_452' title='bbox 647 5493 679 5534; x_wconf 89' lang='lat' dir='ltr'><strong><em>c</em></strong></span> <span class='ocrx_word' id='word_1_453' title='bbox 709 5478 994 5548; x_wconf 80' lang='lat' dir='ltr'><strong><em>longinquo</em></strong></span> <span class='ocrx_word' id='word_1_454' title='bbox 1037 5477 1156 5531; x_wconf 88' lang='lat' dir='ltr'><strong><em>ideo</em></strong></span> <span class='ocrx_word' id='word_1_455' title='bbox 1203 5485 1285 5543; x_wconf 90' lang='lat' dir='ltr'><strong><em>ut,</em></strong></span> <span class='ocrx_word' id='word_1_456' title='bbox 1315 5475 1413 5530; x_wconf 90' lang='lat' dir='ltr'><strong><em>hac</em></strong></span> <span class='ocrx_word' id='word_1_457' title='bbox 1449 5490 1546 5545; x_wconf 86' lang='lat' dir='ltr'><strong><em>spe</em></strong></span> <span class='ocrx_word' id='word_1_458' title='bbox 1585 5475 1766 5530; x_wconf 86' lang='lat' dir='ltr'><strong><em>refecti</em></strong></span> <span class='ocrx_word' id='word_1_459' title='bbox 1797 5517 1813 5541; x_wconf 98' lang='lat'><strong><em>,</em></strong></span> <span class='ocrx_word' id='word_1_460' title='bbox 1845 5492 1912 5530; x_wconf 90' lang='lat' dir='ltr'><strong><em>ne</em></strong></span> 
     </span>
    </p>
   </div>
   <div class='ocr_carea' id='block_1_58' title="bbox 321 5567 1756 5641">
    <p class='ocr_par' dir='ltr' id='par_1_58' title="bbox 321 5567 1756 5641">
     <span class='ocr_line' id='line_1_58' title="bbox 321 5567 1756 5641; baseline -0.005 -14"><span class='ocrx_word' id='word_1_461' title='bbox 321 5586 538 5627; x_wconf 80' lang='lat' dir='ltr'><strong><em>sensum</em></strong></span> <span class='ocrx_word' id='word_1_462' title='bbox 563 5570 776 5641; x_wconf 88' lang='lat' dir='ltr'><strong><em>quidem</em></strong></span> <span class='ocrx_word' id='word_1_463' title='bbox 808 5570 1145 5640; x_wconf 69' lang='lat' dir='ltr'><strong><em>praesentium</em></strong></span> <span class='ocrx_word' id='word_1_464' title='bbox 1173 5568 1414 5622; x_wconf 86' lang='lat' dir='ltr'><strong><em>laborum</em></strong></span> <span class='ocrx_word' id='word_1_465' title='bbox 1443 5567 1756 5638; x_wconf 86' lang='lat' dir='ltr'><strong><em>percipiant.</em></strong></span> 
     </span>
    </p>
   </div>
   <div class='ocr_carea' id='block_1_59' title="bbox 396 5660 1909 5734">
    <p class='ocr_par' dir='ltr' id='par_1_59' title="bbox 396 5660 1909 5734">
     <span class='ocr_line' id='line_1_59' title="bbox 396 5660 1909 5734; baseline -0.004 -16"><span class='ocrx_word' id='word_1_466' title='bbox 396 5665 555 5719; x_wconf 76' lang='lat' dir='ltr'><strong><em>Aliter</em></strong></span> <span class='ocrx_word' id='word_1_467' title='bbox 577 5681 689 5717; x_wconf 79' lang='lat' dir='ltr'><strong><em>cum</em></strong></span> <span class='ocrx_word' id='word_1_468' title='bbox 717 5663 866 5734; x_wconf 80' lang='lat' dir='ltr'><strong><em>vulgo</em></strong></span> <span class='ocrx_word' id='word_1_469' title='bbox 887 5673 933 5717; x_wconf 86' lang='lat' dir='ltr'><strong><em>et</em></strong></span> <span class='ocrx_word' id='word_1_470' title='bbox 953 5662 1100 5717; x_wconf 86' lang='lat' dir='ltr'><strong><em>aliter</em></strong></span> <span class='ocrx_word' id='word_1_471' title='bbox 1129 5678 1238 5714; x_wconf 80' lang='lat' dir='ltr'><strong><em>cum</em></strong></span> <span class='ocrx_word' id='word_1_472' title='bbox 1261 5661 1412 5732; x_wconf 77' lang='lat' dir='ltr'><strong><em>iustis</em></strong></span> <span class='ocrx_word' id='word_1_473' title='bbox 1438 5672 1483 5713; x_wconf 89' lang='lat' dir='ltr'><strong><em>et</em></strong></span> <span class='ocrx_word' id='word_1_474' title='bbox 1511 5660 1700 5713; x_wconf 83' lang='lat' dir='ltr'><strong><em>sanctis</em></strong></span> <span class='ocrx_word' id='word_1_475' title='bbox 1727 5677 1778 5711; x_wconf 84' lang='lat' dir='ltr'><strong><em>se</em></strong></span> <span class='ocrx_word' id='word_1_476' title='bbox 1798 5676 1909 5729; x_wconf 80' lang='lat' dir='ltr'><strong><em>ges-</em></strong></span> 
     </span>
    </p>
   </div>
   <div class='ocr_carea' id='block_1_60' title="bbox 329 5743 1904 5825">
    <p class='ocr_par' dir='ltr' id='par_1_60' title="bbox 329 5743 1904 5825">
     <span class='ocr_line' id='line_1_60' title="bbox 329 5743 1904 5825; baseline -0.003 -14"><span class='ocrx_word' id='word_1_477' title='bbox 329 5757 393 5811; x_wconf 84' lang='lat' dir='ltr'><strong><em>sit</em></strong></span> <span class='ocrx_word' id='word_1_478' title='bbox 423 5755 574 5811; x_wconf 82' lang='lat' dir='ltr'><strong><em>Deus.</em></strong></span> <span class='ocrx_word' id='word_1_479' title='bbox 607 5755 803 5810; x_wconf 83' lang='lat' dir='ltr'><strong><em>--Sed</em></strong></span> <span class='ocrx_word' id='word_1_480' title='bbox 843 5755 1018 5809; x_wconf 75' lang='lat' dir='ltr'><strong><em>forsan</em></strong></span> <span class='ocrx_word' id='word_1_481' title='bbox 1059 5743 1245 5825; x_wconf 84' lang='lat' dir='ltr'><strong><em>aliquis</em></strong></span> <span class='ocrx_word' id='word_1_482' title='bbox 1273 5769 1336 5807; x_wconf 70' lang='lat' dir='ltr'><strong><em>ex</em></strong></span> <span class='ocrx_word' id='word_1_483' title='bbox 1383 5753 1464 5807; x_wconf 89' lang='lat' dir='ltr'><strong><em>his</em></strong></span> <span class='ocrx_word' id='word_1_484' title='bbox 1493 5752 1583 5824; x_wconf 90' lang='lat' dir='ltr'><strong><em>qui</em></strong></span> <span class='ocrx_word' id='word_1_485' title='bbox 1622 5752 1796 5808; x_wconf 86' lang='lat' dir='ltr'><strong><em>acrius</em></strong></span> <span class='ocrx_word' id='word_1_486' title='bbox 1826 5764 1904 5807; x_wconf 87' lang='lat' dir='ltr'><strong><em>at-</em></strong></span> 
     </span>
    </p>
   </div>
   <div class='ocr_carea' id='block_1_61' title="bbox 922 318 2929 387">
    <p class='ocr_par' dir='ltr' id='par_1_61' title="bbox 922 318 2929 387">
     <span class='ocr_line' id='line_1_61' title="bbox 922 318 2929 387; baseline 0.001 -4"><span class='ocrx_word' id='word_1_487' title='bbox 922 327 1008 383; x_wconf 82' lang='lat' dir='ltr'><strong><em>DE</em></strong></span> <span class='ocrx_word' id='word_1_488' title='bbox 1051 327 1296 382; x_wconf 66' lang='lat' dir='ltr'><strong><em>V‘Etmts</em></strong></span> <span class='ocrx_word' id='word_1_489' title='bbox 1333 321 1683 387; x_wconf 72' lang='lat' dir='ltr'><strong><em>AI&#39;USTOLI,</em></strong></span> <span class='ocrx_word' id='word_1_490' title='bbox 1727 318 2090 378; x_wconf 61' lang='lat' dir='ltr'><strong><em>aIABEN&#39;I&#39;ES</em></strong></span> <span class='ocrx_word' id='word_1_491' title='bbox 2130 322 2416 381; x_wconf 75' lang='lat' dir='ltr'><strong><em>EUMDE.“</em></strong></span> <span class='ocrx_word' id='word_1_492' title='bbox 2457 326 2800 385; x_wconf 78' lang='lat' dir='ltr'><strong><em>SPIRITUM.</em></strong></span> <span class='ocrx_word' id='word_1_493' title='bbox 2845 330 2929 387; x_wconf 89' lang='lat' dir='ltr'><strong><em>Ill.</em></strong></span> 
     </span>
    </p>
   </div>
   <div class='ocr_carea' id='block_1_62' title="bbox 3465 350 3572 408">
    <p class='ocr_par' dir='ltr' id='par_1_62' title="bbox 3465 350 3572 408">
     <span class='ocr_line' id='line_1_62' title="bbox 3465 350 3572 408; baseline 0.037 -4"><span class='ocrx_word' id='word_1_494' title='bbox 3465 350 3572 408; x_wconf 73' lang='lat'><strong>298</strong></span> 
     </span>
    </p>
   </div>
   <div class='ocr_carea' id='block_1_63' title="bbox 2001 441 3580 525">
    <p class='ocr_par' dir='ltr' id='par_1_63' title="bbox 2001 441 3580 525">
     <span class='ocr_line' id='line_1_63' title="bbox 2001 441 3580 525; baseline 0.013 -30"><span class='ocrx_word' id='word_1_495' title='bbox 2001 441 2244 510; x_wconf 87' lang='lat' dir='ltr'><strong><em>tendunt,</em></strong></span> <span class='ocrx_word' id='word_1_496' title='bbox 2278 443 2418 500; x_wconf 89' lang='lat' dir='ltr'><strong><em>inter</em></strong></span> <span class='ocrx_word' id='word_1_497' title='bbox 2443 461 2502 502; x_wconf 90' lang='lat' dir='ltr'><strong><em>se</em></strong></span> <span class='ocrx_word' id='word_1_498' title='bbox 2535 449 2817 519; x_wconf 84' lang='lat' dir='ltr'><strong><em>pugnantia</em></strong></span> <span class='ocrx_word' id='word_1_499' title='bbox 2847 466 2943 505; x_wconf 93' lang='lat' dir='ltr'><strong><em>nos</em></strong></span> <span class='ocrx_word' id='word_1_500' title='bbox 2970 449 3149 509; x_wconf 88' lang='lat' dir='ltr'><strong><em>dicere</em></strong></span> <span class='ocrx_word' id='word_1_501' title='bbox 3177 457 3398 525; x_wconf 86' lang='lat' dir='ltr'><strong><em>putabit.</em></strong></span> <span class='ocrx_word' id='word_1_502' title='bbox 3435 459 3580 516; x_wconf 81' lang='lat' dir='ltr'><strong><em>Dicet</em></strong></span> 
     </span>
    </p>
   </div>
   <div class='ocr_carea' id='block_1_64' title="bbox 1997 535 3578 610">
    <p class='ocr_par' dir='ltr' id='par_1_64' title="bbox 1997 535 3578 610">
     <span class='ocr_line' id='line_1_64' title="bbox 1997 535 3578 610; baseline 0.012 -22"><span class='ocrx_word' id='word_1_503' title='bbox 1997 535 2138 590; x_wconf 88' lang='lat' dir='ltr'><strong><em>enim</em></strong></span> <span class='ocrx_word' id='word_1_504' title='bbox 2170 553 2183 589; x_wconf 88' lang='lat'><strong>:</strong></span> <span class='ocrx_word' id='word_1_505' title='bbox 2212 535 2267 591; x_wconf 91' lang='lat' dir='ltr'><strong><em>Si</em></strong></span> <span class='ocrx_word' id='word_1_506' title='bbox 2300 554 2472 608; x_wconf 86' lang='lat' dir='ltr'><strong><em>neque</em></strong></span> <span class='ocrx_word' id='word_1_507' title='bbox 2513 543 2701 610; x_wconf 85' lang='lat' dir='ltr'><strong><em>priscis</em></strong></span> <span class='ocrx_word' id='word_1_508' title='bbox 2740 543 2843 597; x_wconf 87' lang='lat' dir='ltr'><strong><em>illis</em></strong></span> <span class='ocrx_word' id='word_1_509' title='bbox 2866 545 3043 598; x_wconf 89' lang='lat' dir='ltr'><strong><em>statim</em></strong></span> <span class='ocrx_word' id='word_1_510' title='bbox 3072 546 3247 602; x_wconf 89' lang='lat' dir='ltr'><strong><em>oblata</em></strong></span> <span class='ocrx_word' id='word_1_511' title='bbox 3274 560 3396 605; x_wconf 87' lang='lat' dir='ltr'><strong><em>sunt</em></strong></span> <span class='ocrx_word' id='word_1_512' title='bbox 3443 551 3578 607; x_wconf 88' lang='lat' dir='ltr'><strong><em>bona</em></strong></span> 
     </span>
    </p>
   </div>
   <div class='ocr_carea' id='block_1_65' title="bbox 1995 630 3578 708">
    <p class='ocr_par' dir='ltr' id='par_1_65' title="bbox 1995 630 3578 708">
     <span class='ocr_line' id='line_1_65' title="bbox 1995 630 3578 708; baseline 0.011 -26"><span class='ocrx_word' id='word_1_513' title='bbox 1995 637 2050 682; x_wconf 88' lang='lat' dir='ltr'><strong><em>et</em></strong></span> <span class='ocrx_word' id='word_1_514' title='bbox 2079 630 2313 696; x_wconf 59' lang='lat' dir='ltr'><strong><em>pra-mia,</em></strong></span> <span class='ocrx_word' id='word_1_515' title='bbox 2345 631 2468 700; x_wconf 88' lang='lat' dir='ltr'><strong><em>quid</em></strong></span> <span class='ocrx_word' id='word_1_516' title='bbox 2497 633 2567 686; x_wconf 91' lang='lat' dir='ltr'><strong><em>ita</em></strong></span> <span class='ocrx_word' id='word_1_517' title='bbox 2592 634 2802 704; x_wconf 86' lang='lat' dir='ltr'><strong><em>longum</em></strong></span> <span class='ocrx_word' id='word_1_518' title='bbox 2833 635 3058 692; x_wconf 78' lang='lat' dir='ltr'><strong><em>habuisti</em></strong></span> <span class='ocrx_word' id='word_1_519' title='bbox 3090 654 3417 708; x_wconf 88' lang='lat' dir='ltr'><strong><em>sermonem,</em></strong></span> <span class='ocrx_word' id='word_1_520' title='bbox 3446 662 3578 698; x_wconf 80' lang='lat' dir='ltr'><strong><em>cutt-</em></strong></span> 
     </span>
    </p>
   </div>
   <div class='ocr_carea' id='block_1_66' title="bbox 1999 720 3579 798">
    <p class='ocr_par' dir='ltr' id='par_1_66' title="bbox 1999 720 3579 798">
     <span class='ocr_line' id='line_1_66' title="bbox 1999 720 3579 798; baseline 0.009 -26"><span class='ocrx_word' id='word_1_521' title='bbox 1999 720 2253 775; x_wconf 89' lang='lat' dir='ltr'><strong><em>merando</em></strong></span> <span class='ocrx_word' id='word_1_522' title='bbox 2268 723 2390 776; x_wconf 89' lang='lat' dir='ltr'><strong><em>anni</em></strong></span> <span class='ocrx_word' id='word_1_523' title='bbox 2414 724 2641 791; x_wconf 88' lang='lat' dir='ltr'><strong><em>partium</em></strong></span> <span class='ocrx_word' id='word_1_524' title='bbox 2668 728 2999 794; x_wconf 85' lang='lat' dir='ltr'><strong><em>temperiem.</em></strong></span> <span class='ocrx_word' id='word_1_525' title='bbox 3018 730 3260 798; x_wconf 88' lang='lat' dir='ltr'><strong><em>corporis</em></strong></span> <span class='ocrx_word' id='word_1_526' title='bbox 3275 733 3579 797; x_wconf 83' lang='lat' dir='ltr'><strong><em>sanitatem,</em></strong></span> 
     </span>
    </p>
   </div>
   <div class='ocr_carea' id='block_1_67' title="bbox 1998 811 3579 890">
    <p class='ocr_par' dir='ltr' id='par_1_67' title="bbox 1998 811 3579 890">
     <span class='ocr_line' id='line_1_67' title="bbox 1998 811 3579 890; baseline 0.011 -26"><span class='ocrx_word' id='word_1_527' title='bbox 1998 811 2284 867; x_wconf 90' lang='lat' dir='ltr'><strong><em>liberorum</em></strong></span> <span class='ocrx_word' id='word_1_528' title='bbox 2312 815 2604 871; x_wconf 89' lang='lat' dir='ltr'><strong><em>bonitatem</em></strong></span> <span class='ocrx_word' id='word_1_529' title='bbox 2634 831 2697 872; x_wconf 89' lang='lat' dir='ltr'><strong><em>ac</em></strong></span> <span class='ocrx_word' id='word_1_530' title='bbox 2723 819 2955 888; x_wconf 89' lang='lat' dir='ltr'><strong><em>copiam,</em></strong></span> <span class='ocrx_word' id='word_1_531' title='bbox 2985 835 3213 875; x_wconf 74' lang='lat' dir='ltr'><strong><em>anuoute</em></strong></span> <span class='ocrx_word' id='word_1_532' title='bbox 3240 822 3545 880; x_wconf 84' lang='lat' dir='ltr'><strong><em>facilitatem</em></strong></span> <span class='ocrx_word' id='word_1_533' title='bbox 3566 871 3579 890; x_wconf 86' lang='lat'><strong><em>,</em></strong></span> 
     </span>
    </p>
   </div>
   <div class='ocr_carea' id='block_1_68' title="bbox 1999 902 3585 982">
    <p class='ocr_par' dir='ltr' id='par_1_68' title="bbox 1999 902 3585 982">
     <span class='ocr_line' id='line_1_68' title="bbox 1999 902 3585 982; baseline 0.011 -28"><span class='ocrx_word' id='word_1_534' title='bbox 1999 902 2264 956; x_wconf 88' lang='lat' dir='ltr'><strong><em>fructuum</em></strong></span> <span class='ocrx_word' id='word_1_535' title='bbox 2290 903 2705 974; x_wconf 89' lang='lat' dir='ltr'><strong><em>abundantiam,</em></strong></span> <span class='ocrx_word' id='word_1_536' title='bbox 2745 920 3007 973; x_wconf 88' lang='lat' dir='ltr'><strong><em>armenta,</em></strong></span> <span class='ocrx_word' id='word_1_537' title='bbox 3037 926 3256 982; x_wconf 83' lang='lat' dir='ltr'><strong><em>greges,</em></strong></span> <span class='ocrx_word' id='word_1_538' title='bbox 3289 923 3344 969; x_wconf 90' lang='lat' dir='ltr'><strong><em>et</em></strong></span> <span class='ocrx_word' id='word_1_539' title='bbox 3371 932 3585 971; x_wconf 87' lang='lat' dir='ltr'><strong><em>omnem</em></strong></span> 
     </span>
    </p>
   </div>
   <div class='ocr_carea' id='block_1_69' title="bbox 2000 992 3582 1079">
    <p class='ocr_par' dir='ltr' id='par_1_69' title="bbox 2000 992 3582 1079">
     <span class='ocr_line' id='line_1_69' title="bbox 2000 992 3582 1079; baseline 0.012 -34"><span class='ocrx_word' id='word_1_540' title='bbox 2000 992 2209 1048; x_wconf 77' lang='lat' dir='ltr'><strong><em>vivendi</em></strong></span> <span class='ocrx_word' id='word_1_541' title='bbox 2249 993 2600 1051; x_wconf 74' lang='lat' dir='ltr'><strong><em>felicitatem?</em></strong></span> <span class='ocrx_word' id='word_1_542' title='bbox 2628 998 2763 1064; x_wconf 88' lang='lat' dir='ltr'><strong><em>Quid</em></strong></span> <span class='ocrx_word' id='word_1_543' title='bbox 2811 1001 2966 1070; x_wconf 83' lang='lat' dir='ltr'><strong><em>igitur</em></strong></span> <span class='ocrx_word' id='word_1_544' title='bbox 2997 1002 3060 1055; x_wconf 87' lang='lat' dir='ltr'><strong><em>ad</em></strong></span> <span class='ocrx_word' id='word_1_545' title='bbox 3092 1004 3193 1058; x_wconf 89' lang='lat' dir='ltr'><strong><em>hoc</em></strong></span> <span class='ocrx_word' id='word_1_546' title='bbox 3229 1015 3312 1061; x_wconf 91' lang='lat' dir='ltr'><strong><em>est</em></strong></span> <span class='ocrx_word' id='word_1_547' title='bbox 3358 1023 3582 1079; x_wconf 87' lang='lat' dir='ltr'><strong><em>respou-</em></strong></span> 
     </span>
    </p>
   </div>
   <div class='ocr_carea' id='block_1_70' title="bbox 1998 1085 3582 1170">
    <p class='ocr_par' dir='ltr' id='par_1_70' title="bbox 1998 1085 3582 1170">
     <span class='ocr_line' id='line_1_70' title="bbox 1998 1085 3582 1170; baseline 0.009 -32"><span class='ocrx_word' id='word_1_548' title='bbox 1998 1085 2232 1141; x_wconf 89' lang='lat' dir='ltr'><strong><em>dendum</em></strong></span> <span class='ocrx_word' id='word_1_549' title='bbox 2254 1087 2279 1141; x_wconf 78' lang='lat'><strong>?</strong></span> <span class='ocrx_word' id='word_1_550' title='bbox 2301 1088 2472 1144; x_wconf 83' lang='lat' dir='ltr'><strong><em>Aliter</em></strong></span> <span class='ocrx_word' id='word_1_551' title='bbox 2508 1105 2627 1144; x_wconf 91' lang='lat' dir='ltr'><strong><em>cum</em></strong></span> <span class='ocrx_word' id='word_1_552' title='bbox 2678 1091 2833 1160; x_wconf 89' lang='lat' dir='ltr'><strong><em>vulgo</em></strong></span> <span class='ocrx_word' id='word_1_553' title='bbox 2883 1102 2935 1146; x_wconf 85' lang='lat' dir='ltr'><strong><em>et</em></strong></span> <span class='ocrx_word' id='word_1_554' title='bbox 2966 1093 3312 1153; x_wconf 87' lang='lat' dir='ltr'><strong><em>imbecilliore</em></strong></span> <span class='ocrx_word' id='word_1_555' title='bbox 3341 1103 3537 1170; x_wconf 88' lang='lat' dir='ltr'><strong><em>popqu</em></strong></span> <span class='ocrx_word' id='word_1_556' title='bbox 3566 1144 3582 1166; x_wconf 90' lang='lat'><strong><em>,</em></strong></span> 
     </span>
    </p>
   </div>
   <div class='ocr_carea' id='block_1_71' title="bbox 1997 1177 3585 1257">
    <p class='ocr_par' dir='ltr' id='par_1_71' title="bbox 1997 1177 3585 1257">
     <span class='ocr_line' id='line_1_71' title="bbox 1997 1177 3585 1257; baseline 0.011 -27"><span class='ocrx_word' id='word_1_557' title='bbox 1997 1177 2151 1232; x_wconf 90' lang='lat' dir='ltr'><strong><em>aliter</em></strong></span> <span class='ocrx_word' id='word_1_558' title='bbox 2169 1193 2288 1233; x_wconf 93' lang='lat' dir='ltr'><strong><em>cum</em></strong></span> <span class='ocrx_word' id='word_1_559' title='bbox 2309 1185 2583 1250; x_wconf 87' lang='lat' dir='ltr'><strong><em>generosis</em></strong></span> <span class='ocrx_word' id='word_1_560' title='bbox 2606 1182 2932 1250; x_wconf 88' lang='lat' dir='ltr'><strong><em>hominibus,</em></strong></span> <span class='ocrx_word' id='word_1_561' title='bbox 2963 1195 3016 1239; x_wconf 88' lang='lat' dir='ltr'><strong><em>ct</em></strong></span> <span class='ocrx_word' id='word_1_562' title='bbox 3036 1202 3178 1250; x_wconf 88' lang='lat' dir='ltr'><strong><em>eam,</em></strong></span> <span class='ocrx_word' id='word_1_563' title='bbox 3207 1206 3324 1257; x_wconf 69' lang='lat' dir='ltr'><strong><em>qut-</em></strong></span> <span class='ocrx_word' id='word_1_564' title='bbox 3351 1203 3429 1246; x_wconf 88' lang='lat' dir='ltr'><strong><em>est</em></strong></span> <span class='ocrx_word' id='word_1_565' title='bbox 3455 1193 3585 1248; x_wconf 84' lang='lat' dir='ltr'><strong><em>Novi</em></strong></span> 
     </span>
    </p>
   </div>
   <div class='ocr_carea' id='block_1_72' title="bbox 1997 1268 3590 1350">
    <p class='ocr_par' dir='ltr' id='par_1_72' title="bbox 1997 1268 3590 1350">
     <span class='ocr_line' id='line_1_72' title="bbox 1997 1268 3590 1350; baseline 0.011 -26"><span class='ocrx_word' id='word_1_566' title='bbox 1997 1268 2322 1326; x_wconf 88' lang='lat' dir='ltr'><strong><em>Testameuti</em></strong></span> <span class='ocrx_word' id='word_1_567' title='bbox 2348 1314 2364 1339; x_wconf 94' lang='lat'><strong><em>,</em></strong></span> <span class='ocrx_word' id='word_1_568' title='bbox 2400 1272 2788 1344; x_wconf 82' lang='lat' dir='ltr'><strong><em>philosophiam</em></strong></span> <span class='ocrx_word' id='word_1_569' title='bbox 2809 1275 2918 1346; x_wconf 89' lang='lat' dir='ltr'><strong><em>jam</em></strong></span> <span class='ocrx_word' id='word_1_570' title='bbox 2947 1286 3055 1332; x_wconf 90' lang='lat' dir='ltr'><strong><em>tum</em></strong></span> <span class='ocrx_word' id='word_1_571' title='bbox 3085 1279 3462 1338; x_wconf 87' lang='lat' dir='ltr'><strong><em>meditantilms</em></strong></span> <span class='ocrx_word' id='word_1_572' title='bbox 3483 1327 3498 1350; x_wconf 90' lang='lat'><strong><em>,</em></strong></span> <span class='ocrx_word' id='word_1_573' title='bbox 3531 1303 3590 1340; x_wconf 78' lang='lat' dir='ltr'><strong><em>se</em></strong></span> 
     </span>
    </p>
   </div>
   <div class='ocr_carea' id='block_1_73' title="bbox 1997 1363 3591 1447">
    <p class='ocr_par' dir='ltr' id='par_1_73' title="bbox 1997 1363 3591 1447">
     <span class='ocr_line' id='line_1_73' title="bbox 1997 1363 3591 1447; baseline 0.011 -33"><span class='ocrx_word' id='word_1_574' title='bbox 1997 1363 2228 1430; x_wconf 73' lang='lat' dir='ltr'><strong><em>gessisse</em></strong></span> <span class='ocrx_word' id='word_1_575' title='bbox 2278 1364 2440 1418; x_wconf 90' lang='lat' dir='ltr'><strong><em>Deum</em></strong></span> <span class='ocrx_word' id='word_1_576' title='bbox 2480 1365 2573 1420; x_wconf 88' lang='lat' dir='ltr'><strong><em>illo</em></strong></span> <span class='ocrx_word' id='word_1_577' title='bbox 2624 1377 2884 1437; x_wconf 87' lang='lat' dir='ltr'><strong><em>tempore.</em></strong></span> <span class='ocrx_word' id='word_1_578' title='bbox 2917 1368 3236 1426; x_wconf 85' lang='lat' dir='ltr'><strong><em>Multitudiui</em></strong></span> <span class='ocrx_word' id='word_1_579' title='bbox 3281 1376 3421 1429; x_wconf 89' lang='lat' dir='ltr'><strong><em>cuim</em></strong></span> <span class='ocrx_word' id='word_1_580' title='bbox 3471 1394 3591 1447; x_wconf 76' lang='lat' dir='ltr'><strong><em>qua:</em></strong></span> 
     </span>
    </p>
   </div>
   <div class='ocr_carea' id='block_1_74' title="bbox 1999 1450 3586 1536">
    <p class='ocr_par' dir='ltr' id='par_1_74' title="bbox 1999 1450 3586 1536">
     <span class='ocr_line' id='line_1_74' title="bbox 1999 1450 3586 1536; baseline 0.013 -32"><span class='ocrx_word' id='word_1_581' title='bbox 1999 1450 2144 1506; x_wconf 90' lang='lat' dir='ltr'><strong><em>humi</em></strong></span> <span class='ocrx_word' id='word_1_582' title='bbox 2188 1454 2405 1523; x_wconf 89' lang='lat' dir='ltr'><strong><em>repebat</em></strong></span> <span class='ocrx_word' id='word_1_583' title='bbox 2428 1497 2442 1520; x_wconf 89' lang='lat'><strong><em>,</em></strong></span> <span class='ocrx_word' id='word_1_584' title='bbox 2473 1471 2572 1510; x_wconf 90' lang='lat' dir='ltr'><strong><em>nec</em></strong></span> <span class='ocrx_word' id='word_1_585' title='bbox 2599 1473 2844 1527; x_wconf 86' lang='lat' dir='ltr'><strong><em>maguum</em></strong></span> <span class='ocrx_word' id='word_1_586' title='bbox 2875 1459 3070 1530; x_wconf 71' lang='lat' dir='ltr'><strong><em>aliquid</em></strong></span> <span class='ocrx_word' id='word_1_587' title='bbox 3116 1463 3297 1518; x_wconf 88' lang='lat' dir='ltr'><strong><em>videre</em></strong></span> <span class='ocrx_word' id='word_1_588' title='bbox 3338 1479 3542 1535; x_wconf 85' lang='lat' dir='ltr'><strong><em>poterat</em></strong></span> <span class='ocrx_word' id='word_1_589' title='bbox 3572 1515 3586 1536; x_wconf 92' lang='lat'><strong><em>,</em></strong></span> 
     </span>
    </p>
   </div>
   <div class='ocr_carea' id='block_1_75' title="bbox 2000 1549 3587 1617">
    <p class='ocr_par' dir='ltr' id='par_1_75' title="bbox 2000 1549 3587 1617">
     <span class='ocr_line' id='line_1_75' title="bbox 2000 1549 3587 1617; baseline 0.014 -22"><span class='ocrx_word' id='word_1_590' title='bbox 2000 1559 2172 1612; x_wconf 88' lang='lat' dir='ltr'><strong><em>neque</em></strong></span> <span class='ocrx_word' id='word_1_591' title='bbox 2203 1559 2349 1613; x_wconf 83' lang='lat' dir='ltr'><strong><em>Spem</em></strong></span> <span class='ocrx_word' id='word_1_592' title='bbox 2387 1562 2536 1601; x_wconf 89' lang='lat' dir='ltr'><strong><em>suam</em></strong></span> <span class='ocrx_word' id='word_1_593' title='bbox 2574 1549 2638 1602; x_wconf 87' lang='lat' dir='ltr'><strong><em>ad</em></strong></span> <span class='ocrx_word' id='word_1_594' title='bbox 2669 1549 2961 1608; x_wconf 81' lang='lat' dir='ltr'><strong><em>futurorum</em></strong></span> <span class='ocrx_word' id='word_1_595' title='bbox 2995 1555 3253 1610; x_wconf 89' lang='lat' dir='ltr'><strong><em>bonorum</em></strong></span> <span class='ocrx_word' id='word_1_596' title='bbox 3285 1559 3587 1617; x_wconf 90' lang='lat' dir='ltr'><strong><em>fruitiouem</em></strong></span> 
     </span>
    </p>
   </div>
   <div class='ocr_carea' id='block_1_76' title="bbox 1999 1637 3590 1716">
    <p class='ocr_par' dir='ltr' id='par_1_76' title="bbox 1999 1637 3590 1716">
     <span class='ocr_line' id='line_1_76' title="bbox 1999 1637 3590 1716; baseline 0.013 -26"><span class='ocrx_word' id='word_1_597' title='bbox 1999 1637 2324 1702; x_wconf 81' lang='lat' dir='ltr'><strong><em>extendere,</em></strong></span> <span class='ocrx_word' id='word_1_598' title='bbox 2370 1644 2648 1709; x_wconf 65' lang='lat' dir='ltr'><strong><em>prtesentia</em></strong></span> <span class='ocrx_word' id='word_1_599' title='bbox 2681 1643 2817 1698; x_wconf 90' lang='lat' dir='ltr'><strong><em>bona</em></strong></span> <span class='ocrx_word' id='word_1_600' title='bbox 2862 1646 3136 1716; x_wconf 75' lang='lat' dir='ltr'><strong><em>exhibuit,</em></strong></span> <span class='ocrx_word' id='word_1_601' title='bbox 3181 1651 3590 1710; x_wconf 87' lang='lat' dir='ltr'><strong><em>imbecillitatem</em></strong></span> 
     </span>
    </p>
   </div>
   <div class='ocr_carea' id='block_1_77' title="bbox 1999 1728 3592 1807">
    <p class='ocr_par' dir='ltr' id='par_1_77' title="bbox 1999 1728 3592 1807">
     <span class='ocr_line' id='line_1_77' title="bbox 1999 1728 3592 1807; baseline 0.013 -27"><span class='ocrx_word' id='word_1_602' title='bbox 1999 1728 2192 1781; x_wconf 78' lang='lat' dir='ltr'><strong><em>aniuun</em></strong></span> <span class='ocrx_word' id='word_1_603' title='bbox 2235 1743 2420 1784; x_wconf 88' lang='lat' dir='ltr'><strong><em>eorum</em></strong></span> <span class='ocrx_word' id='word_1_604' title='bbox 2470 1733 2833 1799; x_wconf 88' lang='lat' dir='ltr'><strong><em>consolando,</em></strong></span> <span class='ocrx_word' id='word_1_605' title='bbox 2887 1744 2937 1790; x_wconf 89' lang='lat' dir='ltr'><strong><em>et</em></strong></span> <span class='ocrx_word' id='word_1_606' title='bbox 2968 1752 3064 1807; x_wconf 82' lang='lat' dir='ltr'><strong><em>per</em></strong></span> <span class='ocrx_word' id='word_1_607' title='bbox 3089 1738 3189 1795; x_wconf 88' lang='lat' dir='ltr'><strong><em>hoc</em></strong></span> <span class='ocrx_word' id='word_1_608' title='bbox 3231 1741 3295 1796; x_wconf 86' lang='lat' dir='ltr'><strong><em>ad</em></strong></span> <span class='ocrx_word' id='word_1_609' title='bbox 3343 1745 3592 1802; x_wconf 87' lang='lat' dir='ltr'><strong><em>virtutem</em></strong></span> 
     </span>
    </p>
   </div>
   <div class='ocr_carea' id='block_1_78' title="bbox 2000 1821 3592 1898">
    <p class='ocr_par' dir='ltr' id='par_1_78' title="bbox 2000 1821 3592 1898">
     <span class='ocr_line' id='line_1_78' title="bbox 2000 1821 3592 1898; baseline 0.013 -26"><span class='ocrx_word' id='word_1_610' title='bbox 2000 1821 2354 1874; x_wconf 79' lang='lat' dir='ltr'><strong><em>exercendam</em></strong></span> <span class='ocrx_word' id='word_1_611' title='bbox 2385 1822 2530 1891; x_wconf 88' lang='lat' dir='ltr'><strong><em>ipsos</em></strong></span> <span class='ocrx_word' id='word_1_612' title='bbox 2557 1823 2904 1892; x_wconf 91' lang='lat' dir='ltr'><strong><em>deducendo,</em></strong></span> <span class='ocrx_word' id='word_1_613' title='bbox 2936 1837 3096 1898; x_wconf 84' lang='lat' dir='ltr'><strong><em>atque</em></strong></span> <span class='ocrx_word' id='word_1_614' title='bbox 3120 1832 3186 1886; x_wconf 91' lang='lat' dir='ltr'><strong><em>ad</em></strong></span> <span class='ocrx_word' id='word_1_615' title='bbox 3218 1849 3391 1889; x_wconf 88' lang='lat' dir='ltr'><strong><em>rerum</em></strong></span> <span class='ocrx_word' id='word_1_616' title='bbox 3425 1837 3592 1894; x_wconf 86' lang='lat' dir='ltr'><strong><em>hone-</em></strong></span> 
     </span>
    </p>
   </div>
   <div class='ocr_carea' id='block_1_79' title="bbox 2001 1913 3593 1986">
    <p class='ocr_par' dir='ltr' id='par_1_79' title="bbox 2001 1913 3593 1986">
     <span class='ocr_line' id='line_1_79' title="bbox 2001 1913 3593 1986; baseline 0.014 -23"><span class='ocrx_word' id='word_1_617' title='bbox 2001 1923 2201 1965; x_wconf 87' lang='lat' dir='ltr'><strong><em>starmn</em></strong></span> <span class='ocrx_word' id='word_1_618' title='bbox 2224 1913 2546 1971; x_wconf 86' lang='lat' dir='ltr'><strong><em>desiderium</em></strong></span> <span class='ocrx_word' id='word_1_619' title='bbox 2578 1932 2592 1978; x_wconf 88' lang='lat'><strong>;</strong></span> <span class='ocrx_word' id='word_1_620' title='bbox 2625 1916 2789 1971; x_wconf 79' lang='lat' dir='ltr'><strong><em>Etiam</em></strong></span> <span class='ocrx_word' id='word_1_621' title='bbox 2818 1930 2996 1974; x_wconf 78' lang='lat' dir='ltr'><strong><em>autem</em></strong></span> <span class='ocrx_word' id='word_1_622' title='bbox 3025 1931 3076 1976; x_wconf 91' lang='lat' dir='ltr'><strong><em>et</em></strong></span> <span class='ocrx_word' id='word_1_623' title='bbox 3103 1923 3349 1980; x_wconf 78' lang='lat' dir='ltr'><strong><em>Elismum</em></strong></span> <span class='ocrx_word' id='word_1_624' title='bbox 3372 1938 3422 1982; x_wconf 92' lang='lat' dir='ltr'><strong><em>ct</em></strong></span> <span class='ocrx_word' id='word_1_625' title='bbox 3444 1929 3593 1986; x_wconf 78' lang='lat' dir='ltr'><strong><em>lere-</em></strong></span> 
     </span>
    </p>
   </div>
   <div class='ocr_carea' id='block_1_80' title="bbox 2002 2003 3592 2088">
    <p class='ocr_par' dir='ltr' id='par_1_80' title="bbox 2002 2003 3592 2088">
     <span class='ocr_line' id='line_1_80' title="bbox 2002 2003 3592 2088; baseline 0.014 -33"><span class='ocrx_word' id='word_1_626' title='bbox 2002 2003 2162 2056; x_wconf 88' lang='lat' dir='ltr'><strong><em>miam</em></strong></span> <span class='ocrx_word' id='word_1_627' title='bbox 2191 2015 2242 2058; x_wconf 91' lang='lat' dir='ltr'><strong><em>ct</em></strong></span> <span class='ocrx_word' id='word_1_628' title='bbox 2273 2004 2515 2059; x_wconf 87' lang='lat' dir='ltr'><strong><em>llesaiam</em></strong></span> <span class='ocrx_word' id='word_1_629' title='bbox 2546 2017 2600 2061; x_wconf 92' lang='lat' dir='ltr'><strong><em>et</em></strong></span> <span class='ocrx_word' id='word_1_630' title='bbox 2631 2009 2680 2061; x_wconf 93' lang='lat' dir='ltr'><strong><em>iu</em></strong></span> <span class='ocrx_word' id='word_1_631' title='bbox 2713 2025 2926 2064; x_wconf 90' lang='lat' dir='ltr'><strong><em>summa</em></strong></span> <span class='ocrx_word' id='word_1_632' title='bbox 2958 2013 3236 2070; x_wconf 86' lang='lat' dir='ltr'><strong><em>universos</em></strong></span> <span class='ocrx_word' id='word_1_633' title='bbox 3266 2019 3554 2088; x_wconf 86' lang='lat' dir='ltr'><strong><em>prophetas</em></strong></span> <span class='ocrx_word' id='word_1_634' title='bbox 3578 2065 3592 2087; x_wconf 86' lang='lat'><strong><em>,</em></strong></span> 
     </span>
    </p>
   </div>
   <div class='ocr_carea' id='block_1_81' title="bbox 2002 2096 3594 2168">
    <p class='ocr_par' dir='ltr' id='par_1_81' title="bbox 2002 2096 3594 2168">
     <span class='ocr_line' id='line_1_81' title="bbox 2002 2096 3594 2168; baseline 0.013 -20"><span class='ocrx_word' id='word_1_635' title='bbox 2002 2102 2056 2148; x_wconf 88' lang='lat' dir='ltr'><strong><em>et</em></strong></span> <span class='ocrx_word' id='word_1_636' title='bbox 2099 2104 2358 2164; x_wconf 88' lang='lat' dir='ltr'><strong><em>quotquot</em></strong></span> <span class='ocrx_word' id='word_1_637' title='bbox 2407 2096 2472 2150; x_wconf 89' lang='lat' dir='ltr'><strong><em>ad</em></strong></span> <span class='ocrx_word' id='word_1_638' title='bbox 2518 2113 2828 2168; x_wconf 86' lang='lat' dir='ltr'><strong><em>magnorum</em></strong></span> <span class='ocrx_word' id='word_1_639' title='bbox 2871 2111 2926 2157; x_wconf 89' lang='lat' dir='ltr'><strong><em>et</em></strong></span> <span class='ocrx_word' id='word_1_640' title='bbox 2967 2111 3271 2162; x_wconf 87' lang='lat' dir='ltr'><strong><em>sanctorum</em></strong></span> <span class='ocrx_word' id='word_1_641' title='bbox 3323 2109 3594 2168; x_wconf 88' lang='lat' dir='ltr'><strong><em>hominum</em></strong></span> 
     </span>
    </p>
   </div>
   <div class='ocr_carea' id='block_1_82' title="bbox 2008 2184 3595 2269">
    <p class='ocr_par' dir='ltr' id='par_1_82' title="bbox 2008 2184 3595 2269">
     <span class='ocr_line' id='line_1_82' title="bbox 2008 2184 3595 2269; baseline 0.013 -31"><span class='ocrx_word' id='word_1_642' title='bbox 2008 2184 2228 2238; x_wconf 82' lang='lat' dir='ltr'><strong><em>chorum</em></strong></span> <span class='ocrx_word' id='word_1_643' title='bbox 2256 2188 2608 2255; x_wconf 79' lang='lat' dir='ltr'><strong><em>pertinebant,</em></strong></span> <span class='ocrx_word' id='word_1_644' title='bbox 2639 2190 2703 2243; x_wconf 89' lang='lat' dir='ltr'><strong><em>ad</em></strong></span> <span class='ocrx_word' id='word_1_645' title='bbox 2732 2192 2892 2248; x_wconf 79' lang='lat' dir='ltr'><strong><em>c.t-los</em></strong></span> <span class='ocrx_word' id='word_1_646' title='bbox 2914 2195 3156 2264; x_wconf 88' lang='lat' dir='ltr'><strong><em>vocabat,</em></strong></span> <span class='ocrx_word' id='word_1_647' title='bbox 3185 2197 3249 2252; x_wconf 93' lang='lat' dir='ltr'><strong><em>ad</em></strong></span> <span class='ocrx_word' id='word_1_648' title='bbox 3272 2215 3439 2269; x_wconf 84' lang='lat' dir='ltr'><strong><em>eaque</em></strong></span> <span class='ocrx_word' id='word_1_649' title='bbox 3461 2203 3595 2258; x_wconf 83' lang='lat' dir='ltr'><strong><em>bona</em></strong></span> 
     </span>
    </p>
   </div>
   <div class='ocr_carea' id='block_1_83' title="bbox 2003 2277 3594 2354">
    <p class='ocr_par' dir='ltr' id='par_1_83' title="bbox 2003 2277 3594 2354">
     <span class='ocr_line' id='line_1_83' title="bbox 2003 2277 3594 2354; baseline 0.014 -27"><span class='ocrx_word' id='word_1_650' title='bbox 2003 2292 2121 2344; x_wconf 83' lang='lat' dir='ltr'><strong><em>qmc</em></strong></span> <span class='ocrx_word' id='word_1_651' title='bbox 2161 2277 2347 2332; x_wconf 74' lang='lat' dir='ltr'><strong><em>electis</em></strong></span> <span class='ocrx_word' id='word_1_652' title='bbox 2377 2287 2502 2332; x_wconf 89' lang='lat' dir='ltr'><strong><em>sunt</em></strong></span> <span class='ocrx_word' id='word_1_653' title='bbox 2544 2280 2652 2334; x_wconf 91' lang='lat' dir='ltr'><strong><em>illic</em></strong></span> <span class='ocrx_word' id='word_1_654' title='bbox 2680 2295 2996 2352; x_wconf 72' lang='lat' dir='ltr'><strong><em>prmparata.</em></strong></span> <span class='ocrx_word' id='word_1_655' title='bbox 3031 2285 3390 2354; x_wconf 87' lang='lat' dir='ltr'><strong><em>Quamobrem</em></strong></span> <span class='ocrx_word' id='word_1_656' title='bbox 3435 2295 3594 2349; x_wconf 88' lang='lat' dir='ltr'><strong><em>etiam</em></strong></span> 
     </span>
    </p>
   </div>
   <div class='ocr_carea' id='block_1_84' title="bbox 2004 2368 3598 2446">
    <p class='ocr_par' dir='ltr' id='par_1_84' title="bbox 2004 2368 3598 2446">
     <span class='ocr_line' id='line_1_84' title="bbox 2004 2368 3598 2446; baseline 0.013 -24"><span class='ocrx_word' id='word_1_657' title='bbox 2004 2368 2196 2423; x_wconf 84' lang='lat' dir='ltr'><strong><em>Paulus</em></strong></span> <span class='ocrx_word' id='word_1_658' title='bbox 2244 2387 2348 2424; x_wconf 89' lang='lat' dir='ltr'><strong><em>non</em></strong></span> <span class='ocrx_word' id='word_1_659' title='bbox 2381 2388 2568 2426; x_wconf 87' lang='lat' dir='ltr'><strong><em>omnes</em></strong></span> <span class='ocrx_word' id='word_1_660' title='bbox 2615 2375 2770 2429; x_wconf 89' lang='lat' dir='ltr'><strong><em>simul</em></strong></span> <span class='ocrx_word' id='word_1_661' title='bbox 2819 2379 3188 2446; x_wconf 88' lang='lat' dir='ltr'><strong><em>enumeravit,</em></strong></span> <span class='ocrx_word' id='word_1_662' title='bbox 3240 2383 3332 2439; x_wconf 89' lang='lat' dir='ltr'><strong><em>scd</em></strong></span> <span class='ocrx_word' id='word_1_663' title='bbox 3373 2387 3598 2444; x_wconf 86' lang='lat' dir='ltr'><strong><em>amictus</em></strong></span> 
     </span>
    </p>
   </div>
   <div class='ocr_carea' id='block_1_85' title="bbox 2003 2451 3584 2546">
    <p class='ocr_par' dir='ltr' id='par_1_85' title="bbox 2003 2451 3584 2546">
     <span class='ocr_line' id='line_1_85' title="bbox 2003 2451 3584 2546; baseline 0.013 -34"><span class='ocrx_word' id='word_1_664' title='bbox 2003 2459 2175 2514; x_wconf 89' lang='lat' dir='ltr'><strong><em>ovillis</em></strong></span> <span class='ocrx_word' id='word_1_665' title='bbox 2198 2475 2259 2514; x_wconf 89' lang='lat' dir='ltr'><strong><em>ac</em></strong></span> <span class='ocrx_word' id='word_1_666' title='bbox 2283 2461 2514 2532; x_wconf 85' lang='lat' dir='ltr'><strong><em>caprinis</em></strong></span> <span class='ocrx_word' id='word_1_667' title='bbox 2542 2464 2765 2532; x_wconf 88' lang='lat' dir='ltr'><strong><em>pellibus</em></strong></span> <span class='ocrx_word' id='word_1_668' title='bbox 2787 2507 2802 2533; x_wconf 93' lang='lat'><strong><em>,</em></strong></span> <span class='ocrx_word' id='word_1_669' title='bbox 2866 2467 2916 2521; x_wconf 94' lang='lat' dir='ltr'><strong><em>iu</em></strong></span> <span class='ocrx_word' id='word_1_670' title='bbox 2949 2467 3221 2527; x_wconf 80' lang='lat' dir='ltr'><strong><em>fornacem</em></strong></span> <span class='ocrx_word' id='word_1_671' title='bbox 3269 2451 3545 2546; x_wconf 74' lang='lat' dir='ltr'><strong><em>conjectos</em></strong></span> <span class='ocrx_word' id='word_1_672' title='bbox 3570 2521 3584 2541; x_wconf 98' lang='lat'><strong><em>,</em></strong></span> 
     </span>
    </p>
   </div>
   <div class='ocr_carea' id='block_1_86' title="bbox 2005 2551 3600 2633">
    <p class='ocr_par' dir='ltr' id='par_1_86' title="bbox 2005 2551 3600 2633">
     <span class='ocr_line' id='line_1_86' title="bbox 2005 2551 3600 2633; baseline 0.015 -33"><span class='ocrx_word' id='word_1_673' title='bbox 2005 2551 2227 2605; x_wconf 88' lang='lat' dir='ltr'><strong><em>vinculis</em></strong></span> <span class='ocrx_word' id='word_1_674' title='bbox 2255 2553 2572 2609; x_wconf 85' lang='lat' dir='ltr'><strong><em>constrictos</em></strong></span> <span class='ocrx_word' id='word_1_675' title='bbox 2594 2597 2606 2618; x_wconf 89' lang='lat'><strong><em>,</em></strong></span> <span class='ocrx_word' id='word_1_676' title='bbox 2641 2555 2900 2614; x_wconf 84' lang='lat' dir='ltr'><strong><em>distentos</em></strong></span> <span class='ocrx_word' id='word_1_677' title='bbox 2922 2600 2937 2625; x_wconf 88' lang='lat'><strong><em>,</em></strong></span> <span class='ocrx_word' id='word_1_678' title='bbox 2961 2561 3105 2616; x_wconf 76' lang='lat' dir='ltr'><strong><em>saxis</em></strong></span> <span class='ocrx_word' id='word_1_679' title='bbox 3134 2562 3390 2633; x_wconf 83' lang='lat' dir='ltr'><strong><em>lapidatus</em></strong></span> <span class='ocrx_word' id='word_1_680' title='bbox 3413 2608 3428 2632; x_wconf 92' lang='lat'><strong><em>,</em></strong></span> <span class='ocrx_word' id='word_1_681' title='bbox 3463 2567 3600 2624; x_wconf 85' lang='lat' dir='ltr'><strong><em>lame</em></strong></span> 
     </span>
    </p>
   </div>
   <div class='ocr_carea' id='block_1_87' title="bbox 2003 2641 3602 2726">
    <p class='ocr_par' dir='ltr' id='par_1_87' title="bbox 2003 2641 3602 2726">
     <span class='ocr_line' id='line_1_87' title="bbox 2003 2641 3602 2726; baseline 0.012 -31"><span class='ocrx_word' id='word_1_682' title='bbox 2003 2651 2056 2695; x_wconf 91' lang='lat' dir='ltr'><strong><em>et</em></strong></span> <span class='ocrx_word' id='word_1_683' title='bbox 2103 2641 2275 2713; x_wconf 86' lang='lat' dir='ltr'><strong><em>inopia</em></strong></span> <span class='ocrx_word' id='word_1_684' title='bbox 2309 2644 2612 2704; x_wconf 86' lang='lat' dir='ltr'><strong><em>laborantes</em></strong></span> <span class='ocrx_word' id='word_1_685' title='bbox 2636 2689 2650 2712; x_wconf 94' lang='lat'><strong><em>,</em></strong></span> <span class='ocrx_word' id='word_1_686' title='bbox 2696 2646 2749 2702; x_wconf 94' lang='lat' dir='ltr'><strong><em>in</em></strong></span> <span class='ocrx_word' id='word_1_687' title='bbox 2798 2651 3210 2719; x_wconf 86' lang='lat' dir='ltr'><strong><em>solitudinibus,</em></strong></span> <span class='ocrx_word' id='word_1_688' title='bbox 3251 2657 3520 2726; x_wconf 87' lang='lat' dir='ltr'><strong><em>speluncis</em></strong></span> <span class='ocrx_word' id='word_1_689' title='bbox 3547 2671 3602 2714; x_wconf 89' lang='lat' dir='ltr'><strong><em>et</em></strong></span> 
     </span>
    </p>
   </div>
   <div class='ocr_carea' id='block_1_88' title="bbox 2003 2735 3600 2814">
    <p class='ocr_par' dir='ltr' id='par_1_88' title="bbox 2003 2735 3600 2814">
     <span class='ocr_line' id='line_1_88' title="bbox 2003 2735 3600 2814; baseline 0.013 -27"><span class='ocrx_word' id='word_1_690' title='bbox 2003 2735 2245 2788; x_wconf 54' lang='lat' dir='ltr'><strong><em>cavernis</em></strong></span> <span class='ocrx_word' id='word_1_691' title='bbox 2264 2744 2416 2791; x_wconf 71' lang='lat' dir='ltr'><strong><em>terra:</em></strong></span> <span class='ocrx_word' id='word_1_692' title='bbox 2440 2739 2716 2811; x_wconf 80' lang='lat' dir='ltr'><strong><em>degentes,</em></strong></span> <span class='ocrx_word' id='word_1_693' title='bbox 2738 2743 3120 2814; x_wconf 86' lang='lat' dir='ltr'><strong><em>inaumeraque</em></strong></span> <span class='ocrx_word' id='word_1_694' title='bbox 3163 2747 3300 2801; x_wconf 86' lang='lat' dir='ltr'><strong><em>mala</em></strong></span> <span class='ocrx_word' id='word_1_695' title='bbox 3330 2751 3600 2806; x_wconf 83' lang='lat' dir='ltr'><strong><em>sustinen-</em></strong></span> 
     </span>
    </p>
   </div>
   <div class='ocr_carea' id='block_1_89' title="bbox 2007 2825 3600 2910">
    <p class='ocr_par' dir='ltr' id='par_1_89' title="bbox 2007 2825 3600 2910">
     <span class='ocr_line' id='line_1_89' title="bbox 2007 2825 3600 2910; baseline 0.013 -34"><span class='ocrx_word' id='word_1_696' title='bbox 2007 2832 2105 2876; x_wconf 90' lang='lat' dir='ltr'><strong><em>tes.</em></strong></span> <span class='ocrx_word' id='word_1_697' title='bbox 2137 2825 2204 2878; x_wconf 84' lang='lat' dir='ltr'><strong><em>At</em></strong></span> <span class='ocrx_word' id='word_1_698' title='bbox 2235 2834 2343 2880; x_wconf 91' lang='lat' dir='ltr'><strong><em>tum</em></strong></span> <span class='ocrx_word' id='word_1_699' title='bbox 2375 2828 2589 2886; x_wconf 89' lang='lat' dir='ltr'><strong><em>demum</em></strong></span> <span class='ocrx_word' id='word_1_700' title='bbox 2619 2832 2754 2888; x_wconf 76' lang='lat' dir='ltr'><strong><em>dixit</em></strong></span> <span class='ocrx_word' id='word_1_701' title='bbox 2783 2850 2970 2890; x_wconf 88' lang='lat' dir='ltr'><strong><em>omnes</em></strong></span> <span class='ocrx_word' id='word_1_702' title='bbox 3002 2835 3099 2891; x_wconf 84' lang='lat' dir='ltr'><strong><em>hos</em></strong></span> <span class='ocrx_word' id='word_1_703' title='bbox 3122 2837 3172 2890; x_wconf 91' lang='lat' dir='ltr'><strong><em>iu</em></strong></span> <span class='ocrx_word' id='word_1_704' title='bbox 3201 2853 3296 2908; x_wconf 90' lang='lat' dir='ltr'><strong><em>spe</em></strong></span> <span class='ocrx_word' id='word_1_705' title='bbox 3328 2853 3600 2910; x_wconf 81' lang='lat' dir='ltr'><strong><em>mortuos,</em></strong></span> 
     </span>
    </p>
   </div>
   <div class='ocr_carea' id='block_1_90' title="bbox 2007 2917 3595 2997">
    <p class='ocr_par' dir='ltr' id='par_1_90' title="bbox 2007 2917 3595 2997">
     <span class='ocr_line' id='line_1_90' title="bbox 2007 2917 3595 2997; baseline 0.013 -29"><span class='ocrx_word' id='word_1_706' title='bbox 2007 2931 2106 2970; x_wconf 81' lang='lat' dir='ltr'><strong><em>tzec</em></strong></span> <span class='ocrx_word' id='word_1_707' title='bbox 2135 2917 2308 2972; x_wconf 91' lang='lat' dir='ltr'><strong><em>adhuc</em></strong></span> <span class='ocrx_word' id='word_1_708' title='bbox 2341 2925 2750 2988; x_wconf 69' lang='lat' dir='ltr'><strong><em>prounssiunem</em></strong></span> <span class='ocrx_word' id='word_1_709' title='bbox 2793 2930 3060 2997; x_wconf 84' lang='lat' dir='ltr'><strong><em>recepisse</em></strong></span> <span class='ocrx_word' id='word_1_710' title='bbox 3087 2947 3100 2983; x_wconf 89' lang='lat'><strong>:</strong></span> <span class='ocrx_word' id='word_1_711' title='bbox 3129 2931 3471 2988; x_wconf 80' lang='lat' dir='ltr'><strong><em>sobindicaus</em></strong></span> <span class='ocrx_word' id='word_1_712' title='bbox 3501 2951 3595 2989; x_wconf 84' lang='lat' dir='ltr'><strong><em>uo-</em></strong></span> 
     </span>
    </p>
   </div>
   <div class='ocr_carea' id='block_1_91' title="bbox 2005 3004 3599 3082">
    <p class='ocr_par' dir='ltr' id='par_1_91' title="bbox 2005 3004 3599 3082">
     <span class='ocr_line' id='line_1_91' title="bbox 2005 3004 3599 3082; baseline 0.013 -22"><span class='ocrx_word' id='word_1_713' title='bbox 2005 3004 2086 3060; x_wconf 83' lang='lat' dir='ltr'><strong><em>bis</em></strong></span> <span class='ocrx_word' id='word_1_714' title='bbox 2116 3023 2218 3061; x_wconf 90' lang='lat' dir='ltr'><strong><em>non</em></strong></span> <span class='ocrx_word' id='word_1_715' title='bbox 2247 3009 2434 3079; x_wconf 70' lang='lat' dir='ltr'><strong><em>vulgus</em></strong></span> <span class='ocrx_word' id='word_1_716' title='bbox 2459 3011 2757 3080; x_wconf 89' lang='lat' dir='ltr'><strong><em>Judaicum,</em></strong></span> <span class='ocrx_word' id='word_1_717' title='bbox 2786 3017 2879 3070; x_wconf 87' lang='lat' dir='ltr'><strong><em>sed</em></strong></span> <span class='ocrx_word' id='word_1_718' title='bbox 2911 3018 3154 3074; x_wconf 81' lang='lat' dir='ltr'><strong><em>homines</em></strong></span> <span class='ocrx_word' id='word_1_719' title='bbox 3179 3023 3244 3075; x_wconf 88' lang='lat' dir='ltr'><strong><em>ad</em></strong></span> <span class='ocrx_word' id='word_1_720' title='bbox 3279 3023 3408 3078; x_wconf 75' lang='lat' dir='ltr'><strong><em>Elia:</em></strong></span> <span class='ocrx_word' id='word_1_721' title='bbox 3449 3028 3599 3082; x_wconf 82' lang='lat' dir='ltr'><strong><em>sinu-</em></strong></span> 
     </span>
    </p>
   </div>
   <div class='ocr_carea' id='block_1_92' title="bbox 2005 3095 3598 3178">
    <p class='ocr_par' dir='ltr' id='par_1_92' title="bbox 2005 3095 3598 3178">
     <span class='ocr_line' id='line_1_92' title="bbox 2005 3095 3598 3178; baseline 0.014 -28"><span class='ocrx_word' id='word_1_722' title='bbox 2005 3095 2279 3152; x_wconf 89' lang='lat' dir='ltr'><strong><em>litudiucm</em></strong></span> <span class='ocrx_word' id='word_1_723' title='bbox 2324 3103 2659 3157; x_wconf 86' lang='lat' dir='ltr'><strong><em>accedentes.</em></strong></span> <span class='ocrx_word' id='word_1_724' title='bbox 2693 3105 2842 3174; x_wconf 87' lang='lat' dir='ltr'><strong><em>Quod</em></strong></span> <span class='ocrx_word' id='word_1_725' title='bbox 2888 3108 2930 3162; x_wconf 89' lang='lat' dir='ltr'><strong><em>si</em></strong></span> <span class='ocrx_word' id='word_1_726' title='bbox 2960 3111 3079 3178; x_wconf 88' lang='lat' dir='ltr'><strong><em>quis</em></strong></span> <span class='ocrx_word' id='word_1_727' title='bbox 3108 3110 3250 3165; x_wconf 90' lang='lat' dir='ltr'><strong><em>dicat</em></strong></span> <span class='ocrx_word' id='word_1_728' title='bbox 3281 3131 3293 3165; x_wconf 89' lang='lat'><strong>:</strong></span> <span class='ocrx_word' id='word_1_729' title='bbox 3327 3114 3388 3169; x_wconf 88' lang='lat' dir='ltr'><strong><em>lli</em></strong></span> <span class='ocrx_word' id='word_1_730' title='bbox 3419 3126 3598 3173; x_wconf 87' lang='lat' dir='ltr'><strong><em>autem</em></strong></span> 
     </span>
    </p>
   </div>
   <div class='ocr_carea' id='block_1_93' title="bbox 2007 3186 3601 3267">
    <p class='ocr_par' dir='ltr' id='par_1_93' title="bbox 2007 3186 3601 3267">
     <span class='ocr_line' id='line_1_93' title="bbox 2007 3186 3601 3267; baseline 0.013 -27"><span class='ocrx_word' id='word_1_731' title='bbox 2007 3186 2104 3257; x_wconf 89' lang='lat' dir='ltr'><strong><em>ipsi</em></strong></span> <span class='ocrx_word' id='word_1_732' title='bbox 2127 3191 2472 3259; x_wconf 75' lang='lat' dir='ltr'><strong><em>quiamobrem</em></strong></span> <span class='ocrx_word' id='word_1_733' title='bbox 2507 3210 2572 3248; x_wconf 92' lang='lat' dir='ltr'><strong><em>ne</em></strong></span> <span class='ocrx_word' id='word_1_734' title='bbox 2599 3210 2741 3250; x_wconf 90' lang='lat' dir='ltr'><strong><em>nunc</em></strong></span> <span class='ocrx_word' id='word_1_735' title='bbox 2768 3197 2982 3267; x_wconf 90' lang='lat' dir='ltr'><strong><em>quidem</em></strong></span> <span class='ocrx_word' id='word_1_736' title='bbox 3012 3199 3217 3254; x_wconf 73' lang='lat' dir='ltr'><strong><em>debitas</em></strong></span> <span class='ocrx_word' id='word_1_737' title='bbox 3243 3204 3341 3257; x_wconf 88' lang='lat' dir='ltr'><strong><em>sibi</em></strong></span> <span class='ocrx_word' id='word_1_738' title='bbox 3374 3220 3601 3263; x_wconf 77' lang='lat' dir='ltr'><strong><em>coronas</em></strong></span> 
     </span>
    </p>
   </div>
   <div class='ocr_carea' id='block_1_94' title="bbox 2005 3285 3590 3356">
    <p class='ocr_par' dir='ltr' id='par_1_94' title="bbox 2005 3285 3590 3356">
     <span class='ocr_line' id='line_1_94' title="bbox 2005 3285 3590 3356; baseline 0.014 -27"><span class='ocrx_word' id='word_1_739' title='bbox 2005 3285 2408 3347; x_wconf 76' lang='lat' dir='ltr'><strong><em>perceperunt?</em></strong></span> <span class='ocrx_word' id='word_1_740' title='bbox 2449 3299 2664 3340; x_wconf 88' lang='lat' dir='ltr'><strong><em>causam</em></strong></span> <span class='ocrx_word' id='word_1_741' title='bbox 2693 3286 2850 3356; x_wconf 83' lang='lat' dir='ltr'><strong><em>hujus</em></strong></span> <span class='ocrx_word' id='word_1_742' title='bbox 2879 3288 2955 3343; x_wconf 87' lang='lat' dir='ltr'><strong><em>rei</em></strong></span> <span class='ocrx_word' id='word_1_743' title='bbox 2987 3289 3157 3346; x_wconf 87' lang='lat' dir='ltr'><strong><em>discat</em></strong></span> <span class='ocrx_word' id='word_1_744' title='bbox 3181 3309 3208 3345; x_wconf 89' lang='lat' dir='ltr'><strong><em>a</em></strong></span> <span class='ocrx_word' id='word_1_745' title='bbox 3243 3293 3423 3350; x_wconf 86' lang='lat' dir='ltr'><strong><em>Paulo.</em></strong></span> <span class='ocrx_word' id='word_1_746' title='bbox 3456 3298 3590 3350; x_wconf 85' lang='lat' dir='ltr'><strong><em>Cum</em></strong></span> 
     </span>
    </p>
   </div>
   <div class='ocr_carea' id='block_1_95' title="bbox 2005 3371 3599 3457">
    <p class='ocr_par' dir='ltr' id='par_1_95' title="bbox 2005 3371 3599 3457">
     <span class='ocr_line' id='line_1_95' title="bbox 2005 3371 3599 3457; baseline 0.011 -32"><span class='ocrx_word' id='word_1_747' title='bbox 2005 3371 2147 3425; x_wconf 85' lang='lat' dir='ltr'><strong><em>cuitu</em></strong></span> <span class='ocrx_word' id='word_1_748' title='bbox 2180 3373 2398 3429; x_wconf 76' lang='lat' dir='ltr'><strong><em>dixisset</em></strong></span> <span class='ocrx_word' id='word_1_749' title='bbox 2429 3393 2442 3429; x_wconf 90' lang='lat'><strong>:</strong></span> <span class='ocrx_word' id='word_1_750' title='bbox 2477 3375 2606 3430; x_wconf 79' lang='lat' dir='ltr'><strong><em>Fide</em></strong></span> <span class='ocrx_word' id='word_1_751' title='bbox 2633 3389 2751 3432; x_wconf 86' lang='lat' dir='ltr'><strong><em>sunt</em></strong></span> <span class='ocrx_word' id='word_1_752' title='bbox 2778 3382 2961 3434; x_wconf 89' lang='lat' dir='ltr'><strong><em>mortui</em></strong></span> <span class='ocrx_word' id='word_1_753' title='bbox 2980 3397 3153 3436; x_wconf 74' lang='lat' dir='ltr'><strong><em>omnes</em></strong></span> <span class='ocrx_word' id='word_1_754' title='bbox 3178 3385 3229 3436; x_wconf 83' lang='lat' dir='ltr'><strong><em>bi</em></strong></span> <span class='ocrx_word' id='word_1_755' title='bbox 3257 3403 3355 3438; x_wconf 83' lang='lat' dir='ltr'><strong><em>nou</em></strong></span> <span class='ocrx_word' id='word_1_756' title='bbox 3383 3391 3599 3457; x_wconf 73' lang='lat' dir='ltr'><strong><em>(receptis</em></strong></span> 
     </span>
    </p>
   </div>
   <div class='ocr_carea' id='block_1_96' title="bbox 2007 3463 3602 3550">
    <p class='ocr_par' dir='ltr' id='par_1_96' title="bbox 2007 3463 3602 3550">
     <span class='ocr_line' id='line_1_96' title="bbox 2007 3463 3602 3550; baseline 0.013 -37"><span class='ocrx_word' id='word_1_757' title='bbox 2007 3463 2434 3533; x_wconf 84' lang='lat' dir='ltr'><strong><em>promissiouibus,</em></strong></span> <span class='ocrx_word' id='word_1_758' title='bbox 2464 3467 2753 3537; x_wconf 81' lang='lat' dir='ltr'><strong><em>subjuuxit,</em></strong></span> <span class='ocrx_word' id='word_1_759' title='bbox 2785 3468 2892 3524; x_wconf 87' lang='lat' dir='ltr'><strong><em>Deo</em></strong></span> <span class='ocrx_word' id='word_1_760' title='bbox 2917 3489 3010 3541; x_wconf 89' lang='lat' dir='ltr'><strong><em>pro</em></strong></span> <span class='ocrx_word' id='word_1_761' title='bbox 3039 3473 3180 3527; x_wconf 86' lang='lat' dir='ltr'><strong><em>nobis</em></strong></span> <span class='ocrx_word' id='word_1_762' title='bbox 3205 3477 3382 3530; x_wconf 85' lang='lat' dir='ltr'><strong><em>melius</em></strong></span> <span class='ocrx_word' id='word_1_763' title='bbox 3409 3479 3602 3550; x_wconf 84' lang='lat' dir='ltr'><strong><em>aliquid</em></strong></span> 
     </span>
    </p>
   </div>
   <div class='ocr_carea' id='block_1_97' title="bbox 2007 3555 3598 3636">
    <p class='ocr_par' dir='ltr' id='par_1_97' title="bbox 2007 3555 3598 3636">
     <span class='ocr_line' id='line_1_97' title="bbox 2007 3555 3598 3636; baseline 0.014 -32"><span class='ocrx_word' id='word_1_764' title='bbox 2007 3555 2315 3624; x_wconf 74' lang='lat' dir='ltr'><strong><em>providente,</em></strong></span> <span class='ocrx_word' id='word_1_765' title='bbox 2335 3568 2389 3610; x_wconf 89' lang='lat' dir='ltr'><strong><em>ut</em></strong></span> <span class='ocrx_word' id='word_1_766' title='bbox 2415 3575 2516 3613; x_wconf 83' lang='lat' dir='ltr'><strong><em>non</em></strong></span> <span class='ocrx_word' id='word_1_767' title='bbox 2537 3560 2644 3613; x_wconf 88' lang='lat' dir='ltr'><strong><em>siue</em></strong></span> <span class='ocrx_word' id='word_1_768' title='bbox 2663 3563 2803 3615; x_wconf 88' lang='lat' dir='ltr'><strong><em>nobis</em></strong></span> <span class='ocrx_word' id='word_1_769' title='bbox 2821 3577 3286 3619; x_wconf 82' lang='lat' dir='ltr'><strong><em>consummaremur</em></strong></span> <span class='ocrx_word' id='word_1_770' title='bbox 3299 3571 3315 3636; x_wconf 96' lang='lat'>(</span> <span class='ocrx_word' id='word_1_771' title='bbox 3329 3567 3485 3622; x_wconf 71' lang='lat' dir='ltr'><strong><em>llebr.</em></strong></span> <span class='ocrx_word' id='word_1_772' title='bbox 3514 3573 3598 3626; x_wconf 81' lang='lat' dir='ltr'><strong><em>ll.</em></strong></span> 
     </span>
    </p>
   </div>
   <div class='ocr_carea' id='block_1_98' title="bbox 2008 3647 3600 3732">
    <p class='ocr_par' dir='ltr' id='par_1_98' title="bbox 2008 3647 3600 3732">
     <span class='ocr_line' id='line_1_98' title="bbox 2008 3647 3600 3732; baseline 0.011 -32"><span class='ocrx_word' id='word_1_773' title='bbox 2008 3647 2096 3701; x_wconf 72' lang='grc'><strong><em>15.</em></strong></span> <span class='ocrx_word' id='word_1_774' title='bbox 2129 3648 2199 3702; x_wconf 75' lang='grc'><strong><em>40</em></strong></span> <span class='ocrx_word' id='word_1_775' title='bbox 2223 3648 2261 3718; x_wconf 93' lang='grc'><strong><em>).</em></strong></span> <span class='ocrx_word' id='word_1_776' title='bbox 2295 3649 2604 3707; x_wconf 85' lang='lat' dir='ltr'><strong><em>Communis</em></strong></span> <span class='ocrx_word' id='word_1_777' title='bbox 2635 3653 2776 3708; x_wconf 87' lang='lat' dir='ltr'><strong><em>enim</em></strong></span> <span class='ocrx_word' id='word_1_778' title='bbox 2804 3666 2882 3710; x_wconf 90' lang='lat' dir='ltr'><strong><em>est</em></strong></span> <span class='ocrx_word' id='word_1_779' title='bbox 2908 3655 3192 3712; x_wconf 86' lang='lat' dir='ltr'><strong><em>celebritas</em></strong></span> <span class='ocrx_word' id='word_1_780' title='bbox 3223 3659 3337 3715; x_wconf 65' lang='lat' dir='ltr'><strong><em>hazc</em></strong></span> <span class='ocrx_word' id='word_1_781' title='bbox 3359 3702 3374 3726; x_wconf 91' lang='lat'><strong><em>,</em></strong></span> <span class='ocrx_word' id='word_1_782' title='bbox 3409 3661 3600 3732; x_wconf 88' lang='lat' dir='ltr'><strong><em>inquit,</em></strong></span> 
     </span>
    </p>
   </div>
   <div class='ocr_carea' id='block_1_99' title="bbox 2005 3739 3604 3820">
    <p class='ocr_par' dir='ltr' id='par_1_99' title="bbox 2005 3739 3604 3820">
     <span class='ocr_line' id='line_1_99' title="bbox 2005 3739 3604 3820; baseline 0.013 -29"><span class='ocrx_word' id='word_1_783' title='bbox 2005 3739 2433 3810; x_wconf 80' lang='lat' dir='ltr'><strong><em>quattquuidcm</em></strong></span> <span class='ocrx_word' id='word_1_784' title='bbox 2461 3743 2632 3814; x_wconf 63' lang='lat' dir='ltr'><strong><em>major</em></strong></span> <span class='ocrx_word' id='word_1_785' title='bbox 2661 3747 2823 3800; x_wconf 91' lang='lat' dir='ltr'><strong><em>etiam</em></strong></span> <span class='ocrx_word' id='word_1_786' title='bbox 2853 3755 2936 3801; x_wconf 59' lang='lat' dir='ltr'><strong><em>est</em></strong></span> <span class='ocrx_word' id='word_1_787' title='bbox 2963 3749 3232 3820; x_wconf 82' lang='lat' dir='ltr'><strong><em>voluptas,</em></strong></span> <span class='ocrx_word' id='word_1_788' title='bbox 3263 3751 3388 3807; x_wconf 91' lang='lat' dir='ltr'><strong><em>dum</em></strong></span> <span class='ocrx_word' id='word_1_789' title='bbox 3417 3772 3604 3812; x_wconf 85' lang='lat' dir='ltr'><strong><em>omnes</em></strong></span> 
     </span>
    </p>
   </div>
   <div class='ocr_carea' id='block_1_100' title="bbox 2009 3830 3605 3916">
    <p class='ocr_par' dir='ltr' id='par_1_100' title="bbox 2009 3830 3605 3916">
     <span class='ocr_line' id='line_1_100' title="bbox 2009 3830 3605 3916; baseline 0.013 -34"><span class='ocrx_word' id='word_1_790' title='bbox 2009 3830 2192 3885; x_wconf 84' lang='lat' dir='ltr'><strong><em>eadem</em></strong></span> <span class='ocrx_word' id='word_1_791' title='bbox 2237 3847 2396 3901; x_wconf 82' lang='lat' dir='ltr'><strong><em>Opera</em></strong></span> <span class='ocrx_word' id='word_1_792' title='bbox 2440 3849 2782 3890; x_wconf 88' lang='lat' dir='ltr'><strong><em>coronamur.</em></strong></span> <span class='ocrx_word' id='word_1_793' title='bbox 2831 3837 2972 3892; x_wconf 87' lang='lat' dir='ltr'><strong><em>Idem</em></strong></span> <span class='ocrx_word' id='word_1_794' title='bbox 3004 3839 3062 3894; x_wconf 90' lang='lat' dir='ltr'><strong><em>lit</em></strong></span> <span class='ocrx_word' id='word_1_795' title='bbox 3104 3853 3158 3895; x_wconf 92' lang='lat' dir='ltr'><strong><em>et</em></strong></span> <span class='ocrx_word' id='word_1_796' title='bbox 3202 3842 3252 3896; x_wconf 93' lang='lat' dir='ltr'><strong><em>in</em></strong></span> <span class='ocrx_word' id='word_1_797' title='bbox 3279 3843 3605 3916; x_wconf 77' lang='lat' dir='ltr'><strong><em>Olympiacis</em></strong></span> 
     </span>
    </p>
   </div>
   <div class='ocr_carea' id='block_1_101' title="bbox 2005 3924 3603 4001">
    <p class='ocr_par' dir='ltr' id='par_1_101' title="bbox 2005 3924 3603 4001">
     <span class='ocr_line' id='line_1_101' title="bbox 2005 3924 3603 4001; baseline 0.011 -27"><span class='ocrx_word' id='word_1_798' title='bbox 2005 3924 2386 3978; x_wconf 87' lang='lat' dir='ltr'><strong><em>certaminibus</em></strong></span> <span class='ocrx_word' id='word_1_799' title='bbox 2413 3943 2426 3978; x_wconf 88' lang='lat'><strong>:</strong></span> <span class='ocrx_word' id='word_1_800' title='bbox 2458 3925 2719 3994; x_wconf 87' lang='lat' dir='ltr'><strong><em>luctator,</em></strong></span> <span class='ocrx_word' id='word_1_801' title='bbox 2752 3930 2926 3997; x_wconf 87' lang='lat' dir='ltr'><strong><em>pugil.</em></strong></span> <span class='ocrx_word' id='word_1_802' title='bbox 2961 3932 3310 3998; x_wconf 85' lang='lat' dir='ltr'><strong><em>pancratiasta</em></strong></span> <span class='ocrx_word' id='word_1_803' title='bbox 3330 3974 3347 4001; x_wconf 96' lang='lat'><strong><em>,</em></strong></span> <span class='ocrx_word' id='word_1_804' title='bbox 3378 3936 3603 3992; x_wconf 70' lang='lat' dir='ltr'><strong><em>diversis</em></strong></span> 
     </span>
    </p>
   </div>
   <div class='ocr_carea' id='block_1_102' title="bbox 2005 4013 3600 4086">
    <p class='ocr_par' dir='ltr' id='par_1_102' title="bbox 2005 4013 3600 4086">
     <span class='ocr_line' id='line_1_102' title="bbox 2005 4013 3600 4086; baseline 0.012 -23"><span class='ocrx_word' id='word_1_805' title='bbox 2005 4013 2218 4082; x_wconf 90' lang='lat' dir='ltr'><strong><em>quidem</em></strong></span> <span class='ocrx_word' id='word_1_806' title='bbox 2251 4015 2578 4083; x_wconf 85' lang='lat' dir='ltr'><strong><em>temporibus</em></strong></span> <span class='ocrx_word' id='word_1_807' title='bbox 2607 4027 2876 4072; x_wconf 87' lang='lat' dir='ltr'><strong><em>certamen</em></strong></span> <span class='ocrx_word' id='word_1_808' title='bbox 2907 4020 3136 4076; x_wconf 89' lang='lat' dir='ltr'><strong><em>subeunt</em></strong></span> <span class='ocrx_word' id='word_1_809' title='bbox 3164 4063 3178 4086; x_wconf 95' lang='lat'><strong><em>,</em></strong></span> <span class='ocrx_word' id='word_1_810' title='bbox 3208 4023 3300 4076; x_wconf 86' lang='lat' dir='ltr'><strong><em>sed</em></strong></span> <span class='ocrx_word' id='word_1_811' title='bbox 3331 4040 3439 4079; x_wconf 91' lang='lat' dir='ltr'><strong><em>uno</em></strong></span> <span class='ocrx_word' id='word_1_812' title='bbox 3465 4036 3600 4082; x_wconf 86' lang='lat' dir='ltr'><strong><em>tem-</em></strong></span> 
     </span>
    </p>
   </div>
   <div class='ocr_carea' id='block_1_103' title="bbox 2007 4103 3602 4187">
    <p class='ocr_par' dir='ltr' id='par_1_103' title="bbox 2007 4103 3602 4187">
     <span class='ocr_line' id='line_1_103' title="bbox 2007 4103 3602 4187; baseline 0.011 -31"><span class='ocrx_word' id='word_1_813' title='bbox 2007 4103 2154 4173; x_wconf 89' lang='lat' dir='ltr'><strong><em>poris</em></strong></span> <span class='ocrx_word' id='word_1_814' title='bbox 2201 4113 2474 4160; x_wconf 86' lang='lat' dir='ltr'><strong><em>momento</em></strong></span> <span class='ocrx_word' id='word_1_815' title='bbox 2501 4122 2690 4162; x_wconf 91' lang='lat' dir='ltr'><strong><em>omnes</em></strong></span> <span class='ocrx_word' id='word_1_816' title='bbox 2727 4123 2757 4162; x_wconf 88' lang='lat' dir='ltr'><strong><em>a</em></strong></span> <span class='ocrx_word' id='word_1_817' title='bbox 2803 4125 3047 4178; x_wconf 67' lang='lat' dir='ltr'><strong><em>pra‘cone</em></strong></span> <span class='ocrx_word' id='word_1_818' title='bbox 3093 4114 3322 4169; x_wconf 80' lang='lat' dir='ltr'><strong><em>victores</em></strong></span> <span class='ocrx_word' id='word_1_819' title='bbox 3363 4133 3602 4187; x_wconf 80' lang='lat' dir='ltr'><strong><em>pronun-</em></strong></span> 
     </span>
    </p>
   </div>
   <div class='ocr_carea' id='block_1_104' title="bbox 2011 4193 3596 4268">
    <p class='ocr_par' dir='ltr' id='par_1_104' title="bbox 2011 4193 3596 4268">
     <span class='ocr_line' id='line_1_104' title="bbox 2011 4193 3596 4268; baseline 0.011 -22"><span class='ocrx_word' id='word_1_820' title='bbox 2011 4193 2228 4248; x_wconf 90' lang='lat' dir='ltr'><strong><em>tiantur.</em></strong></span> <span class='ocrx_word' id='word_1_821' title='bbox 2260 4193 2401 4249; x_wconf 83' lang='lat' dir='ltr'><strong><em>idem</em></strong></span> <span class='ocrx_word' id='word_1_822' title='bbox 2433 4197 2489 4251; x_wconf 89' lang='lat' dir='ltr'><strong><em>lit</em></strong></span> <span class='ocrx_word' id='word_1_823' title='bbox 2517 4206 2570 4251; x_wconf 89' lang='lat' dir='ltr'><strong><em>et</em></strong></span> <span class='ocrx_word' id='word_1_824' title='bbox 2593 4197 2646 4251; x_wconf 91' lang='lat' dir='ltr'><strong><em>iu</em></strong></span> <span class='ocrx_word' id='word_1_825' title='bbox 2677 4199 2956 4254; x_wconf 84' lang='lat' dir='ltr'><strong><em>conviviis.</em></strong></span> <span class='ocrx_word' id='word_1_826' title='bbox 2996 4200 3212 4268; x_wconf 35' lang='lat' dir='ltr'><strong><em>Quoties</em></strong></span> <span class='ocrx_word' id='word_1_827' title='bbox 3240 4205 3381 4260; x_wconf 90' lang='lat' dir='ltr'><strong><em>enim</em></strong></span> <span class='ocrx_word' id='word_1_828' title='bbox 3408 4210 3596 4264; x_wconf 88' lang='lat' dir='ltr'><strong><em>convi-</em></strong></span> 
     </span>
    </p>
   </div>
   <div class='ocr_carea' id='block_1_105' title="bbox 2007 4284 3595 4366">
    <p class='ocr_par' dir='ltr' id='par_1_105' title="bbox 2007 4284 3595 4366">
     <span class='ocr_line' id='line_1_105' title="bbox 2007 4284 3595 4366; baseline 0.011 -30"><span class='ocrx_word' id='word_1_829' title='bbox 2007 4297 2193 4338; x_wconf 88' lang='lat' dir='ltr'><strong><em>varum</em></strong></span> <span class='ocrx_word' id='word_1_830' title='bbox 2220 4284 2308 4339; x_wconf 85' lang='lat' dir='ltr'><strong><em>alii</em></strong></span> <span class='ocrx_word' id='word_1_831' title='bbox 2337 4297 2597 4341; x_wconf 90' lang='lat' dir='ltr'><strong><em>venerunt</em></strong></span> <span class='ocrx_word' id='word_1_832' title='bbox 2626 4288 2884 4343; x_wconf 86' lang='lat' dir='ltr'><strong><em>maturius</em></strong></span> <span class='ocrx_word' id='word_1_833' title='bbox 2903 4332 2916 4352; x_wconf 90' lang='lat'><strong><em>,</em></strong></span> <span class='ocrx_word' id='word_1_834' title='bbox 2945 4291 3034 4344; x_wconf 91' lang='lat' dir='ltr'><strong><em>alii</em></strong></span> <span class='ocrx_word' id='word_1_835' title='bbox 3062 4292 3234 4348; x_wconf 91' lang='lat' dir='ltr'><strong><em>adlmc</em></strong></span> <span class='ocrx_word' id='word_1_836' title='bbox 3256 4306 3595 4366; x_wconf 80' lang='lat' dir='ltr'><strong><em>cunctantur,</em></strong></span> 
     </span>
    </p>
   </div>
   <div class='ocr_carea' id='block_1_106' title="bbox 2008 4375 3599 4455">
    <p class='ocr_par' dir='ltr' id='par_1_106' title="bbox 2008 4375 3599 4455">
     <span class='ocr_line' id='line_1_106' title="bbox 2008 4375 3599 4455; baseline 0.011 -27"><span class='ocrx_word' id='word_1_837' title='bbox 2008 4375 2378 4432; x_wconf 85' lang='lat' dir='ltr'><strong><em>convivatores</em></strong></span> <span class='ocrx_word' id='word_1_838' title='bbox 2407 4377 2459 4432; x_wconf 93' lang='lat' dir='ltr'><strong><em>iu</em></strong></span> <span class='ocrx_word' id='word_1_839' title='bbox 2487 4377 2742 4434; x_wconf 90' lang='lat' dir='ltr'><strong><em>honorem</em></strong></span> <span class='ocrx_word' id='word_1_840' title='bbox 2769 4382 3065 4437; x_wconf 88' lang='lat' dir='ltr'><strong><em>absentium</em></strong></span> <span class='ocrx_word' id='word_1_841' title='bbox 3089 4383 3275 4451; x_wconf 90' lang='lat' dir='ltr'><strong><em>jubent</em></strong></span> <span class='ocrx_word' id='word_1_842' title='bbox 3306 4399 3599 4455; x_wconf 75' lang='lat' dir='ltr'><strong><em>pra&#39;senles</em></strong></span> 
     </span>
    </p>
   </div>
   <div class='ocr_carea' id='block_1_107' title="bbox 1995 4469 3593 4545">
    <p class='ocr_par' dir='ltr' id='par_1_107' title="bbox 1995 4469 3593 4545">
     <span class='ocr_line' id='line_1_107' title="bbox 1995 4469 3593 4545; baseline 0.01 -24"><span class='ocrx_word' id='word_1_843' title='bbox 1995 4469 2282 4541; x_wconf 70' lang='lat' dir='ltr'><strong><em>&#39;paulisper</em></strong></span> <span class='ocrx_word' id='word_1_844' title='bbox 2326 4486 2543 4526; x_wconf 84' lang='lat' dir='ltr'><strong><em>manere</em></strong></span> <span class='ocrx_word' id='word_1_845' title='bbox 2570 4513 2586 4536; x_wconf 95' lang='lat'><strong><em>,</em></strong></span> <span class='ocrx_word' id='word_1_846' title='bbox 2627 4471 2800 4528; x_wconf 90' lang='lat' dir='ltr'><strong><em>donec</em></strong></span> <span class='ocrx_word' id='word_1_847' title='bbox 2829 4475 2901 4528; x_wconf 92' lang='lat' dir='ltr'><strong><em>illi</em></strong></span> <span class='ocrx_word' id='word_1_848' title='bbox 2931 4491 3143 4545; x_wconf 85' lang='lat' dir='ltr'><strong><em>quoque</em></strong></span> <span class='ocrx_word' id='word_1_849' title='bbox 3183 4477 3418 4534; x_wconf 79' lang='lat' dir='ltr'><strong><em>veniant.</em></strong></span> <span class='ocrx_word' id='word_1_850' title='bbox 3450 4479 3593 4537; x_wconf 89' lang='lat' dir='ltr'><strong><em>Idem</em></strong></span> 
     </span>
    </p>
   </div>
   <div class='ocr_carea' id='block_1_108' title="bbox 2009 4560 3600 4633">
    <p class='ocr_par' dir='ltr' id='par_1_108' title="bbox 2009 4560 3600 4633">
     <span class='ocr_line' id='line_1_108' title="bbox 2009 4560 3600 4633; baseline 0.007 -19"><span class='ocrx_word' id='word_1_851' title='bbox 2009 4560 2170 4614; x_wconf 85' lang='lat' dir='ltr'><strong><em>etiam</em></strong></span> <span class='ocrx_word' id='word_1_852' title='bbox 2197 4563 2332 4615; x_wconf 69' lang='lat' dir='ltr'><strong><em>licus</em></strong></span> <span class='ocrx_word' id='word_1_853' title='bbox 2362 4563 2478 4616; x_wconf 81' lang='lat' dir='ltr'><strong><em>fecit</em></strong></span> <span class='ocrx_word' id='word_1_854' title='bbox 2516 4579 2528 4614; x_wconf 90' lang='lat'><strong>:</strong></span> <span class='ocrx_word' id='word_1_855' title='bbox 2557 4566 2804 4633; x_wconf 77' lang='lat' dir='ltr'><strong><em>quon&#39;am</em></strong></span> <span class='ocrx_word' id='word_1_856' title='bbox 2834 4565 2975 4618; x_wconf 70' lang='lat' dir='ltr'><strong><em>cutim</em></strong></span> <span class='ocrx_word' id='word_1_857' title='bbox 2997 4580 3061 4620; x_wconf 81' lang='lat' dir='ltr'><strong><em>ex</em></strong></span> <span class='ocrx_word' id='word_1_858' title='bbox 3092 4576 3203 4620; x_wconf 90' lang='lat' dir='ltr'><strong><em>toto</em></strong></span> <span class='ocrx_word' id='word_1_859' title='bbox 3225 4568 3355 4624; x_wconf 86' lang='lat' dir='ltr'><strong><em>orbe</em></strong></span> <span class='ocrx_word' id='word_1_860' title='bbox 3374 4569 3600 4626; x_wconf 81' lang='lat' dir='ltr'><strong><em>diversis</em></strong></span> 
     </span>
    </p>
   </div>
   <div class='ocr_carea' id='block_1_109' title="bbox 2011 4651 3593 4724">
    <p class='ocr_par' dir='ltr' id='par_1_109' title="bbox 2011 4651 3593 4724">
     <span class='ocr_line' id='line_1_109' title="bbox 2011 4651 3593 4724; baseline 0.007 -20"><span class='ocrx_word' id='word_1_861' title='bbox 2011 4651 2338 4719; x_wconf 87' lang='lat' dir='ltr'><strong><em>temporibus</em></strong></span> <span class='ocrx_word' id='word_1_862' title='bbox 2376 4651 2578 4706; x_wconf 85' lang='lat' dir='ltr'><strong><em>electos</em></strong></span> <span class='ocrx_word' id='word_1_863' title='bbox 2607 4652 2671 4706; x_wconf 93' lang='lat' dir='ltr'><strong><em>ad</em></strong></span> <span class='ocrx_word' id='word_1_864' title='bbox 2703 4668 2986 4709; x_wconf 91' lang='lat' dir='ltr'><strong><em>comnume</em></strong></span> <span class='ocrx_word' id='word_1_865' title='bbox 3025 4665 3080 4709; x_wconf 91' lang='lat' dir='ltr'><strong><em>et</em></strong></span> <span class='ocrx_word' id='word_1_866' title='bbox 3108 4655 3385 4724; x_wconf 76' lang='lat' dir='ltr'><strong><em>spiritualc</em></strong></span> <span class='ocrx_word' id='word_1_867' title='bbox 3409 4661 3593 4715; x_wconf 82' lang='lat' dir='ltr'><strong><em>convi-</em></strong></span> 
     </span>
    </p>
   </div>
   <div class='ocr_carea' id='block_1_110' title="bbox 2013 4741 3598 4821">
    <p class='ocr_par' dir='ltr' id='par_1_110' title="bbox 2013 4741 3598 4821">
     <span class='ocr_line' id='line_1_110' title="bbox 2013 4741 3598 4821; baseline 0.008 -28"><span class='ocrx_word' id='word_1_868' title='bbox 2013 4741 2152 4794; x_wconf 91' lang='lat' dir='ltr'><strong><em>vimu</em></strong></span> <span class='ocrx_word' id='word_1_869' title='bbox 2170 4741 2424 4802; x_wconf 86' lang='lat' dir='ltr'><strong><em>invitavit,</em></strong></span> <span class='ocrx_word' id='word_1_870' title='bbox 2445 4743 2593 4811; x_wconf 87' lang='lat' dir='ltr'><strong><em>jubet</em></strong></span> <span class='ocrx_word' id='word_1_871' title='bbox 2611 4758 2706 4798; x_wconf 85' lang='lat' dir='ltr'><strong><em>eos</em></strong></span> <span class='ocrx_word' id='word_1_872' title='bbox 2721 4745 2806 4813; x_wconf 87' lang='lat' dir='ltr'><strong><em>qui</em></strong></span> <span class='ocrx_word' id='word_1_873' title='bbox 2826 4745 3028 4814; x_wconf 83' lang='lat' dir='ltr'><strong><em>priores</em></strong></span> <span class='ocrx_word' id='word_1_874' title='bbox 3049 4747 3271 4810; x_wconf 72' lang='lat' dir='ltr'><strong><em>in-ruut,</em></strong></span> <span class='ocrx_word' id='word_1_875' title='bbox 3286 4761 3598 4821; x_wconf 73' lang='lat' dir='ltr'><strong><em>chpcctare</em></strong></span> 
     </span>
    </p>
   </div>
   <div class='ocr_carea' id='block_1_111' title="bbox 2013 4833 3603 4908">
    <p class='ocr_par' dir='ltr' id='par_1_111' title="bbox 2013 4833 3603 4908">
     <span class='ocr_line' id='line_1_111' title="bbox 2013 4833 3603 4908; baseline 0.006 -22"><span class='ocrx_word' id='word_1_876' title='bbox 2013 4846 2108 4886; x_wconf 86' lang='lat' dir='ltr'><strong><em>eos</em></strong></span> <span class='ocrx_word' id='word_1_877' title='bbox 2132 4833 2219 4902; x_wconf 92' lang='lat' dir='ltr'><strong><em>qui</em></strong></span> <span class='ocrx_word' id='word_1_878' title='bbox 2253 4833 2576 4901; x_wconf 89' lang='lat' dir='ltr'><strong><em>posteriores</em></strong></span> <span class='ocrx_word' id='word_1_879' title='bbox 2601 4843 2725 4889; x_wconf 90' lang='lat' dir='ltr'><strong><em>sunt</em></strong></span> <span class='ocrx_word' id='word_1_880' title='bbox 2752 4836 2989 4901; x_wconf 82' lang='lat' dir='ltr'><strong><em>venturi,</em></strong></span> <span class='ocrx_word' id='word_1_881' title='bbox 3021 4846 3079 4891; x_wconf 91' lang='lat' dir='ltr'><strong><em>ut</em></strong></span> <span class='ocrx_word' id='word_1_882' title='bbox 3121 4837 3222 4893; x_wconf 91' lang='lat' dir='ltr'><strong><em>hoc</em></strong></span> <span class='ocrx_word' id='word_1_883' title='bbox 3251 4851 3402 4908; x_wconf 81' lang='lat' dir='ltr'><strong><em>pacto</em></strong></span> <span class='ocrx_word' id='word_1_884' title='bbox 3427 4845 3603 4896; x_wconf 84' lang='lat' dir='ltr'><strong><em>omni-</em></strong></span> 
     </span>
    </p>
   </div>
   <div class='ocr_carea' id='block_1_112' title="bbox 2015 4923 3605 5004">
    <p class='ocr_par' dir='ltr' id='par_1_112' title="bbox 2015 4923 3605 5004">
     <span class='ocr_line' id='line_1_112' title="bbox 2015 4923 3605 5004; baseline 0.008 -27"><span class='ocrx_word' id='word_1_885' title='bbox 2015 4923 2113 4978; x_wconf 87' lang='lat' dir='ltr'><strong><em>bus</em></strong></span> <span class='ocrx_word' id='word_1_886' title='bbox 2139 4940 2238 4978; x_wconf 90' lang='lat' dir='ltr'><strong><em>una</em></strong></span> <span class='ocrx_word' id='word_1_887' title='bbox 2282 4926 2654 4995; x_wconf 75' lang='lat' dir='ltr'><strong><em>przcseuttbus,</em></strong></span> <span class='ocrx_word' id='word_1_888' title='bbox 2691 4943 2831 4983; x_wconf 86' lang='lat' dir='ltr'><strong><em>unus</em></strong></span> <span class='ocrx_word' id='word_1_889' title='bbox 2856 4929 3102 4985; x_wconf 89' lang='lat' dir='ltr'><strong><em>omnibus</em></strong></span> <span class='ocrx_word' id='word_1_890' title='bbox 3131 4933 3402 5004; x_wconf 85' lang='lat' dir='ltr'><strong><em>contingat</em></strong></span> <span class='ocrx_word' id='word_1_891' title='bbox 3431 4935 3605 4990; x_wconf 79' lang='lat' dir='ltr'><strong><em>honor</em></strong></span> 
     </span>
    </p>
   </div>
   <div class='ocr_carea' id='block_1_113' title="bbox 2013 5016 2486 5085">
    <p class='ocr_par' dir='ltr' id='par_1_113' title="bbox 2013 5016 2486 5085">
     <span class='ocr_line' id='line_1_113' title="bbox 2013 5016 2486 5085; baseline 0.002 -16"><span class='ocrx_word' id='word_1_892' title='bbox 2013 5025 2066 5069; x_wconf 89' lang='lat' dir='ltr'><strong><em>et</em></strong></span> <span class='ocrx_word' id='word_1_893' title='bbox 2095 5029 2198 5070; x_wconf 88' lang='lat' dir='ltr'><strong><em>una</em></strong></span> <span class='ocrx_word' id='word_1_894' title='bbox 2226 5016 2486 5085; x_wconf 82' lang='lat' dir='ltr'><strong><em>voluptas.</em></strong></span> 
     </span>
    </p>
   </div>
   <div class='ocr_carea' id='block_1_114' title="bbox 2091 5107 3604 5179">
    <p class='ocr_par' dir='ltr' id='par_1_114' title="bbox 2091 5107 3604 5179">
     <span class='ocr_line' id='line_1_114' title="bbox 2091 5107 3604 5179; baseline 0.007 -19"><span class='ocrx_word' id='word_1_895' title='bbox 2091 5108 2156 5163; x_wconf 86' lang='lat' dir='ltr'><strong><em>l0</em></strong></span> <span class='ocrx_word' id='word_1_896' title='bbox 2198 5107 2383 5178; x_wconf 81' lang='lat' dir='ltr'><strong><em>Cogita</em></strong></span> <span class='ocrx_word' id='word_1_897' title='bbox 2403 5110 2544 5163; x_wconf 93' lang='lat' dir='ltr'><strong><em>enim</em></strong></span> <span class='ocrx_word' id='word_1_898' title='bbox 2566 5123 2761 5179; x_wconf 83' lang='lat' dir='ltr'><strong><em>quanta</em></strong></span> <span class='ocrx_word' id='word_1_899' title='bbox 2783 5110 2844 5164; x_wconf 86' lang='lat' dir='ltr'><strong><em>sit</em></strong></span> <span class='ocrx_word' id='word_1_900' title='bbox 2871 5109 3087 5166; x_wconf 88' lang='lat' dir='ltr'><strong><em>honoris</em></strong></span> <span class='ocrx_word' id='word_1_901' title='bbox 3105 5113 3362 5179; x_wconf 69' lang='lat' dir='ltr'><strong><em>accessio,</em></strong></span> <span class='ocrx_word' id='word_1_902' title='bbox 3384 5115 3604 5171; x_wconf 84' lang='lat' dir='ltr'><strong><em>Paulum</em></strong></span> 
     </span>
    </p>
   </div>
   <div class='ocr_carea' id='block_1_115' title="bbox 2016 5198 3606 5276">
    <p class='ocr_par' dir='ltr' id='par_1_115' title="bbox 2016 5198 3606 5276">
     <span class='ocr_line' id='line_1_115' title="bbox 2016 5198 3606 5276; baseline 0.004 -23"><span class='ocrx_word' id='word_1_903' title='bbox 2016 5209 2070 5253; x_wconf 91' lang='lat' dir='ltr'><strong><em>ct</em></strong></span> <span class='ocrx_word' id='word_1_904' title='bbox 2098 5198 2179 5252; x_wconf 64' lang='lat' dir='ltr'><strong><em>sui</em></strong></span> <span class='ocrx_word' id='word_1_905' title='bbox 2211 5201 2464 5269; x_wconf 88' lang='lat' dir='ltr'><strong><em>temporis</em></strong></span> <span class='ocrx_word' id='word_1_906' title='bbox 2485 5199 2747 5268; x_wconf 69' lang='lat' dir='ltr'><strong><em>homines,</em></strong></span> <span class='ocrx_word' id='word_1_907' title='bbox 2776 5203 3130 5259; x_wconf 79' lang='lat' dir='ltr'><strong><em>Abrahamum</em></strong></span> <span class='ocrx_word' id='word_1_908' title='bbox 3157 5205 3282 5261; x_wconf 89' lang='lat' dir='ltr'><strong><em>item</em></strong></span> <span class='ocrx_word' id='word_1_909' title='bbox 3305 5215 3463 5276; x_wconf 85' lang='lat' dir='ltr'><strong><em>atque</em></strong></span> <span class='ocrx_word' id='word_1_910' title='bbox 3487 5209 3606 5276; x_wconf 88' lang='lat' dir='ltr'><strong><em>ejus</em></strong></span> 
     </span>
    </p>
   </div>
   <div class='ocr_carea' id='block_1_116' title="bbox 2019 5289 3602 5363">
    <p class='ocr_par' dir='ltr' id='par_1_116' title="bbox 2019 5289 3602 5363">
     <span class='ocr_line' id='line_1_116' title="bbox 2019 5289 3602 5363; baseline 0.008 -23"><span class='ocrx_word' id='word_1_911' title='bbox 2019 5289 2188 5343; x_wconf 83' lang='lat' dir='ltr'><strong><em>a-tatis</em></strong></span> <span class='ocrx_word' id='word_1_912' title='bbox 2220 5291 2402 5358; x_wconf 86' lang='lat' dir='ltr'><strong><em>viros,</em></strong></span> <span class='ocrx_word' id='word_1_913' title='bbox 2447 5305 2510 5346; x_wconf 90' lang='lat' dir='ltr'><strong><em>ac</em></strong></span> <span class='ocrx_word' id='word_1_914' title='bbox 2547 5307 2758 5346; x_wconf 89' lang='lat' dir='ltr'><strong><em>rursum</em></strong></span> <span class='ocrx_word' id='word_1_915' title='bbox 2789 5293 2924 5348; x_wconf 84' lang='lat' dir='ltr'><strong><em>alios</em></strong></span> <span class='ocrx_word' id='word_1_916' title='bbox 2967 5293 3057 5363; x_wconf 88' lang='lat' dir='ltr'><strong><em>qui</em></strong></span> <span class='ocrx_word' id='word_1_917' title='bbox 3100 5303 3175 5349; x_wconf 91' lang='lat' dir='ltr'><strong><em>tot</em></strong></span> <span class='ocrx_word' id='word_1_918' title='bbox 3221 5297 3434 5351; x_wconf 77' lang='lat' dir='ltr'><strong><em>szecnlis</em></strong></span> <span class='ocrx_word' id='word_1_919' title='bbox 3479 5307 3602 5353; x_wconf 84' lang='lat' dir='ltr'><strong><em>ante</em></strong></span> 
     </span>
    </p>
   </div>
   <div class='ocr_carea' id='block_1_117' title="bbox 2021 5383 3603 5458">
    <p class='ocr_par' dir='ltr' id='par_1_117' title="bbox 2021 5383 3603 5458">
     <span class='ocr_line' id='line_1_117' title="bbox 2021 5383 3603 5458; baseline 0.006 -23"><span class='ocrx_word' id='word_1_920' title='bbox 2021 5383 2164 5436; x_wconf 90' lang='lat' dir='ltr'><strong><em>illum</em></strong></span> <span class='ocrx_word' id='word_1_921' title='bbox 2192 5393 2527 5439; x_wconf 74' lang='lat' dir='ltr'><strong><em>ccrzaverunt</em></strong></span> <span class='ocrx_word' id='word_1_922' title='bbox 2554 5394 2603 5439; x_wconf 92' lang='lat' dir='ltr'><strong><em>et</em></strong></span> <span class='ocrx_word' id='word_1_923' title='bbox 2629 5386 2886 5450; x_wconf 87' lang='lat' dir='ltr'><strong><em>vicerunt,</em></strong></span> <span class='ocrx_word' id='word_1_924' title='bbox 2917 5385 3104 5440; x_wconf 85' lang='lat' dir='ltr'><strong><em>sedere</em></strong></span> <span class='ocrx_word' id='word_1_925' title='bbox 3126 5403 3264 5440; x_wconf 90' lang='lat' dir='ltr'><strong><em>nunc</em></strong></span> <span class='ocrx_word' id='word_1_926' title='bbox 3288 5399 3603 5458; x_wconf 79' lang='lat' dir='ltr'><strong><em>exspectan-</em></strong></span> 
     </span>
    </p>
   </div>
   <div class='ocr_carea' id='block_1_118' title="bbox 2022 5475 3608 5546">
    <p class='ocr_par' dir='ltr' id='par_1_118' title="bbox 2022 5475 3608 5546">
     <span class='ocr_line' id='line_1_118' title="bbox 2022 5475 3608 5546; baseline 0.005 -19"><span class='ocrx_word' id='word_1_927' title='bbox 2022 5483 2100 5527; x_wconf 81' lang='lat' dir='ltr'><strong><em>tos</em></strong></span> <span class='ocrx_word' id='word_1_928' title='bbox 2121 5475 2289 5530; x_wconf 88' lang='lat' dir='ltr'><strong><em>donec</em></strong></span> <span class='ocrx_word' id='word_1_929' title='bbox 2309 5492 2407 5531; x_wconf 91' lang='lat' dir='ltr'><strong><em>nos</em></strong></span> <span class='ocrx_word' id='word_1_930' title='bbox 2424 5492 2634 5546; x_wconf 73' lang='lat' dir='ltr'><strong><em>quoque</em></strong></span> <span class='ocrx_word' id='word_1_931' title='bbox 2655 5477 2860 5546; x_wconf 72' lang='lat' dir='ltr'><strong><em>probati</em></strong></span> <span class='ocrx_word' id='word_1_932' title='bbox 2881 5477 3068 5535; x_wconf 70' lang='lat' dir='ltr'><strong><em>siums.</em></strong></span> <span class='ocrx_word' id='word_1_933' title='bbox 3089 5477 3237 5545; x_wconf 87' lang='lat' dir='ltr'><strong><em>Quod</em></strong></span> <span class='ocrx_word' id='word_1_934' title='bbox 3257 5478 3399 5534; x_wconf 84' lang='lat' dir='ltr'><strong><em>enim</em></strong></span> <span class='ocrx_word' id='word_1_935' title='bbox 3415 5479 3608 5535; x_wconf 80' lang='lat' dir='ltr'><strong><em>Paulus</em></strong></span> 
     </span>
    </p>
   </div>
   <div class='ocr_carea' id='block_1_119' title="bbox 2023 5567 3606 5642">
    <p class='ocr_par' dir='ltr' id='par_1_119' title="bbox 2023 5567 3606 5642">
     <span class='ocr_line' id='line_1_119' title="bbox 2023 5567 3606 5642; baseline 0.006 -24"><span class='ocrx_word' id='word_1_936' title='bbox 2023 5567 2256 5622; x_wconf 83' lang='lat' dir='ltr'><strong><em>nomium</em></strong></span> <span class='ocrx_word' id='word_1_937' title='bbox 2283 5582 2536 5621; x_wconf 89' lang='lat' dir='ltr'><strong><em>coronam</em></strong></span> <span class='ocrx_word' id='word_1_938' title='bbox 2581 5569 2837 5637; x_wconf 89' lang='lat' dir='ltr'><strong><em>receperit</em></strong></span> <span class='ocrx_word' id='word_1_939' title='bbox 2866 5609 2879 5628; x_wconf 85' lang='lat'><strong><em>,</em></strong></span> <span class='ocrx_word' id='word_1_940' title='bbox 2915 5582 3087 5637; x_wconf 83' lang='lat' dir='ltr'><strong><em>neque</em></strong></span> <span class='ocrx_word' id='word_1_941' title='bbox 3114 5583 3297 5623; x_wconf 90' lang='lat' dir='ltr'><strong><em>eorum</em></strong></span> <span class='ocrx_word' id='word_1_942' title='bbox 3327 5573 3606 5642; x_wconf 88' lang='lat' dir='ltr'><strong><em>quisquam</em></strong></span> 
     </span>
    </p>
   </div>
   <div class='ocr_carea' id='block_1_120' title="bbox 2022 5658 3607 5728">
    <p class='ocr_par' dir='ltr' id='par_1_120' title="bbox 2022 5658 3607 5728">
     <span class='ocr_line' id='line_1_120' title="bbox 2022 5658 3607 5728; baseline 0.006 -19"><span class='ocrx_word' id='word_1_943' title='bbox 2022 5659 2111 5728; x_wconf 92' lang='lat' dir='ltr'><strong><em>qui</em></strong></span> <span class='ocrx_word' id='word_1_944' title='bbox 2144 5674 2372 5728; x_wconf 88' lang='lat' dir='ltr'><strong><em>unquam</em></strong></span> <span class='ocrx_word' id='word_1_945' title='bbox 2403 5658 2472 5713; x_wconf 89' lang='lat' dir='ltr'><strong><em>ab</em></strong></span> <span class='ocrx_word' id='word_1_946' title='bbox 2503 5659 2654 5712; x_wconf 87' lang='lat' dir='ltr'><strong><em>initio</em></strong></span> <span class='ocrx_word' id='word_1_947' title='bbox 2684 5659 2792 5712; x_wconf 90' lang='lat' dir='ltr'><strong><em>Deo</em></strong></span> <span class='ocrx_word' id='word_1_948' title='bbox 2823 5659 3164 5727; x_wconf 88' lang='lat' dir='ltr'><strong><em>placuerunt,</em></strong></span> <span class='ocrx_word' id='word_1_949' title='bbox 3208 5660 3314 5714; x_wconf 91' lang='lat' dir='ltr'><strong><em>imo</em></strong></span> <span class='ocrx_word' id='word_1_950' title='bbox 3347 5677 3412 5716; x_wconf 89' lang='lat' dir='ltr'><strong><em>ne</em></strong></span> <span class='ocrx_word' id='word_1_951' title='bbox 3453 5679 3607 5717; x_wconf 79' lang='lat' dir='ltr'><strong><em>rece-</em></strong></span> 
     </span>
    </p>
   </div>
   <div class='ocr_carea' id='block_1_121' title="bbox 2027 5751 3616 5822">
    <p class='ocr_par' dir='ltr' id='par_1_121' title="bbox 2027 5751 3616 5822">
     <span class='ocr_line' id='line_1_121' title="bbox 2027 5751 3616 5822; baseline -0.001 -17"><span class='ocrx_word' id='word_1_952' title='bbox 2027 5753 2162 5822; x_wconf 88' lang='lat' dir='ltr'><strong><em>pturi</em></strong></span> <span class='ocrx_word' id='word_1_953' title='bbox 2194 5751 2408 5821; x_wconf 83' lang='lat' dir='ltr'><strong><em>quidem</em></strong></span> <span class='ocrx_word' id='word_1_954' title='bbox 2440 5751 2548 5806; x_wconf 88' lang='lat' dir='ltr'><strong><em>sint</em></strong></span> <span class='ocrx_word' id='word_1_955' title='bbox 2589 5752 2758 5805; x_wconf 84' lang='lat' dir='ltr'><strong><em>donec</em></strong></span> <span class='ocrx_word' id='word_1_956' title='bbox 2789 5765 2977 5805; x_wconf 81' lang='lat' dir='ltr'><strong><em>outnes</em></strong></span> <span class='ocrx_word' id='word_1_957' title='bbox 3017 5752 3103 5821; x_wconf 91' lang='lat' dir='ltr'><strong><em>qui</em></strong></span> <span class='ocrx_word' id='word_1_958' title='bbox 3157 5755 3447 5810; x_wconf 88' lang='lat' dir='ltr'><strong><em>coronandi</em></strong></span> <span class='ocrx_word' id='word_1_959' title='bbox 3487 5757 3616 5806; x_wconf 81' lang='lat' dir='ltr'><strong><em>sunt</em></strong></span> 
     </span>
    </p>
   </div>
  </div>
