4082 6212
459 312 567 366 29a

460 422 809 479 conveuetiut
837 463 854 486 ,
901 419 1022 474 audi
1056 419 1226 485 ipsum
1266 413 1488 468 Paulum
1515 410 1779 465 dicentem
1812 427 1825 462 :
1857 405 2054 461 Bonum

392 559 397 563 .
464 526 718 570 certamen
758 513 940 567 certavi
965 554 982 578 ,
1013 518 1212 564 rursum
1236 505 1576 561 consummavi
1594 547 1608 565 ,
1638 503 1787 573 ﬁdem
1811 504 2001 556 servavi
2034 517 2055 556 :

466 607 519 659 in
550 608 743 674 reliquo
773 603 993 671 reposita
1018 610 1091 654 est
1125 599 1251 652 mihi
1273 614 1459 651 corona
1477 596 1722 666 justitite,
1766 610 1920 666 quam
1940 593 2056 647 red-

464 703 545 749 det
576 696 697 749 mihi
719 697 889 767 justus
906 693 1075 763 ﬁtch
1102 690 1194 763 (Ξ.
1236 688 1370 743 Tim.
1402 690 1454 744 4.
1488 689 1541 743 7.
1573 685 1668 760 8
1697 685 1964 753 Quando?
1994 684 2056 739 1η

464 787 554 840 illa
581 785 683 849 die,
714 800 815 838 non
845 785 1011 836 solum
1034 793 1200 835 autem
1228 780 1371 846 mihi,
1403 779 1491 833 sed
1511 789 1560 832 et
1585 776 1815 831 omnibus
1856 776 1944 846 qui
1972 776 2053 829 di-

463 886 629 953 ligant
651 876 922 930 adventum
959 876 1087 945 ejus.
1116 874 1182 927 Et
1226 888 1436 926 rursum
1466 870 1592 923 alibi
1638 869 1875 922 iudicans
1917 866 2054 920 bona

466 970 552 1023 illa
591 970 860 1024 universis
905 967 1064 1021 simul
1104 965 1172 1021 ad
1216 963 1499 1020 fruendum
1532 961 1871 1017 concedenda
1900 975 2055 1026 esse,

461 1058 1028 1115 Thessalonicensibus
1060 1058 1140 1112 sic
1176 1055 1362 1110 scribit
1391 1072 1405 1108 :
1434 1054 1696 1121 Siquidem
1734 1053 1929 1125 justum
1987 1060 2059 1106 es!

463 1150 602 1219 apud
622 1150 786 1203 Deum
813 1158 868 1202 ut
898 1147 1139 1201 reddatur
1170 1144 1497 1217 aﬂligeutibus
1535 1159 1621 1197 vos
1660 1142 1859 1213 afﬂictio
1883 1184 1896 1206 ,
1921 1141 2059 1195 vobis

466 1249 631 1292 autem
648 1240 734 1308 qui
774 1238 1053 1309 aﬂligimini
1085 1237 1332 1290 relaxatio
1358 1252 1457 1289 uno
1478 1234 1731 1288 nobiscum
1760 1232 1831 1303 (Ξ
1884 1231 2056 1286 Tltcss.

476 1334 520 1384 I.
549 1332 601 1385 6.
633 1332 663 1384 7
685 1331 723 1399 ).
757 1332 833 1385 Ac
864 1344 1075 1384 rursum
1110 1346 1123 1381 :
1155 1328 1408 1395 Quoniam
1449 1342 1540 1380 nos
1565 1325 1650 1395 qui
1693 1326 1934 1388 vicimus,
1968 1323 2054 1394 qui

468 1422 794 1492 relinquimur
818 1422 870 1474 in
890 1421 1159 1474 adventum
1184 1418 1408 1481 Domini,
1437 1434 1538 1471 non
1575 1417 1934 1487 prazveniemtts
1976 1431 2061 1469 eos

464 1512 548 1580 qui
594 1512 903 1564 dormierunt
949 1508 1042 1582 (Ι.
1090 1507 1271 1562 Thess.
1307 1508 1361 1562 4.
1409 1507 1556 1576 M):
1591 1523 1685 1575 per
1727 1506 1844 1561 lucc
1872 1506 2059 1559 omnia

464 1606 662 1659 docens
692 1612 941 1673 oportere
967 1614 1063 1657 nos
1086 1600 1246 1655 simul
1274 1614 1463 1656 omnes
1489 1608 1541 1655 et
1568 1599 1620 1652 iu
1649 1612 1931 1653 commune
1959 1612 2063 1651 cce-

468 1696 612 1749 Iestis
642 1694 857 1749 honoris
885 1693 1281 1763 possessionem
1308 1706 1375 1745 ac
1403 1690 1632 1746 fructum
1654 1691 1917 1759 accipere.
1952 1688 2063 1742 lloc

470 1789 643 1855 ipsum
663 1786 823 1839 etiam
857 1785 960 1837 illis
990 1783 1081 1852 qui
1106 1798 1203 1835 nos
1227 1790 1620 1852 praecesserunt
1643 1795 1885 1851 magnam
1910 1778 2065 1833 all‘ert

478 1877 821 1945 voluptatem,
852 1873 991 1945 quod
1018 1889 1119 1928 una
1136 1888 1255 1927 cum
1275 1873 1508 1945 propriis
1528 1858 1782 1926 membris
1802 1873 1908 1926 siut
1933 1871 2066 1925 inef-

475 1969 723 2023 fabilibus
754 1969 855 2021 illis
882 1966 1036 2021 benis
1053 1965 1380 2037 perfruituri.
1409 1964 1616 2019 Etenim
1648 1971 1798 2033 pater
1826 1976 2064 2017 mensam

469 2060 670 2115 habens
695 2058 1025 2127 Splendidam
1050 2071 1113 2110 ac
1138 2057 1411 2125 Opiparam
1433 2095 1449 2121 ,
1481 2064 1590 2108 tum
1620 2054 1834 2109 demum
1864 2053 2068 2123 majore

466 2169 585 2206 eum
618 2152 886 2220 voluptate
915 2166 977 2205 ea
1011 2148 1234 2213 fruetur,
1263 2148 1474 2219 quando
1503 2148 1654 2203 liberi
1681 2160 1805 2203 sunt
1826 2147 1941 2217 ejus
1969 2162 2067 2203 v0-

472 2245 687 2315 lnptatis
732 2259 794 2297 ac
843 2243 1126 2297 hilaritatis
1177 2242 1482 2312 participes.
1535 2242 1624 2297 Sic
1667 2241 1825 2296 etiam
1873 2241 2069 2297 Paulus

469 2339 693 2407 ejusque
718 2337 919 2391 similes
950 2337 1018 2390 ita
1044 2336 1259 2390 demum
1290 2335 1609 2404 ampliorem
1642 2336 1875 2389 sentient
1899 2334 2063 2388 animi

472 2432 799 2500 voluptatem
828 2473 843 2497 ,
876 2429 1090 2501 quando
1121 2445 1221 2483 uua
1261 2443 1382 2484 cum
1422 2429 1650 2499 propriis
1681 2428 1937 2484 membris
1981 2428 2068 2481 iila

469 2526 823 2593 perfruentur.
855 2522 1037 2593 Neque
1062 2523 1206 2577 enim
1240 2522 1474 2590 patribus
1512 2530 1688 2576 tantus
1728 2530 1812 2576 est
1837 2537 1961 2588 erga
2000 2521 2066 2574 li-

475 2619 631 2669 beros
659 2616 879 2669 allectus
899 2656 914 2680 ,
945 2623 1196 2683 quantam
1235 2613 1310 2667 illi
1355 2613 1766 2668 sollicitudinem
1789 2622 1981 2682 gerunt
2005 2613 2072 2667 de

469 2707 547 2761 eis
581 2705 671 2777 qui
709 2704 950 2760 eamdem
998 2704 1204 2758 virtutis
1230 2704 1367 2758 viam
1394 2710 1519 2758 sunt
1548 2703 1790 2773 ingressi.
1823 2701 1894 2758 Ut
1916 2703 2073 2773 igitur

472 2798 633 2851 etiam
666 2810 764 2849 nos
794 2795 847 2849 in
888 2810 1078 2849 eorum
1109 2794 1195 2864 qui
1242 2804 1367 2848 tunc
1406 2793 1809 2848 houorabuntur
1847 2808 2071 2848 numero

472 2888 673 2951 simus,
703 2886 892 2940 demus
934 2900 1149 2954 operam
1189 2893 1243 2938 ut
1287 2894 1503 2939 sanctos
1540 2884 1659 2939 illos
1703 2899 2068 2955 assequamur.

473 2983 541 3037 Et
568 2982 835 3053 quomodo
874 2982 1087 3053 assequi
1114 2982 1409 3051 poterimus
1433 3024 1448 3047 ,
1479 2981 1728 3052 inquies?
1753 2982 1874 3052 quis
1918 2980 2073 3036 nobis

472 3077 611 3131 viam
632 3118 647 3139 ,
675 3092 793 3148 qua:
833 3075 899 3131 ad
931 3075 1052 3133 illos
1081 3075 1259 3139 ducit,
1291 3074 1584 3129 indicabit?
1616 3074 1731 3145 lpse
1763 3083 2069 3129 sanctorum

473 3170 683 3224 illorum
715 3168 988 3232 Dominus,
1022 3166 1114 3237 qtti
1137 3182 1242 3220 non
1268 3166 1441 3220 solum
1474 3164 1743 3235 quomodo
1771 3164 1890 3219 illos
1914 3179 2069 3219 asse-

471 3276 696 3331 quamur
721 3259 895 3324 docet,
928 3258 1278 3312 verumctiam
1306 3256 1575 3326 quomodo
1602 3256 1812 3310 illorum
1835 3248 2072 3309 omnium

471 3352 879 3407 contubernales
917 3366 981 3405 ac
1022 3350 1235 3405 sodales
1280 3350 1391 3403 lieri
1440 3350 1706 3418 possimus
1736 3365 1750 3401 :
1780 3348 1856 3403 ait
1882 3347 2023 3403 enim
2058 3365 2072 3401 :

481 3442 656 3497 Facite
690 3443 830 3496 vobis
860 3442 1046 3495 amicos
1089 3442 1153 3493 de
1196 3438 1484 3494 mammona
1505 3441 1782 3510 iniquitatis
1810 3481 1826 3506 ,
1864 3449 1920 3493 ut
1958 3456 2074 3494 cum

476 3534 776 3606 defeceritis,
800 3534 1044 3602 recipiant
1069 3547 1155 3585 vos
1181 3533 1231 3584 in
1259 3542 1447 3584 trtcrna
1465 3548 1558 3584 sua
1576 3532 1899 3585 tabernaculo
1921 3530 2072 3600 (Luc.

482 3618 568 3671 16.
588 3617 665 3685 9).
687 3616 848 3669 Recte
867 3614 1018 3677 dixit,
1042 3613 1276 3666 Λῖιενηα.
1297 3612 1427 3667 Nam
1458 3613 1510 3667 in
1533 3613 1635 3668 hoc
1650 3614 1848 3669 saeculo
1867 3614 2074 3669 etiamsi

481 3706 813 3778 splendidam
842 3705 1059 3760 dommn
1091 3703 1305 3768 habeas,
1339 3704 1562 3759 omnino
1589 3713 1853 3760 vetustate
1877 3714 1961 3760 est
1987 3721 2077 3775 pe-

480 3802 644 3857 ritura
674 3817 688 3852 :
718 3800 824 3853 imo
872 3797 1021 3869 prius
1075 3812 1233 3867 quant
1283 3796 1372 3851 illa
1418 3807 1643 3867 pereat,
1677 3812 1823 3853 mors
1866 3796 2078 3853 irruens

480 3894 661 3963 ejiciet
691 3901 741 3948 te
773 3909 837 3946 ex
869 3891 1149 3961 magnilico
1191 3890 1297 3944 isto
1322 3889 1592 3946 domicilio
1624 3909 1636 3945 :
1668 3908 1771 3946 non
1804 3907 1927 3946 raro
1962 3894 2079 3960 qui-

480 3986 605 4041 dem
625 3986 707 4040 vel
738 3995 862 4040 ante
886 3984 1088 4039 obitum
1112 3982 1337 4037 infausta
1367 3984 1571 4054 negotia
1594 4025 1607 4048 ,
1635 3984 2076 4040 ealumniatorum

487 4083 715 4151 impetus
739 4096 804 4135 ac
834 4078 1036 4135 insidize
1061 4079 1303 4144 faciunt,
1336 4088 1392 4132 ttt
1417 4079 1539 4133 inde
1568 4078 1818 4147 cjiciaris.
1848 4080 1958 4134 Illic
1986 4096 2080 4133 au-

486 4182 592 4226 tem
624 4186 729 4225 nou
753 4180 834 4224 est
865 4171 1004 4239 quod
1050 4172 1155 4225 tale
1198 4170 1486 4240 quidquam
1513 4172 1746 4226 verearis
1780 4188 1792 4224 :
1826 4187 1932 4225 nun
1960 4186 2079 4226 cor-

486 4264 790 4334 ruptionem
819 4306 832 4327 ,
863 4279 964 4317 non
995 4274 1241 4329 tuortem,
1276 4280 1381 4318 non
1412 4265 1655 4329 ruinam,
1692 4280 1794 4317 non
1823 4264 2077 4318 damnum

481 4372 509 4410 a
528 4356 1017 4423 calumniatoribus,
1042 4373 1147 4411 mn
1160 4357 1299 4410 aliud
1317 4356 1623 4426 quidquam;
1644 4357 1734 4411 sed
1756 4356 2083 4411 immutabile

484 4458 537 4503 et
578 4450 877 4505 immortale
927 4458 1009 4504 est
1046 4449 1397 4504 domicilium.
1439 4449 1776 4517 QuaprOpter
1818 4458 2080 4503 aitet-num

484 4539 610 4595 illud
639 4540 940 4610 appellavit.
973 4539 1149 4594 Facite
1175 4540 1310 4594 vobis
1329 4541 1521 4593 amicos
1551 4581 1565 4607 ,
1596 4540 1767 4609 inquit
1791 4582 1805 4604 ,
1840 4539 1903 4593 de
1924 4556 2083 4594 mont-

485 4647 634 4683 mona
658 4630 958 4701 iniquitatis.

564 4723 652 4776 ll.
688 4720 1017 4793 Electuosyna
1041 4738 1105 4776 ex
1128 4723 1307 4788 rapina
1335 4722 1477 4788 doto,
1503 4739 1601 4777 non
1628 4733 1702 4777 est
1745 4724 2078 4796 elcemosyna.

498 4813 845 4884 Elcentosynw
870 4812 1066 4867 laudes.
1108 4813 1212 4869 Cur
1240 4831 1331 4885 pre
1352 4815 1544 4883 foribus
1570 4815 1870 4885 templorum
1892 4833 2083 4888 paupe-

493 4923 576 4961 res
600 4923 618 4970 ;
645 4908 809 4975 [antes
853 4912 968 4958 ante
1009 4907 1249 4961 oratorio.
1285 4935 1353 4948 -—-
1383 4905 1515 4960 \‘itle
1540 4914 1735 4975 quanta
1779 4908 1847 4961 sit
1875 4907 2082 4962 Domini

501 4996 820 5067 benignitas,
853 5005 1052 5066 quanta
1095 4998 1302 5051 bonitas
1346 5013 1408 5052 ac
1438 4999 1698 5067 mqui:as;
1732 5014 1904 5069 neque
1940 5000 2082 5054 enim

503 5099 704 5143 temere
724 5086 825 5141 hoc
852 5086 1091 5157 adjuuxit
1115 5104 1128 5140 :
1156 5087 1247 5142 scd
1276 5087 1523 5157 quoniam
1548 5089 1785 5159 plerique
1813 5090 2003 5145 divites
2018 5107 2082 5145 ex

500 5180 702 5248 rapinis
728 5194 790 5233 ac
822 5178 1006 5233 fraude
1047 5177 1258 5233 divitias
1284 5178 1385 5233 sibi
1416 5190 1877 5249 comparaverunt,
1928 5181 2081 5248 Male,

496 5270 687 5337 inquit,
719 5269 934 5333 factum,
963 5284 1064 5324 nec
1089 5268 1369 5339 Oportebat
1409 5280 1460 5324 te
1487 5270 1554 5323 ita
1584 5272 1834 5340 pecunias
1864 5272 2080 5343 collige-

496 5379 587 5427 re;
615 5372 982 5417 verumtamen
1008 5361 1433 5431 quandoquidem
1452 5361 1562 5431 jam
1584 5362 1864 5432 eollegisti,
1885 5362 1931 5416 dt
1955 5364 2085 5417 siste

498 5470 524 5504 a
554 5456 738 5522 rapina
782 5467 836 5508 et
877 5454 1080 5516 fraude.
1112 5465 1166 5509 et
1210 5463 1363 5509 utere
1408 5456 1627 5524 pecunia
1668 5455 1733 5508 ad
1779 5470 1861 5516 ea,
1894 5455 2087 5525 quibus

497 5559 628 5612 opus
671 5545 855 5601 habes.
886 5546 1000 5601 Non
1029 5546 1191 5616 jubeo
1239 5557 1288 5600 te
1331 5562 1449 5600 esse
1491 5562 1553 5600 ex
1595 5556 1748 5617 rapto
1788 5548 2089 5601 miscricor-

500 5633 645 5699 dcm,
690 5637 782 5690 sed
811 5652 840 5690 a
870 5636 1051 5691 fraude
1084 5646 1488 5706 temperantem,
1522 5636 1718 5691 divitiis
1748 5637 1812 5690 ad
1846 5637 2087 5708 benigni-

497 5727 661 5772 tatem
677 5721 1145 5795 eteleeutosyuam
1164 5728 1264 5784 uti.
1289 5728 1396 5783 Nisi
1426 5728 1565 5785 enim
1584 5743 1615 5782 a
1634 5730 1815 5799 rapina
1838 5728 2083 5795 desistas,

1136 304 1191 355 s.
1234 296 1510 355 JOANNlS
1547 288 2020 348 eunvsosrout
2063 285 2380 343 AllClllEP.
2422 284 2957 344 CONSTANTINOP.

3640 305 3742 363 που

2164 424 2231 463 ne
2261 408 2599 481 eleemosyna
2633 410 2846 478 quidem
2878 410 2979 465 erit
3012 429 3025 464 :
3059 410 3152 466 sed
3195 414 3402 469 etiamsi
3446 421 3749 474 innumeras

2163 501 2411 572 pecunias
2441 501 2536 556 des
2567 502 2618 556 in
2646 518 2833 557 manus
2858 494 3170 574 egenorum,
3200 523 3230 561 a
3277 506 3463 565 fraude
3488 519 3543 565 et
3569 516 3747 583 rapina

2163 594 2374 648 interim
2402 609 2506 648 non
2532 594 2827 661 abstinens,
2855 597 2905 649 iu
2929 595 3314 652 homicidarum
3339 616 3562 655 numero
3590 617 3622 657 ι
3644 603 3749 658 Deo

2161 685 2577 755 computaberis.
2600 686 2933 757 Quapropter
2957 697 3171 757 Oportet
3192 704 3223 743 a
3257 690 3446 745 fraude
3470 692 3748 757 absistere.

2162 792 2225 832 ac
2253 789 2362 831 tum
2393 776 2608 833 demum
2656 778 2707 832 in
2738 793 2937 848 egenos
2965 779 3363 837 misericordem
3394 798 3533 838 esse.
3565 784 3750 856 Magna

2163 869 2304 924 enim
2333 878 2414 923 est
2440 870 2796 941 elcemosyua:
2817 871 2914 932 vis.
2937 872 3004 925 de
3033 888 3136 942 qua
3165 873 3324 927 etiam
3357 876 3408 930 iu
3432 876 3608 946 priore
3626 893 3754 934 con-

2165 969 2326 1013 ventu
2354 959 2493 1029 apud
2539 976 2632 1014 vos
2678 961 3047 1026 disseruimus,
3080 979 3143 1018 ac
3173 981 3313 1019 nunc
3342 984 3553 1038 quoque
3578 969 3754 1026 disse-

2164 1065 2364 1104 remus.
2411 1049 2514 1104 Sed
2562 1066 2720 1105 nemo
2766 1066 2997 1107 vestrum
3044 1055 3113 1108 ita
3159 1056 3375 1126 cogitet,
3409 1058 3543 1113 hanc
3568 1060 3757 1116 admo-

2168 1141 2327 1194 nendi
2355 1141 2716 1197 assiduitatem
2746 1144 2810 1196 ad
2851 1144 3152 1199 auditorum
3197 1147 3417 1203 tendere
3456 1152 3752 1207 accusatio.

2168 1248 2312 1287 nem.
2362 1231 2493 1286 Nam
2559 1243 2613 1288 et
2665 1235 2717 1288 in
2770 1236 3152 1291 certaminibus
3201 1238 3272 1291 illi
3343 1241 3675 1309 potissimum
3720 1260 3753 1302 ι

2166 1326 2558 1395 spectatoribus
2603 1327 2919 1391 excitantur,
2947 1329 3037 1396 qui
3069 1329 3134 1383 ad
3166 1342 3360 1385 metam
3411 1334 3629 1403 propius
3667 1352 3755 1391 ae-

2167 1417 2385 1479 ceduut,
2416 1427 2469 1471 et
2495 1420 2776 1474 certiorem
2810 1420 3045 1474 victoriae
3073 1436 3221 1491 spem
3263 1421 3460 1479 habere
3491 1426 3751 1483 videntur.

2169 1509 2311 1577 Ergo
2340 1508 2461 1577 quia
2491 1524 2681 1578 magna
2710 1510 2982 1565 alacritate
3005 1511 3160 1565 video
3184 1528 3279 1567 Vos
3307 1513 3375 1569 de
3415 1515 3754 1590 eleemosyua

2168 1614 2471 1653 sermonem
2504 1600 2778 1668 excipere,
2808 1616 2874 1655 eo
2902 1602 3070 1672 magis
3101 1602 3228 1657 libet
3253 1604 3406 1658 istam
3430 1606 3757 1665 exhortatio-

2170 1707 2291 1745 nem
2335 1692 2669 1747 continuare.
2717 1692 2903 1747 Medici
2943 1695 3240 1749 auimarunt
3290 1708 3590 1753 nostrarum
3634 1712 3758 1757 sunt

2171 1799 2452 1853 pauperes,
2498 1784 2867 1840 benefactores
2903 1796 2958 1840 et
2994 1797 3328 1857 protectores
3360 1808 3372 1842 :
3407 1806 3577 1861 neque
3616 1795 3755 1849 enim

2172 1884 2375 1930 tantum
2417 1877 2532 1943 das,
2557 1888 2813 1947 quantum
2857 1878 3092 1949 accipis;
3123 1880 3219 1935 das
3250 1884 3547 1951 pecuniam,
3576 1894 3630 1940 et
3666 1900 3760 1940 ac-

2171 1967 2306 2036 cipis
2352 1982 2574 2037 regnum
2615 1969 2866 2022 cartorum
2897 1984 2911 2031 ;
2943 1969 3190 2025 sublevas
3233 1982 3544 2041 egestatem,
3581 1984 3634 2029 et
3677 1992 3761 2030 re-

2171 2056 2430 2111 coucilias
2462 2057 2554 2111 tibi
2600 2058 2905 2112 Dominum.
2935 2059 3096 2115 Vides
3137 2062 3393 2130 imparem
3439 2079 3557 2119 csse
3602 2067 3756 2120 retri-

2172 2149 2489 2204 butionem?
2538 2149 2661 2204 llzec
2710 2160 2835 2205 sunt
2885 2163 3134 2215 terrena,
3179 2154 3265 2207 illa
3323 2156 3592 2221 etclestia;
3646 2156 3762 2212 lucc

2175 2242 2433 2312 peritura,
2482 2242 2570 2295 illa
2620 2244 3018 2311 permanentia;
3051 2244 3163 2299 base
3207 2258 3639 2315 corrumpuntur,
3673 2249 3761 2304 illa

2174 2342 2299 2389 sunt
2328 2343 2477 2388 extra
2506 2335 2864 2403 corruptionis
2894 2318 3203 2403 periculum.
3232 2336 3343 2391 [lac
3369 2338 3436 2393 de
3461 2355 3618 2392 causa
3648 2356 3763 2393 ma-

2169 2424 2316 2494 jores
2346 2425 2513 2480 nostri
2546 2440 2641 2494 pro
2672 2426 2874 2480 foribus
2903 2426 3247 2482 ecclesiarqu
3279 2444 3536 2500 pauperes
3560 2433 3764 2486 consti-

2178 2527 2390 2577 tuerunt
2420 2559 2436 2585 ,
2493 2526 2549 2575 ut
2594 2519 2674 2572 vel
2722 2518 3223 2575 iuhumauissinmm
3284 2531 3338 2576 et
3390 2524 3764 2594 segnissimum

2175 2624 2444 2680 quemque
2491 2620 2739 2677 aspectus
2771 2610 2885 2679 ipse
2924 2626 3215 2681 egenorum
3259 2613 3328 2667 ad
3370 2614 3766 2689 eleemosynam

2177 2702 2391 2755 excitet.
2426 2702 2524 2757 Ubi
2571 2704 2713 2757 enim
2761 2712 2868 2757 stat
2916 2703 3114 2759 chorus
3155 2720 3342 2787 senum
3384 2707 3720 2763 incurvorum
3748 2751 3764 2774 ,

2180 2808 2572 2862 pauuosornm,
2620 2794 3023 2863 squalidorum,
3073 2796 3501 2862 sordidatorum,
3551 2800 3767 2855 baeulos

2180 2890 2496 2952 tenentium,
2544 2897 2704 2957 atque
2748 2887 2830 2940 his
2867 2904 3012 2957 :rgre
3055 2903 3113 2943 se
3158 2893 3591 2957 sustentandum,
3642 2909 3769 2947 non-

2180 2996 2468 3051 tmmquam
2514 2981 2682 3035 oculis
2728 2981 3060 3047 orbatorum,
3115 2992 3332 3052 mleque
3364 2998 3587 3052 corpore
3630 2986 3771 3041 male

2182 3072 2582 3139 mulctatornm,
2609 3074 2728 3142 quis
2761 3081 2868 3126 tam
2891 3087 3084 3128 saxeus
3105 3083 3205 3138 est,
3236 3074 3354 3143 quis
3380 3084 3484 3127 tam
3514 3075 3771 3129 adaman-

2183 3165 2346 3230 tiuus,
2378 3163 2471 3234 qui
2511 3163 2577 3218 ad
2610 3179 2794 3218 eorum
2838 3164 3295 3233 grandmvitatem,
3330 3164 3768 3233 imbecillitatem,

2178 3259 2494 3321 creeitatem,
2527 3266 2845 3326 egestatem,
2896 3255 3108 3311 habitus
3152 3256 3431 3320 vilitatem,
3462 3265 3643 3326 totque
3665 3257 3771 3312 alia

2180 3347 2244 3401 ad
2278 3347 2670 3403 condolendum
2712 3347 2999 3410 moventia,
3031 3346 3297 3402 obdurare
3339 3362 3397 3403 se
3423 3360 3476 3403 et
3507 3347 3769 3403 inﬂexibi-

2182 3438 2249 3493 lis
2275 3447 2437 3509 queat
2478 3437 2837 3508 permanere?
2863 3438 2976 3493 Hac
3015 3438 3083 3493 de
3111 3453 3271 3494 causa
3297 3453 3392 3508 pro
3441 3438 3645 3495 foribus
3669 3455 3740 3494 no
3761 3466 3773 3478 ο

2181 3534 2306 3585 stris
2333 3541 2496 3596 stant,
2537 3539 2593 3585 et
2620 3532 2736 3601 ipso
2762 3540 3004 3601 aspectu,
3034 3533 3202 3602 magis
3245 3548 3404 3602 quam
3435 3533 3555 3586 ullis
3596 3533 3774 3588 verbis

2183 3634 2424 3693 possunt,
2455 3621 2523 3675 ad
2568 3623 2970 3677 beneﬁcentiam
3009 3631 3300 3692 provocant
3345 3636 3439 3676 eos
3463 3622 3551 3692 qui
3597 3622 3774 3677 intro-

2184 3715 2518 3784 grediuutur.
2569 3714 3029 3780 Quemadmodum
3095 3715 3238 3769 enim
3300 3715 3541 3769 solemne
3588 3722 3672 3768 est
3717 3725 3774 3769 ut

2185 3807 2359 3863 fontes
2387 3817 2582 3878 priesto
2629 3808 2733 3862 sint
2759 3815 2883 3861 ante
2906 3806 3160 3873 oratoria,
3205 3816 3260 3861 ut
3290 3808 3559 3863 adoraturi
3605 3809 3769 3863 Deum

2185 3916 2373 3956 manus
2420 3902 2567 3971 prius
2616 3900 2750 3957 lotas
2800 3901 2939 3955 inter
2981 3900 3301 3969 precandum
3350 3901 3597 3955 attollant
3639 3919 3653 3955 :
3698 3900 3769 3954 ita

2186 4006 2452 4063 pauperes
2465 3979 2708 4046 Tontium
2753 3992 2869 4047 vice
2901 4003 3024 4047 ante
3055 3992 3198 4047 fores
3220 3992 3619 4047 collocaverunt
3657 4008 3768 4044 ma-

2183 4086 2330 4151 jores
2357 4083 2546 4148 nostri,
2573 4093 2627 4136 ut
2648 4083 3095 4151 quemadmodum
3125 4100 3311 4138 manus
3332 4083 3594 4137 abluimus
3611 4098 3769 4149 aqua,

2186 4176 2264 4229 sic
2294 4175 2440 4244 prius
2475 4190 2569 4243 per
2598 4173 3000 4229 beneﬁcentiam
3033 4175 3270 4230 abstersa
3315 4175 3508 4239 anima,
3540 4182 3650 4228 tum
3678 4176 3774 4229 de-

2189 4281 2333 4319 mum
2361 4279 2546 4334 preces
2576 4273 2787 4320 nostras
2815 4265 3126 4321 otferamus.

2260 4356 2347 4411 η.
2388 4355 2503 4410 Νυη
2546 4357 2687 4410 enim
2738 4365 2842 4411 tam
2891 4367 3012 4427 apta
3061 4366 3145 4411 est
3182 4372 3316 4427 aqua
3367 4356 3435 4411 ad
3481 4353 3775 4410 abluendas

2187 4447 2427 4517 corporis
2477 4448 2731 4511 maculas,
2781 4463 2942 4516 quam
2989 4448 3325 4519 eleemosyna
3366 4448 3434 4502 ad
3485 4445 3777 4502 abolendas

2189 4538 2377 4594 sordes
2401 4537 2612 4592 animm.
2646 4537 3104 4606 Quemadmodum
3137 4538 3296 4608 igitur
3327 4553 3429 4593 non
3459 4536 3624 4591 audes
3654 4536 3777 4590 illo-

2191 4630 2258 4684 tis
2287 4630 2531 4685 manibus
2559 4629 2625 4685 ad
2655 4630 2978 4700 precandum
3002 4630 3219 4692 intrare,
3242 4630 3482 4700 quamvis
3518 4628 3686 4684 levius
3708 4628 3777 4680 sit

2196 4723 2297 4778 hoc
2324 4723 2549 4787 crimen,
2582 4722 2653 4775 ita
2698 4736 2798 4777 nec
2839 4722 3041 4791 absque
3069 4712 3411 4793 eleemosyua
3454 4721 3520 4774 ad
3553 4734 3777 4790 precan—

2189 4816 2315 4871 dum
2346 4831 2597 4887 umquam
2637 4815 2880 4869 acced..s.
2927 4814 3085 4882 Atqui
3135 4830 3239 4867 non
3280 4828 3404 4867 raro
3448 4813 3612 4867 etiam
3655 4827 3780 4865 cum

2192 4923 2351 4978 puras
2378 4924 2564 4961 manus
2597 4906 2906 4969 habeamus,
2938 4919 3043 4958 non
3089 4904 3355 4958 tendimus
3389 4903 3455 4957 ad
3486 4904 3651 4957 Deum
3679 4901 3782 4955 nisi

2193 5001 2340 5069 prius
2372 4999 2505 5053 lotas
2536 5008 2783 5053 :.tautum
2817 4997 2955 5051 valet
2979 4994 3329 5051 COIlSItCllIdO.
3361 4994 3591 5064 ldipsum
3625 4993 3783 5063 igitur

2192 5089 2243 5143 in
2268 5090 2605 5160 elecmosyna
2646 5097 2729 5142 est
2758 5087 3054 5142 faciendum
3080 5104 3095 5153 ;
3124 5098 3178 5141 et
3205 5086 3330 5141 licet
3375 5086 3572 5140 nullius
3603 5086 3780 5154 magni

2193 5181 2393 5249 peccati
2435 5180 2587 5234 nobis
2614 5180 2781 5234 simus
2810 5180 3040 5245 conscii,
3072 5188 3247 5233 tamen
3289 5179 3630 5248 eleemosyna
3657 5177 3782 5230 data

2192 5274 2572 5328 conscientiam
2619 5282 2855 5326 nostram
2904 5272 3209 5341 abstergere
3247 5279 3477 5340 Oportet.
3526 5270 3685 5324 Multa
3732 5272 3784 5322 iu

2197 5365 2312 5419 faro
2350 5364 2441 5418 tibi
2481 5363 2793 5418 contraxisti
2825 5363 2964 5417 mala
2998 5379 3010 5416 :
3045 5362 3292 5417 inimicus
3332 5362 3577 5427 irritavit,
3618 5361 3782 5431 judcx

2193 5455 2388 5524 aliquid
2420 5470 2605 5524 parum
2634 5454 2889 5509 decorum
2921 5453 3095 5509 facere
3131 5454 3407 5523 compulit,
3440 5453 3601 5508 verba
3640 5466 3784 5521 sepe

2195 5546 2464 5601 eﬂ‘utivisti
2496 5563 2600 5601 non
2634 5546 2792 5612 bona,
2825 5561 2893 5600 ne
2920 5545 3147 5599 amicum
3177 5545 3479 5599 offenderes
3506 5555 3781 5616 peceatum

2196 5639 2409 5708 aliquod
2441 5638 2698 5693 admisisti
2731 5655 2743 5689 :
2773 5638 2904 5690 alias
2933 5652 3038 5691 non
3069 5652 3260 5706 paucas
3293 5636 3527 5691 maculas
3565 5648 3782 5690 eontra-

2203 5730 2341 5796 xisti,
2375 5740 2429 5786 ut
2473 5729 2646 5785 solent
2674 5728 2916 5784 homines
2946 5728 3033 5794 qui
3080 5729 3130 5784 in
3162 5727 3276 5784 foro
3304 5738 3605 5793 versantur,
3641 5722 3782 5793 judi-
