4082 6212
337 353 442 409 29f)

336 466 558 520 νοῦσθαι
610 467 892 537 μέλλοντες
933 465 1273 532 ἀφίκωνται,
1328 465 1557 517 ἄκουσον
1611 462 1773 516 αὑτοῦ
1821 460 1912 514 τοῦ

341 547 490 621 [288]
528 549 740 601 Παύλου
765 549 1012 616 λέγοντος
1036 563 1050 576 ⁶
1084 545 1406 616 Τὸν-ἀγῶνα
1423 547 1529 600 τὸν
1553 547 1747 600 καλὸν
1773 545 1918 614 ἠγὼο

337 649 564 702 νισμαι,
600 633 706 685 τὸν
727 632 948 699 δρόμον
972 631 1272 692 τετέλεκα,
1300 632 1415 697 τὴν
1439 631 1647 684 πίστιν
1671 631 1909 698 τετήρη-

337 732 445 770 καο
474 717 692 771 λοιπὸν
715 715 1023 770 ἀπόκειταί
1039 732 1141 784 μοι
1162 718 1195 766 (5
1217 713 1326 781 τῆς
1358 714 1750 781 δικαιοσύνης
1776 711 1913 766 στέ-

335 818 560 869 φανος,
592 802 665 854 ὃν
687 801 982 855 ἀποδώσει
1012 818 1112 869 μοι
1147 804 1180 854 ό
1219 799 1448 864 δίκαιος
1477 799 1699 866 κριτής.
1731 799 1866 851 Πότε
1897 815 1911 861 ;

346 886 453 938 Ἐν
483 886 682 953 ἐκείνῃ
728 885 800 953 τῇ
839 885 1063 952 ἡμέρῃο
1108 886 1178 938 οὐ
1209 885 1403 952 μόνον
1450 884 1517 936 δὲ
1553 885 1721 953 ἐμοὶ,
1755 881 1914 936 ἀλλὰ

334 967 434 1020 καὶ
463 968 613 1021 πᾶσι
646 968 769 1034 τοῖς
796 968 1140 1038 ἠγαπηκόσι
1169 967 1284 1035 τὴν
1314 966 1668 1035 ἐπιφάνειαν
1702 967 1909 1020 αὐτοῦ.

336 1051 443 1104 Καὶ
474 1051 634 1104 πάλιν
669 1051 906 1122 ἀλλαχοῦ
945 1052 1190 1114 δεικνὺς,
1223 1052 1304 1103 ὅτι
1337 1054 1489 1122 κοινῇ
1524 1052 1688 1103 πᾶσιν
1723 1053 1754 1120 ὴ
1805 1051 1912 1103 τῶν

334 1133 552 1200 ἀγαθῶν
578 1135 878 1198 ἀπόλαυσις
930 1135 1127 1194 δίδοται
1154 1175 1166 1192 .
1193 1134 1645 1191 Θεσσα).ονικεῦσι
1684 1135 1912 1205 γράφων

335 1216 518 1284 ἐλεγεν
537 1235 550 1247 ’
581 1219 766 1285 Εἴπερ
791 1218 1022 1270 δίκαιον
1045 1217 1204 1284 παρὰ
1253 1216 1374 1281 θεῷ
1405 1216 1734 1270 ἀποδοῦναι
1788 1216 1913 1282 τοῖς

336 1303 648 1354 θλίϐουσιν
676 1301 826 1369 ὑμᾶς
844 1303 1078 1368 θλίψιν,
1107 1301 1204 1353 καὶ
1234 1299 1373 1368 ὑμῖν
1396 1299 1518 1365 τοῖς
1544 1299 1912 1367 (λυσαμένοις

333 1383 546 1438 ἄνεσιν
578 1385 706 1453 μεθ’
739 1384 925 1452 ἡμῶν.
951 1384 1058 1437 Καὶ
1090 1383 1251 1436 πάλιν
1275 1400 1287 1412 ⁸
1316 1383 1445 1435 ’Ὁτι
1473 1382 1644 1450 ἡμεῖς
1687 1384 1739 1434 οί
1770 1380 1909 1441 ζῶν-

332 1484 451 1534 τες,
483 1471 536 1520 ol
563 1470 1036 1537 περιλειπόμενοι
1063 1470 1149 1532 εὶς
1170 1466 1285 1534 τὴν
1307 1466 1648 1533 παρουσίαν
1675 1466 1777 1518 τοῦ
1794 1469 1910 1518 Kv-

325 1552 484 1618 ρίου,
501 1553 572 1604 οὐ
592 1551 677 1618 μὴ
700 1551 1022 1620 φθάσωμεν
1041 1550 1182 1614 τοὺς
1209 1548 1598 1617 κοιμηθέντας
1615 1564 1628 1578 ·
1659 1547 1746 1601 διὰ
1775 1549 1911 1601 πάν-

333 1649 438 1686 των
470 1634 672 1687 τούτων
703 1634 898 1704 δηλῶν,
924 1635 1004 1686 ὅτι
1038 1636 1186 1703 κοινῇ
1217 1632 1423 1695 πάντας
1453 1632 1547 1684 καὶ
1572 1633 1704 1703 ὁμοῦ
1733 1650 1907 1702 παραο

331 1717 654 1784 γενομένους
675 1717 781 1769 τῶν
804 1716 1067 1786 οὐρανίων
1086 1715 1260 1785 τιμῶν
1279 1714 1569 1768 ἀπολαύειν
1591 1716 1720 1786 χρή.
1740 1715 1910 1768 Τοῦτο

331 1797 425 1850 καὶ
449 1801 560 1862 τοῖς
592 1799 827 1868 φθάσασι
850 1799 1048 1869 πολλὴν
1075 1801 1227 1870 φέρει
1254 1798 1352 1868 τὴν
1381 1798 1594 1867 ἡδονὴν,
1618 1799 1744 1851 ὅταν
1772 1799 1908 1867 μετὰ

329 1881 438 1931 τῶν
464 1882 677 1934 οἰκείων
709 1883 885 1951 μελῶν
915 1884 1021 1936 τῶν
1061 1883 1384 1954 ἀπορρήτων
1423 1882 1644 1933 ἐκείνων
1673 1880 1908 1933 ἀπολαύ-

333 1980 497 2016 σωσιν
527 1965 764 2032 ἀγαθῶν.
812 1967 919 2019 Καὶ
968 1965 1076 2037 γὰρ
1128 1965 1308 2035 πατὴρ
1337 1963 1614 2035 τραπέζης
1667 1963 1907 2033 μετέχων

327 2047 588 2117 λαμπρᾶς
616 2051 708 2102 καὶ
743 2050 1100 2112 πολυτελοῦς,
1129 2049 1248 2102 τότε
1289 2049 1425 2117 μετὰ
1469 2049 1712 2110 πλείονος
1737 2048 1909 2116 αὐτῆς

329 2131 696 2184 ἀπολαύσεται
721 2133 819 2202 τῆς
859 2134 1230 2204 εὐφροσύνης.
1261 2134 1387 2187 ὅταν
1421 2133 1560 2203 μετὰ
1601 2131 1707 2183 τῶν
1741 2131 1905 2183 αὑτοῦ

330 2213 557 2266 παιδίων
598 2216 799 2286 μετέχῃ
830 2217 929 2286 τῆς
956 2217 1187 2287 εὐωχίας
1227 2217 1320 2268 καλ⁴
1354 2215 1710 2287 εὐφροσύνης.
1750 2213 1906 2268 Οὕτω

328 2296 420 2346 καὶ
453 2295 663 2360 Παῦλος
714 2300 808 2350 καὶ
857 2301 904 2351 οἰ
951 2299 1070 2351 κατ’
1120 2300 1324 2350 ἐκεῖνον
1379 2298 1615 2360 ἅπαντες
1665 2297 1907 2367 μείζονος

326 2379 681 2447 αἰσθήσονται
716 2381 816 2449 τῆς
862 2381 1156 2452 θυμηδίας,
1189 2381 1318 2435 ὅταν
1359 2380 1497 2449 μετά
1533 2379 1642 2432 τῶν
1690 2381 1905 2432 οἰκείων

329 2462 507 2530 μελῶν
545 2463 696 2526 ὀντες
725 2464 1106 2518 ἀπολαύσωσιν
1137 2464 1328 2534 αὐτῆς.
1375 2465 1449 2518 Οὐ
1495 2464 1604 2535 γὰρ
1639 2464 1906 2532 τοσαύτην

327 2547 560 2618 πατέρες
618 2548 743 2617 περὶ
800 2548 995 2611 παῖδας
1052 2548 1447 2602 ἐπιδείκνυνται
1497 2547 1905 2618 φιλοστοργίαν,

323 2635 457 2700 ὅσην
484 2632 679 2683 ἐκεῖνοι
711 2631 836 2701 περί
860 2633 986 2694 τοὺς
1007 2631 1074 2684 τά
1107 2630 1244 2684 αύτά
1269 2631 1700 2702 κατωρθωκότας
1723 2632 1905 2694 αὐτοῖς

326 2714 503 2783 έχουσι
537 2713 882 2784 κηδεμονίαν.
908 2715 1004 2767 "lv‘
1036 2709 1127 2767 οῦν
1151 2715 1242 2767 καὶ
1265 2715 1424 2785 ἡμεῖς
1449 2713 1556 2767 τῶν
1575 2715 1696 2768 τότε
1728 2731 1904 2784 τιμω-

329 2799 506 2868 μένων
557 2797 843 2868 γενώμεθα
871 2841 884 2856 ,
949 2795 1338 2867 σπουδάζωμεν
1392 2797 1719 2854 καταλαϐεῖν
1778 2798 1906 2862 τοὺς

325 2881 514 2950 ἁγίους
549 2882 807 2944 ἐκείνους.
846 2883 954 2934 Καὶ
981 2882 1096 2944 πῶς
1124 2881 1485 2951 δυνησόμεθα,
1511 2883 1664 2952 φησί,
1707 2883 1904 2946 αὐτοὺς

325 2963 646 3016 καταλαϐεῖν
672 2981 684 3028 ;
721 2964 801 3028 τίς
827 2967 956 3034 ἡμῖν
983 2965 1145 3028 δείξει
1180 2964 1278 3033 τὴν
1304 2965 1420 3016 ἐκεῖ
1445 2964 1714 3033 φέρουσαν
1750 2965 1901 3027 ὀδόνς

323 3049 493 3111 Αὐτός
512 3050 540 3100 ό
569 3047 674 3100 τῶν
721 3050 894 3115 ἁγίων
943 3048 1162 3101 ἐκείνων
1193 3047 1468 3116 Δεσπότης
1492 3086 1508 3110 ,
1538 3047 1597 3110 ὃς
1626 3047 1723 3116 οὐχ
1755 3050 1905 3111 ὅπως

323 3133 520 3196 αὐτοὺς
544 3131 985 3201 καταληψὼμεθα
1011 3132 1169 3202 μόνον
1193 3132 1454 3195 διδάσκει,
1481 3131 1618 3183 ἀλλά
1642 3134 1734 3183 καὶ
1753 3133 1904 3196 ὅπως

321 3215 617 3284 ὁμωρόφιοι
671 3215 762 3266 καὶ
819 3213 1073 3285 σύσκηνοι
1132 3213 1418 3284 γενώμεθα
1464 3215 1630 3266 πᾶσιν
1682 3216 1899 3279 αὐτοῖς·

326 3297 622 3362 Ποιήσατε
655 3297 763 3368 γάρ
795 3297 937 3365 ὑμῖν
968 3298 1187 3366 φίλους
1219 3298 1287 3350 ἐκ
1319 3298 1424 3350 τοῦ
1457 3296 1750 3366 μαμμωνᾶ
1792 3297 1902 3364 τῆς

323 3381 557 3447 ἀδικίας
576 3422 589 3443 ,
616 3383 798 3452 φησὶν,
833 3381 908 3433 ἵν’
931 3381 1075 3435 ὅταν
1098 3382 1403 3449 ἐκλίπητε,
1426 3381 1712 3444 δέξωνται
1747 3381 1903 3452 ὑμᾶς

324 3465 406 3529 εἰς
448 3467 554 3530 τὰς
604 3465 880 3529 αἰωνίους
911 3462 1110 3517 αὐτῶν
1164 3463 1418 3532 σκηνάς.
1471 3464 1666 3527 Καλῶς
1727 3461 1900 3530 εἶπεν,

323 3547 601 3610 Λίωνίους.
650 3547 913 3600 Ἐνταῦθα
956 3549 1053 3619 μὲν
1087 3548 1197 3620 γὰρ
1229 3549 1334 3604 κᾶν
1359 3549 1620 3621 λαμπρὰν
1661 3549 1788 3620 ἔχῃς
1821 3553 1900 3603 οἰ-

324 3629 464 3691 κίαν,
497 3630 777 3683 ἀπολεῖται
811 3631 1026 3694 πάντως
1051 3632 1381 3705 φθειρομένη
1411 3632 1488 3701 τῷ
1519 3632 1695 3703 χρόνῳ
1716 3650 1728 3661 ·
1767 3633 1904 3703 μᾶλ-

321 3711 410 3762 λον
445 3711 501 3763 δέ
533 3714 626 3765 καὶ
658 3713 761 3784 πρὺ
787 3713 885 3782 τῆς
912 3713 1048 3766 κατά
1078 3715 1168 3766 τὸν
1192 3716 1382 3784 χρόνον
1409 3716 1643 3784 φθορᾶς,
1675 3716 1902 3778 θάνατος

323 3792 578 3861 ἐμπεσὼν
608 3794 860 3846 ἐκϐάλλει
884 3811 942 3846 σε
970 3794 1066 3863 τῆς
1098 3795 1357 3865 λαμπρᾶς
1382 3795 1586 3865 ταύτης
1616 3798 1900 3866 οἰκήσεως’

322 3876 579 3940 πολλάκις
609 3877 666 3930 δέ
692 3877 782 3930 καὶ
823 3877 928 3947 πρὸ
965 3880 1058 3930 τοῦ
1091 3877 1321 3931 θανάτου
1369 3879 1708 3948 πραγμάτων
1740 3880 1902 3932 τινῶν

322 3957 602 4013 δυσκολίαι
658 3961 753 4012 καὶ
810 3960 1162 4030 συκοφαντῶν
1225 3960 1406 4028 ἔφοδοι
1458 3963 1553 4012 καὶ
1613 3960 1902 4013 ἐπιϐουλαὶ

322 4045 572 4112 ἐκπεσεῖν
596 4045 762 4114 αὐτῆς
791 4043 1229 4117 παρεσκεύασαν.
1266 4043 1491 4096 Ἐκεῖδέ
1517 4043 1669 4097 οὐδὲν
1697 4043 1902 4096 τούτων

321 4125 469 4180 ἐστὶν
505 4128 841 4181 ὑποπτεῦσαι
862 4170 876 4194 ,
903 4129 962 4181 ού
1001 4126 1228 4197 φθοράν,
1265 4128 1326 4180 ού
1354 4127 1582 4181 θάνατον
1601 4166 1616 4187 ,
1646 4127 1708 4179 ού
1738 4128 1904 4181 κατά-

321 4227 526 4266 πτωειν
552 4255 566 4273 ,
607 4214 667 4266 οὐ
715 4212 1064 4283 συκοφαντῶν
1107 4213 1391 4282 ἐπήρειαν,
1437 4214 1535 4264 οὐκ
1564 4211 1691 4266 ἄλλο
1725 4213 1899 4278 οὐδὲν,

321 4295 434 4347 ἀλλ’
466 4295 714 4366 ἀκίνητος
742 4298 832 4349 καὶ
853 4295 1119 4358 ἀθάνατός
1149 4297 1294 4348 ἐστιν
1317 4297 1350 4366 ἡ
1374 4297 1605 4366 οἴκησις.
1626 4295 1722 4349 Διά
1747 4296 1903 4348 τοῦτο

321 4379 569 4440 αἰωνίους
602 4378 770 4442 αὐτάς
819 4379 1065 4432 ἐκάλεσε.
1104 4377 1403 4442 ,Ποιήσατε
1461 4378 1603 4447 ὑμῖν
1643 4380 1898 4447 φίλους,

322 4461 508 4528 φησὶν,
542 4462 608 4514 ἐκ
638 4462 741 4515 τοῦ
759 4461 1050 4532 μαμμωνᾶ
1094 4461 1206 4529 τῆς
1235 4461 1492 4528 ἀδικίας.

397 4559 484 4606 ια’.
547 4553 686 4622 Ὅρα
726 4554 866 4623 πόση
901 4552 1276 4622 φιλανθρωπία
1305 4551 1398 4604 τοῦ
1431 4555 1722 4611 Δεσπὸτου.
1757 4556 1897 4624 πόση

326 4635 628 4704 χρηστότης
645 4636 739 4687 καὶ
758 4636 1042 4688 ἐπιείκεια·
1062 4636 1121 4687 οὐ
1140 4635 1246 4706 γάρ
1267 4634 1450 4696 ἁπλῶς
1469 4635 1671 4706 ταύτην
1690 4636 1898 4690 τέθεικε

325 4720 418 4787 τὴν
456 4718 768 4789 προσθήκην
792 4736 804 4749 ·
831 4719 941 4772 ἀλλ’
977 4719 1163 4786 ἐπειδὴ
1195 4719 1406 4782 πολλοῖς
1436 4719 1710 4783 πλουσίοις
1738 4720 1901 4773 πλοῦ-

323 4817 409 4862 τος
447 4801 781 4855 συνείλεκται
816 4801 873 4865 ἐξ
901 4802 1153 4871 ἁρπαγῆς
1189 4802 1282 4854 καὶ
1317 4802 1649 4867 πλεονεξίας,
1695 4805 1897 4869 Κακιῖις

325 4884 442 4952 μὲν,
485 4885 637 4953 φησὶ,
673 4886 765 4938 καὶ
801 4886 899 4937 οὐκ
935 4886 1098 4954 ἐχρῆν
1128 4901 1183 4936 σε
1205 4884 1346 4936 οῦτω
1389 4885 1634 4952 συλλέξαι
1664 4887 1731 4940 τά
1764 4889 1900 4959 χρή-

325 4987 469 5038 ματα
494 4985 506 4998 ·
541 4970 679 5039 πλὴν
708 4970 817 5022 ἀλλ’
842 4970 1025 5038 ἐπειδὴ
1060 4969 1347 5034 συνέλεξας
1367 5009 1380 5026 ,
1408 4970 1564 5038 στῆθι
1589 4971 1687 5041 τῆς
1719 4974 1897 5044 ἁρπα-

322 5059 424 5127 γῆς
450 5060 543 5110 καὶ
563 5059 660 5128 τῆς
687 5058 1015 5121 πλεονεξίας,
1041 5057 1134 5110 καὶ
1159 5058 1359 5127 χρῆσαι
1388 5059 1466 5122 εἰς
1491 5059 1607 5112 δέον
1631 5062 1742 5124 τοῖς
1763 5063 1894 5131 χρή-

324 5161 506 5214 μασιν.
548 5147 622 5198 υύ
657 5145 799 5212 λέγω
825 5185 839 5204 ,
897 5145 984 5197 ἵνα
1026 5143 1286 5214 ἁρπάζων
1316 5146 1468 5216 ἐλεῇς
1491 5187 1506 5211 ,
1543 5146 1654 5199 ἀλλ’
1683 5149 1770 5202 ἵνα
1798 5149 1896 5217 τῆς

324 5229 634 5295 πλεονεξίας
658 5231 899 5292 ἀποστάς
921 5271 935 5292 ,
963 5231 1098 5299 πρὸς
1126 5231 1494 5302 ἐλεημοσύνην
1518 5232 1667 5305 [289]
1693 5236 1786 5288 καὶ
1816 5255 1898 5305 φι-

321 5317 667 5387 λανθρωπίαν
689 5317 974 5387 ἀποχρήσῃ
994 5317 1072 5386 τῷ
1097 5318 1328 5388 πλούτῳ.
1349 5319 1408 5372 Εἰ
1436 5321 1543 5390 γάρ
1563 5338 1647 5384 τις
1670 5323 1743 5392 μὴ
1766 5324 1897 5375 παύο

321 5419 476 5456 σαιτο
517 5403 616 5472 τῆς
665 5404 950 5474 ἁρπαγῆς,
985 5403 1108 5457 οὖδέ
1155 5404 1524 5476 ἐλεημοσύνην
1562 5408 1852 5478 ἐργάσεται
1879 5429 1892 5440 ·

317 5490 457 5545 ἀλλὰ
489 5490 592 5544 κᾶν
625 5491 793 5560 μυρία
817 5490 1097 5563 καταϐάλῃ
1128 5493 1386 5561 χρήματα
1415 5495 1495 5556 εἰς
1523 5494 1620 5557 τὰς
1645 5497 1752 5548 τῶν
1781 5498 1890 5551 ego.

321 5579 501 5650 μένων
524 5581 712 5649 χεῖρας
734 5619 748 5642 ,
779 5579 848 5630 τά
878 5579 1078 5648 ἐτέρων
1119 5580 1378 5648 ἁρπάζων
1416 5582 1507 5633 καὶ
1537 5582 1893 5648 πλεονεκτῶν,

318 5669 431 5731 τοῖς
457 5668 803 5740 ἀνδροφόνοις
832 5667 1017 5736 ὲξίσης
1040 5667 1344 5736 λελόγισται
1381 5669 1457 5740 τῷ
1487 5669 1624 5739 Θεῷ.
1668 5672 1758 5724 Διὸ
1787 5673 1891 5744 χρὴ

321 5752 637 5820 πλεονεξίας
661 5753 971 5808 ἀποστάντα
996 5755 1278 5825 πρότερον,
1297 5755 1440 5810 οὕτω
1460 5758 1585 5822 τοὺς
1610 5757 1894 5830 δεομένους

635 5864 900 5931 Ρλτιιοι.
946 5863 1062 5929 Gn.
1111 5866 1209 5931 LI.
1565 5899 1591 5944 ε-
1643 5919 1648 5923 ,

947 356 1038 415 DE
1076 355 1328 414 VERBIS
1366 359 1725 424 APOSTOLI,
1765 359 2130 418 HABENTES
2169 357 2453 415 ElIMDEM
2500 355 2843 413 SPIRITUM.
2887 353 2971 408 Ill.

3492 359 3598 418 5110

2026 464 2212 519 ἐλεεῖν.
2257 467 2429 539 Πολλὴ
2457 467 2566 540 γάρ
2596 468 2694 537 τῆς
2722 468 3090 540 ἐλεημοσύνης
3121 472 3152 540 ἡ
3181 469 3437 540 δύναμις,
3473 473 3600 537 περί

2022 544 2089 620 ἧς
2117 550 2208 602 καὶ
2236 553 2300 620 τῇ
2327 551 2624 622 προτεραίᾳ
2648 551 2864 616 συνάξει
2893 552 3028 620 πρὸς
3055 553 3196 622 ὑμᾶς
3227 553 3599 624 διελέχθημεν,

2023 632 2117 683 καὶ
2147 631 2242 684 νῦν
2261 633 2594 703 διαλέξομαι.
2637 634 2795 686 Ἀλλά
2841 635 3024 705 μηδεὶς
3061 636 3157 707 τήν
3193 637 3474 708 συνέχειαν
3499 637 3600 707 τῆς

2024 712 2381 783 ὑπομνήσεως
2404 717 2736 786 κατηγορίαν
2761 717 2999 787 ἡγείσθω
3020 718 3127 772 τῶν
3151 720 3474 773 ἀκουόντων.
3491 721 3601 773 Καὶ

2022 795 2130 866 γάρ
2159 798 2214 847 ἐν
2245 801 2356 856 τοῖς
2387 800 2591 866 ἀγῶσιν
2620 801 2859 863 ἐκείνους
2887 801 2994 853 τῶν
3033 801 3279 872 δρομέων
3301 801 3599 872 διεγείρου-

2025 895 2107 930 σιν
2140 882 2187 932 οἰ
2215 879 2420 944 θεαταὶ,
2441 880 2534 944 οὓς
2564 880 2628 934 ἂν
2657 881 2837 935 ἴδωσιν
2864 884 3028 950 ἐγγὺς
3055 883 3149 936 τοῦ
3177 884 3430 954 βραϐείου
3456 901 3602 951 γενο-

2027 962 2250 1031 μένους,
2284 965 2378 1016 καὶ
2411 964 2610 1027 πολλάς
2638 965 2736 1035 τῆς
2767 965 2922 1033 νίκης
2957 967 3178 1030 ἐλπίδας
3215 968 3456 1038 ἔχοντας.
3489 968 3598 1021 Καὶ

2022 1045 2132 1112 ἐγὼ
2158 1046 2336 1097 τοίνυν
2357 1088 2370 1110 ,
2411 1046 2596 1116 ἐπειδὴ
2629 1047 2766 1115 μετὰ
2816 1049 3018 1117 πολλῆς
3044 1051 3130 1102 ἀεὶ
3159 1051 3465 1121 προθυμίας
3490 1050 3600 1122 ὁρῶ

2019 1131 2146 1192 τοὺς
2177 1131 2302 1200 περὶ
2333 1129 2700 1200 ἐλεημοσύνης
2730 1131 3051 1200 δεχομένους
3085 1132 3273 1199 λόγους
3303 1136 3481 1203 ὑμᾶς,
3511 1137 3601 1189 διὰ

2020 1213 2178 1266 τοῦτο
2204 1214 2297 1266 καὶ
2328 1215 2486 1278 αὐτὸς
2518 1217 2900 1288 συνεχέστερον
2931 1216 3029 1286 τὴν
3062 1217 3201 1288 ὑπὲρ
3235 1218 3439 1270 τούτων
3465 1218 3601 1271 κινῶ

2022 1296 2357 1366 παραίνεσιν.
2379 1297 2576 1367 Ἰατροί
2601 1297 2706 1348 τῶν
2732 1297 2919 1367 ψυχῶν
2939 1299 3094 1369 ἡμῶν
3116 1302 3252 1352 εἰσιν
3276 1303 3324 1353 οί
3348 1302 3598 1369 πένητες,

2021 1380 2302 1451 εὐεργέται
2339 1381 2428 1432 καὶ
2480 1381 2812 1450 προστάται·
2849 1384 2908 1435 οὐ
2971 1383 3073 1454 γὰρ
3123 1385 3374 1437 τοσοῦτον
3422 1385 3595 1448 δίδως,

2018 1462 2140 1514 ὅσον
2165 1462 2461 1532 λαμϐάνεις
2481 1479 2492 1490 ·
2523 1464 2676 1527 δίδως
2707 1464 2989 1536 ἀργύριον,
3013 1468 3105 1519 καὶ
3127 1467 3420 1536 λαμϐάνεις
3444 1468 3598 1536 βασι-

2018 1545 2167 1597 λείαν
2189 1545 2434 1616 οὐρανῶν
2451 1563 2462 1575 ⁸
2488 1546 2633 1610 λύεις
2667 1549 2876 1610 πενίαν,
2903 1549 2998 1602 καὶ
3018 1549 3408 1612 καταλλάττεις
3438 1566 3598 1604 σεαυο

2017 1627 2094 1697 τῷ
2144 1628 2234 1680 τὸν
2273 1630 2570 1698 Δεσπότην.
2620 1629 2784 1701 Ὁρᾷς
2813 1633 2891 1684 ὅτι
2939 1633 3040 1684 οὐκ
3083 1633 3170 1702 ἰση
3219 1633 3249 1702 ἡ
3289 1632 3596 1696 ἀντίδοσιςς

2018 1709 2203 1763 Ταῦτα
2236 1711 2328 1762 ἐπὶ
2357 1711 2481 1780 γῆς,
2514 1714 2698 1764 ἐκεῖνα
2728 1715 2784 1764 ἐν
2803 1713 3042 1783 ούρανῷ-
3077 1713 3247 1766 ταῦτα
3278 1714 3595 1776 ἀπόλλυται,

2017 1793 2196 1845 ἐκεῖνα
2221 1793 2464 1863 διαμένει
2487 1810 2499 1822 ·
2524 1794 2696 1848 ταῦτα
2723 1795 3024 1866 φθείρεται,
3047 1798 3227 1848 ἐκεῖνα
3250 1797 3429 1866 πάσης
3451 1799 3598 1850 ἐστὶν

2017 1874 2264 1946 ἀνώτερα
2283 1876 2576 1940 ἀπωλείας.
2601 1879 2697 1931 Διά
2727 1879 2883 1932 τοῦτο
2905 1880 2998 1932 καὶ
3028 1879 3132 1950 πρὸ
3159 1880 3266 1933 τῶν
3291 1881 3469 1948 θυρῶν
3491 1881 3598 1933 τῶν

2015 1957 2180 2010 οἴκων
2212 1960 2320 2013 τῶν
2348 1962 2652 2033 εὐκτηρίων
2673 1963 2908 2033 ἔστησαν
2934 1965 3057 2028 τοὺς
3083 1965 3322 2034 πένητας
3349 1966 3399 2016 οἰ
3431 1967 3599 2018 πατέ-

2018 2055 2108 2109 ρες
2128 2043 2176 2094 οἱ
2205 2043 2480 2114 ἡμέτεροι,
2503 2047 2588 2099 ἵνα
2611 2046 2814 2100 καὶτὸν
2837 2046 3173 2117 νωθρότατον
3193 2049 3285 2100 καὶ
3312 2047 3598 2118 ἀπανθρωο

2017 2124 2248 2178 πότατον
2275 2128 2414 2198 αὑτὴ
2465 2128 2574 2180 τῶν
2604 2131 2850 2200 πενήτων
2881 2132 2914 2201 ἡ
2949 2131 3073 2200 ὄφις
3123 2132 3259 2202 πρὸς
3289 2131 3594 2200 ὑπόμνησιν

2015 2208 2204 2278 ἐγείρῃ
2247 2210 2344 2279 τῆς
2397 2212 2785 2284 ἐλεημοσύνης.
2822 2216 2988 2267 Ὅταν
3017 2215 3125 2285 γάρ
3180 2217 3382 2285 ἑστήκῃ
3436 2215 3596 2287 χορὸς

2015 2293 2324 2362 γερόντων,
2378 2299 2831 2366 συγκεκυφότων,
2876 2299 3040 2368 ῥάκια
3089 2299 3591 2369 -περιϐεϐλημένων,

2016 2376 2349 2446 αύχμὼντων
2371 2417 2385 2442 ,
2437 2379 2760 2450 ρυπὼντων,
2801 2382 3096 2454 βακτηρίας
3129 2383 3358 2451 ἐχόντων
3381 2422 3395 2443 ,
3443 2383 3593 2452 μόλις

2018 2458 2367 2530 στηρίζεσθαι
2397 2462 2726 2533 δυναμένων,
2754 2465 3010 2528 πολλάκις
3043 2465 3098 2518 δὲ
3127 2465 3367 2528 καὶτοὺς
3393 2464 3594 2533 ὀφθαλ-

2018 2543 2152 2611 μοὺς
2180 2543 2602 2616 ἐκκεκομμένων
2627 2587 2641 2610 ,
2673 2549 2766 2601 καὶ
2816 2549 2876 2601 το
2923 2549 3084 2618 σῶμα
3117 2550 3236 2602 ὅλον
3271 2549 3591 2619 άναπήρων.

2014 2625 2097 2688 τίς
2122 2624 2263 2678 οὕτω
2289 2626 2509 2691 λίθινος,
2541 2629 2624 2692 τίς
2651 2629 2821 2693 οὕτως
2856 2631 3085 2701 ἀδάμας,
3121 2632 3196 2694 ὠς
3226 2632 3320 2684 καὶ
3352 2631 3448 2700 τῆς
3478 2630 3595 2700 ηλι-

2015 2707 2168 2772 κίας,
2201 2709 2296 2762 καὶ
2337 2711 2436 2780 τῆς
2491 2711 2773 2778 ἀσθενείας
2798 2754 2812 2778 ,
2862 2715 2955 2767 καί
2994 2715 3094 2784 τῆς
3128 2715 3427 2786 πηρώσεως
3453 2754 3467 2778 ,
3500 2717 3594 2768 καὶ

2013 2793 2111 2861 τῆς
2140 2793 2361 2857 πενίας,
2413 2797 2508 2848 καὶ
2550 2797 2649 2866 τῆς
2700 2799 2947 2863 εὐτελοῦς
2985 2799 3177 2869 στολῆς
3200 2841 3214 2863 ,
3251 2800 3345 2853 καὶ
3376 2799 3594 2852 πάντων

2013 2875 2200 2938 ἁπλῶς
2227 2877 2362 2946 πρὸς
2397 2879 2740 2948 συμπάθειαν
2764 2881 3109 2935 ἐπικλώντων
3132 2884 3312 2945 αὑτὸν,
3341 2883 3593 2950 ἀντιστῆ-

2013 2975 2100 3010 ναι
2135 2959 2230 3010 καὶ
2287 2961 2463 3028 μεῖναι
2511 2962 2646 3031 πρὸς
2676 2963 2891 3018 ἃπαντα
2929 2966 3101 3018 ταῦτα
3155 2965 3460 3030 ἀνένδοτος;
3495 2968 3593 3020 Διά

2011 3040 2183 3093 ταῦτα
2225 3041 2330 3112 πρὸ
2362 3042 2470 3094 τῶν
2505 3042 2683 3115 θυρῶν
2716 3046 2872 3115 ήμῶν
2902 3049 3166 3117 ἑστήκασι
3196 3049 3395 3112 παντὸς
3430 3049 3592 3116 λόγου

2011 3122 2404 3195 δυνατώτεροι,
2440 3125 2526 3177 διά
2564 3128 2662 3195 τῆς
2693 3129 2864 3196 ὂψεως
2907 3132 3306 3200 ἐπισπώμενοι,
3340 3132 3476 3201 πρὸς
3503 3150 3592 3199 φι-

2012 3205 2359 3276 λανθρωπίαν
2399 3209 2524 3271 τους
2565 3211 2834 3273 εἰσιόντας
2879 3213 3285 3282 ἐκκαλούμενοι.
3324 3215 3592 3285 Καθάπερ

2011 3289 2120 3359 γάρ
2151 3292 2357 3362 κρήνας
2381 3287 2519 3346 εἶναι
2541 3295 2597 3344 ἐν
2620 3297 2738 3357 ταῖς
2766 3296 2953 3357 αὐλαῖς
2973 3296 3083 3349 τῶν
3108 3298 3410 3368 εὐκτηρίων
3429 3301 3591 3351 οῖκων

2010 3375 2342 3444 νενόμισται,
2381 3379 2468 3430 ἵνα
2494 3379 2543 3430 οἱ
2579 3378 2862 3448 μέλλοντες
2896 3380 3150 3450 εὔχεσθαι
3180 3381 3256 3451 τῷ
3283 3380 3422 3450 Θεῷ,
3462 3383 3592 3452 πρό-

2009 3475 2167 3528 τερον
2198 3460 2594 3531 ἀπονιψάμενοι
2625 3461 2721 3525 τὰς
2753 3466 2974 3533 χεῖρας,
3007 3463 3179 3527 οὓτως
3202 3465 3371 3526 αύτάς
3395 3466 3476 3528 εἰς
3503 3467 3591 3517 εύ-

2010 3543 2112 3613 χὴν
2138 3544 2488 3598 ἀνατείνωσιν
2517 3562 2530 3576 ο
2566 3547 2706 3599 οὕτω
2760 3549 2852 3600 καὶ
2882 3549 3008 3610 τοὺς
3053 3549 3292 3619 πένητας
3330 3550 3449 3602 ἀντὶ
3489 3567 3592 3620 πη-

2009 3627 2122 3694 γῶν
2150 3629 2241 3680 καὶ
2273 3629 2486 3700 κρηνῶν
2517 3629 2751 3699 ἔστησαν
2778 3632 2826 3683 οἰ
2859 3632 3092 3702 πατέρες
3127 3634 3230 3703 πρὸ
3257 3633 3363 3685 τῶν
3390 3633 3588 3706 θυρῶν,

2011 3711 2098 3772 ἵν’,
2134 3711 2321 3783 ῶσπερ
2350 3713 2499 3766 ὕδατι
2534 3715 2632 3778 τὰς
2664 3718 2849 3786 χεῖρας
2876 3717 3278 3786 ἀπονίπτομεν,
3320 3717 3462 3771 οὕτω
3500 3738 3588 3789 φι·

2009 3793 2326 3865 λανθρωπίᾳ
2352 3796 2449 3866 τὴν
2470 3796 2647 3868 ψυχὴν
2675 3801 3086 3869 άποσμήχοντες
3109 3800 3390 3871 πρότερον,
3418 3802 3590 3868 οὕτως

2010 3877 2317 3947 εὐχώμεθα.

2084 3968 2171 4038 ιβ’·
2215 3970 2346 4022 Οὐδὲ
2365 3971 2472 4041 γὰρ
2491 3971 2661 4034 οὓτως
2679 3973 2870 4036 ὕδατος
2886 3973 3048 4044 φύσις
3063 3976 3223 4028 ἀπονί
3235 3993 3350 4028 πτει
3368 3977 3590 4047 κηλῖδας

2012 4051 2284 4122 σώματος.
2316 4054 2390 4116 ὡς
2425 4055 2796 4126 ἐλεημοσύνης
2824 4057 3051 4128 δύναμις
3079 4060 3390 4131 ἀποσμήχει
3417 4061 3589 4134 ῥύπον

2009 4136 2184 4204 ψυχῆς
2215 4136 2444 4208 ,Ὥσπερ
2477 4133 2569 4190 οῦν
2605 4139 2664 4190 ού
2694 4140 2897 4212 τολμᾷς
2925 4142 3172 4206 ἀνίπτοις
3201 4146 3385 4214 χερσὶν
3411 4133 3586 4198 εἰσελ-

2012 4217 2118 4270 θὼν
2139 4217 2418 4284 εὔξασθαι,
2441 4221 2616 4274 καίτοι
2637 4222 2856 4276 ἔλαττον
2879 4225 2937 4277 τὸ
2962 4224 3212 4295 ἔγκλημα
3233 4229 3428 4290 ἐκεῖνο,
3445 4227 3590 4280 οὔτω

2013 4303 2149 4372 μήτε
2188 4304 2352 4373 χωρὶς
2384 4303 2751 4375 ἐλεημοσύνης
2775 4309 2861 4358 ἐπ’
2897 4308 3061 4378 εὐχὴν
3085 4308 3243 4379 έλθης
3275 4312 3423 4366 ποτέ.
3459 4313 3589 4365 Καί-

2009 4403 2090 4438 τοι
2118 4387 2208 4438 καί
2237 4386 2481 4458 καθαράς
2518 4389 2774 4453 πολλάκις
2807 4391 3020 4460 ἔχοντες
3047 4391 3144 4455 τὰς
3172 4397 3377 4466 χεῖρας.
3414 4395 3479 4449 ἂν
3511 4397 3584 4468 μὴ

2011 4469 2272 4540 πρότερον
2303 4471 2470 4535 αὐτὰς
2494 4472 2888 4541 ἀποπλύνωμεν
2916 4473 3086 4537 ὕδατι,
3114 4477 3212 4529 οὐκ
3235 4479 3585 4548 ἀνατείνομεν

2010 4555 2086 4616 εἰς
2114 4553 2280 4623 εὐχήν
2304 4569 2316 4582 ·
2351 4554 2602 4607 τοσοῦτόν
2636 4558 2782 4610 ἐστιν
2823 4559 2854 4626 ἡ
2887 4558 3159 4629 συνήθεια.
3191 4560 3361 4612 Τοῦτο
3407 4563 3584 4614 τοίνυν

2009 4635 2102 4686 καὶ
2124 4636 2214 4686 ἐπὶ
2243 4636 2337 4702 τῆς
2367 4637 2700 4709 ἐλεημοσύνη
2708 4658 2733 4703 ς
2758 4640 2996 4710 ποιῶμεν
3020 4659 3032 4671 ·
3059 4642 3160 4694 κᾶν
3187 4644 3350 4714 μηδὲν
3372 4646 3582 4708 ἑαυτοῖς

2008 4717 2318 4790 ὢμενίὲθοι
2342 4722 2638 4784 συνειδότες
2664 4725 2802 4792 μέγα
2827 4725 3152 4796 ἁμάρτημα,
3171 4729 3320 4799 ὅμως
3341 4728 3585 4801 ἀποσμή-

2007 4821 2190 4873 χωμεν
2240 4803 2300 4856 τὸ
2336 4804 2571 4866 συνειδὸς
2603 4805 2688 4858 διά
2715 4807 2812 4876 τῆς
2845 4807 3230 4879 ἐλεημοσύνης.
3267 4812 3442 4866 Πολλά
3474 4813 3584 4867 ἀπὸ

2007 4888 2103 4955 τῆς
2129 4888 2332 4957 ἀγορᾶς
2359 4889 2656 4943 ἐπεσπάσω
2687 4890 2863 4943 δεινά·
2894 4891 3086 4963 ἐχθρὸς
3112 4895 3417 4965 παρώξυνε,
3435 4896 3584 4949 δικα-

2009 4975 2138 5044 στής
2167 4976 2444 5044 ἠνάγκασέ
2468 4994 2520 5029 τι
2553 4979 2774 5048 ποιῆσαι
2803 4979 2910 5032 τῶν
2938 4981 2997 5033 οῦ
3037 4983 3418 5052 προσηκόντων
3445 5001 3582 5052 πρα-

2006 5064 2255 5131 γμάτιον,
2308 5065 2528 5134 ῥήματα
2576 5066 2830 5130 πολλάκις
2875 5067 3126 5132 ἐξέϐαλες
3179 5070 3374 5131 ἄτοπα,
3431 5072 3582 5140 φίλος

2006 5151 2351 5223 ἐδυσὼπησεν
2401 5154 2736 5224 ἐργάσασθαί
2783 5174 2835 5210 τι
2874 5157 2980 5209 τῶν
3015 5159 3288 5229 ἁμαρτίαν
3326 5160 3576 5230 ἐχόντων.

2005 5239 2168 5310 ’ἐτερα
2203 5243 2549 5313 προσετρίςω
2584 5244 2750 5296 πολλά
2773 5286 2786 5307 ,
2830 5240 2917 5298 οἷα
2964 5247 3109 5309 εἰκὸς
3138 5247 3422 5318 ἄνθρωπον
3453 5248 3582 5302 ὅντα

2006 5328 2450 5397 προστρίϐεσθαι,
2483 5333 2541 5383 ἐν
2575 5332 2748 5401 ἀγορᾷ
2783 5334 3145 5404 στρεφόμενον
3171 5377 3183 5398 ,
3212 5335 3582 5406 δικαστηρίοις

2006 5415 2451 5485 προσεδρεύοντα,
2469 5417 2540 5470 τὰ
2565 5418 2664 5486 τῆς
2694 5420 2898 5484 πόλεως
2927 5422 3231 5493 πράττοντα
3254 5424 3578 5496 πράγματα·

2005 5501 2142 5571 ὑπὲρ
2167 5502 2370 5556 τούτων
2391 5505 2646 5557 ἁπάντων
2671 5506 2892 5578 εἰσέρχῃ
2914 5508 3005 5561 τὸν
3033 5509 3167 5562 Θεὸν
3196 5513 3432 5580 αἰτήσων
3456 5529 3581 5580 συγ-

2003 5587 2228 5659 γνώμην
2283 5591 2376 5642 καὶ
2412 5592 2906 5664 ἀπολογησόμενος.
2951 5599 3235 5652 Κατάϐα).ε
3274 5599 3454 5653 τοίνυν
3480 5601 3580 5674 ἀρ-

2003 5673 2189 5746 γύριον
2229 5677 2308 5740 εἰς
2332 5677 2429 5740 τὰς
2456 5679 2564 5732 τῶν
2604 5682 2850 5751 πενήτων
2879 5685 3064 5755 χεῖρας
3083 5726 3098 5748 ,
3139 5688 3232 5740 καὶ
3262 5673 3582 5760 ἀπόσμηξον

2002 5763 2099 5827 τάς
2134 5765 2354 5836 κηλῖδας
2397 5767 2642 5832 ἐκείνας,
2677 5769 2763 5822 ἵνα
2817 5772 2953 5841 μετὰ
2989 5776 3298 5846 παρρησίας
3345 5780 3576 5847 καλέσῃς

3137 5896 3209 5957 19
