4082 6212
531 313 630 367 30!

534 425 850 494 αἰτούμενος
871 425 962 478 τὸν
986 423 1282 494 δυνάμενόν
1305 440 1386 476 σοι
1412 422 1580 477 ταῦτα
1605 424 1820 493 ἀφεῖναι
1842 427 1908 480 τὰ
1934 428 2107 499 ἀμαρ-

536 510 768 579 τήματα.
809 510 904 560 Ἂν
943 507 1001 560 ἐν
1044 506 1300 577 συνηθείᾳ
1333 509 1680 581 καταστήσῃς
1713 509 1906 563 σαυτὸν
1944 512 2107 581 μηδέ·

537 605 666 642 ποτε
693 590 860 659 χωρίς
881 588 1249 660 ἐλεημοσύνης
1269 589 1380 642 τῶν
1409 590 1569 660 ἱερῶν
1596 591 1797 645 τούτων
1823 592 2107 664 προθύρων

535 672 854 736 ἐπιϐαίνειν,
883 672 1158 735 οὐδέποτε,
1194 672 1316 726 οὐτε
1344 672 1502 737 ἐκὼν,
1531 673 1653 726 οὐτε
1681 675 1849 737 ἄκων,
1878 675 2105 746 ὐστερή-

536 774 647 819 σεις
680 756 781 825 τῆς
834 756 1006 827 καλῆς
1039 756 1242 829 ταύτης
1300 756 1597 827 ἐργασίας,
1648 756 1889 829 τοιοῦτον
1944 758 2104 829 τάρή

535 839 812 909 συνήθεια.
852 841 961 892 Kal.
992 839 1180 910 ῶσπερ
1217 833 1312 892 οῦν
1344 839 1451 901 ἀεὶ,
1486 840 1585 892 ὅτι
1609 835 1702 892 οὖν
1723 840 1952 908 γένοιτο,
1979 858 2106 911 χερ-

536 922 621 974 σὶν
647 923 892 985 ἀνίπτοις
928 923 1026 992 οὐχ
1071 922 1361 992 ὑπομένεις
1393 922 1682 989 εὔξασθαι,
1717 924 1906 993 ἐπειδὴ
1943 925 2107 977 κατέ-

536 1021 668 1075 στης
697 1007 777 1068 εἰς
807 1005 1094 1077 συνήθειαν
1130 1006 1275 1071 ἅπαξ
1297 1023 1312 1037 ·
1347 1005 1488 1059 οὕτω
1518 1008 1611 1059 καὶ
1638 1006 1730 1059 ἐπὶ
1756 1007 1853 1077 τῆς
1880 1007 2107 1079 ἐλεημο-

535 1087 733 1157 σύνης,
765 1087 831 1141 ἂν
877 1088 1065 1142 τοῦτον
1100 1089 1282 1160 σαυτῷ
1333 1089 1600 1162 ἐπιθήσῃς
1640 1089 1731 1143 τὸν
1777 1089 1972 1159 νόμον,
2014 1094 2108 1144 καί⁵

534 1169 676 1223 ἐκὼν
734 1171 829 1223 καὶ
875 1172 1023 1225 ἄκων
1075 1173 1237 1226 αὐτὸν
1288 1173 1409 1226 καθ’
1463 1175 1698 1244 ἑκάστην
1730 1173 2108 1245 ἐκπληρώσεις

535 1253 748 1324 ἡμέραν
788 1253 893 1306 ὑπὸ
937 1256 1036 1325 τῆς
1066 1255 1355 1326 συνηθείας
1387 1256 1696 1327 ἑλκόμενος.

603 1408 724 1480 Πῦρ
776 1412 923 1464 ἐστιν
973 1412 1006 1481 ἡ
1055 1410 1221 1481 εὐχὴ,
1257 1411 1490 1480 μάλιστα
1531 1413 1658 1465 ὅταν
1692 1413 1799 1466 ἀπὸ
1834 1414 2109 1485 νηφούσης

535 1497 630 1549 καὶ
651 1496 1081 1567 διεγηγερμένης
1106 1497 1493 1567 ἀναπέμπηται
1521 1497 1696 1567 ψυχῆς
1712 1516 1725 1528 ’
1750 1498 1882 1551 ἀλλὰ
1908 1500 1969 1552 τὸ
1998 1499 2109 1570 πῦρ

532 1578 690 1633 τοῦτο
719 1581 813 1634 καὶ
842 1580 1021 1634 ἐλαίου
1055 1580 1260 1643 δεῖται,
1296 1580 1381 1633 ίνα
1427 1579 1607 1634 αὐτῶν
1638 1580 1841 1652 ἅψηται
1883 1581 1991 1636 τῶν
2020 1584 2110 1635 οὐ-

538 1665 737 1732 ρανίων
788 1664 1027 1734 ἀψίδωνο
1073 1664 1250 1718 ἔλαιον
1301 1664 1356 1718 δέ
1393 1663 1487 1717 τοῦ
1522 1665 1694 1736 πυρὸς
1737 1665 1927 1719 τούτου
1958 1667 2108 1720 οὐδὲν

533 1746 721 1816 ἔτερόν
751 1748 900 1799 ἐστιν
925 1788 937 1808 ,
971 1746 1085 1800 ἀλλ’
1112 1746 1144 1817 ἢ
1185 1745 1541 1817 ἐλεημοσύνη.
1586 1748 1798 1818 Ἐπίχεε
1840 1749 2017 1803 τοίνυν
2049 1749 2109 1802 τὸ

534 1828 709 1882 ἔλαιον
749 1828 997 1898 δαψιλὲς,
1035 1829 1121 1883 ἵνα
1171 1829 1594 1899 εὐφραινόμενος
1653 1830 1745 1882 ἐπὶ
1796 1830 1873 1900 τῷ
1909 1848 2107 1899 κατορ-

534 1909 768 1982 θώματι,
786 1912 923 1980 μετά
944 1912 1255 1984 παρρησίας
1279 1911 1521 1976 πλείονος
1544 1912 1638 1965 καὶ
1663 1912 1969 1985 προθυμίας
1990 1914 2106 1986 μεί-

535 1993 683 2057 ζονος
716 1993 815 2057 τὰς
839 1995 1004 2065 εὐχάς
1034 2012 1128 2048 σου
1164 1994 1438 2065 ἐπιτελῇς.
1477 1996 1684 2067 ’Ὠσπερ
1714 1995 1822 2065 γὰρ
1859 1998 1908 2048 οἰ
1940 1996 2106 2068 μηδὲν

535 2078 744 2142 ἑαυτοῖς
771 2077 1071 2142 συνειδότες
1100 2076 1324 2146 ἀγαθὸν.
1359 2078 1479 2133 οὐδέ
1511 2078 1769 2144 εὔξασθαι
1795 2080 1933 2149 μετά
1959 2083 2107 2152 παῤ·

547 2328 649 2337 9-.—

542 2344 909 2359 ..ια’-*ν

1390 2356 1785 2365 -ι-η--ο-...ηη
1806 2359 1995 2366 —.——__

1191 316 1247 370 S.
1282 316 1569 372 JO.\NNIS
1602 315 2097 372 CHRYSOSTOMI
2137 315 2459 376 ARCHIEP.
2503 321 3057 378 CONSTANTINOP.

3679 311 3783 366 50-2

2208 425 2401 498 ρησίας
2425 423 2712 485 δύνανται,
2762 419 2934 483 οὕτως
2962 419 3011 472 οἰ
3065 418 3508 489 κατορθώσαντες
3567 438 3657 487 τι,
3688 426 3785 480 καὶ

2210 508 2348 578 μετὰ
2366 507 2464 578 τὴν
2494 503 2840 575 δικαιοσύνην
2867 503 3080 573 ἐκείνην
3111 503 3201 556 ἐπὶ
3234 503 3333 571 τὴν
3362 505 3527 576 εὐχὴν
3556 506 3783 579 ἐρχόμε.

2204 607 2285 643 νοι
2309 631 2324 656 ,
2363 591 2430 659 τῇ
2492 589 2683 661 μνήμῃ
2735 587 2828 640 τοῦ
2885 585 3307 657 κατορθώματος
3345 590 3782 661 εὐφραινόμενοι,

2210 673 2346 743 μετά
2375 672 2619 734 πλείονος
2648 671 2750 741 τῆς
2794 671 3102 742 προθυμίας
3149 670 3430 725 ποιοῦνται
3469 675 3568 743 τὴν
3606 675 3782 745 ἰκετη-

2208 757 2350 826 ρίαν.
2394 756 2493 808 "Iv‘
2525 750 2620 808 οὖν
2666 754 2762 808 καὶ
2793 753 2935 807 κατὰ
2981 753 3141 807 τοῦτο
3187 754 3531 827 δυνατωτέρα
3565 758 3697 828 ἡμῖν
3747 759 3784 828 ἠ

2207 840 2341 909 εὐχὴ
2366 839 2613 909 γένηται,
2634 837 3017 909 γρηγορούσης
3044 840 3176 909 ἡμῖν
3199 840 3295 909 τῆς
3322 840 3560 906 διανοίας
3586 843 3643 895 ἐν
3665 846 3782 904 ταῖς

2207 924 2455 996 δεήσεσιν
2484 924 2590 978 ἀπὸ
2610 923 2711 992 τῆς
2742 922 2846 976 τῶν
2872 923 3314 995 κατορθωμάτων
3348 929 3570 997 μνήμης
3593 967 3607 987 .
3642 929 3785 997 μετὰ

2208 1009 2306 1078 τῆς
2340 1006 2709 1079 ἐλεημοσύνης
2743 1005 2836 1059 ἐπὶ
2865 1006 2964 1069 τὰς
2997 1006 3163 1076 εὐχὰς
3196 1007 3507 1079 ἐρχώμεθα,
3534 1010 3628 1062 καὶ
3654 1027 3785 1080 μνη-

2212 1091 2693 1163 μονεύωμενμετά
2722 1089 3005 1161 ἀκριϐείας
3032 1089 3248 1144 ἅπαντα
3275 1091 3342 1144 τὰ
3363 1091 3627 1163 εἰρημένα
3647 1106 3662 1121 ⁸
3689 1093 3788 1150 καὶ

2210 1176 2317 1247 πρό
2365 1192 2426 1243 γε
2458 1175 2564 1227 τῶν
2589 1173 2762 1228 ἄλλων
2795 1172 3048 1226 ἁπάντων
3078 1172 3292 1242 ἐκείνην
3345 1190 3434 1242 μοι
3467 1173 3565 1243 τὴν
3596 1175 3780 1229 εἰκόνα

2209 1260 2512 1329 διατηρεῖτε
2564 1255 2866 1328 διηνεκῶς,
2911 1255 3033 1309 καθ’
3065 1256 3132 1325 ἢν
3164 1252 3315 1309 εἷπον
3362 1258 3488 1319 τοὺς
3542 1256 3778 1325 πένητας

2210 1341 2315 1413 πρὸ
2339 1340 2445 1393 τῶν
2469 1338 2646 1410 θυρῶν
2674 1337 2895 1391 ἑστάναι
2924 1337 3032 1391 τῶν
3056 1339 3358 1408 εὐκτηρίων
3380 1339 3561 1402 οἴκων,
3579 1339 3785 1409 ταύτην

2210 1425 2301 1478 ἐπὶ
2338 1423 2436 1492 τῆς
2484 1422 2664 1493 ψυχῆς
2696 1418 3132 1490 ἀναπληροῦντες
3180 1420 3279 1491 τὴν
3320 1420 3509 1491 χρείαν
3533 1463 3548 1486 ,
3592 1422 3658 1488 ἢν
3692 1422 3782 1475 ἐπὶ

2211 1506 2304 1560 τοῦ
2340 1506 2588 1576 σώματος
2642 1505 2674 1573 ἡ
2708 1504 2903 1574 κρήνη.
2940 1504 3036 1559 Ἂν
3081 1502 3191 1573 γὰρ
3230 1503 3387 1556 τοῦτο
3421 1498 3571 1572 ὦμεν
3607 1503 3781 1575 διηνε-

2211 1587 2321 1652 κῶς
2347 1586 2718 1660 μεμνημένοι,
2746 1583 2987 1657 συνεχῶς
3031 1585 3451 1656 ἀπονιπτόμενοι
3500 1587 3590 1640 τὸν
3636 1586 3780 1655 λογι-

2214 1673 2370 1742 σμὸν,
2404 1670 2651 1741 καθαρὰς
2682 1671 2782 1740 μὲν
2805 1669 3148 1741 δυνησόμεθα
3169 1668 3269 1732 τὰς
3296 1669 3461 1739 εὐχὰς
3489 1671 3776 1726 ἐπιτελεῖν.

2211 1753 2410 1825 πολλὴν
2438 1753 2494 1806 δὲ
2529 1751 2932 1806 ἐπισπάσασθαι
2969 1750 3120 1823 παρά
3158 1752 3252 1805 τοῦ
3275 1752 3412 1806 Θεοῦ
3439 1752 3539 1825 τὴν
3568 1755 3780 1825 παρρψ

2208 1837 2350 1900 σίαν,
2385 1835 2599 1905 καὶτῆς
2637 1835 2913 1905 βασιλείας
2942 1826 3049 1888 τῶν
3082 1834 3328 1905 οὐρανῶν
3348 1837 3647 1906 ἐπιτυχεῖν,
3682 1838 3776 1906 χά-

2213 1936 2321 1991 ριτι
2346 1918 2438 1972 καὶ
2467 1916 2846 1989 φιλανθρωπίᾳ
2876 1917 2970 1971 τοῦ
3011 1917 3216 1988 Κυρίου
3240 1919 3397 1990 ἡμῶν
3443 1918 3619 1987 Ἰησοῦ
3651 1919 3777 1991 Χριρ

2211 2003 2338 2054 στοῦ
2363 2040 2377 2065 ,
2405 1994 2449 2069 ᾧ
2475 2003 2509 2072 ἡ
2550 2000 2681 2066 δόξα
2713 1999 2808 2054 καὶ
2840 1998 2900 2052 τὸ
2932 2000 3132 2069 κράτος
3163 2002 3244 2064 εἰς
3282 2002 3408 2066 τοὺς
3442 2001 3643 2066 αἰῶνας
3670 2003 3779 2057 τῶν

2210 2082 2441 2139 αἰώνων.
2485 2084 2678 2155 Ἀμήν.

2486 2357 2841 2364 m—

1478 2586 1833 2648 MONITUM
1874 2589 1973 2647 AD
2013 2590 2385 2651 HOMILIAM
2426 2592 2505 2651 IN
2552 2590 2804 2663 ILLUD,

604 2778 814 2834 Nullam
845 2780 927 2835 vel
955 2781 1059 2837 loci
1084 2782 1164 2837 vel
1195 2783 1452 2855 temporis
1479 2793 1659 2841 notam
1688 2800 1799 2858 prae
1823 2803 1882 2844 se
1914 2787 2016 2845 fert
2040 2790 2154 2848 haec
2188 2793 2431 2850 homilia.
2466 2791 2571 2850 Sed
2594 2809 2625 2849 a
2660 2794 2810 2851 Pauli
2839 2795 3090 2853 laudibus
3116 2810 3278 2854 orsus
3303 2796 3751 2870 Chrysoslomus,

534 2897 651 2964 ejus
679 2899 927 2969 exemplo
951 2915 1223 2973 quemque
1245 2903 1403 2959 docet
1427 2905 1807 2961 absrinendum
1833 2922 2046 2978 semper
2081 2926 2204 2968 esse
2236 2928 2263 2968 a
2312 2914 2546 2984 propriis
2571 2914 2844 2984 laudibus,
2871 2924 3129 2987 quantum
3177 2916 3403 2974 facultas
3428 2917 3591 2985 ferat;
3624 2927 3679 2973 et
3706 2918 3751 2970 si

532 3015 768 3084 quando,
796 3024 1019 3087 urgente
1043 3032 1197 3086 casu,
1237 3028 1462 3089 cogatur
1493 3021 1760 3092 quispiam
1800 3037 1864 3081 ea
1919 3039 2350 3086 commemorare
2392 3045 2517 3099 qua:
2566 3031 2622 3086 in
2655 3046 2815 3088 suum
2855 3040 3071 3088 vertant
3120 3034 3404 3100 honorem,
3443 3034 3494 3089 id
3538 3049 3755 3089 summa

2140 3261 2487 3276 ’Μ’

1147 3398 1296 3473 [’9‘]
1338 3410 1510 3494 ΕΙΣ
1553 3410 1700 3492 ΤΟ
1757 3408 2562 3493 ΑΠΟΣΤΟΛΙΚΟΝ
2622 3411 3029 3505 ΡΗΤΟΝ,

1445 3593 1700 3661 Ὄφελον
1731 3594 2046 3663 ἀνέίχεσθέ
2062 3611 2185 3661 μου
2216 3592 2431 3662 μικρὸν
2463 3590 2537 3661 τῇ
2568 3593 2905 3662 ἀφροσύνῃ.

590 3922 659 3969 α’.
682 3914 964 3974 Ἄπαντας
993 3908 1092 3981 μὲν
1115 3906 1254 3978 φιλῶ
1276 3906 1402 3970 τοὺς
1433 3904 1636 3975 ἁγίους,
1664 3904 1894 3976 μάλιστα
1916 3904 1973 3958 δέ
2002 3902 2091 3958 τὸν

523 3999 789 4069 μακάριον
824 3991 1034 4048 Παῦλον
1054 4032 1069 4056 ,
1098 3990 1158 4044 τὸ
1186 3988 1376 4053 σκεῦος
1419 3989 1516 4059 τῆς
1557 3986 1805 4058 ἐκλογῆς,
1833 3987 1931 4057 τὴν
1964 3986 2090 4069 σάλ-

521 4065 693 4149 πιγγα
739 4077 837 4149 τὴν
863 4075 1135 4146 οὐράνιον,
1176 4072 1267 4125 τὸν
1310 4071 1674 4141 νυμφαγωγὸν
1708 4068 1802 4122 τοῦ
1831 4065 2088 4138 Χριστοῦ.

519 4165 689 4217 Τοῦτο
733 4162 790 4214 δὲ
822 4154 996 4211 εἶπον.
1031 4157 1122 4210 καὶ
1169 4154 1228 4207 ὃν
1277 4152 1405 4224 περὶ
1443 4152 1603 4205 αὐτὸν
1646 4150 1822 4222 ἔρωτα
1852 4150 1979 4221 ἐχω,
2012 4151 2091 4215 εἰς

523 4247 684 4317 μέσον
710 4243 996 4313 ἐξήνεγκα,
1026 4239 1115 4291 ἵνα
1146 4236 1240 4291 καὶ
1269 4235 1415 4306 ὑμᾶς
1456 4234 1742 4297 κοινωνοὺς
1769 4234 1978 4301 ποιήσω
1995 4232 2088 4285 τοῦ

519 4314 761 4400 ᾀίλτρου,
798 4326 861 4379 οἱ
898 4325 993 4395 μὲν
1024 4320 1132 4391 γὰρ
1171 4320 1260 4373 τὸν
1295 4317 1600 4388 σωματικὸν
1650 4314 1825 4386 ἔρωτα
1857 4314 2088 4386 ἐρῶντες

519 4414 741 4475 εἰκότως
762 4408 1105 4479 αἰσχύνονται
1133 4402 1433 4474 ὁμολογεῖν,
1463 4400 1559 4454 ἆτε
1588 4401 1681 4453 κοιλ⁸
1702 4400 1926 4462 ἑαυτοὺς
1954 4417 2086 4453 κατ-

519 4496 884 4567 αισχύνοντες,
940 4489 1034 4544 καὶ
1068 4487 1194 4548 τούς
1225 4484 1521 4567 ἀκούοντας
1557 4481 1879 4567 βλάπτοντες
1902 4484 2003 4567 ’ἑοί
2030 4481 2087 4535 δὲ

518 4563 1026 4645 τὸν-πνευματικὴν,
1062 4567 1329 4640 μηδέποτε
1377 4564 1761 4636 ὁμολογοῦντες
1805 4563 2085 4617 παυέσθω-

522 4678 619 4713 σαν
639 4677 650 4691 ·
675 4658 770 4712 καὶ
817 4656 928 4725 γὰρ
951 4653 1047 4706 καὶ
1076 4651 1300 4713 ἐαυτούς
1335 4650 1429 4702 καὶ
1455 4648 1582 4710 τοὺς
1618 4646 1910 4710 ἀκούοντας
1941 4647 2085 4717 ὠφε-

518 4740 670 4794 λοῦσι
694 4738 781 4794 διὰ
808 4736 907 4806 τῆς
932 4734 1105 4804 καλῆς
1136 4732 1340 4802 ταύτης
1368 4728 1677 4801 ὁμολογίας.
1725 4729 1959 4793 Ἐκεῖνος
1989 4730 2085 4799 μὲν

518 4824 626 4895 γὰρ
651 4825 679 4876 ὁ
715 4821 852 4891 ἔρως
876 4818 1040 4888 ἕγχλη
1050 4833 1145 4885 μα,
1173 4809 1326 4876 οὗτος
1348 4812 1403 4865 δὲ
1424 4810 1694 4895 ἐγκώμιον
1714 4827 1727 4841 ·
1754 4812 1957 4895 ἐκεῖνος
1989 4812 2085 4881 μὲν

519 4888 689 4969 πάθος
722 4888 896 4973 ψυχῆς
944 4895 1363 4969 διαϐεϐλημένον
1409 4893 1556 4947 ἐστὶν
1580 4934 1594 4959 ,
1625 4888 1776 4956 οὗτος
1808 4894 1862 4946 δὲ
1892 4893 2086 4963 εὐφροα

519 4988 653 5056 σύνη
678 4985 875 5056 ψυχῆς,
932 4982 1026 5036 καὶ
1073 4978 1404 5048 ἀγαλλίαμα,
1462 4975 1554 5030 καὶ
1596 4975 1798 5045 κόσμος
1831 4975 2080 5046 ἄριστος’

518 5074 722 5133 ἐκεῖνος
756 5067 966 5135 εἰσάγει
1017 5063 1248 5131 πόλεμον
1279 5060 1358 5123 εἰς
1395 5058 1492 5130 τὴν
1538 5057 1645 5110 τῶν
1696 5058 1940 5129 ἐρώντων
1972 5059 2085 5114 διά-

515 5172 684 5214 νοιαν.
715 5144 870 5212 οὗτος
897 5148 989 5202 καὶ
1016 5146 1117 5200 οτὺν
1151 5144 1279 5197 ὄντα
1315 5140 1548 5210 πόλεμον
1580 5137 1850 5203 ἐκὸάλλει,
1896 5142 1989 5194 καί
2027 5143 2085 5195 ἐν

520 5239 708 5308 εἰρήνῃ
732 5233 898 5304 πολλῇ
926 5232 1051 5293 τούς
1077 5227 1317 5308 ἐρῶντας
1345 5222 1655 5308 καθίστησι.
1680 5223 1959 5308 ﬁmi-1:210“
1993 5226 2089 5308 μέν

515 5291 666 5370 ᾇσὲδέν
684 5291 898 5383 ’ὂφελοξ
924 5291 1153 5378 γίνεται,
1179 5305 1315 5359 ἀλλά
1342 5303 1435 5358 και
1469 5291 1635 5371 πολλὴ
1673 5301 1845 5372 ζημία
1872 5291 2091 5374 χρημά-

514 5416 623 5451 των
668 5397 760 5451 καί
791 5394 1005 5461 δαπάνη
1050 5407 1134 5453 τις
1170 5388 1419 5457 ἀνόητος,
1465 5384 1560 5438 καὶ
1588 5383 1733 5453 ζωῆς
1779 5386 2090 5456 ἀνατροπὴ,

516 5482 613 5535 καὶ
643 5477 831 5532 οἰκιῶν
881 5473 1165 5543 ὁλόκληροι
1194 5467 1513 5539 διαφθοραί·
1548 5464 1800 5519 ἐντεῦθεν
1832 5466 1889 5519 δὲ
1921 5466 2086 5532 πολὺς

519 5566 549 5616 ὸ
575 5561 808 5623 πλοῦτος
841 5560 948 5612 τῶν
995 5553 1458 5624 κατορθωμάτων,
1499 5548 1666 5618 πολλὴ
1713 5553 1747 5619 ὴ
1802 5548 2087 5620 περιουσία

516 5645 613 5714 τῆς
648 5645 867 5712 ἀρετῆς.
915 5640 1057 5710 Πρὸς
1085 5638 1142 5690 δὲ
1174 5638 1285 5699 τοῖς
1315 5631 1652 5714 εἰρημένοις,
1686 5631 1735 5714 οἰ
1775 5630 1873 5699 μὲν
1893 5632 2089 5714 σωμά-

519 5712 625 5778 των
650 5723 935 5792 εὐμόρφων
965 5722 1217 5791 ἐρῶντες,
1260 5719 1351 5771 καὶ
1390 5715 1524 5786 πρὸς
1563 5713 1663 5776 τὰς
1691 5712 1947 5784 λαμπρὰς
1979 5714 2085 5768 τῶν

2191 3904 2366 3974 ὄψεων
2404 3905 2711 3977 κεχηνότες,
2752 3904 2816 3960 ἂν
2871 3897 3004 3959 ὦσιν
3061 3904 3277 3976 αἰσχροὶ
3332 3906 3425 3960 καὶ
3474 3906 3760 3968 δυσειδεῖς.

2191 3986 2342 4041 οὐδὲν
2393 3989 2457 4041 ἐκ
2487 3987 2586 4058 τῆς
2613 3987 2836 4041 ἐκείνων
2874 3986 3165 4059 ἐπιθυμίας
3208 3988 3289 4052 εἰς
3314 3987 3632 4059 ἀπαλλαγὴν
3664 3989 3761 4057 τῆς

2189 4069 2393 4132 οἰκείας
2417 4068 2788 4139 κερδαίνουσιν
2820 4069 3115 4141 ἀμορφίας,
3139 4069 3273 4123 ἀλλὰ
3306 4071 3398 4123 καὶ
3425 4071 3762 4141 αἰσχρότεροι

2190 4150 2464 4220 κρίνονται
2503 4150 2597 4203 καὶ
2620 4150 3009 4221 εἰδεχθέστεροι
3030 4169 3043 4183 '
3078 4152 3171 4206 ἐπὶ
3201 4150 3257 4204 δὲ
3293 4151 3386 4205 τοῦ
3408 4152 3608 4223 ἔρωτος
3636 4152 3763 4205 τού-

2190 4248 2285 4285 του
2311 4231 2618 4285 τούναντίον
2650 4231 2815 4288 ἅπαν.
2865 4233 2922 4286 '0
2954 4233 3063 4305 γὰρ
3088 4233 3267 4304 ψυχῆς
3294 4234 3454 4301 ἁγίας
3481 4234 3640 4304 ἐρῶν,
3670 4234 3766 4287 καὶ

2188 4314 2485 4385 εὐμόρφου,
2519 4314 2613 4367 καὶ
2639 4314 2918 4387 λαμπρᾶς,
2946 4316 3039 4369 καὶ
3068 4315 3445 4387 περικαλλοῦς,
3474 4316 3578 4369 κᾶν
3603 4315 3765 4378 αὐτὸς

2188 4396 2409 4467 αἰσχρὸς
2533 4395 2626 4449 καὶ
2675 4395 2943 4466 δυσειδὴς,
3002 4396 3103 4450 κᾶν
3158 4399 3412 4451 ἀπάντων
3464 4397 3765 4469 ἀνθρώπων

2189 4479 2489 4550 αἴσχιστος,
2540 4478 2793 4549 ἐμμένων
2828 4478 2905 4549 τῷ
2952 4478 3112 4551 ἐρωτι
3157 4479 3268 4532 τῶν
3320 4478 3510 4547 ἁγίων,
3556 4481 3764 4550 ταχέως

2185 4562 2339 4615 ἔσται
2371 4561 2630 4625 τοιοῦτος,
2666 4554 2777 4625 οἶος
2808 4562 2836 4614 ὁ
2873 4560 3165 4633 ἐρώμενος.
3202 4561 3312 4616 Καὶ
3341 4562 3451 4633 γὰρ
3484 4560 3765 4617 καὶτοῦτο

2184 4646 2285 4715 τῆς
2322 4645 2413 4699 τοῦ
2460 4642 2594 4698 Θεοῦ
2640 4643 3047 4714 φιλανθρωπίας
3099 4644 3278 4715 ἔργον,
3335 4645 3396 4697 τὸ
3456 4643 3618 4714 σῶμα
3666 4644 3765 4714 μέν

2185 4729 2429 4799 ἄμορφον
2493 4727 2584 4780 καὶ
2623 4725 3021 4797 πεπηρωμένον
3071 4728 3146 4798 μὴ
3194 4727 3452 4780 δύνασθαι
3495 4725 3763 4795 διορθοῦν,

2184 4809 2362 4881 ψυχὴν
2391 4810 2446 4863 δέ
2478 4808 2710 4878 αἰσχρὰν
2740 4809 2833 4861 καὶ
2849 4808 3064 4879 δυσειδῆ
3101 4808 3356 4862 δύνασθαι
3380 4806 3638 4881 λαμπρὰν
3672 4807 3763 4861 καὶ

2186 4891 2485 4962 περικαλλῆ
2519 4893 2711 4944 ποιεῖν.
2752 4890 2884 4943 Ἀπὸ
2916 4891 3024 4961 γὰρ
3051 4891 3148 4960 τῆς
3178 4891 3478 4961 εὐμορφίας
3506 4890 3605 4957 τῆς
3629 4888 3753 4941 ἐκεί⁸

2185 4990 2278 5026 νου
2328 4972 2482 5025 οὐδὲν
2533 4971 2597 5025 ἂν
2627 4973 2837 5040 γένοιτο
2873 4971 3095 5042 κέρδος·
3138 4973 3245 5026 ἀπὸ
3287 4973 3342 5026 δέ
3387 4972 3481 5024 τοῦ
3534 4970 3762 5032 κάλλους

2186 5056 2281 5109 τοῦ
2312 5056 2513 5123 ταύτης
2533 5054 2773 5108 τοσαῦτα
2805 5054 2982 5118 ἔξεστι
3007 5054 3402 5123 καρπώσασθαι
3431 5053 3632 5123 ἀγαθὰ,
3662 5053 3763 5105 ὅσα

2190 5137 2340 5210 [292]
2373 5137 2517 5200 εἰκὸς
2544 5136 2843 5205 κεκτῆσθαι
2875 5136 2965 5190 τὸν
3003 5136 3237 5208 ἐραστὴν
3269 5137 3458 5207 ἔχοντα
3486 5137 3580 5189 τὸν
3607 5134 3761 5189 Θεόν.

2190 5221 2327 5291 Περὶ
2354 5220 2555 5291 ταύτης
2593 5220 2692 5288 τῆς
2726 5219 3030 5289 εὐμορφίας
3066 5220 3160 5273 καί
3197 5222 3226 5272 ό
3255 5218 3414 5272 Δαυῖδ
3443 5220 3500 5270 ἐν
3529 5217 3761 5288 ψαλμοῖς

2192 5303 2353 5375 ᾅδων,
2386 5304 2712 5367 Ἄκουσον,
2754 5302 2906 5371 φησὶ,
2934 5302 3205 5370 θύγατερ,
3235 5301 3330 5356 καὶ
3363 5300 3474 5362 ῑδε,
3508 5298 3607 5352 καὶ
3636 5299 3756 5353 κλῖ-

2192 5404 2304 5442 νον
2327 5385 2395 5440 τὸ
2415 5380 2524 5451 οὖς
2550 5401 2687 5448 σου,
2718 5385 2819 5438 καί
2856 5383 3145 5440 ἐπιλάθου
3167 5385 3277 5439 τοῦ
3313 5382 3467 5439 λαοῦ
3509 5399 3627 5437 σου
3663 5380 3759 5434 καί

2194 5469 2296 5524 τοῦ
2325 5468 2497 5522 οἴκου
2525 5467 2628 5522 τοῦ
2653 5469 2876 5534 πατρός
2913 5484 3050 5531 σου,
3085 5467 3186 5521 καί
3214 5464 3570 5536 ἐπιθυμήσει
3591 5467 3625 5518 ό
3646 5465 3749 5528 βα-

2189 5550 2402 5615 σιλεὺς
2434 5549 2540 5604 τοῦ
2569 5548 2835 5615 κάλλους
2868 5565 2985 5603 σου
3006 5567 3018 5579 ·
3060 5550 3258 5614 κάλλος
3304 5546 3535 5602 ἐνταῦθα
3586 5546 3759 5611 λέγων

2190 5634 2251 5687 τὸ
2281 5634 2420 5688 κατὰ
2446 5633 2642 5705 ψυχὴν,
2683 5633 2820 5702 ὅπερ
2846 5632 2911 5685 δι’
2942 5634 3141 5704 ἀρετῆς
3175 5632 3268 5688 καὶ
3312 5628 3597 5711 εὐλαϐείας
3639 5644 3758 5682 ουν-

2196 5716 2426 5770 ίσταται.
