4082 6212
334 305 427 361 3'."

332 435 456 474 cum
492 419 780 473 tonsessui
807 419 1104 485 intersunt,
1141 435 1252 474 rem
1279 419 1461 490 populi
1486 419 1902 476 administrant:

337 529 435 582 pro
460 512 546 566 bis
562 511 818 566 omnibus
834 510 1053 566 accedis
1068 509 1234 565 Deum
1252 523 1600 575 exoraturus,
1615 522 1669 568 et
1691 513 1903 567 veniam

331 604 620 673 petiturus.
643 601 784 674 Ergo
823 603 889 656 da
912 604 1199 672 pecuniam
1222 605 1276 657 in
1297 619 1489 659 manus
1513 620 1832 674 pauperum,
1853 611 1907 658 et

333 695 583 765 absterge
604 696 724 749 illas
744 694 1008 758 maculas,
1038 702 1096 748 ut
1119 710 1238 749 cum
1259 695 1452 750 ﬁducia
1468 698 1687 751 invoces
1706 711 1905 766 rogans

334 786 486 839 illurn
523 786 615 855 qui
655 794 837 852 potest
873 785 988 841 btec
1030 787 1126 842 tibi
1169 797 1391 858 peccata
1426 789 1724 843 remittere.
1767 788 1823 842 Si
1854 795 1907 842 te

333 876 696 932 assuefeceris
737 892 1038 948 numquam
1076 881 1196 935 sine
1236 881 1576 950 eleemosyna
1606 895 1764 935 sacra
1793 880 1906 933 haec

330 967 602 1020 vestibula
645 968 876 1032 intrare,
903 983 1004 1022 nec
1043 977 1259 1038 sponte,
1315 969 1520 1023 invitus
1556 983 1812 1038 umquam
1839 966 1911 1021 ab

331 1055 438 1110 hoc
465 1054 610 1110 bono
639 1070 806 1126 opere
831 1058 1138 1114 abstinebis
1163 1078 1176 1114 :
1207 1066 1417 1114 tantum
1443 1061 1588 1114 valet
1609 1066 1908 1114 consuetu-

319 1145 410 1198 do.
442 1144 508 1199 Et
526 1146 660 1199 sicut
683 1145 1180 1214 quomodocumque
1200 1161 1259 1200 se
1279 1160 1364 1200 res
1391 1144 1601 1212 habeat,
1621 1159 1906 1213 numquam

319 1236 552 1290 suStines
598 1236 757 1290 illotis
800 1235 1044 1290 manibus
1087 1235 1321 1304 precari,
1354 1244 1695 1304 posteaquam
1740 1234 1908 1289 semel

319 1331 757 1386 consuetudinem
781 1329 915 1385 hanc
931 1332 1216 1400 usurpasti,
1237 1331 1303 1383 ita
1322 1331 1478 1384 etiam
1504 1331 1556 1384 in
1574 1330 1908 1400 elecmosyna

321 1425 366 1477 si
395 1423 530 1478 hanc
560 1423 731 1492 legem
767 1423 859 1476 tibi
893 1423 1203 1491 praeﬁxeris,
1243 1423 1425 1476 volens
1457 1422 1644 1476 nolens
1673 1421 1910 1490 quotidie

323 1515 467 1570 illam
509 1515 772 1584 implebis,
821 1515 932 1584 ipsa
959 1513 1342 1569 consuetudine
1367 1515 1432 1567 ad
1466 1514 1566 1568 hoc
1593 1523 1906 1582 pertractus.

395 1607 633 1662 Precatio
675 1625 789 1661 cum
837 1609 952 1676 igne
993 1607 1198 1661 collata.
1227 1637 1300 1648 —
1326 1606 1466 1678 Ignis
1510 1617 1592 1661 cst
1637 1607 1868 1676 precatio
1892 1646 1907 1669 ,

324 1699 591 1767 prtecipue
617 1713 735 1752 cum
767 1713 796 1752 a
826 1697 1075 1767 vigilante
1103 1707 1157 1752 et
1182 1698 1357 1752 sobria
1403 1709 1579 1752 mente
1622 1697 1912 1766 proﬁcisci-

326 1799 411 1840 tur
443 1806 456 1841 :
489 1786 580 1842 sed
629 1788 763 1857 ignis
791 1787 889 1843 iste
929 1801 1063 1856 opus
1092 1787 1252 1842 habet
1295 1788 1435 1853 oleo,
1467 1797 1523 1841 ut
1549 1787 1612 1841 ad
1644 1787 1754 1855 ipsa
1796 1786 1908 1840 ca-li

327 1894 562 1934 convexa
612 1879 1208 1949 perveniat:caztcrum
1255 1879 1450 1944 oleum,
1497 1894 1604 1948 quo
1643 1879 1778 1948 ignis
1826 1877 1912 1931 hic

325 1970 568 2034 fovetur,
613 1986 715 2026 non
762 1971 902 2024 aliud
948 1979 1030 2025 est
1075 1986 1231 2039 quain
1280 1971 1640 2040 eleemosyna.
1689 1967 1913 2022 Atl'unde

327 2060 483 2130 igitur
507 2061 681 2114 oleum
713 2063 813 2116 hoc
842 2061 1077 2132 largiter,
1105 2071 1156 2115 ut
1183 2061 1513 2115 exhilaratus
1539 2059 1639 2114 hoc
1660 2069 1750 2113 tuo
1771 2064 1911 2113 bono

910 301 996 356 DE
1037 301 1281 358 VERBIS
1309 301 1670 370 APOSTOLI,
1699 297 1946 359 UTlNAll
1985 295 2475 354 SUSTINERETIS
2513 296 2841 366 MODICUM,
2882 297 3034 354 E'I'C.

3489 291 3593 348 302

2009 427 2193 482 opere,
2226 428 2346 468 cum
2391 413 2593 482 majore
2621 411 2896 468 alacritate
2937 410 3294 481 precationem
3325 414 3468 460 tuam
3497 404 3596 458 ab-

2008 504 2204 556 solvas.
2251 501 2400 558 Sicut
2439 503 2581 556 enim
2628 503 2716 572 qui
2760 501 2957 556 nullius
3003 499 3157 553 bona:
3207 498 3282 551 rei
3329 493 3431 551 sibi
3474 502 3598 548 sunt

2009 596 2228 661 conscii,
2261 595 2401 649 nulla
2443 609 2564 649 eum
2612 594 2802 648 ﬁducia
2849 593 3052 663 precari
3098 597 3362 660 possunt:
3393 586 3462 641 ita
3507 591 3595 654 qui

2012 689 2147 744 bene
2177 688 2375 758 aliquid
2424 695 2666 758 egerunt,
2697 697 2748 741 et
2778 695 2896 756 post
2925 686 3022 739 ista
3071 697 3231 750 Opera
3273 679 3339 734 ad
3367 692 3597 748 precan-

2009 782 2134 836 dum
2166 796 2224 834 se
2269 780 2567 845 conferunt,
2600 780 2705 834 lauti
2743 777 3110 834 recordatione
3140 775 3275 829 bene
3299 781 3594 842 gestorum,

2009 872 2211 940 majore
2236 886 2356 925 cum
2386 870 2660 925 alacritate
2684 868 3121 939 supplicationem
3148 879 3300 920 suam
3340 860 3594 916 offerunt.

2011 963 2080 1018 Ut
2111 963 2272 1032 igitur
2315 961 2412 1016 hac
2456 977 2666 1031 quoque
2711 968 2860 1030 parte
2902 957 3235 1013 efﬁcaciores
3273 955 3383 1009 sint
3409 966 3598 1023 preces

2011 1062 2229 1119 nostrae,
2259 1052 2510 1106 nimirum
2555 1061 2732 1106 mente
2763 1065 2858 1119 per
2896 1046 3260 1103 beneﬁcentia:
3285 1043 3598 1099 memoriam

2011 1146 2258 1207 excitata,
2287 1159 2406 1198 eum
2435 1145 2773 1213 eleemosyna
2802 1141 2867 1195 ad
2896 1136 3218 1210 precandum
3257 1133 3596 1190 accedamus.

2012 1247 2066 1291 et
2094 1237 2377 1306 diligenter
2406 1235 2579 1289 omnia
2625 1250 2742 1303 quae
2771 1232 2910 1286 dicta
2941 1238 3065 1284 sunt
3105 1229 3158 1282 in
3191 1224 3446 1281 memoria
3475 1222 3603 1278 reti-

2014 1344 2255 1392 neamus,
2297 1336 2350 1382 et
2380 1337 2504 1381 ante
2533 1326 2709 1379 omnia
2756 1323 2898 1377 illam
2946 1333 3235 1390 pauperum
3278 1313 3598 1383 imaginem,

2013 1434 2116 1489 qua
2146 1434 2239 1473 eos
2269 1417 2374 1471 dixi
2401 1431 2498 1487 pro
2530 1415 2734 1469 foribus
2757 1413 2976 1469 oratorii
3019 1409 3334 1470 consistere,
3369 1403 3595 1473 idipsum

2015 1511 2069 1564 in
2098 1512 2288 1563 anima:
2319 1524 2471 1562 usum
2518 1515 2850 1576 prtestantes,
2881 1501 3021 1574 quod
3066 1501 3120 1555 in
3161 1496 3402 1568 corporis
3445 1506 3600 1548 usum

2017 1603 2137 1656 fons
2163 1601 2396 1657 exhibet.
2421 1600 2476 1655 Si
2504 1604 2644 1654 enim
2668 1598 2856 1651 horum
2887 1607 3150 1649 memores
3172 1589 3424 1645 continue
3448 1598 3601 1638 men-

2017 1700 2120 1746 tem
2152 1692 2495 1754 ablucrimns,
2526 1687 2814 1757 poterimus
2844 1694 2898 1739 et
2927 1696 3086 1752 puras
3115 1693 3301 1750 preces
3327 1676 3392 1730 ad
3423 1673 3598 1729 Domi-

2019 1800 2142 1837 num
2178 1783 2429 1850 allegare,
2461 1779 2676 1833 multam
2703 1776 2842 1845 apud
2874 1775 3038 1828 Deum
3064 1771 3306 1825 ﬁduciam
3335 1767 3600 1829 obtinere,

2017 1885 2072 1928 et
2121 1873 2333 1927 cmleste
2384 1885 2602 1940 regnum
2649 1871 2924 1937 consequi,
2971 1864 3137 1935 gratia
3181 1871 3236 1916 et
3281 1858 3603 1928 benignitate

2022 1963 2226 2018 Domini
2259 1963 2428 2016 nostri
2457 1961 2584 2015 .lcsu
2610 1959 2829 2023 Christi,
2857 1956 2942 2012 cui
2969 1955 3135 2026 gloria
3161 1963 3215 2008 et
3241 1950 3522 2021 imperium
3549 1946 3602 2000 in

2019 2055 2213 2110 sa'cula
2235 2054 2574 2122 smculut'uut.
2602 2053 2794 2104 Amen.

829 2589 1123 2653 UTINAM
1164 2583 1706 2654 SUSTINERETIS
1747 2593 2090 2655 MODICUM
2133 2594 2314 2667 QUID
2354 2594 2830 2656 INSIPIENTl/E
2871 2595 3070 2654 MEIE.

341 2813 464 2855 cum
503 2801 874 2857 moderatione
904 2803 1270 2872 praestandum
1307 2818 1448 2860 esse.
1478 2803 1718 2876 ldipsum
1763 2821 1893 2862 vero
1936 2805 2224 2860 conﬁrmat
2254 2806 2505 2876 exemplo
2542 2806 2761 2862 Davidis
2797 2813 2852 2861 et
2904 2803 3217 2860 Samuelis:
3251 2811 3305 2858 et
3345 2801 3479 2857 nihil
3509 2817 3571 2856 ve

344 2914 520 2969 obiter
544 2918 734 2987 tangit,
759 2931 867 2988 quo
899 2917 1194 2976 internosci
1222 2921 1398 2977 valeat
1427 2922 1800 2978 Antiochitene
1829 2938 1898 2976 an
1930 2921 2402 2989 Constantinopoli
2444 2922 2582 2977 hanc
2615 2922 2931 2978 concionem
2966 2919 3240 2975 habuerit.

398 3050 893 3124 Interpretationem
915 3055 1107 3113 incerti
1123 3056 1569 3128 cujusdam,’qu:e
1584 3058 1766 3113 minus
1783 3057 1918 3114 bene
1936 3057 2261 3112 concinnata
2281 3065 2389 3110 erat
2402 3096 2416 3120 ,
2435 3055 2819 3126 expunximus,
2841 3069 3146 3125 novamque
3165 3052 3571 3108 adornavimus.

375 3317 550 3326 -—-——._
565 3320 671 3328 .____.
689 3322 1045 3330 __..——..—.————

1224 3522 1332 3594 1N
1387 3521 1609 3593 HOC
1660 3519 2176 3591 APOSTOLI
2219 3518 2658 3604 DICTUM,

689 3696 932 3738 unum
978 3695 1424 3738 SUSTINEBETIS
1461 3693 1756 3738 uomcuu
1799 3692 1952 3745 QUID
1995 3690 2397 3733 msxpmmw
2440 3690 2590 3732 MEIE
2623 3671 2640 3750 (
2669 3669 2728 3729 2.
2777 3669 2927 3731 Cor.
2961 3670 3057 3729 11.
3093 3669 3116 3728 1
3152 3668 3198 3747 ).

392 3949 442 4001 1.
481 3945 593 3999 Veri
629 3946 816 3998 umoris
846 3946 994 3998 ratio.
1019 3977 1088 3985 —
1116 3945 1315 4000 Omnes
1341 3945 1586 4013 equidem
1630 3962 1751 3999 amo
1781 3963 1902 4001 san-

317 4050 453 4104 ctos,
489 4039 718 4093 maxime
761 4054 886 4092 vero
931 4039 1140 4093 beatum
1186 4039 1426 4103 Paulum,
1458 4054 1550 4093 vas
1579 4039 1856 4093 electionis
1885 4081 1898 4102 ,

319 4131 497 4185 tubam
543 4129 830 4193 caelestem,
877 4128 1071 4184 Christi
1121 4130 1439 4198 pronubam.
1487 4128 1542 4183 ld
1587 4145 1715 4184 vero
1753 4128 1898 4194 dixi,

318 4226 605 4290 meumque
632 4236 754 4290 erga
799 4221 944 4274 illum
973 4236 1208 4276 amorem
1241 4221 1292 4274 in
1324 4221 1555 4275 medium
1596 4221 1810 4292 protuli,
1845 4229 1903 4273 ιιι

318 4312 558 4381 ejusdem
582 4327 675 4364 vos
706 4312 990 4382 participes
1020 4311 1308 4367 efﬁcerem.
1341 4313 1470 4367 Nam
1499 4314 1585 4384 qui
1617 4329 1899 4384 corporum

316 4420 500 4458 amore
526 4405 767 4472 flagrant,
800 4403 870 4466 id,
902 4416 956 4457 et
983 4404 1102 4471 jure
1126 4405 1358 4474 quidem,
1392 4407 1710 4461 erubescunt
1739 4403 1900 4474 proﬁ-

319 4499 435 4561 teri,
473 4506 654 4566 utpote
677 4496 763 4565 qui
810 4495 887 4550 sic
933 4505 986 4549 et
1025 4497 1123 4550 sibi
1173 4497 1452 4565 pudorem,
1497 4499 1784 4553 etca‘teris
1811 4497 1904 4552 da-

318 4605 498 4641 mnum
547 4586 772 4640 infcrant
804 4604 817 4640 :
847 4587 934 4657 qui
966 4603 1090 4640 vero
1113 4588 1370 4657 spirituali
1397 4589 1583 4642 ardent
1605 4604 1807 4655 amore,
1849 4589 1900 4643 id

318 4682 468 4736 fateri
499 4696 784 4750 numquam
813 4689 1026 4736 cessent
1060 4699 1074 4736 :
1105 4681 1300 4737 etenim
1342 4691 1395 4736 et
1422 4682 1520 4736 sibi
1547 4691 1602 4737 et
1643 4683 1900 4737 auditori-

321 4774 416 4825 bus
467 4773 580 4827 suis
630 4772 728 4826 hac
790 4772 1008 4840 pulchra
1069 4771 1405 4828 confessione
1449 4773 1760 4842 proderunt.
1810 4773 1902 4828 Ille

320 4879 549 4932 namque
579 4878 731 4916 amor
768 4863 970 4917 crimen
998 4871 1100 4928 est,
1145 4862 1230 4917 hic
1261 4879 1387 4917 vero
1416 4863 1586 4918 laudis
1616 4879 1900 4934 argumen-

318 4966 428 5009 tum
454 4972 470 5010 :
500 4955 588 5010 ille
635 4965 691 5009 ut
733 4955 950 5008 morbus
992 4954 1183 5008 anima:
1229 4955 1366 5010 male
1413 4955 1578 5020 audit,
1627 4955 1712 5010 hic
1740 4955 1900 5010 animi

319 5047 499 5101 betitia
526 5055 630 5112 est,
657 5045 960 5110 exsultatio,
989 5054 1043 5100 et
1067 5055 1284 5099 ornatus
1308 5046 1570 5116 optimus:
1594 5047 1680 5102 ille
1707 5047 1899 5102 bellum

319 5138 370 5189 in
397 5137 688 5190 amantium
720 5145 949 5191 mentem
982 5135 1202 5197 inducit,
1238 5134 1321 5190 hic
1347 5137 1389 5190 si
1421 5134 1564 5206 quod
1594 5137 1663 5190 sit
1704 5137 1899 5191 bellum

315 5230 576 5293 eliminat,
610 5229 661 5282 in
703 5243 996 5298 magnaque
1048 5243 1176 5296 pace
1203 5229 1476 5282 constituit
1518 5238 1806 5284 amatores.
1837 5229 1902 5283 Et

319 5321 446 5376 hinc
491 5321 919 5388 nulla,provenit
949 5320 1145 5374 utilitas
1171 5362 1184 5383 .
1214 5320 1307 5375 sed
1352 5321 1513 5374 multa
1556 5323 1897 5390 pecuniarum

312 5413 536 5483 jactura,
587 5419 828 5480 sumptus
876 5411 1067 5477 insani,
1111 5413 1232 5466 vita:
1275 5412 1572 5477 subversio,
1619 5412 1898 5468 dom-vrum

316 5515 557 5558 extrema
607 5503 910 5573 pernicies;
947 5504 1068 5558 hinc
1099 5505 1338 5575 ingentes
1369 5505 1628 5559 bonorum
1678 5521 1897 5576 operum

313 5597 535 5662 diriti'r,
567 5596 774 5650 virtutis
803 5612 991 5667 magna
1017 5597 1189 5668 copia.
1221 5597 1299 5651 Ad
1331 5597 1444 5652 lucc
1483 5613 1611 5652 vero
1640 5597 1900 5653 formoso-

314 5704 434 5746 rum
451 5703 735 5760 corporum
753 5699 1038 5760 amatores,
1056 5690 1143 5764 qui
1164 5691 1228 5748 ad
1251 5689 1469 5748 decoras
1491 5690 1650 5746 facies
1673 5689 1895 5757 inhiant,

1879 3813 2267 3868 3539——

2011 3951 2054 4002 si
2085 3959 2265 4018 turpes
2294 3947 2390 4016 ipsi
2423 3947 2528 4001 sint
2557 3962 2620 4001 ac
2644 3945 2931 4009 deformes,
2964 3944 3090 3997 nihil
3131 3959 3196 3998 ex
3238 3960 3419 3998 earum
3447 3945 3601 4013 cupi-

2011 4039 2134 4092 dine
2161 4038 2225 4090 ad
2253 4036 2642 4090 deformitatem
2671 4050 2819 4089 suam
2840 4033 3268 4088 commutandam
3289 4035 3594 4100 lucrantur;

2012 4129 2103 4183 Sed
2133 4144 2198 4183 ex
2243 4128 2640 4197 comparatione
2685 4126 2947 4196 turpiores
2992 4126 3600 4194 defot~tnioresqtteesse

2012 4220 2257 4274 videntur
2288 4238 2299 4274 :
2329 4229 2514 4276 contra
2543 4235 2669 4275 vero
2697 4219 2886 4274 accidit
2912 4219 2962 4273 in
2996 4217 3096 4273 hoc
3121 4233 3324 4272 amore.
3355 4217 3484 4272 Nam
3511 4219 3596 4287 qui

2011 4325 2274 4382 sanctam,
2308 4314 2615 4376 formosam,
2665 4312 2998 4380 splendidam
3038 4321 3091 4366 et
3133 4311 3381 4366 drCorattt
3429 4311 3599 4380 diligit

2011 4406 2264 4472 animam,
2288 4406 2386 4461 etsi
2412 4405 2667 4460 deformis
2689 4405 2776 4459 ille
2799 4405 2887 4469 sit,
2913 4405 3009 4458 etsi
3032 4403 3266 4457 omnium
3295 4402 3594 4456 mortalium

2013 4499 2368 4569 turpissimus,
2416 4498 2468 4552 in
2514 4509 2815 4553 sanctorum
2859 4510 3041 4550 amore
3086 4508 3462 4564 perseverans,
3493 4495 3599 4547 cito

2012 4591 2133 4645 talis
2161 4590 2284 4656 erit,
2332 4590 2504 4660 qualis
2551 4589 2595 4643 is
2634 4589 2720 4659 qui
2754 4597 2981 4642 amatur.
3030 4585 3083 4640 ld
3115 4586 3255 4640 enim
3295 4594 3378 4639 est
3403 4585 3596 4639 divinzc.

2011 4681 2351 4751 benignitatis
2395 4697 2549 4751 opus,
2581 4681 2722 4751 quod
2751 4695 2944 4748 corpus
2969 4677 3215 4739 deforme
3251 4686 3305 4730 et
3351 4677 3594 4730 mutilum

2013 4780 2240 4842 nequeat
2281 4771 2593 4836 emendari,
2635 4774 2809 4824 anima
2854 4786 2978 4823 vero
3024 4769 3191 4837 turpis
3232 4781 3295 4821 ac
3339 4765 3600 4822 deformis

2011 4862 2288 4932 Splendida
2330 4861 2630 4930 decoraque
2677 4863 2843 4932 possit
2887 4860 3047 4916 efﬁci.
3080 4859 3156 4914 Ex
3204 4857 3600 4929 pulchritudine

2010 4954 2152 5010 enim
2181 4954 2320 5008 illius
2341 4955 2468 5008 nihil
2494 4955 2621 5008 lucri
2664 4954 2904 5023 provenit
2929 4995 2944 5018 ,
2974 4968 3036 5007 cx
3079 4949 3468 5021 pulchritudine
3500 4965 3601 5005 all-

2015 5057 2118 5101 tem
2158 5047 2352 5101 anima:
2395 5056 2472 5101 tot
2521 5056 2739 5116 possunt
2768 5045 2982 5116 cxcerpi
3030 5045 3188 5108 bona,
3219 5051 3350 5114 quot
3394 5057 3488 5112 par
3515 5051 3597 5096 est

2010 5140 2251 5196 obtinere
2295 5157 2439 5204 eum,
2472 5142 2558 5211 qui
2593 5141 2756 5195 Deum
2805 5149 3097 5194 amatorem
3144 5137 3357 5192 habeat.
3389 5137 3463 5191 De
3495 5134 3593 5190 hac

2010 5232 2404 5302 pulchritudine
2428 5232 2590 5288 David
2610 5233 2659 5286 in
2685 5232 2909 5287 Psalmis
2929 5243 3127 5286 eanens
3153 5230 3224 5284 ait
3249 5247 3265 5284 :
3291 5229 3442 5292 Audi,
3462 5228 3593 5296 ﬁlia,

2010 5334 2056 5378 et
2083 5325 2212 5390 vide,
2240 5335 2284 5380 et
2311 5325 2499 5378 inclina
2525 5342 2699 5378 aurem
2734 5334 2892 5389 tuam,
2939 5332 2986 5376 ct
3013 5322 3300 5376 obliviscere
3353 5318 3595 5392 populum

2010 5425 2173 5478 tuum,
2204 5425 2250 5470 et
2273 5417 2474 5470 domum
2503 5417 2661 5485 patris
2688 5415 2761 5468 tui
2789 5431 2808 5469 :
2834 5425 2880 5469 et
2919 5414 3234 5482 conettpiscet
3260 5428 3348 5466 rex
3370 5422 3596 5464 decorem

2009 5515 2149 5560 tuum
2182 5507 2349 5578 (Psal.
2383 5508 2471 5563 41.
2507 5509 2591 5561 ll.
2627 5507 2708 5578 l2)
2746 5525 2758 5561 :
2792 5507 3040 5562 decorem
3088 5505 3175 5561 hic
3215 5503 3406 5558 anima:
3433 5503 3592 5569 dicit,

2007 5599 2096 5669 qui
2124 5599 2318 5654 virtute
2347 5601 2644 5670 pietateque
2670 5600 3027 5655 constituitur.

2075 5692 2128 5748 2.
2159 5691 2290 5749 Cum
2316 5708 2442 5764 ergo
2475 5703 2674 5749 tantum
2702 5694 2771 5750 sit
2793 5694 2998 5748 lucrum
3029 5693 3109 5759 iis,
3129 5694 3221 5765 qui
3244 5706 3368 5748 cum
3387 5692 3590 5748 sanctis
