4082 6212
471 305 573 363 503
1179 305 1234 361 8.
1275 303 1550 362 ΞῦᾹΝΝΙὲὀ
1587 301 2050 362 ΕΙΙΠΫΒΟΒΤΟΜ]

2158 303 2414 361 [ιειιιειι.
2458 301 2986 361 (ΖΟΧΞΤΑΝΤΙΧΟΡ.

471 419 846 474 communione
867 423 1180 492 junguntur,
1203 421 1401 474 amoris
1426 421 1528 476 mei
1554 420 1834 491 participes
1857 430 2046 475 estote:

475 512 614 566 hunc
644 521 885 565 sanctum
915 527 1121 565 summa
1147 527 1266 566 cum
1295 513 1485 568 allecto
1510 513 1807 584 diligamus.
1847 514 1978 568 Nam
2007 516 2050 568 si

476 602 561 654 hic
588 615 739 654 amor
783 601 835 654 in
879 603 1112 654 animum
1155 603 1480 673 ingrediatur
1521 613 1783 670 nostrum,
1815 605 2052 675 Splendi-

444 761 447 764 _
472 691 698 760 dantque
728 688 993 764 ﬂammam
1025 693 1217 747 excitet
1245 710 1260 748 :
1293 694 1338 748 si
1383 694 1506 763 quid
1537 695 1831 765 spinosum,
1859 697 1901 751 si
1928 696 2052 766 quid

472 794 719 835 saxosum
749 782 831 835 vel
859 796 1131 850 aSperum,
1161 783 1242 838 vel
1271 785 1536 856 stupidum
1570 786 1620 840 in
1648 786 2053 856 cogitationibus

474 872 671 926 nostris
712 872 965 941 oll’eudat,
998 885 1106 929 tum
1138 877 1186 929 id
1235 878 1540 942 absumens,
1571 887 1678 933 tum
1728 879 1854 934 illud
1883 881 2050 934 emol-

473 960 626 1027 liens,
674 963 904 1017 animam
957 975 1191 1020 nostram
1243 982 1342 1022 ceu
1390 969 1585 1039 pingue
1629 984 1814 1024 arvum
1861 970 2054 1026 div'naa

473 1055 698 1108 sementi
744 1065 923 1124 aptum
968 1057 1180 1112 el'tieiet.
1213 1058 1322 1114 Nec
1363 1060 1490 1114 mihi
1519 1060 1687 1126 dicas,
1719 1061 1914 1117 Paulus
1958 1078 2054 1117 nec

471 1144 622 1198 adest
653 1161 812 1211 nunc,
846 1163 943 1201 nec
971 1151 1137 1203 oculis
1163 1152 1488 1220 conspicitur
1512 1154 1708 1207 nostris
1733 1171 1746 1218 ;
1788 1154 2055 1224 quomodo

475 1235 641 1301 possit
663 1237 830 1290 amari
863 1239 925 1302 is,
960 1256 1112 1308 quem
1147 1256 1249 1296 non
1281 1242 1565 1297 videmus?
1592 1243 1732 1297 Nihil
1762 1247 1902 1299 cnim
1933 1245 2054 1300 huic

473 1325 638 1379 amori
671 1336 754 1381 est
779 1328 1156 1398 impedimento
1186 1350 1197 1384 :
1227 1334 1422 1387 ctenim
1453 1345 1504 1390 et
1529 1336 1800 1392 absentem
1832 1353 2012 1393 amare
2035 1380 2050 1405 ,

471 1423 520 1467 et
551 1430 654 1469 non
685 1428 1026 1486 conspectum
1055 1422 1276 1492 diligere
1321 1439 1621 1492 possumus,
1665 1443 1784 1482 cum
1816 1431 2052 1485 maxime

474 1513 551 1558 tot
580 1515 632 1560 et
662 1508 780 1559 talia
819 1510 1050 1576 quotidie
1082 1513 1290 1566 virtutis
1337 1516 1475 1570 illius
1503 1530 1843 1574 monumenta
1873 1521 2052 1575 videa-

473 1611 609 1660 mus,
658 1612 848 1666 nempe
901 1601 1164 1657 Ecclesiae
1211 1605 1405 1674 ubique
1452 1615 1710 1662 terrarum
1757 1611 2050 1678 stabilitas,

474 1687 755 1757 impietatis
787 1693 1144 1760 eversionem,
1170 1696 1425 1766 improlne
1451 1700 1572 1755 vit;e
1594 1702 1644 1755 in
1669 1703 1857 1758 melius
1883 1715 2054 1760 muta-

474 1779 690 1844 tionem,
736 1786 933 1838 erroris
976 1788 1367 1857 expulsionem,
1414 1791 1617 1848 dirutas
1660 1810 1799 1860 aras,
1841 1798 2051 1852 occlusa

473 1871 702 1939 tem-pla,
748 1872 1047 1930 dzemonum
1101 1878 1386 1934 silentium.
1447 1883 1569 1937 llmc
1615 1886 1810 1954 quippe
1873 1889 2050 1942 omnia

474 1961 618 2014 Pauli
647 1963 830 2017 ellicax
865 1965 1060 2036 lingua,
1095 1969 1269 2023 divina
1299 1971 1592 2041 inspirante
1619 1977 1806 2044 gratia,
1837 1975 2050 2032 destru-

474 2056 565 2119 xit,
585 2070 646 2108 ac
671 2056 1001 2124 splendidam
1031 2060 1223 2131 ubique
1253 2063 1458 2131 pietatis
1498 2064 1761 2120 ﬂammam
1788 2067 2048 2122 accendit.

472 2143 600 2198 Cum
647 2155 721 2198 tot
753 2149 1016 2218 tantisque
1045 2152 1208 2220 gestis
1259 2153 1393 2223 ejus,
1425 2154 1618 2208 adsunt
1648 2171 1857 2225 quoque
1887 2173 2052 2213 saerre

473 2233 609 2288 illius
635 2236 892 2304 ορίδιοιίυ,
923 2256 1040 2308 quze
1068 2242 1234 2295 licata!
1276 2243 1393 2312 ejus
1419 2245 1608 2298 anima:
1635 2244 1855 2300 fortnam
1891 2262 2050 2302 accu-

474 2335 587 2380 ralc
609 2328 761 2382 nobis
788 2329 1095 2401 depingant.
1128 2335 1201 2387 Ac
1227 2335 1270 2388 si
1310 2351 1438 2404 ergo
1467 2351 1584 2391 cum
1617 2337 1730 2408 ipso
1757 2339 1920 2393 Paulo
1941 2340 2049 2410 jam

471 2428 733 2482 praesente
756 2429 811 2474 ct
841 2422 1115 2478 nobiscum
1143 2437 1389 2480 versante
1407 2427 1812 2497 dissereremns,
1841 2431 1917 2484 sic
1938 2433 2052 2499 ejus

471 2509 679 2577 scriptis
709 2511 945 2566 studiose
989 2515 1443 2585 obtemperemus.
1481 2521 1660 2573 intima
1694 2533 1745 2575 et
1793 2523 2049 2592 profunda

471 2601 819 2668 explicemus,
849 2605 1110 2659 discamus
1138 2609 1263 2677 quid
1293 2611 1417 2663 illud
1462 2613 1528 2665 sit
1556 2614 1694 2681 quod
1728 2613 1883 2668 hodie
1913 2618 2054 2669 voci-

477 2692 746 2748 lerabatur
774 2697 955 2751 dicens
988 2716 1001 2752 ε
1039 2699 1242 2754 Utinam
1293 2705 1600 2758 sustineretis
1641 2708 1890 2762 modicum
1932 2711 2053 2779 quid

474 2783 772 2851 insipientia:
810 2803 932 2842 mea:
954 2806 974 2854 ,'
999 2791 1087 2843 sed
1129 2801 1174 2844 et
1201 2803 1492 2861 supportale
1535 2812 1611 2847 me
1641 2813 1656 2848 :
1681 2797 1894 2851 a'mulor
1921 2801 2052 2854 enim

477 2890 556 2926 eos
610 2874 704 2928 Dei
749 2879 1067 2935 a'mnlationc
1113 2882 1190 2951 (ἓ.
1229 2881 1345 2938 Cor.
1406 2887 1490 2940 11.
1549 2888 1594 2941 1.
1639 2887 1714 2960 9.).
1767 2890 1901 2956 Quid
1949 2892 2049 2958 ais,

473 2965 678 3022 Paule?
707 2967 805 3034 Qui
847 2969 1002 3038 jubes
1049 2972 1337 3043 disc-pulos
1383 2977 1431 3030 in
1482 2980 1733 3046 sapientia
1783 2982 2051 3037 amblare

475 3073 596 3129 erga
625 3069 927 3125 extraneos,
957 3065 1044 3132 qui
1065 3065 1224 3134 dicis,
1259 3067 1438 3122 Sermo
1463 3081 1620 3124 uester
1645 3074 1906 3142 semperin
1929 3092 2046 3144 gra-

472 3151 541 3204 tia
567 3152 672 3206 sale
698 3153 762 3206 sit
805 3155 1055 3222 conditus,
1103 3167 1156 3211 ut
1205 3161 1374 3215 sciatis
1422 3163 1669 3230 quomodo
1712 3175 1935 3233 oporteat
1967 3182 2053 3219 vos

475 3243 739 3314 unicuique
763 3247 1064 3316 respondere
1091 3249 1308 3314 (Coloss.
1339 3252 1390 3305 4.
1420 3251 1473 3307 5.
1507 3253 1563 3324 6)
1589 3269 1602 3317 ;
1636 3254 1724 3324 qui
1749 3260 2053 3325 apprccaris

470 3338 745 3400 omnibus,
781 3347 838 3392 ttt
866 3343 1132 3410 sapientia
1160 3345 1477 3414 repleantur
1518 3347 1787 3416 spirituali
1817 3351 2052 3417 (Coloss.

476 3427 522 3478 l.
542 3427 617 3495 9),
646 3428 757 3495 ipse
782 3429 939 3491 dicis,
972 3431 1185 3486 Utinam
1206 3437 1530 3488 sustineretis
1556 3439 1811 3491 modicum
1832 3425 1958 3509 quid
1977 3441 2053 3493 in-

471 3518 727 3585 sipicttlia.’
748 3523 912 3574 mea?
935 3522 1050 3575 Non
1074 3525 1206 3578 satis
1229 3536 1348 3580 erat
1366 3527 1462 3580 tibi
1481 3529 1701 3597 aliquod
1722 3530 2050 3600 insipientia:

475 3608 693 3658 verbum
737 3611 999 3675 emisisse,
1045 3614 1137 3667 sed
1171 3625 1224 3667 et
1254 3616 1524 3686 discipulis
1570 3621 1695 3675 illud
1726 3623 1927 3678 effers?
1953 3641 2052 3680 nec

475 3693 634 3749 modo
663 3697 818 3752 ellcrs
866 3700 1157 3770 discipulis,
1186 3705 1276 3758 sed
1327 3707 1377 3760 id
1421 3711 1667 3765 omnibus
1716 3723 1833 3780 post
1861 3713 2051 3770 futuris

474 3783 776 3842 hominibus
807 3805 898 3858 per
924 3795 1199 3860 epistolam
1229 3807 1408 3851 notum
1438 3797 1606 3854 facis?
1636 3804 2051 3862 Animadvertite

473 3892 628 3945 quam
659 3894 762 3934 non
804 3894 1047 3951 oporteat
1075 3885 1213 3941 dicta
1260 3897 1460 3945 temere
1502 3905 1930 3963 prmtercurrcre,
1957 3899 2048 3953 sed

474 3987 635 4028 unum
663 3975 907 4046 quodque
948 3990 1192 4035 accurate
1218 3985 1488 4038 scrutari?
1514 3984 1643 4039 Illud
1676 3989 1815 4042 enim
1846 3990 1888 4043 si
1918 3993 2051 4043 sim-

473 4063 682 4132 pliciter
723 4067 960 4137 legatur,
1008 4071 1207 4127 circum
1253 4075 1508 4130 emittitur
1564 4078 1894 4133 auditoribus
1925 4099 1938 4135 :
1967 4081 2048 4136 sin

474 4171 600 4211 vero
623 4159 972 4226 exatninetur,
1006 4178 1245 4232 magnam
1274 4166 1505 4221 ostendit
1533 4167 1678 4221 Pauli
1712 4171 2046 4239 sapientiam,

475 4263 716 4314 magnam
762 4249 1116 4320 prudentiam,
1147 4255 1460 4311 ineﬂ'ahilem
1491 4273 1692 4312 curam.

542 4341 597 4398 5.
635 4341 674 4392 Α
714 4340 1159 4413 Pseudoaposlolis
1199 4357 1462 4401 accusatus
1503 4347 1699 4402 Paulus
1740 4366 1792 4404 se
1840 4351 2052 4405 laudare

471 4433 683 4501 cogitur.
714 4463 786 4473 —
814 4433 948 4502 Quid
978 4437 1186 4490 tandem
1215 4436 1340 4490 illud
1362 4447 1442 4492 est
1468 4437 1605 4506 quod
1631 4438 1856 4493 dicitur?
1886 4440 2049 4494 Pseu-

473 4525 769 4594 doapostoli
792 4527 943 4580 multi
969 4538 1118 4582 erant
1147 4529 1283 4597 apud
1309 4528 1614 4584 Corinthios
1641 4531 1727 4601 qui
1757 4531 1898 4601 ipsos
1925 4547 2048 4587 cor-

475 4626 778 4682 rumperent
798 4631 859 4670 ac
885 4617 1106 4670 Paulum
1135 4630 1483 4685 accusarent,
1534 4621 1649 4690 ejus
1700 4621 1914 4689 famam,
1944 4639 2047 4694 qua

475 4705 612 4771 apud
643 4707 929 4775 discipulos
954 4723 1080 4763 suos
1109 4710 1334 4775 valebat,
1359 4712 1580 4766 subdole
1619 4714 1870 4768 lmdentes
1890 4756 1902 4775 .
1931 4715 2046 4769 dic-

476 4797 621 4849 tcriis
652 4796 796 4849 illum
827 4797 1213 4855 subsannantcs
1239 4843 1252 4865 ,
1287 4810 1342 4855 ut
1375 4811 1707 4872 arrogantem
1737 4804 2046 4857 insimulan-

475 4899 570 4940 tes.
605 4886 712 4940 llos
736 4887 1043 4958 plerumque
1085 4891 1134 4944 in
1175 4891 1398 4960 epistola
1438 4908 1531 4946 sua
1573 4893 1828 4962 impetere
1857 4895 2048 4963 depre-

476 4979 720 5032 henditur
744 4997 757 5031 :
790 4981 1234 5049 quemadmodum
1255 4999 1376 5036 cum
1408 4983 1558 5049 dicit,
1582 4983 1698 5038 Non
1725 5002 1898 5038 sumus
1917 4987 2046 5038 sicut

471 5075 635 5124 ueteri
656 5113 669 5134 ,
702 5071 1040 5125 adulterantes
1086 5073 1285 5125 verbum
1337 5072 1430 5126 Dei
1471 5075 1490 5143 (
1508 5074 1564 5128 Ξ.
1587 5073 1704 5130 Cor.
1732 5075 1928 5143 2.1’ῑ);
1985 5091 2048 5131 ac

473 5176 654 5214 rursus
675 5177 792 5214 eum
821 5159 964 5225 dicit,
986 5160 1110 5216 Sine
1135 5177 1284 5217 onere
1309 5178 1385 5215 me
1409 5163 1543 5216 t'obis
1560 5165 1748 5216 servavi
1767 5163 1851 5235 (Ib
1878 5181 1923 5217 ο.
1959 5167 1976 5218 1
1999 5167 2044 5218 1.

474 5253 652 5320 9):ac
697 5251 964 5323 pollicitus
1007 5267 1065 5307 se
1123 5254 1258 5308 hanc
1303 5253 1470 5323 legem
1516 5269 1727 5323 semper
1775 5256 2044 5309 immotam

471 5356 801 5400 servaturum
821 5361 973 5400 esse:
1007 5343 1100 5399 Est
1131 5348 1292 5412 enim,
1327 5348 1515 5417 inquit,
1547 5348 1726 5401 veritas
1753 5347 1937 5402 Christi
1994 5350 2046 5401 in

471 5454 547 5489 me
573 5452 590 5490 :
620 5439 855 5504 quoniam
879 5439 986 5490 Ita'c
1010 5438 1246 5508 gloriatio
1269 5455 1378 5492 mea
1408 5456 1507 5492 non
1537 5439 1838 5510 infringetur
1867 5439 1916 5492 in
1963 5431 2055 5492 re-'

470 5529 700 5597 gionilms
726 5531 930 5584 Achaia:
950 5531 967 5601 (
989 5529 1068 5583 Ib.
1098 5545 1127 5584 υ
1173 5530 1260 5602 10)
1283 5547 1298 5596 ;
1329 5546 1450 5585 cum
1472 5530 1663 5584 deinde
1684 5545 1898 5582 causam
1920 5531 2048 5583 Sllll-

469 5619 659 5685 iunxit,
714 5621 1006 5676 sceleratos
1059 5623 1178 5676 illos
1223 5623 1518 5678 subindicat
1564 5622 1793 5676 dicens:
1831 5620 2047 5687 Quare?

476 5707 609 5774 Quia
636 5725 732 5761 non
759 5711 915 5780 diligo
941 5729 1025 5764 vos
1047 5712 1072 5764 .9
1125 5712 1256 5768 Deus
1301 5714 1410 5767 scit.
1445 5713 1592 5782 Quod
1621 5723 1786 5767 autem
1813 5713 1947 5782 facio
1993 5725 2046 5768 et

3638 307 3741 363 303

2165 419 2392 488 faciant:
2413 429 2467 472 ut
2488 429 2743 488 amputem
2770 419 3081 472 occasionem
3111 435 3302 485 eorum,
3358 423 3448 492 qui
3476 421 3634 475 roluit
3657 437 3738 473 or-

2159 509 2410 563 casionem
2439 509 2512 579 (ἓ.
2540 509 2655 562 Cor.
2692 511 2778 564 11.
2805 508 2928 579 l2);
2963 519 3018 564 et
3049 519 3172 564 ante
3199 509 3313 564 haec
3341 510 3629 580 discipulos
3654 525 3744 566 co-

2163 597 2420 664 hortatur,
2445 613 2512 653 nc
2529 599 2698 669 ipsum
2715 599 2964 654 inducant
2983 601 3032 651 in
3053 600 3427 654 necessitatem
3451 617 3598 654 suam
3618 603 3748 670 ipsis

2161 695 2479 756 potestatem
2503 689 2808 754 exhibendi,
2839 689 2909 744 ita
2941 691 3162 744 dicens:
3200 691 3342 761 Iiogo
3367 701 3532 745 autem
3561 707 3644 744 vos
3689 710 3744 746 ne

2161 797 2381 850 pra'scns
2405 781 2641 842 audeam,
2679 798 2768 851 per
2807 798 2917 835 eam
2947 783 3303 850 conﬁdentiam
3351 800 3449 853 qua
3488 785 3746 838 existimor

2159 873 2365 936 audere,
2389 873 2440 926 in
2461 872 2705 940 quosdam
2730 875 2816 944 qui
2837 874 3147 927 arbitrantur
3178 890 3268 928 nos
3290 885 3544 942 tantquam
3563 892 3738 929 securi.

2159 962 2282 1015 dum
2307 978 2508 1016 carnem
2533 965 2843 1018 ambulemus
2873 964 2960 1033 (‘2.
2994 963 3111 1018 Cor.
3147 966 3228 1019 10.
3259 964 3337 1036 2).
3360 965 3422 1020 Ili
3456 966 3597 1020 enim
3619 966 3742 1036 ipsi,

2159 1051 2227 1106 de
2251 1053 2438 1120 quibus
2468 1052 2582 1107 haec
2607 1055 2697 1117 ait,
2727 1069 2822 1124 per
2852 1055 3074 1108 imoiam
3109 1055 3280 1124 ipsum
3307 1057 3609 1112 incusantes
3629 1058 3745 1113 luce.

2159 1143 2407 1198 dicebant
2439 1163 2451 1198 :
2481 1146 2732 1214 epistolas
2775 1147 2919 1200 Pauli
2954 1163 3201 1216 magnum
3243 1163 3351 1217 pra!
3381 1165 3441 1202 se
3474 1152 3609 1205 l'crre
3661 1161 3743 1203 tu-

2159 1251 2362 1289 tnorcm
2393 1245 2446 1289 et
2473 1237 2753 1290 verborum
2785 1239 3162 1308 arrogantiam,
3209 1239 3380 1307 ipsum
3416 1255 3542 1293 vero
3591 1241 3738 1294 nihili

2160 1341 2300 1391 esse,
2330 1327 2485 1382 vilem
2514 1338 2567 1382 et
2592 1328 2878 1398 abjectum.
2910 1330 3262 1399 Posteaquam
3299 1340 3472 1385 autem
3506 1332 3608 1387 huc
3650 1333 3744 1385 ad-

2164 1419 2387 1476 venerit.
2416 1419 2650 1484 aiebant,
2677 1419 2874 1472 nullius
2893 1420 3046 1488 pretii
3069 1421 3262 1490 dignus
3277 1421 3538 1476 videbitur
3561 1442 3575 1477 :
3602 1425 3741 1492 quod

2160 1508 2332 1576 ipsum
2355 1508 2632 1563 declarans
2658 1510 2866 1564 diccbat
2894 1526 2907 1561 :
2948 1511 3014 1564 Ut
3035 1521 3316 1565 autemnon
3339 1514 3593 1568 existimer
3613 1526 3740 1568 tam-

2161 1619 2308 1672 quam
2355 1612 2538 1655 terrere
2561 1619 2646 1656 vos
2674 1619 2762 1672 per
2787 1605 3027 1668 epistolas
3055 1621 3074 1656 :
3100 1606 3338 1672 quoniam
3389 1606 3590 1674 quidem
3637 1609 3743 1675 epi-

2159 1695 2321 1760 stola,
2346 1696 2598 1765 inquiunt,
2628 1711 2801 1766 graves
2839 1706 2955 1751 sunt
2979 1707 3026 1750 et
3052 1701 3206 1768 fortes
3231 1713 3249 1752 :
3282 1701 3550 1768 pra’sentia
3577 1713 3742 1754 autent

2159 1787 2384 1853 corporis
2413 1786 2634 1854 inﬁrma,
2661 1795 2707 1840 et
2730 1804 2891 1841 sermo
2911 1790 3298 1858 contemptibilis
3326 1789 3431 1854 (Ib.
3465 1807 3512 1846 υ.
3553 1792 3606 1847 9.
3630 1795 3738 1859 illi.

2161 1874 2360 1930 Deinde
2388 1875 2691 1932 Corinthios
2721 1877 2885 1947 ipsos,
2917 1879 3005 1948 qui
3055 1883 3290 1948 persuasi
3323 1882 3552 1950 inerant,
3584 1900 3739 1939 accu-

2158 1984 2284 2022 sans
2309 1969 2399 2034 ait,
2434 1969 2696 2040 Numquid
2724 1981 2980 2039 peccatum
3021 1974 3137 2041 feci,
3173 1974 3420 2042 meipsum
3441 1975 3737 2035 humilians,

2159 2069 2213 2112 ut
2239 2075 2327 2114 vos
2352 2062 2641 2115 exaltemini
2671 2062 2747 2130 (2.
2771 2061 2889 2117 Cor.
2916 2064 3000 2117 11.
3037 2063 3136 2132 7)?
3166 2064 3231 2118 Et
3259 2063 3359 2120 hoc
3406 2067 3608 2122 crimen
3653 2069 3738 2121 di-

2159 2152 2309 2206 lucns
2336 2153 2407 2206 ait
2434 2153 2643 2219 iterum,
2667 2153 2799 2219 Quia
2821 2155 2992 2225 quales
3005 2171 3180 2210 sumus
3203 2157 3348 2210 verbo
3378 2175 3468 2228 per
3498 2159 3738 2230 epistolas

2158 2248 2404 2311 absentes,
2426 2248 2548 2302 tales
2577 2257 2622 2302 et
2643 2257 2910 2316 pra'sentes
2931 2249 2981 2302 in
2996 2253 3128 2320 facta
3147 2249 3222 2320 (9..
3239 2248 3355 2304 Cor.
3377 2250 3441 2305 l0
3488 2253 3591 2319 11).
3607 2253 3738 2318 Quia

2162 2337 2318 2406 igitur
2344 2337 2493 2391 multt
2523 2338 2661 2406 apud
2685 2339 2801 2392 illos
2827 2349 2976 2392 erant
3006 2340 3454 2409 pscndoapostoli,
3511 2357 3644 2412 quos
3688 2354 3740 2395 et

2159 2429 2434 2498 operarios
2461 2429 2675 2485 dolosas
2700 2431 2957 2496 nominat,
2989 2431 3065 2484 sic
3089 2430 3258 2486 dicit:
3300 2431 3436 2486 Nam
3492 2435 3741 2505 ejusmodi

2163 2521 2571 2588 pseudoapostoli
2597 2522 2818 2586 cperarii
2839 2520 3041 2574 subdoli
3061 2531 3198 2587 sunt,
3220 2524 3643 2592 trans/igurantes
3688 2542 3740 2577 se

2157 2615 2208 2660 in
2230 2609 2482 2678 apostolos
2510 2608 2714 2663 Christi.
2749 2607 2810 2662 Et
2855 2627 2954 2664 non
2978 2611 3158 2664 mirum
3183 2628 3202 2664 :
3230 2612 3336 2681 ipse
3359 2614 3491 2666 enim
3519 2613 3739 2668 Satanas

2159 2701 2484 2771 transﬁgurat
2509 2718 2561 2755 se
2585 2702 2636 2754 in
2661 2703 2892 2772 angelum
2917 2703 3065 2758 lucis.
3098 2704 3217 2758 Non
3249 2717 3320 2759 est
3353 2723 3471 2778 ergo
3496 2725 3734 2778 magnum

2156 2793 2201 2846 si
2245 2794 2460 2847 ministri
2501 2795 2610 2864 ejus
2653 2796 3075 2865 transﬁgurentur
3114 2803 3246 2851 velut
3289 2799 3508 2852 ministri
3525 2800 3739 2871 justitiie

2158 2882 2388 2954 (ἔλεον,
2418 2884 2500 2937 11.
2547 2884 2758 2954 13-15).
2791 2885 2923 2939 Cum
2977 2887 3133 2955 igitur
3184 2886 3259 2952 hi,
3307 2887 3598 2943 innumeris
3643 2905 3736 2943 ex-

2159 2979 2398 3045 Ceg?tatis
2419 2988 2604 3032 contra
2634 2994 2753 3033 eum
2802 2979 3102 3045 calumniis,
3137 2981 3409 3050 discipulis
3436 2994 3687 3038 nocerent
3718 3027 3734 3050 ,

2161 3069 2333 3122 minus
2361 3079 2740 3139 congruentem
2769 3069 3003 3124 doctoris
3017 3072 3460 3127 existimationem
3486 3074 3738 3130 inducen-

2161 3168 2261 3224 tcs,
2299 3161 2506 3230 cogitur
2537 3161 2624 3216 ille
2654 3161 2868 3216 demum
2902 3163 2951 3216 in
2983 3165 3315 3232 pr0priarum
3348 3165 3556 3219 laudum
3584 3183 3734 3220 cam-

2158 3253 2593 3306 m:morationcm
2641 3253 2906 3307 incidere:
2936 3269 3108 3323 neque
3133 3256 3274 3310 enim
3301 3255 3437 3310 ultra
3470 3259 3627 3312 silere
3656 3269 3734 3311 tu-

2159 3353 2269 3397 tum
2298 3353 2430 3398 erat.
2451 3343 2581 3411 Quia
2609 3345 2765 3414 igitur
2788 3360 2879 3399 sua
2907 3346 3060 3400 nobis
3080 3347 3368 3401 certamina
3394 3358 3737 3403 cnarraturus

2158 3443 2260 3499 est,
2306 3449 2515 3488 necnon
2545 3450 2657 3502 cas,
2689 3451 2820 3505 quas
2841 3437 2990 3502 vidit,
3022 3438 3392 3504 revelationes,
3423 3440 3734 3508 laboreSque

2157 3541 2290 3593 quos
2316 3527 2477 3580 subiit
2511 3543 2524 3578 :
2557 3537 2611 3580 ut
2640 3527 2887 3582 ostendat
2913 3527 3158 3582 omnibus
3183 3545 3240 3583 se
3267 3545 3407 3598 tegre
3429 3539 3481 3584 et
3512 3530 3733 3583 invitum

2160 3617 2208 3670 id
2260 3633 2437 3686 agere,
2466 3634 2528 3674 ac
2578 3619 2699 3673 licet
2744 3619 2792 3673 id
2834 3621 3190 3674 necessarium
3238 3637 3357 3678 esse
3387 3623 3578 3687 videat,
3609 3625 3738 3677 insi-

2159 3710 2408 3778 pientiam
2438 3720 2612 3765 tamen
2639 3712 2687 3764 id
2719 3720 2890 3777 vocat,
2918 3713 2996 3767 sic
3022 3713 3264 3783 loquens,
3293 3715 3497 3769 Utinam
3521 3717 3737 3769 sustine-

2159 3801 2276 3854 retis
2307 3801 2558 3854 modicum
2579 3803 2699 3872 quid
2721 3803 3024 3871 insipientia:
3046 3818 3185 3856 mea.
3224 3804 3355 3858 Rem
3384 3805 3622 3866 stultam,
3652 3805 3734 3858 in-
3761 3827 3780 3842 ο

2159 3892 2291 3962 quit,
2321 3907 2664 3964 aggressurus
2691 3909 2829 3959 sum,
2858 3901 2914 3946 ut
2944 3895 3204 3962 meipsum
3237 3894 3443 3949 laudem
3491 3903 3546 3949 et
3594 3897 3733 3949 cele-

2159 3983 2306 4038 brem
2331 4003 2344 4048 ;
2376 3993 2428 4038 at
2454 3998 2558 4038 non
2586 3999 2685 4054 ego
2709 3984 2759 4037 in
2787 3999 2943 4038 causa
2972 3999 3111 4050 sum,
3141 3984 3233 4040 sed
3257 3985 3290 4038 ii
3321 3987 3513 4054 potius,
3539 3988 3627 4055 qui
3652 4001 3735 4040 me

2160 4075 2210 4128 in
2239 4075 2373 4129 hanc
2397 4076 2763 4129 necessitatem
2781 4075 3137 4144 impulerunt:
3169 4092 3333 4145 quare
3362 4092 3491 4146 rogo
3514 4093 3597 4131 me
3620 4093 3735 4131 sus-

2162 4165 2392 4230 tinentis,
2425 4165 2637 4234 illisque
2660 4180 2777 4220 eam
2806 4180 3022 4220 causam
3048 4166 3340 4235 imptttctis.

2227 4257 2282 4311 4.
2326 4256 2394 4310 At
2422 4257 2541 4311 vide
2577 4255 2704 4310 mihi
2755 4257 2900 4311 Pauli
2930 4258 3258 4327 prudentiam
3284 4274 3300 4312 :
3327 4273 3446 4313 cum
3474 4258 3736 4325 dixisset,

2163 4346 2369 4401 Utinam
2393 4347 2707 4400 sustineretis
2734 4349 2982 4401 modicum
3008 4349 3129 4416 quid
3150 4349 3452 4418 insipientia?
3475 4365 3619 4412 metr,
3648 4350 3736 4401 sed

2157 4450 2203 4491 et
2229 4447 2524 4507 supportale
2560 4455 2639 4492 me
2662 4454 2683 4492 :
2711 4439 2922 4492 wmulor
2967 4441 3096 4492 enim
3124 4456 3208 4493 vos
3251 4439 3349 4493 Dei
3394 4441 3734 4499 inundatione.

2158 4545 2261 4583 non
2295 4530 2472 4583 statim
2500 4529 2564 4584 ad
2593 4529 2806 4584 laudum
2839 4531 3194 4582 narrationem
3226 4531 3402 4593 venit,
3425 4530 3519 4583 sed
3577 4531 3736 4582 int-sr-

2159 4620 2345 4688 positis
2369 4619 2564 4683 verbis,
2600 4620 2677 4674 sic
2698 4619 2858 4673 infert
2883 4637 2896 4672 :
2930 4619 3120 4672 Iterum
3146 4620 3276 4684 dico,
3314 4637 3375 4672 ne
3398 4621 3510 4690 quis
3538 4636 3616 4672 me
3638 4636 3732 4688 pu-

2157 4719 2224 4762 tet
2253 4710 2572 4780 insipientem
2596 4726 2700 4764 esse
2730 4726 2747 4763 :
2777 4710 3002 4776 alioquin
3033 4711 3162 4762 velut
3187 4709 3503 4777 insipientem
3526 4711 3737 4774 accipite

2155 4815 2235 4852 me
2256 4799 2274 4870 (
2295 4800 2348 4852 2.
2380 4798 2497 4853 Cor.
2532 4800 2616 4853 ll.
2648 4798 2738 4872 16)
2801 4798 2984 4868 Neque
3015 4807 3188 4851 tamen
3219 4798 3295 4852 sic
3333 4797 3398 4850 ad
3438 4798 3736 4850 enarratio-

2156 4905 2276 4943 nem
2322 4891 2487 4956 venit,
2531 4889 2623 4945 sed
2657 4891 2846 4944 iterum
2880 4889 3148 4958 suhjungit
3175 4903 3237 4941 ac
3263 4887 3425 4941 dicit:
3465 4886 3614 4951 Quod
3661 4888 3736 4938 lo-

2155 4997 2300 5050 quor,
2331 4990 2431 5034 non
2460 4983 2637 5052 loquor
2666 4981 2937 5033 secundum
2965 4978 3258 5042 Dominum,
3289 4977 3378 5030 scd
3399 4979 3538 5044 quasi
3567 4977 3617 5029 in
3647 4978 3727 5029 ἕης

2153 5072 2412 5140 sipientia,
2434 5073 2484 5124 in
2515 5074 2609 5124 hac
2627 5072 2906 5124 substantia
2932 5070 3106 5140 gloria:
3128 5067 3231 5134 (Ib.
3249 5084 3294 5120 υ.
3317 5068 3424 5137 17).
3446 5067 3551 5121 Nec
3573 5068 3733 5121 etiam

2157 5175 2272 5232 post
2297 5163 2408 5217 haec
2437 5164 2593 5217 audet
2624 5162 2848 5232 ingredi,
2877 5161 2967 5215 sed
3001 5175 3112 5213 rem
3135 5159 3313 5214 dill'ert
3332 5175 3394 5213 ac
3413 5159 3571 5213 dicit:
3599 5158 3734 5224 Quo-

2154 5255 2291 5306 niam
2333 5253 2475 5306 multi
2503 5254 2789 5324 gloriantur
2827 5251 3098 5305 secundum
3127 5267 3327 5304 carnem
3353 5291 3368 5314 ,
3413 5259 3459 5303 et
3492 5266 3582 5316 ego
3626 5245 3733 5315 glo-

2153 5347 2357 5409 riabor;
2381 5345 2587 5399 libenter
2612 5347 2745 5398 enim
2775 5343 2997 5412 stt/fertis
3022 5344 3333 5412 insipientes,
3363 5359 3476 5394 cum
3504 5343 3611 5394 sitis
3638 5341 3735 5410 ipsi

2154 5441 2402 5508 sapientes
2425 5437 2528 5505 (Ib.
2553 5455 2601 5493 r.
2634 5439 2720 5493 18.
2749 5439 2856 5505 19).
2885 5437 3020 5504 Quin
3049 5437 3206 5491 etiam
3231 5445 3414 5504 postea
3462 5433 3652 5501 refugit
3679 5444 3730 5485 et

2153 5538 2450 5593 cunctatur,
2481 5545 2542 5585 ac
2567 5530 2875 5599 quihusdam
2899 5527 3187 5595 intcrjectis
3205 5542 3414 5580 rursum
3439 5524 3597 5580 infert
3627 5542 3638 5576 :
3670 5523 3730 5576 In

2151 5639 2249 5692 quo
2278 5623 2387 5691 quis
2409 5624 2577 5688 audet,
2604 5623 2655 5676 in
2682 5622 2970 5687 insipientia
2996 5621 3130 5683 dico,
3179 5619 3344 5672 audeo
3375 5628 3422 5672 et
3448 5635 3537 5687 ego
3595 5617 3615 5688 (
3650 5613 3735 5666 Ib-

2153 5730 2200 5768 υ.
2227 5710 2342 5786 21).
2373 5714 2445 5769 Ac
2477 5724 2599 5770 tunc
2624 5713 2856 5781 dentom,
2908 5721 3027 5783 p051
3058 5721 3128 5766 tot
3157 5709 3464 5780 praunissas
3518 5719 3744 5761 excusa-
