4082 6212
417 335 519 388 505

413 448 607 513 tiones,
641 445 855 504 laudum
881 447 1442 504 commemorationem
1463 449 1547 503 vix
1569 450 1728 506 audet
1758 452 1992 522 aggredi.

417 539 493 592 Ac
519 535 970 606 quemadmodum
1000 549 1166 604 equus
1183 537 1531 606 praecipitium
1575 547 1630 594 et
1675 549 1998 610 praeruptum

417 627 680 682 transilire
700 641 914 697 parans,
938 637 1186 682 conatum
1215 629 1442 684 intendit
1464 639 1521 686 ut
1544 641 1794 699 transeat,
1822 643 1876 688 ut
1903 651 1998 689 ve-

415 733 478 773 ro
492 718 903 788 profunditatem
922 719 1174 785 intuetur,
1195 721 1522 793 obstupescit
1536 725 1993 797 contrahiturque,

424 809 548 865 hinc
571 812 659 866 ubi
686 812 830 866 videt
859 812 1094 882 equitem
1117 815 1294 870 acrius
1321 817 1536 882 instare,
1565 833 1750 873 rursus
1784 828 1950 875 tcntat
1976 861 1992 884 ,

415 899 750 971 idipsumqne
787 903 930 972 quod
961 915 1138 972 antea,
1164 906 1379 976 patitur,
1394 910 1762 965 necessitatem
1786 911 1996 981 vimque

413 991 511 1045 sibi
541 991 739 1046 illatam
768 995 1080 1063 ostendens,
1103 1005 1208 1052 stat
1223 998 1309 1052 diu
1328 998 1579 1056 hinniens
1601 1001 1665 1055 ad
1687 1017 1834 1056 oram
1855 1019 1992 1072 pra:-

411 1083 572 1151 rupti,
596 1091 651 1136 ut
675 1084 773 1138 sibi
805 1086 1013 1141 animos
1038 1089 1233 1143 faciens
1273 1090 1522 1158 domum,
1583 1094 1846 1150 transilire
1893 1110 1993 1150 au-

411 1171 575 1228 deat:
610 1175 689 1227 sic
715 1183 768 1229 et
793 1175 979 1232 beatus
1007 1177 1222 1245 Paulus,
1247 1188 1514 1252 tamquam
1551 1183 1602 1237 in
1645 1185 1989 1254 praecipitium

408 1263 676 1332 quoddam
703 1281 825 1321 sese
845 1281 967 1321 mox
991 1268 1342 1336 demissurus,
1361 1287 1554 1342 nempe
1579 1275 1632 1327 in
1660 1277 1990 1344 pr0priarum

411 1353 621 1408 laudum
643 1358 1225 1427 commemorationem,
1272 1363 1460 1430 semel,
1492 1363 1683 1418 iterum
1715 1375 1768 1420 et
1796 1367 1950 1421 tertio
1971 1407 1985 1431 ,

409 1443 516 1499 imo
541 1445 740 1515 pluries
764 1448 1049 1503 retrocedit
1072 1450 1151 1505 sic
1172 1452 1377 1519 dicens,
1408 1453 1616 1509 Utinam
1652 1457 1991 1511 sustinueritis

409 1535 663 1590 modicum
690 1538 814 1609 quid
848 1539 1152 1610 insipientia:
1178 1559 1338 1598 meae:
1363 1552 1416 1600 et
1444 1545 1655 1613 iterum,
1682 1545 1765 1601 Ne
1782 1548 1894 1618 quis
1914 1565 1992 1603 me

409 1638 543 1698 putet
570 1631 888 1700 insipientem
907 1650 1012 1689 esse
1033 1650 1052 1689 :
1075 1636 1299 1707 alioquin
1327 1640 1460 1693 velut
1498 1640 1816 1710 insipientem
1843 1643 1986 1696 acci-

408 1722 511 1789 pite
534 1738 612 1776 me
633 1740 657 1791 ;,
676 1732 751 1790 et,
783 1724 930 1790 Quod
959 1727 1154 1797 loquor,
1196 1746 1296 1783 non
1316 1731 1494 1802 loquor
1511 1734 1784 1788 secundum
1813 1735 1989 1790 Domi-

408 1828 548 1879 num,
573 1814 662 1867 sed
689 1817 836 1886 quasi
864 1817 916 1870 in
945 1818 1254 1888 insipientia,
1285 1822 1336 1876 in
1364 1824 1459 1876 hac
1477 1826 1758 1878 substantia
1773 1827 1986 1897 gloria;

407 1918 470 1958 ac
498 1921 727 1973 rursum,
765 1907 1017 1975 Quoniam
1046 1914 1192 1966 multi
1229 1915 1514 1985 gloriantur
1541 1919 1818 1972 secundum
1867 1935 1984 1973 car-

409 2011 542 2061 nem,
566 2005 613 2048 et
636 2012 727 2066 ego
737 1998 1028 2068 gloriabor;
1053 2001 1260 2058 libenter
1280 2005 1409 2059 enim
1425 2005 1647 2073 su/Tertis
1671 2008 1983 2078 insipientes,

405 2100 518 2137 cum
541 2085 649 2140 sitis
676 2087 774 2150 ipsi
795 2091 1078 2159 sapientes;
1107 2093 1424 2166 iterumque,
1454 2095 1520 2150 In
1549 2114 1649 2168 quo
1675 2100 1787 2168 quis
1811 2099 1982 2169 audet,

403 2176 456 2228 in
483 2176 774 2247 insipientia
799 2181 934 2248 dico,
966 2185 1128 2239 audeo
1155 2195 1202 2239 et
1233 2203 1342 2258 ego.
1396 2189 1474 2244 Ac
1530 2200 1807 2261 postquam
1858 2207 1982 2247 sex-

406 2270 609 2324 centies
633 2286 692 2325 se
717 2272 936 2326 stultum
967 2284 1024 2329 et
1053 2277 1387 2346 insipientem
1418 2282 1728 2351 appellavit,
1755 2283 1837 2336 vix
1866 2291 1982 2337 tan-

403 2360 523 2414 dem
576 2361 738 2416 audet
777 2364 828 2418 in
873 2367 1117 2435 proprias
1161 2369 1345 2425 laudes
1390 2371 1752 2428 descendere:
1785 2373 1985 2428 IIebrwi

402 2457 538 2515 sum,
577 2459 622 2504 et
669 2467 760 2522 ego
783 2471 802 2506 :
828 2451 1079 2510 Israelita?
1105 2467 1240 2523 sunt,
1295 2468 1341 2512 et
1389 2477 1523 2532 ego:
1551 2478 1717 2516 semen
1769 2463 1986 2518 Abrahae

404 2550 542 2604 sunt,
571 2550 618 2594 et
645 2557 736 2612 ego
757 2557 776 2596 :
807 2544 1024 2598 ministri
1066 2545 1254 2602 Christi
1292 2563 1430 2617 sunt,
1461 2559 1510 2605 et
1559 2568 1649 2624 ego
1679 2551 1793 2620 (Ib.
1815 2569 1861 2606 υ.
1890 2553 1979 2607 22.

401 2628 513 2700 95).
545 2631 616 2684 At
646 2648 816 2702 neque
862 2633 946 2688 hic
972 2635 1166 2692 oblitus
1199 2648 1281 2692 est
1303 2641 1406 2706 sui,
1433 2641 1525 2695 sed
1549 2658 1757 2697 rursum
1805 2658 1983 2699 corre-

400 2723 630 2778 ctioncm
664 2727 903 2794 apponit,
935 2729 1012 2783 sic
1037 2730 1256 2797 addens,
1289 2730 1355 2787 Ut
1381 2734 1547 2789 minus
1585 2736 1785 2806 sapiens
1829 2737 1940 2789 dico
1963 2776 1978 2802 ,

403 2813 516 2878 plus
541 2830 631 2884 ego
658 2813 869 2886 (Ibid.).
906 2816 1088 2888 Neque
1110 2820 1196 2875 hic
1221 2821 1439 2892 gradum
1470 2825 1647 2891 sistit,
1695 2824 1790 2880 sed
1833 2833 1980 2894 post-

400 2917 556 2970 quam
601 2917 788 2960 omnes
827 2905 1009 2962 laudes
1049 2923 1172 2964 suas
1216 2922 1573 2979 enarraverat,
1603 2914 1681 2968 sic
1709 2914 1976 2983 loquitur:

408 2990 599 3046 Factus
645 3012 761 3050 sum
805 2997 1047 3067 insipiens
1073 3000 1337 3071 gloriando
1361 3042 1376 3068 ,
1409 3018 1495 3056 vos
1521 3020 1597 3058 me
1621 3005 1849 3073 coegistis
1889 3004 1978 3077 (2.

401 3081 518 3136 Cor.
551 3083 633 3138 12.
672 3086 779 3155 ll).
811 3088 890 3142 Ac
917 3088 961 3142 si
984 3088 1184 3144 diceret
1212 3109 1226 3145 :
1260 3091 1366 3146 Eos
1393 3107 1494 3163 ego
1524 3094 1673 3148 nihili
1695 3095 1976 3164 ducebam,

400 3175 443 3227 si
475 3190 560 3229 res
588 3184 778 3230 vestra:
800 3177 936 3233 bene
961 3193 1020 3233 se
1045 3179 1321 3250 haberent,
1356 3184 1458 3238 nisi
1487 3183 1674 3241 eversi'
1701 3187 1935 3242 fuissetis
1959 3229 1974 3256 ,

400 3265 498 3319 nisi
523 3266 888 3322 vacillassetis.
919 3268 1049 3324 Nam
1080 3273 1179 3325 etsi
1209 3288 1422 3343 semper
1443 3274 1520 3329 illi
1566 3291 1650 3331 me
1680 3277 1979 3334 maledictis

401 3355 774 3426 impetiissent,
808 3359 938 3414 nihil
968 3376 1039 3415 ex
1087 3377 1270 3416 eorum
1307 3365 1604 3421 maledictis
1647 3367 1775 3422 mihi
1813 3367 1980 3423 detri-

399 3447 560 3501 menti
583 3447 888 3504 accedebat.
919 3449 1050 3518 Quia
1079 3468 1208 3507 vero
1258 3469 1471 3525 gregem
1498 3457 1603 3512 vidi
1623 3460 1975 3529 pessumdari,

397 3539 684 3609 discipulos
712 3543 1030 3612 resilientes,
1060 3561 1172 3600 rem
1201 3563 1417 3617 gravem
1460 3559 1514 3605 et
1539 3567 1820 3608 onerosam
1851 3554 1977 3610 des.

400 3630 540 3696 pexi,
573 3639 627 3685 et
646 3633 905 3701 insipiens
925 3635 1034 3691 ﬁeri
1064 3648 1278 3693 coactus
1297 3654 1436 3707 sum,
1466 3641 1592 3696 dum
1620 3643 1805 3700 laudes
1831 3661 1977 3702 meas

398 3730 614 3788 prepter
642 3738 738 3777 vos
761 3733 1094 3796 vestramque
1119 3730 1344 3785 salutem
1373 3732 1620 3790 decanto.

468 3811 522 3866 5.
564 3811 745 3867 Sancti
769 3826 972 3884 peccata
997 3835 1089 3870 sua
1114 3819 1282 3888 facile,
1309 3823 1484 3878 laudes
1511 3841 1624 3880 cero
1639 3843 1756 3882 suas
1777 3831 1978 3885 nonnisi

397 3904 558 3952 coactt
605 3904 888 3956 enuntiant.
918 3935 988 3945 —
1007 3905 1104 3962 Hic
1132 3909 1273 3963 enim
1301 3927 1417 3966 mos
1446 3924 1746 3970 sanctorum
1774 3928 1858 3972 est
1885 3937 1900 3974 :
1929 3921 1975 3974 si

397 3989 522 4057 quid
547 3991 669 4044 mali
698 3991 938 4060 fecerint,
970 3995 1099 4051 illud
1120 4000 1390 4070 evulgant,
1413 4004 1650 4072 quotidie
1669 4005 1972 4076 deplorant,

395 4082 749 4154 omnibusque
776 4086 946 4154 palam
975 4087 1216 4158 faciunt;
1275 4093 1319 4147 si
1347 4109 1477 4150 vero
1523 4095 1647 4166 quid
1693 4100 1867 4169 magni
1913 4115 1977 4157 ac

395 4175 658 4241 generosi,
691 4176 960 4234 occultant
1006 4189 1060 4236 et
1114 4182 1363 4240 oblivioni
1391 4186 1622 4243 tradunt.
1672 4189 1769 4246 llic
1799 4192 1975 4263 itaque

397 4274 611 4319 sanctus
636 4276 873 4335 peceata,
898 4272 1108 4328 nemine
1134 4284 1378 4345 cogente,
1409 4276 1712 4348 frequenter
1733 4283 1974 4340 versabat

397 4365 448 4409 ct
476 4359 773 4429 evulgabat,
827 4363 986 4418 modo
1029 4365 1231 4432 dicens,
1275 4369 1505 4425 Christus
1551 4372 1702 4429 Iesus
1737 4378 1868 4430 venit
1919 4379 1973 4433 in

396 4450 660 4515 mundum,
689 4461 742 4504 ut
762 4464 1045 4523 peccatores
1065 4459 1315 4524 salvaret,
1367 4479 1581 4532 quorum
1630 4468 1820 4535 primus
1862 4487 1974 4526 sum

395 4554 486 4608 ego
520 4541 593 4610 (l.
629 4535 760 4596 Tim.
788 4544 838 4597 l.
873 4545 992 4614 l5):
1025 4547 1182 4603 modo
1206 4560 1402 4615 autem,
1437 4551 1643 4608 Gratias
1665 4573 1762 4626 ago
1790 4559 1854 4622 ei,
1886 4561 1972 4629 qui

397 4646 474 4684 me
499 4634 820 4702 confortarit,
846 4635 1068 4704 Christo,
1099 4641 1217 4708 quia
1267 4641 1465 4709 fidelem
1506 4661 1585 4698 me
1629 4648 1927 4703 existimavit
1953 4690 1969 4715 ,

396 4736 586 4788 ponens
615 4723 666 4776 in
697 4725 993 4793 ministerio,
1025 4729 1110 4798 qui
1147 4732 1337 4799 primus
1388 4734 1709 4800 blasphemus
1755 4739 1832 4808 fui
1855 4781 1869 4804 ,
1925 4751 1972 4794 et

397 4823 722 4882 persequutor
745 4825 792 4870 et
819 4820 1202 4876 contumeliosus
1232 4839 1249 4876 :
1275 4827 1364 4879 sed
1398 4828 1796 4884 misericordiam
1845 4850 1969 4888 con-

395 4914 630 4970 sequutus
654 4923 784 4974 sum,
801 4910 918 4978 quia
938 4911 1176 4981 ignorans
1208 4916 1303 4985 feci
1319 4917 1370 4970 in
1400 4918 1748 4975 incredulitate
1782 4921 1889 4986 (Ib.
1921 4941 1967 4978 υ.

402 4990 481 5044 l2.
521 4993 642 5064 l5);
672 5011 735 5050 ac
764 5013 996 5066 rursum,
1027 5001 1313 5061 Novissime
1352 5017 1518 5061 autent
1564 5013 1787 5066 ontnium
1837 5024 1968 5069 tatu-

393 5096 543 5146 quam
572 5086 794 5141 abortivo
820 5089 953 5144 visus
975 5102 1050 5146 est
1077 5103 1122 5147 et
1145 5095 1308 5150 mihi:
1339 5114 1429 5168 ego
1451 5101 1580 5154 enim
1605 5118 1714 5155 sum
1736 5105 1970 5161 minimus

394 5174 758 5242 apostolorum,
787 5179 874 5248 qui
897 5197 997 5236 non
1019 5200 1129 5237 sum
1157 5185 1338 5257 dignus
1360 5190 1524 5243 vocari
1536 5194 1814 5260 apostolus,
1843 5213 1970 5266 quo-

395 5263 532 5317 niam
558 5278 884 5338 persequutus
902 5290 1012 5326 sum
1045 5272 1323 5330 Ecclesium
1351 5278 1448 5332 Dei
1477 5280 1550 5352 (I.
1601 5281 1720 5336 Cor.
1777 5263 1869 5340 15.
1911 5287 1962 5342 8.

395 5353 482 5424 9);
506 5370 568 5410 ac
588 5372 821 5428 rursum,
852 5361 983 5417 Mihi
1007 5368 1235 5422 omnium
1265 5379 1553 5424 sanctorum
1597 5374 1802 5428 ntinimo
1849 5377 1969 5433 data

395 5456 466 5500 est
495 5446 601 5502 lucc
629 5452 795 5521 gratia
815 5451 1027 5525 (Ephes.
1081 5460 1135 5514 3.
1187 5461 1265 5532 8).
1313 5461 1498 5519 Viden’
1544 5467 1810 5535 quomodo
1862 5485 1966 5527 non

397 5540 753 5606 apostolorum
781 5545 971 5614 modo,
1019 5550 1112 5604 sed
1160 5553 1319 5608 etiam
1369 5555 1680 5625 simpliciter
1734 5558 1964 5614 ﬁdelium

395 5629 629 5686 omnium
678 5648 737 5689 se
762 5637 1037 5693 minimum
1087 5643 1277 5698 vocet?
1319 5643 1450 5699 Mihi
1496 5648 1700 5701 minimo
1742 5650 1963 5704 omniunt

389 5727 915 5799 sanetorunt,inquit,
949 5732 1066 5786 data
1089 5743 1160 5788 est
1185 5737 1346 5803 gratio
1385 5738 1507 5792 hinc.
1563 5739 1739 5809 Itaque
1790 5755 1963 5810 neque.

973 332 1058 387 DE
1101 316 1344 389 VERBIS
1399 335 1752 405 APOSTULI,
1794 336 2052 394 UTlNAlil
2091 339 2580 400 SUSTINEIKETIS
2619 346 2942 417 MUDHIUM,
2986 348 3134 405 ETC.

3581 357 3682 411 3οῧ

2109 456 2297 522 salute,
2326 474 2484 528 quam
2513 473 2871 532 consequutus
2897 473 3001 529 est,
3038 479 3097 520 se
3119 464 3336 535 dignum
3364 481 3484 522 esse
3510 468 3641 524 dicit
3667 488 3682 524 :

2105 562 2225 602 cum
2247 549 2387 604 enim
2415 550 2629 618 dixerit,
2652 551 2882 608 Christus
2905 554 3055 610 Jesus
3080 557 3208 610 venit
3228 557 3279 611 in
3309 560 3550 612 mundum
3579 600 3593 624 ,
3623 568 3679 611 ut

2104 649 2394 706 peccatores
2415 642 2630 697 salvaret
2656 685 2670 707 ,
2698 660 2912 710 quorum
2944 647 3136 714 primus
3162 663 3252 718 ego
3280 664 3389 701 sum
3422 649 3440 717 (
3462 649 3509 702 ί.
3548 648 3676 703 Tim.

2105 728 2156 781 l.
2186 729 2313 799 15):
2345 730 2466 784 audi
2491 747 2592 800 qua
2618 732 2686 788 de
2727 749 2886 789 causa
2913 735 2961 789 id
2990 735 3167 790 dicat:
3199 735 3304 791 Sed
3332 737 3443 791 ideo
3481 739 3681 793 miseri-

2101 818 2327 871 cordiam
2355 831 2689 890 consequutus
2710 840 2843 889 sum,
2896 834 2950 877 ut
2995 826 3046 879 in
3087 843 3166 880 me
3191 827 3354 897 primo
3401 829 3681 882 ostenderet

2103 907 2330 962 Christus
2374 909 2524 964 .Iesus
2577 930 2773 966 omnem
2818 916 3111 984 patientiam
3161 918 3229 970 ad
3276 918 3680 990 informationem

2100 1014 2292 1064 eorum,
2320 1001 2406 1069 qui
2430 1001 2669 1056 credituri
2696 1014 2811 1056 sunt
2854 1005 2952 1069 illi,
2986 1007 3036 1059 in
3061 1008 3210 1060 vitam
3237 1019 3473 1062 cateruam
3499 1011 3602 1082 (Ib.
3629 1029 3676 1066 υ.

2100 1089 2210 1161 16).
2246 1090 2446 1145 llorum
2473 1103 2648 1147 autem
2696 1109 2887 1148 sensus
2934 1106 3014 1149 est
3042 1113 3054 1148 :
3085 1096 3201 1150 Non
3251 1099 3318 1152 ub
3363 1100 3678 1170 cnudignam

2099 1182 2218 1235 vitae
2243 1183 2585 1238 mutationem
2631 1187 3049 1242 misericordiam
3101 1199 3458 1256 consequutus
3507 1206 3674 1246 sum:

2097 1274 2292 1327 caveid
2323 1275 2630 1342 existimes;
2659 1277 2754 1331 sed
2785 1288 3012 1332 utnemo
3041 1293 3249 1344 eorum,
3279 1281 3442 1349 quiin
3486 1285 3677 1350 nequi-

2099 1364 2168 1417 tia
2198 1364 2462 1432 vixeruut,
2489 1367 2698 1420 etiamsi
2721 1367 2931 1422 Christo
2959 1369 3155 1424 bellum
3189 1368 3394 1436 fecerit,
3425 1370 3677 1442 despera-

2096 1464 2198 1520 ret,
2231 1454 2356 1509 dum
2388 1468 2684 1511 extremum
2712 1459 2947 1512 omnium
2974 1501 2988 1524 ,
3044 1475 3152 1529 quo
3207 1459 3382 1514 nullus
3426 1476 3675 1530 umquam

2095 1544 2337 1600 infeStior
2355 1545 2570 1602 Christo
2596 1547 2711 1614 fuit,
2745 1550 2970 1604 salutem
3007 1559 3399 1619 conscquutum
3445 1551 3672 1608 videret.

2095 1636 2367 1707 Siquidem
2398 1638 2640 1696 Christus
2668 1641 2817 1708 dicit,
2868 1642 3118 1710 Quoniam
3165 1659 3253 1697 vas
3302 1643 3556 1698 electionis
3601 1656 3672 1699 cst

2093 1730 2236 1795 mihi,
2268 1739 2321 1782 ut
2343 1741 2502 1800 portet
2532 1750 2716 1787 nomen
2746 1751 2908 1789 meum
2936 1751 3106 1788 coram
3132 1736 3362 1805 gentibus
3386 1746 3435 1790 et
3477 1737 3674 1807 regibus

2093 1819 2230 1890 (Aet.
2256 1820 2308 1875 9.
2338 1820 2466 1890 £5);
2499 1823 2583 1876 hic
2613 1839 2740 1878 vero
2764 1833 2839 1877 tot
2862 1825 3107 1879 laudibus
3136 1841 3240 1879 non
3271 1827 3630 1881 intumescens
3655 1869 3671 1894 ,

2093 1919 2212 1981 post
2236 1919 2436 1966 tantam
2465 1912 2710 1968 ﬁduciam
2734 1930 2794 1970 se
2824 1916 3078 1970 miserum
3128 1916 3418 1985 praedicare
3460 1917 3628 1986 pergit
3653 1957 3668 1981 ,

2091 2017 2150 2058 se
2181 2003 2408 2072 primum
2432 2016 2769 2075 peccatorum
2796 2021 3013 2073 vocans,
3041 2016 3200 2077 atque
3230 2006 3349 2060 ideo
3370 2006 3674 2062 misericor-

2089 2091 2228 2146 diam
2257 2104 2645 2160 consequutum
2695 2096 2876 2151 dicens
2899 2139 2912 2159 ,
2959 2105 3016 2150 ut
3061 2111 3219 2152 nemo
3249 2097 3331 2152 vel
3363 2112 3547 2152 eorum
3579 2099 3666 2166 qui

2090 2181 2155 2236 ad
2186 2196 2482 2237 extremum
2511 2185 2760 2254 nequitia:
2787 2185 3118 2250 devenerint,
3145 2185 3213 2240 de
3257 2186 3468 2256 prOpria
3500 2187 3669 2239 salute

2089 2271 2432 2342 desperaret,
2461 2275 2585 2328 dum
2614 2291 2671 2330 se
2715 2275 2922 2346 sibique
2963 2277 3213 2330 collatum
3245 2275 3556 2330 beneﬁcium
3586 2292 3670 2331 rc-

2087 2364 2337 2433 spiceret.

2159 2455 2213 2508 6.
2256 2456 2472 2509 Peccata
2519 2456 2695 2526 itaque
2743 2472 2856 2523 sua,
2909 2458 3051 2512 nulla
3096 2467 3313 2514 coactus
3352 2460 3670 2514 necessitate

2087 2545 2323 2614 quotidie
2354 2546 2566 2617 evulgat
2612 2548 2664 2600 in
2705 2547 2951 2601 erunibus
2995 2548 3234 2616 epistolis
3285 2549 3428 2615 suis;
3476 2549 3668 2618 illaque

2089 2636 2317 2692 traducit
2359 2646 2414 2693 et
2455 2636 2691 2693 declarat
2722 2654 2827 2693 non
2876 2638 3019 2692 illius
3063 2641 3321 2709 temporis
3365 2640 3670 2694 hominibus

2087 2736 2312 2795 tantum,
2341 2728 2436 2784 sed
2465 2731 2625 2783 etiam
2652 2730 2898 2784 omnibus
2925 2738 3043 2799 post
3063 2728 3286 2796 futuris;
3312 2729 3493 2785 laudes
3515 2745 3666 2796 vero,

2085 2818 2245 2874 etiam
2271 2819 2502 2875 instante
2528 2822 2863 2884 necessitate,
2896 2835 3113 2875 narrare
3137 2829 3414 2874 cunctatur
3438 2830 3493 2875 et
3521 2820 3667 2875 refu-

2087 2909 2184 2979 git.
2238 2909 2291 2962 ld
2320 2924 2448 2963 sane
2478 2911 2561 2965 vel
2589 2926 2654 2965 ex
2685 2926 2749 2966 eo
2777 2912 2946 2980 palam
2979 2920 3090 2978 est,
3119 2911 3260 2981 quod
3292 2910 3341 2966 id
3369 2912 3670 2966 sexcenties

2086 3000 2438 3069 insipientiam
2471 3008 2642 3065 vocet;
2677 3001 2849 3070 palam
2877 3001 3001 3054 item
3029 3009 3198 3055 estex
3230 3010 3375 3054 tanto
3405 3008 3664 3070 tempore,

2085 3105 2189 3160 quo
2215 3088 2509 3143 mirabilem
2542 3089 2686 3142 illam
2713 3098 2768 3144 et
2793 3089 3027 3143 divinam
3053 3089 3432 3144 revelatiouem
3463 3091 3625 3144 tacuit
3648 3107 3662 3143 :

2086 3197 2191 3235 non
2222 3181 2364 3235 enim
2395 3189 2536 3245 tunc,
2565 3179 2650 3234 vel
2679 3189 2803 3234 ante
2832 3180 2964 3234 duos
2991 3189 3168 3234 tresve
3211 3189 3305 3234 aut
3339 3179 3524 3234 decem
3566 3195 3665 3234 an-

2085 3285 2202 3338 nos,
2228 3271 2320 3326 sed
2348 3281 2472 3325 ante
2501 3270 2666 3325 multo
2689 3269 2866 3340 plures
2888 3269 3031 3324 illam
3057 3269 3281 3324 viderat.
3307 3269 3663 3338 Quamobrem

2083 3365 2255 3435 ipsum
2285 3373 2489 3433 tempus
2514 3362 2749 3432 assignat
2775 3361 2858 3416 his
2882 3361 3059 3415 verbis
3087 3377 3101 3414 :
3128 3361 3248 3415 Scio
3270 3361 3521 3413 hominem
3546 3371 3664 3414 ante

2081 3472 2242 3510 annos
2269 3454 2644 3527 quatuordecim
2672 3462 2876 3524 raptum
2902 3451 2969 3505 ad
2998 3459 3198 3505 tertium
3236 3452 3418 3506 caelum
3453 3451 3512 3522 (‘2
3542 3449 3660 3504 Cor.

2084 3547 2169 3601 12.
2197 3544 2254 3618 2)
2291 3565 2304 3600 :
2335 3555 2393 3600 ut
2431 3555 2485 3599 tu
2513 3545 2771 3609 disceres,
2803 3559 2869 3598 ne
2898 3551 3022 3598 tunc
3044 3542 3259 3613 quidem
3302 3543 3371 3596 ita
3418 3541 3664 3612 loquutu-

2081 3653 2199 3693 rum
2225 3636 2412 3704 fuisse,
2441 3636 2543 3692 nisi
2576 3650 2764 3706 magna
2795 3641 3016 3704 urgente
3041 3634 3380 3690 necessitate.
3412 3631 3467 3687 Si
3509 3647 3661 3685 nam-

2081 3744 2183 3799 que
2208 3729 2465 3784 voluisset
2492 3727 2676 3781 laudes
2702 3741 2827 3781 suas
2854 3739 3155 3792 recensere,
3184 3724 3363 3779 statim
3392 3732 3553 3794 atque
3586 3724 3664 3778 vi-

2080 3821 2247 3876 disset
2276 3836 2414 3882 eam,
2457 3819 2802 3884 declarasset,
2853 3819 2938 3873 vel
2982 3818 3170 3872 saltent
3219 3817 3413 3887 primo,
3447 3816 3534 3872 vel
3570 3832 3663 3872 se-

2079 3911 2255 3965 cundo
2283 3921 2375 3964 aut
2401 3909 2556 3964 tertio
2579 3925 2721 3963 anno
2751 3926 2766 3963 :
2799 3917 2852 3962 at
2877 3910 2965 3962 ille.
2991 3908 3394 3978 quatuordecim
3424 3908 3578 3962 annis
3606 3909 3660 3963 in

2080 4000 2292 4053 silentio
2322 3998 2700 4068 perseveravit,
2731 4007 2785 4050 et
2813 3997 3009 4050 nemini
3047 3997 3198 4062 dixit,
3240 3997 3339 4050 nisi
3371 3996 3662 4051 Corinthiis

2081 4099 2306 4146 tantum.
2339 4087 2729 4157 Quandonam‘t
2755 4087 2887 4143 Cum
2921 4086 3394 4156 pseudoapostolos
3421 4085 3553 4140 vidit
3574 4086 3660 4140 in-

2079 4193 2379 4254 surgentes,
2429 4181 2708 4236 declarans
2758 4195 2817 4235 se
2857 4195 2924 4235 ne
2968 4188 3093 4235 tunc
3139 4178 3355 4249 quidem
3393 4178 3657 4234 dicturum

2079 4277 2263 4344 fuisse,
2303 4275 2404 4331 nisi
2437 4282 2638 4330 tantam
2677 4274 2898 4329 vidisset
2935 4273 3328 4341 corruptionem
3370 4269 3658 4340 discipulos

2078 4368 2348 4424 invadere.
2381 4369 2450 4422 At
2478 4383 2574 4422 nos
2601 4383 2704 4421 non
2737 4366 2864 4420 item
2899 4383 2912 4419 :
2955 4364 3048 4418 sed
3091 4379 3308 4433 prorsus
3333 4363 3654 4418 contrarium

2077 4462 2318 4517 iacimus.
2342 4461 2687 4515 Peccatorum
2714 4473 2781 4513 ne
2801 4471 2908 4512 uno
2929 4455 3143 4526 quidem
3175 4454 3261 4508 die
3281 4455 3653 4519 recordamur;

2076 4551 2171 4607 sed
2195 4551 2238 4607 si
2262 4551 2536 4622 quospiam
2559 4565 2621 4604 ea
2643 4560 3064 4604 commemorare
3087 4545 3385 4610 audiamus,
3417 4545 3658 4616 indigna-

2078 4662 2218 4711 mur,
2247 4659 2390 4714 εῖδει-θ
2431 4642 2672 4709 ferimus,
2720 4639 3096 4696 contumeliam
3145 4637 3195 4692 id
3230 4653 3349 4693 esse
3384 4648 3652 4708 putamus,

2079 4734 2370 4789 innumeris
2397 4733 2514 4788 illos
2543 4732 2835 4787 maledictis
2865 4729 3212 4794 incessimus;
3249 4729 3294 4784 si
3321 4728 3448 4799 quid
3475 4737 3652 4784 autem

2079 4826 2199 4880 boni
2231 4835 2566 4894 praestemus,
2595 4823 2647 4876 in
2673 4838 2768 4878 ore
2793 4821 3097 4892 frequenter
3117 4835 3410 4886 versamus,
3437 4819 3485 4874 id
3510 4835 3654 4874 com-

2078 4915 2498 4973 memorantibus
2526 4917 2748 4984 gratiam
2778 4913 3059 4975 habemus,
3093 4911 3318 4980 illosque
3348 4910 3501 4964 nobis
3530 4913 3654 4964 ami-

2075 5024 2166 5064 cos
2195 5007 2565 5062 existimamus
2603 5022 2614 5058 :
2649 5005 2773 5059 licet
2810 5002 3055 5058 Christus
3086 5002 3414 5056 contrarium
3446 5016 3647 5070 prrece-

2076 5101 2230 5170 perit,
2265 5108 2320 5152 ut
2342 5107 2488 5154 recte
2517 5096 2774 5151 factorum
2797 5094 3011 5164 quidem
3041 5093 3436 5155 obliviscamur,
3463 5107 3648 5160 pecca-

2077 5206 2247 5252 torum
2273 5209 2400 5249 vero
2426 5194 2790 5250 recordemur.
2814 5190 2965 5258 Quod
3007 5189 3160 5244 nobis
3197 5186 3486 5242 declaravit
3523 5185 3648 5238 dum

2074 5291 2150 5345 sic
2173 5287 2463 5358 discipulos
2495 5287 2866 5342 cohortaretur
2900 5300 2912 5336 :
2955 5281 3080 5337 Cum
3107 5281 3275 5336 omnia
3304 5279 3541 5350 feceritis,
3572 5278 3651 5330 di-

2073 5382 2186 5446 cite,
2215 5379 2451 5449 quoniam
2481 5377 2610 5431 servi
2637 5377 2840 5430 inutiles
2868 5389 3043 5428 sumus
3073 5371 3224 5445 (Luc.
3257 5371 3342 5425 l7.
3372 5370 3491 5440 l0);
3519 5378 3572 5424 et
3595 5371 3644 5423 iu

2075 5469 2324 5541 parabola
2347 5467 2621 5530 Pharisaei,
2651 5466 2736 5520 cui
2759 5465 3093 5535 publicanum
3117 5462 3420 5532 praeposuit.
3449 5461 3644 5528 Queru-

2071 5559 2354 5616 admodum
2381 5559 2522 5614 enim
2550 5557 2690 5612 hunc
2729 5566 3064 5627 peccatorum
3099 5553 3534 5610 commemoratio
3557 5551 3641 5621 ju.

2072 5648 2337 5717 stillcavit,
2364 5647 2443 5703 sic
2468 5654 2523 5704 et
2548 5647 2693 5702 illum
2716 5655 2861 5702 recte
2891 5645 3144 5700 laetorum
3175 5641 3428 5696 memoria
3459 5640 3638 5711 perdi-

2071 5739 2166 5795 dit.
2203 5738 2398 5806 Judaeis
2436 5751 2647 5810 quoque
2683 5737 2820 5794 Deus
2859 5736 3045 5794 eadem
3087 5735 3285 5792 monita
3337 5733 3514 5800 tradit,
3559 5732 3639 5786 his
