4082 6212
439 306 554 363 507

432 431 621 488 verbis
652 448 668 487 :
702 429 814 501 Ego
844 445 963 485 sum
989 431 1123 499 ipse,
1148 431 1237 500 qui
1267 429 1415 485 deleo
1436 438 1651 499 peccata
1689 439 1805 492 tua,
1832 436 2004 482 etnon

429 521 778 586 recordabar;
807 531 861 574 tu
890 537 1006 575 vero
1037 520 1313 575 recordare
1337 508 1473 592 (Isa.
1499 521 1591 575 Δῖ).
1617 519 1732 590 25),
1790 548 1796 553 ο

508 614 558 668 7.
601 613 702 670 ilic
742 628 863 669 mos
895 621 1015 668 erat
1061 614 1456 684 apostolorum,
1490 612 1577 667 hic
1617 610 2005 683 prophetarum

428 715 479 758 ct
496 706 769 775 justorum
785 707 1050 763 omnium.
1078 706 1247 762 David
1268 708 1412 763 enim
1440 707 1646 777 peccati
1690 707 1775 762 sui
1804 705 2008 774 jugiter

431 796 846 861 recordabatur,
874 796 1145 851 bonorum
1173 811 1405 866 operum
1431 810 1701 866 nusquam
1730 794 1835 849 nisi
1872 793 2010 848 forte

428 895 654 957 cogente
682 890 1008 943 necessitate
1031 888 1103 957 (l.
1129 886 1252 957 Reg.
1275 887 1393 954 l7).
1424 887 1559 941 Cum
1610 899 1741 955 ergo
1769 883 2011 938 barbari-

430 992 557 1031 cum
584 976 717 1031 illud
760 978 964 1032 bellum
995 977 1242 1032 Judmum
1266 966 1523 1038 vexabat,
1547 976 1836 1044 omniaque
1866 972 2012 1042 peri-

432 1067 576 1122 culis
618 1068 779 1138 plena
809 1075 1004 1135 erant;
1047 1083 1171 1123 cum
1207 1068 1296 1123 ille
1327 1067 1544 1137 juvenis
1573 1066 1750 1120 adhuc
1778 1071 1923 1119 esset
1952 1071 2009 1118 et

433 1156 560 1212 belli
599 1158 913 1228 imperitus,
948 1160 1155 1215 relictis
1178 1159 1374 1214 ovibus
1406 1158 1461 1212 in
1488 1158 1664 1212 aciem
1699 1153 2006 1220 descendit,

432 1265 670 1321 eumque
684 1266 875 1307 omnes
896 1252 1214 1317 exterritos,
1248 1249 1608 1307 formidantes
1625 1264 1689 1305 ac
1713 1254 2009 1304 trementes

427 1350 692 1405 cerneret,
725 1342 855 1396 nihil
898 1342 1190 1398 humanum
1221 1358 1407 1414 passus
1437 1352 1538 1411 est,
1583 1356 1755 1412 neque
1784 1349 2009 1395 exteros

428 1431 667 1500 abjectos
706 1433 892 1488 videns
934 1432 1315 1489 formidolosus
1357 1433 1478 1498 fuit,
1521 1432 1616 1487 sed
1663 1431 1768 1486 fide
1809 1430 2007 1494 omnia,

429 1538 548 1592 quae
570 1523 1039 1593 conspiciebantur
1083 1524 1483 1589 transcenderis,
1515 1523 1581 1578 ad
1611 1521 1808 1593 Regem
1849 1520 2012 1576 cmlo-

431 1628 547 1667 tum
575 1613 885 1683 respiciens,
926 1615 1147 1669 multam
1176 1614 1356 1670 animo
1384 1614 1714 1669 alacritatem
1744 1610 2008 1680 concepit,

426 1714 481 1758 et
508 1703 576 1759 ad
606 1705 801 1760 milites
828 1705 1126 1777 fratresque
1149 1721 1275 1761 suos
1295 1707 1542 1771 accessit,
1571 1704 1834 1774 pollicens
1859 1717 1919 1759 se
1943 1701 2012 1755 ab

433 1794 653 1850 instanti
704 1795 942 1865 periculo
970 1797 1114 1866 ipsos
1143 1798 1512 1853 liberaturum.
1551 1798 1684 1853 Cum
1720 1808 1897 1851 autem
1927 1795 2012 1851 di-

430 1896 574 1942 ctum
621 1887 908 1943 irriderent
936 1888 1127 1944 fratres
1161 1891 1279 1960 ejus
1324 1892 1521 1961 (neque
1567 1891 1709 1945 enim
1765 1890 2014 1945 videbant

437 1980 599 2037 Deum
626 1981 771 2037 intus
800 1983 948 2038 illum
989 1986 1369 2049 concitantem,
1402 2001 1576 2055 neque
1604 1993 1860 2040 noverant
1898 1984 2012 2038 ani-

432 2089 577 2129 mum
601 2074 749 2129 illum
778 2091 1118 2146 generosum,
1149 2077 1215 2132 ad
1257 2078 1447 2133 celum
1495 2093 1662 2148 usque
1702 2078 2007 2148 pertingen-

432 2172 561 2230 tem,
590 2180 885 2235 magnaque
929 2166 1118 2223 fiducia
1165 2169 1427 2239 plenum),
1472 2169 1576 2223 illis
1614 2169 1834 2235 relictis,
1878 2167 2013 2222 alios

428 2254 578 2311 adiit.
606 2256 707 2312 Ubi
733 2268 911 2313 autem
940 2259 1088 2314 illum
1117 2260 1462 2317 adduxissent
1500 2260 1564 2316 ad
1610 2277 1808 2332 regem,
1852 2277 2009 2333 quem

433 2348 623 2403 timore
650 2360 954 2405 emortuum
998 2352 1196 2422 reperit
1239 2354 1459 2423 :primo
1503 2353 1549 2408 is
1595 2353 1736 2407 illius
1773 2353 2010 2409 animum

427 2438 602 2508 erigit,
635 2438 717 2494 his
741 2440 941 2507 verbis,
970 2440 1055 2498 Ne
1089 2444 1327 2498 concidat
1361 2460 1449 2498 cor
1493 2442 1686 2498 domini
1727 2445 1824 2497 mei
1861 2461 2014 2513 super

428 2529 560 2600 ipso,
589 2532 708 2599 quia
734 2548 907 2587 servus
942 2541 1059 2588 tuus
1092 2534 1182 2588 ibit
1210 2543 1257 2589 et
1277 2534 1520 2606 pugnabit
1550 2550 1664 2587 cum
1702 2534 1799 2588 hoc
1827 2534 2012 2588 alieni-

433 2636 560 2690 gena
588 2621 662 2693 (Ι.
691 2619 822 2693 Reg.
848 2622 934 2677 l7.
962 2620 1076 2696 52).
1099 2622 1232 2680 Cum
1262 2634 1440 2680 autem
1474 2625 1562 2679 ille
1595 2639 1700 2679 non
1732 2625 1890 2679 fidem
1920 2625 2012 2679 ha-

437 2711 585 2765 beret
604 2725 667 2766 ac
686 2710 911 2780 diceret,
942 2712 1065 2769 Non
1097 2716 1286 2786 poteris
1310 2716 1417 2781 ire;
1445 2725 1501 2770 tu
1539 2733 1663 2787 puer
1691 2733 1765 2783 es,
1805 2716 1895 2772 ille
1918 2734 2006 2771 au.

430 2810 528 2855 tem
556 2802 633 2856 rir
659 2801 875 2859 bellator
901 2822 933 2859 a
952 2806 1215 2876 juventute
1244 2824 1337 2863 sua
1364 2807 1470 2879 (Ib.
1499 2824 1546 2864 υ.
1570 2808 1683 2881 55),
1714 2810 1766 2863 in
1794 2810 2011 2879 ancipiti

430 2892 752 2949 constitutus
810 2895 973 2950 David
1029 2897 1239 2968 cogitur
1282 2899 1524 2969 pr0prias
1567 2900 1758 2955 efferre
1802 2900 2010 2956 laudes.

432 2984 581 3051 Quod
606 2986 747 3041 enim
780 2987 830 3042 id
860 2988 1047 3057 nollet,
1077 3005 1144 3044 ex
1185 2989 1450 3059 prioribus
1482 2994 1740 3063 arguitur,
1769 2992 2012 3064 quando-

428 3075 643 3146 quidem
676 3092 774 3133 nec
800 3077 1051 3135 fratribus
1074 3080 1185 3136 suis
1205 3081 1273 3137 de
1297 3083 1456 3138 rebus
1476 3100 1505 3137 a
1533 3098 1592 3139 se
1618 3083 1824 3139 fortiter
1847 3086 2012 3155 gestis

427 3167 698 3239 quidpiam
740 3170 972 3240 dixerat,
1013 3182 1070 3228 ut
1108 3189 1279 3245 neque
1320 3176 1597 3242 militibus,
1652 3178 1759 3233 imo
1803 3193 1869 3233 ne
1912 3178 2012 3248 ipsi

429 3261 559 3333 regi,
606 3262 776 3319 donec
816 3263 949 3321 vidit
988 3281 1110 3321 eum
1156 3283 1262 3322 non
1306 3269 1547 3337 credere,
1593 3270 1917 3325 contendere
1958 3277 2015 3325 et

430 3366 773 3423 congressum
800 3372 951 3411 suum
979 3366 1163 3412 contra
1184 3358 1546 3415 advcharium
1570 3360 1849 3431 impedire.
1874 3360 2011 3427 Quid

431 3452 554 3498 tunc
583 3443 885 3500 faciendum
929 3448 1201 3506 restabat?
1234 3464 1302 3503 an
1346 3449 1582 3504 tacenda:
1614 3450 1797 3505 laudes
1823 3451 2012 3505 erant?

431 3536 627 3590 Atnon
656 3536 870 3593 sivisset
895 3537 1097 3607 egredi,
1137 3548 1192 3595 et
1219 3539 1288 3595 ab
1327 3540 1623 3595 imminenti
1667 3541 1903 3611 periculo
1943 3541 2013 3595 li-

432 3625 637 3681 berare.
663 3625 788 3681 Ideo
815 3641 935 3681 cum
961 3629 1232 3694 tacuisset,
1262 3629 1475 3701 quando
1507 3638 1682 3685 tacere
1710 3630 2009 3703 oportebat,

431 3717 516 3770 ubi
542 3715 672 3771 vidit
710 3718 964 3788 temporis
993 3720 1253 3775 rationem
1295 3720 1345 3777 id
1387 3722 1654 3791 postulare
1682 3732 1735 3778 ut
1764 3724 2012 3794 loquere-

428 3817 534 3872 tur,
564 3822 669 3862 nou
696 3807 830 3863 ultra
871 3810 1053 3877 tacuit,
1094 3810 1189 3867 sed
1228 3812 1306 3867 sic
1344 3827 1467 3868 eum
1510 3812 1814 3884 alloquutus
1857 3822 1940 3871 est
1992 3830 2006 3868 :

433 3897 652 3955 l’uscens
688 3917 827 3955 eram
871 3919 1043 3959 servus
1087 3913 1203 3959 tuus
1230 3922 1427 3979 gregem
1457 3906 1618 3978 patris
1647 3908 1759 3974 mei,
1803 3917 1851 3962 et
1896 3924 2013 3964 eum

428 3990 612 4045 veniret
639 3992 716 4046 leo
743 4003 831 4047 aut
860 4011 1036 4063 ursus,
1066 4006 1112 4050 et
1137 3997 1382 4067 acciperet
1419 4013 1558 4052 ovem
1587 3998 1651 4052 de
1673 4016 1843 4071 grege,
1872 4016 2016 4073 egre-

428 4083 602 4137 diebar
628 4094 738 4154 post
768 4101 902 4151 cum,
930 4095 978 4139 et
1008 4087 1344 4158 percutiebam
1373 4104 1506 4154 cuin,
1532 4099 1579 4144 et
1607 4090 1925 4144 extra/tebam
1950 4091 2012 4145 ab

428 4192 513 4230 ore
534 4178 666 4251 ejus,
694 4186 741 4231 et
770 4178 1209 4253 apprchendebam
1252 4189 1429 4252 guttur
1454 4183 1585 4253 ejus,
1634 4192 1681 4237 et
1726 4183 2014 4239 occidebant

428 4284 539 4321 eum
568 4282 589 4322 :
610 4284 671 4323 ac
702 4266 894 4324 leonem
920 4279 969 4323 et
997 4287 1169 4325 ursum
1198 4274 1443 4342 percussit
1469 4290 1638 4328 servus
1663 4284 1779 4329 tuus
1810 4292 1827 4329 :
1851 4285 1898 4330 et
1918 4276 2013 4330 erit

427 4359 709 4432 alienigena
726 4360 807 4414 llic
830 4371 876 4415 et
903 4361 1282 4417 incircumcisus
1304 4364 1433 4418 sicut
1450 4381 1578 4418 unus
1598 4382 1660 4420 ex
1680 4367 1749 4420 eis
1779 4367 1824 4437 (l
1840 4406 1853 4419 .
1880 4367 2009 4424 Rea.

431 4452 515 4507 l7.
544 4450 754 4526 '54-'56).
809 4453 965 4510 Vides
1004 4455 1270 4525 quomodo
1309 4455 1597 4512 declaravit
1624 4472 1724 4527 qua
1755 4458 1821 4513 tie
1851 4474 2010 4514 causa

428 4545 497 4597 ab
533 4560 593 4600 se
634 4546 840 4600 fortiter
874 4557 1022 4617 gesta
1067 4549 1603 4604 commemoraverit?
1632 4548 1768 4603 Tum
1809 4550 2013 4606 scilicet

425 4648 518 4692 rex
543 4644 812 4707 assumpta
830 4636 1041 4703 fiducia,
1058 4636 1218 4709 jussit
1235 4639 1402 4696 abire.
1433 4638 1577 4693 Abiit
1599 4653 1779 4714 porro,
1810 4655 2013 4711 pugna-

432 4726 502 4777 vit
526 4734 578 4778 et
605 4724 748 4781 vicit.
772 4728 840 4783 At
861 4728 963 4784 nisi
988 4727 1174 4785 laudes
1190 4744 1313 4785 suas
1328 4742 1653 4798 enarrasset,
1677 4747 2012 4806 nequaquam

431 4831 522 4871 rex
538 4815 611 4870 illi
628 4817 1058 4874 monomachiam
1070 4818 1721 4889 ejusmodiconcessisset;
1733 4820 1778 4876 si
1791 4837 1896 4877 non
1909 4837 2020 4881 cre-

430 4906 670 4972 didisset,
720 4921 825 4962 non
868 4907 1084 4965 sivisset
1113 4926 1235 4967 eum
1284 4911 1336 4966 in
1376 4912 1545 4968 aciem
1575 4913 1934 4981 descendere;
1966 4916 2011 4971 si

429 5015 533 5054 non
560 4999 794 5066 sivisset,
817 4999 1092 5058 victoriam
1119 5004 1483 5075 impedivisset
1509 5022 1522 5058 :
1552 5006 1802 5076 impedita
1832 5017 2011 5063 autem

431 5091 668 5159 victoria,
703 5107 877 5166 neque
913 5093 1052 5150 Deus
1080 5104 1207 5149 tunc
1234 5095 1578 5165 glorificatus,
1616 5114 1789 5170 neque
1825 5099 2012 5154 civitas

424 5184 492 5239 ab
540 5184 850 5257 urgentibus
894 5185 1050 5240 malis
1101 5184 1323 5245 liberata
1377 5198 1539 5242 esset.
1590 5187 1666 5244 Ne
1722 5189 1883 5265 igitur
1935 5201 2011 5246 tot

422 5277 650 5331 absurda
672 5276 1062 5349 contingerent,
1084 5293 1255 5352 neque
1273 5287 1432 5334 tanta:
1448 5278 1856 5353 dispensationis
1875 5297 2012 5351 Opus

428 5368 829 5438 pra-pedirctur,
866 5377 1084 5425 coactus
1120 5380 1202 5424 est
1243 5370 1407 5430 David
1453 5373 1694 5442 proprias
1731 5388 2013 5430 recensere

428 5458 694 5515 victorias.
716 5457 785 5516 Ut
806 5460 946 5516 enim
966 5469 1143 5516 tacere
1162 5463 1357 5529 sciunt,
1385 5463 1470 5517 ubi
1493 5462 1637 5518 nulla
1659 5471 1739 5517 est
1760 5462 2012 5533 loljuendi

426 5550 739 5617 necessitas,
773 5550 846 5606 ita
876 5562 930 5607 et
955 5551 1101 5624 loqui
1130 5561 1344 5621 norunt,
1381 5551 1431 5607 vi
1463 5553 1692 5608 instante
1720 5562 1880 5624 atque
1907 5552 2010 5608 im-

427 5651 687 5700 tumente.

498 5727 551 5786 8.
598 5728 779 5801 Neque
808 5730 857 5783 in
902 5731 1003 5786 hcc
1045 5743 1269 5800 tantum,
1316 5734 1411 5790 sed
1456 5735 1614 5790 etiam
1659 5735 1712 5792 in
1760 5733 2010 5790 Samuelc

1180 300 1233 357 S.
1263 296 1543 356 JOANNIS
1572 289 2050 352 CHRYSOSTOMI
2075 286 2394 343 'AkCillEl’.
2428 277 2968 341 CUNSTANTINOP.

3581 272 3690 332 303

2123 418 2351 487 idipsum
2379 414 2669 486 contigisse
2694 412 2816 484 quis
2862 408 3058 466 videat.
3091 407 3303 464 Etenim
3338 405 3427 463 ille
3464 420 3585 462 cum
3622 414 3706 464 tot

2118 510 2271 564 annis
2297 506 2518 564 Iudaico
2548 505 2743 577 popqu
2771 501 3091 574 prmfuisset,
3124 500 3286 571 idque
3316 498 3384 554 ad
3410 499 3505 554 Dei
3535 499 3703 568 placi-

2117 611 2252 668 tum,
2281 615 2381 656 nec
2410 598 2681 671 quidpiam
2723 595 2899 667 magni
2942 593 3011 649 de
3052 608 3113 649 se
3150 606 3401 661 umquam
3453 591 3703 660 loquutus

2117 694 2326 757 fuisset,
2352 690 2517 746 multa
2540 690 2664 744 licet
2683 687 2901 741 haberet
2923 683 3169 749 dicenda,
3188 682 3232 737 si
3253 680 3529 746 voluisset,
3552 694 3702 735 suam

2116 799 2147 839 a
2177 784 2425 853 prittueva
2454 791 2610 837 :etate
2641 778 3035 844 educationem,
3077 774 3134 830 in
3175 773 3376 843 templo
3400 786 3699 828 commora-

2120 874 2338 932 tionem.
2370 869 2666 941 prophetiae
2693 868 2893 922 donum
2937 865 3006 921 ab
3050 862 3402 926 incunabulis,
3437 871 3558 931 post
3593 862 3705 915 ha-c

2119 960 2280 1028 bella,
2306 960 2575 1024 victorias,
2606 971 2739 1028 quas
2766 972 2871 1011 non
2902 956 3087 1019 armis,
3120 953 3217 1009 sed
3237 967 3306 1008 ex
3335 951 3700 1006 benevolentia

2124 1053 2216 1109 Dei
2254 1054 2423 1108 aciem
2461 1051 2731 1105 instruens
2756 1047 3045 1117 reportavit
3084 1063 3098 1100 :
3130 1045 3321 1099 horum
3354 1050 3530 1096 tamen
3573 1041 3703 1094 nihil

2119 1138 2651 1213 superiori'tempore
2677 1138 2905 1213 dixerat.
2934 1139 3004 1191 At
3046 1135 3133 1189 ubi
3174 1133 3525 1204 principatum
3549 1130 3702 1185 abdi-

2120 1246 2353 1298 caturus,
2404 1228 2995 1301 alteriqueimperiutu
3051 1225 3341 1280 traditurus
3392 1233 3528 1285 crat,
3582 1231 3704 1277 tunc

2119 1335 2336 1382 coactus
2361 1333 2445 1380 est
2469 1324 2711 1394 proprias
2749 1321 2932 1375 laudes
2964 1333 3268 1383 recensere,
3317 1316 3477 1385 idque
3515 1313 3704 1367 admo-

2120 1418 2245 1472 dum
2275 1430 2454 1487 parce.
2498 1414 2840 1483 l‘lvocatoque
2890 1410 3139 1464 universo
3185 1407 3401 1477 populo,
3443 1413 3703 1476 prasente

2121 1509 2302 1573 Saule,
2329 1509 2399 1563 ita
2432 1500 2681 1578 loquutus
2709 1513 2792 1560 est
2832 1522 2847 1558 :
2896 1502 3027 1557 Ecce
3050 1500 3218 1555 audivi
3262 1515 3428 1553 vocem
3469 1505 3701 1557 uestram,

2121 1611 2168 1656 et
2195 1599 2431 1655 constitui
2458 1599 2597 1653 vobis
2620 1612 2786 1668 regem
2812 1610 2832 1649 :
2855 1603 2902 1649 et
2929 1609 3021 1665 ego
3047 1607 3159 1646 ecce
3177 1594 3629 1645 conversatus‘sum
3654 1584 3703 1637 in

2119 1704 2390 1766 conspectu
2433 1700 2594 1747 vestro
2628 1708 2661 1744 a
2696 1691 2964 1761 juventute
3004 1702 3135 1750 mea,
3181 1693 3228 1739 et
3266 1698 3421 1753 usque
3459 1680 3529 1733 ad
3573 1680 3704 1732 diem

2121 1785 2276 1851 lianc,
2305 1795 2351 1840 et
2378 1784 2538 1838 senui.
2572 1781 2892 1854 Respondete
2918 1789 3093 1834 contra
3120 1795 3197 1832 me
3220 1778 3274 1830 in
3302 1783 3570 1844 conspectu
3592 1771 3703 1826 Do-

2121 1879 2265 1945 mini,
2290 1887 2334 1932 et
2355 1878 2406 1931 in
2427 1884 2694 1947 conspectu
2719 1874 2896 1928 christi
2915 1874 3057 1944 ejus:
3083 1871 3228 1942 cujus
3255 1878 3473 1923 vestrum
3498 1868 3704 1921 vitulum

2119 1968 2336 2038 accepi?
2367 1977 2454 2020 aut
2486 1967 2631 2034 cujus
2671 1964 2871 2019 asinum
2911 1960 3126 2031 accepi?
3168 1969 3254 2013 aut
3289 1974 3436 2031 quem
3481 1966 3697 2010 vestrum

2120 2057 2389 2129 Oppressi?
2436 2066 2525 2110 aut
2577 2057 2659 2110 cui
2703 2064 2921 2108 vestrum
2975 2054 3072 2107 vim
3122 2051 3258 2121 feci?
3303 2059 3391 2101 aut
3445 2064 3509 2101 ea:
3558 2048 3704 2116 cujus

2121 2158 2338 2203 cesti-um
2395 2164 2549 2201 manu
2600 2147 2769 2218 accepi
2820 2144 3153 2216 placationem
3206 2149 3294 2193 aut
3347 2138 3606 2203 calceum,
3658 2148 3703 2191 et

2120 2240 2360 2293 abscondi
2403 2238 2576 2293 oculos
2627 2252 2761 2291 meos
2801 2237 2856 2290 in
2899 2234 3031 2290 illo?
3071 2232 3234 2286 Dicite
3283 2238 3457 2284 contra
3505 2245 3603 2292 me,
3656 2237 3706 2281 et

2120 2333 2380 2386 restituam
2430 2331 2566 2385 vobis
2607 2330 2682 2402 (l.
2737 2327 2865 2399 Reg.
2917 2326 3003 2382 12.
3056 2322 3199 2396 1-5).
3254 2323 3430 2392 Ecqua
3474 2320 3707 2375 necessi-

2122 2433 2202 2478 tas
2247 2424 2361 2479 htcc
2405 2422 2650 2488 dicendi,
2697 2419 2939 2492 inquies?
2982 2417 3142 2473 Multa
3200 2428 3515 2485 magnaque.
3561 2413 3705 2479 Quo-

2122 2517 2264 2569 niam
2318 2515 2458 2569 enim
2515 2514 2806 2583 principem
2863 2508 3173 2565 inducturus
3232 2506 3338 2561 illis
3392 2512 3508 2559 crat
3571 2502 3705 2557 Sau-

2122 2605 2245 2667 lem,
2294 2615 2347 2659 ut
2390 2606 2442 2659 in
2476 2605 2562 2660 sui
2606 2604 2772 2673 ipsius
2809 2600 3119 2656 defensione
3160 2597 3378 2652 doceret
3418 2607 3563 2660 eum,
3602 2608 3705 2663 quo

2122 2706 2276 2766 pacto
2318 2710 2550 2767 pra-esse
2597 2701 2903 2764 oporteret,
2953 2701 3006 2746 et
3058 2703 3240 2745 curam
3288 2701 3480 2757 gerere
3527 2684 3704 2738 subdi-

2122 2798 2317 2855 torum,
2348 2789 2491 2857 ipsos
2517 2786 2758 2841 subditos
2780 2781 3130 2854 philosophia:
3149 2794 3260 2834 smn
3286 2787 3449 2832 testes
3469 2773 3699 2829 adducit.

2120 2880 2229 2935 Nec
2254 2880 2381 2935 illud
2410 2879 2516 2950 egit
2542 2878 2750 2948 imperii
2773 2876 2855 2931 sui
2887 2886 3147 2945 tempore,
3180 2887 3248 2926 ne
3274 2870 3395 2941 quis
3416 2869 3621 2923 diceret
3641 2864 3703 2919 il-

2122 2972 2201 3027 los
2228 2987 2336 3041 pra:
2365 2970 2531 3041 ipsius
2559 2982 2701 3025 metu
2732 2984 2793 3023 ac
2818 2966 3102 3023 formidine
3125 2981 3243 3036 qua:
3282 2978 3387 3017 non
3430 2970 3584 3017 erant
3626 2968 3702 3014 te-

2122 3067 2377 3121 stiﬁcatus
2405 3079 2546 3129 esse;
2566 3080 2746 3119 verum
2772 3062 2880 3133 jam
2906 3060 3079 3115 soluta
3103 3072 3198 3112 sua
3225 3053 3698 3113 administratione,

2120 3172 2242 3213 cmn
2269 3159 2320 3211 in
2351 3156 2513 3210 alium
2546 3153 2858 3226 praefectura
2890 3149 3142 3206 translata
3185 3157 3349 3213 esset,
3396 3144 3703 3214 nullumque

2121 3254 2388 3309 accusanti
2419 3250 2709 3322 periculum
2735 3248 2977 3311 instaret,
3001 3254 3125 3300 tunc
3149 3258 3270 3298 cum
3292 3241 3396 3295 illis
3421 3239 3701 3307 diseeptat.

2122 3346 2451 3416 Quamquam
2492 3344 2537 3398 si
2581 3342 2718 3396 alius
2748 3339 2955 3404 fuisset,
2982 3336 3181 3393 ludatis
3222 3333 3458 3388 infensus
3495 3329 3706 3385 futurus

2122 3445 2276 3501 erat,
2329 3450 2429 3490 nec
2479 3434 2734 3487 voluisset
2785 3431 3078 3501 principem
3131 3437 3498 3480 successorem
3547 3436 3701 3475 suum

2123 3544 2331 3599 mquum
2359 3526 2795 3594 moderatumque
2821 3536 2959 3586 esse,
2997 3520 3155 3590 idque
3180 3533 3287 3572 non
3326 3516 3496 3570 solum
3525 3528 3594 3567 ex
3623 3513 3706 3565 in-

2108 3621 2272 3693 juria:
2301 3629 2535 3689 acceptae
2566 3615 2842 3681 memoria,
2871 3613 2965 3668 sed
2992 3620 3049 3667 ut
3075 3618 3129 3666 et
3157 3609 3269 3679 ipse
3299 3606 3552 3676 majorem
3572 3618 3705 3658 con-

2121 3720 2435 3784 sequeretur
2462 3711 2694 3765 laudent.

2192 3806 2246 3862 9.
2284 3804 2549 3877 Principes
2576 3811 2751 3873 optant
2777 3800 3032 3871 improbos
3070 3795 3254 3851 habere
3289 3806 3704 3848 successores.—

2123 3897 2251 3952 lllud
2279 3896 2420 3952 enim
2463 3894 2633 3950 morbi
2667 3891 2962 3963 principum
2991 3885 3184 3944 animis
3241 3883 3454 3946 insidet,
3488 3890 3546 3935 ut
3578 3893 3703 3935 suc-

2122 4002 2366 4044 cessores
2392 4000 2517 4041 suos
2541 3982 2812 4055 improbos
2837 3980 3232 4045 sceleratosque
3256 3988 3376 4031 esse
3401 3977 3703 4044 pemptent.

2122 4081 2252 4136 Nam
2283 4081 2330 4136 si
2376 4077 2580 4134 strenui
2619 4074 2974 4147 generosique
3018 4072 3242 4137 fuerint,
3286 4067 3604 4122 illustriores
3645 4076 3707 4117 se

2121 4172 2504 4230 existimandos
2530 4184 2648 4224 esse
2693 4174 2900 4237 putant,
2931 4164 2978 4220 si
3024 4165 3079 4230 ii,
3122 4160 3218 4232 qui
3246 4159 3528 4229 imperium
3557 4153 3706 4210 exci-

2123 4266 2292 4335 piunt,
2329 4278 2436 4321 non
2472 4261 2554 4315 sui
2593 4259 2796 4314 similes
2824 4257 2930 4311 sint
2961 4273 2975 4311 :
3020 4256 3064 4309 si
3106 4266 3282 4308 autem
3316 4250 3553 4322 perversi
3580 4261 3704 4301 cor-

2122 4357 2371 4425 ruptique
2399 4354 2525 4417 sint,
2560 4362 2930 4406 successorum
2961 4344 3249 4416 nequitiam
3279 4340 3579 4412 apologiam
3605 4337 3707 4392 sibi

2121 4455 2236 4504 lore
2263 4454 2465 4517 putant.
2495 4443 2604 4500 Sed
2634 4457 2741 4497 non
2770 4441 2891 4495 talis
2927 4448 3043 4494 erat
3083 4438 3269 4491 beatus
3298 4435 3384 4488 ille
3409 4432 3524 4497 vir;
3557 4440 3709 4500 opta-

2123 4542 2212 4597 bat
2237 4542 2433 4611 quippe
2463 4538 2706 4606 votisque
2736 4533 2983 4589 omnibus
3020 4530 3290 4600 cupiebat,
3321 4534 3379 4580 ut
3403 4525 3561 4594 longe
3593 4538 3678 4576 me

2122 4634 2239 4688 liori
2269 4630 2493 4702 imperio
2523 4629 2827 4684 fruerentur
2859 4643 2871 4679 :
2906 4631 3056 4678 tanto
3090 4620 3291 4676 scilicet
3330 4631 3512 4672 amore
3557 4624 3707 4668 teue~

2123 4724 2298 4790 batur,
2331 4736 2500 4793 usque
2524 4720 2660 4776 adeo
2684 4717 2867 4773 livoris
2896 4728 3096 4784 expers
3120 4720 3255 4776 erat,
3281 4720 3334 4764 et
3360 4724 3390 4762 a
3427 4720 3563 4761 vana
3590 4703 3709 4774 glo-

2122 4816 2198 4871 ria
2224 4816 2451 4871 alienus.
2475 4811 2749 4883 Siquidem
2776 4822 2938 4863 unum
2962 4814 3164 4860 tantum
3192 4799 3493 4871 expetebat,
3517 4810 3735 4864 nempe

2123 4907 2398 4963 hominum
2432 4906 2678 4960 salutem.
2711 4901 2836 4957 Ideo
2866 4901 2916 4954 in
2961 4896 3277 4954 defensione
3314 4906 3409 4946 sua
3453 4886 3711 4960 principis

2120 4998 2300 5053 ofﬁcia
2321 4994 2660 5067 depingebat.
2692 4992 2826 5061 Quia
2851 4991 3016 5055 enim,
3047 4987 3093 5043 si
3121 5000 3305 5057 regem
3337 4982 3710 5051 eompellassct

2121 5107 2183 5147 ac
2213 5090 2457 5156 dixisset,
2503 5087 2634 5142 Esto
2657 5098 2860 5155 arquos,
2897 5089 3229 5144 mansuetus,
3272 5073 3583 5132 muneribus
3613 5071 3712 5126 iut-

2123 5183 2354 5253 pcrvius,
2383 5178 2583 5235 nemini
2611 5177 2716 5232 vim
2744 5175 2961 5240 inferas,
2989 5172 3257 5228 nemiuem
3286 5167 3471 5233 tardas,
3500 5164 3583 5220 vel
3611 5163 3709 5218 tle-

2121 5275 2355 5340 fraudes,
2383 5289 2545 5345 grave
2580 5271 2709 5328 illud
2743 5269 3132 5339 molestumque
3158 5258 3635 5345 fuissetaudienti;
3665 5256 3709 5311 si

2124 5367 2380 5423 tacuisset
2402 5367 2551 5433 item,
2577 5363 2705 5420 illud
2730 5370 2846 5418 erat
2867 5359 3123 5434 populum
3151 5355 3417 5427 prodere:
3443 5350 3709 5407 defensio-

2122 5461 2206 5515 nis
2233 5459 2412 5531 specie
2443 5459 2651 5529 utrique
2676 5455 2969 5512 remedium
3012 5449 3254 5508 adhibuit
3293 5466 3307 5501 :
3339 5446 3486 5503 illum
3509 5442 3710 5521 quippe

2121 5553 2302 5608 docuit
2327 5567 2486 5623 quem
2512 5558 2785 5621 oporteret
2814 5561 2934 5603 esse
2962 5558 3164 5616 regem,
3192 5538 3424 5611 talisque
3443 5537 3707 5595 doctrinae

2121 5643 2420 5699 molestiam
2463 5641 2661 5710 cli'ogit.
2709 5640 2773 5694 Et
2820 5636 3033 5708 quidem
3075 5633 3288 5689 videtur
3328 5630 3417 5685 illc
3462 5644 3556 5698 pro
3599 5624 3708 5680 suis

2123 5742 2325 5792 tantum
2355 5731 2513 5789 rebus
2540 5732 2861 5802 disceptare,
2892 5729 3156 5799 docetque
3184 5721 3395 5780 interim
3430 5719 3574 5775 illum
3601 5728 3711 5789 quo
