  <div class='ocr_page' id='page_1' title='image "/cluster/home/n/w/nwhite01/storage/ocr_20150623/51/hvd.32044073501900/308.png"; bbox 0 0 4082 6212; ppageno 0'>
   <div class='ocr_carea' id='block_1_1' title="bbox 438 350 543 406">
    <p class='ocr_par' dir='ltr' id='par_1_1' title="bbox 438 350 543 406">
     <span class='ocr_line' id='line_1_1' title="bbox 438 350 543 406; baseline 0 0"><span class='ocrx_word' id='word_1_1' title='bbox 438 350 543 406; x_wconf 74' lang='grc'><strong>509</strong></span> 
     </span>
    </p>
   </div>
   <div class='ocr_carea' id='block_1_2' title="bbox 441 450 2027 534">
    <p class='ocr_par' dir='ltr' id='par_1_2' title="bbox 441 450 2027 534">
     <span class='ocr_line' id='line_1_2' title="bbox 441 450 2027 534; baseline -0.012 -17"><span class='ocrx_word' id='word_1_2' title='bbox 441 460 600 516; x_wconf 85' lang='lat' dir='ltr'><strong>modo</strong></span> <span class='ocrx_word' id='word_1_3' title='bbox 636 477 813 534; x_wconf 89' lang='lat' dir='ltr'><strong>quave</strong></span> <span class='ocrx_word' id='word_1_4' title='bbox 835 457 1046 515; x_wconf 77' lang='lat' dir='ltr'><strong>ratione</strong></span> <span class='ocrx_word' id='word_1_5' title='bbox 1060 450 1397 509; x_wconf 77' lang='lat' dir='ltr'><strong>subditorum</strong></span> <span class='ocrx_word' id='word_1_6' title='bbox 1427 465 1612 506; x_wconf 90' lang='lat' dir='ltr'><strong>curam</strong></span> <span class='ocrx_word' id='word_1_7' title='bbox 1641 462 1826 520; x_wconf 79' lang='lat' dir='ltr'><strong>gerere</strong></span> <span class='ocrx_word' id='word_1_8' title='bbox 1865 459 2027 515; x_wconf 89' lang='lat' dir='ltr'><strong>opor-</strong></span> 
     </span>
    </p>
   </div>
   <div class='ocr_carea' id='block_1_3' title="bbox 442 536 2028 615">
    <p class='ocr_par' dir='ltr' id='par_1_3' title="bbox 442 536 2028 615">
     <span class='ocr_line' id='line_1_3' title="bbox 442 536 2028 615; baseline -0.011 -9"><span class='ocrx_word' id='word_1_9' title='bbox 442 560 567 607; x_wconf 87' lang='lat' dir='ltr'><strong>teat.</strong></span> <span class='ocrx_word' id='word_1_10' title='bbox 612 550 694 605; x_wconf 77' lang='lat' dir='ltr'><strong>&#39;l‘u</strong></span> <span class='ocrx_word' id='word_1_11' title='bbox 725 564 853 604; x_wconf 82' lang='lat' dir='ltr'><strong>vero</strong></span> <span class='ocrx_word' id='word_1_12' title='bbox 883 546 1013 602; x_wconf 86' lang='lat' dir='ltr'><strong>mihi</strong></span> <span class='ocrx_word' id='word_1_13' title='bbox 1042 542 1312 615; x_wconf 87' lang='lat' dir='ltr'><strong>perpende</strong></span> <span class='ocrx_word' id='word_1_14' title='bbox 1340 538 1609 615; x_wconf 87' lang='lat' dir='ltr'><strong>quomodo</strong></span> <span class='ocrx_word' id='word_1_15' title='bbox 1648 554 1709 595; x_wconf 90' lang='lat' dir='ltr'><strong>se</strong></span> <span class='ocrx_word' id='word_1_16' title='bbox 1744 536 2028 607; x_wconf 75' lang='lat' dir='ltr'><strong>diligenter</strong></span> 
     </span>
    </p>
   </div>
   <div class='ocr_carea' id='block_1_4' title="bbox 439 627 2025 709">
    <p class='ocr_par' dir='ltr' id='par_1_4' title="bbox 439 627 2025 709">
     <span class='ocr_line' id='line_1_4' title="bbox 439 627 2025 709; baseline -0.011 -12"><span class='ocrx_word' id='word_1_17' title='bbox 439 642 585 699; x_wconf 91' lang='lat' dir='ltr'><strong>omni</strong></span> <span class='ocrx_word' id='word_1_18' title='bbox 609 655 830 696; x_wconf 87' lang='lat' dir='ltr'><strong>munere</strong></span> <span class='ocrx_word' id='word_1_19' title='bbox 848 653 1039 709; x_wconf 87' lang='lat' dir='ltr'><strong>purum</strong></span> <span class='ocrx_word' id='word_1_20' title='bbox 1062 650 1182 692; x_wconf 91' lang='lat' dir='ltr'><strong>esse</strong></span> <span class='ocrx_word' id='word_1_21' title='bbox 1201 635 1552 691; x_wconf 81' lang='lat' dir='ltr'><strong>demonstret.</strong></span> <span class='ocrx_word' id='word_1_22' title='bbox 1575 632 1691 687; x_wconf 86' lang='lat' dir='ltr'><strong>Non</strong></span> <span class='ocrx_word' id='word_1_23' title='bbox 1709 629 1849 686; x_wconf 90' lang='lat' dir='ltr'><strong>enim</strong></span> <span class='ocrx_word' id='word_1_24' title='bbox 1871 627 2025 689; x_wconf 83' lang='lat' dir='ltr'><strong>dixit,</strong></span> 
     </span>
    </p>
   </div>
   <div class='ocr_carea' id='block_1_5' title="bbox 439 720 2028 804">
    <p class='ocr_par' dir='ltr' id='par_1_5' title="bbox 439 720 2028 804">
     <span class='ocr_line' id='line_1_5' title="bbox 439 720 2028 804; baseline -0.011 -13"><span class='ocrx_word' id='word_1_25' title='bbox 439 736 574 792; x_wconf 77' lang='lat' dir='ltr'><strong>Num</strong></span> <span class='ocrx_word' id='word_1_26' title='bbox 605 747 763 804; x_wconf 89' lang='lat' dir='ltr'><strong>agros</strong></span> <span class='ocrx_word' id='word_1_27' title='bbox 798 730 1095 801; x_wconf 87' lang='lat' dir='ltr'><strong>eujnspiam</strong></span> <span class='ocrx_word' id='word_1_28' title='bbox 1122 739 1360 785; x_wconf 88' lang='lat' dir='ltr'><strong>vestrum</strong></span> <span class='ocrx_word' id='word_1_29' title='bbox 1389 725 1618 782; x_wconf 82' lang='lat' dir='ltr'><strong>abstuli?</strong></span> <span class='ocrx_word' id='word_1_30' title='bbox 1645 738 1769 779; x_wconf 91' lang='lat' dir='ltr'><strong>num</strong></span> <span class='ocrx_word' id='word_1_31' title='bbox 1800 720 2028 777; x_wconf 80' lang='lat' dir='ltr'><strong>aurum?</strong></span> 
     </span>
    </p>
   </div>
   <div class='ocr_carea' id='block_1_6' title="bbox 440 813 2024 894">
    <p class='ocr_par' dir='ltr' id='par_1_6' title="bbox 440 813 2024 894">
     <span class='ocr_line' id='line_1_6' title="bbox 440 813 2024 894; baseline -0.01 -14"><span class='ocrx_word' id='word_1_32' title='bbox 440 826 533 880; x_wconf 85' lang='lat' dir='ltr'><strong>sed</strong></span> <span class='ocrx_word' id='word_1_33' title='bbox 576 822 718 894; x_wconf 89' lang='lat' dir='ltr'><strong>quod</strong></span> <span class='ocrx_word' id='word_1_34' title='bbox 760 821 997 876; x_wconf 90' lang='lat' dir='ltr'><strong>omnium</strong></span> <span class='ocrx_word' id='word_1_35' title='bbox 1043 820 1359 876; x_wconf 82' lang='lat' dir='ltr'><strong>vilissimum</strong></span> <span class='ocrx_word' id='word_1_36' title='bbox 1402 827 1539 883; x_wconf 89' lang='lat' dir='ltr'><strong>erat,</strong></span> <span class='ocrx_word' id='word_1_37' title='bbox 1590 814 1726 871; x_wconf 84' lang='lat' dir='ltr'><strong>Num</strong></span> <span class='ocrx_word' id='word_1_38' title='bbox 1763 813 2024 879; x_wconf 79' lang='lat' dir='ltr'><strong>calceum,</strong></span> 
     </span>
    </p>
   </div>
   <div class='ocr_carea' id='block_1_7' title="bbox 440 907 2027 987">
    <p class='ocr_par' dir='ltr' id='par_1_7' title="bbox 440 907 2027 987">
     <span class='ocr_line' id='line_1_7' title="bbox 440 907 2027 987; baseline -0.008 -15"><span class='ocrx_word' id='word_1_39' title='bbox 440 915 648 987; x_wconf 83' lang='lat' dir='ltr'><strong>inquit?</strong></span> <span class='ocrx_word' id='word_1_40' title='bbox 709 913 912 969; x_wconf 83' lang='lat' dir='ltr'><strong>Deinde</strong></span> <span class='ocrx_word' id='word_1_41' title='bbox 973 913 1131 967; x_wconf 90' lang='lat' dir='ltr'><strong>aliam</strong></span> <span class='ocrx_word' id='word_1_42' title='bbox 1199 929 1427 982; x_wconf 81' lang='lat' dir='ltr'><strong>eamque</strong></span> <span class='ocrx_word' id='word_1_43' title='bbox 1482 925 1727 980; x_wconf 81' lang='lat' dir='ltr'><strong>magnam</strong></span> <span class='ocrx_word' id='word_1_44' title='bbox 1776 907 2027 962; x_wconf 86' lang='lat' dir='ltr'><strong>virtutem</strong></span> 
     </span>
    </p>
   </div>
   <div class='ocr_carea' id='block_1_8' title="bbox 438 996 2029 1076">
    <p class='ocr_par' dir='ltr' id='par_1_8' title="bbox 438 996 2029 1076">
     <span class='ocr_line' id='line_1_8' title="bbox 438 996 2029 1076; baseline -0.008 -14"><span class='ocrx_word' id='word_1_45' title='bbox 438 1023 589 1063; x_wconf 84' lang='lat' dir='ltr'><strong>suam</strong></span> <span class='ocrx_word' id='word_1_46' title='bbox 620 1005 889 1076; x_wconf 81' lang='lat' dir='ltr'><strong>patefecit.</strong></span> <span class='ocrx_word' id='word_1_47' title='bbox 918 1004 1050 1071; x_wconf 87' lang='lat' dir='ltr'><strong>Quia</strong></span> <span class='ocrx_word' id='word_1_48' title='bbox 1087 1003 1227 1058; x_wconf 89' lang='lat' dir='ltr'><strong>enim</strong></span> <span class='ocrx_word' id='word_1_49' title='bbox 1266 1003 1418 1058; x_wconf 91' lang='lat' dir='ltr'><strong>multi</strong></span> <span class='ocrx_word' id='word_1_50' title='bbox 1462 1002 1747 1072; x_wconf 81' lang='lat' dir='ltr'><strong>principes,</strong></span> <span class='ocrx_word' id='word_1_51' title='bbox 1778 998 1905 1053; x_wconf 90' lang='lat' dir='ltr'><strong>dum</strong></span> <span class='ocrx_word' id='word_1_52' title='bbox 1950 996 2029 1051; x_wconf 89' lang='lat' dir='ltr'><strong>fu-</strong></span> 
     </span>
    </p>
   </div>
   <div class='ocr_carea' id='block_1_9' title="bbox 441 1095 2031 1163">
    <p class='ocr_par' dir='ltr' id='par_1_9' title="bbox 441 1095 2031 1163">
     <span class='ocr_line' id='line_1_9' title="bbox 441 1095 2031 1163; baseline -0.008 -8"><span class='ocrx_word' id='word_1_53' title='bbox 441 1109 644 1163; x_wconf 88' lang='lat' dir='ltr'><strong>rantur,</strong></span> <span class='ocrx_word' id='word_1_54' title='bbox 687 1097 950 1152; x_wconf 88' lang='lat' dir='ltr'><strong>mansueti</strong></span> <span class='ocrx_word' id='word_1_55' title='bbox 983 1106 1105 1152; x_wconf 91' lang='lat' dir='ltr'><strong>sunt</strong></span> <span class='ocrx_word' id='word_1_56' title='bbox 1143 1104 1198 1151; x_wconf 89' lang='lat' dir='ltr'><strong>et</strong></span> <span class='ocrx_word' id='word_1_57' title='bbox 1242 1095 1523 1160; x_wconf 82' lang='lat' dir='ltr'><strong>moderati,</strong></span> <span class='ocrx_word' id='word_1_58' title='bbox 1566 1108 1673 1148; x_wconf 90' lang='lat' dir='ltr'><strong>non</strong></span> <span class='ocrx_word' id='word_1_59' title='bbox 1713 1100 1899 1161; x_wconf 89' lang='lat' dir='ltr'><strong>suapte</strong></span> <span class='ocrx_word' id='word_1_60' title='bbox 1938 1105 2031 1143; x_wconf 86' lang='lat' dir='ltr'><strong>na-</strong></span> 
     </span>
    </p>
   </div>
   <div class='ocr_carea' id='block_1_10' title="bbox 442 1178 2028 1259">
    <p class='ocr_par' dir='ltr' id='par_1_10' title="bbox 442 1178 2028 1259">
     <span class='ocr_line' id='line_1_10' title="bbox 442 1178 2028 1259; baseline -0.006 -15"><span class='ocrx_word' id='word_1_61' title='bbox 442 1198 580 1258; x_wconf 91' lang='lat' dir='ltr'><strong>tura,</strong></span> <span class='ocrx_word' id='word_1_62' title='bbox 611 1189 705 1245; x_wconf 88' lang='lat' dir='ltr'><strong>sed</strong></span> <span class='ocrx_word' id='word_1_63' title='bbox 735 1195 959 1259; x_wconf 83' lang='lat' dir='ltr'><strong>cogente</strong></span> <span class='ocrx_word' id='word_1_64' title='bbox 983 1186 1331 1250; x_wconf 85' lang='lat' dir='ltr'><strong>conscientia,</strong></span> <span class='ocrx_word' id='word_1_65' title='bbox 1374 1184 1515 1256; x_wconf 91' lang='lat' dir='ltr'><strong>quod</strong></span> <span class='ocrx_word' id='word_1_66' title='bbox 1555 1183 1760 1238; x_wconf 88' lang='lat' dir='ltr'><strong>scilicet</strong></span> <span class='ocrx_word' id='word_1_67' title='bbox 1798 1181 1902 1236; x_wconf 88' lang='lat' dir='ltr'><strong>illis</strong></span> <span class='ocrx_word' id='word_1_68' title='bbox 1930 1178 2028 1234; x_wconf 84' lang='lat' dir='ltr'><strong>ad-</strong></span> 
     </span>
    </p>
   </div>
   <div class='ocr_carea' id='block_1_11' title="bbox 449 1275 2028 1342">
    <p class='ocr_par' dir='ltr' id='par_1_11' title="bbox 449 1275 2028 1342">
     <span class='ocr_line' id='line_1_11' title="bbox 449 1275 2028 1342; baseline -0.007 -7"><span class='ocrx_word' id='word_1_69' title='bbox 449 1282 669 1335; x_wconf 89' lang='lat' dir='ltr'><strong>missum</strong></span> <span class='ocrx_word' id='word_1_70' title='bbox 699 1281 894 1334; x_wconf 86' lang='lat' dir='ltr'><strong>furtum</strong></span> <span class='ocrx_word' id='word_1_71' title='bbox 924 1278 1171 1333; x_wconf 82' lang='lat' dir='ltr'><strong>ﬁduciam</strong></span> <span class='ocrx_word' id='word_1_72' title='bbox 1200 1277 1349 1331; x_wconf 88' lang='lat' dir='ltr'><strong>tollat</strong></span> <span class='ocrx_word' id='word_1_73' title='bbox 1376 1295 1388 1330; x_wconf 92' lang='lat'><strong>:</strong></span> <span class='ocrx_word' id='word_1_74' title='bbox 1420 1284 1605 1330; x_wconf 90' lang='lat' dir='ltr'><strong>contra</strong></span> <span class='ocrx_word' id='word_1_75' title='bbox 1634 1289 1763 1328; x_wconf 88' lang='lat' dir='ltr'><strong>vero</strong></span> <span class='ocrx_word' id='word_1_76' title='bbox 1789 1275 1878 1342; x_wconf 88' lang='lat' dir='ltr'><strong>qui</strong></span> <span class='ocrx_word' id='word_1_77' title='bbox 1907 1287 2028 1325; x_wconf 89' lang='lat' dir='ltr'><strong>mu-</strong></span> 
     </span>
    </p>
   </div>
   <div class='ocr_carea' id='block_1_12' title="bbox 446 1361 2029 1438">
    <p class='ocr_par' dir='ltr' id='par_1_12' title="bbox 446 1361 2029 1438">
     <span class='ocr_line' id='line_1_12' title="bbox 446 1361 2029 1438; baseline -0.007 -12"><span class='ocrx_word' id='word_1_78' title='bbox 446 1387 572 1427; x_wconf 89' lang='lat' dir='ltr'><strong>nera</strong></span> <span class='ocrx_word' id='word_1_79' title='bbox 609 1382 946 1438; x_wconf 76' lang='lat' dir='ltr'><strong>aversantur,</strong></span> <span class='ocrx_word' id='word_1_80' title='bbox 988 1369 1200 1425; x_wconf 88' lang='lat' dir='ltr'><strong>molesti</strong></span> <span class='ocrx_word' id='word_1_81' title='bbox 1243 1367 1565 1437; x_wconf 90' lang='lat' dir='ltr'><strong>onerosique</strong></span> <span class='ocrx_word' id='word_1_82' title='bbox 1602 1375 1747 1430; x_wconf 87' lang='lat' dir='ltr'><strong>sunt,</strong></span> <span class='ocrx_word' id='word_1_83' title='bbox 1795 1378 1895 1418; x_wconf 91' lang='lat' dir='ltr'><strong>nec</strong></span> <span class='ocrx_word' id='word_1_84' title='bbox 1930 1361 2029 1430; x_wconf 61' lang='lat' dir='ltr'><strong>ipsi</strong></span> 
     </span>
    </p>
   </div>
   <div class='ocr_carea' id='block_1_13' title="bbox 443 1453 2027 1533">
    <p class='ocr_par' dir='ltr' id='par_1_13' title="bbox 443 1453 2027 1533">
     <span class='ocr_line' id='line_1_13' title="bbox 443 1453 2027 1533; baseline -0.006 -17"><span class='ocrx_word' id='word_1_85' title='bbox 443 1471 629 1533; x_wconf 88' lang='lat' dir='ltr'><strong>suapte</strong></span> <span class='ocrx_word' id='word_1_86' title='bbox 662 1470 874 1528; x_wconf 74' lang='lat' dir='ltr'><strong>natura,</strong></span> <span class='ocrx_word' id='word_1_87' title='bbox 902 1460 998 1516; x_wconf 89' lang='lat' dir='ltr'><strong>sed</strong></span> <span class='ocrx_word' id='word_1_88' title='bbox 1035 1476 1100 1515; x_wconf 78' lang='lat' dir='ltr'><strong>ex</strong></span> <span class='ocrx_word' id='word_1_89' title='bbox 1130 1459 1360 1531; x_wconf 88' lang='lat' dir='ltr'><strong>quadam</strong></span> <span class='ocrx_word' id='word_1_90' title='bbox 1401 1473 1534 1512; x_wconf 86' lang='lat' dir='ltr'><strong>vana</strong></span> <span class='ocrx_word' id='word_1_91' title='bbox 1568 1457 1759 1528; x_wconf 90' lang='lat' dir='ltr'><strong>gloria,</strong></span> <span class='ocrx_word' id='word_1_92' title='bbox 1804 1463 1855 1508; x_wconf 84' lang='lat' dir='ltr'><strong>et</strong></span> <span class='ocrx_word' id='word_1_93' title='bbox 1885 1453 2027 1524; x_wconf 90' lang='lat' dir='ltr'><strong>quod</strong></span> 
     </span>
    </p>
   </div>
   <div class='ocr_carea' id='block_1_14' title="bbox 445 1545 2031 1620">
    <p class='ocr_par' dir='ltr' id='par_1_14' title="bbox 445 1545 2031 1620">
     <span class='ocr_line' id='line_1_14' title="bbox 445 1545 2031 1620; baseline -0.005 -14"><span class='ocrx_word' id='word_1_94' title='bbox 445 1553 754 1607; x_wconf 81' lang='lat' dir='ltr'><strong>muneribus</strong></span> <span class='ocrx_word' id='word_1_95' title='bbox 779 1553 928 1606; x_wconf 85' lang='lat' dir='ltr'><strong>vacui</strong></span> <span class='ocrx_word' id='word_1_96' title='bbox 957 1551 1066 1605; x_wconf 89' lang='lat' dir='ltr'><strong>sint</strong></span> <span class='ocrx_word' id='word_1_97' title='bbox 1100 1569 1115 1605; x_wconf 90' lang='lat'><strong>:</strong></span> <span class='ocrx_word' id='word_1_98' title='bbox 1161 1560 1386 1620; x_wconf 87' lang='lat' dir='ltr'><strong>utraque</strong></span> <span class='ocrx_word' id='word_1_99' title='bbox 1425 1558 1603 1603; x_wconf 88' lang='lat' dir='ltr'><strong>autem</strong></span> <span class='ocrx_word' id='word_1_100' title='bbox 1645 1547 1781 1602; x_wconf 88' lang='lat' dir='ltr'><strong>mala</strong></span> <span class='ocrx_word' id='word_1_101' title='bbox 1826 1545 1877 1600; x_wconf 92' lang='lat' dir='ltr'><strong>in</strong></span> <span class='ocrx_word' id='word_1_102' title='bbox 1924 1559 2031 1599; x_wconf 90' lang='lat' dir='ltr'><strong>uno</strong></span> 
     </span>
    </p>
   </div>
   <div class='ocr_carea' id='block_1_15' title="bbox 443 1636 2031 1700">
    <p class='ocr_par' dir='ltr' id='par_1_15' title="bbox 443 1636 2031 1700">
     <span class='ocr_line' id='line_1_15' title="bbox 443 1636 2031 1700; baseline -0.007 0"><span class='ocrx_word' id='word_1_103' title='bbox 443 1659 768 1700; x_wconf 84' lang='lat' dir='ltr'><strong>concurrere</strong></span> <span class='ocrx_word' id='word_1_104' title='bbox 792 1657 897 1698; x_wconf 92' lang='lat' dir='ltr'><strong>non</strong></span> <span class='ocrx_word' id='word_1_105' title='bbox 926 1642 1084 1697; x_wconf 80' lang='lat' dir='ltr'><strong>facile</strong></span> <span class='ocrx_word' id='word_1_106' title='bbox 1108 1642 1292 1696; x_wconf 88' lang='lat' dir='ltr'><strong>videas</strong></span> <span class='ocrx_word' id='word_1_107' title='bbox 1340 1660 1352 1696; x_wconf 89' lang='lat'><strong>:</strong></span> <span class='ocrx_word' id='word_1_108' title='bbox 1396 1656 1517 1696; x_wconf 90' lang='lat' dir='ltr'><strong>cum</strong></span> <span class='ocrx_word' id='word_1_109' title='bbox 1555 1638 1838 1694; x_wconf 89' lang='lat' dir='ltr'><strong>ostendere</strong></span> <span class='ocrx_word' id='word_1_110' title='bbox 1872 1636 2031 1691; x_wconf 82' lang='lat' dir='ltr'><strong>vellet</strong></span> 
     </span>
    </p>
   </div>
   <div class='ocr_carea' id='block_1_16' title="bbox 446 1727 2027 1799">
    <p class='ocr_par' dir='ltr' id='par_1_16' title="bbox 446 1727 2027 1799">
     <span class='ocr_line' id='line_1_16' title="bbox 446 1727 2027 1799; baseline -0.006 -12"><span class='ocrx_word' id='word_1_111' title='bbox 446 1733 526 1787; x_wconf 83' lang='lat' dir='ltr'><strong>vir</strong></span> <span class='ocrx_word' id='word_1_112' title='bbox 553 1733 640 1788; x_wconf 93' lang='lat' dir='ltr'><strong>ille</strong></span> <span class='ocrx_word' id='word_1_113' title='bbox 677 1742 913 1799; x_wconf 88' lang='lat' dir='ltr'><strong>sanctus,</strong></span> <span class='ocrx_word' id='word_1_114' title='bbox 962 1747 1020 1788; x_wconf 88' lang='lat' dir='ltr'><strong>se</strong></span> <span class='ocrx_word' id='word_1_115' title='bbox 1062 1741 1117 1788; x_wconf 91' lang='lat' dir='ltr'><strong>et</strong></span> <span class='ocrx_word' id='word_1_116' title='bbox 1149 1732 1460 1786; x_wconf 88' lang='lat' dir='ltr'><strong>muneribus</strong></span> <span class='ocrx_word' id='word_1_117' title='bbox 1489 1738 1542 1785; x_wconf 92' lang='lat' dir='ltr'><strong>et</strong></span> <span class='ocrx_word' id='word_1_118' title='bbox 1577 1731 1653 1783; x_wconf 90' lang='lat' dir='ltr'><strong>ira</strong></span> <span class='ocrx_word' id='word_1_119' title='bbox 1698 1727 2027 1797; x_wconf 90' lang='lat' dir='ltr'><strong>superiorem</strong></span> 
     </span>
    </p>
   </div>
   <div class='ocr_carea' id='block_1_17' title="bbox 446 1820 2031 1891">
    <p class='ocr_par' dir='ltr' id='par_1_17' title="bbox 446 1820 2031 1891">
     <span class='ocr_line' id='line_1_17' title="bbox 446 1820 2031 1891; baseline -0.004 -14"><span class='ocrx_word' id='word_1_120' title='bbox 446 1824 628 1891; x_wconf 81' lang='lat' dir='ltr'><strong>fuisse,</strong></span> <span class='ocrx_word' id='word_1_121' title='bbox 666 1825 753 1880; x_wconf 88' lang='lat' dir='ltr'><strong>ubi</strong></span> <span class='ocrx_word' id='word_1_122' title='bbox 783 1824 1026 1891; x_wconf 79' lang='lat' dir='ltr'><strong>dixisset,</strong></span> <span class='ocrx_word' id='word_1_123' title='bbox 1073 1822 1218 1877; x_wconf 82' lang='lat' dir='ltr'><strong>Num</strong></span> <span class='ocrx_word' id='word_1_124' title='bbox 1260 1823 1470 1877; x_wconf 85' lang='lat' dir='ltr'><strong>uitulum</strong></span> <span class='ocrx_word' id='word_1_125' title='bbox 1507 1820 1777 1891; x_wconf 78' lang='lat' dir='ltr'><strong>cujusdam</strong></span> <span class='ocrx_word' id='word_1_126' title='bbox 1815 1827 2031 1872; x_wconf 79' lang='lat' dir='ltr'><strong>vestrum</strong></span> 
     </span>
    </p>
   </div>
   <div class='ocr_carea' id='block_1_18' title="bbox 446 1910 2030 1985">
    <p class='ocr_par' dir='ltr' id='par_1_18' title="bbox 446 1910 2030 1985">
     <span class='ocr_line' id='line_1_18' title="bbox 446 1910 2030 1985; baseline -0.005 -18"><span class='ocrx_word' id='word_1_127' title='bbox 446 1916 650 1985; x_wconf 84' lang='lat' dir='ltr'><strong>accepi?</strong></span> <span class='ocrx_word' id='word_1_128' title='bbox 677 1932 780 1969; x_wconf 92' lang='lat' dir='ltr'><strong>non</strong></span> <span class='ocrx_word' id='word_1_129' title='bbox 810 1916 990 1980; x_wconf 83' lang='lat' dir='ltr'><strong>tacuit,</strong></span> <span class='ocrx_word' id='word_1_130' title='bbox 1022 1914 1114 1970; x_wconf 89' lang='lat' dir='ltr'><strong>sed</strong></span> <span class='ocrx_word' id='word_1_131' title='bbox 1145 1913 1438 1983; x_wconf 70' lang='lat' dir='ltr'><strong>snbjnnxit,</strong></span> <span class='ocrx_word' id='word_1_132' title='bbox 1471 1913 1571 1965; x_wconf 80' lang='lat' dir='ltr'><strong>Aut</strong></span> <span class='ocrx_word' id='word_1_133' title='bbox 1600 1910 1827 1982; x_wconf 76' lang='lat' dir='ltr'><strong>oppressi</strong></span> <span class='ocrx_word' id='word_1_134' title='bbox 1853 1925 2030 1978; x_wconf 80' lang='lat' dir='ltr'><strong>quem-</strong></span> 
     </span>
    </p>
   </div>
   <div class='ocr_carea' id='block_1_19' title="bbox 445 1998 2031 2075">
    <p class='ocr_par' dir='ltr' id='par_1_19' title="bbox 445 1998 2031 2075">
     <span class='ocr_line' id='line_1_19' title="bbox 445 1998 2031 2075; baseline -0.003 -17"><span class='ocrx_word' id='word_1_135' title='bbox 445 2006 580 2074; x_wconf 85' lang='lat' dir='ltr'><strong>piam</strong></span> <span class='ocrx_word' id='word_1_136' title='bbox 611 2007 867 2060; x_wconf 85' lang='lat' dir='ltr'><strong>vestrum?</strong></span> <span class='ocrx_word' id='word_1_137' title='bbox 890 2010 990 2075; x_wconf 37' lang='lat' dir='ltr'><strong>,aut</strong></span> <span class='ocrx_word' id='word_1_138' title='bbox 1031 2004 1277 2075; x_wconf 75' lang='lat' dir='ltr'><strong>depressi,</strong></span> <span class='ocrx_word' id='word_1_139' title='bbox 1323 2002 1376 2059; x_wconf 89' lang='lat' dir='ltr'><strong>id</strong></span> <span class='ocrx_word' id='word_1_140' title='bbox 1416 2011 1518 2066; x_wconf 88' lang='lat' dir='ltr'><strong>est,</strong></span> <span class='ocrx_word' id='word_1_141' title='bbox 1562 1998 1825 2057; x_wconf 80' lang='lat' dir='ltr'><strong>contrivi?</strong></span> <span class='ocrx_word' id='word_1_142' title='bbox 1864 1999 2031 2066; x_wconf 84' lang='lat' dir='ltr'><strong>llujus</strong></span> 
     </span>
    </p>
   </div>
   <div class='ocr_carea' id='block_1_20' title="bbox 445 2090 2031 2167">
    <p class='ocr_par' dir='ltr' id='par_1_20' title="bbox 445 2090 2031 2167">
     <span class='ocr_line' id='line_1_20' title="bbox 445 2090 2031 2167; baseline -0.004 -15"><span class='ocrx_word' id='word_1_143' title='bbox 445 2113 605 2167; x_wconf 91' lang='lat' dir='ltr'><strong>porro</strong></span> <span class='ocrx_word' id='word_1_144' title='bbox 626 2097 752 2154; x_wconf 87' lang='lat' dir='ltr'><strong>dicti</strong></span> <span class='ocrx_word' id='word_1_145' title='bbox 774 2113 966 2154; x_wconf 86' lang='lat' dir='ltr'><strong>sensus</strong></span> <span class='ocrx_word' id='word_1_146' title='bbox 989 2108 1073 2155; x_wconf 89' lang='lat' dir='ltr'><strong>est</strong></span> <span class='ocrx_word' id='word_1_147' title='bbox 1097 2116 1110 2153; x_wconf 93' lang='lat'><strong>:</strong></span> <span class='ocrx_word' id='word_1_148' title='bbox 1135 2097 1303 2153; x_wconf 81' lang='lat' dir='ltr'><strong>Nemo</strong></span> <span class='ocrx_word' id='word_1_149' title='bbox 1324 2095 1451 2152; x_wconf 91' lang='lat' dir='ltr'><strong>illud</strong></span> <span class='ocrx_word' id='word_1_150' title='bbox 1478 2095 1657 2150; x_wconf 89' lang='lat' dir='ltr'><strong>dicere</strong></span> <span class='ocrx_word' id='word_1_151' title='bbox 1677 2092 1862 2163; x_wconf 88' lang='lat' dir='ltr'><strong>possit,</strong></span> <span class='ocrx_word' id='word_1_152' title='bbox 1888 2090 2031 2162; x_wconf 89' lang='lat' dir='ltr'><strong>quod</strong></span> 
     </span>
    </p>
   </div>
   <div class='ocr_carea' id='block_1_21' title="bbox 446 2182 2031 2262">
    <p class='ocr_par' dir='ltr' id='par_1_21' title="bbox 446 2182 2031 2262">
     <span class='ocr_line' id='line_1_21' title="bbox 446 2182 2031 2262; baseline -0.004 -19"><span class='ocrx_word' id='word_1_153' title='bbox 446 2204 549 2244; x_wconf 91' lang='lat' dir='ltr'><strong>non</strong></span> <span class='ocrx_word' id='word_1_154' title='bbox 568 2191 865 2261; x_wconf 87' lang='lat' dir='ltr'><strong>acceperim</strong></span> <span class='ocrx_word' id='word_1_155' title='bbox 890 2190 1128 2262; x_wconf 85' lang='lat' dir='ltr'><strong>quidem.</strong></span> <span class='ocrx_word' id='word_1_156' title='bbox 1158 2189 1250 2245; x_wconf 86' lang='lat' dir='ltr'><strong>sed</strong></span> <span class='ocrx_word' id='word_1_157' title='bbox 1274 2190 1397 2260; x_wconf 86' lang='lat' dir='ltr'><strong>quia</strong></span> <span class='ocrx_word' id='word_1_158' title='bbox 1421 2202 1528 2243; x_wconf 90' lang='lat' dir='ltr'><strong>non</strong></span> <span class='ocrx_word' id='word_1_159' title='bbox 1553 2200 1885 2256; x_wconf 84' lang='lat' dir='ltr'><strong>acceperam,</strong></span> <span class='ocrx_word' id='word_1_160' title='bbox 1912 2182 2031 2238; x_wconf 90' lang='lat' dir='ltr'><strong>ideo</strong></span> 
     </span>
    </p>
   </div>
   <div class='ocr_carea' id='block_1_22' title="bbox 443 2273 2029 2350">
    <p class='ocr_par' dir='ltr' id='par_1_22' title="bbox 443 2273 2029 2350">
     <span class='ocr_line' id='line_1_22' title="bbox 443 2273 2029 2350; baseline -0.004 -16"><span class='ocrx_word' id='word_1_161' title='bbox 443 2283 637 2350; x_wconf 76' lang='lat' dir='ltr'><strong>gravis,</strong></span> <span class='ocrx_word' id='word_1_162' title='bbox 668 2282 949 2349; x_wconf 88' lang='lat' dir='ltr'><strong>molestus,</strong></span> <span class='ocrx_word' id='word_1_163' title='bbox 992 2281 1223 2336; x_wconf 85' lang='lat' dir='ltr'><strong>crudelis</strong></span> <span class='ocrx_word' id='word_1_164' title='bbox 1266 2288 1322 2335; x_wconf 88' lang='lat' dir='ltr'><strong>et</strong></span> <span class='ocrx_word' id='word_1_165' title='bbox 1366 2278 1614 2333; x_wconf 88' lang='lat' dir='ltr'><strong>immanis</strong></span> <span class='ocrx_word' id='word_1_166' title='bbox 1653 2276 1863 2331; x_wconf 82' lang='lat' dir='ltr'><strong>fuerim.</strong></span> <span class='ocrx_word' id='word_1_167' title='bbox 1895 2273 2029 2329; x_wconf 84' lang='lat' dir='ltr'><strong>Pro-</strong></span> 
     </span>
    </p>
   </div>
   <div class='ocr_carea' id='block_1_23' title="bbox 448 2368 2031 2442">
    <p class='ocr_par' dir='ltr' id='par_1_23' title="bbox 448 2368 2031 2442">
     <span class='ocr_line' id='line_1_23' title="bbox 448 2368 2031 2442; baseline -0.003 -18"><span class='ocrx_word' id='word_1_168' title='bbox 448 2380 629 2441; x_wconf 88' lang='lat' dir='ltr'><strong>pterea</strong></span> <span class='ocrx_word' id='word_1_169' title='bbox 677 2371 891 2427; x_wconf 87' lang='lat' dir='ltr'><strong>dicebat</strong></span> <span class='ocrx_word' id='word_1_170' title='bbox 937 2389 953 2427; x_wconf 90' lang='lat'><strong>:</strong></span> <span class='ocrx_word' id='word_1_171' title='bbox 1005 2369 1146 2425; x_wconf 84' lang='lat' dir='ltr'><strong>Num</strong></span> <span class='ocrx_word' id='word_1_172' title='bbox 1196 2370 1423 2442; x_wconf 77' lang='lat' dir='ltr'><strong>Oppressi</strong></span> <span class='ocrx_word' id='word_1_173' title='bbox 1477 2368 1765 2440; x_wconf 82' lang='lat' dir='ltr'><strong>quempiam</strong></span> <span class='ocrx_word' id='word_1_174' title='bbox 1812 2376 2031 2421; x_wconf 76' lang='lat' dir='ltr'><strong>uestrum</strong></span> 
     </span>
    </p>
   </div>
   <div class='ocr_carea' id='block_1_24' title="bbox 444 2458 2030 2536">
    <p class='ocr_par' dir='ltr' id='par_1_24' title="bbox 444 2458 2030 2536">
     <span class='ocr_line' id='line_1_24' title="bbox 444 2458 2030 2536; baseline -0.004 -18"><span class='ocrx_word' id='word_1_175' title='bbox 444 2464 522 2535; x_wconf 83' lang='grc' dir='ltr'><strong>(Ι.</strong></span> <span class='ocrx_word' id='word_1_176' title='bbox 568 2463 698 2534; x_wconf 84' lang='lat' dir='ltr'><strong>Reg.</strong></span> <span class='ocrx_word' id='word_1_177' title='bbox 755 2463 841 2518; x_wconf 74' lang='grc'><strong>12.</strong></span> <span class='ocrx_word' id='word_1_178' title='bbox 875 2464 1021 2536; x_wconf 72' lang='grc'><strong>5-4).</strong></span> <span class='ocrx_word' id='word_1_179' title='bbox 1058 2462 1196 2530; x_wconf 87' lang='lat' dir='ltr'><strong>Quid</strong></span> <span class='ocrx_word' id='word_1_180' title='bbox 1232 2462 1391 2532; x_wconf 81' lang='lat' dir='ltr'><strong>igitur</strong></span> <span class='ocrx_word' id='word_1_181' title='bbox 1429 2460 1545 2515; x_wconf 85' lang='lat' dir='ltr'><strong>illi?</strong></span> <span class='ocrx_word' id='word_1_182' title='bbox 1578 2458 1699 2513; x_wconf 89' lang='lat' dir='ltr'><strong>Non</strong></span> <span class='ocrx_word' id='word_1_183' title='bbox 1739 2458 2030 2528; x_wconf 83' lang='lat' dir='ltr'><strong>oppressisti</strong></span> 
     </span>
    </p>
   </div>
   <div class='ocr_carea' id='block_1_25' title="bbox 444 2548 2027 2625">
    <p class='ocr_par' dir='ltr' id='par_1_25' title="bbox 444 2548 2027 2625">
     <span class='ocr_line' id='line_1_25' title="bbox 444 2548 2027 2625; baseline -0.004 -17"><span class='ocrx_word' id='word_1_184' title='bbox 444 2571 557 2622; x_wconf 84' lang='lat' dir='ltr'><strong>nos,</strong></span> <span class='ocrx_word' id='word_1_185' title='bbox 587 2570 746 2625; x_wconf 86' lang='lat' dir='ltr'><strong>neque</strong></span> <span class='ocrx_word' id='word_1_186' title='bbox 771 2555 981 2618; x_wconf 76' lang='lat' dir='ltr'><strong>vexasti,</strong></span> <span class='ocrx_word' id='word_1_187' title='bbox 1015 2571 1104 2609; x_wconf 85' lang='lat' dir='ltr'><strong>nec</strong></span> <span class='ocrx_word' id='word_1_188' title='bbox 1128 2553 1367 2624; x_wconf 84' lang='lat' dir='ltr'><strong>accepisti</strong></span> <span class='ocrx_word' id='word_1_189' title='bbox 1391 2568 1456 2608; x_wconf 72' lang='lat' dir='ltr'><strong>ea:</strong></span> <span class='ocrx_word' id='word_1_190' title='bbox 1480 2568 1635 2606; x_wconf 86' lang='lat' dir='ltr'><strong>manu</strong></span> <span class='ocrx_word' id='word_1_191' title='bbox 1673 2560 1844 2605; x_wconf 89' lang='lat' dir='ltr'><strong>nostra</strong></span> <span class='ocrx_word' id='word_1_192' title='bbox 1876 2548 2027 2620; x_wconf 87' lang='lat' dir='ltr'><strong>quid-</strong></span> 
     </span>
    </p>
   </div>
   <div class='ocr_carea' id='block_1_26' title="bbox 445 2640 2030 2715">
    <p class='ocr_par' dir='ltr' id='par_1_26' title="bbox 445 2640 2030 2715">
     <span class='ocr_line' id='line_1_26' title="bbox 445 2640 2030 2715; baseline -0.001 -17"><span class='ocrx_word' id='word_1_193' title='bbox 445 2645 600 2715; x_wconf 84' lang='lat' dir='ltr'><strong>piam.</strong></span> <span class='ocrx_word' id='word_1_194' title='bbox 654 2645 723 2699; x_wconf 85' lang='lat' dir='ltr'><strong>Et</strong></span> <span class='ocrx_word' id='word_1_195' title='bbox 761 2655 821 2699; x_wconf 93' lang='lat' dir='ltr'><strong>ut</strong></span> <span class='ocrx_word' id='word_1_196' title='bbox 862 2646 1036 2700; x_wconf 89' lang='lat' dir='ltr'><strong>discas</strong></span> <span class='ocrx_word' id='word_1_197' title='bbox 1087 2645 1236 2700; x_wconf 88' lang='lat' dir='ltr'><strong>illum</strong></span> <span class='ocrx_word' id='word_1_198' title='bbox 1287 2655 1345 2699; x_wconf 89' lang='lat' dir='ltr'><strong>ttt</strong></span> <span class='ocrx_word' id='word_1_199' title='bbox 1397 2659 1575 2715; x_wconf 91' lang='lat' dir='ltr'><strong>regem</strong></span> <span class='ocrx_word' id='word_1_200' title='bbox 1627 2642 1863 2699; x_wconf 90' lang='lat' dir='ltr'><strong>crudiret</strong></span> <span class='ocrx_word' id='word_1_201' title='bbox 1914 2640 2030 2697; x_wconf 73' lang='lat' dir='ltr'><strong>htec</strong></span> 
     </span>
    </p>
   </div>
   <div class='ocr_carea' id='block_1_27' title="bbox 442 2732 2029 2804">
    <p class='ocr_par' dir='ltr' id='par_1_27' title="bbox 442 2732 2029 2804">
     <span class='ocr_line' id='line_1_27' title="bbox 442 2732 2029 2804; baseline -0.001 -15"><span class='ocrx_word' id='word_1_202' title='bbox 442 2736 662 2800; x_wconf 77' lang='lat' dir='ltr'><strong>dixisse,</strong></span> <span class='ocrx_word' id='word_1_203' title='bbox 691 2734 963 2804; x_wconf 81' lang='lat' dir='ltr'><strong>subjunxit</strong></span> <span class='ocrx_word' id='word_1_204' title='bbox 1003 2751 1020 2792; x_wconf 90' lang='lat'><strong>:</strong></span> <span class='ocrx_word' id='word_1_205' title='bbox 1067 2734 1225 2790; x_wconf 83' lang='lat' dir='ltr'><strong>Testis</strong></span> <span class='ocrx_word' id='word_1_206' title='bbox 1261 2734 1531 2802; x_wconf 81' lang='lat' dir='ltr'><strong>Dominus,</strong></span> <span class='ocrx_word' id='word_1_207' title='bbox 1560 2743 1608 2788; x_wconf 86' lang='lat' dir='ltr'><strong>et</strong></span> <span class='ocrx_word' id='word_1_208' title='bbox 1649 2734 1785 2788; x_wconf 89' lang='lat' dir='ltr'><strong>testis</strong></span> <span class='ocrx_word' id='word_1_209' title='bbox 1812 2732 2029 2787; x_wconf 74' lang='lat' dir='ltr'><strong>clrristus</strong></span> 
     </span>
    </p>
   </div>
   <div class='ocr_carea' id='block_1_28' title="bbox 441 2824 2024 2897">
    <p class='ocr_par' dir='ltr' id='par_1_28' title="bbox 441 2824 2024 2897">
     <span class='ocr_line' id='line_1_28' title="bbox 441 2824 2024 2897; baseline -0.003 -16"><span class='ocrx_word' id='word_1_210' title='bbox 441 2828 552 2896; x_wconf 84' lang='lat' dir='ltr'><strong>ejus</strong></span> <span class='ocrx_word' id='word_1_211' title='bbox 573 2827 681 2897; x_wconf 77' lang='lat' dir='ltr'><strong>(Ib.</strong></span> <span class='ocrx_word' id='word_1_212' title='bbox 706 2844 752 2880; x_wconf 85' lang='grc' dir='ltr'><strong>υ.</strong></span> <span class='ocrx_word' id='word_1_213' title='bbox 781 2828 835 2897; x_wconf 81' lang='lat'><strong>5)</strong></span> <span class='ocrx_word' id='word_1_214' title='bbox 863 2845 879 2884; x_wconf 91' lang='lat'><strong>:</strong></span> <span class='ocrx_word' id='word_1_215' title='bbox 906 2827 1008 2883; x_wconf 84' lang='lat' dir='ltr'><strong>hoc</strong></span> <span class='ocrx_word' id='word_1_216' title='bbox 1029 2837 1204 2882; x_wconf 88' lang='lat' dir='ltr'><strong>autem</strong></span> <span class='ocrx_word' id='word_1_217' title='bbox 1230 2827 1706 2895; x_wconf 82' lang='lat' dir='ltr'><strong>ostendensatque</strong></span> <span class='ocrx_word' id='word_1_218' title='bbox 1726 2824 2024 2889; x_wconf 89' lang='lat' dir='ltr'><strong>declarans,</strong></span> 
     </span>
    </p>
   </div>
   <div class='ocr_carea' id='block_1_29' title="bbox 447 2914 2026 2988">
    <p class='ocr_par' dir='ltr' id='par_1_29' title="bbox 447 2914 2026 2988">
     <span class='ocr_line' id='line_1_29' title="bbox 447 2914 2026 2988; baseline -0.001 -16"><span class='ocrx_word' id='word_1_219' title='bbox 447 2914 1039 2988; x_wconf 49' lang='lat' dir='ltr'><strong>nempe&#39;testimonium</strong></span> <span class='ocrx_word' id='word_1_220' title='bbox 1087 2933 1192 2974; x_wconf 91' lang='lat' dir='ltr'><strong>non</strong></span> <span class='ocrx_word' id='word_1_221' title='bbox 1234 2917 1399 2974; x_wconf 87' lang='lat' dir='ltr'><strong>fuisse</strong></span> <span class='ocrx_word' id='word_1_222' title='bbox 1440 2918 1505 2973; x_wconf 93' lang='lat' dir='ltr'><strong>ad</strong></span> <span class='ocrx_word' id='word_1_223' title='bbox 1555 2918 1777 2988; x_wconf 78' lang='lat' dir='ltr'><strong>gratiam</strong></span> <span class='ocrx_word' id='word_1_224' title='bbox 1821 2916 2026 2982; x_wconf 86' lang='lat' dir='ltr'><strong>datum,</strong></span> 
     </span>
    </p>
   </div>
   <div class='ocr_carea' id='block_1_30' title="bbox 445 3007 2028 3079">
    <p class='ocr_par' dir='ltr' id='par_1_30' title="bbox 445 3007 2028 3079">
     <span class='ocr_line' id='line_1_30' title="bbox 445 3007 2028 3079; baseline -0.001 -15"><span class='ocrx_word' id='word_1_225' title='bbox 445 3010 616 3079; x_wconf 88' lang='lat' dir='ltr'><strong>ipsum</strong></span> <span class='ocrx_word' id='word_1_226' title='bbox 634 3010 911 3065; x_wconf 82' lang='lat' dir='ltr'><strong>advocavit</strong></span> <span class='ocrx_word' id='word_1_227' title='bbox 940 3021 1151 3076; x_wconf 88' lang='lat' dir='ltr'><strong>testem,</strong></span> <span class='ocrx_word' id='word_1_228' title='bbox 1175 3010 1263 3079; x_wconf 86' lang='lat' dir='ltr'><strong>qui</strong></span> <span class='ocrx_word' id='word_1_229' title='bbox 1280 3011 1474 3065; x_wconf 84' lang='lat' dir='ltr'><strong>mentis</strong></span> <span class='ocrx_word' id='word_1_230' title='bbox 1504 3024 1696 3064; x_wconf 89' lang='lat' dir='ltr'><strong>arcana</strong></span> <span class='ocrx_word' id='word_1_231' title='bbox 1709 3007 2028 3078; x_wconf 89' lang='lat' dir='ltr'><strong>novit,qnod</strong></span> 
     </span>
    </p>
   </div>
   <div class='ocr_carea' id='block_1_31' title="bbox 441 3102 2024 3173">
    <p class='ocr_par' dir='ltr' id='par_1_31' title="bbox 441 3102 2024 3173">
     <span class='ocr_line' id='line_1_31' title="bbox 441 3102 2024 3173; baseline 0.001 -18"><span class='ocrx_word' id='word_1_232' title='bbox 441 3111 523 3155; x_wconf 84' lang='lat' dir='ltr'><strong>est</strong></span> <span class='ocrx_word' id='word_1_233' title='bbox 563 3103 770 3173; x_wconf 88' lang='lat' dir='ltr'><strong>signum</strong></span> <span class='ocrx_word' id='word_1_234' title='bbox 802 3118 948 3172; x_wconf 83' lang='lat' dir='ltr'><strong>pura:</strong></span> <span class='ocrx_word' id='word_1_235' title='bbox 986 3102 1349 3158; x_wconf 70' lang='lat' dir='ltr'><strong>conscientiae.</strong></span> <span class='ocrx_word' id='word_1_236' title='bbox 1388 3102 1559 3157; x_wconf 87' lang='lat' dir='ltr'><strong>Nento</strong></span> <span class='ocrx_word' id='word_1_237' title='bbox 1597 3102 1813 3171; x_wconf 88' lang='lat' dir='ltr'><strong>quippe,</strong></span> <span class='ocrx_word' id='word_1_238' title='bbox 1847 3118 2024 3167; x_wconf 90' lang='lat' dir='ltr'><strong>nemo,</strong></span> 
     </span>
    </p>
   </div>
   <div class='ocr_carea' id='block_1_32' title="bbox 445 3193 2028 3265">
    <p class='ocr_par' dir='ltr' id='par_1_32' title="bbox 445 3193 2028 3265">
     <span class='ocr_line' id='line_1_32' title="bbox 445 3193 2028 3265; baseline -0.001 -16"><span class='ocrx_word' id='word_1_239' title='bbox 445 3195 543 3250; x_wconf 90' lang='lat' dir='ltr'><strong>nisi</strong></span> <span class='ocrx_word' id='word_1_240' title='bbox 570 3204 750 3251; x_wconf 89' lang='lat' dir='ltr'><strong>mente</strong></span> <span class='ocrx_word' id='word_1_241' title='bbox 795 3204 983 3265; x_wconf 89' lang='lat' dir='ltr'><strong>captus</strong></span> <span class='ocrx_word' id='word_1_242' title='bbox 1014 3209 1079 3249; x_wconf 90' lang='lat' dir='ltr'><strong>ac</strong></span> <span class='ocrx_word' id='word_1_243' title='bbox 1121 3194 1359 3249; x_wconf 67' lang='lat' dir='ltr'><strong>furimus</strong></span> <span class='ocrx_word' id='word_1_244' title='bbox 1400 3195 1489 3260; x_wconf 88' lang='lat' dir='ltr'><strong>sit,</strong></span> <span class='ocrx_word' id='word_1_245' title='bbox 1534 3193 1876 3248; x_wconf 71' lang='lat' dir='ltr'><strong>conscientia:</strong></span> <span class='ocrx_word' id='word_1_246' title='bbox 1917 3207 2028 3248; x_wconf 76' lang='lat' dir='ltr'><strong>sua:</strong></span> 
     </span>
    </p>
   </div>
   <div class='ocr_carea' id='block_1_33' title="bbox 453 3286 2026 3357">
    <p class='ocr_par' dir='ltr' id='par_1_33' title="bbox 453 3286 2026 3357">
     <span class='ocr_line' id='line_1_33' title="bbox 453 3286 2026 3357; baseline -0.003 -14"><span class='ocrx_word' id='word_1_247' title='bbox 453 3297 642 3345; x_wconf 88' lang='lat' dir='ltr'><strong>testem</strong></span> <span class='ocrx_word' id='word_1_248' title='bbox 682 3289 1022 3345; x_wconf 87' lang='lat' dir='ltr'><strong>advocaverit</strong></span> <span class='ocrx_word' id='word_1_249' title='bbox 1065 3289 1255 3354; x_wconf 87' lang='lat' dir='ltr'><strong>Deum,</strong></span> <span class='ocrx_word' id='word_1_250' title='bbox 1294 3288 1394 3344; x_wconf 92' lang='lat' dir='ltr'><strong>nisi</strong></span> <span class='ocrx_word' id='word_1_251' title='bbox 1435 3287 1502 3343; x_wconf 88' lang='lat' dir='ltr'><strong>ad</strong></span> <span class='ocrx_word' id='word_1_252' title='bbox 1540 3287 1752 3342; x_wconf 90' lang='lat' dir='ltr'><strong>modum</strong></span> <span class='ocrx_word' id='word_1_253' title='bbox 1784 3286 1883 3341; x_wconf 84' lang='lat' dir='ltr'><strong>sibi</strong></span> <span class='ocrx_word' id='word_1_254' title='bbox 1927 3286 2026 3357; x_wconf 75' lang='lat' dir='ltr'><strong>ipsi</strong></span> 
     </span>
    </p>
   </div>
   <div class='ocr_carea' id='block_1_34' title="bbox 445 3379 2026 3450">
    <p class='ocr_par' dir='ltr' id='par_1_34' title="bbox 445 3379 2026 3450">
     <span class='ocr_line' id='line_1_34' title="bbox 445 3379 2026 3450; baseline -0.001 -16"><span class='ocrx_word' id='word_1_255' title='bbox 445 3379 590 3435; x_wconf 83' lang='lat' dir='ltr'><strong>fidat.</strong></span> <span class='ocrx_word' id='word_1_256' title='bbox 647 3379 782 3435; x_wconf 91' lang='lat' dir='ltr'><strong>Cum</strong></span> <span class='ocrx_word' id='word_1_257' title='bbox 842 3380 1021 3450; x_wconf 89' lang='lat' dir='ltr'><strong>itaque</strong></span> <span class='ocrx_word' id='word_1_258' title='bbox 1086 3379 1160 3435; x_wconf 88' lang='lat' dir='ltr'><strong>illi</strong></span> <span class='ocrx_word' id='word_1_259' title='bbox 1214 3379 1353 3435; x_wconf 89' lang='lat' dir='ltr'><strong>dicta</strong></span> <span class='ocrx_word' id='word_1_260' title='bbox 1409 3380 1574 3448; x_wconf 82' lang='lat' dir='ltr'><strong>ipsius</strong></span> <span class='ocrx_word' id='word_1_261' title='bbox 1634 3394 1731 3434; x_wconf 89' lang='lat' dir='ltr'><strong>suo</strong></span> <span class='ocrx_word' id='word_1_262' title='bbox 1787 3379 2026 3433; x_wconf 88' lang='lat' dir='ltr'><strong>testimo-</strong></span> 
     </span>
    </p>
   </div>
   <div class='ocr_carea' id='block_1_35' title="bbox 444 3470 2026 3542">
    <p class='ocr_par' dir='ltr' id='par_1_35' title="bbox 444 3470 2026 3542">
     <span class='ocr_line' id='line_1_35' title="bbox 444 3470 2026 3542; baseline -0.001 -18"><span class='ocrx_word' id='word_1_263' title='bbox 444 3471 534 3525; x_wconf 92' lang='lat' dir='ltr'><strong>nio</strong></span> <span class='ocrx_word' id='word_1_264' title='bbox 565 3470 963 3536; x_wconf 86' lang='lat' dir='ltr'><strong>confirmarent,</strong></span> <span class='ocrx_word' id='word_1_265' title='bbox 1005 3471 1163 3525; x_wconf 86' lang='lat' dir='ltr'><strong>aliam</strong></span> <span class='ocrx_word' id='word_1_266' title='bbox 1210 3471 1323 3541; x_wconf 89' lang='lat' dir='ltr'><strong>ipse</strong></span> <span class='ocrx_word' id='word_1_267' title='bbox 1362 3471 1607 3526; x_wconf 88' lang='lat' dir='ltr'><strong>virtutem</strong></span> <span class='ocrx_word' id='word_1_268' title='bbox 1646 3486 1795 3526; x_wconf 90' lang='lat' dir='ltr'><strong>suam</strong></span> <span class='ocrx_word' id='word_1_269' title='bbox 1833 3470 2026 3542; x_wconf 71' lang='lat' dir='ltr'><strong>pracdi-</strong></span> 
     </span>
    </p>
   </div>
   <div class='ocr_carea' id='block_1_36' title="bbox 442 3560 2025 3633">
    <p class='ocr_par' dir='ltr' id='par_1_36' title="bbox 442 3560 2025 3633">
     <span class='ocr_line' id='line_1_36' title="bbox 442 3560 2025 3633; baseline 0.002 -18"><span class='ocrx_word' id='word_1_270' title='bbox 442 3571 529 3616; x_wconf 88' lang='lat' dir='ltr'><strong>cat</strong></span> <span class='ocrx_word' id='word_1_271' title='bbox 556 3579 570 3615; x_wconf 94' lang='lat'>:</span> <span class='ocrx_word' id='word_1_272' title='bbox 602 3577 665 3617; x_wconf 91' lang='lat' dir='ltr'><strong>ac</strong></span> <span class='ocrx_word' id='word_1_273' title='bbox 696 3564 1130 3617; x_wconf 85' lang='lat' dir='ltr'><strong>commemoratis</strong></span> <span class='ocrx_word' id='word_1_274' title='bbox 1166 3562 1396 3632; x_wconf 86' lang='lat' dir='ltr'><strong>antiquis</strong></span> <span class='ocrx_word' id='word_1_275' title='bbox 1422 3562 1527 3616; x_wconf 91' lang='lat' dir='ltr'><strong>illis</strong></span> <span class='ocrx_word' id='word_1_276' title='bbox 1551 3560 1820 3627; x_wconf 88' lang='lat' dir='ltr'><strong>omnibus,</strong></span> <span class='ocrx_word' id='word_1_277' title='bbox 1853 3563 1944 3633; x_wconf 89' lang='lat' dir='ltr'><strong>qui</strong></span> <span class='ocrx_word' id='word_1_278' title='bbox 1971 3562 2025 3618; x_wconf 85' lang='lat' dir='ltr'><strong>in</strong></span> 
     </span>
    </p>
   </div>
   <div class='ocr_carea' id='block_1_37' title="bbox 442 3652 2027 3727">
    <p class='ocr_par' dir='ltr' id='par_1_37' title="bbox 442 3652 2027 3727">
     <span class='ocr_line' id='line_1_37' title="bbox 442 3652 2027 3727; baseline 0.002 -18"><span class='ocrx_word' id='word_1_279' title='bbox 442 3652 954 3725; x_wconf 64' lang='lat' dir='ltr'><strong>Egypto&#39;fuerunt,</strong></span> <span class='ocrx_word' id='word_1_280' title='bbox 1002 3670 1211 3712; x_wconf 91' lang='lat' dir='ltr'><strong>necnon</strong></span> <span class='ocrx_word' id='word_1_281' title='bbox 1257 3656 1349 3711; x_wconf 89' lang='lat' dir='ltr'><strong>Dei</strong></span> <span class='ocrx_word' id='word_1_282' title='bbox 1393 3656 1722 3727; x_wconf 78' lang='lat' dir='ltr'><strong>patrocinio,</strong></span> <span class='ocrx_word' id='word_1_283' title='bbox 1768 3655 2027 3726; x_wconf 86' lang='lat' dir='ltr'><strong>bellisque</strong></span> 
     </span>
    </p>
   </div>
   <div class='ocr_carea' id='block_1_38' title="bbox 442 3748 2028 3818">
    <p class='ocr_par' dir='ltr' id='par_1_38' title="bbox 442 3748 2028 3818">
     <span class='ocr_line' id='line_1_38' title="bbox 442 3748 2028 3818; baseline 0.003 -18"><span class='ocrx_word' id='word_1_284' title='bbox 442 3760 563 3815; x_wconf 66' lang='lat' dir='ltr'><strong>quae</strong></span> <span class='ocrx_word' id='word_1_285' title='bbox 596 3754 777 3815; x_wconf 84' lang='lat' dir='ltr'><strong>postea</strong></span> <span class='ocrx_word' id='word_1_286' title='bbox 805 3748 1162 3817; x_wconf 86' lang='lat' dir='ltr'><strong>contigerunt,</strong></span> <span class='ocrx_word' id='word_1_287' title='bbox 1194 3749 1358 3803; x_wconf 79' lang='lat' dir='ltr'><strong>refert</strong></span> <span class='ocrx_word' id='word_1_288' title='bbox 1383 3764 1609 3818; x_wconf 88' lang='lat' dir='ltr'><strong>pugnam</strong></span> <span class='ocrx_word' id='word_1_289' title='bbox 1639 3764 1697 3804; x_wconf 88' lang='lat' dir='ltr'><strong>se</strong></span> <span class='ocrx_word' id='word_1_290' title='bbox 1720 3748 1855 3805; x_wconf 84' lang='lat' dir='ltr'><strong>duce</strong></span> <span class='ocrx_word' id='word_1_291' title='bbox 1879 3764 2028 3805; x_wconf 86' lang='lat' dir='ltr'><strong>com-</strong></span> 
     </span>
    </p>
   </div>
   <div class='ocr_carea' id='block_1_39' title="bbox 445 3837 2028 3908">
    <p class='ocr_par' dir='ltr' id='par_1_39' title="bbox 445 3837 2028 3908">
     <span class='ocr_line' id='line_1_39' title="bbox 445 3837 2028 3908; baseline 0.002 -17"><span class='ocrx_word' id='word_1_292' title='bbox 445 3838 660 3892; x_wconf 83' lang='lat' dir='ltr'><strong>missam</strong></span> <span class='ocrx_word' id='word_1_293' title='bbox 705 3846 761 3893; x_wconf 89' lang='lat' dir='ltr'><strong>et</strong></span> <span class='ocrx_word' id='word_1_294' title='bbox 803 3837 1080 3893; x_wconf 81' lang='lat' dir='ltr'><strong>victoriam</strong></span> <span class='ocrx_word' id='word_1_295' title='bbox 1126 3839 1451 3908; x_wconf 86' lang='lat' dir='ltr'><strong>inopinatam</strong></span> <span class='ocrx_word' id='word_1_296' title='bbox 1486 3855 1498 3891; x_wconf 93' lang='lat'>:</span> <span class='ocrx_word' id='word_1_297' title='bbox 1538 3854 1602 3893; x_wconf 91' lang='lat' dir='ltr'><strong>ac</strong></span> <span class='ocrx_word' id='word_1_298' title='bbox 1646 3854 1766 3893; x_wconf 92' lang='lat' dir='ltr'><strong>cum</strong></span> <span class='ocrx_word' id='word_1_299' title='bbox 1804 3838 2028 3894; x_wconf 82' lang='lat' dir='ltr'><strong>dixisset</strong></span> 
     </span>
    </p>
   </div>
   <div class='ocr_carea' id='block_1_40' title="bbox 444 3927 2025 4000">
    <p class='ocr_par' dir='ltr' id='par_1_40' title="bbox 444 3927 2025 4000">
     <span class='ocr_line' id='line_1_40' title="bbox 444 3927 2025 4000; baseline 0.004 -21"><span class='ocrx_word' id='word_1_300' title='bbox 444 3927 710 3998; x_wconf 87' lang='lat' dir='ltr'><strong>quomodo</strong></span> <span class='ocrx_word' id='word_1_301' title='bbox 733 3943 877 3997; x_wconf 60' lang='lat' dir='ltr'><strong>sa&#39;pe</strong></span> <span class='ocrx_word' id='word_1_302' title='bbox 905 3928 976 3984; x_wconf 91' lang='lat' dir='ltr'><strong>ob</strong></span> <span class='ocrx_word' id='word_1_303' title='bbox 1001 3938 1216 3998; x_wconf 82' lang='lat' dir='ltr'><strong>peccata</strong></span> <span class='ocrx_word' id='word_1_304' title='bbox 1240 3944 1335 3983; x_wconf 87' lang='lat' dir='ltr'><strong>sua</strong></span> <span class='ocrx_word' id='word_1_305' title='bbox 1374 3929 1603 3984; x_wconf 90' lang='lat' dir='ltr'><strong>inimicis</strong></span> <span class='ocrx_word' id='word_1_306' title='bbox 1633 3929 1875 3995; x_wconf 87' lang='lat' dir='ltr'><strong>traditos,</strong></span> <span class='ocrx_word' id='word_1_307' title='bbox 1909 3931 2025 4000; x_wconf 89' lang='lat' dir='ltr'><strong>ipso</strong></span> 
     </span>
    </p>
   </div>
   <div class='ocr_carea' id='block_1_41' title="bbox 443 4016 2026 4089">
    <p class='ocr_par' dir='ltr' id='par_1_41' title="bbox 443 4016 2026 4089">
     <span class='ocr_line' id='line_1_41' title="bbox 443 4016 2026 4089; baseline 0.001 -16"><span class='ocrx_word' id='word_1_308' title='bbox 443 4027 719 4089; x_wconf 88' lang='lat' dir='ltr'><strong>precante,</strong></span> <span class='ocrx_word' id='word_1_309' title='bbox 751 4019 892 4075; x_wconf 87' lang='lat' dir='ltr'><strong>Deus</strong></span> <span class='ocrx_word' id='word_1_310' title='bbox 914 4019 984 4076; x_wconf 87' lang='lat' dir='ltr'><strong>ab</strong></span> <span class='ocrx_word' id='word_1_311' title='bbox 1008 4016 1250 4076; x_wconf 73' lang='lat' dir='ltr'><strong>hostibus</strong></span> <span class='ocrx_word' id='word_1_312' title='bbox 1287 4021 1612 4086; x_wconf 89' lang='lat' dir='ltr'><strong>liberaverit,</strong></span> <span class='ocrx_word' id='word_1_313' title='bbox 1640 4022 1912 4076; x_wconf 88' lang='lat' dir='ltr'><strong>veteribus</strong></span> <span class='ocrx_word' id='word_1_314' title='bbox 1940 4037 2026 4075; x_wconf 83' lang='lat' dir='ltr'><strong>re-</strong></span> 
     </span>
    </p>
   </div>
   <div class='ocr_carea' id='block_1_42' title="bbox 443 4109 2019 4181">
    <p class='ocr_par' dir='ltr' id='par_1_42' title="bbox 443 4109 2019 4181">
     <span class='ocr_line' id='line_1_42' title="bbox 443 4109 2019 4181; baseline 0 -18"><span class='ocrx_word' id='word_1_315' title='bbox 443 4110 614 4165; x_wconf 78' lang='lat' dir='ltr'><strong>rentia</strong></span> <span class='ocrx_word' id='word_1_316' title='bbox 655 4110 967 4181; x_wconf 86' lang='lat' dir='ltr'><strong>adjnngens,</strong></span> <span class='ocrx_word' id='word_1_317' title='bbox 1017 4109 1097 4166; x_wconf 85' lang='lat' dir='ltr'><strong>sic</strong></span> <span class='ocrx_word' id='word_1_318' title='bbox 1142 4111 1302 4166; x_wconf 88' lang='lat' dir='ltr'><strong>infert</strong></span> <span class='ocrx_word' id='word_1_319' title='bbox 1341 4130 1354 4168; x_wconf 94' lang='lat'>:</span> <span class='ocrx_word' id='word_1_320' title='bbox 1401 4110 1543 4165; x_wconf 76' lang='lat' dir='ltr'><strong>Misit</strong></span> <span class='ocrx_word' id='word_1_321' title='bbox 1578 4112 1717 4165; x_wconf 85' lang='lat' dir='ltr'><strong>Deus</strong></span> <span class='ocrx_word' id='word_1_322' title='bbox 1758 4109 2019 4176; x_wconf 83' lang='lat' dir='ltr'><strong>Jerobaal,</strong></span> 
     </span>
    </p>
   </div>
   <div class='ocr_carea' id='block_1_43' title="bbox 444 4200 2025 4275">
    <p class='ocr_par' dir='ltr' id='par_1_43' title="bbox 444 4200 2025 4275">
     <span class='ocr_line' id='line_1_43' title="bbox 444 4200 2025 4275; baseline -0.001 -19"><span class='ocrx_word' id='word_1_323' title='bbox 444 4201 648 4256; x_wconf 80' lang='lat' dir='ltr'><strong>Gedeon</strong></span> <span class='ocrx_word' id='word_1_324' title='bbox 673 4201 772 4273; x_wconf 92' lang='lat' dir='ltr'><strong>(a),</strong></span> <span class='ocrx_word' id='word_1_325' title='bbox 802 4200 992 4270; x_wconf 80' lang='lat' dir='ltr'><strong>Barac,</strong></span> <span class='ocrx_word' id='word_1_326' title='bbox 1023 4200 1283 4275; x_wconf 73' lang='lat' dir='ltr'><strong>Jephtlue,</strong></span> <span class='ocrx_word' id='word_1_327' title='bbox 1324 4213 1371 4258; x_wconf 85' lang='lat' dir='ltr'><strong>et</strong></span> <span class='ocrx_word' id='word_1_328' title='bbox 1403 4202 1711 4269; x_wconf 86' lang='lat' dir='ltr'><strong>Santuelem,</strong></span> <span class='ocrx_word' id='word_1_329' title='bbox 1756 4210 1802 4255; x_wconf 90' lang='lat' dir='ltr'><strong>et</strong></span> <span class='ocrx_word' id='word_1_330' title='bbox 1840 4201 2025 4271; x_wconf 82' lang='lat' dir='ltr'><strong>eripuit</strong></span> 
     </span>
    </p>
   </div>
   <div class='ocr_carea' id='block_1_44' title="bbox 501 4311 2022 4376">
    <p class='ocr_par' dir='ltr' id='par_1_44' title="bbox 501 4311 2022 4376">
     <span class='ocr_line' id='line_1_44' title="bbox 501 4311 2022 4376; baseline 0.001 -16"><span class='ocrx_word' id='word_1_331' title='bbox 501 4311 579 4376; x_wconf 76' lang='grc' dir='ltr'><strong>(α)</strong></span> <span class='ocrx_word' id='word_1_332' title='bbox 613 4319 664 4363; x_wconf 82' lang='grc' dir='ltr'><strong>ιιι</strong></span> <span class='ocrx_word' id='word_1_333' title='bbox 686 4312 814 4363; x_wconf 83' lang='lat' dir='ltr'><strong>hunc</strong></span> <span class='ocrx_word' id='word_1_334' title='bbox 836 4311 995 4365; x_wconf 86' lang='lat' dir='ltr'><strong>locum</strong></span> <span class='ocrx_word' id='word_1_335' title='bbox 1034 4318 1169 4365; x_wconf 85' lang='lat' dir='ltr'><strong>notat</strong></span> <span class='ocrx_word' id='word_1_336' title='bbox 1198 4311 1401 4365; x_wconf 80' lang='lat' dir='ltr'><strong>Savilius</strong></span> <span class='ocrx_word' id='word_1_337' title='bbox 1431 4327 1628 4373; x_wconf 87' lang='lat' dir='ltr'><strong>vocem,</strong></span> <span class='ocrx_word' id='word_1_338' title='bbox 1671 4313 1883 4374; x_wconf 80' lang='lat' dir='ltr'><strong>Gedcon,</strong></span> <span class='ocrx_word' id='word_1_339' title='bbox 1909 4324 2022 4363; x_wconf 86' lang='lat' dir='ltr'><strong>esse</strong></span> 
     </span>
    </p>
   </div>
   <div class='ocr_carea' id='block_1_45' title="bbox 1036 330 3155 402">
    <p class='ocr_par' dir='ltr' id='par_1_45' title="bbox 1036 330 3155 402">
     <span class='ocr_line' id='line_1_45' title="bbox 1036 330 3155 402; baseline -0.002 -11"><span class='ocrx_word' id='word_1_340' title='bbox 1036 336 1126 392; x_wconf 84' lang='lat' dir='ltr'><strong>DE</strong></span> <span class='ocrx_word' id='word_1_341' title='bbox 1166 332 1411 390; x_wconf 77' lang='lat' dir='ltr'><strong>VERBIS</strong></span> <span class='ocrx_word' id='word_1_342' title='bbox 1451 334 1806 402; x_wconf 83' lang='lat' dir='ltr'><strong>APOSTOLI,</strong></span> <span class='ocrx_word' id='word_1_343' title='bbox 1849 332 2115 392; x_wconf 73' lang='lat' dir='ltr'><strong>UTINAM</strong></span> <span class='ocrx_word' id='word_1_344' title='bbox 2154 332 2658 391; x_wconf 79' lang='lat' dir='ltr'><strong>SUSTINERETIS</strong></span> <span class='ocrx_word' id='word_1_345' title='bbox 2693 330 3025 389; x_wconf 77' lang='lat' dir='ltr'><strong>MODICUM.</strong></span> <span class='ocrx_word' id='word_1_346' title='bbox 3068 331 3155 388; x_wconf 88' lang='lat' dir='ltr'><strong>Ill.</strong></span> 
     </span>
    </p>
   </div>
   <div class='ocr_carea' id='block_1_46' title="bbox 3610 329 3716 387">
    <p class='ocr_par' dir='ltr' id='par_1_46' title="bbox 3610 329 3716 387">
     <span class='ocr_line' id='line_1_46' title="bbox 3610 329 3716 387; baseline 0.047 -5"><span class='ocrx_word' id='word_1_347' title='bbox 3610 329 3716 387; x_wconf 80' lang='lat' dir='ltr'><strong>3H)</strong></span> 
     </span>
    </p>
   </div>
   <div class='ocr_carea' id='block_1_47' title="bbox 2138 433 3719 501">
    <p class='ocr_par' dir='ltr' id='par_1_47' title="bbox 2138 433 3719 501">
     <span class='ocr_line' id='line_1_47' title="bbox 2138 433 3719 501; baseline -0.006 -4"><span class='ocrx_word' id='word_1_348' title='bbox 2138 458 2226 497; x_wconf 67' lang='lat' dir='ltr'><strong>vos</strong></span> <span class='ocrx_word' id='word_1_349' title='bbox 2254 442 2305 496; x_wconf 85' lang='lat' dir='ltr'><strong>in</strong></span> <span class='ocrx_word' id='word_1_350' title='bbox 2331 441 2541 496; x_wconf 83' lang='lat' dir='ltr'><strong>circuitu</strong></span> <span class='ocrx_word' id='word_1_351' title='bbox 2572 439 2635 494; x_wconf 77' lang='lat' dir='ltr'><strong>de</strong></span> <span class='ocrx_word' id='word_1_352' title='bbox 2662 454 2815 492; x_wconf 86' lang='lat' dir='ltr'><strong>manu</strong></span> <span class='ocrx_word' id='word_1_353' title='bbox 2842 437 3158 490; x_wconf 78' lang='lat' dir='ltr'><strong>inimicorum</strong></span> <span class='ocrx_word' id='word_1_354' title='bbox 3182 441 3479 501; x_wconf 75' lang='lat' dir='ltr'><strong>vestrorum,</strong></span> <span class='ocrx_word' id='word_1_355' title='bbox 3511 441 3559 487; x_wconf 88' lang='lat' dir='ltr'><strong>et</strong></span> <span class='ocrx_word' id='word_1_356' title='bbox 3578 433 3719 487; x_wconf 79' lang='lat' dir='ltr'><strong>habi-</strong></span> 
     </span>
    </p>
   </div>
   <div class='ocr_carea' id='block_1_48' title="bbox 2134 527 3114 604">
    <p class='ocr_par' dir='ltr' id='par_1_48' title="bbox 2134 527 3114 604">
     <span class='ocr_line' id='line_1_48' title="bbox 2134 527 3114 604; baseline -0.005 -14"><span class='ocrx_word' id='word_1_357' title='bbox 2134 536 2250 590; x_wconf 78' lang='lat' dir='ltr'><strong>tatis</strong></span> <span class='ocrx_word' id='word_1_358' title='bbox 2276 533 2585 599; x_wconf 80' lang='lat' dir='ltr'><strong>conﬁdenter</strong></span> <span class='ocrx_word' id='word_1_359' title='bbox 2611 532 2688 604; x_wconf 79' lang='grc' dir='ltr'><strong>(ι.</strong></span> <span class='ocrx_word' id='word_1_360' title='bbox 2721 530 2849 602; x_wconf 83' lang='lat' dir='ltr'><strong>Reg.</strong></span> <span class='ocrx_word' id='word_1_361' title='bbox 2884 529 2970 583; x_wconf 76' lang='lat'><strong>12.</strong></span> <span class='ocrx_word' id='word_1_362' title='bbox 3006 527 3114 599; x_wconf 83' lang='grc' dir='ltr'><strong>Η).</strong></span> 
     </span>
    </p>
   </div>
   <div class='ocr_carea' id='block_1_49' title="bbox 2205 614 3713 691">
    <p class='ocr_par' dir='ltr' id='par_1_49' title="bbox 2205 614 3713 691">
     <span class='ocr_line' id='line_1_49' title="bbox 2205 614 3713 691; baseline -0.007 -13"><span class='ocrx_word' id='word_1_363' title='bbox 2205 625 2289 679; x_wconf 74' lang='grc'><strong>10.</strong></span> <span class='ocrx_word' id='word_1_364' title='bbox 2322 624 2500 680; x_wconf 86' lang='lat' dir='ltr'><strong>Sancti</strong></span> <span class='ocrx_word' id='word_1_365' title='bbox 2522 622 2720 677; x_wconf 88' lang='lat' dir='ltr'><strong>nonnisi</strong></span> <span class='ocrx_word' id='word_1_366' title='bbox 2746 629 2952 691; x_wconf 82' lang='lat' dir='ltr'><strong>urgente</strong></span> <span class='ocrx_word' id='word_1_367' title='bbox 2975 617 3264 673; x_wconf 80' lang='lat' dir='ltr'><strong>necessitate</strong></span> <span class='ocrx_word' id='word_1_368' title='bbox 3296 614 3473 670; x_wconf 87' lang='lat' dir='ltr'><strong>laudes</strong></span> <span class='ocrx_word' id='word_1_369' title='bbox 3502 630 3622 668; x_wconf 79' lang='lat' dir='ltr'><strong>suas</strong></span> <span class='ocrx_word' id='word_1_370' title='bbox 3643 615 3713 682; x_wconf 79' lang='lat' dir='ltr'><strong>ef-</strong></span> 
     </span>
    </p>
   </div>
   <div class='ocr_carea' id='block_1_50' title="bbox 2132 706 3718 788">
    <p class='ocr_par' dir='ltr' id='par_1_50' title="bbox 2132 706 3718 788">
     <span class='ocr_line' id='line_1_50' title="bbox 2132 706 3718 788; baseline -0.007 -18"><span class='ocrx_word' id='word_1_371' title='bbox 2132 721 2321 788; x_wconf 80' lang='lat' dir='ltr'><strong>ferunt.</strong></span> <span class='ocrx_word' id='word_1_372' title='bbox 2350 747 2422 756; x_wconf 94' lang='lat'><strong>—</strong></span> <span class='ocrx_word' id='word_1_373' title='bbox 2449 715 2635 769; x_wconf 81' lang='lat' dir='ltr'><strong>Viden’</strong></span> <span class='ocrx_word' id='word_1_374' title='bbox 2662 712 2926 784; x_wconf 91' lang='lat' dir='ltr'><strong>quomodo</strong></span> <span class='ocrx_word' id='word_1_375' title='bbox 2965 711 3017 766; x_wconf 92' lang='lat' dir='ltr'><strong>in</strong></span> <span class='ocrx_word' id='word_1_376' title='bbox 3064 725 3215 765; x_wconf 92' lang='lat' dir='ltr'><strong>more</strong></span> <span class='ocrx_word' id='word_1_377' title='bbox 3256 712 3327 765; x_wconf 90' lang='lat' dir='ltr'><strong>sit</strong></span> <span class='ocrx_word' id='word_1_378' title='bbox 3369 706 3568 763; x_wconf 85' lang='lat' dir='ltr'><strong>sanctis</strong></span> <span class='ocrx_word' id='word_1_379' title='bbox 3610 721 3718 760; x_wconf 74' lang='lat' dir='ltr'><strong>non</strong></span> 
     </span>
    </p>
   </div>
   <div class='ocr_carea' id='block_1_51' title="bbox 2132 794 3720 876">
    <p class='ocr_par' dir='ltr' id='par_1_51' title="bbox 2132 794 3720 876">
     <span class='ocr_line' id='line_1_51' title="bbox 2132 794 3720 876; baseline -0.008 -16"><span class='ocrx_word' id='word_1_380' title='bbox 2132 806 2388 876; x_wconf 83' lang='lat' dir='ltr'><strong>praeclara</strong></span> <span class='ocrx_word' id='word_1_381' title='bbox 2433 821 2527 861; x_wconf 91' lang='lat' dir='ltr'><strong>sua</strong></span> <span class='ocrx_word' id='word_1_382' title='bbox 2557 814 2703 876; x_wconf 77' lang='lat' dir='ltr'><strong>gesta</strong></span> <span class='ocrx_word' id='word_1_383' title='bbox 2744 818 2962 858; x_wconf 91' lang='lat' dir='ltr'><strong>narrare</strong></span> <span class='ocrx_word' id='word_1_384' title='bbox 2984 801 3083 856; x_wconf 91' lang='lat' dir='ltr'><strong>nisi</strong></span> <span class='ocrx_word' id='word_1_385' title='bbox 3115 807 3335 876; x_wconf 75' lang='lat' dir='ltr'><strong>urgente</strong></span> <span class='ocrx_word' id='word_1_386' title='bbox 3362 794 3720 854; x_wconf 83' lang='lat' dir='ltr'><strong>necessitate?</strong></span> 
     </span>
    </p>
   </div>
   <div class='ocr_carea' id='block_1_52' title="bbox 2134 872 3718 964">
    <p class='ocr_par' dir='ltr' id='par_1_52' title="bbox 2134 872 3718 964">
     <span class='ocr_line' id='line_1_52' title="bbox 2134 872 3718 964; baseline -0.008 -12"><span class='ocrx_word' id='word_1_387' title='bbox 2134 897 2259 952; x_wconf 89' lang='lat' dir='ltr'><strong>ldeo</strong></span> <span class='ocrx_word' id='word_1_388' title='bbox 2288 897 2479 951; x_wconf 87' lang='lat' dir='ltr'><strong>Paulus</strong></span> <span class='ocrx_word' id='word_1_389' title='bbox 2504 896 2571 951; x_wconf 89' lang='lat' dir='ltr'><strong>ad</strong></span> <span class='ocrx_word' id='word_1_390' title='bbox 2595 896 2692 950; x_wconf 88' lang='lat' dir='ltr'><strong>hos</strong></span> <span class='ocrx_word' id='word_1_391' title='bbox 2717 894 3008 964; x_wconf 73' lang='lat' dir='ltr'><strong>respiciens</strong></span> <span class='ocrx_word' id='word_1_392' title='bbox 3027 935 3043 959; x_wconf 91' lang='lat'><strong>,</strong></span> <span class='ocrx_word' id='word_1_393' title='bbox 3071 900 3125 947; x_wconf 91' lang='lat' dir='ltr'><strong>et</strong></span> <span class='ocrx_word' id='word_1_394' title='bbox 3149 872 3398 946; x_wconf 78' lang='lat' dir='ltr'><strong>accurate</strong></span> <span class='ocrx_word' id='word_1_395' title='bbox 3423 888 3718 950; x_wconf 83' lang='lat' dir='ltr'><strong>institutus,</strong></span> 
     </span>
    </p>
   </div>
   <div class='ocr_carea' id='block_1_53' title="bbox 2134 978 3717 1055">
    <p class='ocr_par' dir='ltr' id='par_1_53' title="bbox 2134 978 3717 1055">
     <span class='ocr_line' id='line_1_53' title="bbox 2134 978 3717 1055; baseline -0.008 -12"><span class='ocrx_word' id='word_1_396' title='bbox 2134 989 2414 1044; x_wconf 84' lang='lat' dir='ltr'><strong>molestum</strong></span> <span class='ocrx_word' id='word_1_397' title='bbox 2445 1002 2831 1055; x_wconf 88' lang='lat' dir='ltr'><strong>onerosumqne</strong></span> <span class='ocrx_word' id='word_1_398' title='bbox 2854 1000 3005 1048; x_wconf 80' lang='lat' dir='ltr'><strong>esse,</strong></span> <span class='ocrx_word' id='word_1_399' title='bbox 3035 983 3079 1037; x_wconf 91' lang='lat' dir='ltr'><strong>si</strong></span> <span class='ocrx_word' id='word_1_400' title='bbox 3117 983 3236 1053; x_wconf 88' lang='lat' dir='ltr'><strong>quis</strong></span> <span class='ocrx_word' id='word_1_401' title='bbox 3279 981 3347 1036; x_wconf 90' lang='lat' dir='ltr'><strong>de</strong></span> <span class='ocrx_word' id='word_1_402' title='bbox 3395 980 3575 1049; x_wconf 89' lang='lat' dir='ltr'><strong>seipso</strong></span> <span class='ocrx_word' id='word_1_403' title='bbox 3616 978 3717 1032; x_wconf 84' lang='lat' dir='ltr'><strong>ali-</strong></span> 
     </span>
    </p>
   </div>
   <div class='ocr_carea' id='block_1_54' title="bbox 2132 1060 3720 1150">
    <p class='ocr_par' dir='ltr' id='par_1_54' title="bbox 2132 1060 3720 1150">
     <span class='ocr_line' id='line_1_54' title="bbox 2132 1060 3720 1150; baseline -0.007 -17"><span class='ocrx_word' id='word_1_404' title='bbox 2132 1079 2258 1150; x_wconf 87' lang='lat' dir='ltr'><strong>quid</strong></span> <span class='ocrx_word' id='word_1_405' title='bbox 2295 1077 2594 1149; x_wconf 71' lang='lat' dir='ltr'><strong>proferret,</strong></span> <span class='ocrx_word' id='word_1_406' title='bbox 2627 1076 2858 1141; x_wconf 88' lang='lat' dir='ltr'><strong>dicebat,</strong></span> <span class='ocrx_word' id='word_1_407' title='bbox 2894 1073 3099 1129; x_wconf 85' lang='lat' dir='ltr'><strong>Utinam</strong></span> <span class='ocrx_word' id='word_1_408' title='bbox 3123 1071 3436 1127; x_wconf 86' lang='lat' dir='ltr'><strong>sustineretis</strong></span> <span class='ocrx_word' id='word_1_409' title='bbox 3464 1060 3720 1124; x_wconf 70' lang='lat' dir='ltr'><strong>modicam.</strong></span> 
     </span>
    </p>
   </div>
   <div class='ocr_carea' id='block_1_55' title="bbox 2132 1160 3724 1242">
    <p class='ocr_par' dir='ltr' id='par_1_55' title="bbox 2132 1160 3724 1242">
     <span class='ocr_line' id='line_1_55' title="bbox 2132 1160 3724 1242; baseline -0.009 -18"><span class='ocrx_word' id='word_1_410' title='bbox 2132 1170 2254 1242; x_wconf 84' lang='lat' dir='ltr'><strong>quid</strong></span> <span class='ocrx_word' id='word_1_411' title='bbox 2299 1170 2603 1241; x_wconf 74' lang='lat' dir='ltr'><strong>insipientia:</strong></span> <span class='ocrx_word' id='word_1_412' title='bbox 2643 1183 2803 1232; x_wconf 69' lang='lat' dir='ltr'><strong>metu;</strong></span> <span class='ocrx_word' id='word_1_413' title='bbox 2844 1183 2948 1220; x_wconf 86' lang='lat' dir='ltr'><strong>non</strong></span> <span class='ocrx_word' id='word_1_414' title='bbox 2991 1178 3239 1233; x_wconf 88' lang='lat' dir='ltr'><strong>magnum</strong></span> <span class='ocrx_word' id='word_1_415' title='bbox 3264 1203 3279 1228; x_wconf 91' lang='lat'><strong>,</strong></span> <span class='ocrx_word' id='word_1_416' title='bbox 3325 1161 3421 1216; x_wconf 89' lang='lat' dir='ltr'><strong>sed</strong></span> <span class='ocrx_word' id='word_1_417' title='bbox 3467 1160 3724 1216; x_wconf 86' lang='lat' dir='ltr'><strong>modicum</strong></span> 
     </span>
    </p>
   </div>
   <div class='ocr_carea' id='block_1_56' title="bbox 2131 1249 3719 1332">
    <p class='ocr_par' dir='ltr' id='par_1_56' title="bbox 2131 1249 3719 1332">
     <span class='ocr_line' id='line_1_56' title="bbox 2131 1249 3719 1332; baseline -0.008 -16"><span class='ocrx_word' id='word_1_418' title='bbox 2131 1263 2256 1332; x_wconf 81' lang='lat' dir='ltr'><strong>quid</strong></span> <span class='ocrx_word' id='word_1_419' title='bbox 2279 1261 2355 1331; x_wconf 73' lang='lat'><strong>(2.</strong></span> <span class='ocrx_word' id='word_1_420' title='bbox 2379 1260 2497 1317; x_wconf 88' lang='lat' dir='ltr'><strong>Cor.</strong></span> <span class='ocrx_word' id='word_1_421' title='bbox 2527 1262 2615 1315; x_wconf 84' lang='lat' dir='ltr'><strong>ll.</strong></span> <span class='ocrx_word' id='word_1_422' title='bbox 2642 1257 2717 1332; x_wconf 81' lang='lat' dir='ltr'><strong>l).</strong></span> <span class='ocrx_word' id='word_1_423' title='bbox 2748 1257 2930 1327; x_wconf 81' lang='lat' dir='ltr'><strong>Neque</strong></span> <span class='ocrx_word' id='word_1_424' title='bbox 2954 1255 3096 1311; x_wconf 87' lang='lat' dir='ltr'><strong>enim</strong></span> <span class='ocrx_word' id='word_1_425' title='bbox 3144 1262 3367 1322; x_wconf 88' lang='lat' dir='ltr'><strong>cogente</strong></span> <span class='ocrx_word' id='word_1_426' title='bbox 3404 1249 3719 1305; x_wconf 85' lang='lat' dir='ltr'><strong>necessitate</strong></span> 
     </span>
    </p>
   </div>
   <div class='ocr_carea' id='block_1_57' title="bbox 2133 1339 3719 1422">
    <p class='ocr_par' dir='ltr' id='par_1_57' title="bbox 2133 1339 3719 1422">
     <span class='ocr_line' id='line_1_57' title="bbox 2133 1339 3719 1422; baseline -0.011 -15"><span class='ocrx_word' id='word_1_427' title='bbox 2133 1353 2403 1422; x_wconf 90' lang='lat' dir='ltr'><strong>copiosam</strong></span> <span class='ocrx_word' id='word_1_428' title='bbox 2428 1351 2639 1406; x_wconf 88' lang='lat' dir='ltr'><strong>landum</strong></span> <span class='ocrx_word' id='word_1_429' title='bbox 2671 1362 2886 1404; x_wconf 91' lang='lat' dir='ltr'><strong>suarum</strong></span> <span class='ocrx_word' id='word_1_430' title='bbox 2921 1346 3281 1400; x_wconf 89' lang='lat' dir='ltr'><strong>narrationem</strong></span> <span class='ocrx_word' id='word_1_431' title='bbox 3321 1339 3594 1396; x_wconf 81' lang='lat' dir='ltr'><strong>eﬂ&#39;undere</strong></span> <span class='ocrx_word' id='word_1_432' title='bbox 3620 1354 3719 1408; x_wconf 80' lang='lat' dir='ltr'><strong>pa-</strong></span> 
     </span>
    </p>
   </div>
   <div class='ocr_carea' id='block_1_58' title="bbox 2134 1429 3717 1511">
    <p class='ocr_par' dir='ltr' id='par_1_58' title="bbox 2134 1429 3717 1511">
     <span class='ocr_line' id='line_1_58' title="bbox 2134 1429 3717 1511; baseline -0.01 -13"><span class='ocrx_word' id='word_1_433' title='bbox 2134 1454 2281 1500; x_wconf 89' lang='lat' dir='ltr'><strong>ratus</strong></span> <span class='ocrx_word' id='word_1_434' title='bbox 2305 1452 2418 1498; x_wconf 89' lang='lat' dir='ltr'><strong>erat</strong></span> <span class='ocrx_word' id='word_1_435' title='bbox 2440 1484 2456 1509; x_wconf 92' lang='lat'><strong>,</strong></span> <span class='ocrx_word' id='word_1_436' title='bbox 2484 1440 2579 1497; x_wconf 89' lang='lat' dir='ltr'><strong>sed</strong></span> <span class='ocrx_word' id='word_1_437' title='bbox 2622 1440 2805 1511; x_wconf 85' lang='lat' dir='ltr'><strong>paucis</strong></span> <span class='ocrx_word' id='word_1_438' title='bbox 2831 1438 2948 1492; x_wconf 89' lang='lat' dir='ltr'><strong>illas</strong></span> <span class='ocrx_word' id='word_1_439' title='bbox 2977 1434 3235 1506; x_wconf 86' lang='lat' dir='ltr'><strong>percurrit</strong></span> <span class='ocrx_word' id='word_1_440' title='bbox 3280 1449 3294 1487; x_wconf 92' lang='lat'><strong>:</strong></span> <span class='ocrx_word' id='word_1_441' title='bbox 3341 1441 3395 1487; x_wconf 90' lang='lat' dir='ltr'><strong>et</strong></span> <span class='ocrx_word' id='word_1_442' title='bbox 3424 1431 3522 1485; x_wconf 85' lang='lat' dir='ltr'><strong>hoc</strong></span> <span class='ocrx_word' id='word_1_443' title='bbox 3545 1429 3717 1498; x_wconf 87' lang='lat' dir='ltr'><strong>ipsum</strong></span> 
     </span>
    </p>
   </div>
   <div class='ocr_carea' id='block_1_59' title="bbox 2134 1520 3717 1606">
    <p class='ocr_par' dir='ltr' id='par_1_59' title="bbox 2134 1520 3717 1606">
     <span class='ocr_line' id='line_1_59' title="bbox 2134 1520 3717 1606; baseline -0.011 -17"><span class='ocrx_word' id='word_1_444' title='bbox 2134 1545 2358 1606; x_wconf 80' lang='lat' dir='ltr'><strong>propter</strong></span> <span class='ocrx_word' id='word_1_445' title='bbox 2377 1548 2471 1589; x_wconf 88' lang='lat' dir='ltr'><strong>eos</strong></span> <span class='ocrx_word' id='word_1_446' title='bbox 2498 1545 2787 1599; x_wconf 90' lang='lat' dir='ltr'><strong>eorumque</strong></span> <span class='ocrx_word' id='word_1_447' title='bbox 2813 1528 3057 1582; x_wconf 90' lang='lat' dir='ltr'><strong>salutem.</strong></span> <span class='ocrx_word' id='word_1_448' title='bbox 3093 1520 3549 1591; x_wconf 86' lang='lat' dir='ltr'><strong>Quemadmodum</strong></span> <span class='ocrx_word' id='word_1_449' title='bbox 3574 1520 3717 1573; x_wconf 87' lang='lat' dir='ltr'><strong>enim</strong></span> 
     </span>
    </p>
   </div>
   <div class='ocr_carea' id='block_1_60' title="bbox 2133 1614 3716 1695">
    <p class='ocr_par' dir='ltr' id='par_1_60' title="bbox 2133 1614 3716 1695">
     <span class='ocr_line' id='line_1_60' title="bbox 2133 1614 3716 1695; baseline -0.011 -16"><span class='ocrx_word' id='word_1_450' title='bbox 2133 1627 2248 1679; x_wconf 85' lang='lat' dir='ltr'><strong>sine</strong></span> <span class='ocrx_word' id='word_1_451' title='bbox 2271 1624 2447 1695; x_wconf 88' lang='lat' dir='ltr'><strong>aliqua</strong></span> <span class='ocrx_word' id='word_1_452' title='bbox 2478 1622 2795 1678; x_wconf 84' lang='lat' dir='ltr'><strong>necessitate</strong></span> <span class='ocrx_word' id='word_1_453' title='bbox 2820 1634 2916 1674; x_wconf 89' lang='lat' dir='ltr'><strong>sua</strong></span> <span class='ocrx_word' id='word_1_454' title='bbox 2957 1629 3240 1671; x_wconf 89' lang='lat' dir='ltr'><strong>recensere</strong></span> <span class='ocrx_word' id='word_1_455' title='bbox 3286 1614 3540 1683; x_wconf 76' lang='lat' dir='ltr'><strong>prmclara</strong></span> <span class='ocrx_word' id='word_1_456' title='bbox 3571 1618 3716 1681; x_wconf 68' lang='lat' dir='ltr'><strong>gesta</strong></span> 
     </span>
    </p>
   </div>
   <div class='ocr_carea' id='block_1_61' title="bbox 2135 1699 3717 1774">
    <p class='ocr_par' dir='ltr' id='par_1_61' title="bbox 2135 1699 3717 1774">
     <span class='ocr_line' id='line_1_61' title="bbox 2135 1699 3717 1774; baseline -0.011 -4"><span class='ocrx_word' id='word_1_457' title='bbox 2135 1724 2388 1770; x_wconf 72' lang='lat' dir='ltr'><strong>extremm</strong></span> <span class='ocrx_word' id='word_1_458' title='bbox 2414 1712 2696 1768; x_wconf 77' lang='lat' dir='ltr'><strong>dementia:</strong></span> <span class='ocrx_word' id='word_1_459' title='bbox 2726 1719 2840 1774; x_wconf 90' lang='lat' dir='ltr'><strong>est;</strong></span> <span class='ocrx_word' id='word_1_460' title='bbox 2869 1709 2946 1762; x_wconf 92' lang='lat' dir='ltr'><strong>sic</strong></span> <span class='ocrx_word' id='word_1_461' title='bbox 2972 1707 3204 1760; x_wconf 87' lang='lat' dir='ltr'><strong>instante</strong></span> <span class='ocrx_word' id='word_1_462' title='bbox 3239 1702 3557 1758; x_wconf 89' lang='lat' dir='ltr'><strong>necessitate</strong></span> <span class='ocrx_word' id='word_1_463' title='bbox 3583 1708 3639 1755; x_wconf 91' lang='lat' dir='ltr'><strong>et</strong></span> <span class='ocrx_word' id='word_1_464' title='bbox 3666 1699 3717 1752; x_wconf 88' lang='lat' dir='ltr'><strong>vi</strong></span> 
     </span>
    </p>
   </div>
   <div class='ocr_carea' id='block_1_62' title="bbox 2133 1789 3717 1873">
    <p class='ocr_par' dir='ltr' id='par_1_62' title="bbox 2133 1789 3717 1873">
     <span class='ocr_line' id='line_1_62' title="bbox 2133 1789 3717 1873; baseline -0.01 -14"><span class='ocrx_word' id='word_1_465' title='bbox 2133 1805 2516 1873; x_wconf 88' lang='lat' dir='ltr'><strong>compellcntc,</strong></span> <span class='ocrx_word' id='word_1_466' title='bbox 2547 1800 2772 1871; x_wconf 84' lang='lat' dir='ltr'><strong>proditio</strong></span> <span class='ocrx_word' id='word_1_467' title='bbox 2795 1806 2937 1853; x_wconf 88' lang='lat' dir='ltr'><strong>esset</strong></span> <span class='ocrx_word' id='word_1_468' title='bbox 2962 1797 3053 1849; x_wconf 92' lang='lat' dir='ltr'><strong>illa</strong></span> <span class='ocrx_word' id='word_1_469' title='bbox 3080 1803 3257 1849; x_wconf 90' lang='lat' dir='ltr'><strong>tacere</strong></span> <span class='ocrx_word' id='word_1_470' title='bbox 3283 1807 3400 1862; x_wconf 70' lang='lat' dir='ltr'><strong>qua:</strong></span> <span class='ocrx_word' id='word_1_471' title='bbox 3443 1790 3610 1862; x_wconf 90' lang='lat' dir='ltr'><strong>probe</strong></span> <span class='ocrx_word' id='word_1_472' title='bbox 3641 1789 3717 1844; x_wconf 85' lang='lat' dir='ltr'><strong>fe-</strong></span> 
     </span>
    </p>
   </div>
   <div class='ocr_carea' id='block_1_63' title="bbox 2133 1882 3713 1954">
    <p class='ocr_par' dir='ltr' id='par_1_63' title="bbox 2133 1882 3713 1954">
     <span class='ocr_line' id='line_1_63' title="bbox 2133 1882 3713 1954; baseline -0.011 -3"><span class='ocrx_word' id='word_1_473' title='bbox 2133 1896 2286 1950; x_wconf 87' lang='lat' dir='ltr'><strong>cerit.</strong></span> <span class='ocrx_word' id='word_1_474' title='bbox 2311 1893 2559 1947; x_wconf 85' lang='lat' dir='ltr'><strong>Attamen</strong></span> <span class='ocrx_word' id='word_1_475' title='bbox 2586 1891 2781 1945; x_wconf 89' lang='lat' dir='ltr'><strong>Paulus</strong></span> <span class='ocrx_word' id='word_1_476' title='bbox 2809 1888 2967 1943; x_wconf 87' lang='lat' dir='ltr'><strong>etiam</strong></span> <span class='ocrx_word' id='word_1_477' title='bbox 2995 1901 3117 1941; x_wconf 90' lang='lat' dir='ltr'><strong>cum</strong></span> <span class='ocrx_word' id='word_1_478' title='bbox 3150 1890 3360 1954; x_wconf 85' lang='lat' dir='ltr'><strong>urgeret</strong></span> <span class='ocrx_word' id='word_1_479' title='bbox 3389 1882 3678 1936; x_wconf 89' lang='lat' dir='ltr'><strong>necessitas</strong></span> <span class='ocrx_word' id='word_1_480' title='bbox 3696 1922 3713 1947; x_wconf 91' lang='lat'><strong>,</strong></span> 
     </span>
    </p>
   </div>
   <div class='ocr_carea' id='block_1_64' title="bbox 2143 1971 3719 2051">
    <p class='ocr_par' dir='ltr' id='par_1_64' title="bbox 2143 1971 3719 2051">
     <span class='ocr_line' id='line_1_64' title="bbox 2143 1971 3719 2051; baseline -0.011 -10"><span class='ocrx_word' id='word_1_481' title='bbox 2143 1984 2506 2048; x_wconf 65' lang='lat' dir='ltr'><strong>cunctabatur,</strong></span> <span class='ocrx_word' id='word_1_482' title='bbox 2539 1996 2760 2051; x_wconf 87' lang='lat' dir='ltr'><strong>remque</strong></span> <span class='ocrx_word' id='word_1_483' title='bbox 2805 1978 2948 2032; x_wconf 82' lang='lat' dir='ltr'><strong>illam</strong></span> <span class='ocrx_word' id='word_1_484' title='bbox 2978 1974 3335 2046; x_wconf 90' lang='lat' dir='ltr'><strong>insipientiam</strong></span> <span class='ocrx_word' id='word_1_485' title='bbox 3374 1971 3630 2038; x_wconf 82' lang='lat' dir='ltr'><strong>vocabat,</strong></span> <span class='ocrx_word' id='word_1_486' title='bbox 3663 1981 3719 2024; x_wconf 92' lang='lat' dir='ltr'><strong>nt</strong></span> 
     </span>
    </p>
   </div>
   <div class='ocr_carea' id='block_1_65' title="bbox 2132 2065 3720 2144">
    <p class='ocr_par' dir='ltr' id='par_1_65' title="bbox 2132 2065 3720 2144">
     <span class='ocr_line' id='line_1_65' title="bbox 2132 2065 3720 2144; baseline -0.01 -13"><span class='ocrx_word' id='word_1_487' title='bbox 2132 2076 2309 2131; x_wconf 89' lang='lat' dir='ltr'><strong>discas</strong></span> <span class='ocrx_word' id='word_1_488' title='bbox 2355 2074 2468 2144; x_wconf 86' lang='lat' dir='ltr'><strong>ejus</strong></span> <span class='ocrx_word' id='word_1_489' title='bbox 2518 2071 2853 2143; x_wconf 88' lang='lat' dir='ltr'><strong>prudentiam</strong></span> <span class='ocrx_word' id='word_1_490' title='bbox 2905 2078 2959 2123; x_wconf 87' lang='lat' dir='ltr'><strong>et</strong></span> <span class='ocrx_word' id='word_1_491' title='bbox 2987 2065 3337 2137; x_wconf 83' lang='lat' dir='ltr'><strong>sapientiam,</strong></span> <span class='ocrx_word' id='word_1_492' title='bbox 3370 2077 3720 2132; x_wconf 81' lang='lat' dir='ltr'><strong>magnamque</strong></span> 
     </span>
    </p>
   </div>
   <div class='ocr_carea' id='block_1_66' title="bbox 2133 2153 3713 2226">
    <p class='ocr_par' dir='ltr' id='par_1_66' title="bbox 2133 2153 3713 2226">
     <span class='ocr_line' id='line_1_66' title="bbox 2133 2153 3713 2226; baseline -0.011 -3"><span class='ocrx_word' id='word_1_493' title='bbox 2133 2167 2455 2223; x_wconf 88' lang='lat' dir='ltr'><strong>cautionem.</strong></span> <span class='ocrx_word' id='word_1_494' title='bbox 2489 2164 2622 2219; x_wconf 82' lang='lat' dir='ltr'><strong>Nam</strong></span> <span class='ocrx_word' id='word_1_495' title='bbox 2662 2178 2782 2218; x_wconf 90' lang='lat' dir='ltr'><strong>cum</strong></span> <span class='ocrx_word' id='word_1_496' title='bbox 2810 2161 3066 2225; x_wconf 77' lang='lat' dir='ltr'><strong>dixisset,</strong></span> <span class='ocrx_word' id='word_1_497' title='bbox 3100 2157 3251 2225; x_wconf 83' lang='lat' dir='ltr'><strong>Quod</strong></span> <span class='ocrx_word' id='word_1_498' title='bbox 3281 2156 3478 2226; x_wconf 87' lang='lat' dir='ltr'><strong>loquor,</strong></span> <span class='ocrx_word' id='word_1_499' title='bbox 3507 2169 3606 2207; x_wconf 89' lang='lat' dir='ltr'><strong>non</strong></span> <span class='ocrx_word' id='word_1_500' title='bbox 3631 2153 3713 2207; x_wconf 85' lang='lat' dir='ltr'><strong>lo-</strong></span> 
     </span>
    </p>
   </div>
   <div class='ocr_carea' id='block_1_67' title="bbox 2132 2242 3715 2327">
    <p class='ocr_par' dir='ltr' id='par_1_67' title="bbox 2132 2242 3715 2327">
     <span class='ocr_line' id='line_1_67' title="bbox 2132 2242 3715 2327; baseline -0.009 -17"><span class='ocrx_word' id='word_1_501' title='bbox 2132 2273 2259 2327; x_wconf 79' lang='lat' dir='ltr'><strong>quor</strong></span> <span class='ocrx_word' id='word_1_502' title='bbox 2282 2255 2557 2311; x_wconf 84' lang='lat' dir='ltr'><strong>secundum</strong></span> <span class='ocrx_word' id='word_1_503' title='bbox 2590 2252 2897 2315; x_wconf 87' lang='lat' dir='ltr'><strong>Dominum,</strong></span> <span class='ocrx_word' id='word_1_504' title='bbox 2939 2247 3166 2317; x_wconf 84' lang='lat' dir='ltr'><strong>adjecit,</strong></span> <span class='ocrx_word' id='word_1_505' title='bbox 3209 2242 3277 2298; x_wconf 83' lang='lat' dir='ltr'><strong>In</strong></span> <span class='ocrx_word' id='word_1_506' title='bbox 3303 2246 3399 2298; x_wconf 86' lang='lat' dir='ltr'><strong>hac</strong></span> <span class='ocrx_word' id='word_1_507' title='bbox 3433 2243 3715 2297; x_wconf 79' lang='lat' dir='ltr'><strong>substantia</strong></span> 
     </span>
    </p>
   </div>
   <div class='ocr_carea' id='block_1_68' title="bbox 2132 2333 3717 2419">
    <p class='ocr_par' dir='ltr' id='par_1_68' title="bbox 2132 2333 3717 2419">
     <span class='ocr_line' id='line_1_68' title="bbox 2132 2333 3717 2419; baseline -0.011 -18"><span class='ocrx_word' id='word_1_508' title='bbox 2132 2346 2450 2419; x_wconf 85' lang='lat' dir='ltr'><strong>gloriationis</strong></span> <span class='ocrx_word' id='word_1_509' title='bbox 2481 2344 2555 2415; x_wconf 72' lang='grc' dir='ltr'><strong>(Ξ.</strong></span> <span class='ocrx_word' id='word_1_510' title='bbox 2581 2342 2697 2398; x_wconf 86' lang='lat' dir='ltr'><strong>Cor.</strong></span> <span class='ocrx_word' id='word_1_511' title='bbox 2730 2342 2817 2396; x_wconf 82' lang='lat' dir='ltr'><strong>ll.</strong></span> <span class='ocrx_word' id='word_1_512' title='bbox 2852 2338 2926 2412; x_wconf 87' lang='lat'><strong>7).</strong></span> <span class='ocrx_word' id='word_1_513' title='bbox 2952 2338 3030 2392; x_wconf 85' lang='lat' dir='ltr'><strong>Ne</strong></span> <span class='ocrx_word' id='word_1_514' title='bbox 3055 2344 3209 2406; x_wconf 90' lang='lat' dir='ltr'><strong>putes</strong></span> <span class='ocrx_word' id='word_1_515' title='bbox 3230 2376 3245 2399; x_wconf 86' lang='lat'><strong>,</strong></span> <span class='ocrx_word' id='word_1_516' title='bbox 3278 2333 3476 2404; x_wconf 88' lang='lat' dir='ltr'><strong>inquit,</strong></span> <span class='ocrx_word' id='word_1_517' title='bbox 3512 2346 3597 2386; x_wconf 90' lang='lat' dir='ltr'><strong>me</strong></span> <span class='ocrx_word' id='word_1_518' title='bbox 3623 2346 3717 2400; x_wconf 85' lang='lat' dir='ltr'><strong>ge-</strong></span> 
     </span>
    </p>
   </div>
   <div class='ocr_carea' id='block_1_69' title="bbox 2134 2420 3714 2501">
    <p class='ocr_par' dir='ltr' id='par_1_69' title="bbox 2134 2420 3714 2501">
     <span class='ocr_line' id='line_1_69' title="bbox 2134 2420 3714 2501; baseline -0.012 -8"><span class='ocrx_word' id='word_1_519' title='bbox 2134 2436 2358 2493; x_wconf 82' lang='lat' dir='ltr'><strong>neratim</strong></span> <span class='ocrx_word' id='word_1_520' title='bbox 2389 2435 2490 2490; x_wconf 89' lang='lat' dir='ltr'><strong>hoc</strong></span> <span class='ocrx_word' id='word_1_521' title='bbox 2511 2434 2709 2488; x_wconf 88' lang='lat' dir='ltr'><strong>dicere.</strong></span> <span class='ocrx_word' id='word_1_522' title='bbox 2734 2432 2916 2501; x_wconf 83' lang='lat' dir='ltr'><strong>Itaque</strong></span> <span class='ocrx_word' id='word_1_523' title='bbox 2940 2428 3061 2483; x_wconf 87' lang='lat' dir='ltr'><strong>ideo</strong></span> <span class='ocrx_word' id='word_1_524' title='bbox 3078 2425 3307 2480; x_wconf 80' lang='lat' dir='ltr'><strong>maxime</strong></span> <span class='ocrx_word' id='word_1_525' title='bbox 3333 2423 3505 2478; x_wconf 83' lang='lat' dir='ltr'><strong>virum</strong></span> <span class='ocrx_word' id='word_1_526' title='bbox 3534 2420 3714 2484; x_wconf 84' lang='lat' dir='ltr'><strong>laudo.</strong></span> 
     </span>
    </p>
   </div>
   <div class='ocr_carea' id='block_1_70' title="bbox 2132 2510 3719 2597">
    <p class='ocr_par' dir='ltr' id='par_1_70' title="bbox 2132 2510 3719 2597">
     <span class='ocr_line' id='line_1_70' title="bbox 2132 2510 3719 2597; baseline -0.012 -12"><span class='ocrx_word' id='word_1_527' title='bbox 2132 2530 2367 2585; x_wconf 88' lang='lat' dir='ltr'><strong>admiror</strong></span> <span class='ocrx_word' id='word_1_528' title='bbox 2395 2539 2450 2584; x_wconf 93' lang='lat' dir='ltr'><strong>et</strong></span> <span class='ocrx_word' id='word_1_529' title='bbox 2472 2524 2922 2597; x_wconf 86' lang='lat' dir='ltr'><strong>sapientissimum</strong></span> <span class='ocrx_word' id='word_1_530' title='bbox 2956 2534 3087 2575; x_wconf 83' lang='lat' dir='ltr'><strong>voco</strong></span> <span class='ocrx_word' id='word_1_531' title='bbox 3107 2561 3122 2584; x_wconf 92' lang='lat'><strong>,</strong></span> <span class='ocrx_word' id='word_1_532' title='bbox 3150 2515 3291 2588; x_wconf 90' lang='lat' dir='ltr'><strong>quod</strong></span> <span class='ocrx_word' id='word_1_533' title='bbox 3319 2510 3431 2570; x_wconf 69' lang='lat' dir='ltr'><strong>rein</strong></span> <span class='ocrx_word' id='word_1_534' title='bbox 3464 2513 3719 2582; x_wconf 84' lang='lat' dir='ltr'><strong>insipien-</strong></span> 
     </span>
    </p>
   </div>
   <div class='ocr_carea' id='block_1_71' title="bbox 2135 2604 3715 2691">
    <p class='ocr_par' dir='ltr' id='par_1_71' title="bbox 2135 2604 3715 2691">
     <span class='ocr_line' id='line_1_71' title="bbox 2135 2604 3715 2691; baseline -0.012 -13"><span class='ocrx_word' id='word_1_535' title='bbox 2135 2632 2237 2678; x_wconf 88' lang='lat' dir='ltr'><strong>tcm</strong></span> <span class='ocrx_word' id='word_1_536' title='bbox 2271 2637 2391 2677; x_wconf 87' lang='lat' dir='ltr'><strong>esse</strong></span> <span class='ocrx_word' id='word_1_537' title='bbox 2420 2628 2628 2691; x_wconf 77' lang='lat' dir='ltr'><strong>putaret</strong></span> <span class='ocrx_word' id='word_1_538' title='bbox 2654 2618 2887 2686; x_wconf 86' lang='lat' dir='ltr'><strong>seipsum</strong></span> <span class='ocrx_word' id='word_1_539' title='bbox 2915 2611 3131 2668; x_wconf 88' lang='lat' dir='ltr'><strong>laudare</strong></span> <span class='ocrx_word' id='word_1_540' title='bbox 3170 2619 3224 2665; x_wconf 88' lang='lat' dir='ltr'><strong>et</strong></span> <span class='ocrx_word' id='word_1_541' title='bbox 3246 2608 3536 2664; x_wconf 88' lang='lat' dir='ltr'><strong>celebrare.</strong></span> <span class='ocrx_word' id='word_1_542' title='bbox 3567 2604 3715 2673; x_wconf 86' lang='lat' dir='ltr'><strong>Quod</strong></span> 
     </span>
    </p>
   </div>
   <div class='ocr_carea' id='block_1_72' title="bbox 2132 2696 3710 2779">
    <p class='ocr_par' dir='ltr' id='par_1_72' title="bbox 2132 2696 3710 2779">
     <span class='ocr_line' id='line_1_72' title="bbox 2132 2696 3710 2779; baseline -0.014 -8"><span class='ocrx_word' id='word_1_543' title='bbox 2132 2716 2176 2771; x_wconf 91' lang='lat' dir='ltr'><strong>si</strong></span> <span class='ocrx_word' id='word_1_544' title='bbox 2207 2715 2296 2769; x_wconf 90' lang='lat' dir='ltr'><strong>ille</strong></span> <span class='ocrx_word' id='word_1_545' title='bbox 2320 2756 2334 2779; x_wconf 87' lang='lat'><strong>,</strong></span> <span class='ocrx_word' id='word_1_546' title='bbox 2366 2714 2488 2768; x_wconf 86' lang='lat' dir='ltr'><strong>licet</strong></span> <span class='ocrx_word' id='word_1_547' title='bbox 2517 2709 2886 2767; x_wconf 89' lang='lat' dir='ltr'><strong>necessitatem</strong></span> <span class='ocrx_word' id='word_1_548' title='bbox 2918 2706 3116 2765; x_wconf 82' lang='lat' dir='ltr'><strong>instare</strong></span> <span class='ocrx_word' id='word_1_549' title='bbox 3132 2700 3338 2756; x_wconf 86' lang='lat' dir='ltr'><strong>videret</strong></span> <span class='ocrx_word' id='word_1_550' title='bbox 3356 2739 3374 2765; x_wconf 93' lang='lat'><strong>,</strong></span> <span class='ocrx_word' id='word_1_551' title='bbox 3398 2698 3500 2752; x_wconf 82' lang='lat' dir='ltr'><strong>hoc</strong></span> <span class='ocrx_word' id='word_1_552' title='bbox 3528 2696 3678 2752; x_wconf 86' lang='lat' dir='ltr'><strong>stulti</strong></span> <span class='ocrx_word' id='word_1_553' title='bbox 3697 2726 3710 2736; x_wconf 92' lang='lat'><strong>-</strong></span> 
     </span>
    </p>
   </div>
   <div class='ocr_carea' id='block_1_73' title="bbox 2133 2786 3714 2873">
    <p class='ocr_par' dir='ltr' id='par_1_73' title="bbox 2133 2786 3714 2873">
     <span class='ocr_line' id='line_1_73' title="bbox 2133 2786 3714 2873; baseline -0.013 -13"><span class='ocrx_word' id='word_1_554' title='bbox 2133 2807 2259 2860; x_wconf 89' lang='lat' dir='ltr'><strong>tiam</strong></span> <span class='ocrx_word' id='word_1_555' title='bbox 2278 2802 2516 2867; x_wconf 83' lang='lat' dir='ltr'><strong>vocabat,</strong></span> <span class='ocrx_word' id='word_1_556' title='bbox 2530 2817 2633 2873; x_wconf 90' lang='lat' dir='ltr'><strong>qua</strong></span> <span class='ocrx_word' id='word_1_557' title='bbox 2654 2799 2825 2865; x_wconf 89' lang='lat' dir='ltr'><strong>venia,</strong></span> <span class='ocrx_word' id='word_1_558' title='bbox 2843 2811 2947 2869; x_wconf 81' lang='lat' dir='ltr'><strong>qua</strong></span> <span class='ocrx_word' id='word_1_559' title='bbox 2965 2792 3306 2852; x_wconf 77' lang='lat' dir='ltr'><strong>excusatione</strong></span> <span class='ocrx_word' id='word_1_560' title='bbox 3325 2788 3466 2859; x_wconf 89' lang='lat' dir='ltr'><strong>digni</strong></span> <span class='ocrx_word' id='word_1_561' title='bbox 3481 2795 3640 2843; x_wconf 89' lang='lat' dir='ltr'><strong>erunt</strong></span> <span class='ocrx_word' id='word_1_562' title='bbox 3660 2786 3714 2852; x_wconf 84' lang='lat' dir='ltr'><strong>ii,</strong></span> 
     </span>
    </p>
   </div>
   <div class='ocr_carea' id='block_1_74' title="bbox 2131 2881 3717 2965">
    <p class='ocr_par' dir='ltr' id='par_1_74' title="bbox 2131 2881 3717 2965">
     <span class='ocr_line' id='line_1_74' title="bbox 2131 2881 3717 2965; baseline -0.013 -14"><span class='ocrx_word' id='word_1_563' title='bbox 2131 2894 2221 2965; x_wconf 90' lang='lat' dir='ltr'><strong>qui</strong></span> <span class='ocrx_word' id='word_1_564' title='bbox 2251 2895 2394 2948; x_wconf 85' lang='lat' dir='ltr'><strong>nulla</strong></span> <span class='ocrx_word' id='word_1_565' title='bbox 2423 2892 2741 2948; x_wconf 89' lang='lat' dir='ltr'><strong>necessitate</strong></span> <span class='ocrx_word' id='word_1_566' title='bbox 2764 2890 2831 2945; x_wconf 92' lang='lat' dir='ltr'><strong>de</strong></span> <span class='ocrx_word' id='word_1_567' title='bbox 2857 2887 3048 2957; x_wconf 89' lang='lat' dir='ltr'><strong>scipsis</strong></span> <span class='ocrx_word' id='word_1_568' title='bbox 3071 2897 3259 2955; x_wconf 89' lang='lat' dir='ltr'><strong>magna</strong></span> <span class='ocrx_word' id='word_1_569' title='bbox 3285 2881 3508 2953; x_wconf 85' lang='lat' dir='ltr'><strong>jactant,</strong></span> <span class='ocrx_word' id='word_1_570' title='bbox 3539 2887 3631 2933; x_wconf 88' lang='lat' dir='ltr'><strong>aut</strong></span> <span class='ocrx_word' id='word_1_571' title='bbox 3659 2892 3717 2932; x_wconf 90' lang='lat' dir='ltr'><strong>a-</strong></span> 
     </span>
    </p>
   </div>
   <div class='ocr_carea' id='block_1_75' title="bbox 2132 2972 3718 3054">
    <p class='ocr_par' dir='ltr' id='par_1_75' title="bbox 2132 2972 3718 3054">
     <span class='ocr_line' id='line_1_75' title="bbox 2132 2972 3718 3054; baseline -0.011 -13"><span class='ocrx_word' id='word_1_572' title='bbox 2132 2987 2233 3041; x_wconf 91' lang='lat' dir='ltr'><strong>lios</strong></span> <span class='ocrx_word' id='word_1_573' title='bbox 2252 2985 2451 3054; x_wconf 85' lang='lat' dir='ltr'><strong>jactare</strong></span> <span class='ocrx_word' id='word_1_574' title='bbox 2476 2982 2706 3053; x_wconf 79' lang='lat' dir='ltr'><strong>cogunt?</strong></span> <span class='ocrx_word' id='word_1_575' title='bbox 2725 2981 2848 3035; x_wconf 66' lang='lat' dir='ltr'><strong>llaec</strong></span> <span class='ocrx_word' id='word_1_576' title='bbox 2875 2993 2996 3033; x_wconf 90' lang='lat' dir='ltr'><strong>cum</strong></span> <span class='ocrx_word' id='word_1_577' title='bbox 3022 2982 3293 3044; x_wconf 89' lang='lat' dir='ltr'><strong>comperta</strong></span> <span class='ocrx_word' id='word_1_578' title='bbox 3309 2972 3618 3032; x_wconf 84' lang='lat' dir='ltr'><strong>habeamus,</strong></span> <span class='ocrx_word' id='word_1_579' title='bbox 3650 2984 3718 3024; x_wconf 83' lang='lat' dir='ltr'><strong>ne</strong></span> 
     </span>
    </p>
   </div>
   <div class='ocr_carea' id='block_1_76' title="bbox 2132 3058 3716 3145">
    <p class='ocr_par' dir='ltr' id='par_1_76' title="bbox 2132 3058 3716 3145">
     <span class='ocr_line' id='line_1_76' title="bbox 2132 3058 3716 3145; baseline -0.011 -15"><span class='ocrx_word' id='word_1_580' title='bbox 2132 3076 2241 3141; x_wconf 89' lang='lat' dir='ltr'><strong>illa,</strong></span> <span class='ocrx_word' id='word_1_581' title='bbox 2261 3090 2380 3145; x_wconf 77' lang='lat' dir='ltr'><strong>qua:</strong></span> <span class='ocrx_word' id='word_1_582' title='bbox 2406 3074 2545 3129; x_wconf 88' lang='lat' dir='ltr'><strong>dicta</strong></span> <span class='ocrx_word' id='word_1_583' title='bbox 2574 3080 2718 3135; x_wconf 90' lang='lat' dir='ltr'><strong>sunt,</strong></span> <span class='ocrx_word' id='word_1_584' title='bbox 2738 3068 3013 3124; x_wconf 89' lang='lat' dir='ltr'><strong>laudemus</strong></span> <span class='ocrx_word' id='word_1_585' title='bbox 3037 3074 3260 3127; x_wconf 85' lang='lat' dir='ltr'><strong>tantum,</strong></span> <span class='ocrx_word' id='word_1_586' title='bbox 3285 3060 3377 3116; x_wconf 90' lang='lat' dir='ltr'><strong>sed</strong></span> <span class='ocrx_word' id='word_1_587' title='bbox 3407 3063 3565 3116; x_wconf 90' lang='lat' dir='ltr'><strong>etiam</strong></span> <span class='ocrx_word' id='word_1_588' title='bbox 3595 3058 3716 3114; x_wconf 86' lang='lat' dir='ltr'><strong>imi-</strong></span> 
     </span>
    </p>
   </div>
   <div class='ocr_carea' id='block_1_77' title="bbox 2133 3152 3716 3227">
    <p class='ocr_par' dir='ltr' id='par_1_77' title="bbox 2133 3152 3716 3227">
     <span class='ocr_line' id='line_1_77' title="bbox 2133 3152 3716 3227; baseline -0.011 -3"><span class='ocrx_word' id='word_1_589' title='bbox 2133 3177 2306 3224; x_wconf 86' lang='lat' dir='ltr'><strong>tentur</strong></span> <span class='ocrx_word' id='word_1_590' title='bbox 2333 3176 2389 3222; x_wconf 91' lang='lat' dir='ltr'><strong>et</strong></span> <span class='ocrx_word' id='word_1_591' title='bbox 2413 3164 2752 3227; x_wconf 64' lang='lat' dir='ltr'><strong>aemulemur,</strong></span> <span class='ocrx_word' id='word_1_592' title='bbox 2781 3169 2837 3215; x_wconf 90' lang='lat' dir='ltr'><strong>et</strong></span> <span class='ocrx_word' id='word_1_593' title='bbox 2866 3168 3009 3215; x_wconf 89' lang='lat' dir='ltr'><strong>recte</strong></span> <span class='ocrx_word' id='word_1_594' title='bbox 3037 3155 3301 3211; x_wconf 84' lang='lat' dir='ltr'><strong>factorum</strong></span> <span class='ocrx_word' id='word_1_595' title='bbox 3327 3152 3475 3209; x_wconf 90' lang='lat' dir='ltr'><strong>obliti</strong></span> <span class='ocrx_word' id='word_1_596' title='bbox 3503 3161 3716 3222; x_wconf 88' lang='lat' dir='ltr'><strong>peccata</strong></span> 
     </span>
    </p>
   </div>
   <div class='ocr_carea' id='block_1_78' title="bbox 2130 3245 3717 3326">
    <p class='ocr_par' dir='ltr' id='par_1_78' title="bbox 2130 3245 3717 3326">
     <span class='ocr_line' id='line_1_78' title="bbox 2130 3245 3717 3326; baseline -0.012 -12"><span class='ocrx_word' id='word_1_597' title='bbox 2130 3272 2345 3326; x_wconf 87' lang='lat' dir='ltr'><strong>semper</strong></span> <span class='ocrx_word' id='word_1_598' title='bbox 2368 3265 2872 3317; x_wconf 88' lang='lat' dir='ltr'><strong>commemoremus,</strong></span> <span class='ocrx_word' id='word_1_599' title='bbox 2903 3258 2964 3304; x_wconf 93' lang='lat' dir='ltr'><strong>ut</strong></span> <span class='ocrx_word' id='word_1_600' title='bbox 2990 3256 3041 3303; x_wconf 92' lang='lat' dir='ltr'><strong>et</strong></span> <span class='ocrx_word' id='word_1_601' title='bbox 3082 3245 3355 3301; x_wconf 88' lang='lat' dir='ltr'><strong>moderate</strong></span> <span class='ocrx_word' id='word_1_602' title='bbox 3391 3256 3549 3313; x_wconf 86' lang='lat' dir='ltr'><strong>agere</strong></span> <span class='ocrx_word' id='word_1_603' title='bbox 3593 3258 3717 3313; x_wconf 88' lang='lat' dir='ltr'><strong>pos-</strong></span> 
     </span>
    </p>
   </div>
   <div class='ocr_carea' id='block_1_79' title="bbox 2130 3332 3715 3416">
    <p class='ocr_par' dir='ltr' id='par_1_79' title="bbox 2130 3332 3715 3416">
     <span class='ocr_line' id='line_1_79' title="bbox 2130 3332 3715 3416; baseline -0.013 -11"><span class='ocrx_word' id='word_1_604' title='bbox 2130 3350 2319 3416; x_wconf 86' lang='lat' dir='ltr'><strong>simus,</strong></span> <span class='ocrx_word' id='word_1_605' title='bbox 2370 3359 2423 3404; x_wconf 90' lang='lat' dir='ltr'><strong>et</strong></span> <span class='ocrx_word' id='word_1_606' title='bbox 2451 3346 2517 3401; x_wconf 88' lang='lat' dir='ltr'><strong>ad</strong></span> <span class='ocrx_word' id='word_1_607' title='bbox 2559 3360 2620 3401; x_wconf 90' lang='lat' dir='ltr'><strong>ea</strong></span> <span class='ocrx_word' id='word_1_608' title='bbox 2666 3358 2785 3414; x_wconf 73' lang='lat' dir='ltr'><strong>qua:</strong></span> <span class='ocrx_word' id='word_1_609' title='bbox 2815 3351 2939 3396; x_wconf 80' lang='lat' dir='ltr'><strong>ante</strong></span> <span class='ocrx_word' id='word_1_610' title='bbox 2987 3353 3085 3394; x_wconf 92' lang='lat' dir='ltr'><strong>nos</strong></span> <span class='ocrx_word' id='word_1_611' title='bbox 3131 3345 3252 3391; x_wconf 90' lang='lat' dir='ltr'><strong>sunt</strong></span> <span class='ocrx_word' id='word_1_612' title='bbox 3301 3332 3715 3398; x_wconf 78' lang='lat' dir='ltr'><strong>contendentes,</strong></span> 
     </span>
    </p>
   </div>
   <div class='ocr_carea' id='block_1_80' title="bbox 2133 3423 3717 3508">
    <p class='ocr_par' dir='ltr' id='par_1_80' title="bbox 2133 3423 3717 3508">
     <span class='ocr_line' id='line_1_80' title="bbox 2133 3423 3717 3508; baseline -0.013 -12"><span class='ocrx_word' id='word_1_613' title='bbox 2133 3440 2376 3497; x_wconf 79' lang='lat' dir='ltr'><strong>bravium</strong></span> <span class='ocrx_word' id='word_1_614' title='bbox 2430 3451 2673 3508; x_wconf 62' lang='lat' dir='ltr'><strong>supernas</strong></span> <span class='ocrx_word' id='word_1_615' title='bbox 2712 3431 3004 3489; x_wconf 84' lang='lat' dir='ltr'><strong>vocationis</strong></span> <span class='ocrx_word' id='word_1_616' title='bbox 3054 3428 3404 3497; x_wconf 70' lang='lat' dir='ltr'><strong>accipia‘tnus,</strong></span> <span class='ocrx_word' id='word_1_617' title='bbox 3458 3423 3622 3493; x_wconf 82' lang='lat' dir='ltr'><strong>gratia</strong></span> <span class='ocrx_word' id='word_1_618' title='bbox 3663 3432 3717 3476; x_wconf 92' lang='lat' dir='ltr'><strong>et</strong></span> 
     </span>
    </p>
   </div>
   <div class='ocr_carea' id='block_1_81' title="bbox 2131 3514 3718 3601">
    <p class='ocr_par' dir='ltr' id='par_1_81' title="bbox 2131 3514 3718 3601">
     <span class='ocr_line' id='line_1_81' title="bbox 2131 3514 3718 3601; baseline -0.015 -11"><span class='ocrx_word' id='word_1_619' title='bbox 2131 3531 2459 3601; x_wconf 82' lang='lat' dir='ltr'><strong>benignitate</strong></span> <span class='ocrx_word' id='word_1_620' title='bbox 2504 3526 2712 3583; x_wconf 89' lang='lat' dir='ltr'><strong>Domini</strong></span> <span class='ocrx_word' id='word_1_621' title='bbox 2746 3522 2915 3581; x_wconf 90' lang='lat' dir='ltr'><strong>nostri</strong></span> <span class='ocrx_word' id='word_1_622' title='bbox 2936 3522 3063 3578; x_wconf 84' lang='lat' dir='ltr'><strong>Jesu</strong></span> <span class='ocrx_word' id='word_1_623' title='bbox 3109 3517 3341 3582; x_wconf 85' lang='lat' dir='ltr'><strong>Christi,</strong></span> <span class='ocrx_word' id='word_1_624' title='bbox 3373 3516 3588 3586; x_wconf 91' lang='lat' dir='ltr'><strong>quicum</strong></span> <span class='ocrx_word' id='word_1_625' title='bbox 3618 3514 3718 3569; x_wconf 67' lang='lat' dir='ltr'><strong>Pa.</strong></span> 
     </span>
    </p>
   </div>
   <div class='ocr_carea' id='block_1_82' title="bbox 2133 3608 3711 3688">
    <p class='ocr_par' dir='ltr' id='par_1_82' title="bbox 2133 3608 3711 3688">
     <span class='ocr_line' id='line_1_82' title="bbox 2133 3608 3711 3688; baseline -0.013 -9"><span class='ocrx_word' id='word_1_626' title='bbox 2133 3625 2220 3688; x_wconf 85' lang='lat' dir='ltr'><strong>tri,</strong></span> <span class='ocrx_word' id='word_1_627' title='bbox 2269 3639 2372 3679; x_wconf 87' lang='lat' dir='ltr'><strong>una</strong></span> <span class='ocrx_word' id='word_1_628' title='bbox 2430 3637 2552 3679; x_wconf 91' lang='lat' dir='ltr'><strong>cum</strong></span> <span class='ocrx_word' id='word_1_629' title='bbox 2614 3628 2802 3674; x_wconf 91' lang='lat' dir='ltr'><strong>sancto</strong></span> <span class='ocrx_word' id='word_1_630' title='bbox 2852 3615 3083 3687; x_wconf 89' lang='lat' dir='ltr'><strong>Spiritu,</strong></span> <span class='ocrx_word' id='word_1_631' title='bbox 3139 3611 3344 3683; x_wconf 84' lang='lat' dir='ltr'><strong>gloria,</strong></span> <span class='ocrx_word' id='word_1_632' title='bbox 3399 3608 3711 3678; x_wconf 85' lang='lat' dir='ltr'><strong>imperium,</strong></span> 
     </span>
    </p>
   </div>
   <div class='ocr_carea' id='block_1_83' title="bbox 2131 3697 3733 3782">
    <p class='ocr_par' dir='ltr' id='par_1_83' title="bbox 2131 3697 3733 3782">
     <span class='ocr_line' id='line_1_83' title="bbox 2131 3697 3733 3782; baseline -0.013 -12"><span class='ocrx_word' id='word_1_633' title='bbox 2131 3717 2321 3782; x_wconf 86' lang='lat' dir='ltr'><strong>Itonor,</strong></span> <span class='ocrx_word' id='word_1_634' title='bbox 2365 3729 2507 3770; x_wconf 93' lang='lat' dir='ltr'><strong>nunc</strong></span> <span class='ocrx_word' id='word_1_635' title='bbox 2552 3719 2606 3768; x_wconf 92' lang='lat' dir='ltr'><strong>et</strong></span> <span class='ocrx_word' id='word_1_636' title='bbox 2649 3724 2881 3781; x_wconf 86' lang='lat' dir='ltr'><strong>semper,</strong></span> <span class='ocrx_word' id='word_1_637' title='bbox 2921 3716 2976 3762; x_wconf 90' lang='lat' dir='ltr'><strong>et</strong></span> <span class='ocrx_word' id='word_1_638' title='bbox 3018 3705 3071 3759; x_wconf 93' lang='lat' dir='ltr'><strong>in</strong></span> <span class='ocrx_word' id='word_1_639' title='bbox 3122 3701 3318 3759; x_wconf 81' lang='lat' dir='ltr'><strong>sa-cnla</strong></span> <span class='ocrx_word' id='word_1_640' title='bbox 3374 3697 3733 3759; x_wconf 37' lang='lat' dir='ltr'><strong>sscculorumr</strong></span> 
     </span>
    </p>
   </div>
   <div class='ocr_carea' id='block_1_84' title="bbox 2131 3808 2324 3861">
    <p class='ocr_par' dir='ltr' id='par_1_84' title="bbox 2131 3808 2324 3861">
     <span class='ocr_line' id='line_1_84' title="bbox 2131 3808 2324 3861; baseline -0.016 0"><span class='ocrx_word' id='word_1_641' title='bbox 2131 3808 2324 3861; x_wconf 80' lang='lat' dir='ltr'><strong>Amen.</strong></span> 
     </span>
    </p>
   </div>
   <div class='ocr_carea' id='block_1_85' title="bbox 2129 3962 3715 4041">
    <p class='ocr_par' dir='ltr' id='par_1_85' title="bbox 2129 3962 3715 4041">
     <span class='ocr_line' id='line_1_85' title="bbox 2129 3962 3715 4041; baseline -0.012 -13"><span class='ocrx_word' id='word_1_642' title='bbox 2129 3978 2702 4041; x_wconf 66' lang='lat' dir='ltr'><strong>superlluanrortamque</strong></span> <span class='ocrx_word' id='word_1_643' title='bbox 2719 3986 2782 4023; x_wconf 80' lang='lat' dir='ltr'><strong>ex</strong></span> <span class='ocrx_word' id='word_1_644' title='bbox 2808 3970 3106 4041; x_wconf 66' lang='lat' dir='ltr'><strong>glossemate</strong></span> <span class='ocrx_word' id='word_1_645' title='bbox 3129 3962 3715 4041; x_wconf 37' lang='lat' dir='ltr'><strong>marginaliarl-</strong></span> 
     </span>
    </p>
   </div>
   <div class='ocr_carea' id='block_1_86' title="bbox 2129 4028 3716 4088">
    <p class='ocr_par' dir='ltr' id='par_1_86' title="bbox 2129 4028 3716 4088">
     <span class='ocr_line' id='line_1_86' title="bbox 2129 4028 3716 4088; baseline -0.01 0"><span class='ocrx_word' id='word_1_646' title='bbox 2129 4028 2404 4088; x_wconf 70' lang='lat' dir='ltr'><strong>Et&#39;auidem</strong></span> <span class='ocrx_word' id='word_1_647' title='bbox 2426 4038 2556 4085; x_wconf 84' lang='lat' dir='ltr'><strong>idem</strong></span> <span class='ocrx_word' id='word_1_648' title='bbox 2582 4028 2691 4083; x_wconf 71' lang='lat' dir='ltr'><strong>erat</strong></span> <span class='ocrx_word' id='word_1_649' title='bbox 2720 4028 2946 4083; x_wconf 70' lang='lat' dir='ltr'><strong>Jerobaal</strong></span> <span class='ocrx_word' id='word_1_650' title='bbox 2971 4035 3023 4079; x_wconf 83' lang='lat' dir='ltr'><strong>et</strong></span> <span class='ocrx_word' id='word_1_651' title='bbox 3060 4028 3276 4077; x_wconf 79' lang='lat' dir='ltr'><strong>Gedeon.</strong></span> <span class='ocrx_word' id='word_1_652' title='bbox 3304 4033 3471 4088; x_wconf 80' lang='lat' dir='ltr'><strong>Itaque</strong></span> <span class='ocrx_word' id='word_1_653' title='bbox 3493 4032 3579 4088; x_wconf 80' lang='lat' dir='ltr'><strong>aut.</strong></span> <span class='ocrx_word' id='word_1_654' title='bbox 3601 4038 3716 4088; x_wconf 73' lang='lat' dir='ltr'><strong>vox,</strong></span> 
     </span>
    </p>
   </div>
   <div class='ocr_carea' id='block_1_87' title="bbox 2128 4084 3718 4159">
    <p class='ocr_par' dir='ltr' id='par_1_87' title="bbox 2128 4084 3718 4159">
     <span class='ocr_line' id='line_1_87' title="bbox 2128 4084 3718 4159; baseline -0.012 -8"><span class='ocrx_word' id='word_1_655' title='bbox 2128 4084 2444 4158; x_wconf 58' lang='grc' dir='ltr'><strong>ἆᾶεἷὴξᾶἰιι</strong></span> <span class='ocrx_word' id='word_1_656' title='bbox 2466 4093 2810 4159; x_wconf 75' lang='lat' dir='ltr'><strong>virgulainter</strong></span> <span class='ocrx_word' id='word_1_657' title='bbox 2831 4092 3020 4142; x_wconf 76' lang='lat' dir='ltr'><strong>cedem</strong></span> <span class='ocrx_word' id='word_1_658' title='bbox 3044 4086 3337 4159; x_wconf 45' lang='lat' dir='ltr'><strong>etderobaal</strong></span> <span class='ocrx_word' id='word_1_659' title='bbox 3372 4084 3530 4158; x_wconf 69' lang='lat' dir='ltr'><strong>posita</strong></span> <span class='ocrx_word' id='word_1_660' title='bbox 3544 4084 3718 4159; x_wconf 65' lang='lat' dir='ltr'><strong>delea-</strong></span> 
     </span>
    </p>
   </div>
   <div class='ocr_carea' id='block_1_88' title="bbox 2131 4147 3721 4220">
    <p class='ocr_par' dir='ltr' id='par_1_88' title="bbox 2131 4147 3721 4220">
     <span class='ocr_line' id='line_1_88' title="bbox 2131 4147 3721 4220; baseline -0.011 -8"><span class='ocrx_word' id='word_1_661' title='bbox 2131 4147 2441 4212; x_wconf 19' lang='lat' dir='ltr'><strong>tur‘uecesse</strong></span> <span class='ocrx_word' id='word_1_662' title='bbox 2464 4147 2587 4220; x_wconf 58' lang='lat' dir='ltr'><strong>est&quot;;</strong></span> <span class='ocrx_word' id='word_1_663' title='bbox 2628 4154 2817 4220; x_wconf 80' lang='lat' dir='ltr'><strong>virgula</strong></span> <span class='ocrx_word' id='word_1_664' title='bbox 2837 4160 3005 4205; x_wconf 84' lang='lat' dir='ltr'><strong>autem</strong></span> <span class='ocrx_word' id='word_1_665' title='bbox 3035 4149 3205 4220; x_wconf 69' lang='lat' dir='ltr'><strong>deleta</strong></span> <span class='ocrx_word' id='word_1_666' title='bbox 3227 4183 3243 4199; x_wconf 89' lang='lat'><strong>.</strong></span> <span class='ocrx_word' id='word_1_667' title='bbox 3270 4147 3385 4220; x_wconf 61' lang='lat' dir='ltr'><strong>duo</strong></span> <span class='ocrx_word' id='word_1_668' title='bbox 3405 4148 3597 4220; x_wconf 73' lang='lat' dir='ltr'><strong>nomina</strong></span> <span class='ocrx_word' id='word_1_669' title='bbox 3630 4158 3721 4196; x_wconf 83' lang='lat' dir='ltr'><strong>stt-</strong></span> 
     </span>
    </p>
   </div>
   <div class='ocr_carea' id='block_1_89' title="bbox 2129 4209 3493 4285">
    <p class='ocr_par' dir='ltr' id='par_1_89' title="bbox 2129 4209 3493 4285">
     <span class='ocr_line' id='line_1_89' title="bbox 2129 4209 3493 4285; baseline -0.011 -12"><span class='ocrx_word' id='word_1_670' title='bbox 2129 4209 2325 4274; x_wconf 76' lang='lat' dir='ltr'><strong>mentur</strong></span> <span class='ocrx_word' id='word_1_671' title='bbox 2347 4219 2637 4285; x_wconf 77' lang='lat' dir='ltr'><strong>conjunctim</strong></span> <span class='ocrx_word' id='word_1_672' title='bbox 2658 4209 2807 4268; x_wconf 64' lang='lat' dir='ltr'><strong>utinm</strong></span> <span class='ocrx_word' id='word_1_673' title='bbox 2830 4223 2883 4267; x_wconf 87' lang='lat' dir='ltr'><strong>et</strong></span> <span class='ocrx_word' id='word_1_674' title='bbox 2907 4213 3135 4266; x_wconf 87' lang='lat' dir='ltr'><strong>eumdem</strong></span> <span class='ocrx_word' id='word_1_675' title='bbox 3156 4209 3493 4275; x_wconf 77' lang='lat' dir='ltr'><strong>signiﬁcantia.</strong></span> 
     </span>
    </p>
   </div>
  </div>
