4082 6212
364 172 466 230 515

358 289 645 361 ἀκάθαρτα
698 293 792 347 καὶ
832 295 1001 367 ἐναγῆ
1044 298 1138 351 καὶ
1186 295 1416 366 βδελυρὰ
1446 294 1948 367 ταπεινοφροσύνης

360 373 630 445 ἀπούσης.
672 377 953 448 [Ιανταχοῦ
1006 379 1183 433 τοίνυν
1206 378 1373 448 αὐτὴν
1403 379 1943 450 παραλαμϐάνωμεν,

360 459 419 510 ἐν
454 460 709 530 ῥήμασιν,
749 462 806 513 ἐν
837 463 1180 534 πράγμασιν,
1209 465 1266 515 ἐν
1296 461 1664 534 ἐνθυμήμασι,
1700 464 1793 516 καὶ
1810 464 1947 534 μετὰ

357 542 560 612 ταύτης
577 543 748 598 ταῦτα
769 545 1158 617 οίκοδομῶμεν.
1270 600 1274 605 ,

426 632 495 693 γ’.
528 626 686 680 Ἀλλά
712 627 780 680 τά
803 630 899 699 μὲν
924 645 987 682 πε
998 631 1050 700 ρὶ
1067 630 1564 702 ταπεινοφροσύνης
1580 628 1776 691 ἱκανῶς
1800 627 1948 700 εἴρη-

356 724 465 768 ται,
486 710 545 762 οὐ
576 710 711 780 πρὸς
734 712 834 782 τὴν
854 712 1012 780 ἀξίαν
1032 715 1124 767 τοῦ
1150 714 1574 786 κατορθώματος
1598 731 1611 744 ·
1645 713 1817 775 οὐδεὶς
1838 712 1947 783 γὰρ

298 855 307 869 η
357 788 526 862 αὐτὴν
554 794 675 845 κατ’
705 794 861 861 ἀξίαν
888 795 1126 867 ὑμνῆσαι
1158 798 1444 867 δυνήσεται
1472 816 1484 826 ·
1514 796 1649 850 ἀλλὰ
1692 796 1827 866 πρὸς
1847 796 1946 866 τὴν

298 884 305 889 ’
359 872 572 928 σύνεσιν
598 876 697 947 τῆς
718 878 989 950 ὑμετέρας
1012 881 1249 952 ἀγάπης.
1269 877 1338 934 Εὖ
1361 881 1468 951 γὰρ
1494 876 1687 935 οἷδ’δτι
1714 881 1808 933 καὶ
1839 879 1948 934 ἀπὸ

354 955 551 1025 ὀλίγων
570 959 677 1013 τῶν
737 963 1040 1033 εἰρημένων
1092 965 1229 1034 μετά
1269 964 1470 1034 πολλῆς
1502 964 1670 1035 αὐτὴν
1715 964 1947 1017 ἐπισπά-

357 1040 514 1092 σεσθε
545 1042 641 1112 τῆς
661 1046 917 1115 σπουδῆς.
962 1046 1179 1117 Ἐπειδὴ
1232 1046 1289 1099 δὲ
1323 1047 1536 1118 ἀνάγκη
1569 1049 1663 1100 καὶ
1682 1046 1780 1117 τὴν
1808 1048 1946 1100 ἀπο-

357 1121 604 1195 στολικὴν
639 1125 798 1196 ῥῆσιν
827 1128 924 1199 τὴν
955 1130 1195 1200 σήμερον
1228 1129 1691 1198 ἀναγνωσθεῖσαν,
1734 1129 1948 1193 πολλοῖς

351 1204 614 1260 δοκοῦσαν
638 1210 895 1281 παρέχειν
938 1210 1210 1283 ῥᾳθυμίας
1258 1212 1560 1285 πρόφασιν,
1590 1215 1813 1284 ποιῆσαι
1843 1231 1947 1282 φα·

353 1288 517 1358 νερὰν
554 1290 647 1344 καὶ
687 1292 874 1363 δήλην,
915 1292 1056 1347 ὥστε
1108 1294 1182 1366 μὴ
1220 1296 1433 1369 ψυχράν
1478 1314 1596 1350 τινα
1653 1294 1946 1365 ἀπολογίαν

353 1370 602 1426 ἐντεῦθέν
625 1391 775 1439 τινας
805 1376 1195 1448 ποριζομένους
1234 1379 1336 1450 τῆς
1367 1380 1574 1443 οἰκείας
1598 1378 1821 1449 ἀμελεῖν
1843 1394 1949 1431 σω-

353 1454 570 1534 τηρίας,
602 1457 754 1527 φέρε,
808 1460 900 1513 ἐπὶ
933 1459 1136 1531 ταύτην
1166 1462 1258 1515 τὸν
1298 1462 1454 1531 λόγον
1491 1462 1810 1534 ἀγάγωμεν.
1851 1461 1948 1525 Τίς

350 1530 445 1588 οὖν
466 1538 611 1591 ἐστιν
634 1540 882 1613 “ﬂung;
918 1539 1054 1597 Εἴτε
1086 1530 1406 1614 προφάσει,
1435 1530 1625 1617 φησὶν,
1649 1530 1769 1599 sits
1794 1546 1945 1612 ἀληο

352 1620 481 1687 θείᾳ
511 1623 766 1691 Χριστὸς
793 1628 1280 1698 καταγγέλλεται.
1313 1629 1484 1683 Τοῦτο
1508 1630 1691 1684 πολλοὶ
1716 1629 1945 1701 περιφέ-

355 1718 538 1772 ρουσιν
564 1706 749 1771 ἁπλῶς
777 1710 871 1763 καὶ
919 1710 996 1774 ὡς
1040 1710 1250 1782 ἔτυχεν,
1284 1713 1345 1767 οὐ
1373 1715 1443 1766 τὰ
1486 1714 1749 1785 πρότερα,
1787 1714 1848 1766 οὐ
1878 1713 1948 1766 τά

354 1785 494 1855 μετὰ
524 1788 697 1843 ταῦτα
739 1793 1232 1861 ἀναγινώσκοντεςο
1271 1796 1407 1850 ἀλλά
1466 1798 1566 1867 τῆς
1622 1796 1948 1860 ἀκολουθίας

350 1868 459 1925 τῶν
482 1871 684 1929 λοιπῶν
714 1875 1088 1947 ἀποκόψαντες
1122 1879 1298 1949 μελῶν
1340 1881 1424 1934 ἐπ’
1449 1879 1656 1951 ὀλέθρῳ
1684 1880 1783 1951 τῆς
1826 1881 1950 1934 ἐαυ-

349 1952 462 2007 τῶν
511 1955 689 2029 ψυχῆς
738 1961 849 2023 τοῖς
905 1961 1297 2034 ρᾳθυμοτέροις
1350 1963 1767 2035 προϐάλλονται.
1809 1964 1949 2018 Ἐπι-

351 2037 663 2118 χειροῦντες
690 2040 799 2110 γὰρ
831 2045 1029 2108 αὐτοὺς
1063 2047 1162 2118 τῆς
1192 2045 1379 2114 ὑγιοῦς
1425 2047 1659 2117 ἀπάγειν
1689 2047 1945 2112 πίστεως,

350 2115 469 2173 εἶτα
514 2122 750 2193 ὁρῶντες
811 2115 1128 2193 δεδοικότας
1180 2130 1274 2184 καὶ
1324 2115 1628 2200 τρέμοντας
1654 2172 1669 2197 ,
1718 2131 1794 2194 ὡς
1846 2131 1947 2184 οὐκ

351 2201 632 2285 ἀκίνδυνον
687 2206 747 2259 ὃν
795 2208 956 2264 τοῦτο
991 2214 1185 2279 ποιεῖν,
1217 2214 1310 2267 καὶ
1362 2212 1679 2285 βουλόμενοι
1717 2213 1809 2268 τὸν
1854 2213 1950 2283 φόο

350 2282 445 2338 ϐον
481 2287 663 2342 αὐτῶν
701 2290 949 2361 ἐκλῦσαι,
989 2295 1087 2365 τὴν
1125 2282 1489 2366 ἀποστολικὴν
1529 2282 1750 2368 *ταύτην
1803 2312 1949 2367 παρ-

351 2368 573 2453 άγουσιν
592 2373 771 2444 ῥῆσιν,
799 2374 1068 2446 λέγοντες·
1093 2380 1152 2433 '0
1170 2379 1381 2444 Παῦλος
1404 2380 1749 2453 συνεχώρησε
1767 2380 1944 2446 τοῦτο,

353 2451 524 2507 εἰπών
549 2470 563 2486 σ
603 2457 741 2511 Εἴτε
769 2460 1088 2530 προφάσει,
1114 2463 1235 2517 εἴτε
1259 2463 1512 2533 ἀληθεία
1538 2451 1796 2532 Χριστὸς
1820 2481 1949 2517 κατ-

352 2537 723 2606 αγγελλέσθω.
758 2542 898 2598 Ἀλλ’
923 2546 1024 2600 οὐκ
1067 2547 1183 2600 ἔστι
1202 2547 1399 2610 ταῦτα,
1431 2548 1530 2601 οὐκ
1555 2546 1692 2600 ἐστι.
1722 2546 1946 2619 Πρῶτον

356 2620 457 2690 μὲν
483 2621 593 2694 γὰρ
617 2625 716 2679 οὐκ
755 2627 966 2698 εἴρηκε,
1002 2630 1479 2700 καταγγελλέσθω,
1518 2630 1672 2696 ἀλλὰ,
1728 2646 1946 2700 καταγ-

352 2705 630 2772 γέλλεται
649 2724 664 2738 ·
696 2708 832 2762 πολὺ
860 2710 916 2764 δέ
945 2712 1008 2765 τὸ
1039 2713 1205 2783 μέσον
1229 2713 1423 2767 τούτου
1455 2715 1728 2769 κάκείνου.
1752 2713 1825 2767 Τὸ
1847 2713 1947 2783 μὲν

351 2786 462 2858 γάρ
515 2789 724 2856 είπεῖν,
770 2794 1258 2863 καταγγελλέσθω,
1315 2796 1732 2868 νομοθετοῦντός
1788 2799 1945 2850 ἐστι·

350 2869 413 2921 τὺ
439 2870 495 2923 δέ
533 2873 727 2937 εἰπεῖν,
794 2878 1286 2947 καταγγέλλεται,
1333 2880 1393 2933 τὸ
1438 2880 1734 2948 συμϐαῖνον
1766 2881 1949 2948 ἀπαγ-

351 2952 654 3019 γέλλοντος.
699 2958 822 3013 ’Ότι
849 2961 906 3014 δέ
949 2963 1010 3015 οὐ
1055 2963 1333 3034 νομοθετεῖ
1360 2963 1569 3028 Παῦλος
1603 2963 1840 3035 αἱρέσεις
1866 2958 1946 3016 εἶ-

354 3052 464 3100 ναι,
520 3039 658 3094 ἀλλά
711 3042 914 3113 ἀπάγει
954 3046 1161 3110 πάντας
1202 3048 1329 3110 τοὺς
1368 3046 1516 3118 αὐτῷ
1557 3048 1944 3119 προσέχονταῗ.

353 3121 587 3179 ἄκουσον
607 3126 660 3180 τί
688 3145 853 3201 φησιν
874 3148 887 3162 ·
916 3131 990 3184 ΕΖ
1021 3149 1111 3198 τις
1147 3128 1301 3201 ὑμᾶς
1344 3130 1784 3202 εὐαγγελίζεται
1809 3138 1945 3201 παρ’

353 3203 386 3256 ὃ
416 3210 801 3279 παρελάϐετε,
822 3212 1089 3284 ἀνάθεμα
1121 3214 1297 3279 ἔστω,
1329 3214 1443 3269 κᾶν
1470 3216 1604 3285 ἐγὼ,
1626 3216 1734 3269 κᾶν
1773 3215 1946 3286 ἀγγε-

351 3292 464 3355 λος
490 3290 559 3356 ἐξ
598 3295 886 3362 οὐρανῶν.
919 3298 1032 3351 Οὐκ
1063 3297 1129 3352 ἂν
1154 3298 1210 3351 δὲ
1241 3298 1599 3369 ἀνεθεμάτισε
1638 3301 1734 3353 καὶ
1756 3299 1946 3357 ἐαυτὸν

353 3373 449 3425 καὶ
470 3374 720 3443 ἄγγελον,
745 3380 873 3433 εἰτὸ
899 3382 1127 3451 πρᾶγμα.
1155 3382 1434 3436 ἀκίνδυνον
1456 3382 1593 3452 ᾔδει.
1628 3380 1733 3436 Καὶ
1761 3382 1945 3449 πάλιν,

353 3455 528 3521 Ζηλῶ
586 3459 696 3529 γὰρ
738 3461 897 3531 ὑμᾶς
931 3464 1079 3517 Θεοῦ
1125 3461 1301 3530 ζήλῳ,
1347 3466 1544 3535 φησίν·
1585 3464 1947 3535 ἡρμοσάμην

352 3535 464 3605 γὰρ
490 3538 646 3606 ὑμᾶς
672 3541 762 3593 ἐνὶ
795 3543 964 3612 ἀνδρὶ
988 3546 1288 3612 παρθένον
1311 3546 1523 3616 ἁγνήν.
1551 3548 1849 3617 Φοϐοῦμαι
1877 3548 1947 3602 δέ

347 3619 581 3689 μήποτε
601 3624 679 3689 ὡς
700 3626 732 3677 ό
753 3623 885 3694 ὄφις
908 3628 1071 3681 Εὕαν
1087 3629 1402 3696 ἠπάτησεν
1425 3630 1495 3684 ἐν
1510 3628 1583 3699 τῇ
1612 3631 1948 3701 πανουργίᾳ

352 3705 561 3771 αὐτοῦ,
612 3706 765 3761 οὕτω
800 3709 999 3778 φθαρῇ
1032 3712 1107 3765 τὰ
1154 3710 1428 3782 νοήματα
1471 3714 1641 3784 ὑμῶν
1673 3713 1792 3769 ἀπὸ
1833 3715 1946 3784 τῆς

352 3785 696 3869 ψιλότητος
725 3789 831 3860 τῆς
858 3794 944 3859 εις
974 3794 1081 3847 τάν
1104 3797 1381 3864 Χριστόν.
1400 3796 1531 3850 Ἰδοὺ
1552 3797 1644 3851 καὶ
1665 3796 1945 3869 ἁπλότητα

352 3868 584 3937 τέθεικε,
620 3875 715 3927 καὶ
739 3875 1068 3948 συγγνώμην
1092 3880 1192 3931 οὐκ
1222 3878 1443 3933 ἔδωκεν.
1479 3882 1543 3933 Et
1580 3881 1686 3952 γὰρ
1710 3876 1779 3953 ἦν
1811 3868 1944 3951 συγ-

350 3954 564 4037 γνώμη,
623 3956 867 4023 κίνδυνος
904 3962 1004 4014 οὐκ
1051 3958 1147 4036 ἦν·
1184 3964 1232 4016 εί
1265 3962 1323 4017 δὲ
1345 3963 1583 4028 κίνδυνος
1611 3965 1712 4018 οὐκ
1733 3961 1820 4037 ἦν,
1846 3966 1945 4018 οὐκ

353 4039 420 4090 ἂν
447 4034 690 4112 ἐφοϐήθη
716 4043 963 4107 Παῦλος·
987 4034 1085 4098 και
1110 4046 1208 4115 οὐχ
1235 4047 1263 4096 6
1293 4046 1527 4116 Χριστὸς
1550 4047 1605 4099 δι
1635 4049 1702 4101 τὰ
1732 4034 1944 4113 ζιζάνια

351 4123 455 4176 κᾶν
479 4124 732 4179 ἐκέλευσε
765 4138 793 4167 ι
818 4129 1186 4199 κατακαῆναι,
1213 4131 1261 4183 εί
1299 4132 1529 4201 πρᾶγμα
1554 4131 1846 4204 ἀδιάφορον
1876 4130 1944 4204 ἦν

349 4208 445 4261 καὶ
471 4208 675 4281 τούτῳ,
705 4211 962 4283 κάκείνῳ,
992 4213 1086 4267 καὶ
1117 4213 1288 4285 ἑτέρῳ
1316 4215 1628 4286 προσέχειν,
1646 4217 1737 4270 καὶ
1779 4220 1943 4272 πᾶσιν

352 4290 559 4356 ἁπλῶς.

422 4374 485 4429 δ’.
514 4376 579 4430 Τί
635 4378 754 4432 ποτ’
783 4375 876 4434 οὖν
904 4381 1021 4435 ἐστι
1044 4382 1104 4436 τὸ
1137 4382 1461 4453 λεγόμενον;
1493 4382 1705 4453 Μικρὸν
1738 4383 1945 4438 ἀνωθεν

353 4460 481 4528 ὑμῖν
521 4460 619 4532 τὴν
655 4463 893 4535 ἱστορίαν
951 4464 1168 4519 ἃπασαν
1222 4464 1586 4537 διηγήσασθαι
1641 4465 1937 4537 βούλομαι’

352 4544 433 4596 δεῖ
475 4545 584 4615 γὰρ
635 4545 832 4600 εἰδέναι
884 4550 940 4601 ἐν
967 4550 1109 4602 τίσιν
1137 4551 1166 4603 6
1198 4549 1409 4615 Παῦλος
1447 4544 1536 4621 ἦν,
1566 4551 1730 4620 ἡνίκα
1768 4549 1941 4604 ταῦτα

356 4624 693 4680 ἐπέστελλεν.
721 4630 809 4681 Ἐν
830 4629 939 4683 τίσι
968 4630 1147 4684 τοίνυν
1170 4627 1237 4705 ἦν
1255 4633 1374 4687 τότε
1397 4650 1411 4698 ;
1448 4632 1538 4686 Ἐν
1578 4633 1939 4705 δεσμωτηρίῳ

359 4707 610 4781 [505]καὶ
631 4709 957 4766 ἀλύσεσικαὶ
976 4713 1238 4779 κινδύνοις
1261 4715 1572 4786 ἀφορήτοις.
1594 4715 1765 4770 Πόθεν
1794 4716 1941 4771 τοῦτο

356 4791 544 4864 δῆλον;
572 4792 662 4859 Ἐξ
689 4795 857 4866 αὐτῆς
883 4796 984 4865 τῆς
1001 4797 1305 4870 ἐπιστολῆς.
1335 4798 1615 4869 ’Λνωτέρω
1628 4801 1734 4871 γὰρ
1748 4800 1940 4853 τούτου

360 4876 493 4946 φησι
515 4894 529 4908 ⁸
561 4877 893 4932 Γινώσκειν
919 4879 986 4932 δὲ
1016 4881 1169 4950 ὑμᾶς
1190 4882 1511 4951 βούλομαι,
1552 4882 1824 4952 ἀδελφοὶ,
1853 4882 1942 4936 ὅτι

358 4960 432 5013 τὰ
458 4960 582 5014 κατ’
605 4960 712 5031 ἐμὲ
723 4959 963 5030 μᾶλλον
985 4966 1072 5029 εἰς
1097 4964 1413 5033 προκοπὴν
1436 4965 1543 5018 τοῦ
1572 4967 1941 5035 Εὐαγγελίου

356 5042 680 5109 ἐλήλυθεν,
721 5044 877 5099 ὥστε
915 5046 1058 5112 τοὺς
1097 5046 1354 5117 δεσμούς
1390 5066 1508 5116 μου
1539 5049 1835 5118 φανεροὺς
1871 5050 1942 5103 ἐν

358 5127 589 5196 Χριστῷ
603 5128 877 5199 γενέσθαι
902 5130 970 5183 ἐν
985 5129 1104 5196 ὅλῳ
1122 5130 1199 5197 τῷ
1210 5134 1554 5201 πραιτωρίῳ,
1569 5135 1662 5187 καὶ
1683 5134 1807 5200 τοῖς
1826 5139 1942 5188 λοι·

359 5213 496 5280 ποῒς
517 5214 726 5270 ἅπασα
744 5214 998 5282 καὶτοὺς
1020 5217 1306 5284 πλείονας
1330 5217 1398 5270 δὲ
1416 5216 1533 5271 τῶν
1555 5216 1832 5287 ἀδελφῶν
1847 5232 1941 5272 πε-

358 5298 640 5365 ποιθότας
668 5297 793 5365 τοῖς
838 5300 1081 5370 δεσμοῖς
1103 5319 1222 5370 μου
1246 5300 1686 5371 περισσοτέρως
1714 5301 1943 5372 τολμᾷν

356 5380 593 5448 ἀφόϐως
622 5383 730 5437 τόν
754 5383 941 5453 λόγον
975 5385 1207 5441 λαλεῖν.
1242 5387 1431 5457 Νέρων
1461 5386 1515 5440 δέ
1544 5383 1611 5458 ἦν
1647 5386 1808 5442 αὐτὸν
1845 5389 1941 5456 ἐμ-

359 5461 639 5535 ϐνϐληκὼς
674 5467 795 5522 τότε
865 5468 944 5540 τῷ
988 5470 1364 5544 δεσμωτηρίῳ.
1418 5470 1693 5543 Καθάπερ,
1725 5468 1833 5541 γάρ
1859 5486 1944 5533 τις

362 5637 412 5686 ὶε
415 5576 516 5689 ⁵σὲ
522 5592 612 5629 nus
641 5594 731 5632 ms.
753 5581 846 5632 748
871 5583 952 5631 καὶ
976 5584 1002 5633 6
1037 5584 1242 5648 Χριστὸς
1273 5586 1325 5634 δέ
1358 5584 1418 5633 τὰ
1441 5583 1617 5641 ζιζάνια
1644 5582 1731 5631 οὐκ
1749 5582 1804 5629 ἂν
1836 5581 1943 5630 ἐκέ·

1079 182 1138 241 S.
1174 182 1452 241 JOANNIS
1488 178 1980 237 CHRYSOSTOM
2018 178 2337 236 ARCHIEP.
2376 175 2927 235 CONS'I'ANTINOP.

3516 178 3628 234 5H

2046 292 2254 365 λῃστὴς
2292 294 2391 366 τῆς
2441 294 2621 357 οἰκίας
2670 294 2885 358 ἐπιϐὰς,
2941 291 3311 348 καθευδόντων
3361 295 3643 359 ἁπάντων,

2047 383 2118 431 τὰ
2177 378 2354 432 πάντα
2413 378 2832 452 ὑφαιρούμενος,
2875 378 3094 432 ἐπειδὰν
3151 380 3236 453 ἴδῃ
3289 378 3410 433 τινὰ
3445 378 3648 449 λύχνον

2049 463 2285 529 ἄφαντα,
2310 463 2405 515 καὶ
2422 462 2481 515 τὸ
2513 461 2629 532 φῶς
2654 462 2922 523 σϐέννυσι,
2944 461 3150 515 καὶτὸν
3171 457 3460 533 λυχνοῦχον
3487 477 3649 517 αναι-

2050 548 2153 617 ρεῖ,
2188 545 2276 599 ἴνα
2301 544 2438 617 μετά
2472 545 2659 609 ἀδείας
2679 543 2826 615 αὐτῷ
2854 543 2923 597 τὰ
2953 544 3063 596 τῶν
3093 544 3268 598 ἄλλων
3291 545 3645 617 ὑφαιρεῖσθαι

2048 629 2142 681 καὶ
2174 627 2440 701 ἁρπάζειν
2471 627 2563 698 ἐξῇ
2588 643 2600 654 ’
2624 625 2767 680 οὕτω
2791 627 2855 698 δὴ
2879 628 2973 680 καὶ
2995 628 3186 699 Νέρων
3210 630 3238 681 6
3259 630 3475 700 Καῖσαρ
3494 629 3644 694 τότε,

2048 710 2332 783 ὦσπερτις
2355 711 2557 782 λῃστὴς
2578 712 2673 765 καὶ
2688 710 3038 782 τοιχωρύχος,
3066 711 3434 765 καθευδόντων
3468 711 3649 765 ἀπάν-

2047 812 2155 849 των
2188 795 2355 866 βαθύν
2411 812 2530 849 τινα
2569 794 2665 847 καὶ
2688 794 3009 864 ἀναίσθητον
3059 794 3247 860 ὕπνον,
3294 795 3364 848 τὰ
3424 795 3649 850 πάντων

2049 878 2332 950 ἁρπάζων,
2359 879 2569 950 γάμους
2586 876 2902 949 διορύττων,
2922 878 3099 943 οἰκίας
3133 879 3475 950 ἀνατρέπων,
3494 880 3648 932 ἅπαν

2047 962 2248 1027 κακίας
2281 958 2421 1026 εἶδος
2452 962 2916 1032 ἐπιδεικνύμενος,
2960 961 3148 1033 ἐπειδὴ
3180 963 3272 1015 τὸν
3299 962 3510 1016 Παῦλον
3534 957 3648 1014 εἶδε

2046 1043 2239 1115 λύχνον
2297 1045 2511 1115 ἀψαντα
2545 1044 2686 1098 κατὰ
2734 1043 2833 1116 τὴν
2867 1045 3212 1116 οἰκουμένην,
3253 1045 3343 1101 τὸν
3372 1047 3467 1116 τῆς
3496 1044 3646 1098 διδα-

2049 1128 2273 1192 σκαλίας
2305 1128 2482 1197 λόγον,
2542 1129 2637 1181 καὶ
2690 1128 2981 1198 ἐλέγχοντα
3022 1128 3183 1181 αὐτοῦ
3218 1127 3314 1200 τὴν
3349 1130 3641 1199 πονηρίαν,

2046 1210 2344 1275 ἐσπούδαζε
2368 1212 2464 1264 καὶ
2488 1210 2549 1264 τὸ
2570 1213 2835 1283 κήρυγμα
2880 1210 3093 1272 σϐέσαι,
3127 1213 3222 1264 καὶ
3263 1211 3354 1263 τὸν
3382 1210 3643 1265 διδάσκαο

2046 1292 2136 1347 λον
2189 1294 2416 1361 ἀνελεῖν,
2465 1295 2550 1347 ἵνα
2607 1295 2724 1364 μετ’
2772 1292 3018 1359 ἐξουσίας
3059 1294 3209 1363 αὐτῴ
3239 1293 3416 1347 πάντα
3467 1296 3644 1346 ποιεῖν

2046 1377 2264 1450 ἐξῇ,καὶ
2286 1378 2452 1449 δήσας
2476 1377 2564 1431 τὸν
2596 1379 2750 1447 ἆγιον
2768 1380 2970 1432 ἐκεῖνον
2995 1377 3248 1431 ἐνέϐαλεν
3267 1378 3346 1440 είς
3363 1377 3645 1447 δεσμωτή-

2050 1478 2182 1533 ριον.
2219 1462 2350 1515 Τότε
2383 1462 2562 1516 τοίνυν
2587 1463 2757 1515 ταῦτα
2782 1460 3019 1532 ἔγραφεν
3048 1464 3075 1515 6
3104 1461 3371 1532 μακάριος
3404 1459 3637 1520 Παῦλος.

2118 1546 2214 1609 Τίς
2234 1547 2334 1599 οὐκ
2371 1545 2436 1599 ἂν
2461 1544 2795 1616 ἐκπλαγείη;
2825 1545 2908 1608 τίς
2936 1545 3034 1597 οὐκ
3056 1543 3120 1597 ἂν
3150 1544 3475 1616 θαυμάσειε;
3501 1545 3640 1614 μᾶλ-

2046 1629 2134 1683 λον
2158 1629 2213 1682 δέ
2236 1628 2319 1694 τίς
2345 1631 2461 1682 κατ’
2498 1629 2654 1693 ἀξίαν
2697 1626 2999 1697 ἐκπλαγείη
3057 1628 3152 1682 καὶ
3194 1628 3527 1698 θαυμάσειεν
3572 1625 3642 1679 ἂν

2046 1712 2143 1784 τὴν
2178 1713 2427 1781 γενναίαν
2462 1712 2676 1782 ἐκείνην
2710 1710 2804 1765 καὶ
2819 1711 3170 1781 οὐρανομήκη
3202 1712 3401 1783 ψυχὴν,
3439 1709 3521 1763 ὅτι
3554 1709 3641 1762 δε⁸

2045 1794 2268 1865 δεμένος
2313 1796 2370 1848 ἐν
2425 1794 2612 1866 Ῥώμῃ
2640 1794 2731 1849 καὶ
2782 1794 3197 1866 καθειργμένος,
3247 1794 3354 1847 ἀπὸ
3384 1792 3639 1848 τοσούτου

2046 1877 2414 1949 διαστήματος
2427 1877 2810 1948 Φιλιππησίοις
2828 1878 3146 1931 ἐπέστελλεν
3170 1895 3184 1943 ;
3215 1877 3358 1931 Ἰστε
3381 1876 3491 1948 γὰρ
3514 1877 3641 1929 ὅσον

2044 1961 2106 2014 τὸ
2165 1962 2328 2032 μέσον
2372 1960 2713 2024 Μακεδονίας
2763 1961 2855 2014 καὶ
2895 1960 3131 2033 Ῥώμης.
3197 1960 3335 2013 Ἀλλ’
3377 1958 3500 2013 οὐτε
3540 1959 3640 2026 τῆς

2045 2046 2165 2100 ὁδοῦ
2198 2046 2258 2099 τὸ
2284 2047 2478 2117 μῆκος,
2504 2044 2629 2099 οὕτε
2656 2045 2748 2098 τοῦ
2774 2046 2965 2117 χρόνου
2991 2044 3052 2098 τὸ
3072 2044 3292 2116 πλῆθος,
3330 2042 3454 2097 οὐτε
3483 2046 3511 2097 6
3531 2042 3639 2096 τῶν

2047 2129 2389 2200 πραγμάτων
2437 2128 2614 2199 δχλος,
2651 2126 2774 2182 οὐτε
2801 2131 2827 2182 ό
2855 2128 3096 2192 κίνδυνος
3129 2127 3223 2182 καὶ
3251 2128 3319 2181 τὰ
3361 2126 3641 2196 ἐπάλληλα

2045 2211 2214 2276 δεινὰ,
2243 2211 2364 2265 οὔτε
2401 2212 2530 2267 ἄλλο
2587 2212 2740 2266 οὐδὲν
2778 2212 2877 2283 τὴν
2918 2211 3137 2284 ἀγάπην
3167 2213 3263 2266 καὶ
3288 2211 3387 2283 τὴν
3418 2212 3639 2282 μνήμην

2047 2294 2268 2361 ἐξέϐαλε
2288 2294 2396 2348 τῶν
2439 2294 2717 2366 μαθητῶν.
2749 2295 2862 2349 ἀλλ’
2905 2290 3049 2365 εἶχεν
3092 2294 3289 2358 αὐτοὺς
3314 2294 3557 2356 ἃπαντας
3582 2295 3642 2345 ἐν

2044 2376 2282 2450 διανοίᾳ⁸
2311 2379 2405 2432 κα)⁸
2433 2378 2531 2449 οὐχ
2562 2377 2735 2441 οὕτως
2761 2377 2910 2449 αὐτῷ
2940 2381 3059 2442 ταῖς
3097 2377 3347 2431 ἁλύσεσιν
3375 2377 3431 2445 αί
3456 2378 3643 2446 χεῖρες

2046 2460 2301 2525 ἐδέδεντο,
2332 2460 2409 2525 ὡς
2435 2460 2513 2532 τῷ
2545 2461 2697 2532 πόθῳ
2728 2460 2838 2516 τῶν
2892 2460 3152 2532 μαθητῶν
3185 2463 3218 2531 ὴ
3246 2461 3393 2531 ψυχὴ
3427 2458 3644 2513 συνεδέ-

2044 2542 2165 2597 δετο
2192 2544 2287 2597 καὶ
2312 2545 2632 2616 προσήλωτο
2651 2560 2663 2573 '
2684 2545 2823 2616 ὅπερ
2861 2541 2955 2599 οὖν
2987 2547 3081 2599 καλ⁸
3111 2544 3241 2598 αὐτὸ
3267 2542 3444 2614 δηλῶν
3466 2545 3524 2595 ἐν
3560 2540 3641 2612 τῷ

2047 2628 2429 2700 προοιμίῳτῆς
2470 2628 2756 2700 ἐπιστολῆς
2792 2628 2978 2699 ἔλεγε·
3012 2628 3114 2683 Διὰ
3141 2628 3210 2683 τὸ
3231 2629 3398 2699 ἔχειν
3446 2643 3524 2697 με
3570 2626 3642 2679 ἐν

2046 2711 2118 2782 τῇ
2149 2711 2364 2782 καρδίᾳ
2390 2729 2510 2782 μου
2542 2711 2720 2783 ὑμᾶς,
2752 2713 2824 2768 ἕν
2854 2731 2919 2768 τε
2946 2713 3070 2779 τοῖς
3097 2713 3342 2782 δεσμοῖς
3368 2729 3509 2782 μου,
3540 2709 3641 2764 και

2046 2796 2117 2849 ἐν
2140 2795 2215 2864 τῇ
2285 2797 2584 2867 ἀπολογίᾳ
2637 2796 2737 2850 καὶ
2762 2798 3084 2862 ,βεϐαιώσει
3106 2797 3214 2851 τοῦ
3242 2795 3634 2866 Εὐαγγελίου.

2047 2881 2157 2935 Καὶ
2177 2880 2426 2952 καθάπερ
2451 2878 2705 2950 βασιλεὺς
2738 2881 2830 2933 ἐπὶ
2848 2880 2939 2933 τὸν
2969 2880 3154 2950 θρόνον
3177 2878 3383 2943 ἀναϐὰς
3414 2877 3519 2932 ὐπὸ
3539 2877 3640 2949 τὴν

2046 2962 2120 3016 ἕω
2148 2965 2242 3017 καὶ
2294 2963 2523 3025 καθίσας
2567 2963 2627 3015 ἐν
2672 2964 2792 3027 ταῖς
2841 2963 3146 3033 βασιλικαῖς
3173 2961 3386 3025 αὐλαῖς,
3440 2960 3638 3032 μυρίας

2047 3045 2247 3109 εὐθέως
2278 3046 2496 3116 δέχεται
2525 3045 2863 3117 πανταχόθεν
2917 3045 3239 3108 ἐπιστολάς·
3272 3044 3416 3098 οῦτω
3438 3044 3502 3115 δὴ
3533 3043 3636 3097 κὰ-

2047 3131 2242 3193 κεῖνος,
2275 3130 2527 3201 καθάπερ
2561 3131 2618 3185 ἐν
2649 3128 2953 3200 βασιλικαῖς
2994 3130 3184 3193 αὐλαῖς
3247 3129 3324 3200 τῷ
3360 3128 3638 3199 δεσμωτη-

2051 3212 2151 3284 ρίῳ
2170 3212 2501 3289 καθήμενος,
2542 3214 2716 3286 πολλῷ
2739 3214 2909 3269 πλείω
2928 3215 3023 3269 καὶ
3039 3213 3248 3285 ἐδέχετο
3289 3213 3383 3267 καὶ
3422 3213 3636 3282 ἔπεμπε

2044 3296 2113 3349 τὰ
2137 3296 2613 3368 γράμματαδ,τῶν
2643 3298 2977 3369 πανταχόθεν
2999 3296 3167 3351 ἐθνῶν
3187 3297 3276 3349 ἐπὶ
3305 3295 3403 3367 τὴν
3427 3294 3637 3348 ἐκείνου

2047 3380 2239 3449 σοφίαν
2276 3381 2415 3452 ὑπὲρ
2444 3382 2551 3436 τῶν
2573 3382 2696 3435 καθ’
2719 3382 2942 3444 ἑαυτοὺς
2973 3379 3310 3451 πραγμάτων
3336 3377 3636 3448 ἀναφερόν-

2044 3479 2153 3515 των
2183 3462 2416 3517 ἅπαντα·
2455 3464 2550 3517 καὶ
2580 3462 2818 3532 τοσούτῳ
2847 3462 3066 3517 πλείονα
3091 3463 3384 3532 πράγματα
3406 3458 3501 3512 τοῦ
3535 3458 3634 3528 βα⁹

2045 3544 2346 3610 σιλεύοντος
2371 3541 2661 3617 ᾠκονόμει,
2691 3548 2801 3618 ὅσῳ
2817 3547 2910 3601 καὶ
2944 3547 3165 3617 μείζονα
3192 3545 3363 3615 ἀρχὴν
3392 3542 3631 3613 ἐμπεπί-

2045 3645 2253 3681 στευτο.
2287 3628 2361 3681 Οὐ
2390 3629 2500 3700 γὰρ
2527 3628 2591 3700 δὴ
2618 3628 2744 3693 τούς
2770 3630 2869 3702 τὴν
2904 3628 3188 3699 Ῥωμαίων
3210 3626 3488 3688 οἰκοῦντας
3518 3623 3632 3694 χὼ-

2047 3727 2146 3782 ραν
2183 3711 2364 3781 μόνον,
2414 3711 2550 3765 ἀλλὰ
2584 3712 2679 3765 καὶ
2728 3713 2852 3775 τοὺς
2902 3711 3207 3783 βαρϐάρους
3248 3709 3512 3775 ἅπαντας,
3539 3707 3634 3761 καὶ

2042 3793 2148 3863 γῆν
2176 3796 2269 3869 καὶ
2301 3793 2570 3849 θάλατταν
2604 3795 2783 3865 φέρων
2812 3796 2891 3858 εἰς
2919 3795 3017 3858 τὰς
3060 3794 3268 3847 ἐκείνου
3300 3794 3490 3863 χεῖρας
3545 3792 3634 3843 ἐν-

2043 3875 2238 3948 έθηκεν
2295 3878 2323 3928 ό
2371 3876 2651 3941 Θεός.Καὶ
2676 3876 2835 3931 τοῦτο
2870 3876 3043 3948 δηλῶν
3084 3876 3373 3947 Ῥωμαίοις
3417 3874 3629 3941 ἔλεγεν·

2046 3962 2129 4014 Οὐ
2163 3960 2315 4015 θέλω
2343 3960 2410 4015 δὲ
2434 3960 2589 4030 ὑμᾶς
2618 3960 2881 4031 ἀγνοεῖν,
2919 3960 3194 4028 ἀδελφοὶ,
3226 3958 3313 4012 ὅτι
3337 3955 3633 4022 πολλάκις

2041 4042 2241 4096 ἐλθεῖν
2265 4042 2602 4112 προεθέμην
2629 4042 2779 4111 πρὸς
2811 4038 2989 4112 ὑμᾶς,
3025 4041 3119 4094 καὶ
3152 4040 3469 4107 ἐκωλύθην
3496 4038 3631 4107 ἄχρι

2043 4125 2150 4179 τοῦ
2199 4126 2396 4193 δεῦρο,
2449 4126 2549 4178 ἵνα
2613 4124 2745 4178 τινὰ
2795 4126 3028 4193 καρπὸν
3076 4123 3207 4193 σχῶ
3242 4123 3339 4176 καὶ
3373 4120 3627 4191 ὲνὺμῖν,

2042 4209 2237 4275 καθὼς
2280 4208 2378 4262 καὶ
2415 4209 2485 4262 ἐν
2510 4206 2635 4274 τοῖς
2678 4208 2913 4275 λοιποῖς
2951 4208 3220 4261 ἔθνεσιν·
3254 4205 3521 4272 ’Ἕλλησί
3564 4219 3631 4257 τε

2042 4293 2137 4346 καὶ
2158 4293 2498 4362 βαρϐάροις,
2519 4292 2732 4360 σοφοῖς
2762 4309 2825 4345 τε
2848 4291 2943 4345 καὶ
2973 4289 3124 4363 [306]
3162 4288 3439 4355 ἀνοήτοις
3472 4288 3629 4356 ὀςρει⁹

2040 4375 2224 4444 λέτης
2245 4378 2380 4445 εἰμί.
2417 4375 2548 4428 Καθ’
2579 4376 2814 4446 ἑκάστην
2843 4376 3021 4428 τοίνυν
3052 4372 3336 4442 ἐφρόντιζε
3374 4371 3472 4441 τὴν
3491 4369 3628 4439 ἡμέ-

2043 4476 2164 4530 ραν,
2201 4459 2357 4512 τοῦτο
2390 4458 2453 4529 δὴ
2491 4457 2816 4529 Κορινθίοις,
2869 4456 3026 4509 τοῦτο
3058 4456 3123 4528 δὴ
3165 4454 3461 4515 Μακεδόσι,
3510 4450 3629 4515 πῶς

2039 4542 2409 4613 Φιλιππήσιοι,
2451 4541 2568 4603 πῶς
2621 4538 3006 4599 Καππαδόκαι,
3048 4536 3166 4601 πῶς
3204 4537 3459 4599 Γαλάται,
3510 4535 3627 4598 πῶς

2053 4625 2345 4697 Ἀθηναῖοι,
2378 4624 2496 4689 πῶς
2523 4624 2572 4677 οί
2598 4622 2691 4677 τὸν
2715 4622 2914 4675 Πόντον
2935 4620 3233 4688 οἰκοῦντες,
3250 4620 3365 4685 πῶς
3389 4619 3627 4682 ἅπαντες

2038 4707 2336 4779 ἄνθρωποι.
2383 4707 2519 4761 Ἀλλ’
2541 4705 2690 4776 ὅμως
2715 4704 2813 4776 τὴν
2846 4704 2952 4774 γῆν
2981 4706 3198 4758 ἅπασαν
3214 4699 3626 4773 ἐγκεχειρισμέ-

2038 4807 2127 4854 νος
2181 4792 2280 4861 οὐχ
2332 4790 2473 4860 ὑπὲρ
2523 4788 2693 4842 ἐθνῶν
2758 4787 3068 4859 ὁλοκλήρων
3115 4785 3384 4858 ἐμερίμνα
3442 4784 3622 4854 μόνον,

2044 4874 2170 4930 άλλά
2194 4876 2288 4929 καὶ
2319 4874 2460 4941 ὑπὲρ
2484 4872 2599 4936 ἐνὸς
2620 4870 2906 4943 ἀνθρώπου
2928 4889 2940 4901 ·
2976 4870 3070 4925 καὶ
3102 4869 3197 4926 νῦν
3237 4869 3335 4940 μὲν
3361 4867 3429 4922 δι’
3464 4867 3623 4935 ὀνηίγ

2044 4975 2198 5029 σιμον
2234 4960 2329 5028 τὴν
2366 4968 2388 4995 ε
2434 4956 2721 5027 ἐπιστολὴν
2771 4953 3005 5025 ἔπεμπε,
3034 4953 3130 5008 νῦν
3156 4953 3211 5006 δέ
3242 4952 3331 5006 διὰ
3356 4952 3448 5005 τὸν
3473 4950 3625 5022 παρὰ

2042 5040 2345 5111 Κορινθίοις
2371 5039 2799 5109 πεπορνευκότα.
2820 5037 2952 5091 Οὐδὲ
2970 5036 3076 5108 γὰρ
3099 5035 3254 5090 τοῦτο
3272 5035 3514 5098 ἐσκόπει,
3540 5034 3624 5086 ὄτι

2041 5121 2117 5188 εἷς
2149 5120 2258 5195 ἦνό
2289 5120 2570 5192 ἁμαρτὼν,
2597 5121 2692 5174 καὶ
2724 5121 2974 5191 δεόμενος
3001 5118 3334 5190 προστασίας
3356 5134 3370 5148 ο
3405 5115 3519 5169 ἀλλ’
3539 5116 3623 5169 ὅτι

2039 5207 2321 5278 ἄνθρωπος
2347 5201 2435 5277 ἦν,
2457 5204 2552 5257 ἄνθ
2563 5220 2740 5275 ρωπος
2765 5203 2826 5255 τὸ
2850 5203 2927 5273 τῷ
2949 5201 3068 5272 Θεῷ
3111 5200 3435 5272 τιμιώτατον
3460 5196 3620 5264 ζῶον,

2039 5292 2131 5344 καὶ
2180 5289 2247 5342 δι’
2289 5289 2349 5342 δν
2392 5287 2514 5341 οὐδὲ
2555 5285 2650 5339 τοῦ
2683 5282 3020 5353 Μονογενοῦς
3066 5285 3094 5337 6
3116 5282 3307 5352 Πατὴρ
3346 5281 3617 5350 ἐφείσατο.

2109 5381 2170 5429 ε’.
2192 5372 2284 5444 Μή
2312 5374 2420 5443 γάρ
2453 5388 2540 5442 μοι
2591 5368 2749 5422 τοῦτο
2777 5367 2958 5439 εἴπῃς,
2982 5368 3063 5420 ὅτι
3090 5366 3373 5436 Δραπέτης
3402 5364 3431 5416 6
3449 5364 3616 5427 δεῖνα,

2040 5459 2135 5513 καὶ
2162 5456 2364 5528 λῃστὴς
2400 5455 2495 5509 καὶ
2523 5453 2779 5521 κλέπτης,
2829 5451 2925 5503 καὶ
2966 5455 3175 5521 μυρίων
3202 5447 3388 5518 γέμων
3411 5445 3614 5513 κακῶν,

2101 5577 2132 5617 ιι
2162 5576 2295 5626 Unus
2317 5587 2406 5622 ms.
2443 5572 2622 5636 ἔπεμπε
2644 5570 2940 5636 συνεχῶς-τὰ
2970 5585 3043 5634 γρ.
3069 5567 3186 5625 Cod.
3232 5564 3328 5618 768
3373 5566 3575 5630 συχνῶς.

2108 5642 2131 5670 ⁸
2168 5640 2278 5691 Duo
2297 5649 2410 5686 mss.
2442 5632 2539 5698 μέν’
2555 5633 2798 5697 Ὀνησίμῳ
2821 5632 2922 5690 τήν.
