4082 6212
386 297 490 352 313

387 410 488 471 da.
528 404 860 463 exsecranda
899 412 954 459 et
995 398 1351 458 abominanda
1399 400 1617 454 absente
1668 398 1967 452 humilitate

395 507 540 552 sunt.
573 497 777 566 Ubique
823 495 982 563 igitur
1011 494 1153 548 illam
1200 492 1252 546 in
1285 491 1497 557 verbis,
1523 491 1574 543 in
1601 487 1884 559 operibus,
1917 486 1969 538 in

391 587 800 658 cogitationibus
838 597 1210 650 assumamus,
1255 590 1308 637 et
1350 597 1470 636 cum
1513 581 1600 635 illa
1647 581 1760 634 lucc
1806 575 1972 632 acditi-

391 692 594 732 CCIIlUS.

463 769 520 822 5.
556 767 749 821 Verum
777 764 846 820 de
867 763 1165 819 humilitate
1195 764 1309 818 lucc
1335 763 1464 818 satis
1490 769 1648 817 sunto
1671 802 1685 827 ,
1731 775 1834 814 non
1877 773 1975 828 pro

394 859 647 929 dignitate
677 857 790 920 rei;
823 871 983 910 nemo
1008 856 1204 926 quippe
1232 856 1375 909 illam
1414 853 1678 922 condigne
1705 851 1976 905 celebrare

403 949 600 1017 possit;
625 946 718 1002 sed
747 947 815 1003 ad
846 945 1249 1015 intelligentiam
1281 954 1470 998 vestrae
1491 942 1695 997 caritati
1725 939 1974 994 dandam.

398 1039 529 1095 Novi
571 1039 764 1108 quippe
787 1053 882 1092 vos
904 1053 966 1091 ex
1000 1039 1180 1106 paucis
1207 1035 1312 1090 illis
1333 1077 1345 1099 ,
1377 1051 1494 1104 qua:
1520 1033 1722 1103 prmlati
1753 1045 1938 1084 sumus
1958 1068 1975 1096 ,

399 1132 542 1187 illam
567 1133 734 1185 multo
761 1129 936 1184 studio
960 1129 1286 1198 suscepisse.
1327 1129 1459 1195 Quia
1491 1142 1619 1181 vero
1649 1137 1870 1179 necesse
1898 1129 1981 1176 est

400 1225 748 1293 apostolicum
778 1223 976 1277 dictum
1025 1222 1292 1275 holierna:
1320 1220 1562 1274 lectionis
1586 1260 1600 1283 ,
1630 1217 1768 1286 quod
1800 1213 1980 1269 multis

402 1314 608 1368 videtur
637 1314 876 1382 segnitiei
901 1314 1234 1368 occasionem
1256 1311 1513 1381 prmbere,
1546 1310 1755 1378 planum
1783 1306 1978 1373 facere,

404 1414 547 1458 utne
571 1404 784 1473 quidatn
805 1403 926 1458 inde
947 1403 1133 1473 frigida
1156 1411 1364 1472 sumpta
1392 1401 1733 1457 excusatione
1759 1399 1981 1452 salutem

404 1511 553 1549 suam
589 1496 899 1566 negligant:
940 1510 1039 1565 age
1088 1495 1180 1549 illo
1227 1508 1531 1548 sermonem
1578 1491 1980 1545 transferamus.

406 1587 680 1655 Quodnam
709 1598 790 1643 est
819 1587 1015 1642 dictum
1045 1586 1171 1641 illud
1192 1585 1216 1638 â€˜l
1241 1586 1362 1641 Sive
1395 1602 1484 1654 per
1525 1585 1832 1638 occasionem
1853 1623 1867 1646 ,
1899 1582 1984 1634 in-

406 1679 551 1747 quit,
603 1679 704 1733 sive
745 1696 832 1750 per
859 1680 1116 1732 veritatem
1140 1718 1156 1744 ,
1205 1677 1433 1733 Christus
1463 1677 1792 1730 annuntiatur
1829 1673 1986 1744 (Phi-

409 1777 536 1845 lipp.
570 1773 622 1828 1.
651 1772 761 1840 18).
792 1771 905 1825 Hoc
929 1770 1078 1824 multi
1109 1770 1424 1838 simpliciter
1449 1779 1502 1823 et
1531 1779 1730 1824 temere
1755 1767 1987 1821 cireum-

410 1865 616 1927 l'crunt,
652 1863 741 1932 qui
775 1877 871 1916 nec
904 1860 1080 1931 priora
1119 1875 1218 1915 nec
1260 1859 1535 1929 sequentia
1567 1860 1838 1928 legerunt;
1895 1856 1988 1910 sed

410 1962 608 2009 resecta
638 1953 966 2020 reliquorum
997 1951 1359 2006 membrorum
1387 1950 1524 2004 serie
1545 1991 1560 2017 ,
1605 1948 1654 2002 in
1692 1949 1987 2002 animarum

409 2061 623 2099 suarum
655 2045 940 2113 perniciem
975 2044 1087 2097 lucc
1123 2042 1458 2112 segnioribus
1497 2047 1815 2111 proponunt.
1858 2039 1988 2094 Nam

410 2135 534 2190 dum
565 2144 770 2189 tentant
792 2150 884 2189 eos
908 2150 935 2187 a
964 2150 1089 2188 sana
1125 2135 1225 2187 [ide
1251 2133 1550 2197 abducere,
1581 2131 1879 2202 deindeque
1909 2133 1989 2185 vi-

422 2229 550 2283 dent
569 2243 662 2283 eos
691 2227 1064 2282 formidolosus
1093 2241 1154 2278 ac
1186 2226 1470 2287 tremulos,
1503 2225 1650 2294 quasi
1679 2225 1729 2278 id
1758 2240 1861 2277 nou
1895 2240 1989 2278 va-

411 2329 498 2375 cet
524 2320 758 2388 periculo
788 2337 800 2373 :
833 2328 890 2372 ttt
931 2319 1173 2371 timorem
1200 2331 1386 2372 eorum
1425 2317 1666 2380 solvant,
1716 2315 1815 2369 hoc
1864 2329 1993 2383 apo-

413 2411 657 2464 stolicum
688 2409 964 2479 proferunt
1009 2407 1276 2470 dicentes,
1327 2407 1519 2460 Paulus
1563 2405 1664 2460 hoc
1700 2405 1992 2470 concessit,

416 2502 694 2570 inquiens,
738 2500 857 2553 Sive
896 2515 985 2570 per
1032 2500 1377 2561 occasionem,
1430 2496 1532 2548 sire
1578 2512 1665 2564 per
1708 2495 1994 2560 veritatem,

416 2597 646 2651 Christus
684 2595 1045 2649 annuntictur.
1076 2591 1180 2646 Sed
1209 2591 1321 2643 lure
1347 2605 1451 2644 non
1479 2590 1549 2642 ita
1577 2602 1634 2642 se
1653 2587 1872 2653 habent,
1890 2606 1998 2645 non

417 2691 484 2742 ita
512 2689 712 2758 utique.
747 2686 876 2740 Nam
907 2685 1078 2754 primo
1125 2699 1228 2736 non
1273 2682 1434 2746 dixit,
1475 2679 1837 2745 anuttntietur,
1877 2677 1994 2741 sed,

418 2781 778 2844 Annuntiatur,
806 2775 948 2847 quod
993 2775 1216 2829 multum
1244 2773 1420 2827 dill'ert
1449 2771 1647 2832 abillo.
1675 2769 1884 2824 Etenim
1913 2766 1998 2821 di-

417 2887 573 2935 cere,
623 2869 986 2926 annuntietur.
1041 2865 1210 2935 legem
1251 2863 1427 2918 dantis
1467 2870 1584 2926 est;
1635 2859 1996 2922 Annuntiatur,

421 2978 546 3019 vero
570 2962 785 3026 dicere,
835 2959 884 3013 id
925 2957 1065 3028 quod
1113 2955 1373 3024 contingit
1415 2952 1679 3006 narrantis
1707 2959 1808 3006 est.
1848 2946 2000 3015 Quod

423 3071 546 3110 vero
587 3053 781 3109 Paulus
820 3067 924 3106 non
976 3050 1146 3117 legem
1191 3045 1324 3099 [erat
1361 3051 1420 3098 ut
1441 3044 1547 3097 sint
1590 3042 1858 3104 litereses,
1907 3037 2001 3092 sed

421 3145 649 3199 abducat
671 3156 858 3197 omnes
886 3139 973 3210 qui
1007 3137 1104 3208 ipsi
1134 3135 1502 3197 attenderem,
1533 3131 1654 3185 audi
1685 3129 1809 3200 quid
1856 3128 1999 3181 dixe-

423 3237 524 3290 rit:
557 3234 614 3289 Si
640 3236 752 3299 quis
776 3230 910 3284 vobis
937 3227 1245 3298 euangelizat
1275 3234 1454 3296 prwter
1479 3223 1531 3276 id
1559 3222 1692 3291 quod
1720 3219 2001 3285 accepistis,

422 3327 688 3380 anathema
717 3323 816 3388 sit,
847 3321 940 3375 etsi
967 3336 1058 3391 ego
1079 3361 1093 3384 ,
1125 3319 1215 3372 etsi
1253 3317 1462 3387 angelus
1501 3314 1561 3367 de
1602 3312 1738 3366 oculis
1777 3308 1918 3379 (Gal.
1949 3309 2001 3362 1.

425 3416 475 3471 8.
505 3413 721 3486 9).'Non
750 3421 926 3466 autem
954 3419 1010 3465 et
1035 3424 1092 3464 se
1117 3419 1172 3464 et
1198 3407 1442 3477 angelum
1470 3400 2001 3463 anathematizasset,

425 3507 467 3560 si
497 3521 607 3561 rem
635 3507 749 3560 sine
773 3503 1005 3574 periculo
1032 3516 1151 3556 esse
1169 3500 1430 3554 scivisset.
1452 3498 1528 3552 Ae
1548 3509 1758 3551 rursum
1780 3510 1793 3547 :
1816 3490 2006 3546 Emu-

429 3599 504 3653 lor
523 3600 652 3652 enim
683 3613 766 3651 vos
797 3595 892 3650 Dei
935 3594 1296 3649 mmttlatione:
1338 3590 1583 3660 despondi
1621 3588 1754 3642 enim
1794 3602 1880 3640 vos
1917 3585 2007 3639 uni

421 3688 528 3739 viro
559 3685 804 3754 virginem
837 3695 1070 3746 castam;
1103 3683 1256 3734 timeo
1288 3691 1461 3733 autem
1500 3695 1580 3744 ne,
1611 3679 1746 3730 sicut
1780 3692 1988 3746 serpens

426 3776 587 3829 Erant
618 3776 816 3840 decepit
861 3775 1057 3827 astutia
1089 3791 1185 3826 sua
1207 3814 1221 3836 ,
1269 3773 1345 3824 sic
1374 3778 1780 3838 corrumpantur
1808 3785 1992 3822 sensus

425 3866 627 3919 restria
646 3864 981 3930 simplicitate
996 3880 1111 3932 qua:
1125 3873 1200 3916 est
1219 3863 1271 3914 in
1289 3861 1498 3915 Christo
1513 3858 1663 3926 (Cen.
1683 3861 1734 3913 â€™5.
1752 3861 1803 3924 4Í¾
1819 3858 1990 3914 á¼“ÏÎ¿Î½.

438 3958 516 4009 ll.
558 3956 610 4008 â€˜2.
637 3956 724 4020 5).
781 3955 918 4007 Ecce
953 3961 1007 4006 et
1032 3949 1436 4020 simplicitatem
1465 3948 1669 4016 posuit,
1705 3953 1760 3997 et
1787 3942 2008 3995 veniam

433 4063 534 4102 non
576 4046 738 4101 dedit.
773 4045 902 4098 Nam
926 4046 969 4100 si
998 4044 1150 4100 venia
1179 4051 1355 4110 esset,
1383 4050 1530 4096 certe
1569 4039 1862 4111 periculum
1904 4053 2011 4092 non

430 4150 581 4204 erat;
614 4141 656 4192 si
697 4139 992 4208 periculum
1035 4154 1140 4192 non
1177 4144 1331 4200 erat,
1384 4150 1488 4190 non
1530 4135 1710 4204 utique
1748 4134 2014 4187 timuisset

433 4231 653 4296 Paulus;
681 4246 849 4299 neque
878 4229 1122 4284 Christus
1147 4228 1344 4281 zizania
1384 4226 1621 4280 comburi
1648 4225 1898 4294 iussisset
1916 4266 1930 4289 ,
1968 4224 2012 4276 si

433 4338 521 4378 res
575 4323 883 4376 indiï¬‚â€˜ercns
931 4331 1042 4376 erat
1079 4321 1235 4387 huic,
1266 4319 1342 4373 illi
1370 4319 1450 4374 vel
1477 4319 1563 4373 alii
1594 4317 1870 4372 attendere
1899 4331 2013 4369 om-

435 4416 695 4485 nibusque
716 4415 1051 4482 simpliciter.

501 4509 554 4561 á½.
581 4506 714 4574 Quid
745 4505 842 4558 sibi
871 4507 983 4558 vult
1017 4503 1142 4559 illud
1183 4503 1321 4573 quod
1352 4501 1552 4556 dictum
1582 4503 1701 4555 est?
1731 4502 1892 4555 Paulo
1918 4501 2004 4554 al-

434 4599 538 4654 tius
555 4597 706 4652 vobis
734 4605 896 4650 totam
926 4595 1198 4650 historiam
1223 4604 1458 4662 repetam
1485 4610 1498 4646 :
1522 4589 1795 4646 sciendum
1822 4591 2016 4659 quippe

434 4700 516 4745 est
558 4705 664 4758 quo
705 4689 756 4743 in
806 4695 944 4741 statu
995 4685 1188 4739 Paulus
1233 4693 1376 4737 esset
1419 4697 1539 4736 cum
1580 4679 1695 4734 haec
1735 4681 2013 4734 scriberet.

437 4784 553 4849 Quo
581 4782 632 4836 in
665 4790 805 4835 statu
835 4779 992 4848 igitur
1016 4776 1170 4831 erat?
1203 4776 1252 4828 in
1285 4789 1536 4836 carcere,
1579 4783 1633 4828 et
1669 4773 1904 4838 catenis,
1932 4773 2016 4825 in-

436 4873 786 4941 gentibusque
814 4868 1084 4939 periculis.
1106 4865 1382 4923 Undeuatn
1411 4865 1460 4920 id
1490 4864 1696 4936 liquet?
1724 4865 1796 4918 Ex
1816 4879 1877 4918 ea
1907 4864 2018 4932 ipsa

437 4965 659 5033 epistola
695 4983 706 5016 :
737 4979 858 5017 nam
885 4970 1038 5016 antea
1087 4960 1332 5014 dixerat:
1364 4958 1508 5014 Scire
1548 4968 1712 5010 autem
1751 4973 1837 5010 vos
1879 4956 2016 5020 volo,

441 5061 643 5124 fratres,
671 5055 808 5124 quod
834 5070 909 5117 ea,
944 5067 1060 5120 qua:
1083 5053 1215 5105 circa
1247 5068 1324 5104 me
1347 5059 1463 5105 sunt
1483 5091 1498 5116 ,
1540 5051 1701 5120 magis
1743 5048 1810 5100 ad
1849 5050 2021 5116 profe-

438 5157 572 5199 ctum
604 5154 843 5200 venerunt
881 5144 1154 5215 evangelii;
1183 5143 1254 5195 ita
1293 5151 1344 5194 ut
1379 5142 1575 5195 vincula
1621 5157 1730 5194 mea
1760 5139 2024 5207 manifesta

448 5237 624 5304 ï¬erent
648 5239 703 5290 in
731 5236 928 5291 Christo
955 5237 1006 5289 in
1029 5244 1130 5288 toto
1158 5234 1391 5304 prtctorio
1416 5242 1464 5286 et
1484 5234 1673 5286 caâ€˜teris
1694 5231 1952 5294 omnibus;
1978 5239 2025 5282 et

442 5330 612 5398 plures
639 5343 666 5381 e
689 5327 930 5398 fratribus
957 5327 1010 5380 in
1034 5324 1252 5378 Domino
1281 5323 1586 5392 conï¬dentes
1626 5321 1837 5375 vinculis
1867 5321 2020 5386 meis,

441 5420 780 5474 abundantius
816 5419 1062 5472 auderent
1105 5417 1212 5470 sine
1256 5417 1435 5468 timore
1489 5413 1689 5467 verbum
1743 5411 1834 5465 Dei
1886 5411 2023 5481 loqui

443 5511 706 5581 (Philipp.
728 5509 779 5564 1.
809 5505 1024 5580 1244).
1046 5506 1187 5561 Nero
1215 5514 1349 5569 erat,
1377 5505 1464 5576 qui
1496 5505 1641 5559 illum
1672 5503 1722 5557 in
1753 5519 2023 5560 carcerem

443 5611 764 5673 coniecerat.
793 5599 1250 5670 Quemadmodqu
1278 5600 1420 5656 enim
1454 5597 1632 5668 prmdo
1660 5597 1872 5668 quidam
1896 5611 2030 5651 cun-

442 5692 543 5744 etis
558 5692 953 5750 dormientibus
980 5693 1195 5751 domum
1223 5694 1511 5764 ingressus,
1533 5689 1658 5746 dum
1681 5690 1859 5746 omnia
1883 5686 2023 5744 abri-

1502 288 1587 342 DE
1629 283 1986 341 PROFECTU
2029 282 2416 339 Eâ€˜VANGELII.

3547 296 3654 353 3H

2082 397 2177 465 pit,
2201 397 2243 450 si
2269 413 2424 468 quem
2455 396 2628 452 videat
2661 397 2924 452 lucernam
2971 396 3258 452 accendere
3279 437 3295 463 ,
3339 393 3515 458 lumen
3552 413 3656 452 ex-

2086 489 2340 568 stinguit,
2369 498 2424 544 et
2452 488 2600 543 illum
2647 489 2933 556 interimit,
2967 498 3020 542 ut
3061 489 3237 542 omnia
3284 487 3449 542 libere
3494 488 3659 557 possit

2076 580 2284 635 auferre
2329 591 2381 636 et
2420 581 2663 651 abripere
2692 597 2706 636 :
2733 582 2811 635 sic
2861 589 2914 635 et
2959 590 3082 635 tunc
3121 579 3261 634 Nero
3306 578 3506 643 Cmsar,
3560 593 3658 634 ceu

2076 671 2286 738 quidant
2314 671 2496 742 prmdo
2523 680 2575 725 et
2603 672 2932 740 compilator,
2963 669 3351 724 dormientibus
3377 668 3623 723 omnibus
3641 708 3656 729 .

2079 762 2446 832 profundoque
2488 777 2678 817 somno
2707 761 2940 826 obrutis,
2973 761 3210 815 omnium
3242 760 3377 814 bona
3426 758 3658 828 abripie-

2080 855 2204 920 bat,
2255 854 2464 923 nuptias
2512 853 2824 920 invadebat,
2867 854 3054 908 domos
3101 852 3459 912 sebvertebat,
3502 865 3662 904 omne

2081 959 2250 1014 genus
2292 943 2540 1014 nequitia:
2583 943 2908 998 exhibebat:
2940 957 3165 1012 cumque
3201 941 3418 995 Paulum
3459 938 3666 993 videret

2085 1036 2360 1090 lucernam
2393 1051 2488 1103 per
2517 1042 2681 1089 totum
2707 1034 2889 1089 orbem
2919 1033 3230 1098 accendere,
3259 1047 3448 1101 nempe
3471 1030 3661 1083 doctri-

2082 1142 2164 1181 nre
2191 1126 2428 1191 verbum,
2464 1127 2683 1196 ejusque
2710 1125 2994 1194 nequitiam
3027 1125 3368 1192 redarguere,
3403 1122 3661 1192 prmdira-

2093 1219 2289 1274 tionem
2321 1218 2658 1287 exstinguere
2682 1227 2733 1271 et
2759 1216 3030 1270 doctorem
3055 1215 3298 1268 occidere
3320 1222 3538 1267 conatus
3563 1220 3664 1276 est,

2084 1319 2143 1366 ut
2169 1311 2344 1364 omnia
2374 1324 2492 1364 cum
2524 1315 2785 1378 potestate
2805 1308 2903 1362 sibi
2935 1309 3107 1362 facere
3150 1306 3333 1360 liceret
3363 1323 3377 1358 :
3407 1305 3668 1358 vinctum-

2085 1417 2189 1471 que
2219 1410 2459 1455 sanctum
2493 1399 2639 1452 illum
2667 1398 2893 1468 coniecit
2932 1398 2982 1451 in
3015 1409 3305 1450 carcerem.
3335 1393 3483 1447 Tunc
3514 1392 3670 1462 igitur

2089 1492 2204 1548 haec
2235 1493 2423 1545 beatus
2451 1491 2644 1545 Paulus
2670 1489 2901 1559 scripsit.

2163 1582 2468 1638 Sollicitudo
2496 1581 2650 1636 Pauli
2677 1598 2794 1652 erga
2820 1578 3134 1649 discipulos;
3156 1576 3519 1649 discipulorum
3548 1591 3669 1645 erga

2090 1675 2384 1744 magistrum
2426 1689 2584 1726 amor.
2613 1701 2682 1712 â€”-
2707 1671 2836 1738 Quis
2867 1684 2970 1723 non
3001 1667 3252 1734 stupeat?
3287 1667 3404 1736 quis
3435 1682 3536 1718 non
3569 1666 3666 1718 ad-

2093 1763 2352 1816 miretur?
2387 1762 2493 1815 imo
2520 1761 2659 1829 quis,
2694 1769 2747 1812 ut
2776 1773 2870 1827 par
2894 1766 2995 1820 est,
3037 1766 3247 1826 stupeat
3283 1765 3338 1809 et
3379 1755 3674 1808 admiretur

2093 1867 2406 1922 generosum
2439 1851 2585 1904 illum
2616 1859 2668 1903 et
2697 1847 2762 1902 ad
2793 1848 2954 1902 etelos
2979 1847 3366 1916 pertingentem
3404 1845 3673 1921 animum,

2094 1943 2185 2011 qui
2212 1941 2621 1996 Romam-iactus
2651 1949 2704 1993 et
2729 1938 3109 2000 iucarceratus,
3131 1951 3194 1990 es
3223 1943 3370 1988 tanto
3397 1933 3675 1988 intervallo

2097 2033 2520 2104 Philippensibus
2548 2031 2843 2087 scriberet?
2880 2030 3039 2085 Scitis
3069 2037 3322 2099 quantum
3353 2027 3577 2097 spatium
3609 2027 3680 2080 sit

2097 2125 2453 2180 Macedoniam
2479 2122 2620 2177 inter
2647 2131 2699 2177 et
2727 2123 2970 2176 Romam.
3001 2119 3104 2176 Sed
3133 2133 3303 2190 neque
3332 2118 3536 2172 itineris
3564 2118 3681 2170 lon-

2095 2217 2311 2288 gitudo,
2362 2231 2534 2286 neque
2579 2215 2899 2269 diuturnitas
2949 2213 3233 2282 temporis,
3280 2225 3452 2280 neque
3499 2223 3678 2264 rerum

2101 2309 2378 2373 tumultus,
2415 2322 2586 2376 neque
2618 2305 2854 2376 pericula
2885 2313 2937 2360 et
2977 2303 3269 2373 frequentia
3309 2301 3445 2356 mala
3468 2342 3482 2362 ,
3510 2315 3683 2368 neque

2101 2400 2240 2454 aliud
2267 2399 2536 2469 quidpiam
2559 2398 2832 2452 caritatem
2855 2394 3272 2464 memoriamque
3300 2391 3678 2461 discipulorum

2101 2492 2382 2562 dejiciebat
2402 2508 2418 2555 ;
2440 2490 2533 2545 sed
2563 2504 2749 2543 omnes
2776 2487 2865 2542 ille
2894 2488 2944 2541 in
2972 2475 3151 2541 meulâ€˜e
3179 2483 3426 2539 servabat
3458 2501 3471 2536 :
3504 2496 3678 2550 neque

2102 2585 2172 2637 ita
2217 2581 2421 2636 catenis
2464 2594 2653 2634 manus
2698 2577 3017 2648 ligabantur,
3050 2583 3106 2629 ut
3135 2574 3309 2628 anima
3347 2572 3462 2640 ejus
3503 2586 3687 2624 amore

2108 2675 2496 2746 discipulorum
2529 2667 2776 2724 devincta
2815 2665 3078 2735 aftixaque
3117 2671 3230 2746 erat
3271 2680 3283 2714 :
3323 2661 3463 2728 quod
3515 2661 3684 2730 ipsum

2104 2743 2261 2816 initio.
2301 2759 2542 2830 epistola:
2597 2747 3040 2808 declarabaton
3067 2745 3206 2818 quod
3254 2743 3474 2799 habeam
3517 2743 3686 2801 vasin

2105 2854 2256 2907 corde
2282 2854 2334 2904 in
2363 2849 2576 2904 vinculis
2603 2850 2743 2916 meis,
2773 2857 2820 2902 et
2844 2848 2896 2900 in
2928 2844 3215 2915 defensione
3243 2848 3289 2894 et
3311 2837 3690 2906 conï¬rmatione

2108 2942 2350 3012 evangelii
2381 2940 2638 3010 (Philipp.
2665 2939 2716 2991 1.
2739 2938 2814 3006 7).
2849 2936 2914 2989 Et
2947 2935 3078 2988 sicut
3107 2948 3204 2987 rex
3234 2945 3389 2985 mane
3414 2929 3465 2982 in
3496 2927 3689 2982 solium

2107 3033 2504 3095 conscendens,
2542 3032 2593 3084 in
2625 3029 2890 3097 regalibus
2929 3027 3065 3080 aulis
3109 3024 3340 3087 sedens,
3387 3021 3693 3075 innumeras

2107 3126 2282 3182 statim
2311 3123 2545 3192 nandique
2589 3120 2774 3188 recipit
2818 3116 3069 3187 epistolas
3094 3134 3106 3168 :
3131 3115 3207 3168 sic
3235 3123 3289 3167 et
3315 3113 3404 3167 ille
3433 3109 3690 3180 quemad-

2114 3215 2332 3271 modum
2374 3215 2426 3267 in
2462 3211 2624 3281 regiis
2653 3209 2788 3263 aulis
2814 3208 2864 3260 in
2893 3221 3108 3261 carcere
3134 3203 3344 3265 sedens,
3380 3201 3546 3254 multo
3573 3199 3694 3268 plu-

2110 3320 2196 3360 res
2249 3302 2541 3372 accipiebat
2594 3307 2754 3369 atque
2807 3297 3048 3351 mittebat
3100 3292 3350 3362 epistolas
3382 3333 3394 3352 ,
3447 3290 3692 3360 gentibus

2110 3396 2343 3464 undique
2373 3393 2581 3463 negotia
2614 3406 2707 3446 sua
2739 3390 2916 3444 omnia
2959 3387 3026 3442 ad
3071 3387 3184 3457 ejus
3211 3383 3524 3455 sapientiam
3557 3380 3693 3436 rele-

2110 3487 2348 3542 rentihus
2378 3502 2392 3539 :
2424 3492 2677 3553 tantoque
2706 3481 2858 3552 plura
2886 3479 2973 3534 ille
3001 3477 3233 3548 negotia,
3262 3490 3420 3544 quem
3447 3473 3560 3543 ipse
3589 3471 3696 3526 Im-

2113 3589 2366 3651 perator,
2417 3575 2675 3647 gerebat,
2730 3581 2930 3643 quanto
2983 3570 3155 3638 majus
3191 3567 3302 3636 Jsibi
3351 3565 3693 3621 commissum

2114 3671 2393 3742 imperium
2444 3667 2694 3722 habebat.
2740 3664 2923 3733 Neque
2971 3662 3111 3716 enim
3153 3659 3444 3714 Romanam
3492 3664 3694 3710 tantum

2113 3764 2389 3827 ditionem,
2420 3759 2513 3815 sed
2542 3760 2702 3814 etiam
2730 3755 2986 3810 barbaros
3015 3767 3224 3817 omnes,
3255 3758 3449 3804 terram
3473 3757 3526 3802 et
3551 3761 3697 3800 mare

2115 3856 2169 3908 in
2201 3867 2387 3907 manus
2426 3851 2540 3920 ejus
2586 3846 2879 3903 tradiderat
2912 3846 3068 3898 Deus.
3115 3844 3276 3908 quue
3304 3839 3554 3894 Romanis
3598 3837 3697 3890 de-

2115 3943 2326 3996 clarans
2351 3941 2604 3994 diccbat:
2641 3936 2779 3989 Nolo
2821 3945 2990 3987 autem
3039 3949 3124 3986 vos
3167 3932 3434 4000 ignorare,
3479 3931 3696 3997 fratres,

2115 4034 2232 4102 quia
2285 4045 2418 4099 stupe
2459 4026 2695 4097 proposui
2737 4025 2903 4077 venire
2945 4021 3013 4074 ad
3056 4036 3174 4085 vos,
3206 4029 3252 4071 et
3281 4016 3558 4086 prohibitus
3587 4031 3700 4067 sum

2117 4139 2273 4194 usque
2301 4121 2506 4184 adhuc;
2537 4128 2588 4171 ut
2614 4117 2834 4186 aliquem
2879 4118 3100 4184 fructum
3131 4109 3339 4163 habeam
3367 4118 3411 4161 et
3444 4108 3494 4160 in
3531 4106 3665 4159 vobis
3683 4147 3696 4170 ,

2119 4217 2246 4269 sicut
2272 4223 2316 4266 et
2343 4212 2393 4264 in
2420 4209 2610 4264 caâ€˜teris
2638 4207 2863 4276 gentibus
2891 4220 2908 4258 :
2936 4202 3124 4258 Gratcis
3154 4211 3199 4255 et
3226 4199 3468 4260 barbaris,
3500 4197 3702 4265 sapien-

2121 4306 2249 4361 tibus
2293 4314 2337 4358 ÎµÎ¹
2374 4301 2720 4372 insipientibus
2760 4297 2955 4350 debitor
2992 4310 3100 4348 sunt
3149 4291 3334 4362 (Rom.
3371 4291 3419 4342 1.
3456 4288 3536 4341 15.
3576 4287 3702 4353 14).

2119 4398 2364 4469 Quotidie
2394 4411 2523 4465 ergo
2552 4392 2810 4446 sollicitus
2834 4397 2966 4448 erat,
2987 4384 3110 4453 quid
3132 4380 3412 4442 Corinthii,
3441 4377 3564 4447 quid
3587 4376 3702 4430 M'I-

2123 4468 2355 4546 cedones
2385 4493 2606 4557 agerent
2637 4500 2650 4538 :
2683 4479 2948 4551 quomodo
2994 4476 3358 4543 Philippenses
3383 4513 3397 4533 ,
3434 4468 3704 4539 quomodo

2121 4583 2486 4654 Cappadoces,
2505 4574 2772 4648 quomodo
2790 4572 3009 4635 Galatm,
3035 4565 3304 4639 quomodo
3329 4561 3704 4624 Atheuienses,

2124 4649 2392 4746 quomodo
2419 4671 2644 4726 Pontum
2674 4667 2990 4726 incolentes,
3023 4656 3290 4730 quomodo
3319 4666 3508 4708 omnes
3534 4649 3708 4704 homi-

2126 4783 2221 4824 nes
2254 4784 2313 4822 se
2344 4764 2623 4819 haberent.
2652 4762 2898 4815 Attamen
2921 4798 2935 4820 ,
2967 4769 3088 4811 cum
3121 4751 3400 4806 universus
3433 4745 3577 4800 orbis
3606 4743 3705 4812 ipsi

2125 4857 2467 4915 concreditus
2515 4861 2655 4908 esset
2681 4890 2697 4915 ,
2727 4866 2830 4904 non
2864 4857 3066 4902 tantum
3096 4843 3163 4898 de
3191 4839 3436 4912 gentibus
3463 4834 3708 4890 omnibus

2127 4962 2242 5008 erat
2269 4949 2530 5006 sollicitus
2560 4988 2575 5012 ,
2607 4945 2700 5000 sed
2747 4943 2904 4996 etiam
2935 4939 3000 4992 de
3027 4951 3133 4992 uno
3167 4932 3413 5003 qu0piam
3445 4927 3660 4982 homine
3691 4941 3706 4980 :

2127 5053 2181 5099 ct
2210 5056 2349 5096 nunc
2390 5047 2607 5108 propter
2634 5033 2940 5088 Onesimum
2971 5025 3247 5095 epistolam
3280 5017 3541 5082 mittebat,
3571 5028 3711 5068 nunc

2133 5143 2349 5204 propter
2394 5147 2516 5184 eum
2545 5170 2558 5190 ,
2603 5128 2691 5198 qui
2741 5122 2881 5194 apud
2927 5116 3232 5176 Corinthios
3258 5109 3546 5166 fornicatus
3575 5112 3712 5160 erat.

2130 5227 2312 5296 Neque
2337 5225 2478 5278 enim
2511 5222 2610 5274 hoc
2639 5212 3030 5273 considerabat,
3057 5207 3196 5279 quod
3223 5217 3360 5258 unus
3387 5208 3527 5255 esset
3554 5195 3599 5250 is
3621 5195 3710 5264 qui

2132 5289 2464 5388 pec-caverat,
2488 5322 2536 5366 et
2568 5305 2861 5378 patrocinio
2889 5309 3101 5370 egeret,
3135 5295 3227 5351 sed
3259 5290 3397 5363 quod
3427 5289 3588 5342 homo
3617 5301 3710 5339 es-

2133 5378 2215 5468 set
2241 5427 2254 5461 :
2283 5407 2476 5468 homo,
2508 5404 2724 5469 inquam
2747 5439 2760 5460 ,
2791 5391 3230 5465 pretiosissimum
3261 5387 3368 5438 Deo
3394 5378 3622 5443 animal,
3651 5385 3710 5432 et

2135 5508 2350 5572 propter
2377 5511 2533 5566 quem
2558 5493 2714 5547 Pater
2743 5488 2874 5542 Filio
2908 5500 3005 5539 suo
3033 5497 3136 5536 non
3168 5475 3424 5550 pepercit.

2206 5561 2259 5646 5'.
2290 5589 2366 5644 Ne
2395 5561 2522 5642 inihi
2553 5581 2750 5638 dixeris
2779 5575 2923 5649 quod
2955 5575 3043 5629 ille
3070 5570 3350 5640 fugitivus,
3381 5561 3522 5636 quod
3552 5561 3708 5623 latro,

2136 5683 2278 5757 quod
2307 5680 2405 5750 iur,
2432 5687 2484 5738 ct
2512 5673 2804 5734 innumeris
2824 5677 3046 5726 onustus
3075 5663 3247 5729 vitiis;
3281 5658 3364 5715 vel
3385 5652 3524 5728 quod
3551 5666 3704 5708 men-
