4082 6212
359 242 467 299 3".5

361 353 537 417 dicus.
565 353 832 425 abiectus,
859 352 977 410 vilis
1006 363 1060 409 et
1088 354 1282 409 nullius
1312 355 1465 424 pretii
1486 372 1499 409 :
1518 354 1613 409 sed
1642 354 1813 424 cogita
1844 368 1938 423 pro

359 442 452 497 illo
477 442 756 500 Christum
780 452 1053 499 mortuum
1088 461 1208 501 esse
1230 486 1246 512 ,
1288 446 1445 516 idque
1484 446 1575 502 tibi
1606 447 1736 500 satis
1763 455 1844 500 est
1872 444 1938 498 ad

360 548 576 588 omnem
596 533 994 602 suscipiendam
1023 550 1226 591 curam.
1249 535 1432 607 Cogita
1460 550 1617 606 quem
1641 550 1759 591 esse
1784 550 1945 604 opor-

364 631 477 681 teat
502 638 626 679 eum
672 635 830 691 quem
873 622 1120 680 Christus
1157 626 1234 682 sic
1275 625 1636 691 honoraverit,
1668 635 1726 681 ut
1769 640 1943 695 neque

361 714 606 783 sanguini
636 728 733 768 suo
760 718 1072 783 pepercerit.
1097 717 1280 788 Neque
1308 718 1471 782 enim,
1509 718 1553 773 si
1593 732 1685 772 rex
1724 731 1821 786 pro
1841 715 1941 769 ali-

363 820 470 875 quo
508 820 629 860 sese
661 805 936 863 immolare
969 808 1170 876 vellet,
1212 810 1353 865 aliud
1392 825 1754 880 qttmrerenms
1780 824 1943 878 argu-

363 904 623 962 mentum,
655 897 796 968 quod
827 914 1050 968 magnus
1075 901 1163 955 ille
1184 911 1358 966 esset,
1384 902 1597 970 regique
1615 901 1942 963 carissimus,

364 996 422 1042 ut
448 1004 545 1060 ego
573 988 787 1060 quidem
816 993 1065 1046 existimo
1096 1010 1110 1047 :
1145 1009 1288 1047 mors
1315 995 1506 1063 quippe
1536 994 1665 1048 satis
1702 1001 1844 1047 esset
1878 993 1944 1046 ad

364 1081 740 1137 declarandum
782 1083 897 1152 ejus
928 1085 1015 1153 qui
1048 1095 1273 1140 mortem
1322 1086 1616 1154 susciperet
1645 1099 1768 1154 erga
1801 1084 1944 1138 illum

365 1171 631 1225 allectum.
662 1171 778 1226 Jam
809 1188 936 1228 vero
964 1191 1070 1228 non
1103 1175 1293 1241 homo,
1324 1193 1426 1231 non
1456 1177 1692 1246 angelus,
1727 1192 1829 1229 non
1855 1191 1946 1230 ar-

367 1260 684 1330 changelus,
716 1264 810 1317 sed
839 1263 953 1332 ipse
978 1266 1232 1319 ett-lorum
1270 1268 1539 1331 Dominus,
1568 1266 1680 1337 ipse
1705 1267 1947 1337 unigeni-

369 1361 451 1407 tus
497 1353 660 1408 Filius
704 1356 796 1410 Dei
847 1371 1009 1411 carne
1056 1357 1267 1413 indutus
1311 1359 1545 1427 seipsum
1595 1359 1809 1412 tradidit
1853 1374 1948 1427 pro

368 1445 544 1499 nobis.
574 1448 764 1500 Annon
798 1448 959 1517 igitur
983 1449 1159 1502 omnia
1194 1448 1479 1513 faciemus,
1512 1449 1689 1505 omnia
1719 1449 1944 1504 tentabi-

368 1550 508 1601 mus,
533 1546 590 1589 ut
620 1536 863 1591 homines
894 1547 1041 1593 tanto
1068 1538 1241 1592 allecti
1272 1537 1475 1594 honore
1504 1548 1683 1593 nostra
1711 1538 1952 1593 fruantur

371 1642 497 1682 cura
529 1637 582 1682 et
611 1629 1007 1684 sollicitudine?
1037 1630 1267 1701 Ecquam
1311 1632 1623 1687 habebimus
1649 1633 1951 1688 excusatio-

372 1718 537 1772 nem?
563 1734 719 1788 quam
748 1721 997 1774 veniam?
1029 1721 1141 1775 lloc
1170 1722 1341 1790 ipsum
1372 1722 1569 1777 Paulus
1598 1722 1837 1777 indicans
1872 1723 1954 1777 di-

371 1809 559 1862 ccbat:
588 1808 669 1863 Ne
706 1812 816 1863 cibo
857 1820 941 1863 tuo
982 1811 1125 1864 illum
1157 1812 1372 1880 perdas,
1406 1820 1608 1881 propter
1633 1828 1777 1881 quem
1801 1810 1952 1865 Chri-

372 1909 476 1953 stus
503 1910 729 1953 mortuus
751 1910 823 1953 cst
856 1901 1043 1971 (Rom.
1074 1904 1160 1956 14.
1189 1902 1315 1972 15).
1345 1903 1451 1957 Eos
1477 1902 1618 1957 enim
1646 1903 1734 1972 qui
1765 1902 1956 1957 fratres

373 2001 634 2058 Spernuut
661 2000 714 2045 ct
743 2003 1009 2062 tamquam
1042 1993 1284 2047 iulirtnos
1312 1993 1614 2062 despiciunt
1642 2002 1697 2047 ut
1735 1994 1954 2073 pudefa—

372 2083 479 2137 ciat
500 2123 516 2148 ,
550 2091 604 2138 et
630 2083 695 2137 ad
721 2085 952 2153 proximi
978 2101 1160 2140 curam
1189 2086 1530 2156 studiumque
1560 2086 1807 2149 inducat,
1840 2087 1955 2143 vice

373 2179 614 2232 omnium
654 2188 880 2234 mortem
914 2180 1126 2234 Domini
1172 2180 1369 2249 posuit.
1401 2180 1479 2235 Ex
1513 2190 1659 2235 tanto
1691 2182 1848 2252 igitur
1879 2181 1958 2234 iu-

376 2270 597 2323 tcrvallo
642 2270 693 2324 in
735 2286 951 2326 carcere
999 2271 1196 2326 sedens
1244 2270 1673 2342 Pbilippensibm
1718 2273 1951 2341 scripsit.

373 2357 519 2412 Talis
550 2359 744 2429 quippe
768 2371 850 2415 est
880 2362 1075 2415 caritas
1098 2377 1221 2432 erga
1254 2363 1455 2428 Deum;
1484 2364 1642 2418 nullis
1677 2365 1833 2419 rebus
1863 2366 1957 2418 im-

375 2448 588 2516 peditur
618 2451 884 2516 humanis,
911 2461 1094 2522 utpote
1120 2468 1238 2523 qua)
1264 2453 1314 2507 in
1344 2454 1489 2508 cadis
1510 2454 1739 2509 radicem
1771 2455 1960 2509 haheat

377 2548 431 2592 et
478 2542 986 2598 remunerationem.
1036 2543 1101 2598 Et
1146 2544 1271 2613 quid
1319 2544 1651 2600 dicit?Scire
1691 2562 1775 2600 vos
1809 2548 1955 2612 volo,

375 2630 556 2698 fratres
589 2630 842 2702 (Philipp.
871 2635 920 2687 1.
956 2635 1065 2705 12).
1090 2635 1333 2690 Vidistin’
1353 2652 1533 2690 curam
1560 2652 1689 2707 erga
1721 2638 1954 2708 discipu-

379 2720 497 2774 los?
531 2721 761 2777 vidistin’
789 2724 1025 2792 magistri
1073 2726 1529 2782 sollicitudinem?
1556 2729 1689 2782 Audi
1734 2739 1789 2784 et
1823 2730 1955 2783 all'e-

381 2821 521 2866 ctum
547 2811 928 2882 discipulorum
952 2830 1075 2885 erga
1100 2817 1430 2886 magistrum,
1461 2828 1515 2872 ut
1536 2819 1674 2874 scias
1696 2818 1816 2873 ideo
1841 2821 1959 2875 illos

378 2901 543 2957 fortes
575 2904 906 2975 invictosque
935 2906 1114 2972 fuisse,
1147 2908 1287 2977 quod
1312 2919 1494 2963 mutuo
1517 2925 1700 2966 amore
1729 2911 1957 2966 devincti

379 3004 577 3049 essent.
606 2995 739 3049 Nam
767 2997 811 3051 si
840 2995 1025 3052 Frater
1061 3001 1149 3069 qui
1187 3000 1461 3069 adjuvetur
1506 3019 1537 3055 a
1583 3007 1771 3071 fratre,
1818 3006 1962 3074 quasi

381 3085 554 3141 civitas
581 3088 731 3156 ﬁrma
754 3087 937 3160 (Prov.
967 3090 1053 3147 18.
1080 3091 1192 3163 19),
1225 3092 1392 3146 mttlto
1419 3096 1585 3163 magis
1617 3105 1687 3148 Iol
1719 3096 1960 3152 homines

380 3179 617 3235 caritatis
645 3180 873 3237 Vinculis
901 3184 1173 3239 constricti
1198 3225 1213 3249 ,
1243 3200 1431 3240 omnes
1458 3186 1725 3255 depellant
1746 3188 1959 3257 maligni

379 3270 638 3325 daemonis
668 3271 905 3328 insidias.
930 3273 1091 3330 Certe
1121 3276 1260 3344 quod
1290 3276 1487 3329 Paulus
1518 3277 1793 3332 devinctus
1819 3289 1962 3333 esset

381 3356 694 3427 discipulis,
738 3377 842 3416 non
883 3378 1018 3432 opus
1061 3375 1143 3418 est
1190 3365 1559 3422 demonstrare
1612 3368 1694 3421 vel
1748 3368 1956 3433 dicere,

381 3452 596 3519 quando
626 3454 786 3508 etiam
819 3456 1040 3510 vinculis
1067 3459 1386 3513 constrictus
1414 3459 1621 3514 illorum
1649 3462 1964 3517 sollicitudi-

382 3557 503 3596 nem
530 3543 766 3611 gerebat,
801 3554 856 3599 et
880 3546 1114 3623 quotidie
1143 3563 1240 3617 pro
1271 3549 1373 3603 illis
1401 3550 1747 3619 moriebatur,
1777 3553 1961 3607 incen-

383 3646 472 3685 SIIS
501 3648 703 3688 amore.

455 3722 508 3774 6.
540 3721 688 3786 Quod
725 3738 850 3778 vero
889 3723 1134 3795 discipuli
1175 3727 1340 3783 Paulo
1379 3741 1561 3786 essent
1594 3732 1738 3786 omni
1787 3733 1963 3789 studio

384 3811 646 3879 devincti,
689 3830 792 3869 non
840 3816 934 3870 viri
976 3817 1180 3885 solum,
1222 3820 1318 3875 sed
1356 3823 1515 3875 etiam
1542 3823 1811 3889 mulieres,
1839 3825 1960 3879 audi

384 3903 510 3973 quid
538 3905 676 3959 dicat
699 3906 766 3961 de
798 3907 996 3964 thbe
1021 3927 1035 3964 :
1065 3908 1370 3966 Commendo
1392 3913 1527 3967 vobis
1556 3914 1792 3970 thbem
1819 3934 1959 3972 soro-

386 4012 488 4049 rem
510 4038 525 4060 ,
553 4014 667 4067 qum
689 3998 740 4052 in
769 4001 1038 4056 ministerio
1081 4011 1152 4056 est
1181 4001 1452 4069 Ecclesitc,
1491 4022 1604 4075 quas
1636 4016 1710 4060 est
1748 4008 1799 4062 in
1835 4008 1965 4063 Cen-

384 4091 566 4150 chreis,
603 4101 657 4143 ut
683 4108 794 4144 eam
825 4095 1109 4162 suscipiatis
1147 4095 1199 4148 in
1225 4093 1447 4148 Domino
1487 4095 1639 4165 digne
1662 4099 1849 4151 sanctis
1869 4141 1882 4163 ,
1916 4109 1963 4153 et

385 4181 631 4234 ussistatis
656 4183 699 4235 ei
729 4183 779 4235 in
799 4199 1110 4253 quocumque
1134 4187 1331 4254 negotio
1351 4187 1498 4239 vestri
1523 4188 1794 4256 indiguerit
1811 4230 1825 4251 ,
1855 4206 1965 4260 qua:

387 4273 580 4327 adstitit
623 4274 823 4341 multis,
864 4284 910 4328 et
952 4276 1074 4328 mihi
1099 4276 1197 4345 ipsi
1223 4275 1409 4346 (Rom.
1441 4278 1527 4332 16.
1564 4279 1612 4331 1.
1641 4278 1733 4346 2).
1764 4278 1962 4335 Verum

388 4366 475 4421 hic
510 4367 648 4422 circa
690 4367 1037 4434 patrocinium
1073 4377 1273 4421 tantum
1315 4368 1479 4439 ipsius
1514 4368 1692 4424 studio
1724 4371 1964 4425 testimo-

386 4456 533 4510 nium
564 4456 710 4510 dedit
736 4474 749 4508 :
775 4457 1010 4511 Priscilla
1040 4472 1167 4512 vero
1203 4467 1259 4512 et
1293 4458 1485 4527 Aquila
1521 4473 1688 4528 usque
1716 4458 1783 4513 ad
1814 4476 1960 4512 tuor-

390 4556 496 4600 tem
545 4546 692 4601 Pauli
735 4548 899 4617 gratia
949 4558 1342 4616 processerunt.
1387 4548 1463 4603 De
1500 4548 1605 4603 illis
1645 4560 1820 4604 autem
1863 4549 1965 4605 huc

389 4637 551 4691 modo
574 4638 759 4691 scribit
782 4656 795 4690 :
829 4636 1068 4692 Salutant
1094 4652 1179 4692 vos
1206 4638 1388 4707 Aquila
1415 4647 1462 4692 et
1488 4637 1748 4706 Priscilla,
1768 4641 1854 4710 qui
1874 4658 1965 4710 pro

388 4725 558 4779 anima
590 4742 700 4779 mea
732 4727 966 4779 cervicem
1002 4743 1148 4779 suam
1181 4736 1549 4797 supposuerunt
1584 4729 1772 4801 (Rom.
1798 4732 1886 4786 16.
1909 4732 1962 4787 3.

389 4816 445 4889 4)
470 4817 565 4887 (a),
583 4817 649 4872 ad
675 4831 896 4874 mortem
920 4818 1184 4875 videlicet.
1209 4821 1285 4876 De
1302 4822 1405 4876 alio
1425 4837 1637 4893 quoque
1662 4825 1738 4878 sic
1758 4823 1822 4877 ad
1848 4825 1965 4879 illos

390 4910 610 4965 scribit:
643 4907 812 4978 Usque
852 4911 919 4962 ad
958 4921 1166 4966 mortem
1209 4914 1447 4977 accessit,
1495 4912 1698 4967 tradens
1745 4915 1966 4967 animam

390 5017 552 5061 suam.
584 5010 637 5054 ut
667 5000 893 5068 impleret
915 5000 989 5062 id,
1014 5002 1149 5069 quod
1173 5018 1235 5055 ea:
1253 5002 1389 5055 vobis
1415 5001 1585 5056 deerat
1610 5020 1729 5073 ergo
1764 5020 1842 5056 nte
1877 5004 1968 5058 ob-

390 5091 611 5159 sequium
640 5088 895 5161 (Philipp.
924 5090 977 5144 Ξ.
1005 5091 1119 5159 50).
1152 5090 1343 5145 Vidcn’
1367 5093 1634 5161 quomodo
1653 5094 1963 5162 magistrum

390 5181 708 5251 diligerent,
741 5181 1007 5250 quomodo
1036 5183 1216 5250 prius,
1248 5196 1405 5251 quam
1436 5183 1627 5236 animm
1670 5197 1779 5237 sure
1803 5223 1818 5249 ,
1851 5184 1966 5252 ejus

389 5272 755 5342 tranquillitati
804 5273 1210 5342 prospicerent?
1253 5271 1607 5340 Quamobrem
1649 5287 1806 5328 nemo
1845 5283 1967 5328 tunc

388 5361 507 5416 illos
560 5363 865 5432 supetabat.
919 5363 1043 5418 lizcc
1094 5378 1253 5432 porro
1305 5363 1462 5429 dico,
1514 5378 1619 5417 non
1676 5372 1732 5417 ut
1779 5363 1966 5418 audia-

389 5466 508 5508 mus
535 5461 757 5518 tantum,
790 5454 882 5508 sed
908 5456 1065 5510 etiam
1096 5464 1153 5508 ιιι
1183 5454 1491 5509 imitemur:
1524 5469 1698 5526 neque
1737 5454 1962 5509 subditis

390 5551 600 5600 tantum
628 5547 836 5617 loquor,
865 5546 959 5602 sed
988 5546 1147 5602 etiam
1181 5546 1615 5616 magistratibus;
1643 5552 1699 5600 ut
1724 5544 1968 5615 discipuli

452 5659 528 5724 (tt)
558 5666 666 5710 ttae
687 5660 914 5711 differunt
937 5675 962 5710 a
988 5666 1127 5711 textu
1155 5660 1373 5724 epistolae
1395 5658 1455 5709 ad
1479 5666 1728 5709 Romanos.

1081 237 1139 294 S.
1168 238 1445 296 JOANNIS
1480 239 1957 297 CHRYSOSTOMI
1989 239 2304 297 ARCHIEP.
2345 235 2881 296 CONSTANTINOP.

3524 238 3631 294 επις

2046 351 2262 405 multum
2292 367 2415 421 erga
2446 362 2729 421 magistros
2753 365 2937 406 curam
2969 346 3286 414 exhibeant,
3324 358 3487 417 utque
3516 366 3633 406 ma-

2045 442 2194 511 gistri
2236 441 2484 496 eumdem
2528 456 2685 511 quem
2730 441 2926 496 Paulus
2965 456 3089 511 erga
3115 440 3354 496 subditos
3382 440 3629 497 atfectum

2048 533 2299 600 habeant,
2332 548 2431 588 nec
2452 532 2625 587 solum
2658 540 2978 602 prmscntes,
3010 532 3105 586 sed
3136 532 3295 586 etiam
3322 533 3507 603 procul
3535 549 3633 603 po-

2048 625 2201 680 sitos.
2233 624 2506 696 Siquidem
2536 624 2733 679 Paulus
2757 640 2820 679 ac
2846 625 2970 697 siin
3012 633 3121 678 toto
3148 623 3279 679 orbe
3306 638 3403 679 ceu
3434 639 3538 680 una
3578 625 3629 680 in

2048 716 2209 772 domo
2236 717 2519 783 habitaret,
2548 717 2626 772 sic
2653 716 2721 772 de
2749 716 2987 771 omnium
3014 716 3187 772 salute
3214 716 3473 772 sollicitus
3493 727 3630 785 erat,

2048 809 2333 879 missisque
2360 810 2582 865 vinculis
2607 810 2718 863 suis
2739 850 2753 873 ,
2785 808 3037 863 :erumuis
3056 850 3071 873 ,
3112 808 3279 878 plagis
3301 850 3317 874 ,
3339 810 3594 879 angustiis
3611 850 3630 877 ,

2050 899 2424 954 considerabat
2464 908 2521 955 et
2564 899 2936 955 sciscitabatur
2984 899 3239 968 quotidie,
3277 900 3545 970 quomodo
3573 915 3633 956 se

2053 987 2312 1045 haberent
2335 1005 2417 1055 ea,
2455 1006 2574 1060 qure
2604 990 2670 1044 ad
2697 989 2987 1058 discipulos
3008 990 3356 1058 spectabant:
3387 1005 3632 1061 smpeque

2053 1079 2138 1132 illa
2165 1080 2335 1135 solum
2362 1080 2428 1135 de
2457 1096 2615 1135 causa
2643 1081 2904 1143 mittebat,
2936 1097 3076 1136 nunc
3095 1081 3466 1150 Timotheum,
3492 1099 3631 1138 nunc

2053 1172 2343 1243 Tychicum
2370 1190 2383 1226 :
2416 1189 2536 1227 nam
2562 1174 2630 1227 de
2655 1173 2755 1227 hoc
2790 1173 3003 1243 quidem
3034 1175 3108 1227 ait
3137 1191 3152 1227 :
3184 1173 3250 1229 Ut
3279 1176 3403 1230 sciat
3426 1193 3539 1247 qum
3563 1176 3629 1229 ad

2060 1278 2146 1318 vos
2174 1273 2418 1333 spectant,
2451 1273 2497 1317 et
2520 1267 2804 1319 consoletur
2832 1266 2986 1319 corda
3010 1277 3171 1320 vestra
3200 1267 3413 1338 (Ep/tes.
3438 1269 3489 1324 6.
3513 1269 3629 1340 22):

2055 1357 2122 1412 de
2142 1357 2422 1411 Timotheo
2443 1364 2618 1411 autem
2644 1374 2656 1410 :
2683 1357 2801 1411 Misi
2820 1375 2931 1412 eum
2952 1358 3020 1411 ad
3045 1375 3129 1413 vos
3158 1375 3254 1413 non
3284 1360 3504 1430 amplius
3526 1376 3632 1414 sus-

2055 1447 2237 1511 tinens,
2270 1464 2333 1500 ne
2361 1451 2490 1517 forte
2518 1449 2775 1502 tetttavcrit
2820 1464 2907 1501 vos
2936 1449 2981 1503 is
3007 1450 3093 1520 qui
3119 1458 3273 1503 tentat
3296 1450 3340 1520 (Ι
3357 1488 3371 1502 .
3396 1449 3549 1504 Thes.
3575 1451 3629 1506 3.

2055 1538 2131 1605 5).
2154 1538 2289 1591 Alibi
2311 1553 2435 1591 vero
2457 1538 2631 1594 Titum
2653 1581 2668 1604 ,
2691 1539 2815 1594 alibi
2843 1540 3024 1594 alium.
3052 1540 3183 1608 Quia
3218 1542 3358 1595 enim
3386 1542 3500 1610 ipse
3527 1557 3633 1596 uno

2055 1629 2301 1685 detentus
2341 1629 2392 1684 in
2421 1631 2538 1685 loco
2559 1631 2660 1685 illis
2687 1629 2872 1686 adesse
2898 1646 3002 1686 non
3047 1641 3283 1701 poterat,
3312 1632 3403 1702 qui
3431 1633 3631 1688 viscera

2059 1722 2174 1790 ejus
2207 1732 2360 1777 erant.
2382 1765 2413 1789 ,.
2442 1740 2539 1792 per
2575 1723 2865 1793 discipulos
2905 1739 3031 1779 suos
3073 1724 3217 1793 ipsos
3267 1725 3631 1781 conveniebat.

2130 1812 2183 1865 7.
2230 1810 2427 1867 Caritas
2469 1814 2856 1882 inarqttalitatem
2897 1814 3086 1884 objicit.
3120 1842 3191 1854 -—
3224 1814 3370 1869 Tunc
3410 1829 3537 1884 ergo
3582 1815 3634 1870 in
3728 1868 3733 1871 Α

2061 1900 2285 1954 vinculis
2332 1916 2453 1956 cum
2497 1912 2675 1968 esset,
2719 1902 3146 1972 Philippensibus
3181 1904 3391 1974 scripsit
3438 1922 3451 1958 :
3495 1904 3636 1960 Scin

2059 2000 2224 2043 autent
2251 2007 2336 2045 vos
2363 1994 2496 2057 volo,
2519 1993 2698 2062 fratres
2728 1992 2978 2066 (Philipp.
3014 1996 3065 2049 1.
3098 1994 3218 2065 12);
3241 1995 3528 2065 discipulos
3544 2011 3637 2051 vo-

2060 2092 2146 2136 cat
2187 2082 2396 2139 fratres.
2437 2085 2580 2140 Talis
2619 2086 2815 2156 quippe
2843 2087 3034 2141 caritas
3073 2095 3195 2143 est:
3227 2088 3636 2158 iumqnalitatem

2061 2190 2272 2230 omnem
2299 2177 2497 2246 abjicit,
2527 2178 2979 2246 prmemiuentiam
3002 2187 3056 2234 et
3076 2179 3384 2248 dignitatem
3411 2193 3516 2233 non
3544 2194 3640 2233 no-

2062 2265 2171 2326 vit:
2200 2268 2291 2321 sed
2321 2268 2528 2323 etiamsi
2556 2269 2672 2338 quis
2702 2269 2771 2322 sit
2809 2269 3055 2323 Omnibus
3088 2269 3383 2333 sublimior,
3420 2268 3485 2322 ad
3521 2283 3638 2322 om-

2064 2358 2206 2410 nium
2239 2357 2592 2412 humillimum
2621 2359 2915 2421 descendit,
2944 2358 3082 2429 quod
3101 2370 3153 2412 ct
3180 2359 3373 2413 Paulus
3395 2358 3639 2414 faciebat.

2063 2445 2166 2501 Sed
2197 2449 2473 2504 audiamus
2501 2449 2626 2519 quid
2675 2450 2796 2504 illos
2834 2455 2976 2504 scire
3009 2450 3171 2504 velit:
3200 2449 3332 2514 Quia
3368 2466 3480 2519 qtae
3507 2450 3643 2504 circa

2064 2555 2142 2592 me
2169 2549 2304 2603 sunt,
2329 2542 2487 2612 magis
2515 2543 2582 2595 ad
2609 2545 2886 2613 profectum
2918 2551 3153 2596 venerunt
3179 2543 3420 2611 evangelii
3451 2540 3498 2612 (I
3507 2540 3640 2611 bid.)

2065 2628 2158 2681 Dic
2199 2630 2363 2694 mihi,
2414 2632 2683 2701 quomodo
2732 2643 2787 2687 et
2828 2649 2929 2702 qua
2975 2632 3221 2687 ratione?
3258 2632 3390 2686 Nutu
3442 2647 3473 2686 a
3523 2633 3640 2686 vin-

2063 2721 2198 2775 culis
2240 2722 2491 2778 liberatus
2526 2725 2622 2779 es?
2653 2741 2777 2777 num
2813 2735 3052 2780 catenam
3078 2724 3405 2793 deposuisti,
3433 2734 3481 2780 et
3519 2739 3639 2778 cum

2064 2812 2307 2868 libertate
2338 2814 2388 2867 in
2417 2815 2546 2869 urbe
2576 2815 2830 2884 pra-dicas
2849 2821 2872 2867 't
2902 2832 3022 2868 num
3048 2816 3099 2868 iu
3123 2815 3415 2869 Ecclesiam
3442 2816 3643 2884 ingres-

2077 2917 2168 2956 sns
2198 2904 2381 2973 longos
2413 2905 2713 2975 multosque
2742 2907 2950 2961 texuisti
2982 2919 3257 2960 sermones
3286 2906 3425 2958 circa
3461 2905 3640 2969 fidem,

2065 2994 2364 3064 multosque
2390 2995 2612 3064 adeptus
2639 2996 2929 3066 discipulos
2955 2996 3257 3051 abscessisti
3284 2996 3306 3048 ?
3347 3011 3469 3049 num
3500 3011 3642 3049 mor-

2065 3091 2183 3138 tuos
2211 3087 2474 3141 suscitasti
2496 3127 2512 3152 ,
2552 3095 2605 3142 ct
2645 3087 2979 3141 admirationi
3012 3087 3199 3141 fuisti?
3228 3103 3352 3141 num
3403 3088 3642 3158 leprosos

2065 3179 2328 3232 mundasti
2355 3221 2370 3244 ,
2398 3188 2453 3234 et
2479 3195 2664 3234 omnes
2695 3179 2973 3247 stupefacti
3015 3179 3171 3231 sunt?
3216 3195 3339 3232 num
3375 3179 3643 3232 daemones
3723 3180 3727 3183 ’

2067 3270 2274 3338 iugasti,
2306 3279 2359 3324 et
2380 3271 2623 3324 sublimis
2648 3270 2770 3325 inde
2795 3269 2967 3324 factus
2995 3270 3096 3324 es?
3128 3269 3265 3323 Nihil
3297 3274 3516 3332 borum,
3563 3268 3643 3322 iu-

2066 3363 2201 3430 quit.
2246 3362 2521 3427 Quomodo
2569 3362 2726 3432 igitur
2774 3363 3037 3431 profectus
3064 3362 3318 3430 evangelii
3369 3360 3506 3413 fuit?
3533 3360 3642 3426 die,

2066 3469 2267 3521 quaeso.
2302 3452 2388 3507 Ita
2412 3464 2488 3519 ut,
2515 3454 2704 3524 inquit,
2729 3455 2928 3507 vincula
2954 3470 3064 3507 mea
3086 3453 3349 3523 manifesta
3370 3454 3419 3505 in
3443 3452 3641 3506 Christo

2067 3548 2240 3613 ﬁerent
2265 3547 2316 3600 in
2348 3557 2450 3600 toto
2499 3549 2734 3616 prwtorio
2755 3587 2769 3610 ,
2796 3556 2839 3600 ct
2884 3546 2936 3599 in
2972 3548 3165 3599 ca'tcris
3191 3545 3413 3598 omnibus
3455 3542 3633 3613 (Ibid.

2066 3654 2116 3690 v.
2168 3637 2275 3707 15).
2299 3638 2433 3704 Quid
2459 3639 2635 3693 dicis?
2658 3638 2873 3692 lliccine
2904 3636 3205 3706 profectus?
3237 3637 3345 3689 lucc
3370 3634 3640 3689 accessio?

2067 3728 2168 3785 hoc
2195 3738 2535 3801 augmentum
2580 3730 2973 3801 pratdicationis
2994 3770 3010 3793 ,
3057 3727 3196 3799 quod
3224 3741 3410 3782 omnes
3439 3710 3640 3780 didice-

2066 3822 2192 3887 rint,
2230 3831 2281 3877 te
2306 3821 2544 3876 vinctum
2577 3820 2734 3875 esse?
2764 3819 2957 3881 Etiam,
2990 3820 3180 3888 inquit.
3208 3817 3339 3872 Audi
3364 3818 3520 3886 igitur
3544 3831 3636 3877 ea,

2066 3927 2185 3981 qtne
2208 3920 2520 3982 sequuntur,
2549 3920 2606 3965 ut
2630 3910 2826 3974 discas,
2857 3909 3061 3965 vincula
3091 3924 3194 3963 non
3226 3908 3382 3961 modo
3424 3906 3644 3975 impedi-

2067 4012 2301 4058 mentum
2335 4019 2367 4057 n
2394 4019 2439 4056 ‘n
2468 4003 2629 4057 fuisse
2652 4043 2666 4063 .
2697 4001 2789 4056 scd
2830 4002 2988 4056 etiam
3032 4010 3397 4070 argumentum
3428 3996 3644 4065 majoris

2067 4094 2271 4149 ﬁducia:
2306 4112 2318 4146 :
2351 4093 2437 4146 Ita
2465 4096 2518 4146 ut
2547 4094 2716 4163 plures
2753 4109 2780 4145 e
2803 4091 3048 4163 fratribus
3086 4091 3138 4143 in
3183 4089 3397 4142 Domino
3419 4130 3432 4149 ,
3478 4088 3641 4155 conﬁ-

2067 4186 2238 4239 dentes
2264 4184 2475 4239 vinculis
2495 4183 2616 4237 meis
2637 4223 2651 4246 ,
2683 4182 3026 4235 abundantius
3055 4179 3300 4233 auderent
3331 4180 3438 4235 sine
3466 4178 3644 4230 timore

2066 4278 2265 4331 verbum
2308 4276 2442 4345 loqui
2487 4273 2648 4347 (Ibid.
2676 4289 2722 4327 υ.
2758 4273 2868 4342 Μ).
2916 4271 3050 4339 Quid
3080 4270 3245 4336 dicis,
3299 4268 3496 4322 Paule?
3518 4265 3644 4320 Vin-

2068 4369 2184 4422 cula
2233 4383 2334 4420 non
2381 4366 2739 4426 anxietatem,
2785 4362 2877 4417 sed
2927 4360 3171 4415 lidueiam
3219 4357 3490 4412 indidere?
3539 4370 3642 4410 non

2071 4461 2312 4515 timorem
2335 4500 2349 4520 ,
2389 4458 2480 4512 sed
2512 4456 2786 4512 amorem?
2816 4454 2929 4508 Non
2972 4453 3169 4506 habent
3195 4450 3309 4504 lucc
3337 4450 3475 4504 dicta
3514 4463 3643 4502 con-

2070 4550 2424 4620 sequentiam.
2452 4550 2574 4605 Scio
2607 4557 2661 4602 et
2688 4562 2805 4615 ego.
2831 4545 2945 4599 Non
2974 4545 3113 4597 enim
3142 4542 3430 4596 secundum
3460 4540 3645 4593 buntu-

2071 4658 2255 4695 narum
2286 4654 2462 4694 rerum
2495 4653 2697 4692 morem
2740 4636 2855 4690 hare
2894 4650 2925 4689 c
2947 4634 3267 4702 attigerunt,
3311 4630 3517 4699 inquit:
3549 4627 3645 4683 sed

2069 4745 2226 4800 supra
2254 4737 2493 4784 naturam
2524 4735 2648 4781 sunt
2673 4727 2756 4780 illa
2780 4767 2794 4788 ,
2827 4733 2881 4779 et
2903 4724 3096 4777 divina:
3123 4722 3306 4791 gratia:
3329 4729 3497 4790 gesta.
3523 4718 3645 4772 Ideo

2069 4822 2207 4891 quod
2253 4822 2370 4875 aliis
2417 4821 2735 4873 anxietatem
2780 4818 2947 4885 parit,
2980 4814 3030 4868 id
3062 4815 3199 4885 apud
3231 4813 3376 4867 illum
3402 4812 3643 4867 fiduciam

2072 4912 2356 4981 praebebat.
2394 4910 2601 4964 Etenim
2645 4909 2688 4962 si
2736 4909 2854 4978 quis
2896 4916 3052 4976 capto
3095 4906 3488 4972 constrictoque
3511 4903 3647 4958 duce

2071 5004 2121 5057 id
2152 5003 2381 5072 evulget,
2415 5010 2579 5054 totum
2610 5000 2904 5054 exercitum
2936 5001 2987 5052 in
3017 4997 3190 5067 fugam
3216 4996 3431 5064 conjicit
3461 5011 3477 5052 :
3510 5004 3564 5049 et
3602 4995 3645 5047 si

2071 5095 2190 5164 quis
2222 5102 2488 5165 pastorem
2516 5107 2579 5144 ex
2608 5091 2731 5144 ovili
2761 5089 3039 5143 abduxerit
3063 5129 3079 5154 ,
3106 5085 3354 5156 abigendo
3381 5084 3558 5155 gregis
3585 5085 3647 5139 li-

2073 5186 2327 5239 bertatem
2361 5181 2580 5252 przcbet.
2616 5181 2810 5235 Verum
2838 5195 2943 5233 non
2971 5179 3048 5234 sic
3076 5181 3128 5232 in
3161 5176 3323 5231 Paulo
3347 5217 3363 5241 ,
3395 5174 3489 5230 sed
3516 5190 3647 5230 con~

2074 5278 2292 5332 trarium
2311 5273 2609 5330 eveniebat.
2631 5272 2761 5327 Nam
2779 5271 2883 5326 dux
2904 5270 3237 5339 alligabatur,
3268 5274 3322 5320 et
3359 5266 3649 5319 alacriores

2072 5367 2267 5421 milites
2294 5373 2478 5429 erant,
2512 5363 2803 5433 majorique
2845 5361 3026 5415 animo
3068 5357 3401 5413 adversarios
3438 5353 3644 5408 adorie-

2074 5459 2269 5515 bantur
2295 5473 2311 5515 :
2339 5467 2518 5526 paStor
2542 5457 2861 5508 constrictus
2890 5461 3035 5515 erat,
3063 5457 3119 5504 et
3155 5464 3281 5504 oves
3308 5461 3414 5503 non
3452 5459 3645 5502 consu-

2076 5551 2377 5614 mebantur,
2407 5563 2507 5603 nec
2530 5543 2993 5616 dispergebantur'.

2150 5645 2205 5702 8.
2246 5640 2516 5698 ﬁrmans:
2557 5647 2602 5692 et
2626 5647 2833 5703 (cateiae
2875 5633 3030 5690 Pauli
3066 5649 3263 5705 magna:
3314 5622 3657 5687 consolationi
