4082 6212
475 333 572 388 317

544 454 618 519 η’.
637 446 732 509 Τίς
750 440 877 508 εἶδε,
896 445 979 506 τίς
993 444 1220 512 ἥκουσεν
1245 441 1301 492 ἐν
1329 441 1440 500 τοῖς
1457 437 1563 490 τῶν
1578 433 1912 488 διδασκάλων
1940 435 1994 486 δε
2004 451 2046 485 ι-

474 518 584 596 νοῖς
613 530 829 584 πλείονα
852 523 1193 596 παράκλησιν
1215 521 1592 592 λαμϐάνοντας
1613 519 1740 582 τοὺς
1766 518 2011 588 μαθητάς
2031 534 2046 582 ἶ

475 616 599 679 Πῶς
645 613 744 666 ούκ
781 611 1029 673 ἓδεισαν;
1072 605 1189 669 πῶς
1229 605 1330 658 ούκ
1370 604 1750 673 ἐφοϐήθησαν;
1792 599 1910 664 πῶς
1947 599 2049 652 οὐκ

476 696 625 751 εἷπον
650 695 787 768 πρὸς
815 694 906 746 τὸν
938 689 1174 756 Παῦλον,
1215 687 1414 756 Ἰατρὲ,
1451 685 1830 754 θεράπευσον
1863 697 2048 736 σεαυ-

479 782 616 844 τόν;
649 766 958 843 ἀπάλλαξον
999 773 1224 828 σεαυτὸν
1269 771 1378 825 τῶν
1423 769 1778 824 πολυπλόκων
1828 766 2047 828 δεινῶν,

475 865 569 916 καὶ
606 863 726 916 τότε
776 861 907 933 ήμῖν
955 857 1024 911 τά
1062 856 1232 928 μυρία
1283 854 1637 926 προξενήσεις
1672 850 1872 916 ἀγαθά.
1911 848 2050 933 Πῶς

473 943 643 1000 ταῦτα
686 945 786 997 οὐκ
844 939 1036 1005 εἶπον;
1086 926 1246 1003 Πῶς;
1300 938 1383 990 ὃτι
1437 933 1864 1004 πεπαιδευμένοι
1909 926 2050 1002 ἦσαν

476 1029 627 1100 παρά
656 1027 757 1097 τῆς
795 1024 890 1078 τοῦ
921 1023 1240 1092 Πνεύματος
1268 1019 1510 1091 χάριτος,
1547 1017 1630 1069 ὅτι
1657 1015 1831 1069 ταῦτα
1862 1013 1963 1066 οὐκ
1992 1011 2051 1078 ἐξ

473 1097 754 1171 ἀσθενείας
788 1109 1018 1176 ἐγίνετο,
1053 1105 1168 1159 ἀλλ’
1202 1106 1267 1156 ἐκ
1297 1104 1392 1174 τῆς
1433 1099 1526 1154 τοῦ
1565 1097 1802 1170 Χριστοῦ
1837 1114 2049 1166 συγχω-

478 1200 709 1268 ρήσεως,
740 1194 827 1246 ἵνα
873 1189 1136 1262 μειζόνως
1163 1189 1198 1258 ή
1239 1185 1468 1258 ἀλήθεια
1505 1183 1810 1255 διαλάμπῃ,
1841 1180 1932 1234 διά
1962 1179 2052 1268 δε-

477 1262 631 1349 σμῶν
670 1277 763 1330 καὶ
811 1273 1066 1345 φυλακῶν
1115 1272 1210 1326 καὶ
1263 1270 1494 1339 θλίψεων
1537 1269 1632 1321 καὶ
1678 1262 2052 1336 στενοχωριῶν

477 1346 815 1432 αύξανομένη
850 1361 946 1413 καὶ
983 1359 1118 1430 πρὸς
1153 1359 1336 1428 μεῖζον
1367 1354 1631 1427 αίρομένη
1670 1346 2052 1432 μέγεθοςὶοῦ-

473 1465 582 1510 τως
613 1447 645 1516 ἡ
680 1429 910 1515 δύναμις
950 1429 1044 1495 τοῦ
1074 1438 1310 1512 Χριστοῦ
1347 1440 1404 1490 ἐν
1441 1435 1697 1506 ἀσθενείᾳ
1726 1429 2051 1486 τελειοῦται.

476 1531 536 1583 Ei
573 1515 672 1600 μέν
705 1527 813 1599 1&9
858 1525 1184 1580 ὑπεσκέλισε
1228 1523 1320 1576 τὸν
1349 1521 1562 1575 Παῦλον
1598 1519 1668 1573 τά
1719 1515 1915 1588 δεσμὰ,
1958 1516 2054 1568 καὶ

472 1613 771 1684 δειλότερον
803 1610 1082 1682 ἐποίησεν,
1116 1609 1149 1680 ἢ
1196 1605 1378 1671 αύτδν,
1417 1605 1450 1674 ἢ
1486 1603 1612 1666 τοὺς
1656 1601 1850 1684 ἐκείνῳ
1879 1614 2054 1670 προσ-

473 1683 706 1766 ήκοντας
743 1694 850 1746 εδει
880 1693 1186 1762 διαπορεῖν·
1224 1690 1271 1742 εί
1297 1689 1354 1740 δέ
1392 1686 1590 1758 μᾶλλον
1647 1683 1870 1755 θαρρεῖν
1911 1697 2054 1766 παρ-

474 1763 742 1831 εσκεύασε
765 1779 860 1830 καὶ
878 1777 957 1838 εἰς
983 1774 1205 1828 πλείονα
1226 1771 1384 1836 δόξαν
1401 1772 1628 1840 ἢγαγεν,
1654 1763 2054 1837 ἐκπλήττεσθαι

474 1861 554 1913 δεῖ
583 1861 678 1915 καὶ
701 1859 1022 1929 θαυμάζειν,
1044 1856 1160 1920 πῶς
1179 1855 1269 1908 διά
1301 1854 1623 1924 πράγματος
1651 1849 1876 1919 ἀτιμίαν
1905 1848 2057 1918 έχον-

475 1961 567 2006 τος
608 1943 736 2008 δόξα
779 1941 855 2011 τῷ
899 1940 1116 2011 μαθητῇ
1169 1936 1542 2010 προεξενεῖτο,
1595 1935 1684 1987 διὰ
1727 1933 2056 2005 πράγματος

476 2025 677 2079 δειλίαν
723 2023 1086 2095 ἐμϐάλλοντος
1116 2022 1315 2093 θάρσος
1353 2022 1448 2073 καὶ
1496 2017 1846 2090 παράκλησις
1889 2015 2056 2067 πᾶσιν

477 2108 708 2171 ἐκείνοις
756 2107 997 2177 ἐγένετο.
1033 2105 1130 2167 Τίς
1168 2104 1275 2175 1&9
1325 2103 1486 2156 αὑτὸν
1540 2101 1641 2153 ούκ
1695 2098 2058 2168 ἐξεπλήττετο

474 2191 596 2245 τότε
625 2231 641 2256 ,
693 2191 835 2262 ὁρῶν
886 2190 1076 2244 ἅλυσιν
1133 2186 1555 2259 περικείμενονς
1608 2183 1741 2236 Τότε
1802 2181 2059 2252 δαίμονες

477 2273 836 2345 ἐδραπέτευον
855 2273 1076 2345 μᾶλλον,
1096 2273 1184 2326 ὅτε
1217 2270 1404 2341 ἐώρων
1424 2268 1586 2322 αὑτὸν
1613 2269 1671 2320 ἐν
1696 2262 2058 2336 δεσμωτηρίῳ

475 2357 845 2428 διατρίϐοντα.
878 2357 951 2411 Ού
977 2357 1087 2428 γὰρ
1116 2356 1262 2408 οὕτω
1307 2352 1597 2424 βασιλικὴν
1642 2347 1886 2420 κεφαλὴν
1914 2347 2059 2417 λαμ-

477 2442 623 2513 πράν
655 2441 717 2495 τὸ
753 2440 992 2513 διάδημα
1039 2442 1220 2504 ποιεῖ,
1276 2439 1352 2502 ὡς
1400 2435 1501 2502 τάς
1549 2435 1759 2489 ἐκείνου
1798 2434 1986 2503 χεῖρας
2024 2431 2059 2500 ἡ

477 2525 688 2589 ἅλυσις,
721 2526 782 2578 ού
835 2523 987 2595 παρά
1018 2524 1116 2594 τὴν
1156 2521 1364 2575 οἰκείαν
1398 2519 1581 2590 φύσιν,
1616 2517 1751 2572 ἀλλά
1784 2515 1936 2587 παρά
1961 2513 2060 2584 τὴν

479 2609 830 2662 ἁπανθοῦσαν
867 2609 1061 2670 αὑταῖς
1089 2607 1273 2676 χάριν.
1319 2604 1418 2658 Διά
1457 2603 1617 2657 τοῦτο
1658 2599 1829 2669 πολλὴ
1877 2596 2060 2669 παρά-

479 2693 671 2762 κλησις
697 2691 906 2761 ἐγίνετο
929 2693 1041 2753 τοῖς
1069 2689 1358 2760 μαθηταῖς.
1385 2685 1493 2740 Καὶ
1525 2686 1635 2756 γάρ
1658 2682 1844 2752 ἐώρων
1867 2679 1928 2762 τό
1959 2679 2058 2762 μὲν

480 2760 640 2846 σῶμα
665 2760 972 2844 δεδεμένον,
996 2773 1094 2844 τὴν
1119 2771 1178 2824 δὲ
1203 2769 1452 2838 γλῶτταν
1475 2768 1535 2821 ού
1559 2765 1846 2846 δεδεμένην
1863 2779 1877 2794 ο
1906 2760 2058 2846 [507]

476 2845 576 2923 τάς
607 2858 706 2928 μὲν
733 2859 923 2929 χεῖρας
951 2854 1310 2924 ἐσφιγμένας,
1342 2852 1434 2905 τὸν
1471 2850 1528 2904 δὲ
1562 2849 1720 2918 λόγον
1745 2845 2059 2917 λελυμένον,

480 2949 575 3000 καί
596 2946 696 3018 τῆς
724 2948 944 3009 ἀκτῖνος
966 2948 1067 3017 τῆς
1093 2943 1321 3016 ἡλιακῆς
1347 2940 1645 3013 ταχύτερον
1669 2937 1770 3010 τὴν
1802 2933 2060 3006 οἰκουμέ-

481 3045 578 3102 νην
609 3030 966 3103 ἐπιτρέχοντα
993 3032 1190 3084 πᾶσαν.
1229 3025 1338 3081 Καὶ
1369 3025 1527 3079 τοῦτο
1559 3025 1740 3086 αὐτοῖς
1777 3018 2063 3092 παράκλη-

485 3138 567 3185 σις
593 3121 800 3189 ἐγίνετο
821 3118 909 3173 διὰ
935 3118 1044 3173 τῶν
1070 3117 1245 3189 ἔργων
1269 3114 1650 3188 μανθάνουσιν,
1672 3113 1755 3165 ὅτι
1783 3110 1934 3164 ούδέν
1953 3107 2062 3160 τῶν

484 3204 766 3278 παρόντων
798 3203 989 3258 δεινόν.
1024 3201 1135 3257 Καὶ
1171 3200 1280 3269 1&9
1312 3201 1440 3254 ὅταν
1468 3196 1574 3251 ὑπὸ
1599 3196 1744 3250 θείου
1772 3192 1938 3246 πόθου
1968 3191 2064 3244 καὶ

482 3292 688 3364 ἔρωτος
731 3295 766 3365 ὴ
807 3291 956 3363 ψυχὴ
987 3290 1220 3362 βαφεῖσα
1251 3289 1392 3361 τύχῃ
1429 3285 1704 3355 γνησίως,
1743 3283 1879 3352 πρὸς
1911 3279 2062 3365 οὑδέν

483 3364 874 3449 ἐπιστρέφεται
906 3375 1014 3428 τῶν
1047 3375 1364 3446 παρόντων
1403 3371 1519 3425 ἀλλ’
1561 3369 1750 3439 ὥσπερ
1796 3367 1846 3420 οἱ
1879 3364 2066 3437 μαινό-

487 3482 640 3535 μενοι
659 3465 755 3517 καὶ
778 3464 950 3536 πυρὸς
969 3465 1063 3517 καὶ
1089 3462 1308 3533 σιδήρου
1331 3459 1426 3514 καὶ
1447 3457 1648 3532 θηρίων
1670 3457 1768 3510 καὶ
1793 3454 2067 3522 πελάγους

487 3554 581 3607 καὶ
614 3554 834 3607 πάντων
881 3550 1322 3622 κατατολμῶσιν,
1356 3548 1501 3602 οὓτω
1543 3546 1639 3600 καὶ
1668 3540 1815 3600 οὗτοι
1868 3541 2066 3612 μανίαν

485 3640 608 3694 τινὰ
634 3639 928 3707 καλλίστην
959 3639 1056 3690 καὶ
1089 3632 1617 3706 πνευματικωτάτην
1647 3630 1928 3701 μανόντες,
1961 3645 2067 3699 μα·

486 3729 609 3782 νίαν
640 3727 750 3780 ἀπὸ
785 3723 1140 3795 σωφροσύνης
1163 3721 1480 3792 γινομένην,
1504 3719 1727 3772 πάντων
1754 3716 2068 3784 κατεγέλων

486 3819 596 3871 τῶν
625 3816 939 3888 δρωμένων.
977 3816 1077 3868 Διά
1107 3813 1269 3867 τοῦτο
1293 3809 1580 3882 δεδεμένον
1604 3808 1842 3881 ὁρῶντες
1868 3806 1959 3860 τδν
1991 3805 2072 3858 δι·

487 3908 777 3971 δάσκαλον,
821 3906 1022 3978 μᾶλλον
1060 3904 1352 3974 ἐσκίρτων,
1389 3901 1591 3973 μᾶλλον
1621 3899 1942 3971 ἠγάλλοντο,
1981 3896 2070 3950 διὰ

485 4000 600 4054 τῶν
625 3999 804 4073 ἔργων
837 4000 950 4062 τοῖς
981 3998 1244 4060 ἐναντίοις
1279 3995 1463 4056 δόντες
1488 3991 1787 4060 ἀπόδειξιν,
1816 3992 1898 4044 ὅτι
1931 3991 2071 4045 πάν-

487 4089 644 4146 τοθέν
670 4091 808 4144 εἰσιν
842 4088 1112 4143 ἀνάλωτοι
1139 4089 1234 4141 καὶ
1267 4085 1578 4157 ἀχείρωτοι.

545 4183 612 4236 θ’.
631 4181 765 4235 Τότε
779 4179 983 4243 τοίνυν,
997 4180 1087 4233 ὅτε
1103 4181 1160 4232 ἐν
1174 4177 1386 4240 τούτοις
1408 4175 1478 4229 τά
1501 4176 1803 4249 πράγματα
1822 4171 1914 4247 ἦν,
1928 4174 2072 4238 τινὲς

489 4275 601 4328 τῶν
651 4271 862 4344 ἐχθρῶν
917 4271 1027 4325 τῶν
1065 4270 1276 4324 Παύλου
1331 4269 1644 4340 βουλόμενοι
1693 4268 1786 4322 τὸν
1837 4266 2071 4337 πόλεμον

492 4361 1265 4438 άναρῤιπίσαιχα).επώτερον,
1304 4359 1396 4414 καὶ
1434 4358 1654 4430 μείζονα
1680 4357 1777 4412 τοῦ
1807 4357 2071 4428 τυράννου

495 4458 721 4528 ποιῆσαι
766 4459 863 4530 τὴν
892 4457 1032 4528 πρὸς
1080 4455 1244 4509 αὐτὸν
1286 4452 1612 4524 ἀπέχθειαν,
1647 4452 2074 4523 προσεποιοῦντο

493 4552 592 4606 καὶ
618 4551 772 4605 αὐτοὶ
811 4549 1105 4622 κηρύττειν
1125 4587 1140 4612 ,
1180 4547 1274 4601 καὶ
1306 4547 1605 4618 ἐκήρυττον
1637 4545 1738 4616 τὴν
1771 4543 1939 4616 ὀρθὴν
1978 4545 2074 4598 καὶ

495 4640 623 4710 ὑγιῆ
657 4641 842 4692 πίστιν
871 4639 1014 4706 ὑπὲρ
1039 4637 1134 4690 τοῦ
1170 4637 1230 4690 τὸ
1256 4635 1435 4705 δόγμα
1465 4633 1744 4687 ἐπιδοῦναι
1777 4631 2070 4704 μειζόνως’

494 4731 654 4785 τοῦτο
678 4733 734 4785 δέ
762 4731 1000 4794 ἐποίουν,
1023 4729 1142 4799 ούχὶ
1161 4727 1259 4798 τὴν
1282 4727 1465 4780 πίστιν
1489 4728 1709 4798 σπεῖραι
1737 4725 2074 4797 βουλόμενοι,

496 4823 613 4878 ἀλλ’
642 4822 732 4876 ἵνα
771 4818 960 4891 μαθὼν
1005 4821 1034 4874 ὀ
1075 4818 1296 4891 Νέρων,
1327 4817 1502 4870 ὅτιτὸ
1542 4819 1808 4888 κήρυγμα
1851 4815 2074 4882 αὔξεται

500 4914 593 4968 καὶ
629 4912 690 4965 τὸ
727 4911 904 4981 δόγμα
935 4908 1235 4969 ἐπιδίδωσι.
1262 4907 1561 4978 ταχύτερον
1602 4906 1692 4959 τὸν
1733 4905 1942 4959 Παύλον
1981 4904 2075 4959 ἐπὶ

497 5007 559 5060 τὸ
599 5001 872 5076 βάραθρον
907 5001 1190 5070 ἀπαγάγῃ.
1228 4998 1331 5051 Δύο
1382 4998 1563 5051 τοίνυν
1599 4992 1666 5067 ἧν
1705 4994 2072 5057 διδασκαλεῖα,

497 5096 607 5150 τῶν
639 5095 853 5151 Παύλου
880 5091 1158 5166 μαθητῶν,
1193 5092 1286 5144 καὶ
1308 5089 1418 5143 τῶν
1439 5088 1647 5161 ἐχθρῶν
1674 5088 1783 5142 τῶν
1809 5087 1902 5141 τοῦ
1928 5087 2075 5140 Παύ-

499 5188 592 5242 λου
612 5205 628 5220 ⁶
663 5188 772 5241 τῶν
799 5186 898 5258 μὲν
931 5185 990 5250 ἐξ
1017 5182 1275 5255 ἀληθείας
1314 5181 1714 5252 κηρυττόντων.
1744 5179 1854 5233 τῶν
1881 5179 1938 5232 δὲ
1968 5178 2076 5232 ἀπὸ

502 5279 832 5350 φιλονεικίας
867 5276 961 5331 καὶ
987 5276 1086 5346 τῆς
1115 5273 1250 5344 πρὸς
1269 5272 1360 5326 τὸν
1387 5270 1596 5324 Παῦλον
1624 5270 1940 5341 ἀπεχθείας.
1964 5269 2076 5323 Καὶ

498 5372 673 5427 ταῦτα
710 5369 886 5440 δηλῶν
937 5367 1087 5436 ἔλεγε
1110 5385 1124 5400 ο
1189 5363 1353 5430 Τινὲς
1392 5362 1510 5433 μὲν
1555 5361 1654 5417 διὰ
1699 5363 1929 5431 φθόνον
1975 5360 2074 5428 καὶ

500 5465 629 5533 ἔριν
668 5463 777 5517 τὸν
821 5459 1079 5531 Χριστὸν
1122 5458 1557 5524 κηρύττουσιν,
1590 5453 1832 5516 ἐκείνους
1873 5452 2078 5524 ἐμφαί-

501 5573 610 5613 νων
645 5555 774 5619 τοὺς
798 5551 1053 5625 ἐχθρούςο
1091 5549 1257 5616 Τινὲς
1286 5549 1354 5602 δὲ
1385 5548 1486 5602 καί
1509 5548 1584 5602 δι’
1609 5545 1912 5607 εὐδοκίαν,
1947 5543 2076 5615 περὶ

503 5647 614 5701 τῶν
643 5645 834 5700 ἐαυτοῦ
872 5643 1128 5716 μαθητῶν
1158 5641 1320 5694 τοῦτο
1354 5639 1552 5707 λέγων.
1587 5634 1724 5693 Εἷπε
1757 5635 1921 5689 πάλιν
1947 5635 2075 5705 περὶ

508 5737 748 5801 ἐκείνων,
785 5738 849 5789 οι
872 5734 988 5802 μὲν
1019 5733 1087 5797 ἐξ
1118 5731 1391 5799 ἐριθείας,
1417 5732 1467 5783 οἱ
1497 5728 1708 5798 ἐχθροί·
1740 5727 1838 5796 ούχ
1865 5727 2067 5794 ἁγνῶς,

1131 331 1194 386 S.
1244 328 1532 386 JOANNIS
1568 324 2067 384 CHRYSOSTOMI
2108 318 2431 378 ARCHIEP.
2473 311 3027 374 CONSTANTl-NOP.

3620 293 3730 350 318

2150 431 2247 501 ούχ
2279 425 2446 496 ὑγιῶς
2470 465 2484 491 ,
2531 422 2644 476 ἀλλ’
2685 420 2952 489 Οὶόμενοι
2998 417 3209 501 θλίψιν
3257 416 3560 501 ἐπιφέρειν
3602 415 3731 480 τοῖς

2152 499 2396 582 δεσμοῖς
2418 525 2568 579 μου·
2613 508 2668 560 οἱ
2696 504 2765 558 δὲ
2800 501 2868 567 ἐξ
2904 500 3168 572 ἀγάπης·
3198 499 3360 553 πάλιν
3404 499 3562 552 τοῦτο
3595 500 3730 582 περὶ

2153 581 2269 650 τῶν
2319 589 2560 660 ἀδελφῶν
2597 587 2706 642 τῶν
2749 584 2979 638 ἐαυτοῦ’
3025 581 3266 648 Είδότες
3309 582 3399 636 ὅτι
3445 585 3536 649 είς·
3586 581 3735 636 ἁπο-

2151 679 2369 748 νίογίαν
2418 674 2524 729 τοῦ
2559 668 2930 738 Εὐάγγελίου
2983 666 3199 748 κεῖμαι.
3256 667 3316 718 Τί
3363 665 3506 735 γάρς
3556 664 3734 732 Πλὴν

2153 747 2334 818 παντὶ
2385 759 2624 826 τρόπῳ,
2684 753 2804 806 εἴτε
2875 747 3210 818 προφάσει,
3259 749 3380 801 εἴτε
3433 749 3733 815 ἀληθείᾳ,

2152 841 2406 913 Χριστὸς
2468 835 2952 908 καταγγέλλεται.
3007 832 3169 883 Ὥστε
3225 831 3403 901 μάτην
3457 831 3550 883 καὶ
3606 829 3735 898 εἰκῆ

2153 926 2247 979 ἐπὶ
2298 924 2410 977 τῶν
2463 922 2728 993 αἱρέσεων
2780 914 2940 970 τοῦτο
2983 915 3045 968 τὸ
3097 914 3248 984 ῥῆμα
3299 913 3735 984 παραλαμϐάνε-

2151 1027 2264 1062 ται.
2299 1009 2361 1062 Oi
2401 1007 2510 1077 γὰρ
2544 1005 2664 1058 τότε
2712 999 3078 1072 κηρύττοντες
3114 997 3235 1068 οὐχὶ
3267 995 3444 1066 δόγμα
3475 994 3738 1065 διεφθαρ-

2157 1093 2317 1164 μένον
2358 1091 2693 1160 ἐκήρυττον,
2743 1084 2879 1138 ἀλλά
2924 1082 3104 1136 πίστιν
3151 1081 3277 1151 ύγιῆ
3320 1081 3414 1164 καί
3447 1079 3637 1150 ὀρθήν.
3670 1077 3736 1132 Εἰ

2153 1160 2263 1245 γὰρ
2291 1173 2466 1242 δόγμα
2502 1167 2896 1239 διεφθαρμένον
2925 1166 3245 1236 ἐκήρυττον,
3274 1165 3366 1216 καὶ
3393 1163 3555 1234 ἕτερα
3578 1160 3738 1230 παρά

2153 1257 2245 1310 τὸν
2299 1255 2511 1310 Παῦλον
2564 1251 2880 1316 ἐδίδασκον,
2941 1249 3041 1302 οὐκ
3092 1247 3315 1318 ἔμελλεν
3369 1247 3551 1308 αὐτοῖς
3593 1261 3732 1314 προ-

2154 1341 2374 1411 χωρεῖν,
2416 1338 2554 1408 ὅπερ
2588 1333 2892 1388 ἐϐούλοντο.
2925 1332 2990 1384 Τί
3035 1331 3091 1384 δὲ
3139 1329 3422 1384 ἐϐούλοντο
3438 1345 3460 1411 ,γ
3493 1325 3734 1411 Τῆςῌπίο

2157 1408 2326 1485 στεως
2357 1421 2423 1474 αύ
2433 1418 2684 1491 ξηθείσης
2717 1415 2812 1470 καὶ
2828 1413 3040 1468 πολλῶν
3067 1412 3376 1482 γενομένων
3395 1410 3501 1464 τῶν
3516 1408 3731 1462 Παύλου

2160 1502 2437 1575 μαθητῶν,
2456 1503 2536 1566 είς
2566 1500 2790 1571 μείζονα
2815 1497 3047 1567 πόλεμον
3080 1496 3170 1549 τὸν
3190 1495 3417 1566 Νέρωνα
3445 1493 3730 1563 διεγεῖραι.

2157 1587 2221 1638 Et
2271 1587 2327 1639 δέ
2365 1586 2527 1657 ἔτερα
2577 1584 2824 1653 δόγματα
2869 1581 3188 1650 ἐκήρυττον,
3233 1579 3334 1632 ούκ
3389 1577 3454 1630 ἂν
3503 1575 3734 1638 πολλοις

2158 1671 2421 1741 ἐποίησαν
2448 1671 2576 1732 τοὺς
2625 1666 2838 1721 Παύλου
2872 1665 3139 1737 μαθητάς·
3193 1663 3267 1734 μὴ
3315 1659 3591 1722 ποιοῦντες
3638 1659 3730 1721 δὲ,

2158 1756 2259 1809 οὐκ
2294 1754 2359 1808 ἂν
2404 1752 2730 1824 παρώξυναν
2757 1751 2850 1804 τὸν
2903 1750 3187 1819 τύραννον.
3238 1747 3312 1800 Οὐ
3357 1745 3533 1798 τοίνυν
3573 1741 3735 1795 τοῦτό

2159 1855 2341 1907 φησιν.
2377 1838 2457 1890 ὅτι
2487 1835 2857 1906 διεφθαρμένα
2911 1833 3155 1904 δόγματα
3189 1831 3426 1900 εἰσῆγον,
3458 1828 3570 1882 ἀλλ’
3594 1827 3677 1878 ὅτι
3697 1827 3734 1894 ή

2158 1920 2325 1983 αἰτία,
2357 1921 2449 1989 ἀφ’
2471 1916 2538 1992 ἧς
2564 1920 2882 1990 ἐκήρυττον,
2901 1915 3038 1986 αὕτη
3068 1911 3136 1986 ἦν
3164 1911 3553 1982 διεφθαρμένη.
3571 1907 3734 1960 Ἐτε-

2164 2021 2256 2076 ρον
2290 2004 2400 2074 γάρ
2427 2006 2544 2056 ἐστι
2574 2001 2756 2056 λαλεῖν
2788 2000 2886 2071 τήν
2919 2000 3193 2070 πρόφασιν
3226 1995 3320 2050 τοῦ
3357 1993 3736 2076 κηρύγματος,

2160 2075 2254 2140 καὶ
2275 2086 2460 2158 ἕτερον
2489 2085 2621 2138 αὐτὸ
2641 2083 2702 2138 τὸ
2729 2084 2991 2155 κήρυγμα
3044 2081 3118 2152 μὴ
3155 2077 3290 2133 εἶναι
3320 2076 3491 2146 ὑγιές.
3529 2075 3602 2127 τὸ
3638 2077 3740 2158 μὲν

2159 2169 2269 2240 1&9
2308 2153 2571 2242 κήρυγμα
2599 2167 2660 2220 ού
2715 2153 2925 2235 γίνεται
2953 2164 3126 2234 ὑγιὲς,
3161 2164 3286 2217 ὅταν
3313 2159 3384 2215 τά
3429 2158 3677 2242 δόγματα

2161 2239 2634 2322 πλάνηςήγέμοντα
2654 2265 2669 2281 ο
2724 2251 2760 2320 ή
2803 2248 3076 2320 πρόφασις
3105 2246 3159 2298 δὲ
3189 2245 3250 2298 οὐ
3293 2243 3509 2312 ⁴γίνεται
3542 2239 3704 2311 ὑγιὴς
3723 2281 3739 2300 ,

2159 2337 2289 2390 ὅταν
2321 2335 2383 2388 τὸ
2415 2335 2514 2405 μὲν
2538 2335 2800 2406 κήρυγμα
2835 2331 2984 2402 ὑγιὲς
3019 2325 3076 2402 ᾗ,
3105 2331 3153 2382 οί
3181 2330 3237 2382 δέ
3270 2326 3630 2399 κηρύττοντες
3662 2324 3740 2394 μὴ

2160 2419 2249 2472 διά
2287 2418 2380 2472 τδν
2429 2416 2561 2470 Θεὸν
2601 2405 2968 2488 κηρύττωσιν,
3016 2410 3134 2466 ἀλλ’
3182 2411 3216 2482 ἢ
3272 2411 3408 2482 πρὸς
3454 2407 3677 2480 ἔχθραν,
3704 2405 3740 2477 ἢ

2163 2502 2299 2574 πρὸς
2331 2501 2492 2572 χάριν
2525 2499 2750 2570 ἐτέρων.

2235 2583 2384 2655 [308]
2405 2589 2454 2635 ι’.
2474 2582 2549 2635 Οὐ
2560 2582 2738 2635 τοίνυν
2753 2579 2910 2634 τοῦτό
2933 2596 3120 2651 φησιν,
3140 2580 3222 2633 ὅτι
3240 2577 3478 2647 αἱρέσεις
3495 2575 3739 2646 εἰσῆγον,

2161 2666 2278 2720 ἀλλ’
2307 2667 2388 2720 ὅτι
2405 2666 2505 2719 οὐκ
2523 2665 2632 2718 ἀπὸ
2654 2663 2983 2736 προτάσεως
3007 2661 3194 2733 ὀρθῆς,
3210 2660 3330 2714 οὐδὲ
3351 2658 3418 2712 δι’
3457 2657 3744 2711 εὐλάϐειαν

2163 2750 2485 2821 ἐκήρυττον,
2513 2749 2650 2820 ὅπερ
2687 2748 3008 2817 ἐκήρυττον.
3041 2745 3116 2797 Ού
3148 2744 3258 2814 γάρ
3277 2742 3364 2795 ἵνα
3394 2741 3457 2794 τὸ
3488 2738 3739 2808 Εὐαγγέ-

2162 2831 2275 2884 λιον
2305 2831 2607 2902 αύξὴσωσι,
2638 2827 2797 2883 τοῦτο
2821 2829 3062 2890 ἐποίουν,
3099 2826 3215 2882 ἀλλ’
3269 2826 3357 2878 ἴνα
3406 2824 3537 2878 αὐτὸ
3580 2821 3744 2875 πολε-

2167 2915 2381 2985 μήσωσι
2404 2925 2454 2977 ﬁ,
2480 2913 2573 2967 καὶ
2598 2915 2677 2976 εἰς
2709 2910 2928 2983 μείζονα
2951 2911 3113 2964 αὐτὸν
3155 2907 3436 2980 ἐμϐάλωσι
3472 2905 3740 2960 κίνδυνονο

2163 2995 2250 3049 διὰ
2275 2995 2432 3050 τοῦτο
2461 2995 2645 3058 αὐτοῖς
2690 2993 2930 3063 ἐγκαλεῖ.
2975 2993 3086 3046 Καὶ
3125 2993 3227 3063 ὅρα
3260 2991 3375 3054 πῶς
3413 2988 3549 3060 μετά
3580 2989 3745 3058 ἀκρι-

2164 3079 2319 3142 ϐείας
2347 3079 2480 3132 αὐτὸ
2524 3078 2788 3131 τέθεικεν·
2828 3079 3095 3146 Οίόμενοι
3128 3075 3358 3143 θλίψιν,
3389 3072 3572 3143 φησὶν,
3615 3070 3746 3122 ἐπι-

2164 3163 2368 3232 φέρειν
2402 3163 2528 3228 τοῖς
2555 3161 2804 3231 δεσμοῖς
2828 3178 2967 3230 μου.
3003 3160 3116 3213 υύκ
3153 3155 3328 3222 εἶπεν,
3357 3155 3741 3225 ἐπιφέροντες,

2165 3247 2317 3315 ἀλλ’,
2365 3249 2634 3316 Οίόμενοι
2683 3243 3027 3314 ἐπιφέρειν,
3075 3242 3345 3305 τουτέστι,
3402 3236 3740 3308 νομίζοντες·

2165 3331 2384 3393 δεικνὺς
2408 3331 2490 3384 ὅτι
2521 3330 2571 3382 εί
2594 3329 2687 3382 καὶ
2721 3331 2918 3381 ἐκεῖνοι
2952 3325 3286 3398 νομίζουσιν,
3309 3324 3425 3378 ἀλλ’
3448 3325 3549 3377 ούκ
3582 3319 3743 3383 αὐτὸς

2167 3414 2310 3468 οὕτω
2331 3413 2623 3476 διάκειται,
2640 3411 2776 3465 ἀλλὰ
2791 3411 2886 3464 καὶ
2907 3411 3090 3481 χαίρει
3116 3409 3202 3462 διά
3221 3407 3320 3480 τὴν
3340 3405 3435 3460 τοῦ
3465 3423 3534 3474 κη
3545 3404 3746 3476 ρύγμα-

2167 3514 2260 3560 τος
2311 3497 2570 3550 ἐπίδοσιν.
2617 3496 2928 3565 Ἐπήγαγεν
2975 3490 3069 3545 οὖν
3101 3491 3294 3560 λέγων’
3338 3488 3514 3543 Ἀλλὰ
3547 3487 3646 3540 καί
3675 3486 3748 3538 ἐν

2169 3580 2359 3644 τούτῳ
2389 3580 2573 3648 χαίρω
2590 3578 2688 3631 καί
2713 3575 3074 3645 χαρήσομαιο
3094 3576 3141 3628 εί
3157 3573 3214 3627 δέ
3233 3571 3441 3640 πλάνην
3457 3570 3528 3624 τά
3541 3570 3748 3636 δόγμα-

2168 3678 2238 3715 τα
2267 3658 2402 3732 εἶχε,
2455 3662 2548 3715 καὶ
2585 3661 2825 3732 αἱρέσεις
2859 3657 3080 3727 εἰσῆγον
3131 3659 3344 3717 ἐκεῖνοι,
3373 3654 3474 3705 οὐκ
3507 3650 3746 3720 ἠδύνατο

2171 3745 2384 3817 χαίρειν
2413 3746 2440 3798 ό
2461 3744 2693 3808 Παῦλος.
2741 3742 2961 3812 Ἐπειδὴ
2987 3742 3042 3795 δὲ
3073 3740 3224 3809 ύγιές
3245 3738 3336 3792 καὶ
3361 3735 3651 3790 ἀνόθευτον
3673 3733 3738 3817 τί)

2171 3816 2369 3900 δόγμα,
2395 3828 2483 3882 διά
2511 3827 2667 3882 τοῦτό
2698 3843 2868 3896 φησι,
2911 3827 3103 3892 Χαίρω
3141 3821 3239 3875 καί
3283 3817 3638 3890 χαρήσομαι.
3670 3816 3748 3900 ,Τί

2172 3899 2304 3984 1&9,
2341 3914 2389 3964 εί
2429 3913 2656 3976 ἑαυτοὺς
2703 3909 3062 3964 ἀπολλύουσιν
3092 3908 3312 3969 ἐκεῖνοι,
3358 3901 3418 3967 ἐξ
3451 3899 3746 3972 ἀπεχθείας

2172 3997 2332 4051 τοῦτο
2361 3997 2669 4058 ποιοῦντες;
2697 3993 2860 4048 ’Δλλά
2877 3993 2944 4046 τά
2964 3991 3075 4063 ἐμά
3101 3991 3194 4044 καὶ
3219 3991 3443 4051 ἄκοντες
3472 3984 3743 4049 αὔξουσιν.

2174 4077 2329 4144 Εἶδες
2361 4079 2502 4151 πόση
2529 4078 2624 4132 τοῦ
2659 4075 2875 4131 Παύλου
2899 4077 2949 4147 ’ὴ
2977 4073 3238 4146 δύναμις;
3275 4075 3394 4135 πῶς
3440 4069 3618 4124 οὐδενὶ
3639 4067 3748 4120 τῶν

2173 4163 2268 4216 τοῦ
2301 4159 2546 4216 διαϐόλου
2582 4159 2992 4232 μηχανημάτων
3021 4156 3300 4212 ἁλίσκεται
3320 4171 3335 4219 ;
3358 4154 3469 4208 Καὶ
3500 4152 3563 4206 ού
3589 4153 3748 4221 μόνον

2174 4247 2272 4316 οὐχ
2302 4245 2622 4309 ἁλίσκεται,
2665 4242 2803 4296 ἀλλά
2857 4241 2952 4295 καὶ
2979 4241 3164 4303 αὐτοῖς
3200 4237 3417 4300 τούτοις
3446 4235 3608 4290 αὐτὸν
3638 4251 3748 4305 χειο

2178 4327 2386 4401 ροῦται.
2402 4326 2578 4398 Πολλὴ
2599 4326 2698 4398 μὲν
2724 4325 2834 4396 γάρ
2857 4321 2952 4378 οὖν
2974 4324 3068 4378 καὶ
3087 4321 3230 4394 ήτοῦ
3253 4319 3500 4375 διαϐόλου
3521 4333 3749 4401 κακουρι

2175 4413 2304 4480 γία,
2343 4411 2440 4465 καὶ
2477 4409 2588 4464 τῶν
2637 4410 2833 4478 ἐκείνῳ
2873 4405 3266 4461 διακονούντων
3304 4406 3337 4473 ἡ
3385 4400 3650 4472 πονηρία·
3693 4400 3748 4450 ἐν

2179 4479 2527 4568 προσχήματι
2572 4493 2682 4566 γάρ
2711 4491 2806 4546 τοῦ
2845 4491 2914 4544 τὰ
2965 4489 3103 4544 αὐτὰ
3147 4491 3392 4559 φρονεῖν,
3445 4479 3638 4540 σϐέσαι
3689 4481 3750 4568 τὸ

2177 4565 2444 4651 κήρυγμα
2488 4565 2790 4632 ἐϐούλοντο.
2841 4573 2982 4627 Ἀλλ’
3040 4573 3100 4626 Ὁ
3152 4571 3573 4640 δρασσόμενος
3606 4565 3750 4651 τοὺς

2177 4648 2410 4732 σὸέροῦς
2449 4661 2518 4714 ἐν
2564 4659 2641 4728 τῇ
2696 4657 3030 4726 πανουργίᾳ
3061 4652 3282 4717 αὐτῶν,
3333 4653 3394 4704 οὒ
3454 4648 3750 4732 συνεχώρει

2176 4731 2339 4800 τοῦτο
2370 4744 2624 4814 γενέσθαι
2664 4742 2806 4794 τότε.
2846 4739 3017 4792 Τοῦτο
3059 4736 3192 4806 γοῦν
3237 4734 3370 4788 αὐτὸ
3413 4731 3695 4804 ἐμφαίνων
3721 4731 3748 4782 ό

2179 4829 2390 4892 Παῦλος
2411 4829 2585 4896 ἔλεγε·
2610 4826 2678 4880 Τὸ
2707 4824 2776 4878 δὲ
2805 4821 3096 4890 ἐπιμεῖναι
3127 4817 3201 4886 τῇ
3222 4816 3401 4896 σαρκί
3430 4815 3749 4896 ἀναγκαιός

2177 4929 2354 4978 τερον
2367 4911 2442 4964 δι’
2459 4893 2636 4978 ἡμᾶς,
2663 4907 2759 4960 καὶ
2784 4906 2959 4959 τοῦτο
2985 4899 3279 4965 πεποιθὼς
3309 4894 3460 4960 οἶδα,
3485 4897 3572 4949 ὅτι
3590 4893 3750 4964 μενῶ

2179 4994 2279 5048 καί
2321 4977 2764 5062 συμπαραμενῶ
2808 4986 2997 5042 πᾶσιν
3042 4983 3198 5054 ὑμῖν.
3243 4984 3472 5034 Ἐκεῖνοι
3508 4980 3606 5050 μέν
3643 4977 3750 5047 γὰρ

2177 5078 2276 5147 τῆς
2291 5074 2573 5148 παρούσης
2589 5091 2656 5145 με
2671 5073 2816 5142 ζωῆς
2836 5068 3084 5124 ἐκϐαλεῖν
3097 5065 3444 5136 ἐπιθυμοῦσι,
3457 5064 3552 5148 καί
3572 5063 3750 5148 πάντα

2183 5142 2272 5215 διά
2333 5142 2492 5213 τοῦτο
2527 5142 2926 5228 ’ὑπομένουσιν
2965 5153 2995 5204 ό
3034 5151 3094 5204 δὲ
3140 5150 3272 5212 θεὸς
3301 5148 3403 5200 ούκ
3451 5145 3646 5216 ἀφίησι
3679 5142 3747 5197 δι’

2185 5247 2348 5318 ὑμᾶς.

2249 5350 2437 5404 Ταῦτα
2451 5347 2631 5401 τοίνυν
2656 5342 2794 5416 μετά
2812 5339 3096 5413 ἀκριϐείας
3117 5340 3332 5394 ἅπαντα
3355 5333 3745 5416 μνημονεύετε,

2179 5435 2266 5488 ἵνα
2297 5433 2424 5494 τοὺς
2450 5429 2637 5492 ἁπλῶς
2669 5428 2763 5481 καὶ
2783 5426 2858 5489 ὡς
2887 5425 3042 5495 ἔτυχε
3064 5426 3184 5487 ταῖς
3209 5424 3452 5494 Γραφαῖς
3470 5415 3747 5489 κεχρημέ-

2179 5535 2304 5580 νους
2344 5515 2438 5568 καὶ
2469 5515 2557 5566 ἐπ’
2587 5511 2792 5580 ὀλέθρῳ
2830 5509 2939 5562 τῶν
2980 5507 3230 5578 πλησίον,
3267 5504 3405 5577 μετά
3431 5504 3615 5573 πάσης
3658 5516 3748 5552 σο-

2179 5603 2308 5674 φίας
2335 5597 2566 5668 δύνησθε
2587 5594 2849 5665 διορθοῦν.
2868 5591 3220 5664 Δυνησόμεθα
3241 5591 3297 5644 δὲ
3325 5590 3418 5644 καὶ
3437 5604 3504 5660 με
3513 5585 3743 5658 μνῆσθκι

2243 5736 2270 5766 ⁶
2296 5735 2433 5797 Αύτῷ
2452 5731 2782 5793 πολεμήσωσι,
2807 5729 2876 5777 sic
2902 5741 3018 5776 mss.
