4082 6212
436 329 539 385 317

427 442 700 515 discipulis
736 455 900 500 erant.
930 475 1002 488 -—
1027 447 1158 516 Quis
1185 447 1337 516 vidit,
1366 451 1488 521 quis
1515 451 1725 509 audivit
1751 456 1803 511 in
1851 461 2023 529 magi-

430 546 666 592 atrorum
694 538 947 594 aerumnis
973 540 1088 609 plus
1103 542 1276 596 solatii
1307 558 1503 615 capere
1521 544 1812 619 discipulos
1832 551 1854 604 ’ἐ
1876 550 2023 620 Quo-

430 626 592 682 modo
619 643 725 683 non
766 629 1095 685 timueram?
1120 631 1223 699 Qui
1247 633 1364 690 ﬁeri
1396 637 1588 706 potuit,
1625 649 1683 694 ut
1722 641 1888 696 Paulo
1915 655 2021 699 nan

429 719 711 775 dicerent:
746 718 965 787 latice,
995 740 1122 778 cura
1170 726 1384 797 teipsum
1405 727 1556 798 (Luc.
1583 731 1641 785 Α.
1662 731 1792 802 9.3):
1817 748 1946 790 erue
1972 746 2024 790 te

428 809 608 872 ipsum
623 808 694 862 ab
719 808 803 875 iis,
828 811 1021 880 quibus
1044 815 1450 887 constringeris.
1492 819 1668 885 malis,
1698 831 1753 876 et
1777 832 1901 879 tunc
1925 840 2023 878 tto-

428 901 514 956 bis
551 902 831 959 innumera
880 903 1022 960 bona
1063 908 1396 963 conciliabis.
1431 911 1539 964 Cur
1575 910 1678 967 hoc
1727 929 1832 968 non
1879 914 2022 970 dixe-

429 993 594 1047 runt?
622 993 792 1062 Quam
818 995 888 1050 ob
914 997 1065 1051 rem?
1088 998 1350 1066 Quoniam
1386 1000 1561 1056 edocti
1601 1012 1755 1058 erant
1779 1021 1810 1060 a
1851 1008 2019 1075 gratia

427 1080 680 1152 Spiritus,
703 1083 820 1140 haec
844 1102 950 1140 non
975 1101 1041 1141 ex
1069 1087 1393 1154 inﬁrmitate,
1435 1091 1530 1146 sed
1557 1108 1623 1148 ex
1666 1096 2020 1164 permissione

427 1175 628 1232 Christi
659 1179 800 1246 ﬁeri,
831 1189 887 1234 ut
915 1181 1109 1236 veritas
1135 1185 1302 1254 magis
1333 1184 1634 1256 eﬂ‘ulgeret,‘
1659 1205 1755 1258 per
1779 1191 2014 1261 vincula,

428 1281 528 1338 per
552 1283 795 1326 carceres
822 1281 878 1326 et
902 1288 1190 1342 azrumnas,
1218 1278 1594 1349 angustiasque
1613 1292 1789 1349 aucta,
1821 1293 1876 1338 et
1902 1300 2017 1339 ma-

424 1361 596 1430 jorem
623 1363 676 1418 in
705 1365 922 1420 modum
944 1379 1146 1424 evecta.
1176 1370 1264 1426 Sic
1286 1373 1457 1428 virtus
1475 1373 1675 1431 Christi
1707 1379 1758 1433 in
1785 1379 2015 1436 inﬁrmi-

428 1460 539 1506 tate
570 1453 842 1524 periicitur
870 1458 948 1528 (Ξ.
979 1459 1098 1514 Cor.
1133 1461 1219 1517 12.
1251 1464 1330 1533 9).
1378 1465 1435 1520 Si
1466 1469 1607 1522 enitn
1639 1470 1842 1525 vincula
1880 1473 2018 1528 Pau-

426 1541 537 1597 lum
578 1547 1031 1616 supplantassent,
1055 1560 1109 1606 et
1140 1554 1458 1611 timidiorem
1492 1559 1869 1629 reddidissent,
1901 1564 2015 1619 sive

428 1634 598 1701 illum,
617 1637 729 1694 sive
749 1654 866 1706 eos,
896 1643 986 1710 qui
1014 1643 1113 1712 ipsi
1145 1645 1438 1714 haerebant,
1465 1659 1589 1704 tunc
1618 1650 2012 1710 formidandum

425 1738 575 1792 erat;
606 1730 686 1784 sin
730 1733 990 1800 majorem
1034 1737 1281 1793 lldttciam
1312 1739 1639 1809 indiderunt,
1690 1753 1747 1800 et
1787 1745 1854 1800 ad
1895 1762 2014 1802 am-

428 1820 652 1886 pliorem
689 1823 910 1892 gloriam
954 1838 1267 1895 evexerant,
1311 1831 1694 1902 obstupescere
1737 1851 1801 1890 ac
1831 1839 2012 1893 mirari

425 1920 658 1979 oportet,
691 1917 960 1984 quomodo
1002 1933 1099 1988 per
1123 1933 1236 1975 rem
1271 1922 1558 1993 ignominia
1591 1926 1804 1997 plenam
1845 1929 2013 2000 gloria

421 1998 685 2070 discipulo
741 2006 1150 2076 conciliaretur;
1203 2026 1403 2082 perque
1459 2028 1572 2069 rem
1625 2029 1746 2086 quae
1809 1998 2012 2075 metum

422 2090 664 2148 incutere
705 2094 953 2164 debebat,
986 2099 1176 2155 iidueia
1207 2110 1262 2156 et
1284 2106 1582 2160 consolatio
1625 2108 1725 2163 illis
1764 2111 2012 2167 omnibus

424 2192 720 2251 pareretur.
764 2186 894 2254 Quis
922 2190 1065 2244 enim
1096 2206 1202 2246 non
1227 2205 1335 2248 tum
1377 2196 1809 2268 obstupescebat,
1839 2202 2010 2258 virum

418 2286 649 2329 cernens
675 2287 862 2332 eatena
887 2282 1274 2338 constrictum?
1299 2285 1450 2341 Tunc
1474 2290 1704 2344 maxime
1738 2290 2010 2350 daemones

419 2365 716 2436 fugiebant,
755 2386 877 2426 cum
917 2373 1159 2430 viderent
1185 2391 1307 2432 eum
1348 2377 1402 2433 in
1442 2393 1659 2437 carcere
1703 2384 2008 2454 degentem.

418 2453 604 2526 Neque
644 2460 786 2515 enim
816 2461 1060 2520 diadema
1100 2468 1302 2537 regium
1352 2481 1512 2540 caput
1540 2474 1760 2542 perinde
1780 2453 2010 2546 conspi-

416 2563 579 2604 cuum
622 2551 766 2619 facit,
805 2566 968 2626 atque
998 2568 1202 2615 catenae
1239 2575 1429 2618 manus
1469 2565 1628 2630 illius,
1659 2583 1763 2622 non
1788 2570 2004 2641 quidem

415 2651 608 2712 suapte
637 2653 850 2714 natura,
881 2650 976 2704 sed
1003 2666 1101 2720 per
1137 2655 1360 2723 gratiam
1403 2656 1458 2711 in
1487 2659 1618 2732 ipsis
1651 2659 2002 2720 efﬂorescen-

416 2744 544 2788 tom.
577 2734 712 2791 Hine
732 2753 918 2810 magna
945 2744 1237 2801 consolatio
1258 2747 1549 2818 discipulis.
1573 2750 1835 2809 Videbam
1859 2756 2002 2812 enim

411 2839 612 2897 corpus
635 2831 892 2901 vinctum,
921 2833 1152 2906 linguam
1180 2853 1308 2894 vero
1335 2839 1555 2899 minime
1592 2845 1842 2915 ligatam;
1887 2864 2004 2902 ma-

414 2931 516 2972 nus
539 2919 744 2990 ligatas,
770 2923 864 2978 sed
886 2927 1106 2982 verbum
1135 2929 1385 2995 solutum,
1407 2934 1549 3002 quod
1577 2935 1816 2992 velocius
1839 2953 1998 3008 quam

409 3011 606 3066 solaris
645 3014 826 3070 radius
855 3024 1022 3072 totum
1069 3021 1326 3076 mundum
1377 3037 1732 3092 percurreret.
1769 3028 2000 3100 Eratque

408 3103 464 3158 id
491 3104 595 3159 illis
624 3108 998 3176 consolationi,
1029 3126 1149 3166 cum
1189 3129 1285 3182 per
1308 3129 1469 3183 opera
1515 3117 1838 3185 ediscerent,
1872 3124 1996 3176 nul-

409 3194 516 3249 lam
543 3211 722 3251 rerum
754 3202 1096 3268 praesentium
1120 3217 1243 3259 esse
1271 3219 1508 3274 gravem.
1551 3209 1744 3264 Anima
1773 3213 1992 3286 quippe,

407 3292 535 3344 eum
592 3305 777 3347 amore
833 3293 1204 3368 desiderioque
1269 3299 1452 3354 divino
1491 3317 1618 3356 vere
1674 3304 1992 3374 corripitur,

403 3379 475 3435 ad
526 3382 727 3437 nullam
779 3401 958 3440 rerum
1006 3390 1347 3458 praesentium
1389 3407 1509 3448 sese
1546 3395 1847 3455 convertit;
1898 3397 1992 3452 sed

403 3474 851 3541 quemadmodum
874 3477 1058 3535 furiosi
1081 3490 1136 3537 et
1165 3481 1340 3553 ignem
1366 3493 1422 3539 et
1446 3483 1668 3554 ferrum,
1696 3495 1754 3543 et
1777 3491 1918 3544 {eras
1939 3501 1994 3547 ct

403 3578 554 3620 mare
583 3575 641 3621 et
682 3569 862 3624 omnia
907 3571 1056 3627 adire
1100 3574 1234 3630 nihil
1261 3577 1551 3633 dubitant:
1592 3580 1671 3635 sic
1709 3590 1765 3636 et
1794 3581 1847 3637 hi
1873 3585 1992 3654 pul-

399 3655 672 3712 cherrimo
711 3661 940 3730 quodam
976 3673 1031 3718 et
1077 3667 1342 3735 spirituali
1387 3671 1570 3727 furore
1613 3676 1866 3746 correpti,
1909 3677 1992 3731 In-

405 3763 550 3815 rore,
579 3749 816 3820 inquam,
846 3753 933 3822 qui
964 3768 992 3806 a
1031 3761 1379 3826 temperantia
1411 3762 1780 3829 proﬁciscitur,
1809 3769 1992 3823 visibi-

402 3835 472 3891 lia
518 3839 698 3893 omnia
743 3841 1080 3898 deridebant.
1122 3845 1459 3917 Quapropter
1503 3865 1625 3906 cum
1675 3857 1986 3924 magistrum

397 3939 687 3984 cernerent
716 3929 974 3999 vinctum,
1014 3937 1183 4006 magis
1213 3939 1553 3995 exsultabant
1591 3952 1644 3998 et
1662 3947 1983 4015 gaudebant,

401 4037 497 4090 per
531 4021 644 4092 ipsa
683 4039 849 4093 opera
885 4025 1208 4084 adversariis
1250 4029 1608 4102 declarantes,
1651 4052 1712 4092 se
1753 4037 1986 4110 undique

399 4111 626 4168 invictos
655 4114 1150 4191 insuperabilesque
1173 4135 1313 4178 esse.

468 4204 526 4261 9.
565 4205 718 4263 Tunc
750 4208 928 4279 igitur,
955 4227 1077 4268 cum
1118 4230 1204 4272 res
1249 4216 1322 4272 ita
1367 4233 1428 4274 se
1454 4218 1734 4291 haberent,
1764 4226 1979 4296 quidam

395 4295 544 4351 Pauli
603 4298 826 4367 inimici,
873 4315 995 4356 cum
1053 4305 1246 4362 vellent
1289 4311 1467 4367 acrius
1506 4312 1702 4371 bellum
1742 4295 1979 4387 movere,

391 4396 448 4442 et
474 4395 757 4458 tyrannum
779 4389 848 4444 ad
874 4393 1133 4462 majorem
1175 4399 1433 4458 adversus
1461 4404 1612 4462 illum
1643 4408 1976 4466 inimicitiam

393 4477 748 4542 inﬂammare,
771 4492 832 4535 se
859 4481 1151 4549 praedicare
1179 4488 1522 4559 simulabant,
1550 4505 1604 4550 et
1627 4514 1811 4555 revera
1836 4517 1975 4572 prte-

391 4566 641 4623 dicabant
681 4579 884 4624 rectam
913 4587 1204 4645 sanamque
1250 4581 1432 4648 iidem,
1463 4593 1520 4639 ut
1545 4586 1786 4645 doctrina
1820 4566 1977 4664 auge-

391 4669 542 4716 retur
573 4677 588 4717 :
621 4661 745 4717 illud
778 4677 906 4719 vero
935 4664 1218 4735 faciebant,
1263 4690 1366 4729 non
1400 4683 1458 4731 ut
1501 4680 1632 4738 iides
1659 4661 1977 4742 dissemina-

391 4765 558 4820 retur,
586 4756 680 4812 sed
712 4765 769 4812 ut
800 4758 900 4812 hoc
933 4775 1208 4835 comperto
1247 4764 1409 4831 Nero,
1447 4772 1586 4840 quod
1613 4789 1807 4847 nempe
1837 4795 1974 4848 prae-

387 4845 584 4904 dicatio
633 4866 934 4924 cresceret,
983 4869 1038 4913 et
1091 4857 1331 4914 doctrina
1381 4845 1768 4935 invalesceret,
1815 4872 1972 4928 citius

387 4935 606 4996 Paulum
639 4944 690 4999 in
713 4945 1023 5003 barathrum
1049 4949 1356 5020 conjiceret.
1388 4952 1500 5008 Duo
1521 4957 1695 5028 itaque
1723 4963 1971 5032 magiste-

386 5031 463 5085 ria
508 5045 679 5100 erant,
732 5037 881 5094 Pauli
927 5056 1120 5110 nempe
1170 5042 1576 5115 discipulorum,
1622 5031 1968 5125 ejusdemque

383 5122 738 5191 inimicorum,
775 5128 880 5183 illis
925 5145 993 5184 ex
1032 5134 1276 5197 veritate,
1311 5133 1394 5188 his
1431 5152 1496 5191 ex
1541 5143 1884 5200 c0ntentione
1912 5157 1966 5201 et

380 5213 508 5268 odio
533 5215 679 5271 Pauli
715 5219 1142 5286 prmdicantibus.
1179 5223 1305 5280 Htce
1334 5241 1495 5295 porro
1520 5230 1798 5288 declarans
1819 5236 1965 5292 dice-

380 5301 470 5358 bat
511 5305 600 5360 ille
633 5325 646 5360 :
677 5307 900 5373 Quidam
948 5323 1155 5381 propter
1201 5314 1442 5370 invidiam
1497 5329 1546 5372 et
1598 5329 1962 5381 contentionem

378 5396 634 5453 Christum
655 5403 930 5472 prwdicant
957 5403 1216 5478 (Philipp.
1240 5409 1422 5479 1.15),
1453 5415 1695 5482 proprios
1725 5419 1962 5474 indicans

376 5485 746 5558 adversarios;
775 5493 994 5560 Quidam
1019 5509 1224 5567 propter
1259 5501 1438 5555 bonam
1466 5503 1770 5562 voluntatem
1803 5509 1957 5582 (lb.),

377 5579 446 5636 de
479 5584 589 5637 suis
617 5583 840 5654 loquens
884 5586 1180 5660 discipulis.
1219 5592 1420 5650 Deinde
1462 5612 1672 5655 rursum
1712 5601 1780 5658 de
1807 5579 1946 5659 illisi:

377 5674 480 5726 Alii
495 5676 695 5744 quidem
725 5682 1136 5750 excontentione,
1168 5684 1366 5742 inimici
1409 5705 1622 5762 nempe,
1654 5710 1758 5751 non
1785 5711 1951 5768 caste,

378 5774 483 5814 non
506 5762 738 5831 sincere.
793 5773 887 5830 sed
912 5773 1273 5835 Existimant“
1313 5798 1367 5837 se
1391 5800 1677 5855 pressuram
1706 5793 1951 5850 suscitare

1603 340 1690 398 DE
1728 341 2090 405 PROFECTU
2130 347 2519 415 EVANGELIL

3606 366 3714 422 518

2133 465 2342 522 vincatis
2391 471 2542 536 meis;
2556 478 2651 532 alii
2664 492 2780 532 vero
2794 480 3201 552 exearitateUb.
3219 503 3266 541 υ.
3288 491 3373 555 17,
3399 494 3507 562 16);
3521 507 3707 552 rursus

2132 553 2234 612 hoc
2255 559 2479 618 dicitde
2516 564 2791 637 discipulis
2829 573 2940 627 suis
2966 591 2980 628 :
3009 575 3244 632 Scientes
3267 553 3504 649 quoniam
3545 587 3598 641 in
3623 588 3712 642 dc-

2134 650 2410 719 fensionem
2452 661 2698 730 evangelii
2741 664 2935 731 positus
2977 683 3093 722 sunt
3142 667 3247 739 (Ib.
3299 685 3347 727 tt.
3403 675 3519 747 16).
3577 677 3714 745 Quid

2127 742 2258 794 enim
2274 744 2302 797 7
2330 745 2468 800 Dum
2497 754 2632 804 omni
2658 755 2828 819 modo,
2869 759 2973 812 sive
3002 777 3091 829 per
3118 767 3452 836 occasionem,
3499 773 3602 826 sive
3625 791 3714 842 per

2125 833 2404 904 ueritatem,
2433 838 2664 897 Christus
2683 850 3009 903 annuntietur
3029 852 3136 924 (Ib.
3160 871 3206 909 υ,
3243 858 3357 928 18).
3386 833 3567 932 itaque
3593 833 3708 920 fru-

2125 932 2234 978 stra
2257 935 2308 979 et
2345 927 2610 986 incassum
2639 933 2742 990 hoc
2766 937 2964 994 dictum
2995 944 3062 998 de
3100 927 3394 1005 itaresilius
3427 927 3709 1024 accipitur.

2124 1013 2256 1070 Nam
2271 1019 2361 1086 qui
2393 1029 2518 1076 tunc
2539 1026 2915 1099 praedicabant,
2944 1047 3050 1089 non
3075 1050 3381 1109 corruptam
3402 1013 3703 1102 doctrinam

2123 1111 2527 1176 annuntiabant,
2553 1116 2648 1171 sed
2680 1119 2836 1175 Iidem
2873 1135 3059 1180 sanam
3087 1136 3140 1181 et
3168 1141 3390 1199 rectam.
3422 1134 3635 1192 Etenim
3662 1139 3710 1193 si

2120 1210 2429 1270 corruptam
2479 1205 2776 1265 doctrinam
2828 1216 3228 1288 praedicasset“,
3268 1232 3321 1278 et
3367 1226 3492 1294 alia,
3546 1245 3706 1300 quam

2125 1289 2319 1348 Paulus
2338 1295 2667 1368 docuissent,
2706 1307 3012 1377 neutiquam
3045 1311 3151 1367 illis
3179 1316 3461 1375 accidisset
3478 1289 3533 1376 id
3564 1289 3705 1393 quod

2121 1384 2388 1442 volebant.
2450 1391 2586 1458 Quid
2643 1407 2821 1452 autem
2887 1401 3174 1458 volebant?
3223 1405 3292 1464 Ut
3354 1421 3508 1467 aucta
3558 1384 3703 1481 fide,

2120 1479 2410 1551 multisque
2437 1485 2631 1570 additis
2659 1488 2822 1545 Paulo
2852 1492 3143 1564 discipulis,
3172 1500 3241 1554 ad
3270 1503 3442 1573 majus
3471 1479 3706 1562 inferent-

2119 1569 2246 1625 dum
2274 1571 2468 1628 bellum
2497 1568 2763 1636 Neronem
2801 1585 3116 1642 excitarent.
3152 1591 3208 1644 Si
3248 1568 3423 1650 autem
3457 1597 3562 1654 alia
3604 1605 3706 1657 do-

2118 1674 2296 1731 gmata
2324 1669 2720 1738 prmdimsscnt,
2768 1687 2872 1730 non
2925 1681 3125 1737 multos
3164 1684 3415 1742 fecissent
3442 1689 3590 1745 Pauli
3616 1693 3704 1746 di-

2118 1756 2355 1825 scipulos
2384 1774 2398 1812 :
2429 1761 2475 1815 si
2509 1777 2616 1817 non
2647 1767 2919 1834 iecissent,
2949 1785 3055 1826 non
3084 1789 3492 1846 exasperasseut
3525 1792 3706 1854 tyran-

2118 1862 2267 1946 nutn.
2295 1850 2411 1906 Non
2453 1854 2580 1909 illud
2610 1857 2785 1928 itaque
2815 1861 2963 1925 dicit,
2996 1867 3138 1935 quod
3163 1882 3414 1940 corrupta
3455 1850 3702 1946 tiugmata

2118 1936 2433 1996 inducerent
2462 1961 2476 1997 :
2504 1945 2598 2000 sed
2628 1949 2770 2018 quod
2809 1967 2970 2008 causa
3017 1965 3233 2028 propter
3257 1936 3417 2030 quam
3446 1936 3704 2034 praedica-

2117 2027 2268 2095 bant,
2303 2032 2491 2090 vitiosa
2539 2047 2702 2094 eSSet.
2748 2042 2906 2100 Aliud
2934 2027 3130 2119 quippe
3177 2027 3701 2124 est-prmdicationis

2115 2131 2330 2177 causam
2377 2124 2580 2196 dicere,
2618 2141 2670 2186 et
2705 2133 2849 2190 aliud
2892 2137 3074 2196 dicere
3121 2145 3556 2214 prmdieationem
3596 2169 3702 2207 non

2113 2222 2298 2266 sanam
2327 2229 2469 2271 esse.
2505 2217 2652 2276 Tunc
2689 2225 2834 2280 enim
2863 2227 3103 2288 doctrina
3136 2250 3242 2290 non
3269 2247 3351 2293 est
3394 2254 3545 2307 sana,
3574 2259 3696 2298 cum

2113 2300 2360 2373 dogmata
2401 2323 2587 2367 errore
2626 2314 2782 2384 plena
2824 2329 2985 2387 sunt;
3029 2327 3242 2383 occasio
3266 2339 3581 2388 autemnon
3617 2350 3698 2392 est

2111 2408 2261 2463 sana,
2287 2414 2408 2455 cum
2435 2403 2677 2462 doctrina
2706 2412 2920 2479 quidem
2950 2433 3076 2472 sana
3097 2427 3200 2486 est,
3232 2424 3323 2493 qui
3352 2439 3477 2481 vero
3501 2431 3695 2497 ιιι·ωαὶο

2111 2498 2256 2557 cant,
2291 2506 2396 2547 non
2430 2505 2648 2568 propter
2677 2499 2844 2558 Deum
2885 2508 3196 2578 praedicant,
3239 2514 3336 2570 sed
3359 2525 3452 2572 aut
3479 2527 3698 2590 propter

2111 2580 2462 2654 inimicitiam,
2491 2590 2575 2646 vel
2601 2591 2668 2646 ad
2697 2591 2924 2652 aliorum
2953 2601 3196 2671 gratiam.

2183 2674 2271 2729 10.
2299 2674 2414 2732 Νοη
2455 2678 2635 2752 itaque
2660 2683 2791 2740 dicit
2841 2702 2936 2744 eos
2973 2689 3206 2751 haereses
3251 2695 3546 2768 induxisse,
3599 2706 3694 2760 sed

2108 2779 2215 2819 non
2240 2776 2386 2823 recta
2406 2772 2708 2841 occasione,
2735 2792 2834 2833 nec
2870 2780 3080 2850 pietatis
3098 2800 3256 2841 causa
3294 2789 3346 2844 id
3376 2793 3694 2861 pra-dicasse

2106 2857 2248 2925 quod
2278 2861 2655 2928 praedicabant.
2689 2866 2744 2922 ld
2784 2871 2982 2942 quippe
3033 2893 3140 2932 non
3177 2879 3297 2937 ideo
3342 2857 3586 2954 agebant,
3637 2900 3696 2941 ut

2105 2952 2734 3026 cvangeliumaugcrent,
2775 2963 2871 3018 sed
2925 2975 2982 3022 ut
3031 2969 3161 3025 .‘llud
3200 2952 3591 3045 impugnaret",
3639 2994 3693 3036 et

2105 3040 2156 3094 in
2186 3045 2398 3112 gravius
2425 3047 2715 3114 periculum
2744 3054 3071 3123 conjicerent
3093 3077 3107 3112 :
3133 3061 3254 3117 ideo
3277 3040 3424 3120 Villius
3463 3058 3688 3124 incusat.

2103 3133 2169 3186 lit
2209 3134 2328 3190 vide
2375 3153 2531 3206 quam
2565 3151 2812 3198 accurate
2839 3145 2964 3200 illud
3005 3149 3276 3218 proferat:
3303 3154 3683 3223 Existintantes.

2102 3223 2292 3295 inquit,
2305 3243 2362 3281 se
2377 3245 2664 3299 pressuram
2681 3233 2869 3305 inferre
2885 3237 3094 3293 vinculis
3111 3243 3230 3296 meis
3247 3243 3534 3319 (Philippd
3550 3252 3683 3322 .17).

2099 3319 2215 3376 Non
2243 3323 2396 3390 dixit,
2427 3325 2748 3396 inferentes;
2783 3331 2914 3398 sed,
2970 3332 3330 3393 Existimantes
3374 3357 3429 3394 se
3467 3343 3686 3413 inferre;

2098 3413 2152 3468 id
2194 3423 2297 3482 est,
2329 3418 2647 3475 arbitrantes
2677 3437 2692 3476 :
2719 3424 3025 3490 ostendens,
3059 3427 3265 3484 etiamsi
3310 3431 3384 3486 illi
3410 3433 3488 3488 sic
3533 3434 3682 3490 arbi-

2099 3516 2384 3578 trarentur,
2416 3527 2476 3568 se
2510 3522 2686 3571 tamen
2715 3532 2819 3573 non
2864 3519 2934 3574 ita
2965 3521 3214 3578 allectum
3241 3539 3392 3592 esse;
3423 3528 3530 3583 imo
3549 3544 3681 3600 gan-

2095 3600 2226 3657 dere
2255 3602 2324 3659 de
2355 3605 2750 3673 praedicationis
2788 3610 3137 3669 incremento.
3185 3617 3392 3686 Adiecit
3430 3636 3557 3691 ergo
3598 3623 3692 3676 di-.

2095 3708 2223 3750 cens
2255 3713 2270 3749 :
2303 3695 2411 3752 Sed
2430 3707 2476 3752 et
2500 3699 2552 3752 in
2596 3699 2691 3754 hoc
2735 3703 2950 3772 gaudeo,
2991 3716 3040 3760 et
3069 3707 3295 3777 gaudebo
3322 3707 3444 3781 (Ib.
3466 3727 3513 3765 υ.
3553 3711 3680 3781 18).

2093 3784 2149 3840 Si
2173 3795 2350 3842 autem
2389 3803 2541 3842 error
2569 3789 2754 3845 fuisset
2782 3793 2832 3846 in
2859 3792 3213 3863 dogmatibus,
3242 3807 3295 3852 et
3336 3800 3408 3854 illi
3449 3801 3682 3859 haereses

2093 3876 2446 3945 induxissent,
2477 3896 2585 3934 non
2607 3884 2864 3950 potuisset
2886 3886 3118 3953 gaudere
3142 3888 3357 3945 Paulus.
3389 3893 3521 3958 Quia
3553 3908 3681 3950 vero

2091 3981 2278 4022 sanum
2322 3978 2377 4024 et
2420 3985 2525 4024 non
2553 3970 2906 4027 adulteratam
2947 3975 3135 4046 dogma
3179 3991 3311 4044 erat,
3360 3982 3480 4038 ideo
3513 3985 3676 4057 dicit,

2092 4054 2318 4123 Gaudeo,
2344 4067 2390 4110 et
2417 4059 2666 4130 gaudebo.
2692 4061 2828 4128 Quid
2853 4063 3016 4130 enim,
3047 4067 3092 4120 si
3119 4066 3192 4122 illi
3217 4085 3282 4124 ex
3311 4071 3578 4130 inimicitia
3624 4054 3673 4130 ni

2088 4157 2328 4218 agentes,
2390 4164 2450 4206 se
2496 4151 2548 4206 in
2596 4153 2880 4223 perniciem
2929 4157 3258 4227 conjiciunt?
3302 4163 3369 4216 At
3422 4179 3538 4220 mea
3591 4171 3672 4224 vel

2091 4239 2239 4295 inviti
2290 4241 2578 4313 augebunt.
2623 4243 2815 4301 Vidcn'
2842 4257 3036 4319 quanta
3066 4249 3225 4306 fuerit
3275 4252 3423 4310 Pauli
3467 4258 3674 4314 virtus?

2085 4332 2354 4402 quomodo
2375 4335 2530 4390 nullis
2568 4333 2762 4392 diaboli
2802 4337 3061 4394 machinis
3085 4351 3272 4412 captus
3295 4345 3398 4400 sit?
3435 4347 3544 4403 Nec
3585 4364 3673 4403 so-

2086 4421 2193 4477 lum
2225 4439 2330 4478 tton
2356 4434 2546 4495 captas
2564 4435 2668 4494 est,
2695 4427 2790 4483 sed
2819 4429 2979 4484 etiam
3001 4429 3188 4487 iisdem
3219 4433 3388 4502 ipsum
3411 4440 3672 4494 machinis

2084 4513 2242 4582 cepit.
2267 4513 2459 4586 ingens
2489 4516 2731 4587 profecto
2755 4529 2872 4575 erat
2905 4519 3100 4576 diaboli
3127 4523 3384 4594 vafrities,
3411 4537 3466 4583 et
3508 4530 3669 4584 mini-

2081 4616 2313 4661 strorum
2339 4608 2455 4678 ejus
2498 4611 2768 4680 nequitia:
2802 4627 2924 4667 nam
2979 4627 3040 4669 se
3080 4613 3221 4670 idem
3271 4617 3442 4687 ipsum
3470 4624 3670 4678 sentire

2080 4697 2410 4765 simulantes,
2440 4703 2870 4771 praedicationem
2897 4709 3236 4778 exstinguere
3262 4712 3528 4768 volebant.
3558 4715 3665 4770 Sed

2083 4790 2181 4855 Qui
2223 4793 2599 4863 comprehendit
2641 4798 2892 4866 sapientes
2934 4797 2986 4852 in
3030 4804 3214 4854 astutia
3242 4820 3412 4860 eorum
3453 4811 3516 4879 (1
3544 4809 3662 4864 Cor.

2079 4882 2130 4935 5.
2167 4882 2309 4953 19),
2340 4884 2390 4938 id
2443 4886 2556 4942 Ilcri
2612 4904 2717 4943 non
2765 4892 3126 4960 permittebat.
3178 4895 3230 4950 Id
3288 4897 3458 4966 ipsum
3503 4918 3664 4972 porro

2076 4972 2354 5029 declarans
2387 4977 2577 5032 Paulus
2604 4979 2816 5035 dicebat
2849 4999 2864 5035 :
2895 4981 3204 5039 Permanere
3244 5000 3410 5043 autem
3435 4993 3486 5045 in
3509 5008 3663 5048 carne

2075 5067 2236 5135 magis
2261 5070 2593 5123 necessarium
2615 5081 2686 5124 est
2704 5081 2913 5142 propter
2930 5089 3017 5128 vos
3036 5091 3056 5138 ,°
3075 5088 3122 5128 et
3151 5079 3246 5132 hoc
3267 5083 3527 5150 confidens
3555 5087 3661 5138 scio

2073 5158 2191 5224 quia
2215 5159 2440 5220 manebo.
2463 5170 2509 5214 et
2535 5165 2832 5231 permanebo
2855 5181 2968 5219 cum
2985 5168 3214 5222 omnibus
3235 5172 3371 5225 tobis
3395 5171 3654 5246 (Philipp.
3756 5202 3773 5213 -

2073 5249 2124 5302 1.
2151 5247 2241 5303 21.
2265 5249 2390 5321 25).
2423 5251 2498 5306 illi
2524 5254 2784 5324 siquidem
2807 5272 2870 5310 es
2900 5260 3144 5325 praesenti
3195 5262 3298 5315 vita
3330 5263 3525 5330 ejicere
3567 5283 3656 5322 me

2069 5339 2306 5407 Cupiunt,
2357 5351 2411 5396 et
2462 5358 2525 5398 ea
2570 5343 2640 5398 de
2683 5360 2840 5401 causa
2875 5347 3003 5401 nihil
3045 5364 3149 5404 non
3178 5352 3481 5410 sustinent:
3512 5356 3654 5412 Deus

2067 5439 2242 5485 autem
2271 5433 2430 5487 vestri
2461 5449 2619 5490 causa
2651 5436 2701 5490 id
2733 5453 2839 5492 non
2864 5440 3154 5508 permittet.

2140 5524 2225 5578 11.
2257 5525 2337 5578 Ad
2364 5529 2698 5597 precationem
2727 5533 2977 5586 hortatur.
3019 5531 3400 5592 Perseverantia
3447 5544 3499 5595 in
3529 5558 3643 5611 pre-

2065 5615 2226 5668 cando
2259 5628 2504 5686 quantum
2551 5622 2730 5676 valeat.
2781 5622 2920 5679 Deus
2960 5642 3050 5694 per
3101 5643 3190 5683 nos
3243 5643 3451 5702 rogatus
3487 5651 3650 5704 magis

2065 5706 2290 5772 exaudit,
2319 5724 2470 5774 quant
2499 5711 2543 5764 si
2573 5728 2670 5780 per.
2684 5714 2813 5766 alios
2855 5732 3108 5784 rogemus.
3139 5749 3207 5759 -
3236 5720 3432 5776 llortnn
3464 5725 3639 5794 itaque

2063 5798 2299 5857 omnium
2326 5799 2608 5875 diligenter
2625 5806 3012 5876 recordamini;
3067 5820 3122 5867 ut
3165 5828 3258 5868 cos
3307 5816 3392 5884 qui
3439 5826 3639 5872 temere
