4082 6212
367 318 470 371 519

367 440 420 484 et
479 422 838 496 perfunctorie
903 413 1190 484 Scripturis
1237 418 1457 465 utuntur
1533 405 1588 460 in
1662 396 1951 472 perniciem

373 519 634 588 proximi,
679 529 802 570 cum
861 507 1006 564 onmi
1055 503 1314 574 sapientia
1365 495 1650 554 emendare
1715 489 1953 545 valeatis.

371 611 672 667 Poterimus
719 611 894 658 autem
948 608 1005 654 et
1041 597 1300 650 dictorum
1350 586 1682 648 meminisse,
1726 592 1782 636 et
1827 578 1960 632 alios

373 699 674 761 emendare,
725 694 769 750 si
814 691 879 746 ad
925 687 1196 744 orationes
1235 696 1448 749 semper
1492 674 1875 744 confugiamus,
1908 676 1962 722 et

367 795 540 849 Deum
567 790 933 849 Obsecremus,
963 780 1056 851 qui
1082 778 1176 834 dat
1203 775 1424 830 verbum
1453 768 1748 838 sapientiae,
1777 773 1834 817 ut
1870 761 1962 815 det

370 888 583 942 auditus
626 879 1045 948 intelligentiam,
1094 883 1254 942 atque
1301 873 1602 922 accuratam
1631 869 1684 914 et
1713 857 1960 912 invictam

375 976 670 1050 spiritualis
723 972 886 1042 hujus
926 963 1154 1037 depositi
1203 958 1517 1016 custodiam.
1549 953 1680 1008 Nam
1707 963 1827 1020 quae
1855 960 1959 1000 non

377 1082 657 1141 possumus
701 1079 844 1132 smpe
874 1058 1086 1130 proprio
1112 1053 1287 1110 studio
1315 1048 1587 1121 perﬁcere,
1634 1059 1695 1098 ea
1744 1053 1961 1111 precum

376 1162 574 1218 auxilio
605 1157 769 1212 lacile
808 1153 1102 1224 poterimus
1140 1145 1378 1215 exsequi,
1409 1142 1477 1196 de
1506 1136 1754 1210 precibus
1776 1132 1965 1200 loquor

375 1256 626 1312 assiduis.
676 1253 901 1320 Semper
941 1246 1087 1302 enim
1135 1251 1194 1298 et
1243 1243 1358 1295 sine
1409 1229 1800 1290 intermissione
1847 1239 1967 1294 pre-

375 1347 604 1401 canduut
635 1352 736 1409 est,
769 1341 882 1396 sive
907 1337 1028 1407 quis
1055 1335 1109 1388 in
1146 1327 1421 1392 :erumnis,
1463 1325 1577 1378 sive
1624 1321 1676 1374 in
1709 1313 1964 1384 tranquil-

377 1439 542 1499 litate,
575 1437 688 1490 sive
710 1434 761 1487 in
783 1427 1190 1488 calamitatibus,
1222 1426 1333 1476 sive
1362 1420 1414 1472 in
1443 1414 1598 1469 bonis
1624 1417 1884 1465 versetur.
1920 1402 1968 1457 is

377 1530 466 1602 qui
495 1531 546 1582 in
575 1523 957 1595 tranquillitate
979 1528 1032 1574 et
1065 1515 1216 1572 bonis
1267 1508 1472 1569 multis,
1505 1514 1560 1558 ut
1585 1504 1700 1556 haec
1748 1499 1968 1553 immota

382 1623 641 1689 ﬁrmaque
678 1585 948 1676 maneant,
993 1618 1052 1666 et
1080 1617 1376 1674 numquam
1420 1596 1670 1654 excidant
1717 1608 1730 1645 :
1783 1587 1873 1658 qui
1915 1585 1969 1639 in

381 1686 634 1767 aerumnis
656 1718 705 1763 ct
747 1706 926 1762 multis
963 1695 1371 1756 calamitatibus,
1397 1698 1456 1746 ut
1481 1686 1759 1756 benignam
1779 1691 1970 1748 quam-

382 1805 504 1858 dam
535 1797 950 1856 vicissitudinem
1000 1790 1196 1852 videat,
1226 1795 1280 1840 et
1320 1785 1371 1837 in
1398 1779 1642 1836 solatium
1671 1767 1969 1840 tranquilli-

387 1896 508 1948 tatis
537 1890 904 1948 transferatur.
951 1884 1005 1938 ln
1052 1877 1432 1946 tranquillitate
1474 1870 1569 1924 es?
1615 1867 1762 1934 Roga
1815 1861 1974 1928 igitur

389 1987 578 2051 Deum,
611 1992 668 2035 nt
693 1984 844 2035 ﬁrma
875 1976 970 2032 tibi
1020 1980 1232 2028 maneat
1257 1967 1372 2022 It:ch
1405 1958 1780 2029 tranquillitas.
1809 1951 1972 2006 Tem-

389 2087 645 2147 pestatcm
691 2071 840 2125 vides
881 2060 1250 2137 ingruentem?
1282 2058 1447 2111 Deum
1488 2049 1684 2105 obnixe
1726 2053 1972 2114 precare,

389 2179 446 2224 ut
472 2166 758 2238 procellam
776 2167 999 2224 avertat,
1021 2165 1076 2212 et
1102 2150 1534 2221 tranquillitatem
1565 2157 1633 2198 ex
1664 2140 1977 2205 tempestate

388 2262 564 2316 faciat.
595 2255 887 2315 Exauditus
916 2250 1008 2306 es?
1038 2247 1247 2304 Gratias
1268 2255 1366 2312 age
1386 2236 1526 2308 quod
1555 2231 1837 2288 exauditus
1879 2225 1974 2278 sis.

388 2353 503 2408 Non
534 2349 816 2405 exauditus
860 2343 961 2399 es?
1009 2341 1301 2396 Persevera
1356 2339 1414 2386 ut
1463 2322 1781 2384 exaudiaris.
1832 2317 1980 2372 Licet

392 2443 537 2498 enim
559 2440 701 2495 Deus
745 2437 946 2492 donum
998 2427 1283 2500 aliquando
1331 2421 1563 2481 diﬁ'crat,
1603 2428 1712 2468 non
1758 2408 1880 2464 ideo
1924 2405 1978 2459 id

392 2534 516 2588 facit
536 2531 676 2601 quod
704 2528 825 2584 odio
855 2525 1045 2579 habeat
1069 2529 1161 2574 aut
1177 2525 1474 2575 aversetur,
1521 2507 1615 2564 sed
1671 2515 1724 2558 ut
1765 2514 1980 2571 procra-

391 2627 638 2682 stinando
675 2633 725 2677 te
753 2621 950 2675 diutius
975 2615 1113 2685 apud
1141 2627 1200 2668 se
1224 2610 1478 2669 detineat,
1532 2592 1978 2671 quemadmodum

363 2787 368 2791 ,
396 2731 572 2789 patres
602 2715 763 2784 prolis
790 2719 1030 2764 amantes
1052 2745 1068 2772 ,
1099 2706 1186 2774 qui
1217 2702 1356 2754 dona
1382 2691 1676 2751 differendo
1706 2685 1980 2756 segniores

395 2812 533 2868 ﬁlios
554 2810 779 2864 solerter
797 2812 994 2872 cogunt
1022 2797 1233 2852 assidue
1253 2806 1415 2864 penes
1454 2803 1513 2842 sc
1537 2796 1697 2840 stare.
1744 2778 1860 2835 Non
1889 2774 1983 2830 tibi

393 2906 532 2976 apud
566 2905 729 2958 Deum
760 2895 999 2968 patronis
1030 2899 1114 2946 est
1143 2901 1276 2958 opus
1296 2927 1311 2952 ,
1341 2895 1510 2950 neque
1556 2875 1720 2932 multa
1749 2871 1982 2926 circum-

399 2996 725 3054 cursatione,
756 2999 810 3044 ut
857 2983 1089 3042 adulcris
1140 2981 1290 3039 aliis;
1347 2973 1442 3030 sed
1482 2967 1689 3025 etiamsi
1743 2963 1986 3018 desertus

401 3100 728 3161 patronoque
753 3082 1038 3138 destitutus
1060 3076 1158 3141 sis,
1181 3080 1291 3128 tute
1339 3069 1502 3122 Deum
1533 3069 1781 3132 precatus
1801 3061 1986 3124 postu-

402 3183 566 3238 latum
588 3174 911 3246 assequeris.
941 3170 1054 3226 Non
1078 3168 1148 3221 ita
1187 3162 1326 3218 solet
1351 3169 1588 3212 annuere
1617 3150 1734 3206 aliis
1757 3162 1853 3218 pro
1891 3158 1988 3198 no-

405 3274 486 3329 bis
539 3267 836 3331 orantibus,
887 3273 946 3318 ut
1003 3259 1156 3316 nobis
1206 3253 1336 3325 ipsis
1375 3244 1734 3320 precantibus,
1779 3233 1988 3293 etiamsi

402 3363 695 3422 innumeris
716 3361 882 3416 simus
913 3355 1065 3410 malis
1094 3347 1290 3406 onusti.
1324 3344 1454 3400 Nam
1476 3342 1520 3396 si
1552 3336 1814 3399 homines,
1852 3344 1986 3400 quos

405 3457 700 3516 innumeris
735 3452 967 3508 laesimus
994 3444 1232 3509 oﬁensis,
1263 3454 1384 3494 cum
1430 3431 1687 3490 matutino
1728 3438 1986 3494 tempore,

408 3523 650 3612 meridie,
675 3555 899 3612 vespere
928 3539 1136 3592 adimus
1183 3533 1328 3600 ipsos
1364 3518 1811 3594 indignabumlos,
1860 3529 1992 3568 eon-

409 3649 624 3711 spectus
650 3604 946 3703 frequentia
973 3636 1028 3682 et
1055 3620 1364 3679 assiduitate
1393 3615 1608 3669 tandem
1634 3607 1784 3663 facile
1813 3604 1993 3675 placa-

412 3749 562 3798 mus,
593 3729 759 3784 tnulto
787 3723 953 3794 magis
980 3719 1033 3775 id
1061 3714 1201 3786 apud
1223 3713 1389 3768 Deum
1419 3704 1709 3774 contingat.

485 3787 573 3881 12⁷.
605 3819 712 3877 Sed
739 3787 987 3887 indignus
1020 3809 1122 3867 es?
1167 3802 1487 3862 Assiduitate
1530 3797 1722 3866 dignus
1771 3787 1992 3846 evadas.

414 3914 566 3986 Quod
588 3914 729 3970 enim
760 3907 1006 3978 indignus
1019 3901 1189 3974 possit
1209 3893 1516 3953 assiduitate
1536 3887 1726 3958 dignus
1747 3881 1994 3944 evadere,

413 3971 469 4065 e‘t
487 4004 630 4079 quod
652 4018 746 4074 per
772 3971 899 4056 nos-
911 3971 1102 4065 magis,
1143 4003 1301 4060 quam
1333 3999 1427 4055 per
1455 3979 1589 4036 alios
1618 3983 1836 4047 rogatus
1863 3971 2001 4026 Deus

416 4063 617 4156 amittat
633 4063 926 4164 {quodque
949 4063 1148 4143 donum
1174 4093 1317 4150 sche
1343 4074 1571 4138 differat,
1603 4084 1708 4126 non
1731 4077 1789 4121 ut
1808 4063 2002 4119 dubios

418 4192 582 4248 animi
626 4157 918 4248 reddat,'et
957 4177 1139 4233 vacuis
1183 4170 1428 4228 manibus
1470 4161 1745 4220 remittat;
1799 4157 1892 4212 sed
1946 4165 2004 4209 ut

425 4285 684 4355 majorum
741 4277 892 4332 nobis
919 4274 1182 4327 bonormn
1208 4271 1394 4319 auctor
1435 4257 1503 4313 sit
1531 4272 1548 4312 ε
1576 4255 1711 4318 haec,
1765 4251 2002 4319 inquam,

425 4342 528 4434 υἰέ
555 4390 647 4445 per
674 4365 978 4442 parabolam
1025 4359 1182 4416 hodie
1226 4353 1376 4408 vobis
1422 4349 1612 4404 lectam
1640 4342 2008 4397 demonstrare

425 4438 688 4538 satagam:
743 4457 982 4517 Accessit
1035 4451 1101 4504 ad
1156 4445 1425 4503 Christum
1468 4438 1770 4493 Chananma
1814 4443 2009 4500 rogans

428 4522 678 4631 pt'oulilia
723 4548 1044 4606 da'monium
1090 4539 1348 4600 habente,
1403 4532 1850 4594 vehementerque
1898 4522 2010 4575 cla-

430 4665 603 4714 mans,
629 4646 867 4701 Miserere
880 4639 998 4701 mei,
1023 4633 1259 4697 Domine,
1289 4629 1398 4697 ﬁlia
1427 4641 1535 4678 mea
1563 4621 1696 4675 male
1715 4636 1744 4671 a
1767 4615 2012 4672 dwmouio

1085 300 1144 356 S.
1181 291 1462 354 JOANNIS
1499 277 1972 346 CIIRYSOSTOMI
2010 272 2324 334 ARCIIIEP.
2366 265 2899 329 CONSTANTINOP.

3545 261 3651 317 320

2067 390 2200 443 facta
2227 387 2296 442 sit
2329 386 2536 450 mulier,
2563 399 2680 454 quae
2709 382 2920 452 indigna
2949 379 3096 450 prius
3122 375 3271 432 erat?
3301 377 3390 432 Vis
3438 377 3646 438 discere

2063 494 2160 534 nos
2185 480 2236 533 in
2265 475 2529 548 precando
2549 490 2644 544 per
2664 474 3019 543 nosmetipsos
3046 473 3165 542 plus
3184 474 3460 544 perﬁcere,
3487 490 3647 543 quam

2063 589 2160 643 per
2208 571 2377 625 alios?
2435 569 2696 624 Clamavit
2753 567 2886 630 haec,
2937 575 2992 620 et
3033 567 3349 621 accedentes
3402 568 3644 636 discipuli

2063 666 2358 719 dixerunt:
2391 662 2597 714 Dimitte
2636 659 2799 724 illaut,
2839 658 2959 726 quia
2999 659 3183 711 clamat
3233 668 3345 727 post
3391 675 3482 712 nos
3529 658 3642 728 (Ib.

2065 773 2112 810 υ.
2139 755 2248 826 25)
2282 773 2294 808 :
2327 763 2382 808 et
2406 752 2473 806 ad
2498 753 2620 807 illos
2643 751 2858 820 quidem
2886 749 3192 818 respondit,
3226 748 3347 803 Non
3388 766 3497 802 sum
3525 751 3647 804 mis-

2064 868 2150 906 sus
2198 849 2297 903 nisi
2347 848 2416 900 ad
2469 862 2600 910 oves,
2642 860 2755 916 quae
2801 843 3074 913 perierunt,
3101 843 3284 895 domus
3332 841 3499 896 Israel
3529 841 3646 913 (Ib.

2066 959 2112 996 υ.
2134 941 2237 1010 24)
2265 960 2279 996 :
2308 956 2429 995 cum
2463 947 2639 992 autem
2687 937 2773 990 illa
2818 952 2910 1005 per
2949 936 3179 1004 seipsam
3207 935 3429 998 accedit,
3457 945 3512 990 et
3533 936 3648 989 cla-

2069 1034 2266 1087 Inando
2291 1030 2649 1101 perseveravit
2673 1029 2890 1090 dicens,
2930 1025 3117 1091 Etiam,
3163 1027 3394 1092 Domine,
3441 1043 3556 1080 nam
3597 1036 3650 1080 ct

2069 1126 2236 1181 catelli
2255 1126 2408 1180 edunt
2435 1124 2498 1178 de
2524 1139 2698 1176 mensa
2718 1121 3036 1174 dominorum
3053 1135 3259 1172 suorum
3286 1117 3402 1189 (Ib.
3427 1134 3473 1172 υ.
3503 1120 3606 1191 27)
3629 1135 3648 1173 :

2071 1229 2197 1273 tunc
2232 1217 2455 1288 gratiam
2485 1213 2732 1278 contulit,
2778 1221 2833 1266 et
2883 1210 3049 1274 dixit,
3103 1209 3222 1263 Fiat
3268 1211 3356 1264 tibi
3405 1211 3533 1263 sicut
3573 1212 3654 1264 ris

2072 1309 2188 1380 (Ib.
2215 1326 2261 1361 ιε.
2291 1306 2417 1374 28).
2446 1304 2689 1359 Vid‘stin’
2715 1301 3005 1370 quomodo,
3035 1316 3154 1354 cum
3179 1300 3252 1354 illi
3289 1309 3652 1369 precarentur,

2073 1399 2286 1469 repulit,
2318 1411 2438 1451 cum
2466 1404 2645 1448 autem
2697 1391 2784 1445 illa
2829 1405 3022 1444 munus
3046 1390 3326 1444 clamando
3348 1392 3651 1459 postulavit,

2073 1491 2293 1546 annuit?
2335 1489 2441 1542 Illis
2485 1489 2678 1556 quippe
2715 1485 2863 1548 dicit,
2916 1482 3038 1537 Non
3087 1500 3200 1537 sum
3241 1484 3420 1536 missus
3445 1485 3544 1536 nisi
3583 1484 3655 1536 ad

2074 1599 2207 1647 oves,
2251 1595 2364 1648 quae
2418 1578 2691 1648 perierunt,
2723 1575 2901 1628 domus
2922 1573 3118 1637 Israel;
3148 1573 3268 1628 huic
3287 1588 3436 1638 vero,
3463 1572 3654 1643 Magna

2074 1683 2146 1726 est
2169 1671 2294 1739 ﬁdes
2312 1680 2440 1722 tua:
2470 1669 2558 1737 [iat
2581 1667 2671 1719 tibi
2696 1667 2825 1719 sicut
2851 1667 2941 1720 vis.
2970 1664 3037 1720 Et
3061 1665 3272 1734 quidem
3315 1663 3466 1718 initio
3511 1665 3650 1732 peti-

2078 1762 2236 1818 tionis
2284 1759 2412 1814 nihil
2451 1757 2761 1827 respondit:
2793 1756 2879 1810 ubi
2927 1762 3104 1809 autem
3149 1753 3345 1820 semel,
3375 1754 3565 1808 iterum
3602 1764 3656 1807 et

2079 1853 2236 1908 tertio
2263 1853 2508 1915 accessit,
2539 1859 2664 1903 tunc
2687 1847 2910 1917 gratiam
2939 1844 3193 1910 contulit;
3225 1860 3289 1899 ex
3332 1845 3437 1899 ﬁne
3459 1845 3658 1899 docens

2078 1961 2198 2010 nos,
2221 1959 2281 1998 se
2303 1956 2496 1998 munus
2521 1939 2813 2002 distulisse,
2844 1953 2946 1991 non
2978 1946 3035 1991 ut
3056 1935 3200 1990 illam
3235 1936 3536 2005 repelleret,
3565 1935 3659 1988 sed

2080 2048 2137 2093 ut
2193 2038 2347 2092 nobis
2410 2033 2658 2090 omnibus
2711 2029 3013 2100 patientiam
3068 2027 3304 2082 mulieris
3363 2027 3656 2081 exhiberet.

2079 2130 2212 2185 Nam
2230 2127 2273 2183 si
2298 2136 2355 2181 ut
2386 2126 2529 2192 illam
2582 2121 2862 2191 repelleret
2910 2119 3223 2182 distulisset,
3264 2133 3435 2187 neque
3465 2118 3515 2170 in
3558 2117 3664 2171 ﬁne

2079 2219 2402 2292 postulatum
2433 2214 2696 2278 dedisset;
2724 2213 2847 2282 quia
2888 2225 3016 2264 vero
3045 2218 3102 2263 ut
3133 2208 3523 2278 philosophiam
3547 2210 3664 2275 ejus

2080 2313 2330 2368 omnibus
2375 2307 2651 2362 exhiberet
2686 2301 3061 2372 exspectabat,
3108 2299 3228 2354 ideo
3276 2299 3497 2352 tacebat.
3530 2297 3663 2350 Nam

2082 2405 2126 2459 si
2153 2402 2332 2456 statim
2361 2419 2388 2452 a
2423 2395 2681 2468 principio
2711 2392 3021 2450 beneﬁcium
3046 2390 3380 2453 contulisSet,
3429 2388 3666 2441 mulieris

2086 2487 2815 2554 virtutemfortitudinemque
2831 2498 2937 2536 non
2961 2495 3254 2536 nossemus.
3279 2477 3481 2530 Dimitte
3495 2475 3664 2538 illam,

2085 2586 2364 2655 inquiunt,
2408 2579 2527 2649 quia
2571 2575 2756 2630 clamat
2796 2582 2908 2644 post
2957 2588 3068 2626 nos.
3120 2568 3257 2635 Quid
3315 2583 3441 2623 vero
3491 2566 3650 2619 Citri-

2084 2675 2241 2731 stus?
2300 2671 2404 2725 \‘os
2444 2668 2639 2722 auditis
2663 2680 2882 2730 vocem,
2932 2676 3031 2732 ego
3074 2668 3304 2713 mentem
3331 2657 3484 2710 video
3514 2672 3528 2708 :
3553 2656 3668 2710 scio

2085 2766 2213 2839 quid
2265 2763 2468 2818 dictura
2516 2760 2604 2813 sit.
2674 2755 2810 2810 Nolo
2861 2754 3168 2808 thesaurum
3228 2749 3281 2803 in
3333 2756 3508 2803 mente
3551 2746 3668 2814 ejus

2089 2858 2419 2916 reconditum
2467 2852 2633 2906 latere
2669 2866 2683 2904 :
2709 2847 2803 2903 sed
2831 2853 3080 2914 eXSpecto
3108 2853 3163 2897 et
3189 2851 3360 2905 taceo,
3413 2848 3468 2892 ut
3497 2839 3668 2907 ipsum

2089 2953 2357 3008 detectum
2381 2948 2432 3001 in
2464 2943 2696 2999 medium
2722 2937 3015 3011 proferam,
3068 2942 3124 2989 et
3169 2931 3416 2986 omnibus
3444 2929 3680 2983 manit’c-~

2089 3053 2231 3100 stum
2271 3041 2480 3117 faciam.

2163 3135 2252 3189 15.
2288 3111 2413 3186 [hec
2439 3128 2596 3198 igitur
2625 3121 2799 3177 omnia
2825 3133 2946 3173 cum
2977 3113 3316 3171 didicerimus
3341 3153 3356 3177 ,
3387 3108 3588 3170 etiamsi
3616 3109 3672 3161 in

2093 3223 2326 3298 peccatis
2359 3219 2550 3282 simus,
2582 3224 2635 3270 et
2670 3209 2940 3268 beneﬁciis
2968 3205 3188 3275 indigni,
3219 3219 3286 3256 ne
3309 3203 3674 3272 desperemus.

2093 3293 2325 3372 scientes
2353 3325 2452 3366 nos
2481 3323 2546 3362 ex
2591 3302 2752 3359 animi
2778 3298 3088 3355 assiduitate
3106 3309 3262 3365 posse
3283 3293 3472 3362 dignos
3497 3299 3678 3362 postu-

2096 3406 2217 3462 latis
2242 3401 2493 3458 evadere.
2527 3395 2676 3452 Licet
2702 3394 2816 3448 sine
2843 3387 3139 3460 patrocinio
3169 3399 3231 3438 ac
3261 3383 3458 3438 deserti
3487 3382 3675 3443 simus,

2098 3514 2167 3554 ne
2187 3497 2419 3550 animum
2452 3485 2898 3559 despondeamns,
2927 3477 3080 3550 gnari
3122 3489 3366 3544 magnum
3402 3471 3529 3526 illud
3557 3484 3678 3523 esse

2099 3583 2474 3659 patrocinium,
2507 3579 2550 3632 si
2577 3576 2696 3647 quis
2726 3586 2915 3642 magno
2948 3565 3271 3630 eumsmdio
3301 3577 3392 3630 per
3441 3560 3677 3628 seipsum

2098 3652 2165 3734 ad
2198 3678 2361 3731 Deum
2387 3669 2628 3727 accedat.
2647 3666 2701 3722 Si
2729 3675 2921 3720 munus
2947 3659 3188 3714 conferre
3213 3652 3420 3708 diﬁ'erat
3457 3658 3510 3703 et
3552 3662 3683 3717 prov~

2101 3768 2358 3825 crastinet
2379 3804 2392 3828 ,
2419 3777 2485 3817 ne
2511 3757 2878 3818 concidamus,
2905 3751 3135 3805 scientes
3167 3745 3305 3799 illam
3327 3739 3674 3811 procrastina-

2105 3864 2305 3917 tionem
2342 3871 2488 3913 cura:
2515 3862 2673 3922 atque
2697 3843 3036 3916 benignitatis
3064 3854 3182 3894 esse
3207 3841 3594 3906 argumentum.
3625 3828 3683 3882 Si

2102 3953 2157 4010 id
2186 3962 2496 4023 persuasum
2527 3944 2833 4003 habeamus,
2878 3945 2934 3991 et
2982 3947 3102 3987 cum
3150 3929 3329 3981 animo
3380 3923 3592 3978 dolente
3629 3930 3687 3973 et

2105 4011 2333 4108 fervido,
2363 4047 2520 4108 atque
2540 4035 2766 4089 excitata
2788 4027 3078 4086 voluntate,
3098 4019 3185 4075 tali
3209 4018 3432 4078 scilicet,
3474 4011 3681 4083 qualem

2108 4133 2293 4191 habuit
2322 4128 2585 4184 accedens
2605 4120 2923 4183 Chananzea,
2953 4124 3006 4169 et
3033 4124 3129 4166 nos
3157 4110 3329 4178 ipsum
3365 4103 3687 4165 adierimus,

2106 4225 2314 4286 etiamsi
2341 4235 2500 4278 canes
2526 4219 2717 4280 simus,
2746 4210 2953 4269 etiamsi
2984 4203 3192 4276 quidvis
3224 4213 3385 4270 grave
3415 4203 3688 4266 perpetra-

2110 4321 2364 4381 verimus,
2390 4323 2446 4368 et
2477 4320 2656 4365 nostra
2686 4304 2820 4360 mala
2850 4297 3183 4357 ameliemur,
3228 4299 3535 4356 tantumque
3557 4283 3686 4337 ﬁdu-

2111 4417 2208 4471 cite
2235 4408 2577 4480 accipiemus,
2601 4412 2656 4456 ut
2674 4399 2797 4454 aliis
2816 4407 3024 4465 quoque
3044 4383 3363 4459 patrocinari
3386 4381 3690 4434 valeamus:

2114 4497 2560 4576 quemadmodum
2585 4501 2640 4547 et
2659 4490 2955 4546 Chanamea
2981 4495 3086 4535 non
3113 4476 3289 4532 solum
3314 4475 3423 4542 ipsa
3450 4467 3694 4522 ﬁduciam

2117 4557 2170 4652 ξι
2200 4593 2392 4650 multas
2419 4586 2602 4642 laudes
2619 4583 2947 4646 eonseqnuta
2977 4578 3084 4635 est,
3113 4565 3208 4622 sed
3231 4565 3389 4619 etiam
3432 4559 3592 4613 ﬁliam
3621 4557 3702 4610 in-

2118 4682 2483 4742 tolerabilibus
2530 4671 2790 4730 molestiis
2850 4667 3058 4734 eripere
3107 4657 3297 4728 potuit.
3345 4651 3486 4708 Nihil
3535 4648 3702 4710 enim,

430 4711 638 4800 uexatur
671 4735 897 4810 (Matth.
946 4731 1034 4786 i5.
1087 4726 1216 4796 22).
1265 4723 1346 4777 En
1395 4719 1688 4784 alienigena
1735 4711 1924 4766 mulier
1961 4715 2017 4763 et

433 4836 687 4896 barbara,
731 4827 1036 4885 Judaeorum
1090 4816 1396 4888 reipublicae
1455 4817 1726 4866 extranea.
1782 4803 1850 4858 Et
1890 4799 2016 4871 quid

439 4928 577 4990 aliud
600 4934 736 4987 erat,
765 4934 921 4992 quam
951 4913 1121 4978 canis,
1145 4919 1199 4966 et
1219 4908 1431 4976 indigna
1466 4917 1585 4974 quae
1609 4907 1846 4969 Optatum
1869 4907 2018 4948 asse-

431 5016 726 5092 queretur?
754 5012 876 5068 Non
909 5018 980 5063 est
1023 5005 1176 5066 enim,
1227 4999 1416 5067 inquit,
1448 4994 1633 5049 bonum
1661 4989 1888 5059 accipere
1926 5000 2021 5054 pa-

438 5080 551 5170 nem
586 5109 826 5181 ﬁliorum,
879 5111 924 5156 et
967 5099 1092 5153 dare
1135 5090 1328 5148 catellis
1378 5086 1491 5152 (Ib.
1540 5101 1587 5139 υ.
1612 5081 1742 5146 26).
1772 5080 2024 5134 Attamen

443 5168 755 5264 assiduitate
776 5168 930 5266 digna
953 5189 1139 5247 evasit.
1169 5184 1354 5254 Neque
1381 5179 1522 5234 enim
1554 5183 1755 5230 tantum
1787 5171 1928 5225 illam
1973 5168 2025 5222 in

445 5298 674 5357 ﬁliorum
729 5287 1056 5345 nobilitatem
1109 5278 1307 5339 evexit,
1363 5285 1482 5341 qua:
1540 5265 1691 5321 canis
1733 5271 1876 5326 erat;
1934 5257 2028 5313 sed

2122 4775 2255 4832 nihil
2304 4772 2485 4840 utique
2544 4763 2810 4836 potentius
2853 4766 2934 4812 est
2979 4751 3224 4808 oratione
3271 4741 3494 4800 ferventi
3547 4748 3706 4806 atque

2123 4868 2353 4923 sincera.
2379 4862 2504 4917 Hinc
2527 4867 2580 4912 et
2602 4848 2882 4924 praesentia
2905 4844 3042 4901 mala
3058 4839 3234 4902 solvit,
3257 4846 3310 4891 et
3332 4851 3363 4889 a
3396 4831 3586 4887 futuris
3616 4828 3710 4881 illo

2127 4970 2366 5027 tempore
2411 4946 2684 5019 suppliciis
2735 4941 2912 5011 eripit.
2966 4935 3036 4992 Ut
3091 4933 3265 4999 itaque
3297 4935 3352 4981 et
3393 4926 3709 4994 praesentem

2129 5053 2290 5107 vitam
2331 5044 2543 5124 facilius
2598 5035 2987 5104 transigamus,
3039 5037 3094 5081 et
3159 5023 3287 5077 illuc
3345 5031 3466 5072 cum
3521 5011 3711 5066 ﬁducia

2129 5147 2404 5207 abeamus,
2426 5137 2592 5194 nudto
2613 5131 2788 5189 studio
2813 5138 2868 5184 et
2888 5122 3160 5181 alacritate
3183 5115 3426 5190 precibus
3442 5121 3712 5164 vacemus.

2134 5239 2222 5296 Sic
2251 5237 2392 5292 enim
2420 5230 2711 5303 poterimus
2736 5233 2792 5280 et
2833 5217 3114 5293 prtesentia
3153 5204 3407 5277 consequi
3450 5202 3613 5265 bona,
3666 5207 3722 5251 et

447 5298 674 5357 ﬁliorum
729 5293 1056 5345 nobilitatem
1109 5293 1307 5339 evexn,
1363 5293 1482 5341 quae
1540 5293 1691 5321 ωιιιυ
1733 5293 1876 5326 υι-ιι,
1934 5293 2028 5313 θυι.
2149 5293 2159 5296 ψ
2420 5293 2437 5303 ,

447 5388 608 5448 etiam
634 5381 817 5440 multis
837 5393 957 5434 cum
979 5369 1220 5429 laudibus
1241 5363 1464 5427 dimisit,
1492 5358 1677 5413 dicens
1703 5369 1717 5406 :
1753 5352 1797 5407 0
1816 5347 2032 5404 mulier!
2136 5330 2334 5400 optima
2363 5340 2458 5394 5Pc
2485 5323 2584 5376 Ῐνυί
2617 5338 2631 5373 ε
2664 5333 2781 5389 quae
2810 5329 2908 5370 “05
2949 5322 3135 5366 οιηιιεε
3183 5299 3394 5370 aSW1ui
3423 5293 3719 5362 conlingat.

1909 5442 1939 5448 η
2139 5423 2302 5448 -_-.:..
2360 5413 2685 5448 ι.η..ςη..;ισιιρ
2735 5416 2783 5448 οι
2825 5396 3290 5448 οηιηηιῑερωῑὶοηε
3323 5384 3528 5445 Domini
3556 5380 3719 5437 nostri

447 5388 608 5448 etiam
634 5381 817 5440 multis
837 5393 957 5434 cum
979 5380 1220 5429 laudibus
1241 5380 1464 5427 uuntsn,
1492 5380 1677 5413 uiuens
1703 5380 1717 5406 ε
1753 5380 1796 5407 υ
1816 5380 1984 5404 ηιαιιε,
2012 5380 2025 5402 .-
2142 5380 2192 5400 ν,
2394 5380 2408 5394 ,
2683 5380 2697 5389 _

445 5497 634 5554 ntugua
662 5485 734 5533 est
755 5473 881 5544 ﬁdes
903 5481 990 5524 tua
1021 5465 1144 5535 :ﬁat
1166 5459 1254 5515 tibi
1280 5459 1404 5512 sicut
1426 5454 1497 5508 eis
1525 5449 1637 5518 (Ib.
1667 5463 1714 5501 υ.
1745 5443 1874 5515 28).
1901 5442 2034 5496 Cum
2137 5423 2327 5495 gratia,
2360 5413 2686 5486 benignitate
2711 5416 2789 5484 ’et
2825 5396 3290 5467 commiseratione
3323 5384 3528 5445 Domini
3556 5380 3724 5437 nostri

1196 5550 1237 5554 u
1537 5541 1596 5554 ”’
1685 5548 1696 5554 ’
1835 5533 2033 5554 "“"““
2148 5519 2265 5554 "‘m
2317 5512 2533 5554 Πινῖείί-
2584 5507 2798 5554 "nimim
2837 5499 3004 5554 Patri.
3047 5506 3257 5554 unaque
3291 5485 3512 5554 Spiritui
3541 5488 3724 5537 sancto

450 5497 634 5554 magna
662 5485 734 5533 est
755 5485 881 5544 ﬁdes
903 5485 990 5524 tua
1021 5485 1038 5520 :
1057 5485 1143 5535 μαι
1166 5485 1253 5515 um
1280 5485 1403 5512 sum
1427 5485 1497 5508 m
1525 5485 1541 5518 ι
1559 5485 1637 5503 ιν.
1669 5485 1714 5501 υ.
1748 5485 1814 5500 ..υ
1832 5485 1874 5515 ,.
1905 5485 2034 5496 νυ...
2139 5485 2168 5495 ν
2314 5485 2321 5488 ν
2497 5485 2506 5486 ί

450 5583 630 5628 autem
675 5564 916 5623 Christus
967 5558 1135 5620 dicat,
1184 5550 1378 5620 Magna
1405 5555 1477 5600 est
1526 5541 1651 5612 ﬁdes
1679 5548 1786 5603 tua,
1833 5533 2036 5589 nullum
2141 5519 2267 5576 Jesu
2317 5512 2537 5575 Christi.
2584 5507 2798 5579 quicum
2837 5499 3004 5566 Ρθιτίν
3047 5506 3257 5564 unaque
3291 5485 3512 5558 Spiritui
3541 5488 3725 5537 5³³1010

1897 5625 1926 5628 ·-
1998 5623 2008 5628 -
2181 5615 2192 5628 ·
2265 5612 2300 5628 ’κ
2364 5607 2391 5628 L
2408 5622 2466 5628 ---
2494 5621 2536 5628 --
2577 5599 2852 5628 numne...“
2899 5594 2950 5628 tu
2970 5588 3159 5628 cmmuln
3177 5585 3513 5628 «minim-nm.
3535 5578 3725 5628 Amen.

455 5583 630 5628 ιιιωιιι
675 5578 916 5623 ωιτιειυε
967 5578 1135 5620 (ιιωι,
1184 5578 1378 5620 mugitu
1405 5578 1477 5600 cu
1526 5578 1651 5612 ,ιι-νυ
1679 5578 1786 5603 νη...
1833 5578 2036 5589 ......_.-_
2606 5578 2610 5579 ν

455 5660 598 5718 aliud
625 5670 830 5725 quaeras
850 5653 991 5707 circa
1033 5633 1760 5713 magnanimitatemhujusce
1803 5623 2041 5680 mulieris
2145 5612 2333 5686 gloria,
2364 5578 3726 5674 bonur,impcrium,insaeculasmculorum.Amen.

454 5745 856 5811 argumentum.
883 5738 1130 5796 Vidistin'
1159 5729 1426 5804 quomodo
1453 5744 1516 5782 ex
1548 5722 1857 5778 assiduitate
1884 5717 2040 5788 digna
