4082 6212
393 296 494 354 521
1517 282 1581 338 IN
1625 279 1854 346 ILLUD,
1895 276 2104 334 VIDUA
2143 271 2514 330 ELIGATUR.

1546 798 1623 859 [Ν
1664 795 2044 858 HOMILIAM
2083 792 2178 852 DE
2219 789 2495 851 VlDUIS.

405 1070 555 1125 illam
588 1062 911 1125 sententiam
944 1059 1258 1132 scrupulum
1303 1056 1635 1128 injicicmus.
1685 1053 1908 1110 Certum
1955 1057 2038 1105 est
2067 1017 2524 1117 ’Chrysostomum
2574 1054 2720 1095 anno
2763 1038 2982 1094 ineunte
3020 1036 3127 1092 387
3157 1050 3266 1091 non
3311 1051 3516 1106 paucas
3548 1035 3648 1092 ha-

406 1189 593 1246 buisse
628 1185 919 1242 conciones
943 1181 1012 1237 de
1037 1177 1318 1250 ὁμωυσιῳ
1345 1186 1402 1233 et
1431 1183 1620 1233 contra
1643 1174 1942 1228 Anomceos
1966 1185 1984 1222 :
2020 1181 2121 1223 nec
2162 1165 2342 1220 minus
2370 1170 2582 1218 certum
2630 1158 2807 1214 solere
2850 1155 3300 1226 Chrysostomum
3347 1157 3648 1225 praeterita-

408 1315 530 1357 rum
562 1299 886 1355 concinnum
909 1293 1256 1350 meminisse:
1283 1307 1351 1345 an
1381 1303 1509 1346 vero
1543 1287 1859 1358 contingere
1889 1281 2100 1354 potuit,
2139 1288 2200 1334 ut
2230 1279 2444 1349 vigente
2473 1273 2563 1328 illa
2593 1268 2986 1340 disceptatione
3015 1275 3202 1323 contra
3237 1265 3556 1327 Anommos,
3594 1264 3645 1316 in

409 1415 556 1472 nulla
593 1417 851 1468 harumce
878 1425 1068 1466 novem
1093 1407 1463 1472 homiliarum,
1491 1421 1614 1478 qua:
1637 1405 1757 1460 sine
1797 1401 1964 1457 dubio
1993 1399 2133 1454 inter
2163 1393 2429 1450 Homilies
2461 1398 2651 1446 contra
2695 1387 2992 1443 Anomteos
3020 1382 3348 1439 iutcrmixtae
3385 1377 3607 1432 fuerunt
3631 1421 3646 1442 ,

407 1529 457 1584 si
492 1528 585 1583 illo
608 1543 752 1582 anno
781 1527 939 1582 dicte
970 1525 1193 1592 fuerint,
1234 1529 1298 1578 de
1339 1523 1430 1579 illa
1459 1520 1832 1580 controversia
1883 1529 2126 1587 unquam
2171 1507 2522 1569 tueminerit?
2569 1505 2682 1562 ilac
2713 1505 2848 1560 mihi
2894 1518 3033 1558 nova
3087 1501 3312 1557 suborta
3364 1493 3650 1554 dubitandi

406 1655 601 1707 causa,
631 1639 800 1695 animi
834 1638 1046 1710 pendeo
1072 1637 1247 1694 donec
1271 1635 1402 1707 quid
1427 1633 1633 1691 certius
1660 1639 1923 1701 emergat.

482 1778 859 1850 Interpretatio
894 1777 1086 1833 Latina
1115 1787 1198 1833 est
1220 1772 1509 1831 Frontonis
1534 1771 1738 1827 Duczei.

1779 2243 1880 2318 ΙΝ
1963 2234 2314 2319 ILLUD.

393 2627 586 2670 unus
632 2622 946 2666 euenun
992 2619 1114 2663 non
1160 2617 1352 2661 uinus
1398 2611 1752 2659 sensura
1798 2606 2103 2652 annonem
2152 2585 2236 2666 (1.
2281 2585 2443 2646 Tim.
2485 2583 2544 2644 5.
2580 2582 2712 2664 9);
2761 2601 2840 2643 ετ
2884 2600 2965 2642 ne
3010 2597 3378 2641 uenuonuat
3424 2595 3662 2638 ante»

1464 2712 1680 2767 none,
1729 2709 1803 2754 ac
1846 2709 1930 2752 ne
1973 2704 2386 2750 ensnuosxns
2433 2685 2545 2767 (a).

1715 2878 1946 2890 ._—.__..

467 2987 517 3040 1.
565 2984 820 3040 Connin
864 2981 1190 3036 dicendorum
1238 2994 1354 3032 cum
1398 2985 1548 3030 antea
1597 2975 1768 3028 dictis.
1818 2971 1978 3025 Arma

390 3079 657 3133 viduarum
720 3092 836 3148 qua:
891 3075 1008 3129 sint.
1035 3102 1108 3113 —
1140 3069 1490 3127 Commodum
1531 3064 1696 3120 divini
1745 3063 1976 3132 Spiritus

389 3172 557 3242 gratia
586 3170 904 3240 disponente
931 3165 1174 3235 contigit,
1207 3172 1263 3217 ut
1287 3163 1333 3217 is
1365 3161 1519 3215 vobis
1555 3158 1861 3228 apostolica:
1891 3157 1972 3210 lo-

390 3278 486 3316 eus
527 3260 788 3331 epistolae,
825 3273 984 3331 quem
1028 3255 1287 3311 hodierno
1313 3252 1400 3309 die
1437 3249 1734 3314 audivistis,
1767 3249 1972 3318 legere-

391 3361 478 3408 tur
503 3370 519 3408 :
548 3351 706 3407 habet
745 3349 887 3407 enim
925 3364 1046 3404 cum
1073 3348 1136 3402 iis
1159 3362 1278 3418 qua:
1303 3361 1471 3415 nuper
1496 3342 1748 3407 diximus,
1774 3355 1978 3411 cogna-

391 3447 592 3500 tionem
634 3453 690 3499 et
725 3442 1111 3498 connexionem
1155 3437 1294 3495 haud
1341 3436 1695 3500 mediocrem,
1727 3434 1772 3488 si
1800 3433 1975 3488 minus

393 3536 449 3589 in
493 3536 691 3601 verbis,
734 3543 882 3590 certe
927 3534 979 3586 in
1022 3530 1318 3587 sententiis.
1371 3529 1481 3583 Hoc
1522 3528 1664 3582 enim
1697 3522 1825 3581 illud
1868 3533 1972 3590 est,

394 3626 536 3696 quod
565 3641 732 3693 nuper
757 3624 1048 3694 legebatur,
1077 3622 1154 3677 De
1181 3621 1539 3677 dormientibus
1562 3631 1732 3674 autem
1753 3618 1870 3673 nolo
1890 3634 1977 3672 vos

389 3718 640 3786 ignorare,
663 3717 847 3786 fratres
868 3715 1126 3788 (LTItess.
1156 3715 1210 3768 4.
1246 3714 1371 3784 12):
1403 3724 1458 3767 et
1501 3711 1568 3766 de
1585 3711 1976 3766 resurrectione

391 3806 554 3859 inulta
587 3814 696 3858 tum
726 3821 754 3858 a
783 3805 938 3858 nobis
978 3812 1104 3858 sunt
1147 3803 1307 3868 dicta,
1355 3815 1509 3870 mque
1549 3802 1728 3854 animo
1758 3800 1975 3855 ferenda

390 3911 512 3950 esse
554 3895 689 3948 mala
731 3893 1015 3963 ejusmodi,
1059 3893 1272 3963 Deoqne
1314 3891 1512 3962 gratias
1557 3890 1829 3960 agendas,
1884 3889 1974 3959 qui

393 3989 720 4060 propinquos
746 3999 956 4042 nostros
973 3986 1072 4040 sibi
1098 3992 1414 4040 assumeret.
1441 3983 1608 4038 Hodie
1629 3998 1756 4036 vero
1780 3982 1975 4036 lectum

392 4091 473 4137 est
498 4080 677 4136 istud:
719 4078 885 4135 Vidua
932 4079 1145 4150 eligatur
1189 4093 1291 4129 non
1319 4075 1482 4129 minus
1522 4073 1783 4145 sexaginta
1811 4089 1970 4126 anno-

390 4189 503 4228 rum
554 4172 574 4247 (
601 4175 652 4229 1.
685 4171 820 4228 Tim.
852 4171 907 4228 5.
936 4170 1035 4242 9).
1087 4168 1312 4240 Quando
1364 4167 1524 4239 igitur
1573 4182 1643 4222 ex
1696 4167 1980 4222 occasione

393 4265 582 4320 mortis
605 4265 837 4320 viduitas
871 4263 1061 4327 oritur,
1090 4271 1145 4317 et
1171 4261 1272 4316 hoc
1308 4269 1412 4327 est,
1450 4258 1591 4330 quod
1617 4261 1849 4313 maxime
1875 4255 1977 4312 do-

392 4357 562 4413 lorem
609 4366 787 4426 auget,
836 4371 899 4410 ac
943 4354 1142 4409 luctum
1181 4354 1408 4418 excitat,
1451 4364 1719 4406 memores
1767 4363 1977 4414 eorum,

391 4465 514 4520 qua:
538 4463 710 4518 nuper
733 4462 763 4500 a
789 4446 943 4501 nobis
979 4445 1117 4499 dicta
1163 4453 1286 4498 sunt
1313 4441 1380 4496 ad
1408 4456 1502 4496 eos
1529 4441 1619 4512 qui
1651 4443 1830 4512 lugent
1851 4455 1978 4496 con-

393 4540 667 4605 solandos,
692 4553 863 4609 eaque
887 4552 1098 4591 summo
1122 4533 1298 4590 studio
1319 4533 1690 4602 suscipientes,
1714 4533 1764 4586 in
1788 4541 1981 4587 vestra:

393 4634 590 4689 mentis
617 4629 988 4700 promptuariis
1011 4627 1099 4682 illa
1128 4626 1420 4681 recondite.
1452 4625 1584 4679 Nam
1612 4623 1838 4678 viduitas
1865 4623 1982 4694 qui-

395 4724 518 4780 dem
565 4721 882 4778 calamitatis
921 4735 1041 4775 esse
1070 4733 1262 4773 nomen
1290 4717 1517 4779 videtur,
1549 4714 1643 4770 sed
1669 4725 1843 4769 tamen
1873 4729 1981 4768 non

395 4825 497 4884 est,
540 4825 727 4870 Verum
757 4812 1005 4884 dignitas,
1037 4810 1229 4878 honor,
1272 4819 1328 4866 et
1356 4809 1524 4880 gloria
1563 4808 1827 4874 maxima;
1873 4822 1978 4861 non

395 4907 763 4978 opprobrium,
789 4905 884 4960 sed
897 4919 1116 4960 corona.
1136 4903 1285 4958 Licet
1312 4902 1454 4956 enim
1481 4901 1728 4958 maritum
1758 4915 1862 4954 non
1889 4898 1984 4953 ha-

397 4999 542 5067 heat,
565 5015 686 5054 cum
711 5014 817 5069 quo
838 4996 1060 5063 habitet,
1087 4994 1243 5050 vidua
1269 5012 1283 5050 :
1314 5003 1490 5050 tamen
1518 4992 1787 5050 Christum
1825 4991 1984 5047 habet

394 5105 519 5145 cum
549 5104 657 5161 quo
681 5088 904 5156 habitet,
931 5108 962 5146 a
983 5103 1091 5159 quo
1113 5088 1379 5152 universa,
1405 5103 1524 5158 quae
1554 5085 1820 5156 ingruant,
1844 5085 1983 5141 mala

397 5181 793 5253 propulsentur.
837 5181 1047 5238 Sufﬁcit
1074 5180 1216 5236 enim
1246 5181 1372 5235 dum
1403 5179 1607 5250 injuriis
1649 5189 1871 5234 vexatur
1899 5180 1980 5231 vi-

394 5274 523 5338 dua,
577 5285 633 5328 ut
685 5273 932 5337 introeat,
982 5287 1120 5343 genu
1173 5271 1368 5336 ﬂectat,
1418 5273 1610 5327 acerbe
1650 5272 1979 5342 ingemiscat,

398 5376 659 5437 taerymas
703 5365 910 5430 fundat,
955 5374 1010 5419 ct
1047 5380 1229 5419 omnes
1256 5364 1474 5419 insidias
1499 5378 1704 5426 eorum,
1735 5364 1982 5437 aquibus

393 5469 638 5523 vexatur,
680 5457 921 5524 repellat.
974 5456 1243 5526 Ejusmodi
1289 5457 1430 5511 enim
1460 5472 1605 5511 arma
1633 5464 1756 5510 sunt
1780 5432 1977 5520 vidum,

397 5546 669 5622 lueiymce,
697 5550 945 5619 gemitus,
990 5563 1054 5604 ae
1099 5561 1285 5618 preces
1309 5545 1537 5601 assidua:
1574 5564 1588 5601 :
1617 5562 1716 5618 per
1735 5547 1849 5602 hzec
1877 5563 1981 5601 non

400 5681 536 5807 wits)
566 5677 740 5734 collata
779 5694 892 5732 cum
914 5687 1018 5731 ltss.
1060 5686 1174 5745 Reg.
1203 5679 1356 5740 1975,
1390 5683 1444 5730 et
1476 5676 1768 5732 colberthtis
1801 5679 1898 5733 970
1928 5685 1983 5733 et

459 5762 531 5806 ἀι.

459 5762 531 5806 ῑῑῡ.

1952 2851 2130 2907 etne

2138 2871 2354 2882 -———-__

2090 2969 2348 3025 humanas
2393 2979 2596 3026 tantum
2645 2971 2884 3041 injurias,
2929 2971 3023 3027 sed
3065 2973 3368 3028 tia-menum
3397 2975 3557 3030 etiam
3588 2977 3671 3032 in.

2081 3076 2271 3118 cursus
2292 3063 2487 3134 poterit
2506 3062 3014 3132 propulsareNidun
3033 3078 3062 3116 a
3079 3065 3424 3120 saecularibus
3447 3068 3672 3137 negotiis

2083 3153 2335 3211 immunis
2377 3162 2480 3220 est,
2527 3155 2595 3210 ad
2640 3157 2829 3211 ca-lum
2875 3166 3051 3211 autem
3099 3157 3354 3228 deinceps
3381 3160 3587 3216 tendit:
3615 3137 3676 3217 et,

2080 3248 2225 3320 quod
2263 3262 2386 3319 erga
2427 3249 2597 3303 virum
2638 3246 2872 3303 studium
2897 3256 2953 3302 et
2975 3248 3175 3304 cultum
3211 3249 3513 3314 exhibebat,
3545 3268 3668 3306 eum

2083 3339 2138 3395 in
2167 3353 2253 3396 res
2290 3339 2596 3409 spirituales
2635 3347 2811 3409 potest
2847 3338 3173 3409 impendere.
3207 3339 3359 3408 Quod
3407 3341 3451 3395 si
3495 3339 3666 3409 dicas,

2081 3428 2209 3484 olim
2240 3446 2352 3486 rem
2395 3430 2551 3484 istam
2594 3430 2949 3485 calamitatem
2979 3430 3160 3496 luisse,
3193 3439 3304 3486 tum
3336 3431 3462 3486 illud
3500 3433 3668 3504 subji-

2082 3522 2243 3590 ciam,
2285 3530 2513 3577 mortem
2559 3535 2771 3592 quoque
2807 3520 3140 3576 maledictum
3167 3519 3333 3579 fuisse
3361 3539 3374 3576 :
3403 3532 3584 3578 tamen
3613 3527 3664 3579 in

2082 3611 2341 3669 honorem
2367 3627 2431 3667 ac
2457 3612 2766 3682 dignitatem
2792 3628 3046 3668 convi-rsa
3077 3623 3161 3668 est
3190 3613 3270 3668 his
3296 3619 3382 3684 qui
3410 3616 3672 3684 patienter

2084 3703 2300 3758 tulerint
2329 3703 2689 3760 invadenlem.
2735 3705 2823 3761 Sic
2854 3704 3102 3759 nimirum
3129 3713 3184 3760 et
3224 3717 3487 3778 martyres
3514 3721 3668 3762 curo-

2082 3806 2298 3864 nantur,
2325 3797 2618 3870 eademque
2646 3799 2853 3854 ratione
2880 3799 3034 3854 vidua
3063 3816 3325 3854 summam
3351 3802 3415 3854 ad
3446 3802 3673 3871 dignita-

2083 3898 2193 3944 tem
2221 3889 2483 3944 evellitur.

2153 3979 2208 4033 9..
2256 3978 2344 4032 Vis
2384 3979 2698 4050 intelligere,
2738 3993 2934 4051 quanta
2963 3999 3050 4038 res
3076 3985 3144 4040 sit
3189 3987 3385 4043 vidua?
3412 4001 3572 4060 quant
3601 3994 3670 4048 sit

2082 4069 2225 4141 apud
2267 4070 2433 4125 Deum
2464 4070 2666 4127 honore
2702 4073 2883 4143 digna,
2926 4085 2981 4129 et
3005 4090 3210 4144 arnore,
3243 4089 3402 4148 ntqne
3428 4096 3667 4137 summu-

2085 4176 2213 4232 pere
2241 4176 2340 4216 suo
2367 4165 2533 4233 possit
2557 4163 2695 4234 apud
2724 4165 2888 4222 Deum
2920 4169 3212 4237 patrocinio
3233 4172 3439 4241 juvare,
3465 4185 3520 4231 et
3546 4191 3667 4232 cum

2084 4255 2315 4324 primum
2337 4255 2657 4324 apparuerit,
2691 4256 2802 4328 jam
2845 4259 3146 4325 damnatos,
3176 4264 3410 4319 animum
3439 4264 3672 4336 despon-

2085 4346 2305 4410 dentes,
2344 4346 2553 4404 hiscere
2599 4364 2704 4403 nou
2744 4350 3038 4416 audentes,
3085 4351 3302 4410 odiosus
3347 4356 3475 4423 Deo,
3520 4359 3667 4414 omni

2084 4438 2447 4493 excusationis
2489 4454 2585 4509 Spe
2626 4440 2883 4511 spoliatus
2930 4441 3178 4512 liberare,
3210 4461 3272 4501 ac
3302 4451 3666 4518 reconciliare,

2085 4545 2259 4600 neque
2286 4531 2493 4587 veniam
2517 4541 2718 4586 tantum
2747 4533 3037 4604 impetrare
3055 4544 3111 4590 et
3136 4538 3396 4609 supplicio
3411 4540 3666 4608 eximere,

2084 4622 2180 4677 sed
2208 4633 2263 4678 et
2288 4626 2505 4679 multam
2530 4625 2771 4681 fiduciam
2817 4643 2881 4682 ac
2925 4628 3262 4698 splendorem
3291 4633 3588 4700 acquirere,
3617 4648 3672 4692 et

2085 4715 2214 4772 solis
2235 4716 2396 4771 radiis
2426 4717 2669 4786 puriores
2692 4718 2936 4782 reddere,
2966 4719 3090 4776 licet
3118 4722 3355 4777 omnium
3383 4727 3490 4779 s‘nt
3525 4743 3665 4780 inur-

2086 4809 2269 4864 talium
2314 4809 2700 4865 sordidissimi?
2744 4810 2879 4866 Audi
2929 4811 3097 4867 Deum
3144 4806 3316 4884 ipsum
3356 4815 3570 4871 .lndmos
3596 4821 3673 4874 sic

2085 4900 2444 4972 alloquentem
2471 4918 2485 4956 :
2519 4899 2644 4956 Cum
2669 4903 2989 4958 eatenderitis
3018 4921 3197 4960 manus
3216 4916 3425 4972 uestras,
3450 4920 3671 4964 avertam

2086 4993 2261 5047 oculos
2286 5009 2421 5047 meos
2445 5009 2479 5046 a
2500 4994 2638 5048 vobis
2654 5007 2675 5048 :
2701 4994 2747 5048 si
2775 4996 3225 5066 multiplicaveritis
3249 4998 3544 5063 orationem,
3574 5016 3674 5054 non

2087 5087 2356 5142 exaudiam
2406 5101 2492 5140 vos
2532 5101 2553 5141 :
2589 5102 2770 5141 manus
2820 5088 2952 5143 enim
2999 5101 3174 5146 uestra:
3214 5093 3459 5162 sanguine
3512 5095 3676 5163 plena:

2085 5187 2202 5232 sunt
2230 5175 2384 5252 (Isai.
2417 5178 2469 5232 1.
2493 5178 2606 5250 15).
2632 5180 2881 5236 Attamen
2924 5180 3008 5236 his
3060 5183 3335 5239 sceleratis
3372 5183 3674 5251 homicidis,

2091 5271 2292 5342 pudore
2335 5271 2568 5336 sull'usis,
2613 5273 2900 5344 ignominia
2938 5275 3135 5332 notatis
3176 5291 3236 5331 se
3275 5275 3674 5332 reconciliatum

2089 5363 2153 5418 iri
2182 5363 2481 5432 pollicetur,
2508 5364 2552 5418 si
2573 5363 2774 5420 allectis
2802 5365 2990 5434 injuria
3013 5366 3186 5422 viduis
3204 5366 3456 5422 auxilium
3481 5365 3671 5420 imm.

2091 5454 2375 5524 Postquam
2423 5455 2565 5510 enim
2610 5453 2764 5520 dixit,
2810 5455 3044 5510 Avertam
3090 5455 3262 5511 oculos
3305 5473 3459 5518 meas.
3505 5466 3677 5512 etnon

2087 5546 2380 5615 exaudiam,
2435 5546 2644 5617 inquit:
2683 5544 2922 5601 Jndicate
2943 5548 3174 5619 pupillo,
3201 5557 3248 5601 et
3287 5548 3570 5619 justiﬁcate
3597 5550 3672 5601 vi-
3733 5528 3736 5530 Ὺ

2088 5639 2263 5706 duom,
2291 5650 2337 5696 et
2365 5647 2543 5707 venite,
2595 5650 2641 5696 et
2690 5642 3114 5708 disputemus;et
3167 5643 3212 5697 si
3251 5645 3436 5714 fuerint
3475 5654 3676 5712 peccata

2088 5741 2252 5788 vestra
2289 5734 2444 5803 quasi
2477 5733 2810 5800 phaniccum,
2854 5733 2981 5788 sicut
3028 5734 3187 5788 nivem
3225 5733 3466 5788 deatbabo
3486 5733 3590 5804 (Ib.
3622 5735 3676 5790 ί.
