4082 6212
446 276 554 332 5‘25

448 381 682 454 “.18).
735 379 894 436 Vides
943 385 1192 450 quantam
1240 373 1434 430 habeat
1472 370 1628 427 vidua
1672 365 2028 440 potestatem’

445 475 532 530 ubi
575 489 729 528 suum
772 471 1020 528 ostendat
1056 467 1338 530 auxilium,
1371 480 1478 519 non
1497 461 1636 533 apud
1662 459 2026 531 magistratum

445 570 529 620 vel
559 579 762 636 regem,
789 563 877 633 qui
904 561 1247 616 dominantur
1274 559 1323 611 in
1357 557 1532 622 terris,
1565 553 1660 610 sed
1689 551 1826 624 apud
1858 552 2029 620 ipsum

440 658 692 712 caelorum
737 653 981 726 Regem?
1025 660 1276 724 quantam
1322 650 1492 720 possit
1535 649 1667 702 iram
1703 645 1923 708 sedare,
1967 657 2031 698 ac

444 751 725 803 Domi-num
771 746 896 811 illis,
944 745 1032 816 qui
1082 743 1360 799 ineurabili
1409 740 1600 796 morbo
1648 737 1826 794 infecti
1870 745 2027 800 sunt,

441 840 675 911 placare,
715 835 1036 892 intolerabili
1075 834 1336 905 supplicio
1376 832 1607 900 eripere.
1644 829 1876 884 animam
1907 841 2030 880 sor-

440 931 596 986 dibus
621 930 864 984 obrutam
892 937 1229 998 peccatorum
1260 928 1326 979 ab
1353 923 1613 994 ejusmodi
1641 921 1760 976 labe
1782 934 2026 990 purgare,

439 1033 599 1094 atque
645 1022 711 1076 ad
753 1036 1015 1076 summam
1065 1018 1349 1088 puritatem
1393 1013 1826 1085 perducere?Ne
1870 1011 2031 1082 igitur

441 1115 721 1170 mulierem
744 1113 956 1168 viduam
983 1120 1408 1173 contemnamus,
1435 1107 1529 1162 sed
1558 1121 1773 1162 omnem
1800 1105 1852 1160 in
1883 1104 2027 1159 illam

439 1204 850 1261 sollicitudinem
888 1202 1255 1258 cxhibeamus.
1302 1200 1531 1254 Patrona
1560 1205 1741 1254 nostra
1779 1204 1881 1260 est,
1911 1210 2030 1266 qua:

440 1313 570 1353 vere
594 1298 772 1351 vidua.

515 1388 713 1443 Genera
735 1387 1006 1440 viduarum
1030 1385 1268 1438 varia.—
1289 1381 1397 1438 Sed
1419 1396 1596 1452 operze
1617 1378 1842 1452 pretium
1872 1376 2031 1433 fuerit

442 1488 502 1532 ut
529 1486 730 1533 attente
772 1476 1192 1540 consideremus,
1231 1473 1299 1529 de
1335 1488 1437 1544 qua
1479 1471 1692 1527 tandem
1733 1471 1889 1526 vidua
1929 1469 2030 1525 hoc

441 1570 558 1623 loco
585 1568 744 1623 verba
765 1569 910 1622 fiant.
926 1566 1058 1621 Nam
1079 1575 1133 1620 et.
1154 1566 1257 1620 illa:
1281 1565 1453 1619 viduze
1470 1563 1737 1629 dicuntur,
1763 1579 1882 1633 qua:
1907 1577 2028 1616 cum

440 1662 494 1715 in
538 1676 799 1715 summam
841 1660 1120 1715 inciderint
1169 1667 1458 1728 egestatem
1504 1667 1559 1712 et
1604 1657 1656 1710 in
1697 1655 2030 1711 malriculam

440 1753 624 1808 relate
670 1751 884 1814 fuerint.
934 1767 1001 1806 ex
1052 1749 1431 1806 ecclesiasticis
1490 1749 1731 1818 pecuniis
1776 1748 2028 1815 aluntur,

441 1855 600 1915 prout
657 1843 987 1914 temporibus
1049 1842 1411 1912 apostolorum
1474 1841 1651 1896 fiebat.
1701 1839 1919 1894 Factum
1959 1849 2032 1893 est

440 1937 606 2002 enim,
648 1936 837 2007 inquit,
875 1952 1105 1989 murmur
1145 1935 1276 1988 inter
1319 1933 1542 1997 (ἔνατος,
1576 1949 1634 1986 eo
1691 1933 1826 2004 quod
1860 1935 2030 2002 despi-

439 2041 673 2085 cerentur
696 2031 749 2084 in
786 2029 1065 2084 ministerio
1092 2028 1390 2098 quotidiana
1415 2028 1580 2081 vidua:
1616 2043 1787 2081 eorum
1807 2025 1942 2098 (Act.
1974 2025 2030 2080 6.

443 2122 516 2192 l).
560 2123 743 2191 Neque
787 2137 916 2176 vero
960 2123 1130 2176 Solum
1173 2121 1286 2175 ista:
1326 2120 1499 2175 vidua:
1542 2119 1810 2182 dicuntur,
1857 2118 1949 2173 sed
1979 2126 2034 2173 et

442 2215 566 2280 illm,
593 2231 713 2286 quae
735 2215 878 2270 nulla
906 2214 1082 2284 inopia
1117 2228 1336 2284 pressze,
1370 2212 1463 2267 sed
1495 2211 1833 2267 facultatibus
1856 2213 2030 2267 abun-

439 2307 647 2373 dantes,
677 2323 797 2362 cum
826 2306 1008 2362 domui
1033 2306 1270 2376 prtesint,
1311 2306 1559 2360 maritum
1603 2314 1805 2360 tantum
1835 2305 2033 2359 amise-

441 2409 584 2454 runt.
632 2399 919 2454 Videamus
963 2413 1122 2468 ergo,
1170 2397 1240 2454 de
1281 2413 1512 2469 quanam
1560 2397 1717 2452 vidua
1765 2396 1867 2451 hoc
1914 2396 2033 2451 loco

441 2491 602 2545 verba
630 2488 807 2553 faciat,
838 2491 963 2544 dum
991 2491 1085 2555 ait,
1118 2487 1284 2542 Vidua
1309 2490 1525 2560 eligatur
1549 2505 1648 2543 non
1686 2489 1852 2542 minor
1885 2489 2035 2542 annis

440 2582 828 2652 sexaginta;an
873 2581 940 2634 de
980 2595 1041 2634 ea
1088 2595 1206 2649 quae
1250 2579 1450 2634 auxilio
1492 2579 1744 2649 indigeat,
1791 2589 1846 2634 et
1873 2594 2030 2650 quam

440 2689 577 2744 opus
601 2674 671 2728 sit
695 2690 762 2728 ex
804 2673 1181 2728 ecclesiasticis
1229 2674 1464 2742 pecuniis
1502 2673 1594 2738 ali,
1625 2689 1690 2726 an
1722 2673 1789 2728 de
1826 2688 1885 2728 ea
1914 2687 2034 2744 qute

441 2765 658 2819 minime
677 2764 850 2833 indiga
868 2765 956 2828 sit,
982 2773 1035 2820 et
1049 2764 1237 2834 opibus
1257 2764 1624 2819 circumfluat?
1644 2765 1792 2820 Haud
1814 2764 2033 2821 dubium

440 2857 566 2926 quin
610 2857 678 2911 de
722 2857 843 2910 ista.
875 2856 1004 2910 Nam
1031 2857 1099 2911 de
1127 2856 1213 2911 illa
1240 2856 1452 2927 quidem
1483 2873 1604 2912 cum
1632 2858 1881 2928 loquitur,
1915 2875 2034 2929 quas

443 2952 581 3003 t‘atne
608 2949 906 3014 conficitur,
932 2964 1036 3002 non
1063 2957 1270 3018 tempus
1294 2949 1548 3018 assignat,
1579 2965 1683 3003 non
1715 2950 2031 3020 probitatem

446 3056 653 3094 morum
703 3041 963 3107 rezptirit:
993 3040 1086 3094 sed
1137 3041 1396 3106 absolute,
1433 3041 1495 3096 Si
1519 3042 1629 3112 quis
1656 3042 1842 3111 ﬁdelis,
1876 3052 1963 3097 aut
1991 3047 2035 3098 si

439 3147 536 3199 qua
563 3131 748 3201 ﬁdelis,
781 3131 968 3202 inquit,
999 3133 1176 3187 viduus
1222 3134 1390 3200 habet,
1437 3135 1776 3189 subministret
1824 3135 1948 3202 illis,
1988 3145 2034 3190 et

440 3245 539 3281 non
567 3237 801 3299 gravetur
827 3227 1057 3282 Ecclesia
1097 3227 1171 3301 (1.
1196 3226 1331 3282 Tim.
1355 3229 1408 3284 5.
1443 3229 1534 3299 l6)
1560 3246 1575 3284 :
1599 3245 1706 3284 non
1732 3229 1885 3298 dixit,
1913 3245 2034 3286 cum

439 3319 712 3388 sexaginta
751 3334 1011 3373 annorum
1052 3319 1249 3385 luerit;
1280 3335 1386 3374 non
1413 3321 1566 3386 dixit,
1597 3320 1650 3376 Si
1697 3321 1926 3391 hospitio
1951 3338 2038 3377 re-

439 3412 640 3480 cepit‘,
660 3412 705 3465 si
735 3421 1037 3466 sanctorum
1063 3412 1224 3482 pedes
1244 3413 1373 3467 lavit
1400 3412 1447 3484 (l
1463 3453 1476 3467 .
1502 3413 1584 3467 Ib.
1608 3413 1660 3469 5.
1687 3414 1774 3482 10)
1800 3431 1815 3470 :
1841 3430 1905 3470 ac
1926 3429 2038 3470 me-

441 3504 543 3556 rito
591 3517 740 3557 sane.
795 3503 890 3557 libi
933 3505 1074 3557 enim
1121 3503 1414 3559 remedium
1460 3503 1620 3560 fuerit
1674 3506 2036 3564 adhibendum

443 3593 656 3660 inopiae,
707 3602 915 3662 tempus
957 3608 1062 3647 non
1105 3604 1402 3663 exspectat.
1438 3595 1573 3663 Quid
1625 3597 1790 3664 enim,
1842 3599 1887 3653 si
1914 3615 2035 3656 cum

441 3698 702 3737 annorum
750 3685 820 3738 sit
859 3684 1262 3755 quinquaginta,
1308 3686 1448 3740 fame
1495 3687 1849 3744 conficiatur?
1898 3691 2036 3760 Quid

443 3777 487 3828 si
507 3776 558 3830 in
581 3775 804 3844 juvenili
825 3787 981 3831 :etate
1006 3793 1233 3847 corpore
1260 3778 1330 3833 sit
1351 3779 1632 3836 mutilato?
1656 3781 1790 3835 Num
1809 3783 2039 3841 dormiet

444 3876 766 3937 exspectans
810 3867 982 3923 donec
1035 3869 1400 3938 sexagesimus
1454 3885 1626 3926 annus
1676 3876 1932 3945 appetat?
1970 3877 2041 3933 At

446 3958 549 4015 hoc
594 3970 850 4015 extremae
897 3961 1036 4016 foret
1081 3961 1446 4018 immanitatis.
1497 3963 1666 4031 Quam
1709 3967 1780 4021 ob
1823 3983 2035 4024 causam

443 4070 566 4108 eum
613 4054 851 4110 sedanda
895 4054 1060 4110 fames
1104 4055 1284 4122 fuerit,
1320 4072 1426 4111 non
1453 4059 1610 4114 anxie
1639 4060 1691 4114 in
1723 4070 1958 4132 tempora
1985 4069 2040 4117 et

443 4147 639 4203 anima:
684 4151 906 4206 virtutes
949 4151 1202 4222 inquirit:
1232 4166 1354 4206 cum
1395 4168 1524 4207 vero
1553 4170 1659 4208 non
1695 4155 1888 4225 inopi:e
1913 4170 2038 4212 suc-

445 4240 769 4298 currendum
818 4251 918 4308 est,
971 4242 1066 4299 sed
1123 4243 1296 4299 honor
1347 4252 1432 4299 est
1473 4260 1570 4315 pro
1606 4245 1861 4316 dignitate
1889 4247 2041 4304 defe-

450 4341 684 4409 rendus,
725 4343 919 4398 merito
957 4341 1097 4398 hanc
1132 4341 1200 4398 de
1238 4342 1476 4398 moribus
1516 4342 1911 4413 inquisitionem
1951 4360 2039 4400 tn-

447 4435 638 4490 stituit.

520 4527 576 4583 3.
619 4525 754 4580 Olim
780 4526 923 4582 chori
946 4534 1087 4581 erant
1127 4526 1416 4582 viduarum.
1438 4557 1511 4568 ——
1533 4527 1664 4583 Nam
1693 4527 2040 4600 quemadmo-

449 4617 576 4671 dum
605 4617 754 4672 ehori
782 4630 906 4673 sunt
931 4619 1214 4689 virginum,
1243 4621 1321 4675 sic
1345 4630 1400 4674 et
1425 4621 1554 4675 olim
1580 4630 1732 4677 erant
1762 4621 2040 4678 viduarum

451 4708 625 4771 chori,
654 4723 826 4778 neque
865 4711 1061 4780 passim
1103 4711 1296 4768 licebat
1324 4713 1428 4768 illis
1453 4713 1506 4768 in
1537 4731 1816 4771 numerum
1856 4716 2043 4772 vidua-

455 4815 572 4855 rum
618 4799 824 4855 referri.
867 4801 982 4856 Non
1027 4803 1185 4873 igitur
1225 4804 1291 4859 de
1320 4805 1408 4859 illa
1437 4819 1615 4861 sermo
1643 4817 1744 4872 est,
1772 4823 1891 4878 quze
1927 4824 2043 4878 pre-

455 4893 619 4949 mitur
663 4903 925 4963 egeSIaIe,
974 4903 1133 4965 atque
1175 4897 1373 4953 auxilio
1418 4899 1639 4971 indiget.
1687 4901 1779 4955 sed
1823 4900 1892 4956 de
1922 4902 2041 4968 ista,

455 5001 574 5056 quie
609 4983 918 5040 viduitatem
961 4985 1138 5057 elegit.
1166 4989 1276 5043 Cur
1302 5001 1480 5045 autem
1513 4992 1564 5046 in
1597 4992 1699 5049 hac
1722 4995 1882 5050 etiam
1912 5005 2046 5050 tem-

457 5092 559 5149 pus
604 5077 868 5148 requirit?
909 5077 1122 5134 Sciebat
1162 5095 1348 5152 pyram
1381 5083 1664 5154 quamdam
1693 5101 1813 5143 esse
1849 5088 2043 5159 juvene

458 5177 648 5233 tatem,
679 5177 734 5224 et
763 5169 979 5240 pelagus
1009 5171 1223 5240 plenum
1249 5171 1524 5238 fluctuum,
1551 5191 1615 5230 ac
1639 5177 1818 5232 multis
1843 5187 2045 5250 tempe-

457 5261 684 5317 statibus
735 5260 1007 5318 infestum.
1065 5263 1348 5336 Postquam
1401 5265 1562 5338 igitur
1587 5271 1760 5325 :etatis
1786 5271 2048 5328 beneficio

460 5352 657 5409 fuerint
709 5355 1098 5411 immunitatem
1147 5369 1512 5429 consequutus,
1557 5371 1612 5417 et
1665 5373 1933 5436 tamquam
1983 5367 2046 5421 ad

399 5496 405 5504 ,
462 5454 671 5514 portum
723 5445 791 5501 ad
840 5457 1170 5503 senectutem
1215 5452 1543 5522 appulerint,
1587 5453 1804 5524 jamque
1857 5459 2052 5514 fuerint

465 5535 572 5590 illis
613 5536 888 5592 exstincta:
938 5538 1204 5607 libidines,
1259 5541 1590 5599 confidenter
1641 5561 1733 5601 eas
1761 5547 1812 5602 in
1852 5558 2048 5605 emtum

473 5660 672 5777 Mthon
695 5657 843 5729 dixit,
869 5668 912 5720 si
933 5669 1059 5734 ﬁlios
1081 5671 1319 5736 educavit,
1344 5689 1387 5727 si
1402 5674 1824 5756 Ito:pitio_reccpit.
1852 5681 1923 5732 sic
1945 5689 2050 5736 trcs

1155 259 1214 317 S.
1253 249 1534 315 JOANNIS
1569 248 2054 308 CllRYSOSTOMl
2093 246 2412 304 ARCHIEP.
2454 236 2992 308 CONSTANTINOP.

3616 273 3718 334 31$

2139 361 2296 418 istum
2339 364 2556 438 adlegit.
2608 369 2745 438 Quid
2791 373 2984 443 igitur?
3028 391 3207 434 nonne
3252 380 3526 450 plurimas,
3577 388 3723 445 dicet

2135 457 2346 528 aliquis,
2377 473 2497 515 cum
2525 461 2609 516 vel
2640 473 2758 532 post
2795 480 2992 522 annum
3020 469 3333 530 vicesimum
3374 475 3718 548 ineepissem,

2134 548 2202 602 ad
2234 551 2388 604 linem
2420 566 2588 620 usque
2615 568 2735 608 cum
2767 555 2924 612 laude
2954 559 3222 629 vixerunt,
3250 564 3436 635 jugum
3465 569 3719 640 tulerunt,

2135 649 2190 694 et
2217 643 2520 711 apostolica:
2567 647 2690 703 vita:
2735 649 3006 719 specimen
3055 653 3369 714 ediderunt!
3417 675 3484 715 an
3533 663 3720 734 igitur,

2135 746 2337 801 qumso,
2361 733 2478 789 illas
2503 735 2927 808 prohibebimus,
2949 751 3002 797 et
3024 757 3143 799 cum
3169 746 3478 806 viduitatem
3507 733 3724 810 scrvare

2133 824 2318 889 velint,
2368 828 2618 886 secundis
2667 833 2862 901 nuptiis
2908 834 3617 908 jungicogemus?hoccine
3643 850 3725 904 di-

2133 927 2294 984 gnum
2333 928 2414 972 est
2456 921 2682 989 apostoli
2730 924 2992 980 consilio?
3017 928 3140 998 quid
3172 931 3331 1001 igitur
3365 934 3479 990 haec
3501 938 3602 1010 sibj
3631 957 3725 996 vo-

2135 1008 2250 1064 lunt
2266 1010 2291 1063 ?
2305 1012 2575 1069 Attendite
2589 1014 2888 1086 diligenter,
2907 1021 3255 1094 dilectissimi,
3280 1008 3720 1100 significationem

2135 1101 2402 1161 dictionis.
2429 1106 2546 1162 Non
2571 1110 2713 1164 enim
2740 1111 2896 1176 dixit,
2921 1113 3089 1172 Vidua
3115 1118 3207 1174 liat
3230 1135 3336 1176 non
3367 1125 3545 1180 minor
3570 1144 3723 1183 sexa-

2134 1195 2276 1265 ginta
2306 1201 2481 1264 annis,
2510 1200 2626 1266 sed,
2669 1201 2836 1257 Vidua
2864 1205 3081 1278 eligatur
3099 1225 3120 1264 :
3146 1220 3199 1267 et
3219 1228 3404 1270 rursus
3425 1231 3532 1272 non
3565 1219 3718 1285 dixit,

2137 1287 2320 1344 Viduze
2339 1290 2578 1360 juniores
2602 1310 2672 1350 ne
2696 1297 2978 1367 eligantur,
3007 1302 3120 1367 sed,
3161 1303 3399 1361 Iuniores
3426 1311 3604 1365 viduas
3629 1315 3721 1367 de-

2134 1381 2235 1434 vita
2257 1382 2336 1452 (l.
2367 1381 2501 1438 Tim.
2528 1385 2581 1442 5.
2616 1386 2705 1459 Η)
2735 1405 2747 1441 :
2774 1394 2850 1445 sic
2865 1392 3008 1446 enim
3027 1394 3103 1448 ait
3128 1395 3192 1449 ad
3223 1397 3560 1456 Timotheum
3590 1406 3724 1458 scri-

2134 1472 2286 1528 bens.
2345 1475 2476 1531 Nam
2544 1481 2796 1549 quoniam
2859 1482 3276 1542 detractionibus
3322 1499 3379 1544 et
3426 1494 3722 1552 maledictis

2135 1565 2287 1620 multi
2329 1565 2483 1623 facile
2525 1579 2649 1626 sunt
2673 1571 2910 1640 obnoxii,
2941 1586 2997 1630 et
3024 1576 3231 1648 linguas
3256 1580 3513 1637 adversus
3538 1585 3724 1642 Eccle-

2134 1659 2226 1713 sire
2252 1662 2507 1729 prmsules
2535 1673 2785 1720 exacutas
2811 1665 3027 1736 habent,
3059 1672 3242 1728 volens
3271 1685 3532 1732 rectorem
3563 1695 3592 1730 a
3619 1680 3723 1734 eri-

2137 1754 2485 1810 tninationum
2521 1757 2769 1826 periculis
2795 1761 3087 1832 vindicare,
3116 1764 3212 1820 has
3236 1766 3380 1837 leges
3401 1773 3721 1840 pra-scribit,

2135 1854 2190 1900 et
2213 1848 2320 1904 ait:
2353 1849 2432 1903 Tu
2459 1848 2657 1918 devita,
2703 1861 2758 1906 tu
2799 1869 2866 1909 ne
2905 1856 3087 1927 eligas.
3119 1857 3176 1913 Si
3201 1860 3330 1915 velut
3357 1861 3468 1930 ipsa
3497 1864 3636 1918 ultro
3658 1881 3722 1921 ac

2135 1953 2231 1993 sua
2259 1949 2451 2008 sponte
2481 1941 2595 1996 lucc
2619 1944 2888 2014 amplecti,
2921 1945 3111 2003 faciat:
3141 1958 3194 2002 tu
3215 1950 3427 2020 quidem
3452 1969 3519 2008 ne
3545 1954 3721 2012 adlmc

2135 2028 2406 2098 admittas,
2452 2049 2522 2088 ne
2564 2033 2702 2090 forte
2741 2037 2940 2103 dicant,
2972 2037 3064 2094 Ille
3091 2041 3210 2096 talis
3231 2042 3497 2111 juniorem
3523 2049 3720 2118 coegit,

2136 2135 2255 2190 qua:
2293 2122 2500 2179 nubere
2539 2126 2770 2193 volebat,
2816 2137 2873 2184 et
2908 2129 3088 2184 domui
3129 2147 3399 2201 praeesse:
3441 2145 3721 2205 propterea

2137 2213 2284 2283 lapsa
2323 2225 2426 2281 est,
2469 2227 2523 2271 et
2555 2218 2912 2288 supplantata.
2955 2221 3031 2276 Tu
3076 2223 3221 2279 illam
3263 2240 3332 2280 ne
3372 2227 3560 2297 eligas,
3592 2232 3722 2285 utsi

2136 2304 2273 2360 forte
2302 2307 2448 2375 lapsa
2487 2309 2666 2373 fuerit,
2700 2320 2753 2364 tu
2780 2328 2807 2363 a
2838 2314 3296 2372 criminationibus
3321 2319 3396 2372 sis
3421 2320 3675 2376 immunis
3704 2339 3719 2374 :

2137 2398 2182 2452 si
2209 2413 2315 2453 non
2344 2399 2502 2455 fuerit
2525 2401 2692 2472 lapsa,
2711 2405 2902 2474 majori
2931 2421 3052 2460 cum
3079 2410 3366 2465 securitate
3383 2414 3722 2468 convenienti

2140 2497 2378 2559 tempore
2424 2491 2573 2546 illam
2619 2493 2805 2564 eligas.
2850 2495 3098 2562 Quodsi
3146 2499 3308 2566 dicat,
3350 2501 3725 2575 Volojuniores

2136 2581 2315 2635 viduas
2357 2583 2560 2650 nubere,
2603 2585 2738 2674 ﬁlios
2772 2603 3038 2656 procreare
3069 2588 3144 2661 (l.
3188 2589 3322 2644 Tim.
3355 2593 3408 2648 5.
3442 2593 3553 2665 14),
3599 2595 3723 2650 audi

2138 2691 2272 2745 quas
2310 2676 2550 2747 juniores
2577 2681 2827 2750 appellet,
2859 2697 2951 2738 eas
2977 2699 3097 2754 quae
3122 2699 3243 2740 cum
3273 2686 3556 2742 luxuriata:
3600 2688 3728 2745 fue-

2137 2769 2246 2824 rint
2272 2769 2529 2827 adversus
2551 2773 2842 2842 Christum,
2874 2777 3073 2832 nubere
3098 2779 3300 2844 volunt,
3331 2780 3603 2844 verbosas,
3629 2799 3730 2837 cu-

2137 2863 2346 2928 riosas,
2403 2866 2797 2922 circumeuntes
2852 2869 3074 2933 domos,
3122 2871 3395 2941 loquentes
3445 2891 3564 2942 qua:
3615 2891 3723 2930 non

2138 2966 2369 3027 oportet,
2421 2974 2539 3030 qua:
2593 2975 2864 3016 conversa:
2911 2974 3035 3018 sunt
3086 2975 3204 3033 post
3245 2975 3504 3020 Satanam.
3542 2967 3725 3039 Neque

2137 3049 2280 3103 enim
2320 3065 2440 3104 cum
2472 3053 2788 3121 simpliciter
2821 3053 3060 3121 dixisset,
3106 3054 3231 3110 Volo
3251 3058 3483 3127 juniores
3518 3061 3724 3128 nubere,

2140 3144 2324 3211 Iacuit,
2355 3145 2448 3199 sed
2493 3154 2548 3200 et
2591 3148 2776 3216 quales
2796 3148 3037 3215 juniores
3065 3149 3211 3214 dicit,
3258 3163 3312 3206 et
3339 3167 3518 3206 earum
3545 3153 3726 3222 lapsus

2139 3237 2401 3291 enuntiat.
2435 3237 2578 3305 Quos
2600 3238 2811 3293 tandem
2836 3240 3012 3310 lapsus
3026 3241 3053 3294 ?
3074 3240 3200 3296 Cum
3224 3244 3494 3297 luxuriata
3515 3245 3724 3314 fuerint,
3746 3232 3753 3242 ’

2139 3325 2330 3398 inquit,
2359 3328 2597 3383 adversus
2638 3330 2912 3398 Christum,
2943 3333 3128 3386 nubere
3153 3334 3347 3401 volunt,
3377 3345 3426 3387 et
3449 3337 3621 3389 otiosa:
3645 3336 3724 3388 di-

2135 3431 2308 3489 scunt,
2353 3430 2402 3475 et
2444 3423 2678 3487 curioste,
2721 3423 3083 3478 circumeuntes
3105 3425 3300 3486 domos,
3334 3426 3588 3495 loquentes
3613 3445 3728 3496 qua:

2141 3528 2245 3566 non
2292 3523 2508 3584 oportet,
2549 3523 2598 3568 et
2650 3531 2905 3571 conversa:
2949 3527 3067 3570 sunt
3096 3516 3434 3588 (Ibid.v.ll.
3465 3519 3552 3572 l5.
3604 3520 3720 3590 15).

2142 3604 2271 3660 Post
2292 3620 2450 3676 quem
2479 3608 2695 3662 autem?
2723 3605 2848 3662 Post
2872 3617 3124 3662 satanam.
3143 3608 3359 3675 Quando
3377 3609 3556 3678 igitur,
3577 3619 3728 3678 post-

2141 3710 2299 3765 quam
2344 3694 2655 3752 viduitatem
2706 3706 2831 3753 sunt
2882 3701 3168 3768 amplexae,
3225 3708 3280 3755 et
3326 3713 3540 3754 omnem
3586 3698 3728 3754 hanc

2144 3792 2487 3862 ignominiam
2533 3794 2798 3848 sustinere
2843 3793 3146 3858 voluerunt,
3176 3807 3360 3847 rursus
3408 3791 3611 3846 nubere
3635 3805 3728 3844 vo-

2142 3884 2275 3950 lunt,
2325 3887 2490 3940 satius
2538 3896 2621 3941 est
2668 3886 2972 3956 priusquam
3021 3895 3238 3955 peccato
3289 3883 3645 3949 detineantur,
3672 3891 3727 3938 et

2143 3976 2270 4032 inita
2301 3991 2420 4031 cum
2451 3975 2663 4033 Christo
2693 3987 2842 4047 pacta
2870 3975 3087 4042 violent,
3118 3975 3186 4029 ad
3215 3974 3316 4029 hoc
3340 3975 3522 4029 venire
3547 3991 3559 4027 :
3588 3973 3727 4045 quod

2143 4069 2189 4124 si
2221 4084 2322 4139 qua
2349 4069 2467 4122 talis
2495 4085 2599 4122 non
2629 4067 2808 4134 fuerit,
2839 4068 3212 4123 necessitatem
3241 4065 3594 4122 secundarqu
3631 4080 3750 4118 nu-~

2145 4161 2371 4231 ptiarum
2394 4174 2498 4213 non
2531 4159 2774 4229 imponit.

2214 4253 2269 4307 4.
2313 4251 2478 4306 Porro
2507 4250 2559 4306 id
2591 4266 2774 4306 verum
2800 4265 2940 4314 esse,
2964 4250 3089 4306 inde
3115 4258 3345 4306 constat.
3377 4247 3432 4304 Si
3463 4248 3605 4303 enim
3629 4247 3729 4302 hoc

2143 4344 2293 4415 quasi
2325 4345 2438 4415 lege
2464 4345 2727 4399 sanxisset
2746 4344 2992 4399 omnibus
3014 4342 3347 4407 mulieribus,
3366 4351 3423 4395 ut
3445 4340 3726 4402 nuberent,

2144 4447 2200 4494 et
2227 4439 2404 4492 domui
2456 4446 2767 4507 prmessent,
2815 4435 3084 4506 superﬂue
3127 4435 3216 4489 illa
3255 4432 3642 4504 requisivisset,
3671 4430 3730 4486 Si

2145 4531 2280 4601 filios
2306 4531 2553 4593 educauit,
2580 4531 2624 4585 si
2652 4540 2938 4584 sanctorum
2964 4529 3114 4600 pedes
3137 4528 3279 4596 lavit,
3300 4527 3346 4582 si
3365 4525 3733 4580 tribulationem

2147 4623 2446 4694 patientibus
2485 4624 2730 4683 subuenit,
2772 4624 2819 4678 si
2863 4638 3010 4676 omne
3051 4637 3178 4692 Opus
3219 4619 3405 4674 bonum
3448 4626 3637 4672 sectata
3661 4625 3733 4670 est

2149 4718 2254 4793 (Ib.
2302 4736 2348 4774 υ.
2385 4718 2512 4790 10);
2545 4718 2810 4788 superllue
2849 4731 3058 4786 quoque
3090 4714 3217 4770 illud
3247 4714 3392 4776 dicit,
3435 4711 3562 4777 Quia
3581 4711 3734 4783 fuerit

2147 4810 2299 4864 unius
2340 4810 2436 4864 viri
2475 4826 2604 4864 uxor
2649 4807 2754 4879 (Ib.
2784 4823 2832 4862 υ.
2863 4807 2942 4878 9).
2969 4807 3025 4863 Si
3053 4807 3195 4862 enim
3219 4805 3404 4860 viduas
3433 4817 3622 4859 omnes
3645 4802 3736 4873 ju-

2150 4905 2328 4959 niores
2369 4903 2571 4957 nubere
2604 4900 2787 4971 jubes,
2829 4898 3099 4971 quomodo
3141 4897 3338 4968 poterit
3375 4896 3548 4964 aliqua
3581 4895 3736 4948 unius

2149 4997 2249 5052 viri
2280 5011 2414 5050 uxor
2440 4994 2596 5049 esse?
2627 4993 2810 5064 Itaque
2853 4992 2971 5047 illas
3012 4992 3129 5063 ejus
3171 4999 3378 5059 Spectat
3421 4989 3614 5045 oratio.
3665 4987 3736 5041 lta

2152 5088 2276 5144 facit
2324 5096 2379 5143 ct
2425 5087 2549 5141 dum
2594 5086 2830 5157 loquitur
2876 5084 2945 5141 de
2973 5098 3261 5155 congressu
3287 5080 3572 5152 conjugali.
3607 5081 3736 5135 Cum

2151 5183 2294 5236 enim
2338 5181 2580 5245 dixisset,
2614 5179 2797 5234 Nolite
2837 5179 3080 5250 fraudare
3107 5177 3336 5238 invicem,
3378 5174 3478 5228 nisi
3507 5173 3638 5243 forte
3680 5187 3740 5226 ex

2151 5289 2397 5328 consensu
2429 5271 2498 5324 ad
2535 5281 2749 5341 tempus,
2782 5279 2837 5323 ut
2877 5271 3061 5322 vacetis
3088 5267 3292 5338 jejunio
3328 5277 3376 5318 et
3417 5263 3658 5328 orationi,
3694 5271 3740 5315 ct

2151 5365 2333 5418 iterum
2361 5364 2676 5418 revertamini
2696 5363 2748 5416 in
2773 5363 2995 5430 idipsum
3019 5359 3093 5426 (l.
3120 5357 3237 5412 Cor.
3268 5357 3322 5411 7.
3351 5356 3407 5422 5)
3432 5373 3446 5407 :
3477 5371 3542 5408 ne
3570 5355 3736 5423 legem

2153 5471 2274 5511 esse
2301 5473 2364 5510 ac
2395 5466 2713 5525 praeceptum
2756 5451 3051 5515 existimes,
3080 5465 3293 5505 causam
3323 5446 3522 5516 adjicit,
3545 5443 3739 5499 deinde

2153 5546 2374 5604 dicens:
2408 5546 2491 5600 Ne
2518 5555 2668 5600 tentet
2702 5562 2787 5600 vos
2827 5555 3048 5598 satanas.
3085 5541 3198 5596 Hoc
3225 5549 3393 5594 autem
3424 5537 3537 5591 dico
3557 5550 3739 5590 secun-

2157 5639 2279 5694 dum
2316 5639 2701 5710 indulgentiam,
2752 5653 2854 5691 non
2895 5635 3171 5691 secundant
3215 5633 3504 5698 imperium,
3539 5638 3743 5699 propter

2160 5735 2572 5792 incontinentiam
2621 5742 2834 5788 vestram
2887 5731 2934 5796 (1
2944 5733 2989 5786 b.
3022 5749 3066 5786 t‘.
3095 5730 3146 5786 6.
3183 5729 3254 5796 5).
3288 5721 3742 5796 Quemadmodum
