4082 6212
417 225 529 283 823

412 346 598 417 κήραῖ
634 342 738 398 ποῦ
758 345 855 418 τὴν
882 348 1215 418 προστασίαν
1242 351 1610 411 ἐπιδείκνυται
1633 360 1733 431 τὴν
1761 362 1982 435 εαυτῆς,

411 438 477 490 οὐ
511 437 661 508 παρά
693 437 916 509 ἄρχοντι
946 441 1040 494 καὶ
1068 440 1279 511 βασιλεῖ
1315 443 1425 499 τῶν
1450 448 1544 502 ἐπὶ
1572 450 1676 520 τῆς
1700 454 1827 525 γῆς.
1851 456 1987 511 ἀλλά

416 529 545 597 παρ’
575 527 724 598 αὐτῷ
750 528 829 599 τῷ
854 530 964 583 τῶν
1014 531 1258 603 οὐρανῶν
1293 535 1528 608 βασιλεῖς
1565 542 1739 614 πόσην
1765 546 1987 602 δύναται

415 618 715 673 καταλῦσαι
728 620 1253 691 ὀργὴν,καταλλάξαι
1266 627 1358 679 τὸν
1372 631 1647 703 Δεσπότην
1665 639 1776 700 τοῖς
1791 638 1988 694 ἀνίατα

413 709 779 798 νενοσηκόσιν,
818 709 1123 798 ἐξαρπάσαι
1157 718 1428 788 τιμωρίας
1471 721 1768 794 ἀφορήτου,
1813 724 1988 798 ψυχὴν

411 791 681 883 βαφεῖσαν
708 794 786 865 τῷ
828 795 938 849 τῶν
983 798 1397 873 ἁμαρτημάτων
1432 791 1594 878 ῥύπῳ
1635 791 1735 880 τῆς
1774 791 1990 883 κηλῖδος

414 882 679 936 ἐκπλύναι
709 883 947 956 ἐκείνης,
977 888 1073 941 καὶ
1097 890 1233 961 πρὸς
1248 891 1346 963 τὴν
1367 895 1543 967 ἄκραν
1563 899 1793 967 ἀγαγεῖν
1819 882 1990 956 καθα-

414 974 652 1044 ρότητα;
686 976 778 1047 Μὴ
803 975 985 1031 τοίνυν
1015 984 1448 1055 καταφρονῶμεν
1476 988 1656 1060 χήρας
1686 994 1947 1059 γυναικὸς
1970 1034 1985 1059 ,

410 1064 549 1118 ἀλλά
607 1068 789 1120 πᾶσαν
841 1070 971 1140 περὶ
1015 1072 1185 1144 αὐτὴν
1241 1076 1560 1146 ἐπιμέλειαν
1607 1081 1987 1155 ἐπιδείξωμεν.

409 1157 715 1228 Προστάτις
735 1161 892 1232 ήμῶν
923 1163 1070 1217 ἐστιν
1096 1166 1129 1236 ἠ
1166 1165 1335 1232 ὄντως
1360 1171 1529 1241 χήρα.

486 1267 670 1332 ⁸Ἀξιον
706 1268 765 1323 δὲ
793 1271 1122 1337 ἐπιστάντας
1161 1275 1323 1342 ίδεῖν,
1368 1279 1499 1350 περί
1555 1283 1714 1347 ποίας
1755 1285 1993 1341 ἐνταῦθα

414 1360 591 1429 χήρας
611 1361 763 1432 φησί.
806 1362 917 1414 Kal
947 1362 1056 1435 γάρ
1085 1366 1180 1419 κα)⁸
1205 1369 1409 1423 ἐκεῖναι
1431 1372 1601 1444 χῆραι
1626 1374 1898 1444 λέγονται,
1930 1380 1988 1432 αἰ

411 1452 493 1513 εἰς
519 1451 794 1507 εὐτέλειαν
824 1453 1058 1526 ἐσχάτην
1090 1460 1517 1527 καταπεσοῦσαι,
1544 1466 1641 1519 καὶ
1674 1468 1995 1541 ἐγγεγραμ-

415 1540 597 1605 μέναι,
628 1543 721 1595 καὶ
752 1545 817 1596 ἐκ
842 1543 949 1596 τῶν
978 1544 1446 1617 ἐκκλησιαστικῶν
1474 1555 1811 1626 τρεφόμεναι
1849 1540 1990 1631 χρη-

416 1633 625 1702 μάτων,
653 1635 903 1708 καθάπερ
930 1634 1024 1693 οὖν
1057 1638 1149 1693 ἐπὶ
1184 1639 1294 1693 τῶν
1337 1642 1674 1702 ἀποστόλων.
1712 1649 1979 1719 Ἐγένετο

414 1725 544 1794 γὰρ,
580 1726 732 1795 φησὶ,
749 1729 1088 1799 γογγυσμὸς
1121 1732 1352 1800 μεταξὺ
1389 1734 1510 1788 τῶν
1547 1736 1986 1806 Ἑλληνιστῶν.

410 1815 504 1870 ὅτι
541 1820 1023 1887 παρεθεωροῦντο
1048 1822 1121 1876 ἐν
1137 1821 1212 1892 τῇ
1233 1823 1508 1894 διακονίᾳ
1525 1825 1602 1895 τῇ
1624 1830 1991 1899 καθημερινῇ

413 1912 473 1962 ιιι
505 1907 678 1979 χῆραι
702 1911 919 1967 αὐτῶν.
944 1913 1056 1985 Οὐχ
1078 1901 1245 1970 αὗται
1265 1916 1321 1969 δέ
1344 1917 1503 1987 μόνον
1525 1918 1692 1991 χῆραι
1717 1920 1989 1989 λέγονται,

408 2002 547 2055 ἀλλά
569 2003 834 2064 κάκεῖναι,
859 2006 915 2057 αἰ
945 2005 1169 2077 μηδενὸς
1194 2007 1291 2077 μὲν
1313 2008 1584 2078 δεόμεναι,
1602 2009 1716 2063 ἀλλ’
1730 2011 1993 2085 εὐπορίας

412 2094 807 2155 ἀπολαύουσαι,
842 2098 936 2150 καὶ
962 2098 1142 2161 οἰκίας
1195 2100 1560 2170 προεστῶσαι,
1605 2102 1697 2155 τὸν
1730 2102 1789 2156 δὲ
1820 2104 1991 2175 ἀνδρα

412 2185 785 2240 ἀποϐαλοῦσαι
822 2188 1001 2258 μόνον.
1050 2190 1278 2261 Ἰδωμεν
1306 2188 1401 2246 οὖν
1441 2194 1571 2265 περὶ
1616 2196 1778 2259 ποίας
1815 2198 1992 2267 χήρας

411 2277 646 2332 ἐνταῦθά
676 2294 812 2349 φησι
844 2279 1039 2349 λέγων·
1068 2280 1234 2350 Χήρα
1259 2284 1680 2354 καταλεγέσθω
1705 2286 1791 2356 μὴ
1817 2286 1992 2341 ἐλάτ-

413 2383 532 2419 των
555 2364 706 2419 ἑτῶν
734 2366 1035 2432 ἐξήκοντα
1069 2371 1366 2439 γεγονυῖα
1400 2368 1509 2443 ἆρα
1554 2372 1704 2447 [515]
1735 2376 1864 2449 περὶ
1890 2376 1994 2446 τῆς

410 2458 677 2530 δεομένης
732 2459 986 2531 βοηθείας
1013 2464 1108 2516 καί
1140 2464 1331 2535 χρείαν
1363 2465 1595 2536 ἐχούσης
1619 2465 1678 2531 ἐξ
1698 2468 1993 2539 ἐκκλησια-

414 2550 615 2603 στικῶν
645 2551 944 2623 τρέφεσθαι
972 2555 1303 2623 χρημάτων,
1344 2555 1377 2627 ἢ
1420 2558 1548 2628 περὶ
1578 2557 1681 2629 τῆς
1708 2559 1992 2624 ἀνενδεοῦς

412 2640 508 2695 καὶ
537 2642 595 2693 ἐν
637 2641 869 2713 εὐπορίᾳ
921 2641 1139 2713 ζώσης;
1168 2644 1407 2717 Εὔδηλον
1455 2648 1538 2700 ὄτι
1594 2650 1722 2720 περί
1762 2650 1988 2722 ταύτης.

412 2731 550 2803 Περὶ
576 2732 674 2802 μὲν
695 2732 806 2803 γάρ
833 2734 1051 2805 ἐκείνης
1074 2737 1203 2788 ὅταν
1227 2735 1382 2809 λέγῃ,
1402 2741 1503 2809 τῆς
1517 2738 1661 2811 λιμῷ
1680 2740 1993 2812 διαφθειρο-

415 2819 604 2890 μένης,
638 2823 700 2875 οὐ
748 2824 939 2895 χρόνον
987 2825 1222 2895 τίθησιν,
1284 2829 1385 2882 οὐκ
1435 2829 1723 2901 ἀκρίϐειαν
1770 2832 1993 2884 ἀπαιτεῖ

412 2912 649 2976 τρόπων
685 2913 801 2967 ἀλλ’
833 2915 1042 2981 ἁπλῶς,
1078 2919 1153 2971 Εἴ
1168 2910 1259 2984 τις
1282 2921 1498 2986 πιστὸς
1525 2921 1563 2989 ἣ
1586 2922 1795 2990 πιστὴ,
1834 2922 1989 2991 φησι,

413 3001 606 3070 χήρας
636 3002 784 3073 ἔχει,
813 3005 1142 3073 ἐπαρκείτω
1178 3009 1409 3075 αὐταῖς,
1449 3009 1547 3064 καί
1572 3010 1659 3079 μὴ
1684 3012 1993 3079 βαρείσθω

414 3091 453 3158 ή
496 3093 848 3161 Ἐκκλησία.
874 3098 988 3150 Οὐκ
1021 3092 1196 3160 εἷπεν,
1210 3102 1372 3153 Ὅταν
1385 3099 1650 3168 ἐξήκοντα
1676 3101 1814 3153 ἐτῶν
1834 3103 1995 3174 γένη-

412 3198 523 3235 ται’
554 3184 654 3236 οὐκ
696 3181 867 3250 εἶπεν,
908 3185 972 3240 Εἰ
996 3186 1374 3259 ἐξενοδόχησεν
1405 3201 1456 3254 α,
1503 3190 1552 3242 εἰ
1605 3190 1777 3260 ἁγίων
1823 3192 1993 3258 πόδας

416 3272 585 3344 ἔνιψε·
617 3276 713 3329 καὶ
745 3276 889 3347 μάλα
922 3279 1164 3342 εἰκότως.
1206 3279 1376 3333 Ἔνθα
1417 3280 1515 3351 μὲν
1548 3280 1657 3351 γὰρ
1698 3281 1764 3334 ἃν
1805 3283 1995 3337 πενίαν

415 3364 704 3436 διορθῶσαι
728 3367 859 3431 δέοι,
890 3369 990 3422 οὐκ
1022 3370 1282 3441 ἀναμένει
1306 3372 1519 3443 χρόνον.
1546 3373 1612 3427 Τί
1648 3373 1756 3445 γὰρ
1786 3376 1835 3428 εἰ
1864 3392 1993 3429 πεν-

416 3457 655 3528 τήκοντα
684 3457 823 3511 ἐτῶν
852 3456 985 3516 οὖσα
1010 3461 1156 3533 λιμῷ
1193 3462 1595 3535 διαφθείροιτο;
1628 3463 1680 3518 τί
1713 3466 1770 3518 δὲ
1813 3467 1908 3519 ἐὰν
1937 3468 1996 3519 ἐν

416 3549 630 3622 νεότητι
656 3550 717 3604 τὸ
741 3546 900 3623 σῶμα
930 3552 1212 3626 ἀνάπηρος
1230 3552 1364 3609 οὖσα
1391 3555 1578 3627 τύχοις
1612 3556 1996 3612 καθευδεῖταιδ

418 3639 766 3710 ἀναμένουσα
797 3642 859 3695 τὺ
886 3641 1178 3712 ἐξηκοστδν
1220 3645 1376 3709 ετοςς
1426 3647 1566 3700 Ἀλλ’
1599 3648 1997 3721 ἀπανθρωπίας

417 3731 578 3785 τοῦτο
605 3734 858 3806 ἐσχάτης.
892 3738 991 3789 Διά
1034 3736 1214 3801 τοῦτο,
1246 3739 1376 3792 ὅταν
1409 3740 1510 3809 μὲν
1554 3741 1715 3811 λιμὸν
1742 3760 2000 3815 παραμυ-

420 3821 687 3891 θήσασοαι
740 3824 870 3887 δέοι,
917 3826 1071 3880 οὐδὲν
1123 3828 1253 3898 περὶ
1295 3829 1502 3899 χρόνων
1550 3832 1642 3884 καὶ
1697 3832 1795 3902 τῆς
1856 3834 1999 3889 κατά

418 3913 600 3984 ψυχὴν
628 3916 829 3987 ἀρετῆς
858 3918 1319 3989 ἀκριϐολογεῖται·
1351 3920 1481 3974 δταν
1513 3921 1570 3975 δὲ
1603 3922 1679 3994 μὴ
1768 3924 1998 3995 διορθώ-

424 4005 619 4060 σασθαι
651 4007 864 4072 πενίαν,
895 4008 1032 4063 ἀλλά
1070 4010 1236 4082 τιμὴν
1277 4011 1400 4066 κατ’
1439 4011 1597 4077 ἀξίαν
1633 4014 1998 4086 χαρίσασθαι,

420 4098 651 4165 εἰκότως
668 4099 941 4172 τοσαύτην
968 4104 1203 4157 ποιεῖται
1232 4104 1449 4177 τρόπων
1482 4104 1748 4172 ἐξέτασιν.

488 4208 960 4285 γ’·Καθάπεργάρ
988 4214 1095 4267 εἰσι
1121 4213 1409 4287 παρθένων
1431 4216 1604 4287 χοροὶ,
1628 4214 1875 4272 οὕτωκαὶ
1903 4233 2000 4289 m-

423 4297 534 4370 ρῶν
575 4299 638 4352 τὸ
682 4301 910 4355 παλαιὸν
958 4298 1097 4373 ῆσαν
1126 4305 1297 4376 χοροὶ.
1350 4307 1445 4360 καὶ
1499 4307 1599 4360 οὐκ
1644 4307 1774 4380 ἐξῆν
1811 4310 2001 4375 αὐταῖς

421 4387 608 4452 ἁπλῶς
637 4391 717 4454 είς
749 4390 849 4455 τάς
875 4392 1049 4464 χήρας
1086 4395 1479 4467 ἐγγράφεσθαι.
1510 4399 1586 4452 οὐ
1617 4400 1746 4471 περὶ
1787 4401 2003 4473 ἐκείνης

420 4475 515 4532 οὖν
540 4478 690 4548 λέγει
715 4481 816 4552 τῆς
842 4484 899 4535 ἐν
922 4483 1084 4554 πενίᾳ
1112 4483 1292 4555 ζώσης
1315 4486 1410 4540 καὶ
1430 4486 1692 4560 δεομένης
1722 4489 1999 4561 βοηθείας,

357 4569 366 4577 ’
420 4568 558 4622 ἀλλά
590 4571 720 4642 περί
761 4570 966 4645 ταύτης
1013 4572 1114 4643 τῆς
1155 4574 1419 4646 ἑλομένης
1461 4579 1709 4650 χηρείαν.
1745 4581 1902 4646 Τίνος
1945 4582 2002 4637 δὲ

421 4657 608 4713 ἱνεκεν
653 4660 747 4714 καὶ
776 4662 869 4715 ἐπὶ
910 4661 1119 4733 ταύτης
1165 4663 1389 4717 ἀπαιτεῖ
1434 4666 1663 4738 χρόνονς
1712 4664 1869 4724 Οἶδεν
1917 4672 2002 4726 ὅτι

422 4751 574 4823 πυρά
593 4751 678 4816 τίς
700 4754 846 4808 ἐστιν
877 4754 908 4825 ἡ
937 4753 1145 4825 νεότης,
1172 4754 1266 4809 καὶ
1286 4755 1522 4824 πέλαγος
1549 4759 1810 4830 κυμάτων
1831 4761 2002 4833 γέμον

424 4843 519 4895 καὶ
546 4843 747 4907 πολλάς
772 4843 894 4915 ἔχον
920 4843 1341 4911 ἐπαναστάσεις.
1388 4847 1641 4902 Ἐπειδάν
1671 4846 1764 4904 οὖν
1794 4851 2001 4922 μέλλω-

425 4950 509 4989 σιν
540 4935 649 4990 ἀπὸ
689 4936 790 5006 τῆς
824 4936 1037 5008 ἡλικίας
1081 4939 1329 4992 ἀτέλειαν
1372 4938 1536 5011 ἔχειν,
1578 4942 1674 4996 καὶ
1719 4942 1911 5018 ὥσπερ
1943 4946 2001 4999 ἐν

423 5025 603 5097 λιμένι
634 5028 951 5102 διατρίϐωσι
978 5029 1058 5100 τῷ
1101 5031 1270 5103 γήρᾳ,
1301 5031 1410 5087 τῶν
1454 5033 1765 5105 ἐπιθυμιῶν
1809 5036 2002 5100 αὐταῖς

426 5118 779 5177 σϐεσθεισῶν.
813 5119 952 5191 μετά
978 5120 1163 5185 ἀδείας
1188 5121 1358 5188 αὐτάς
1386 5126 1465 5189 εἰς
1487 5125 1579 5180 τὸν
1603 5128 1764 5199 χορὸν
1790 5129 2002 5198 εἰσάγει

426 5209 636 5262 τοῦτον.
662 5208 727 5262 Τί
748 5204 842 5263 οὖν
863 5252 877 5276 ,
905 5211 1025 5281 οὐχὶ
1055 5211 1267 5275 πολλαὶ,
1294 5214 1446 5284 φησὶ,
1479 5217 1573 5270 καὶ
1599 5218 1736 5288 μετά
1755 5220 2000 5275 εἰκοστὸν

424 5300 545 5364 lto;
568 5301 874 5373 ἀρξάμεναι
904 5303 1064 5375 μέχρι
1092 5303 1285 5369 τέλους
1311 5306 1634 5379 διέλαμψαν,
1668 5312 1762 5365 καὶ
1788 5312 1881 5365 τὸν
1905 5311 2001 5377 ζυ-

423 5389 522 5460 γδν
582 5392 844 5462 ῆνεγκαν,
901 5394 994 5447 καὶ
1045 5395 1403 5450 ἀποστολικδν
1456 5398 1801 5467 ἐπεδείξαντο
1848 5401 2006 5473 βίον;

1138 5557 1154 5571 ο

492 5552 519 5582 ⁸
542 5553 647 5601 οὐκ
674 5554 819 5611 εἶπεν.
840 5557 898 5605 Εἰ
911 5557 1325 5669 ἐτεκνοτρόφησεν,
1344 5563 1383 5611 εἰ
1406 5561 1635 5628 έξενοδόχ.
1660 5562 1745 5617 Slc
1764 5572 1865 5619 lres
1885 5583 2001 5623 mss.

492 5612 660 5667 νευο.
705 5617 797 5667 ’διδ
819 5624 955 5668 recte
979 5621 1092 5669 καθε
1122 5636 1261 5669 ειται.

488 5612 660 5667 IrCod.
705 5617 797 5667 ’διδ
819 5624 955 5668 recte
979 5612 1261 5671 καθεδεῖται.

1527 260 1597 317 ΙΝ
1636 263 1867 336 ιιιυιι,
1892 269 2124 330 -νιυιιΑ
2167 272 2543 333 ELIGATUR.

3551 285 3660 343 εει

2086 364 2403 447 κωλύσομεν
2422 374 2516 434 οὖν
2548 381 2784 451 ἐκείνας,
2815 385 2938 440 εἰπέ
2974 404 3087 460 μοι,
3110 388 3205 443 καὶ
3242 388 3572 463 βουλομένας
3599 393 3669 446 ἐν

2084 466 2282 538 χηρείᾳ
2306 468 2405 540 ζῇν
2432 471 2820 546 ἀναγκάσομεν
2840 476 3116 549 δευτέροις
3140 479 3401 550 ὁμιλῆσαι
3427 480 3656 551 γάμοιςς

2086 558 2180 610 καὶ
2224 561 2327 613 πού
2373 563 2533 618 τοῦτο
2573 565 2724 633 ἀξιον
2758 568 3119 638 ἀποστολικῆς
3167 571 3431 643 γνώμης;
3479 575 3533 627 τί
3564 569 3663 631 οὖν

2085 645 2201 700 ἐστι
2228 648 2290 701 τὸ
2313 649 2635 723 λεγόμενον;
2669 657 2974 729 Προσέχετε
3009 660 3150 729 μετὰ
3180 663 3488 736 ἀκριϐείας,
3517 665 3660 733 ἀγα-

2086 740 2265 829 πητοὶ,
2309 740 2445 813 αὐτῇ
2494 746 2562 815 τῇ
2594 748 2843 819 σημασίᾳ
2882 750 2985 819 τῆς
3010 752 3226 818 λέξεως.
3263 755 3341 808 Οὐ
3380 755 3490 829 γὰρ
3514 751 3675 822 εἶπεν

2086 828 2246 900 Χήρα
2273 832 2504 899 γινέσθω
2542 838 2616 906 μὴ
2651 838 2890 894 ἐλάττων
2915 842 3052 895 ἐτῶν
3092 845 3357 915 ἐξήκοντα
3383 828 3656 915 γεγονυῖα,

2087 918 2243 984 ἀλλά,
2295 920 2459 988 Χήρα
2502 926 2923 996 καταλεγέσθω
2946 945 2958 961 ·
3006 930 3101 984 καὶ
3152 932 3315 986 πάλιν
3362 934 3465 987 οὐκ
3510 928 3659 1000 εἷπε,

2085 1010 2269 1083 Χῆραι
2297 1012 2555 1085 νεώτεραι
2581 1017 2655 1088 μὴ
2684 1018 3186 1087 καταλεγέσθωσαν,
3210 1023 3367 1089 ἀλλά,
3398 1025 3508 1092 Τὰς
3524 1041 3663 1081 νεω-

2087 1099 2260 1170 τέρας
2300 1104 2368 1157 δὲ
2392 1105 2583 1173 χήρας
2609 1106 2900 1176 παραιτοῦ
2919 1127 2933 1141 ·
2963 1110 3101 1183 πρὸς
3123 1112 3234 1184 γὰρ
3266 1115 3359 1168 τὸν
3395 1116 3661 1187 Τιμόθεον

2085 1193 2260 1247 ταῦτα
2281 1195 2609 1265 διαλέγεται.
2644 1200 2862 1272 Ἐπειδὴ
2891 1201 3001 1273 γάρ
3025 1203 3210 1257 πολλοὶ
3233 1205 3343 1258 τῶν
3358 1206 3661 1278 ἀνθρώπων

2086 1286 2401 1358 εὐχείρωτοι
2430 1289 2557 1361 περὶ
2595 1293 2938 1363 κακηγορίας
2975 1294 3103 1360 εἰσὶ,
3146 1297 3241 1350 καὶ
3267 1296 3367 1360 τάς
3416 1295 3663 1366 γλώττας

2088 1377 2227 1431 κατά
2256 1378 2363 1430 τῶν
2390 1380 2489 1447 τῆς
2529 1381 2856 1453 Ἐκκλησίας
2885 1383 3246 1456 προεστώτων
3274 1388 3576 1458 ἠκονήκασι
3607 1400 3658 1453 ο,

2087 1467 2412 1538 βουλόμενος
2440 1471 2748 1543 ἐξαρπάσαι
2775 1475 2868 1529 τὸν
2893 1476 3130 1547 ἄρχοντα
3151 1478 3260 1532 τῶν
3274 1480 3660 1551 ἐγκλημάτων.

2083 1556 2308 1620 τούτους
2341 1559 2522 1630 τίθησι
2552 1563 2681 1627 τοὺς
2710 1564 2930 1635 νόμους,
2956 1566 3050 1619 καί
3067 1584 3200 1638 φησι
3220 1584 3234 1597 ⁸
3265 1569 3337 1624 Σύ
3364 1570 3658 1641 παραιτοῦ.

2086 1648 2182 1701 καὶ
2211 1649 2274 1702 σὺ
2304 1650 2378 1722 μὴ
2411 1653 2701 1722 κατάλεγε.
2733 1657 2831 1709 Ἂν
2864 1658 3002 1728 αὐτὴ
3032 1658 3289 1730 βούληται
3319 1660 3531 1716 οἴκοθεν
3566 1663 3664 1717 καὶ

2088 1742 2216 1809 παρ’
2248 1743 2450 1813 ἑαυτῆς
2471 1746 2743 1816 αἱρεῖσθαι
2772 1748 2962 1815 ταῦτα,
2996 1751 3219 1804 ποιείτω
3238 1769 3253 1783 ·
3284 1753 3349 1807 σύ
3376 1753 3557 1823 μέντοι
3587 1752 3664 1825 μὴ

2088 1834 2354 1906 καταδέξῃ
2389 1836 2634 1907 μηδέπω,
2663 1839 2749 1892 ῐνα
2792 1839 2866 1912 μὴ
2899 1841 3132 1910 λέγωσιν
3158 1844 3542 1916 ὃτιΝεωτέραν
3573 1840 3666 1899 οὗ·

2089 1941 2209 1989 σαν,
2232 1927 2513 1996 γήμασθαι
2540 1928 2890 2002 βουλομένην,
2918 1931 3098 1996 οἰκίας
3115 1933 3439 2005 προστῆναι,
3465 1938 3492 1989 ὁ
3519 1936 3666 1989 δεῖνα

2086 2018 2468 2087 κατηνάγκασε
2489 2035 2503 2049 ο
2535 2019 2624 2072 διὰ
2650 2019 2811 2072 τοῦτο
2832 2021 3019 2089 ἔπεσε,
3051 2024 3145 2076 καί⁵
3172 2024 3560 2097 ὐπεσκελίσθη.
3590 2027 3663 2081 Σὺ

2090 2106 2164 2176 μὴ
2196 2107 2498 2179 καταλέξῃς
2531 2110 2724 2181 αὐτὴν,
2759 2112 2865 2177 ἵνα,
2905 2113 3010 2166 κάν
3044 2113 3208 2186 πέσῃ,
3241 2117 3351 2170 τῶν
3378 2118 3661 2189 ἐγκλημά-

2084 2214 2193 2250 των
2220 2192 2288 2270 ᾗς
2312 2197 2763 2269 ἀπηλλαγμένοςο
2807 2199 2911 2254 κάν
2951 2202 3024 2274 μὴ
3055 2203 3218 2276 πέσῃ,
3251 2205 3388 2276 μετά
3418 2206 3662 2271 πλείονος

2088 2287 2386 2356 ἀσφαλείας
2425 2288 2504 2359 τῷ
2551 2292 2884 2362 προσήκοντι
2918 2292 3097 2366 καιρῷ
3129 2295 3451 2369 καταλέξῃς.
3491 2298 3554 2350 Εἰ
3603 2299 3661 2352 δὲ

2086 2376 2255 2445 λέγει,
2295 2379 2596 2447 Βούλομαι
2640 2379 2932 2450 νεωτέρας
2969 2382 3160 2453 χήρας
3185 2386 3414 2455 γαμεῖν,
3462 2405 3665 2442 τεκνο-

2086 2467 2309 2535 γονεῖν,
2356 2468 2590 2524 ἄκουσον
2619 2472 2782 2536 ποίας
2811 2473 2948 2542 φησί
2969 2474 3260 2546 νεωτέρας,
3298 2476 3396 2540 τάς
3433 2477 3571 2547 μετά
3606 2477 3668 2530 τδ

2090 2556 2242 2631 [5η]
2275 2565 2746 2633 καταπρηνιᾶσαι
2788 2564 2884 2617 τοῦ
2917 2565 3157 2635 Χριστοῦ
3190 2566 3522 2638 βουλομένας
3567 2586 3670 2638 γα·

2093 2652 2232 2718 μεῖν,
2265 2651 2366 2716 τάς
2395 2653 2692 2725 φλυάρους,
2722 2657 2823 2720 τὰς
2853 2657 3202 2729 περιέργους,
3240 2658 3337 2722 τὰς
3378 2676 3668 2732 περιερχο-

2094 2741 2261 2809 μένας
2300 2742 2401 2807 τάς
2431 2745 2633 2810 οἰκίας,
2666 2745 2767 2811 τάς
2796 2747 3063 2815 λαλούσας
3109 2748 3179 2802 τά
3218 2750 3292 2820 μὴ
3326 2749 3534 2814 δέοντα,
3570 2752 3669 2816 τὰς

2090 2830 2461 2901 ἐκτραπείσας
2479 2836 2655 2889 ὀπίσω
2675 2837 2769 2891 τοῦ
2797 2839 3113 2893 Σατανᾶ.οὐ
3134 2840 3244 2911 γὰρ
3268 2841 3437 2893 εἰπὼν
3458 2842 3666 2907 ἀπλῶς,

2090 2922 2393 2990 Βούλομαι
2434 2925 2727 2994 νεωτέρας
2757 2928 2992 2997 γαμεῖν,
3043 2930 3322 3001 ἐσίγησεν,
3354 2930 3488 2985 ἀλλά
3519 2930 3669 3002 λέγει

2092 3012 2183 3063 καί
2210 3012 2370 3076 ποίας
2398 3015 2689 3088 νεωτέρας,
2722 3019 2817 3071 καὶ
2860 3018 2930 3072 τά
2961 3019 3227 3089 πτώματα
3260 3022 3441 3075 αὐτῶν
3467 3022 3666 3077 ἔπεισι.

2091 3103 2229 3157 Ποῖα
2244 3102 2515 3176 πτώματα
2533 3123 2549 3173 ;
2570 3107 2757 3161 ’Ὅταν
2776 3110 3364 3178 καταστρηνιάσωσι,
3391 3131 3463 3184 φη
3472 3114 3544 3179 al,
3564 3114 3670 3169 τοῦ

2090 3192 2371 3260 Χριστοῦ,
2405 3195 2719 3263 γαμεῖσθαι
2763 3197 3035 3263 θέλουσι,
3082 3200 3179 3253 καί
3224 3200 3400 3270 ἀργαὶ
3436 3201 3670 3271 μανθά-

2091 3301 2291 3351 νουσι,
2327 3287 2424 3339 καί
2452 3288 2767 3358 περίεργοι,
2808 3292 3261 3361 περιερχόμεναι
3308 3295 3416 3359 τὰς
3447 3296 3662 3360 οἰκίας,

2092 3378 2397 3432 λαλοῦσαι
2426 3380 2499 3433 τὰ
2530 3378 2616 3449 μὴ
2641 3379 2877 3446 δέοντα,
2916 3382 3014 3436 καί
3042 3382 3483 3451 ἐξετράπησαν.
3514 3385 3672 3450 Τίνος

2091 3466 2297 3532 δπίσως
2355 3469 2469 3524 Τοῦ
2502 3470 2758 3527 Σατανᾶ.
2809 3472 2964 3526 Ἐπεὶ
3000 3468 3093 3528 οὖν
3147 3474 3287 3545 μετά
3330 3475 3392 3529 τὸ
3443 3476 3672 3548 χηρείαν

2094 3557 2332 3622 ἑλέσθαι,
2364 3561 2457 3614 καὶ
2483 3560 2687 3630 ταύτην
2712 3562 2892 3615 πᾶσαν
2922 3563 3215 3634 ὐπομεῖναι
3241 3564 3339 3635 τὴν
3365 3565 3670 3636 ἀσχημοσύ-

2093 3667 2214 3722 νην,
2242 3649 2521 3720 βούλονται
2547 3651 2792 3723 γαμῆσαι
2822 3653 3003 3717 πάλιν,
3037 3653 3243 3725 βέλτιον
3271 3657 3401 3727 πρὶν
3428 3654 3670 3726 ἔχεσθαι,

2094 3742 2189 3797 καὶ
2224 3740 2325 3804 τάς
2350 3743 2486 3814 πρὸς
2529 3744 2621 3796 τὸν
2662 3742 2897 3816 Χριστὸν
2943 3745 3331 3816 καταπατῆσαι
3373 3746 3671 3818 συνθήκας,

2095 3831 2191 3883 ἐπὶ
2219 3828 2377 3883 τοῦτο
2422 3830 2634 3884 ἐλθεῖν·
2667 3831 2745 3893 ώς
2783 3834 2832 3885 εἰ
2882 3832 2956 3902 μή
3006 3849 3091 3895 τις
3138 3833 3224 3903 είη
3274 3833 3526 3907 τοιαύτη,
3574 3835 3676 3891 οὐκ

2096 3914 2400 3986 ἐπιτίθησιν
2427 3914 2676 3986 ἀνάγκην
2712 3916 2891 3987 γάμου
2918 3917 3199 3989 δευτέρου.

2167 4023 2232 4078 δ’.
2246 4023 2358 4076 Kal
2370 4023 2454 4076 ὅτι
2468 4022 2628 4077 τοῦτό
2642 4024 2794 4078 ἐστιν
2811 4023 3031 4096 ἀληθὲς,
3046 4025 3206 4095 δῆλον
3228 4025 3459 4081 ἐκεῖθεν.
3479 4028 3544 4082 El
3563 4029 3675 4102 γὰρ

2098 4111 2177 4177 ὡς
2214 4114 2379 4184 νόμον
2407 4111 2565 4167 τοῦτο
2600 4113 2815 4168 τέθεικε
2839 4113 3042 4179 πάσαις
3069 4119 3190 4182 ταῖς
3222 4117 3440 4185 γυναιξὶ
3478 4118 3539 4172 τὸ
3576 4126 3676 4188 γα-

2102 4203 2224 4271 μεῖν
2249 4201 2345 4254 καὶ
2380 4201 2806 4267 οἰκοδεσποτεῖν,
2843 4203 3118 4275 περιττῶς
3150 4206 3332 4259 ἐκεῖνα
3355 4206 3576 4279 ἀπῄτει,
3606 4210 3676 4263 ει

2096 4291 2635 4363 ἐτεκνοτρόφησεν,
2663 4296 2715 4348 εί
2746 4294 2931 4365 ἁγίων
2972 4294 3163 4362 πόδας
3196 4297 3431 4366 ἔνιψεν,
3462 4300 3515 4353 εί
3544 4302 3675 4355 θλι-

2099 4383 2372 4454 ϐομένοις
2410 4384 2772 4454 ἐπήρκεσεν,
2816 4387 2869 4439 εί
2908 4385 3088 4439 παντί
3137 4387 3289 4457 ἔργῳ
3329 4389 3533 4457 ἀγαθῷ
3576 4391 3679 4445 έπ-

2098 4475 2483 4543 ηκολούθησε
2502 4491 2517 4506 ⁸
2541 4474 2815 4543 περιττῶς
2846 4474 3067 4528 κάκεῖνό
3095 4492 3229 4548 φησι
3256 4477 3337 4537 τὸ.
3378 4479 3551 4547 Ἐνὸς
3577 4481 3677 4535 ἀν-

2097 4565 2240 4635 δρὸς
2258 4565 2559 4636 γεγονυῖα.
2588 4566 2651 4620 Εἰ
2672 4565 2779 4639 γάρ
2805 4566 2987 4629 πάσας
3005 4566 3106 4631 τάς
3133 4569 3408 4641 νεωτέρας
3431 4571 3675 4637 κελεύεις

2097 4656 2417 4728 γαμεῖσθαι,
2445 4655 2861 4729 πῶςδυνήσεταί
2880 4676 2964 4722 τις
2981 4660 3098 4725 ἑνὸς
3128 4662 3322 4733 ἀνδρὸς
3341 4658 3482 4718 εῖναι
3502 4667 3671 4737 γυνής

2099 4740 2265 4794 Ὥστε
2297 4740 2435 4812 πρὸς
2458 4740 2673 4805 ἐκείνας
2695 4743 2726 4795 ὁ
2752 4741 2909 4812 λόγος
2933 4743 3104 4815 αὐτῷ.
3139 4742 3303 4801 Οὕτω
3328 4747 3424 4801 καὶ
3447 4748 3542 4801 ἐπὶ
3570 4749 3673 4820 τῆς

2101 4825 2385 4890 συνουσίας
2430 4827 2531 4898 τῆς
2581 4826 2724 4883 κατά
2753 4828 2846 4883 τὸν
2892 4829 3071 4903 γάμον
3104 4834 3267 4887 ποιεῖ.
3307 4834 3493 4888 Εἰπὼν
3540 4834 3672 4908 γὰρ,

2098 4919 2196 4986 Μὴ
2231 4918 2619 4988 ἀποστερεῖτε
2646 4920 2983 4988 ἀλλήλους,
3021 4923 3076 4976 ει
3099 4922 3185 4991 μή
3224 4940 3280 4977 τι
3313 4924 3392 4979 ἂν
3419 4927 3489 4979 ἐκ
3515 4942 3670 4997 συμ-

2098 5010 2301 5081 φώνου
2337 5010 2486 5079 πρὸς
2516 5012 2745 5081 καιρὸν,
2778 5013 2881 5067 ῖνα
2918 5012 3255 5083 σχολάζητε
3309 5015 3385 5084 τῇ
3423 5020 3678 5088 νηστείᾳ

2099 5102 2197 5155 καί
2242 5099 2318 5169 τῇ
2348 5099 2684 5172 προσευχῇ,
2716 5100 2817 5154 καί
2852 5100 3040 5156 πάλιν
3090 5103 3190 5157 ἐπὶ
3232 5104 3298 5157 τὸ
3337 5105 3486 5159 αὐτὸ
3524 5122 3676 5161 συν-

2099 5186 2360 5256 έρχησθε
2382 5201 2397 5214 ο
2450 5185 2538 5239 ἴνα
2579 5184 2655 5256 μὴ
2682 5185 2911 5257 νομίξῃς
2952 5186 3014 5240 τὸ
3060 5189 3292 5258 πρᾶγμα
3320 5188 3485 5258 νόμον
3512 5185 3675 5256 εἶναι,

2101 5269 2428 5341 προστίθησι
2450 5267 2547 5340 τὴν
2574 5270 2754 5321 αἰτίαν
2785 5267 3016 5341 ὕστερον
3044 5269 3249 5338 λέγων’
3277 5272 3411 5325 Ἵνα
3432 5271 3520 5341 μὴ
3547 5290 3677 5328 πει-

2094 5352 2241 5422 ρὰζῃ
2270 5351 2427 5423 ὑμᾶς
2453 5356 2486 5406 ό
2517 5350 2808 5419 Σατανᾶς.
2851 5352 3030 5408 Τοῦτο
3061 5352 3130 5407 δὲ
3170 5354 3326 5426 λέγω
3355 5357 3504 5410 κατά
3529 5371 3678 5428 συγ-

2102 5438 2365 5506 γνώμην,
2396 5438 2507 5491 οὐκ
2538 5436 2853 5506 ἐπιταγὴν,
2887 5436 2985 5491 διὰ
3012 5436 3128 5505 τὴν
3157 5439 3458 5508 ἀκρασίαν
3489 5441 3676 5513 ὑμῶν.

2104 5522 2318 5592 Ὠσπερ
2346 5516 2439 5576 οὖν
2480 5521 2544 5574 οὐ
2595 5522 2761 5575 πᾶσιν
2817 5523 2936 5575 ἐκεῖ
2970 5520 3145 5576 ταῦτα
3178 5522 3505 5593 διαλέγεται,
3540 5526 3678 5582 ἀλλά

2167 5655 2192 5686 ⁸
2233 5653 2350 5706 (ἰοά.
2376 5651 2471 5702 788
2491 5652 2750 5711 ἠκόνησαν.
