4082 6212
344 275 452 334 525

344 388 504 456 igitur
527 400 634 446 non
660 385 908 444 omnibus
935 386 1040 444 illic
1063 386 1160 440 ista
1189 386 1440 458 loquitur,
1468 385 1565 441 sed
1589 388 1654 444 iis
1678 387 1767 456 qui
1790 387 1929 444 inter

344 479 586 536 homines
615 478 1086 535 iucontineutiores
1109 487 1255 541 sunt,
1285 487 1337 534 et
1362 475 1519 536 facile
1537 478 1654 546 capi
1683 487 1925 548 possunt:

341 570 418 624 sic
445 570 603 626 etiam
636 568 738 624 hoc
761 569 878 624 loco
904 568 1151 624 mulieres
1176 579 1475 642 expugnatu
1501 567 1702 633 faciles,
1734 578 1788 623 et
1807 583 1927 638 qute

341 675 446 714 non
498 661 567 716 ita
611 660 764 718 facile
795 659 1032 729 perferre
1079 671 1299 728 possunt
1329 669 1572 719 exactam
1595 661 1648 715 in
1674 659 1927 718 viduitate

339 751 552 806 vivendi
603 751 863 810 rationem
883 791 900 816 ,
952 750 1194 808 hortatur
1213 793 1228 816 ,
1259 761 1313 808 et
1339 753 1590 819 consulit,
1619 761 1678 808 ttt
1700 752 1924 808 alterum

338 844 509 895 virum
543 841 898 902 introducam.
947 841 1041 898 ESt
1065 843 1206 898 enim
1252 858 1340 898 res
1365 843 1605 914 quaedam
1627 843 1822 912 duplex
1848 844 1930 900 vi-

336 931 530 987 duitas.
562 931 700 1000 Quid
745 931 848 988 hoc
891 941 974 988 est
1004 933 1216 988 tandem
1243 934 1472 1005 duplex?
1501 935 1766 990 Bonorum
1798 951 1924 1006 ope-

337 1039 454 1077 rum
482 1024 776 1093 specimen,
803 1033 859 1078 et
883 1023 1103 1080 honoris
1137 1027 1333 1082 summi
1358 1026 1645 1098 fastigium.
1676 1026 1742 1083 Ut
1767 1027 1925 1097 igitur

336 1125 415 1172 est
460 1116 620 1172 etiam
649 1131 739 1172 res
780 1116 1023 1188 quaedam
1070 1115 1267 1188 duplex
1312 1118 1652 1188 magistratus
1697 1136 1712 1174 :
1765 1117 1924 1174 habet

336 1206 479 1262 enim
509 1217 564 1262 et
591 1221 753 1277 opera
800 1217 855 1264 et
896 1207 1238 1280 dignitatem;
1263 1208 1493 1280 dignitas
1520 1209 1732 1280 quidem
1759 1210 1925 1280 magi-

335 1305 537 1351 stratus
575 1307 658 1352 est
703 1305 961 1367 potestas,
991 1308 1046 1352 et
1071 1299 1243 1356 cultus
1267 1298 1406 1369 quia
1435 1298 1590 1368 vulgo
1619 1297 1920 1364 exhibetur,

335 1400 392 1446 et
422 1391 593 1460 ipsum
635 1405 755 1446 esse
797 1390 1196 1460 magistratum;
1225 1406 1389 1462 opera
1426 1405 1556 1444 vero
1585 1390 1922 1460 magistratus

334 1489 460 1540 sunt
501 1481 692 1551 injuria
736 1479 940 1536 allectis
984 1496 1319 1549 succurrere,
1351 1479 1643 1536 inferentes
1677 1480 1922 1549 injuriam

333 1587 697 1642 compescere,
727 1571 944 1627 urbibus
970 1588 1225 1646 praeesse,
1257 1574 1310 1627 in
1344 1571 1720 1628 communibus
1747 1573 1924 1642 reipu-

335 1662 488 1720 blicae
534 1664 676 1718 curis
711 1663 1025 1720 excubando
1063 1673 1398 1732 pernoctare,
1427 1674 1482 1719 et
1519 1664 1718 1734 reliqua
1767 1664 1923 1719 innu-

335 1769 483 1812 mera
513 1771 528 1811 :
555 1755 633 1810 sic
659 1763 712 1810 et
740 1754 968 1810 viduitas
995 1764 1048 1810 et
1072 1754 1299 1825 dignitas
1321 1764 1404 1811 est
1423 1763 1478 1810 et
1497 1770 1664 1825 opus:
1691 1754 1920 1811 maxima

333 1845 562 1916 dignitas
589 1855 671 1900 est
718 1845 930 1901 viduam
983 1861 1124 1913 esse,
1166 1855 1222 1900 ut
1249 1855 1376 1902 ante
1402 1846 1919 1910 demonstravimus;

334 1951 467 2007 Opus
489 1945 572 1992 est
598 1937 888 1993 secundum
920 1939 1164 1992 maritum
1196 1939 1296 1994 sibi
1326 1954 1430 1994 non
1460 1939 1792 2002 adsciscere,
1826 1938 1918 1992 sed

337 2029 496 2097 priori
537 2044 656 2084 esse
697 2039 1025 2097 contentam,
1056 2030 1192 2086 filios
1231 2031 1480 2094 educare,
1528 2031 1757 2100 hospitio
1787 2031 1922 2084 rcci-

331 2136 479 2190 pere,
504 2121 668 2190 pedes
710 2131 1015 2177 sanctorum
1053 2121 1251 2187 lavare,
1280 2121 1675 2177 tribulationem
1717 2121 1924 2191 patien-

334 2216 473 2270 tibus
497 2214 925 2277 subministrare,
948 2229 1109 2269 omne
1130 2229 1263 2283 Opus
1290 2215 1487 2268 bonum
1504 2213 1718 2269 sectari.
1740 2213 1922 2283 Itaque

334 2304 529 2358 Paulus
574 2304 643 2359 de
688 2304 794 2359 illis
841 2304 1066 2374 loquens
1108 2319 1270 2376 opera
1300 2305 1513 2375 quidem
1541 2305 1718 2359 omnia
1749 2306 1920 2359 vidua:

332 2395 459 2452 sinit
487 2396 630 2450 illam
661 2395 917 2466 perlicere
943 2414 956 2449 :
983 2396 1048 2451 ad
1077 2396 1386 2466 dignitatem
1426 2407 1604 2454 autent
1633 2397 1824 2463 vidum,
1857 2413 1921 2453 ac

331 2496 549 2551 emtum,
599 2495 653 2540 et
677 2485 918 2541 ordinem
971 2486 1113 2540 illam
1162 2486 1381 2557 provehi
1431 2504 1536 2542 non
1565 2488 1712 2554 sinit,
1749 2487 1921 2544 donec

331 2576 696 2645 sexagesimus
711 2591 882 2632 annus
905 2577 1237 2647 praeterierit,
1258 2578 1406 2648 quasi
1432 2578 1593 2634 (lieni:
1610 2579 1782 2652 Opera
1805 2582 1918 2650 qui-

329 2668 453 2726 dem
481 2668 649 2722 vidua:
673 2667 852 2732 faciat,
880 2670 1192 2740 dignitatem
1220 2687 1346 2726 vero
1377 2682 1486 2726 ttnn
1513 2673 1768 2738 obtineat,
1796 2689 1916 2732 cum

331 2760 415 2819 his
439 2762 686 2816 omnibus
712 2761 963 2832 perfectis
1000 2764 1341 2821 securitatem
1370 2765 1631 2822 benelicio
1662 2768 1918 2839 temporis

328 2862 612 2923 assequuta
632 2852 807 2918 fuerit,
839 2863 894 2910 et
918 2871 982 2910 ex
1009 2856 1261 2930 operibus
1305 2845 1814 2915 demonstrationem
1855 2874 1920 2916 ac

333 2946 691 3002 testimonium
731 2957 1034 3010 externum.
1092 2948 1262 3004 Nemo
1287 2950 1416 3004 solis
1443 2950 1755 3007 mulieribus
1777 2950 1920 3005 arbi-

331 3047 502 3094 tretur
540 3039 837 3094 orationem
863 3040 1171 3096 convenire.
1204 3041 1335 3097 Nam
1357 3051 1412 3097 et
1433 3041 1560 3097 viris
1594 3041 1828 3112 prodest,
1861 3050 1919 3096 ut

329 3140 381 3184 et
410 3129 508 3199 ipsi
554 3129 821 3186 defunctis
869 3131 1125 3186 uxoribus
1170 3132 1282 3186 suis
1318 3133 1553 3188 contenti
1583 3132 1711 3198 sint,
1743 3148 1917 3205 neque

329 3223 494 3278 velint
516 3237 638 3276 cum
664 3221 847 3278 liberis
869 3223 978 3278 suis
1009 3222 1207 3278 lezenas
1233 3222 1495 3285 habitare.
1517 3223 1642 3280 dum
1661 3239 1916 3280 novercas

328 3313 670 3368 introducunt
693 3354 710 3378 ,
750 3322 805 3369 et
840 3329 990 3369 suam
1022 3330 1236 3368 omnem
1267 3316 1606 3371 securitatem
1646 3325 1911 3371 evertunt.

399 3404 454 3460 5.
498 3401 804 3458 Cohortatur
839 3405 908 3458 ad
941 3407 1313 3478 monogamiam
1332 3448 1346 3469 ,
1379 3423 1469 3460 nec
1501 3408 1709 3462 damnat
1731 3425 1916 3466 secun-

327 3496 422 3549 das
450 3497 672 3563 nuptias.
694 3526 766 3536 â€”
789 3495 915 3552 llaec
941 3508 1120 3553 autem
1164 3513 1194 3552 a
1227 3498 1378 3553 nobis
1405 3498 1654 3554 dicuntur
1677 3541 1692 3566 ,
1725 3515 1831 3553 non
1859 3508 1917 3554 ut

287 3644 293 3649 ,
327 3586 590 3643 secundas
609 3589 846 3642 aversari
873 3589 1082 3658 nuptias
1108 3590 1501 3659 praecipiamus;
1530 3590 1622 3646 sed
1655 3600 1711 3646 ut
1738 3591 1916 3646 horte-

329 3693 450 3732 mur
478 3686 532 3733 et
559 3677 898 3734 consulamus
918 3718 933 3742 ,
982 3679 1245 3747 prioribus
1271 3696 1390 3735 esse
1422 3690 1723 3737 contentos.
1758 3682 1913 3737 Aliud

328 3776 411 3822 est
439 3767 733 3832 adhortari,
762 3768 904 3822 aliud
931 3770 1241 3840 praecipere.
1263 3771 1394 3825 Nam
1419 3773 1506 3842 qui
1531 3773 1843 3828 adhortatur
1861 3785 1917 3828 et

328 3857 564 3912 consulit
583 3896 601 3923 ,
628 3857 681 3911 in
710 3859 931 3914 arbitrio
957 3873 1021 3914 ac
1061 3869 1321 3928 potestate
1349 3862 1597 3930 relinquit
1619 3863 1877 3918 auditoris
1897 3905 1912 3926 ,

331 3958 390 4004 ut
414 3948 558 4020 quod
601 3949 912 4004 consulatur
940 3951 1102 4020 eligat
1133 3968 1147 4005 :
1181 3953 1271 4021 qui
1302 3968 1426 4006 vero
1470 3955 1710 4024 praâ€˜cipit
1730 3996 1744 4018 ,
1780 3955 1914 4008 hanc

330 4040 629 4094 facultatem
659 4040 921 4110 ejusmodi
968 4058 1074 4096 non
1114 4043 1391 4110 permittit.
1425 4045 1493 4098 At
1535 4043 1770 4099 Ecclesia
1815 4045 1914 4099 ista

329 4148 433 4185 non
458 4133 714 4202 pra-cipit,
739 4133 831 4187 sed
861 4133 1101 4189 hortatur
1127 4136 1297 4190 solum
1323 4153 1336 4188 :
1365 4137 1627 4207 Siquidem
1651 4139 1915 4193 secundas

327 4225 485 4277 etiam
517 4224 730 4293 nuptias
761 4227 999 4293 permisit
1027 4226 1222 4282 Paulus
1249 4243 1370 4281 eum
1402 4228 1470 4282 ita
1515 4229 1648 4284 dixit
1679 4245 1694 4280 :
1728 4229 1916 4283 Mulier

327 4317 538 4385 alligata
561 4325 634 4369 est
663 4317 794 4386 legi,
825 4327 1011 4388 quanto
1038 4330 1258 4388 tempore
1285 4321 1361 4372 vir
1387 4321 1494 4388 eius
1521 4321 1636 4374 uit-it
1667 4337 1686 4374 :
1714 4323 1848 4392 quod
1873 4322 1917 4375 si

327 4411 584 4464 dormierit
615 4411 690 4462 vir
707 4411 839 4478 ejus,
863 4411 1019 4464 libera
1047 4421 1119 4464 cst
1138 4451 1153 4473 ,
1180 4413 1264 4464 cui
1291 4411 1397 4466 vult
1424 4413 1578 4467 nubat
1601 4455 1616 4479 ,
1645 4425 1837 4468 (attinnt
1865 4416 1915 4468 in

330 4501 570 4554 Domino.
599 4499 803 4553 Reatior
840 4511 911 4554 est
937 4512 1104 4556 autem
1129 4503 1173 4555 si
1210 4504 1284 4556 sic
1325 4508 1651 4570 permanserit
1677 4507 1695 4576 (
1719 4508 1763 4560 l.
1795 4506 1913 4561 Car.

331 4593 382 4646 7.
407 4592 497 4647 59.
527 4592 597 4646 60
617 4594 658 4661 ).
683 4591 750 4646 Ut
771 4592 928 4662 igitur
948 4592 1144 4647 bonum
1165 4602 1248 4647 est
1266 4593 1592 4664 coojugium,
1615 4596 1710 4652 sed
1729 4599 1916 4653 melior

329 4693 411 4738 est
440 4685 716 4753 virginitas
745 4701 757 4737 :
793 4684 863 4737 ita
893 4685 1088 4740 bonum
1118 4685 1332 4754 quidem
1359 4697 1437 4740 est
1468 4686 1762 4744 secundum
1788 4705 1918 4744 con-

326 4774 531 4844 jugium
553 4815 568 4835 ,
596 4773 689 4828 sed
722 4775 912 4829 melius
936 4785 1018 4828 est
1049 4775 1278 4844 primum
1304 4786 1357 4831 et
1387 4777 1580 4834 solum.
1611 4776 1728 4833 Non
1758 4780 1918 4848 igitur

291 4935 301 4946 _
329 4869 632 4939 conjugiutn
672 4868 964 4924 secundum
994 4869 1262 4938 rejicimus
1286 4911 1302 4936 ,
1331 4887 1502 4940 neque
1527 4870 1642 4928 haec
1673 4875 1916 4943 praccipi-

331 4976 452 5015 ntus
474 5002 490 5025 ,
523 4960 616 5016 sed
655 4966 1032 5027 cohortamur,
1061 4970 1118 5015 ut
1147 4961 1190 5015 si
1230 4963 1348 5031 quis
1373 4961 1672 5018 castitatem
1702 4977 1918 5020 servare

332 5055 534 5124 possit,
577 5055 647 5109 sit
695 5055 858 5124 priori
899 5065 1202 5110 contentus.
1247 5053 1606 5111 Cohortamur
1641 5066 1820 5111 autem
1863 5065 1922 5113 et

331 5146 658 5202 consulimus
679 5147 744 5200 ad
765 5145 1134 5204 stabilieudam
1160 5146 1349 5201 domus
1370 5148 1713 5202 securitatem
1739 5164 1752 5201 :
1777 5163 1920 5218 saepe

334 5253 562 5308 namque
587 5237 834 5293 secunda:
861 5250 1057 5308 nuptae
1085 5237 1514 5308 quotidianarum
1540 5249 1595 5295 et
1623 5254 1919 5310 pugnarum

331 5341 388 5387 et
424 5330 828 5388 contentionum
878 5330 1082 5385 initium
1129 5339 1185 5385 et
1231 5330 1567 5386 occasionem
1608 5330 1917 5386 attulerunt.

333 5425 481 5480 Sane
517 5422 790 5478 multoties
828 5421 1044 5487 evenit,
1081 5432 1136 5476 ut
1179 5422 1422 5479 assidens
1465 5438 1664 5478 mense
1703 5422 1922 5478 maritus

336 5517 529 5588 prioris
556 5515 739 5571 uxoris
779 5514 1093 5572 recordatus
1113 5557 1129 5580 ,
1159 5517 1350 5573 leuiter
1374 5516 1498 5576 ï¬‚eat
1529 5534 1544 5571 :
1573 5525 1627 5572 at
1669 5517 1760 5574 illa
1786 5531 1922 5572 con-

336 5609 513 5666 festim
539 5606 904 5674 excandescit,
934 5617 990 5664 et
1016 5616 1285 5679 tamquam
1318 5610 1424 5664 fera
1457 5609 1642 5676 insilit,
1673 5619 1724 5666 et
1757 5610 1836 5666 sui
1867 5611 1918 5665 iu

339 5700 483 5756 illam
511 5700 711 5758 amoris
751 5701 820 5756 ab
865 5717 932 5758 eo
973 5715 1162 5772 pceuas
1200 5701 1385 5772 exigit.
1429 5699 1581 5769 Quod
1620 5701 1664 5758 si
1695 5701 1921 5759 voluerit

1445 273 1508 330 Î™Î
1547 273 1772 341 lLLUD,
1814 273 2018 332 \â€˜IDUA
2064 275 2431 335 ELIGATUR.

3515 294 3622 351 5â€˜16

2041 387 2258 446 laudare
2277 390 2604 474 defunctam.
2624 401 2735 449 tum
2759 397 3113 454 contentionis
3131 407 3187 456 et
3207 417 3393 474 pugna:
3409 414 3622 467 occasio

2036 496 2102 534 ex
2134 479 2375 537 laudibus
2405 483 2546 542 illius
2573 483 2816 542 oï¬‚'ertur.
2860 490 2939 544 Ac
2978 489 3241 548 defunctis
3270 495 3483 565 quidem
3513 499 3617 556 ini.

2036 569 2187 624 micis
2224 573 2630 628 reconciliamur
2654 613 2666 636 .
2696 576 2990 648 eodemque
3020 580 3127 636 fine
3162 582 3265 638 vita
3309 585 3521 643 illorum
3564 600 3621 646 et

2035 668 2273 715 nostrum
2317 663 2368 716 in
2431 663 2550 721 illos
2591 665 2772 722 odiutn
2831 670 3148 728 terminatur
3197 690 3213 726 :
3261 674 3317 731 in
3364 680 3620 736 uxoribus

2033 760 2210 807 autem
2253 754 2580 810 contrarium
2627 758 2838 826 penitus
2878 761 3074 817 evenit.
3115 763 3282 832 Quam
3322 767 3474 832 enim
3505 785 3617 830 non

2032 840 2184 905 vidit,
2212 857 2369 911 quam
2399 860 2504 898 non
2527 846 2729 901 audivit
2753 889 2768 910 ,
2797 863 2828 902 a
2859 865 2958 920 qua
2991 851 3122 906 nihil
3150 863 3234 910 est
3260 857 3386 912 mali
3417 874 3570 928 passa
3589 901 3614 930 ,

2032 931 2172 986 hanc
2196 933 2320 988 odio
2351 936 2690 1004 prosequitur
2715 946 2770 993 et
2797 951 3106 1008 aversatur,
3135 958 3198 998 ac
3236 961 3303 1000 ne
3328 963 3474 1006 mors
3496 951 3617 1022 qui-

2031 1019 2151 1078 dem
2181 1022 2363 1080 odium
2405 1026 2713 1096 exstinguit.
2742 1025 2872 1094 Quis
2898 1044 3148 1100 umquam
3175 1034 3343 1100 vidit,
3371 1038 3489 1108 quis
3515 1019 3614 1096 au-

2029 1110 2162 1166 divit
2199 1113 2514 1184 zelotypiam
2553 1116 2607 1172 in
2648 1117 2926 1190 pulverem
2950 1161 2964 1186 ,
2992 1136 3222 1192 pugnam
3260 1140 3383 1182 cum
3430 1130 3612 1188 cinere

2029 1205 2369 1273 susceptam?

2101 1295 2151 1350 6.
2197 1296 2301 1351 Sed
2331 1312 2434 1352 non
2481 1313 2719 1370 eousque
2763 1309 2966 1358 tantum
2997 1305 3332 1375 progreditur
3366 1309 3563 1364 malum
3596 1328 3612 1364 :

2029 1389 2154 1456 quin
2182 1390 2341 1443 etiam
2368 1389 2480 1445 sive
2508 1407 2571 1446 ex
2603 1393 2834 1448 secunda
2877 1394 2986 1450 nati
3015 1394 3122 1450 sint
3145 1396 3296 1452 liberi
3321 1439 3336 1463 ,
3365 1398 3479 1454 sive
3506 1416 3612 1455 non

2030 1477 2136 1532 sint
2163 1479 2294 1545 nati,
2324 1495 2495 1549 pugna
2526 1497 2711 1537 rursus
2737 1492 2791 1538 et
2818 1485 3088 1539 contentio
3113 1488 3372 1544 exoritur.
3404 1489 3536 1544 Nam
3564 1491 3612 1545 si

2029 1571 2136 1625 nati
2163 1586 2270 1626 non
2299 1573 2405 1628 sint
2428 1615 2444 1640 ,
2475 1575 2661 1642 majori
2711 1591 2943 1632 maerore
2988 1576 3299 1645 conï¬citur,
3328 1589 3382 1635 et
3421 1580 3522 1636 hac
3543 1582 3613 1638 de

2027 1673 2186 1714 causa
2229 1670 2381 1716 natos
2422 1678 2492 1717 ex
2534 1664 2697 1733 priori
2724 1675 2993 1735 tamquam
3034 1666 3254 1733 hostes,
3285 1678 3339 1724 et
3367 1684 3396 1723 a
3423 1671 3615 1741 quibus

2028 1751 2273 1806 maximis
2302 1753 2370 1806 sit
2397 1753 2582 1810 all'ecta
2614 1755 2842 1825 injuriis,
2873 1757 3125 1824 intuetur,
3153 1759 3278 1813 dum
3307 1776 3375 1816 ex
3399 1762 3611 1819 illorum

2027 1839 2133 1892 vita
2173 1841 2466 1896 sterilitatis
2507 1857 2619 1897 sua:
2655 1860 2871 1900 sensum
2911 1847 3054 1915 capit
3097 1848 3372 1918 majorem.
3403 1852 3458 1906 Si
3487 1869 3616 1907 vero

2029 1929 2135 1984 uati
2167 1929 2274 1984 sint
2297 1971 2312 1993 ,
2354 1947 2539 1986 rursus
2569 1933 2734 1988 nihilo
2770 1936 2945 1992 minus
2981 1937 3179 1992 malum
3209 1949 3310 1993 est.
3341 1939 3612 2008 Siquidem

2029 2022 2251 2077 maritus
2290 2037 2660 2093 saepenunâ€˜tero
2706 2027 2840 2084 bene
2883 2027 3107 2084 allectus
3144 2045 3268 2102 erga
3307 2031 3614 2089 defunctam

2031 2110 2129 2166 hos
2152 2115 2524 2183 amplectitur,
2553 2128 2607 2171 et
2639 2133 2822 2174 amore
2850 2119 3008 2176 simul
3051 2137 3115 2177 ac
3156 2123 3520 2179 misericordia
3560 2126 3615 2181 in
3688 2191 3696 2197 _

2028 2203 2146 2260 illos
2170 2215 2384 2275 propter
2409 2208 2688 2268 orbitatem
2715 2223 3117 2269 commovetur:
3146 2224 3200 2269 at
3230 2215 3319 2270 illa
3347 2231 3476 2272 suos
3499 2217 3618 2272 tibi-

2027 2311 2130 2363 que
2156 2297 2391 2366 prmferri
2417 2301 2566 2366 vult,
2594 2317 2656 2356 ac
2695 2318 2794 2357 nec
2832 2303 3053 2359 fratrum
3096 2305 3215 2362 illos
3253 2305 3438 2362 haberi
3467 2307 3608 2370 loco.

2027 2387 2120 2445 sed
2143 2390 2470 2460 abjectorum
2501 2393 2820 2449 famulorum
2851 2413 2865 2448 :
2898 2411 3016 2465 quae
3041 2397 3220 2452 omnia
3245 2397 3463 2454 domum
3491 2413 3618 2469 pos-

2026 2488 2151 2535 sunt
2175 2481 2505 2550 subvertere,
2536 2499 2599 2540 ac
2618 2486 2774 2539 vitam
2799 2490 2992 2542 marito
3013 2488 3262 2546 acerbam
3287 2500 3341 2545 et
3365 2489 3611 2548 infestam

2027 2569 2270 2626 reddere.
2310 2572 2596 2642 Propterea
2626 2574 2692 2631 ad
2737 2577 3051 2632 servandam
3092 2579 3388 2634 castitatem
3415 2580 3615 2636 adhorâ€”

2029 2666 2204 2714 tamur
2229 2702 2243 2726 ,
2272 2662 2315 2715 si
2344 2664 2455 2718 lieri
2499 2666 2701 2734 possit,
2729 2674 2784 2724 et
2811 2675 2871 2721 ut
2895 2667 3056 2739 priori
3096 2669 3343 2739 conjugio
3379 2672 3614 2727 contenti

2025 2751 2143 2805 sitis
2169 2793 2182 2816 ,
2217 2763 2267 2808 et
2299 2769 2472 2825 neque
2502 2757 2677 2810 mariti
2707 2772 2934 2822 uxores,
2969 2774 3139 2828 neque
3173 2775 3367 2815 uxores
3395 2764 3615 2817 maritos

2025 2843 2345 2913 adsciscant,
2390 2864 2457 2904 ne
2500 2850 2719 2906 domum
2761 2867 2912 2907 suam
2943 2867 3159 2908 omnem
3203 2867 3400 2924 susque
3442 2853 3614 2924 deque

2025 2946 2254 2994 vertant.

2108 3027 2381 3100 Virginitas
2425 3031 2533 3086 sine
2571 3033 2832 3092 virtutibus
2867 3033 2984 3089 aliis
3023 3053 3126 3090 non
3167 3038 3388 3106 prodest.
3411 3069 3481 3080 â€”
3504 3039 3616 3095 Cur
3665 3082 3676 3089 .

2024 3129 2201 3174 autem
2226 3137 2347 3177 eum
2379 3121 2446 3178 de
2472 3123 2727 3179 viduitate
2763 3124 3054 3180 dissereret
3077 3167 3092 3189 ,
3124 3127 3287 3196 priori
3326 3129 3442 3184 solo
3478 3145 3611 3185 con-

2025 3219 2204 3267 tentus
2231 3229 2336 3268 non
2369 3213 2498 3276 fuit.
2529 3229 2650 3269 cum
2676 3215 2848 3281 dixit,
2889 3213 3052 3272 Unius
3098 3217 3192 3272 viri
3220 3220 3392 3274 uxor?
3428 3219 3498 3276 Ut
3526 3221 3611 3274 iu-

2025 3304 2234 3374 telligas
2250 3304 2300 3359 id
2317 3305 2528 3359 viduam
2554 3321 2657 3360 nou
2679 3305 2875 3372 facere,
2902 3307 2944 3360 si
2969 3308 3205 3362 secundo
3224 3311 3416 3364 tnarito
3437 3311 3610 3365 solum

2025 3403 2311 3465 utcumque
2341 3412 2446 3450 non
2479 3396 2662 3461 nubat,
2694 3397 2784 3451 sed
2817 3397 2861 3450 si
2895 3397 3048 3452 bouis
3073 3398 3343 3468 cperibus,
3374 3400 3611 3456 elcemo-

2027 3496 2181 3555 syua,
2206 3483 2552 3556 benignitate,
2574 3496 2734 3556 atque
2756 3487 2946 3542 ofliciis
2967 3503 3092 3558 erga
3115 3490 3424 3559 peregrinos
3445 3491 3612 3546 abnuo

2027 3576 2137 3636 det.
2155 3578 2290 3636 Nam
2309 3581 2354 3636 si
2375 3580 2675 3652 virginibus
2693 3581 2824 3636 nihil
2872 3582 3075 3651 profuit
3098 3585 3379 3654 virginitas
3396 3582 3614 3653 (Matth.

2025 3669 2116 3739 23)
2150 3671 2384 3738 (tametsi
2419 3673 2589 3724 multo
2630 3669 2804 3735 major
2857 3680 2940 3724 est
2979 3671 3242 3727 viduitate
3287 3673 3618 3744 virginitas),

2023 3760 2116 3816 sed
2143 3775 2267 3816 cum
2296 3760 2346 3814 in
2371 3759 2704 3831 lampadibus
2734 3761 2942 3814 illarum
2975 3760 3108 3831 ignis
3133 3771 3276 3816 esset
3295 3763 3610 3828 exstinctus,

2025 3843 2311 3920 ignominia
2342 3851 2547 3905 affecta:
2579 3861 2922 3905 recesserunt
2946 3891 2962 3915 ,
2993 3853 3245 3921 quoniam
3273 3853 3615 3923 benignitatis

2024 3950 2079 3996 et
2104 3941 2460 4010 eleemosyna:
2491 3943 2717 3995 fructum
2749 3941 3004 3996 exhibere
3049 3942 3267 3997 minime
3297 3944 3610 4010 valuerttnt,

2027 4032 2195 4084 multo
2225 4031 2392 4101 magis
2417 4030 2607 4084 viduas.
2637 4031 2797 4085 Certe
2840 4045 2960 4085 cum
2993 4031 3137 4086 illam
3172 4031 3475 4100 parabolam
3514 4051 3611 4089 au-

2025 4123 2192 4176 disset
2215 4121 2428 4183 Paulus,
2457 4131 2510 4176 et
2535 4121 2755 4176 istarum
2784 4136 2942 4175 causa
2974 4123 3204 4188 timeret,
3233 4123 3493 4192 exquisite
3518 4125 3612 4177 ad-

2026 4216 2242 4270 modum
2261 4229 2371 4269 rem
2399 4213 2685 4276 examinat,
2712 4229 2778 4268 ne
2802 4214 2934 4269 forte
2955 4224 3172 4284 pt'Opter
3189 4215 3402 4270 unicum
3426 4217 3608 4270 matri-

2025 4308 2261 4364 monium
2289 4307 2389 4360 sibi
2411 4305 2741 4362 conï¬dentes
2769 4306 2999 4374 reliquas
3016 4307 3238 4360 virtutes
3262 4307 3611 4375 negligercnt.

2027 4401 2310 4471 Propterea
2333 4399 2498 4464 dicit,
2526 4397 2594 4453 lu
2634 4398 2866 4468 aperibns
2893 4398 3037 4451 bonis
3067 4400 3401 4453 testimonium
3429 4399 3615 4454 habens

2027 4494 2112 4563 (Î™.
2140 4491 2270 4546 Tim.
2295 4492 2348 4547 5.
2373 4489 2497 4562 l0).
2523 4489 2595 4546 Ut
2619 4489 2761 4543 enim
2784 4489 2978 4544 bonum
3001 4498 3082 4542 est
3099 4489 3391 4559 virginitas,
3410 4490 3611 4559 absque

2025 4587 2234 4642 caneris
2276 4594 2454 4638 autem
2495 4582 2819 4637 infructuosa
2863 4579 2957 4644 lit,
2990 4590 3043 4634 et
3084 4595 3112 4633 a
3147 4579 3385 4635 conclavi
3429 4581 3612 4649 sponsi

2026 4675 2263 4733 excludit
2295 4693 2308 4728 :
2341 4676 2419 4730 sic
2446 4682 2502 4729 et
2525 4672 2753 4728 viduitas
2784 4672 2978 4726 bonum
3008 4678 3110 4736 est,
3139 4670 3234 4726 sed
3264 4671 3383 4725 sine
3411 4671 3615 4724 virtuti-

2027 4772 2126 4826 bus
2153 4770 2360 4826 caateris
2384 4784 2515 4822 vana
2539 4783 2626 4822 res
2655 4774 2815 4821 estet
2843 4762 3130 4833 superï¬‚ua.
3164 4763 3447 4834 Propterea
3477 4763 3612 4817 Pan-

2029 4863 2114 4918 lus
2138 4861 2264 4917 dum
2295 4860 2626 4919 cohortatur,
2656 4874 2761 4912 non
2790 4870 3026 4924 eousque
3056 4855 3226 4909 solum
3258 4854 3614 4925 progreditur,

2029 4965 2086 5010 ut
2107 4969 2212 5008 non
2233 4967 2352 5010 esse
2373 4947 2891 5021 superinducendum
2918 4946 3210 5002 secundum
3233 4949 3481 5001 maritum
3503 4963 3616 5002 sua-

2028 5047 2172 5113 deat,
2203 5044 2297 5101 sed
2322 5052 2379 5101 et
2404 5043 2508 5099 alia
2536 5043 2684 5114 plura
2713 5051 2767 5096 et
2797 5038 2998 5109 majora
3030 5038 3251 5108 requirit
3279 5053 3309 5091 a
3339 5038 3514 5093 vidua.
3550 5038 3616 5094 Et

2028 5137 2475 5211 quemadmodum
2505 5135 2579 5202 ii,
2607 5134 2696 5205 qui
2729 5133 2952 5188 militum
2974 5130 3235 5187 delectum
3264 5129 3477 5196 habent,
3500 5146 3617 5184 ror-

2029 5232 2176 5303 poris
2205 5231 2396 5286 bonam
2428 5226 2794 5284 habitudinem
2824 5225 3099 5295 requirunt
3129 5240 3141 5277 :
3174 5225 3242 5277 ita
3273 5223 3358 5280 hic
3383 5264 3398 5290 ,
3429 5224 3516 5293 qui
3549 5222 3614 5277 ad

2030 5328 2320 5385 exercitum
2336 5325 2536 5382 Christi
2572 5324 2710 5380 hanc
2741 5322 2946 5392 deligit,
2969 5321 3160 5378 bonam
3196 5321 3388 5378 anima:
3410 5321 3620 5377 habitu-

2030 5423 2210 5476 dinem
2232 5419 2530 5490 requisivit,
2554 5427 2610 5476 et
2633 5416 3020 5480 fortitudinem,
3044 5425 3098 5471 et
3123 5415 3174 5471 in
3197 5415 3444 5472 omnibus
3467 5416 3621 5472 bonis

2030 5514 2283 5585 Operibus
2301 5511 2560 5578 studium,
2588 5511 2660 5565 ita
2689 5509 2872 5565 dicens
2897 5526 2912 5564 :
2942 5508 3003 5564 Si
3021 5509 3158 5578 ï¬lios
3177 5508 3429 5573 educauit,
3459 5509 3505 5565 si
3531 5510 3623 5563 Î™Î¹Î¿-

2031 5606 2183 5676 spitio
2213 5603 2420 5675 rscepit,
2447 5604 2492 5657 si
2510 5611 2800 5657 sanctorum
2832 5599 2981 5671 pedes
3011 5600 3151 5666 lavit,
3179 5598 3225 5654 si
3248 5597 3622 5654 tribulationem

2032 5695 2336 5766 patientibus
2364 5693 2794 5761 subministravit,
2825 5692 2868 5749 si
2895 5709 3039 5747 omne
3068 5708 3194 5764 opus
3225 5693 3408 5747 bonum
3436 5705 3620 5747 sedata
