4082 6212
487 281 592 342 δτι

489 412 581 456 est.
633 395 841 452 Etenim
891 391 1298 460 unumquodque
1340 392 1558 445 istorum
1608 387 1804 443 nudum
1853 388 2062 458 quidem

491 501 612 542 esse
635 500 823 538 nomen
846 481 1073 546 videtur,
1097 480 1189 535 sed
1222 479 1440 533 multam
1467 480 1519 533 in
1549 469 1725 547 seipso
1748 478 1908 531 vitam
1931 492 2064 531 con-

490 578 644 632 tinet.

565 668 618 721 7.
667 665 846 720 Vidua:
891 663 942 716 in
982 661 1254 715 educandis
1291 660 1460 715 liberis
1488 660 1618 714 laus.
1645 690 1718 700 —
1745 660 1821 714 Ac
1844 659 1888 715 si
1917 657 2066 712 vide-

493 767 598 823 tur,
625 759 845 825 primum
867 753 1214 817 excutiamus,
1240 751 1378 820 quod
1407 751 1494 804 ille
1522 751 1690 818 primo
1710 749 1830 803 loco
1853 750 2062 818 posuit:

495 849 556 902 Si
581 848 715 916 filio:
741 845 986 898 educavit.
1020 842 1395 896 Educationem
1427 842 1568 895 enim
1601 839 1773 892 innuit
1797 855 1901 892 non
1933 837 2068 891 hanc

490 938 807 1007 simplicem.
838 951 994 1004 quam
1019 933 1204 1002 vulgus
1231 941 1448 998 censet,
1479 932 1603 985 dum
1637 931 1774 985 fame
1798 931 2069 984 confectos

493 1030 692 1084 liberos
733 1044 837 1081 non
885 1025 1241 1094 negligimus:
1277 1024 1377 1077 huc
1419 1023 1559 1077 enim
1607 1037 1675 1076 ne
1717 1022 1827 1090 ipsa
1857 1020 2067 1089 quidem

494 1131 694 1174 natura:
734 1117 1023 1172 necessitas
1059 1128 1306 1182 umquam
1334 1113 1504 1166 omitti
1535 1112 1847 1182 permittet:
1877 1125 1982 1180 quo
2013 1110 2072 1164 fit

494 1223 555 1267 ut
580 1226 752 1280 neque
765 1208 1026 1263 mandatis
1042 1207 1145 1261 hac
1169 1205 1235 1259 de
1247 1220 1403 1259 causa
1433 1204 1503 1258 sit
1529 1220 1664 1273 opus
1687 1213 1740 1258 et
1770 1202 1992 1271 legibus,
2016 1211 2073 1256 ut

494 1319 644 1360 suam
667 1303 869 1373 prolem
892 1299 1122 1354 educent
1142 1297 1352 1363 viduae;
1376 1296 1467 1350 sed
1490 1296 1706 1365 justitize
1725 1310 1928 1353 curam.
1951 1294 2074 1349 edu-

493 1395 756 1449 cationem
786 1407 906 1445 eum
939 1391 1133 1459 pietate
1167 1388 1268 1442 hoc
1299 1389 1416 1442 loco
1455 1387 1699 1456 intelligit
1729 1404 1743 1440 :
1775 1386 1913 1456 quod
1945 1386 2074 1440 alio-

496 1485 619 1548 quin
643 1498 740 1546 eas,
765 1497 881 1550 qua:
907 1480 1006 1534 hoc
1027 1489 1180 1549 pacto
1202 1493 1306 1532 non
1332 1477 1580 1542 educant,
1607 1476 1884 1546 parricida:
1903 1476 2076 1545 potius

498 1575 622 1640 sint,
648 1588 806 1643 quam
837 1582 1051 1626 matres.
1082 1571 1190 1625 Hoc
1217 1585 1321 1623 non
1348 1569 1413 1623 ad
1439 1569 1689 1623 mulieres
1713 1578 1913 1622 tantum
1939 1584 1970 1622 a
1992 1583 2076 1623 tne

497 1668 689 1722 dictum
711 1676 812 1730 est,
837 1664 927 1717 sed
947 1665 1106 1718 etiam
1132 1663 1194 1717 ad
1220 1663 1386 1717 viros.
1415 1661 1685 1730 Siquidem
1707 1661 1854 1716 multi
1877 1671 2074 1730 patres,

496 1768 554 1812 ut
578 1758 745 1811 bonus
771 1771 938 1826 equus
968 1755 1076 1807 filio
1102 1753 1398 1816 obvenirct,
1425 1763 1476 1805 et
1509 1761 1565 1805 ut
1588 1751 1732 1805 ardes
1759 1750 2074 1820 magnificaa,

500 1858 554 1900 et
582 1846 835 1917 pra-dium
877 1844 1051 1914 magni
1095 1843 1279 1912 pretii,
1307 1853 1496 1896 cuncta
1543 1842 1735 1895 faciunt
1775 1850 1929 1911 atque
1961 1857 2079 1893 tno-

503 1936 703 1991 liuntur
731 1956 742 1990 :
779 1945 834 1989 ut
862 1946 1035 1988 autem
1059 1937 1234 1988 anima
1262 1935 1378 2001 ejus
1406 1932 1539 1985 bona
1573 1933 1680 1995 fiat,
1708 1941 1762 1986 et
1789 1933 1928 2000 pium
1962 1947 2082 1999 pro-

499 2031 747 2098 positum,
778 2027 970 2082 nullius
995 2026 1140 2094 pensi
1177 2025 1393 2079 habent.
1421 2025 1486 2077 Et
1507 2023 1607 2077 hoc
1637 2032 1717 2076 est
1744 2023 1883 2091 quod
1911 2030 2078 2075 totum

498 2121 754 2175 nmndum
799 2120 1054 2173 subvertit
1078 2159 1092 2180 ,
1124 2117 1264 2188 quod
1309 2126 1516 2171 nostros
1545 2115 1744 2170 liberos
1787 2130 1890 2168 non
1931 2129 2084 2168 cure-

499 2226 637 2276 mus,
661 2220 715 2265 et
745 2211 1138 2279 possessionum
1166 2223 1433 2279 opumque
1461 2208 1695 2276 ipsorum
1724 2223 1904 2262 curam
1932 2221 2084 2277 gera-

499 2319 616 2358 mus
636 2344 650 2367 ,
680 2303 770 2356 sed
814 2303 1050 2372 ipsorum
1093 2302 1321 2355 animam
1364 2301 1689 2370 negligamus
1709 2343 1725 2364 ,
1755 2310 1808 2354 et
1835 2308 2084 2354 extrema:

501 2392 782 2448 dementia:
806 2393 1006 2446 facinus
1026 2393 1386 2446 admittamus.
1421 2391 1549 2445 Nam
1575 2392 1941 2460 possessiones
1966 2391 2084 2460 qui-

499 2485 622 2540 dem
650 2485 757 2538 siut
784 2484 902 2537 licet
924 2484 1103 2538 multa:
1128 2499 1189 2537 ac
1218 2492 1563 2552 sumptuosm,
1590 2484 1633 2537 si
1663 2484 1860 2553 probus
1889 2499 1994 2538 non
2021 2484 2090 2538 sit

504 2590 567 2628 ac
593 2574 884 2631 studiosus.
911 2574 998 2642 qui
1025 2589 1144 2626 cum
1173 2575 1364 2626 virtute
1396 2573 1556 2642 possit
1579 2589 1669 2626 eas
1695 2574 2087 2639 administrare,

509 2681 692 2720 omnes
715 2680 832 2718 cum
867 2665 982 2734 ipso
1008 2664 1254 2733 peribunt
1279 2673 1330 2718 et
1359 2673 1674 2718 evanescent
1699 2705 1714 2729 ,
1738 2679 1802 2717 ac
1825 2678 2089 2717 summum

505 2757 802 2825 possessori
826 2755 1076 2807 damnum
1096 2753 1328 2809 infereut
1356 2771 1369 2806 :
1401 2755 1480 2807 sin
1502 2762 1678 2809 autem
1709 2769 1963 2823 generosa
1983 2755 2093 2810 fue-

513 2849 580 2900 rit
601 2856 654 2901 et
681 2847 891 2914 sapiens
914 2847 1107 2911 anima,
1141 2845 1260 2898 licet
1291 2845 1418 2898 nihil
1442 2846 1580 2898 intus
1606 2845 1672 2898 sit
1704 2846 1752 2898 in
1785 2855 2095 2913 promptua-

505 2942 599 2994 riis
646 2940 996 3000 reconditum,
1039 2938 1273 2991 omnium
1313 2938 1449 2991 bona
1487 2946 1597 2992 tuto
1629 2940 1819 3006 poterit
1843 2940 2090 2992 retinere.

517 3029 649 3084 Illud
683 3028 839 3098 igitur
866 3027 1211 3095 spectandum
1258 3036 1379 3092 est,
1414 3043 1516 3080 non
1563 3043 1666 3094 quo
1699 3037 1850 3096 pacto
1876 3038 2098 3098 argento

504 3130 559 3175 et
586 3135 716 3173 auro
739 3159 754 3185 ,
787 3128 839 3172 et
867 3119 1024 3172 rebus
1053 3118 1312 3185 ejusmodi
1345 3119 1632 3186 locupletes
1661 3135 1755 3173 eos
1784 3119 2088 3184 reddamus,

504 3213 597 3269 scd
628 3229 734 3282 quo
776 3221 928 3281 pacto
969 3213 1162 3280 pietate
1203 3226 1265 3264 ac
1308 3211 1657 3280 temperantia
1683 3251 1698 3274 ,
1733 3211 2092 3279 virtutumque

504 3304 854 3375 acquisitione
879 3301 1129 3356 ditissimi
1173 3303 1408 3356 omnium
1453 3303 1579 3354 tiant
1607 3319 1619 3353 :
1651 3317 1757 3370 quo
1795 3313 1946 3370 pacto
1974 3302 2094 3366 fiat,

511 3407 568 3450 tit
589 3397 768 3450 multis
798 3411 902 3448 non
933 3395 1194 3463 indigeant
1217 3433 1232 3458 ,
1263 3401 1320 3446 ut
1347 3407 1436 3446 res
1465 3393 1644 3446 smculi
1675 3393 1830 3460 hujus
1861 3401 1913 3446 et
1936 3406 2101 3446 novas

511 3488 832 3555 cupiditates
863 3501 966 3537 non
1010 3485 1138 3537 tanti
1178 3483 1388 3536 faciant.
1429 3484 1493 3536 Et
1526 3484 1796 3551 ingressus
1837 3499 2018 3536 eorum
2050 3492 2103 3536 et

511 3591 764 3646 egressus
793 3575 1074 3642 diligenter
1100 3582 1154 3626 et
1175 3573 1385 3625 curiose
1413 3573 1830 3625 considerandus
1853 3583 1953 3637 est,
1987 3574 2104 3640 qui-

513 3666 736 3720 buscum
761 3671 1060 3727 versentur,
1089 3662 1176 3729 qui
1206 3659 1490 3714 familiares
1516 3661 1617 3714 illis
1644 3661 1767 3725 sint,
1797 3676 1916 3714 cum
1942 3663 2100 3716 intel-

521 3759 764 3826 ligamus,
796 3756 838 3807 si
871 3753 986 3807 hate
1012 3769 1039 3805 a
1071 3753 1224 3806 nobis
1264 3754 1499 3822 neglecta
1533 3751 1744 3817 fuerint,
1780 3755 1976 3808 nullam
2006 3772 2103 3810 nos

511 3863 541 3901 a
590 3846 702 3901 Deo
747 3845 954 3898 veniam
996 3844 1386 3913 impetraturos.
1428 3843 1557 3897 Nam
1623 3845 1665 3898 si
1712 3861 1832 3899 cum
1880 3847 2104 3902 aliorum

513 3954 695 3993 curam
743 3953 847 3990 non
905 3939 1261 4005 gesserimus,
1323 3951 1492 4005 paena:
1551 3951 1580 3989 a
1631 3937 1785 3992 nobis
1827 3939 2108 4007 exiguntur

520 4035 538 4105 (
562 4033 726 4086 Nemo
752 4032 883 4085 enim
911 4030 1046 4099 quod
1070 4047 1217 4082 suum
1241 4039 1332 4094 est,
1365 4039 1580 4099 quazrat,
1614 4032 1782 4099 inquit
1809 4031 2098 4100 apostolus,

515 4126 603 4178 scd
628 4127 762 4190 quod
802 4121 1046 4190 alterius)
1076 4119 1166 4191 (1.
1199 4117 1319 4174 Cor.
1356 4119 1442 4174 10.
1470 4120 1601 4188 21),
1635 4130 1832 4189 quanto
1870 4123 2034 4192 magis
2061 4123 2104 4177 si

519 4216 806 4270 liberorum
836 4227 1017 4266 curam
1064 4227 1167 4265 non
1211 4211 1571 4280 gesserimus?
1617 4210 1802 4266 Nonne
1840 4213 2010 4281 ipsutn
2055 4213 2105 4267 in

519 4307 625 4360 tuis
654 4305 858 4360 mdibus
883 4303 951 4358 ab
980 4303 1128 4358 initio
1155 4302 1429 4366 Collocavi,
1461 4301 1666 4371 inquit?
1693 4317 1869 4356 nonne
1897 4312 1947 4356 te
1975 4319 2110 4372 prae-

515 4409 786 4467 ceptorem
811 4438 827 4464 ,
857 4395 1166 4466 praefectum
1212 4403 1266 4448 et
1302 4402 1600 4448 curatorem
1627 4393 1928 4463 etjudicem
1954 4394 2026 4446 illi
2059 4403 2109 4448 te

527 4491 787 4562 praefeci?
816 4506 1030 4546 omnem
1065 4491 1116 4544 in
1159 4489 1304 4542 illum
1340 4495 1654 4557 potestatem
1687 4489 1739 4540 in
1777 4501 1964 4540 manus
1995 4497 2109 4541 tuas

519 4583 801 4638 transtuli?
827 4583 1094 4638 Tenerum
1136 4581 1311 4636 adhuc
1333 4579 1771 4635 conformandum
1805 4595 1868 4635 ac
1905 4579 2110 4652 tingen-

520 4674 646 4729 dum
685 4675 928 4728 commisi
961 4691 974 4728 :
1006 4689 1108 4743 qua
1140 4673 1288 4726 venia
1317 4673 1508 4742 dignus
1539 4673 1645 4727 eris
1683 4673 1728 4726 si
1760 4673 2106 4728 reluctantem

517 4766 666 4820 illum
701 4765 1040 4834 neglexeris?
1080 4763 1214 4831 Quid
1263 4765 1406 4818 enim
1445 4765 1622 4818 dicere
1655 4765 1893 4833 poteris?
1926 4764 2108 4819 Refre-

517 4870 643 4912 natu
670 4855 937 4911 difficilem
981 4864 1035 4909 et
1079 4870 1325 4924 asperum
1373 4854 1519 4908 illum
1560 4854 1716 4909 esse?
1760 4857 1829 4908 At
1879 4854 1992 4908 lucc
2041 4854 2109 4908 ab

517 4949 669 5004 initio
701 4945 981 5019 prtevideri
1021 4949 1289 5016 oportuit,
1330 4957 1384 5001 et
1426 4948 1638 5018 quando
1685 4947 1834 5002 freno
1870 4947 2106 5003 cohiberi

518 5048 751 5108 poterat,
779 5053 900 5093 cum
925 5037 1138 5105 juvenis
1165 5036 1450 5092 admodum
1482 5047 1643 5104 esset,
1676 5054 1796 5092 eum
1824 5038 2109 5110 diligenter

521 5131 760 5196 frenari,
811 5141 865 5187 et
903 5126 1081 5185 ollicio
1125 5145 1223 5185 suo
1262 5129 1406 5200 fungi
1451 5131 1723 5186 assuelieri
1751 5173 1766 5197 ,
1797 5131 2108 5198 informari,

522 5224 723 5280 morbis
748 5222 865 5292 ejus
907 5224 1100 5277 animae
1144 5221 1438 5276 remedium
1485 5221 1748 5277 adhiberi.
1781 5223 2004 5290 Quando
2031 5225 2110 5280 fa-

522 5317 678 5370 cilior
705 5324 819 5370 erat
842 5313 1149 5385 agricolatio
1172 5352 1187 5376 ,
1219 5321 1328 5366 tum
1374 5313 1600 5368 resecari
1632 5316 1812 5384 spinas
1839 5317 2070 5384 oportuit
2093 5357 2107 5381 ,

524 5406 757 5476 quando,
784 5422 902 5461 cmn
936 5414 1116 5460 tenera
1144 5413 1284 5458 esset
1311 5412 1460 5469 mtas,
1494 5403 1695 5459 facilius
1721 5405 2108 5470 evellebantur,

531 5513 701 5566 neque
726 5499 1001 5568 passiones
1029 5495 1304 5566 neglectae,
1333 5506 1385 5550 ct
1413 5505 1604 5562 auctae,
1633 5505 1941 5565 expugnato
1966 5495 2109 5548 difti-

533 5586 663 5639 ciles
692 5588 1004 5643 evasissent.
1038 5589 1240 5647 Idcirco
1254 5587 1380 5642 dicit
1411 5604 1424 5642 :
1455 5587 1620 5644 Curva
1645 5605 1676 5639 α
1705 5586 1923 5656 pueritia
1947 5585 2107 5640 cervi-

527 5690 634 5729 cem
654 5680 760 5743 ejus
790 5676 974 5746 (Ercli.
1001 5682 1052 5733 7.
1077 5681 1200 5749 ‘25),
1234 5680 1442 5750 quando
1468 5679 1670 5735 facilius
1690 5689 1861 5751 potest
1884 5685 2099 5743 erudiri.

1201 279 1257 334 S.
1296 274 1574 334 JOANNIS
1621 270 2096 330 CHRYSOSTOMI
2149 264 2464 326 ARCIIIEP.
2504 261 3038 324 CONSTANTINOP.

3650 263 3759 321 ἕως

2181 387 2360 456 Neque
2385 401 2512 440 vero
2542 384 2776 452 praecipit
2807 391 3010 436 tantum
3034 421 3050 446 ,
3081 379 3175 435 sed
3202 388 3255 434 et
3281 380 3392 450 ipse
3416 388 3591 436 tecum
3621 388 3760 448 opus

2177 476 2494 547 aggreditur.
2516 475 2633 542 Quo
2663 471 2873 526 tandem
2900 471 3087 541 pacto?
3116 469 3218 536 Qui
3247 469 3500 524 maledicit
3528 477 3663 541 patrt
3684 484 3762 525 vet

2176 572 2363 632 matri,
2395 567 2599 635 inquit,
2640 572 2800 617 morte
2840 571 3008 632 pereat
3053 559 3256 631 (Exod.
3294 559 3385 614 21.
3426 560 3552 628 17).
3598 559 3762 615 Vides

2175 669 2426 730 quantum
2457 658 2558 712 illis
2585 657 2828 710 timorem
2871 651 3189 707 incuswrit?
3226 661 3476 720 quantam
3516 652 3754 705 formidi

2177 766 2296 804 nem
2324 747 2619 817 objecerit?
2645 761 2800 814 quam
2831 743 3029 813 potenti
3077 742 3301 809 imperio
3347 742 3548 811 pollere
3578 750 3631 796 te
3655 756 3760 795 γοα

2176 841 2370 895 luerit?
2406 839 2572 906 Quam
2603 853 2699 903 nos
2725 837 2883 905 igitur
2909 836 3306 888 excusationem
3341 833 3634 887 obtendere
3664 848 3762 900 po-

2178 937 2417 999 terimus,
2448 947 2568 986 cum
2599 931 2713 999 ipse
2741 928 2976 998 quidem,
3006 927 3048 980 si
3082 941 3177 979 nos
3204 925 3498 978 afficiantur
3525 925 3718 993 injuria
3746 967 3763 988 ,

2179 1041 2245 1079 ne
2281 1026 2402 1077 vine
2427 1021 2638 1091 quidem
2693 1028 2868 1088 parcat
2919 1017 3152 1087 ipsorum
3183 1034 3195 1069 :
3229 1029 3325 1069 nos
3369 1027 3542 1068 autem
3564 1055 3584 1079 ,
3613 1015 3658 1068 si
3695 1016 3769 1068 ab

2177 1118 2280 1171 illis
2305 1117 2412 1169 Deo
2442 1114 2696 1167 inferatur
2734 1110 2922 1179 injuria
2941 1150 2956 1175 ,
2986 1124 3052 1164 ne
3080 1123 3397 1162 succensere
3419 1107 3633 1176 quidem
3660 1108 3767 1162 illis

2177 1205 2438 1261 velimus?
2468 1205 2578 1272 Ego
2612 1217 2710 1257 nec
2735 1201 2980 1256 occidere
3006 1201 3151 1254 illum
3176 1215 3367 1254 recuso
3386 1241 3402 1264 ,
3434 1200 3521 1267 qui
3553 1211 3607 1254 te
3631 1201 3762 1254 affe-

2177 1298 2251 1352 cit
2295 1295 2482 1364 injuria
2515 1317 2528 1347 :
2561 1303 2614 1347 tu
2644 1307 2774 1346 vero
2819 1308 2885 1347 ne
2914 1292 3088 1345 verbis
3129 1291 3342 1358 quidem
3386 1291 3535 1344 illum
3563 1293 3769 1346 contri-

2180 1397 2324 1442 stare
2345 1386 2597 1455 dignaris,
2621 1385 2810 1452 inquit,
2834 1399 2862 1436 a
2884 1399 2990 1452 quo
3009 1383 3153 1452 leges
3164 1397 3301 1442 mea:
3321 1383 3606 1437 violantnr.
3633 1383 3766 1438 Num

2182 1481 2298 1534 haec
2320 1480 2470 1534 venia
2496 1479 2687 1545 digna?
2714 1477 2874 1532 Vides
2903 1477 3040 1531 afﬁci
3071 1477 3388 1531 contumelia
3416 1475 3729 1532 Creatorem
3751 1521 3767 1541 ,

2181 1586 2280 1626 nec
2311 1571 2600 1640 indignaris
2622 1611 2636 1634 ,
2672 1584 2843 1639 neque
2870 1577 3036 1622 terres
3059 1610 3074 1633 ,
3101 1583 3201 1623 nec
3225 1569 3596 1636 reprehendis,
3628 1585 3766 1638 prm-

2182 1663 2363 1716 sertim
2395 1678 2512 1716 cum
2555 1661 2814 1730 intelligas
2840 1661 2943 1715 hoc
2983 1677 3013 1715 a
3043 1661 3152 1715 Deo
3194 1660 3355 1715 fuisse
3394 1661 3723 1730 prohibitmn
3746 1703 3766 1728 ,

2184 1770 2288 1808 non
2317 1754 2457 1823 quod
2487 1753 2574 1806 ille
2603 1753 2869 1823 quidpiam
2899 1751 3202 1806 detrimenti
3234 1753 3474 1821 patiatur,
3512 1753 3602 1818 qui
3637 1768 3766 1806 con-

2186 1845 2455 1899 tumeliam
2500 1845 2704 1912 accepit
2733 1844 2946 1913 (neque
2987 1843 3127 1896 enim
3164 1843 3367 1897 Numen
3414 1843 3649 1898 interitui
3693 1855 3769 1898 est

2185 1935 2544 2004 obnoxium),
2583 1933 2677 1988 sed
2721 1943 2937 2002 propter
2977 1934 3202 1988 salutem
3250 1934 3447 2003 ipsius?
3486 1935 3585 2001 Qui
3629 1937 3771 1989 enim

2187 2027 2366 2096 inique
2395 2041 2453 2080 se
2482 2025 2616 2095 gerit
2659 2025 2709 2079 in
2757 2025 2919 2078 Deum
2956 2035 3010 2078 et
3047 2024 3274 2090 stolide,
3308 2025 3475 2079 multo
3507 2027 3681 2095 magis
3723 2028 3773 2079 in

2189 2128 2391 2187 patrem
2409 2133 2562 2171 suum
2585 2126 2638 2172 ct
2661 2117 2712 2170 in
2741 2132 2888 2170 suam
2913 2116 3078 2186 ipsius
3099 2116 3328 2170 animam
3352 2117 3777 2171 contumeliasus

2187 2219 2241 2265 et
2268 2209 2502 2263 insolens
2528 2223 2646 2264 esse
2673 2208 2890 2277 poterit.

2259 2305 2314 2358 8.
2343 2302 2419 2357 Ne
2449 2303 2605 2373 igitur
2629 2311 3065 2366 contemnamus,
3106 2316 3226 2354 cum
3257 2301 3493 2355 sciamus
3515 2303 3629 2354 fore
3654 2343 3670 2367 ,
3722 2310 3778 2355 nt

2191 2395 2235 2448 si
2261 2410 2385 2464 erga
2415 2394 2580 2447 Deum
2611 2401 2755 2446 recte
2780 2407 2837 2446 se
2864 2392 3162 2461 gesserint,
3194 2393 3351 2444 etiam
3380 2392 3432 2444 in
3465 2391 3528 2444 iis
3557 2408 3679 2461 qua:
3708 2393 3772 2445 ad

2193 2485 2330 2540 hanc
2363 2486 2521 2538 vitam
2557 2484 2824 2552 pertinent
2858 2482 3097 2552 celebres
3145 2482 3251 2535 sint
3289 2491 3344 2536 et
3384 2483 3636 2536 illustres.
3679 2484 3782 2549 Qui

2193 2577 2334 2629 enim
2366 2576 2527 2628 vitam
2569 2589 2688 2627 cutn
2733 2574 2926 2627 virtute
2955 2574 3320 2641 modestiaque
3363 2572 3626 2637 traducit,
3657 2589 3780 2627 eum

2195 2681 2380 2721 omnes
2408 2675 2721 2720 reverentur
2764 2673 2817 2718 et
2843 2664 3060 2729 colunt,
3103 2665 3172 2717 sit
3210 2665 3330 2716 licet
3369 2665 3604 2718 omnium
3648 2679 3783 2732 pau-

2198 2760 2459 2829 perrimus
2480 2800 2494 2822 ,
2525 2759 2661 2810 sicut
2690 2757 2987 2825 improbum
3016 2772 3077 2810 ac
3099 2757 3441 2824 depravatum
3469 2765 3785 2811 aversantur

2198 2863 2250 2907 et
2277 2851 2402 2905 odio
2433 2861 2823 2920 prosequuntur
2853 2864 3060 2913 omnes,
3093 2850 3214 2902 licet
3241 2849 3430 2917 opibus
3470 2848 3649 2901 multis
3679 2850 3782 2901 cir-

2199 2943 2468 2999 cuntiluat.
2491 2942 2669 3012 Neque
2691 2943 2859 2995 solum
2884 2940 3091 2996 creteris
3119 2939 3421 2993 hominibus
3446 2939 3786 2993 venerandus

2201 3037 2320 3100 erit,
2352 3037 2442 3090 sed
2473 3036 2561 3089 tibi
2593 3035 2709 3102 ejus
2736 3033 2939 3103 parenti
2967 3033 3068 3087 crit
3096 3032 3290 3096 carior,
3325 3046 3442 3084 cum
3469 3040 3664 3100 praeter
3696 3045 3791 3082 na-

2203 3137 2374 3181 turam
2421 3126 2589 3180 nihilo
2632 3126 2891 3178 minorem
2927 3124 3120 3178 habeat
3165 3123 3499 3176 occasionem
3547 3123 3748 3175 amoris
3774 3162 3789 3183 ,

2203 3218 2369 3287 ipsam
2411 3219 2705 3271 virtutem:
2740 3231 2910 3284 neque
2954 3231 3082 3268 vero
3125 3215 3296 3268 solum
3339 3214 3547 3276 carior,
3595 3212 3690 3266 sed
3737 3219 3791 3266 et

2204 3308 2383 3362 utilior
2413 3308 2514 3361 erit
2543 3307 2633 3361 tibi
2659 3306 2782 3360 dum
2813 3307 2974 3368 colet,
3009 3306 3134 3359 dum
3165 3305 3439 3368 inserviet,
3469 3304 3592 3357 dum
3621 3304 3672 3356 in
3701 3319 3790 3357 se-

2204 3409 2417 3456 nectute
2439 3399 2776 3454 sustentabit.
2803 3397 2873 3453 Ut
2901 3399 3042 3452 enim
3067 3397 3153 3466 qui
3177 3407 3301 3450 sunt
3333 3398 3381 3449 in
3413 3397 3576 3449 Deum
3608 3395 3790 3463 injurii
3850 3446 3856 3452 ,ί

2204 3501 2259 3546 et
2289 3491 2499 3559 ingrati,
2522 3492 2680 3544 etiam
2713 3498 2961 3558 parentes
2990 3499 3340 3558 aspernantur
3367 3505 3381 3542 :
3417 3489 3483 3540 ita
3510 3487 3597 3556 qui
3628 3502 3788 3539 suum

2207 3582 2547 3636 Conditorem
2575 3582 2782 3646 colunt,
2815 3583 3082 3649 ingentem
3124 3579 3446 3649 genitoribus
3471 3578 3579 3630 suis
3606 3576 3788 3629 hono-

2209 3691 2320 3730 rem
2349 3673 2615 3729 deferunt.
2648 3673 2712 3729 Ut
2745 3675 2902 3744 igitur
2921 3682 2972 3727 ct
2996 3672 3134 3741 apud
3169 3675 3323 3726 Deum
3357 3678 3408 3724 et
3437 3668 3575 3738 apud
3607 3668 3791 3722 bomb-

2209 3781 2306 3819 nes
2336 3766 2471 3820 bene
2509 3764 2694 3818 audias
2715 3803 2730 3826 ,
2761 3763 2962 3833 tibique
2992 3763 3151 3815 vitam
3188 3760 3474 3831 jucundam
3503 3759 3664 3812 facias
3685 3800 3700 3820 ,
3726 3773 3792 3812 ac

2209 3855 2401 3911 futuris
2431 3858 2604 3926 pmnis
2636 3856 2896 3918 libereris,
2925 3855 3066 3907 omni
3103 3855 3272 3923 ipsum
3292 3853 3469 3906 studio
3494 3851 3631 3906 cole.
3657 3850 3799 3904 Nam

2210 3964 2304 4003 eos
2333 3947 2544 4017 quidem
2575 3946 2663 4016 qui
2695 3945 2984 4000 liberorum
3016 3960 3198 3999 curam
3243 3960 3347 3997 non
3377 3944 3670 4014 gesserint,
3715 3953 3793 3995 ta-

2211 4038 2366 4092 metsi
2394 4037 2717 4107 cmteroquin
2749 4036 2974 4090 modesti
3002 4035 3199 4091 fuerint
3227 4044 3386 4105 atque
3413 4035 3691 4097 moderati,
3724 4034 3800 4087 ob

2213 4130 2348 4184 istud
2377 4139 2651 4199 peccatum
2685 4144 2868 4197 pinnas
2895 4129 3235 4199 gravissimas
3261 4129 3502 4193 luituros,
3528 4143 3592 4182 ex
3623 4127 3798 4181 veteri

2211 4221 2474 4275 constabit
2499 4219 2715 4274 historia
2739 4261 2753 4282 ,
2786 4236 2941 4289 quam
2975 4223 3224 4274 narrabo.

2287 4313 2406 4368 Heli
2435 4324 2578 4382 pater
2606 4314 2756 4367 nimis
2776 4315 3062 4384 indulgens.
3086 4344 3156 4354 —
3177 4313 3438 4370 Sacerdos
3466 4312 3563 4366 fuit
3580 4314 3795 4381 quidam

2211 4405 2350 4475 apud
2372 4404 2584 4459 Judteos
2607 4405 2932 4474 cmteroquin
2958 4404 3254 4470 modestus,
3284 4420 3348 4460 ac
3372 4405 3531 4469 lenis,
3557 4405 3667 4458 Heli
3696 4421 3795 4457 no—

2214 4498 2374 4551 mine.
2434 4496 2567 4551 Huic
2608 4496 2766 4568 igitur
2812 4497 2929 4552 l-leli
2968 4498 3074 4552 duo
3114 4497 3325 4552 fuerunt
3364 4497 3556 4563 liberi,
3597 4497 3686 4566 qui
3733 4496 3797 4550 ad

2212 4603 2478 4642 summum
2526 4587 2882 4658 improbitatis
2927 4588 3196 4659 fastigium
3241 4597 3646 4658 pervenerant:
3680 4587 3798 4643 illos

2214 4689 2390 4733 autem
2418 4695 2520 4732 nou
2552 4680 2872 4747 reprimebat
2901 4680 3007 4746 ille,
3037 4695 3138 4735 nec
3165 4679 3515 4749 prohibebat:
3540 4681 3646 4733 imo
3671 4695 3798 4734 vero

2216 4770 2541 4838 reprimebat
2577 4771 2667 4825 ille
2692 4771 2906 4841 quidem
2931 4811 2946 4837 ,
2990 4783 3148 4841 atque
3187 4771 3534 4841 prohibebat,
3566 4770 3660 4825 sed
3693 4785 3795 4828 non

2216 4869 2358 4914 tanta
2386 4877 2507 4916 cum
2537 4861 2807 4930 diligentia
2842 4873 2897 4917 et
2923 4863 3252 4918 vehementia
3274 4904 3290 4928 ,
3319 4873 3510 4932 quanta
3541 4878 3676 4932 opus
3706 4862 3804 4917 fuit

2215 4951 2290 5019 (1.
2323 4951 2450 5022 Reg.
2479 4952 2534 5005 2.
2566 4953 2677 5021 11).
2713 4951 2842 5006 Cum
2871 4954 3014 5008 enim
3049 4955 3228 5024 ﬂagris
3255 4955 3465 5007 czcdcre
3491 4954 3798 5019 debuisset,

2215 5043 2374 5096 domo
2418 5052 2636 5112 paterna
2673 5043 2868 5113 ejicere
2892 5085 2904 5106 ,
2938 5060 3151 5098 onmem
3193 5045 3544 5099 correctionis
3583 5044 3796 5098 modum

2215 5134 2506 5200 adhibere,
2553 5135 2932 5189 cohortabatur
2969 5137 3143 5189 solum
3186 5145 3242 5190 et
3277 5136 3589 5190 consulebat
3622 5138 3692 5190 ita
3716 5136 3800 5189 di—

2215 5240 2374 5278 cens:
2401 5223 2501 5286 Ne,
2539 5226 2651 5290 filii,
2682 5243 2743 5278 ne
2771 5227 2840 5278 ita
2869 5227 3072 5293 faciatis
3103 5241 3121 5279 :
3149 5226 3388 5293 quoniam
3418 5243 3519 5278 non
3550 5229 3680 5279 bona
3707 5241 3801 5277 au-

2216 5316 2362 5378 ditio,
2396 5333 2545 5386 quant
2574 5317 2726 5368 audio
2765 5316 2828 5368 de
2864 5317 2999 5369 vobis
3026 5318 3102 5384 (1.
3139 5315 3265 5386 Reg.
3288 5316 3344 5369 2.
3376 5316 3494 5385 21).
3525 5317 3661 5381 Quid
3684 5313 3799 5370 ais?

2221 5405 2384 5458 Deum
2414 5407 2602 5475 injuria
2629 5406 2923 5461 affecerunt
2945 5447 2961 5460 .
2992 5417 3046 5462 et
3083 5409 3217 5462 filios
3243 5409 3520 5478 appellas?
3547 5409 3798 5461 Condito—

2215 5509 2328 5548 rem
2361 5497 2669 5564 ignorarunt
2689 5540 2704 5555 .
2733 5505 2785 5550 ct
2817 5507 2870 5550 ιιι
2912 5499 3360 5570 propinquitatem
3393 5500 3602 5554 illorum
3631 5514 3796 5569 agno-

2217 5586 2358 5640 scis?
2399 5588 2682 5658 Propterea
2731 5589 2892 5656 dicit,
2937 5606 3056 5645 eum
3101 5609 3205 5646 non
3248 5593 3592 5649 admonuisse
3632 5592 3792 5646 illos:

2221 5679 2510 5738 θίίωοηῖιίο
2540 5683 2678 5738 Cum
2709 5695 2788 5740 cat
2828 5686 2868 5740 si
2910 5707 3014 5750 non
3067 5701 3359 5756 utrumque
3387 5687 3664 5743 consilium
3705 5684 3791 5737 do-
