4082 6212
355 292 460 350 327

351 409 406 461 ει
438 403 621 460 παντί
646 403 798 474 ἔργῳ
824 401 1022 474 ἀγαθῷ
1049 403 1530 472 ἐπηκολούθησε.
1567 402 1783 455 Τούτων
1810 401 1918 471 γάρ

351 499 581 553 ἐκαστον
640 498 787 552 δοκεῖ
819 497 916 566 μὲν
946 490 1084 551 εἶναι
1120 497 1270 568 ῥῆμα
1315 495 1488 566 ψιλὸν,
1524 495 1725 567 πολλὴν
1748 494 1805 548 δὲ
1865 495 1924 548 ἐν

351 591 532 661 ἐαυτῷ
561 590 770 660 συνέχει
797 587 895 659 τὴν
919 588 1084 659 ζωήν.

419 705 487 770 ζ’.
506 705 679 757 Καὶεί
695 703 858 765 δοκεῖ,
874 701 1110 773 πρῶτον,
1128 699 1471 772 ἐξετάσωμεν
1485 701 1512 755 ὃ
1528 699 1742 772 πρῶτον
1760 698 1922 762 αὐτὸς

345 795 593 848 τέθεικεν
615 809 628 824 ·
673 795 743 846 Ei
774 792 1266 861 ἐτεκνοτρόφησεν.
1306 791 1523 862 Τροφὴν
1548 792 1657 862 γὰρ
1687 788 1920 844 ἐνταῦθα

347 882 497 952 λέγει
541 883 602 936 οὐ
636 882 841 951 ταύτην
876 869 976 948 τὴν
1019 882 1178 953 ψιλὴν
1210 884 1304 936 καὶ
1337 882 1487 952 παρά
1539 885 1648 944 τοῖς
1707 880 1921 942 πολλοῖς

347 977 728 1048 νομιζομένην,
748 976 807 1028 τὸ
831 975 905 1047 μὴ
923 973 1067 1044 λιμῷ
1091 974 1479 1045 φθειρομένους
1502 972 1764 1043 περιιδεῖν
1793 970 1920 1031 τοὺς

350 1071 546 1134 παῖδας
566 1086 580 1100 ³
618 1069 775 1123 τοῦτο
806 1070 915 1139 γάρ
943 1068 1065 1121 οὐδὲ
1098 1067 1234 1137 αὐτὴ
1264 1067 1364 1137 τῆς
1394 1067 1607 1135 φύσεως
1639 1067 1672 1135 ἡ
1705 1064 1917 1133 ἀνάγκη

346 1164 540 1235 ἀφίησι
580 1160 1037 1234 παραμεληθῆναί
1067 1177 1196 1212 ποτε
1221 1176 1235 1191 ο
1273 1159 1394 1213 ὅθεν
1415 1158 1536 1211 οὐδέ
1562 1157 1920 1228 προσταγμά-

342 1272 452 1308 των
482 1254 623 1325 ὑπὲρ
671 1252 862 1306 τούτου
905 1251 1062 1322 χρεία
1100 1251 1195 1304 καὶ
1248 1250 1446 1319 νόμων,
1493 1249 1581 1302 ἵνα
1610 1249 1678 1301 τὰ
1718 1248 1918 1313 ἔκγονα

341 1347 618 1418 τρέφωσιν
645 1347 700 1398 αί
727 1345 892 1415 χῆραι
913 1359 928 1375 ο
950 1343 1085 1396 ἀλλά
1112 1343 1212 1412 τὴν
1238 1343 1334 1412 τῆς
1360 1340 1707 1410 δικαιοσύνης
1732 1341 1919 1408 ἐπιμέ-

348 1437 523 1496 λειαν,
542 1437 640 1506 τὴν
658 1436 971 1506 ἀνατροφὴν
990 1435 1090 1505 τὴν
1111 1436 1227 1504 μετ’
1250 1433 1536 1495 εὐλαϐείας
1558 1431 1792 1485 ἐνταῦθά
1814 1449 1917 1502 φη-

344 1541 459 1578 σιν·
484 1525 560 1588 ὡς
593 1524 653 1577 αἴ
679 1541 742 1593 γε
775 1523 849 1594 μὴ
882 1522 1024 1576 οὕτω
1046 1522 1363 1592 τρέφουσαι,
1402 1520 1740 1574 παιδοκτόνοι
1778 1519 1915 1590 μᾶλ-

341 1617 434 1672 λόν
467 1620 602 1672 εἰσιν
639 1617 672 1688 ἢ
708 1616 961 1688 μητέρες.
991 1613 1163 1668 Τοῦτο
1186 1614 1246 1667 οὐ
1290 1614 1428 1684 πρὸς
1453 1615 1716 1682 γυναῖκας
1744 1612 1904 1682 μόνον

341 1709 507 1778 λέγω,
539 1708 675 1763 ἀλλά
707 1708 801 1761 καὶ
821 1707 958 1779 πρὸς
982 1707 1204 1777 ἄνδρας.
1235 1705 1345 1759 Καὶ
1373 1705 1483 1776 γὰρ
1512 1704 1697 1757 πολλοὶ
1721 1702 1916 1757 πολλά-

342 1820 432 1866 κις
455 1801 566 1856 τῶν
589 1799 866 1872 πατέρων,
899 1801 1048 1861 ὅπως
1081 1798 1178 1868 μὲν
1218 1798 1383 1860 ἵππος
1411 1797 1622 1865 γένοιτο
1643 1794 1804 1857 καλὸς
1837 1792 1915 1862 τῷ

342 1894 515 1959 παιδὶ,
549 1895 644 1948 καὶ
674 1895 822 1956 ὅπως
850 1891 997 1945 οἰκία
1033 1890 1285 1961 λαμπρὰ,
1325 1889 1419 1941 καὶ
1445 1889 1591 1950 ὅπως
1618 1884 1914 1955 πολυτελὴς

339 1986 529 2058 ἀγρὸς,
557 1986 734 2038 πάντα
767 1984 982 2038 ποιοῦσι
1023 1983 1117 2036 καὶ
1143 1979 1657 2052 πραγματεύονταιο
1684 1978 1830 2038 ὅπως
1859 1975 1915 2028 δὲ

340 2077 488 2148 αὐτῷ
539 2076 682 2147 ψυχὴ
726 2075 934 2144 γένοιτο
989 2073 1130 2142 καλὴ
1180 2072 1274 2124 καὶ
1309 2069 1628 2142 προαίρεσις
1661 2065 1911 2135 εὐσεϐὴς,

339 2168 529 2221 οὐδένα
559 2167 742 2236 ἔχουσι
788 2165 966 2232 λόγον.
1010 2165 1119 2217 Καὶ
1147 2161 1305 2215 τοῦτό
1343 2164 1512 2224 ἐστιν,
1551 2159 1580 2211 ὃ
1607 2159 1705 2229 τὴν
1735 2159 1914 2210 οίκου-

345 2257 511 2328 μένην
544 2255 696 2328 [31η
730 2255 1025 2326 ἀνατρέπει
1065 2254 1263 2315 πᾶσαν,
1290 2253 1370 2304 ὅτι
1399 2251 1509 2303 τῶν
1533 2248 1747 2302 οἰκείων
1773 2247 1911 2317 ἀμε-

339 2347 430 2400 λοῦ
439 2366 537 2417 μεν
568 2348 793 2413 παίδων,
829 2347 921 2399 καὶ
942 2346 1050 2398 τῶν
1079 2344 1178 2415 μὲν
1205 2341 1499 2414 κτημάτων
1522 2340 1700 2394 αὐτῶν
1723 2342 1912 2408 ἐπιμε-

339 2439 602 2510 λούμεθα,
632 2439 731 2508 τῆς
757 2437 812 2490 δὲ
838 2437 1018 2507 ψυχῆς
1044 2435 1222 2490 αὐτῶν
1253 2431 1725 2504 καταφρονοῦμεν,
1748 2428 1912 2498 ἐσχά-

337 2545 436 2598 της
479 2527 666 2590 ἀνοίας
716 2527 952 2595 πρᾶγμα
984 2523 1368 2594 ὑπομένοντες.
1399 2520 1479 2573 Td:
1513 2520 1609 2590 μὲν
1638 2518 1746 2588 γὰρ
1778 2519 1912 2588 κτή-

341 2635 486 2687 ματα
517 2617 618 2670 κᾶν
642 2615 812 2668 πολλά
841 2611 873 2688 ᾗ
905 2615 997 2667 καὶ
1029 2613 1314 2683 πολυτελῆ,
1341 2611 1433 2665 τοῦ
1459 2609 1758 2680 δυναμένου
1793 2608 1910 2678 μετ’

337 2711 540 2782 ἀρετῆς
579 2710 722 2762 αὐτά
748 2709 1050 2778 οἰκονομεῖν
1081 2709 1182 2760 οὐκ
1203 2707 1353 2768 ὄντος
1389 2704 1703 2768 σπουδαίου,
1731 2703 1910 2756 πάντα

336 2803 617 2857 ἀπολεῖται
663 2801 757 2854 καὶ
825 2801 1104 2870 οἰχήσεται
1159 2799 1274 2869 μετ’
1331 2797 1518 2862 αὐτοῦ,
1566 2798 1658 2850 καὶ
1708 2795 1910 2865 βλάϐην

335 2896 568 2965 ἐσχάτην
600 2892 809 2960 ἐνέγκοι
839 2904 863 2931 ει
884 2890 961 2960 τῷ
995 2891 1316 2960 κεκτημένῳ
1335 2906 1349 2920 ⁸
1380 2890 1446 2943 ἂν
1469 2886 1580 2958 δὲή
1611 2887 1757 2956 ψυχὴ
1787 2902 1911 2954 γεν-

339 2983 465 3038 ναία
493 2983 718 3052 γένηται
756 2982 849 3034 καὶ
888 2980 1196 3049 φιλόσοφος,
1227 2979 1330 3033 κᾶν
1383 2978 1548 3049 μηδὲν
1587 2977 1736 3029 ἔνδον
1773 2977 1912 3030 ἀπο-

333 3074 586 3143 κείμενον
633 3069 690 3145 ᾖ,
737 3071 806 3125 τὶι
848 3073 1062 3125 πάντων
1095 3071 1383 3140 δυνήσεται
1417 3068 1558 3139 μετὰ
1596 3068 1780 3131 ἀδείας
1813 3084 1909 3120 συ-

336 3169 506 3238 σχεῖν.
537 3167 629 3218 Δεῖ
643 3165 825 3218 τοίνυν
845 3167 1086 3223 σκοπεῖν,
1114 3162 1209 3231 οὐχ
1233 3163 1379 3225 ὅπως
1405 3162 1602 3224 αὐτοὺς
1621 3160 1909 3222 πλουσίους

333 3259 392 3311 ἐν
421 3257 671 3328 ἀργυρίῳ
696 3256 790 3309 καὶ
811 3256 1017 3327 χρυσίῳ
1047 3255 1140 3307 καὶ
1161 3256 1270 3316 τοῖς
1290 3252 1550 3315 τοιούτοις
1568 3253 1906 3322 ποιήσωμεν,

333 3350 448 3404 ἀλλ’
477 3351 624 3412 ὅπως
657 3351 714 3401 ἐν
748 3348 1006 3418 εὐλαϐείᾳ
1031 3347 1124 3400 καὶ
1156 3344 1444 3416 φιλοσοφίᾳ
1477 3345 1571 3398 καὶ
1594 3346 1785 3414 κτήσει
1812 3345 1908 3414 τῆς

332 3443 534 3516 ἀρετῆς
576 3442 795 3495 πάντων
836 3438 1064 3508 γένοιντ’
1104 3437 1170 3491 ἂν
1201 3435 1601 3508 εὐπορώτεροι·
1651 3436 1800 3497 ὅπως
1831 3435 1906 3506 μὴ

333 3535 546 3589 πολλῶν
591 3535 815 3597 δέοιντο,
854 3533 1002 3595 ὃπως
1050 3529 1122 3600 μὴ
1157 3529 1287 3600 περὶ
1315 3529 1386 3582 τά
1421 3528 1647 3598 βιωτικά
1685 3527 1778 3579 καί⁸
1807 3528 1906 3590 τάς

333 3627 665 3697 νεωτερικὰς
683 3624 976 3694 ἐπιθυμίας
1002 3616 1134 3674 ὦσιν
1163 3621 1510 3692 ἐπτοημένοι.
1544 3623 1654 3675 Καὶ
1672 3622 1771 3685 τὰς
1797 3623 1910 3674 είσ-

333 3719 486 3779 ύδους
531 3715 732 3777 αὐτῶν,
780 3717 875 3766 καὶ
905 3715 1005 3775 τάς
1050 3712 1264 3776 ἐξόδους
1306 3711 1422 3780 μετ’
1469 3711 1756 3781 ἀκριϐείας
1812 3727 1910 3763 πει

335 3803 724 3880 ριεργάζεσθαι
769 3800 896 3870 χρὴ,
936 3799 1037 3861 τὰς
1087 3797 1391 3868 διατριϐὰς,
1441 3798 1543 3859 τὰς
1599 3799 1904 3865 συνουσίας,

333 3897 542 3960 εἰδότας
583 3896 665 3948 ὃτι
699 3892 902 3945 τούτων
948 3887 1366 3960 ἀμελουμένων,
1403 3888 1658 3958 οὐδεμίαν
1714 3891 1908 3960 ἕξομεν

335 3981 490 4054 παρά
515 3977 592 4048 τῷ
622 3974 743 4046 Θεῷ
795 3971 1139 4054 συγγνώμην.
1184 3970 1400 4054 Ε-ἰῃγάρ
1448 3972 1547 4054 τῆς
1578 3973 1686 4025 τῶν
1733 3974 1908 4028 ἄλλων

333 4049 593 4135 προνοίας
643 4051 1022 4123 ἀπαιτούμεθα
1051 4049 1413 4120 τάςεύθύνας
1444 4052 1768 4122 (Ἕκαστος
1799 4054 1908 4124 γὰρ

328 4147 417 4219 μὴ
455 4144 520 4198 τὸ
548 4139 766 4197 ἑαυτοῦ
811 4136 1066 4204 ζῆτείτω.
1109 4135 1298 4219 φησιν,
1341 4136 1504 4219 ἀλλὰ
1533 4137 1601 4190 τὸ
1628 4140 1735 4192 τοῦ
1762 4144 1907 4209 πλη-

335 4217 521 4293 dior),
549 4227 700 4294 πόσῳ
749 4222 948 4292 μᾶλλον
981 4220 1078 4290 τῆς
1110 4217 1218 4272 τῶν
1245 4218 1485 4283 παίδων;
1519 4222 1592 4273 Οὐ
1626 4222 1909 4293 κατῴκισά

336 4330 442 4376 σοι,
478 4309 663 4380 φησὶν,
712 4306 874 4360 αὐτὸν
902 4303 963 4367 ἐξ
1009 4302 1220 4371 ἀρχῆς;
1269 4303 1547 4372 ἐπέστησα
1576 4305 1632 4356 δέ
1668 4324 1726 4360 σε
1759 4309 1908 4381 αὐτῷ

333 4391 653 4450 διδάσκαλον
677 4389 772 4441 καὶ
791 4385 1102 4457 προστάτην
1121 4385 1215 4435 καὶ
1237 4386 1508 4453 κηδεμόνα
1532 4389 1626 4441 καὶ
1649 4391 1904 4461 ἄρχοντα;

331 4479 436 4548 τὴν
460 4471 708 4540 ἐξουσίαν
736 4468 900 4523 αὐτοῦ
927 4468 1106 4520 πᾶσαν
1127 4466 1309 4534 φέρων
1326 4467 1405 4529 εἰς
1428 4469 1525 4530 τὰς
1553 4469 1650 4533 σάς
1675 4474 1906 4545 ἐνέθηκα

332 4547 560 4632 χεῖρας
615 4551 849 4607 Ἀπαλδν
901 4550 1030 4603 ὅντα
1083 4547 1430 4632 διαπλάττειν
1486 4552 1766 4622 ἐκέλευσα,
1814 4562 1908 4612 καὶ

337 4631 622 4717 ῥυθμίζειν
643 4655 658 4668 ·
695 4637 852 4690 ποίαν
887 4636 952 4688 ἂν
979 4633 1122 4704 ἔχοις
1159 4631 1510 4705 συγγνώμην⁹
1564 4641 1612 4693 εἰ
1647 4641 1906 4712 περιίδοις

330 4727 497 4782 αὑτὸν
525 4722 1044 4792 ἀποσκιρτήσαντα;
1073 4721 1139 4774 Τί
1167 4721 1276 4792 γάρ
1302 4721 1368 4774 ἂν
1396 4721 1609 4788 είποις;
1659 4724 1740 4777 ὅτι
1783 4726 1908 4780 δυσ-

334 4808 482 4881 ήνιός
517 4809 632 4859 ἐστι
672 4805 766 4857 καὶ
814 4803 1047 4875 τραχύς;
1104 4805 1242 4858 Ἀλλ’
1282 4805 1340 4870 ἐξ
1390 4806 1565 4876 ἀρχῆς
1607 4806 1710 4860 εδει
1735 4810 1905 4866 ταῦτα

336 4889 674 4962 προορῶντα,
725 4889 811 4941 ὅτε
845 4888 1057 4958 εὐήνιος
1090 4883 1179 4958 ἦν,
1209 4891 1304 4942 καὶ
1341 4888 1536 4961 κομιδῆ
1578 4891 1714 4955 νέος,
1753 4893 1905 4963 χαλι·

331 4973 456 5027 νοῦν
489 4971 604 5043 μετ’
634 4970 940 5042 ἀκριϐείας,
974 4970 1172 5034 ἐθίζειν
1207 4971 1342 5042 πρὸς
1368 4971 1435 5024 τὰ
1459 4971 1664 5038 δέοντα,
1703 4977 1904 5049 ῥυθμί-

331 5059 467 5124 ζειν.
507 5055 755 5118 κολάζειν
784 5053 952 5107 αὐτοῦ
990 5053 1062 5107 τὰ
1096 5057 1376 5125 νοσήματα
1405 5056 1504 5126 τῆς
1531 5057 1728 5130 ψυχῆς.
1772 5062 1902 5116 Ὅτε

330 5138 668 5209 εὐκολωτέρα
699 5139 732 5208 ἠ
766 5137 1020 5208 ἐργασία,
1067 5137 1189 5190 τότε
1217 5138 1316 5202 τὰς
1345 5139 1586 5206 ἀκάνθας
1615 5145 1902 5215 ἐκτέμνειν

329 5224 457 5289 ἔδει,
475 5224 562 5276 ὅτε
591 5222 949 5292 ἁπαλωτέρας
972 5220 1138 5293 οῦσης
1168 5225 1267 5294 τῆς
1298 5222 1508 5293 ἡλικίας
1536 5226 1902 5300 εὐκολώτερον

327 5305 664 5369 ἀνεσπῶντο,
709 5305 804 5359 καὶ
833 5305 935 5358 οὐκ
985 5304 1052 5359 ἀν
1079 5305 1426 5376 ἀμελούμενα
1465 5307 1533 5360 τά
1579 5311 1750 5380 πάθη,
1805 5315 1900 5366 καὶ

327 5394 693 5464 αὐξανόμενα,
721 5393 1175 5466 δυσκατέργαστα
1199 5394 1409 5463 γέγονε.
1439 5395 1538 5449 Διά
1558 5396 1719 5450 τοῦτό
1740 5417 1898 5469 φησι,

326 5474 588 5545 Κάμψον
623 5476 692 5529 ἐκ
739 5478 1025 5544 νεότητος
1063 5477 1171 5531 τὸν
1210 5477 1514 5546 τράχηλον
1555 5480 1763 5544 αὑτοῦ,
1813 5483 1901 5535 ὅτε

331 5561 674 5632 εὐκολωτέρα
698 5561 896 5630 γένοιτ’
920 5561 985 5615 ἂν
1015 5563 1048 5632 ὴ
1076 5561 1438 5631 παιδαγωγία.
1477 5563 1592 5616 Οὐκ
1624 5564 1902 5620 ἐπιτάττει

392 5698 417 5729 ³
437 5697 552 5749 Cod.
576 5695 668 5746 7‘8
688 5697 808 5759 μετά
827 5696 914 5746 τοῦ
935 5697 1015 5746 καὶ
1029 5699 1102 5759 βλ.
1127 5699 1164 5746 ἐ.
1193 5697 1412 5760 ἐνεγκεῖν.

1439 302 1510 360 IN
1551 298 1781 358 ILLUD.
1829 296 2038 356 VIDUA
2082 298 2452 357 ELIGATUR.

3489 299 3590 354 523

2024 398 2082 452 δὲ
2133 401 2314 472 μόνον,
2357 402 2492 456 ἀλλά
2540 403 2636 456 καὶ
2693 403 2855 468 αὐτὸς
2905 403 3309 473 συνεφάπτεται
3363 423 3444 460 σοι
3495 411 3594 462 τοῦ

2025 489 2210 562 ἔργον.
2255 493 2364 546 Καὶ
2409 494 2546 560 πῶς,
2591 495 2685 549 καὶ
2721 495 2830 549 τίνι
2877 496 3094 567 τρόπῳ;
3151 498 3206 548 '0
3248 499 3596 569 κακολογῶν

2022 583 2246 652 πατέρα
2268 585 2305 652 ἢ
2331 585 2570 654 μητέρα,
2604 588 2758 656 φησί,
2788 587 3022 652 θανάτῳ
3047 588 3396 644 τελευτάτω.
3431 590 3595 660 Ὁρᾷς

2025 673 2190 727 πόσον
2236 676 2420 738 αὐτοῖς
2469 677 2739 748 ἐπέστησε
2790 678 2987 747 φόϐον;
3032 679 3205 750 πόσην
3261 679 3594 749 ἐπετείχισεν

2021 763 2297 830 ἀγωνίαν;
2331 767 2448 830 πῶς
2472 767 2704 839 δυνατήν
2731 786 2824 820 σου
2852 769 2952 840 τὴν
2974 770 3146 841 ἀρχὴν
3178 771 3434 842 ἐποίησε;
3461 774 3597 827 Τίνα.

2021 848 2115 905 οὖν
2149 855 2444 924 ἀπολογίαν
2494 858 2714 926 ἔχοιμεν
2759 859 2825 912 ἂν
2876 863 3070 925 εἰπεῖν,
3119 864 3247 915 ὅταν
3276 865 3439 923 αὐτὸς
3471 864 3590 933 μὲν,

2021 945 2238 998 ἐπειδὰν
2271 948 2435 1018 ἡμεῖς
2481 948 2856 1020 ὑϐριζώμεθα,
2904 952 3038 1021 μηδὲ
3087 955 3188 1024 τῆς
3231 953 3375 1023 ζωῆς
3414 954 3593 1007 αὐτῶν

2023 1035 2271 1106 φείδηται
2292 1055 2305 1067 ·
2346 1039 2507 1108 ἡμεῖς
2539 1039 2616 1104 δὲ,
2643 1039 3000 1111 ὑϐριζομένου
3028 1041 3121 1094 τοῦ
3156 1042 3292 1095 Θεοῦ
3332 1046 3462 1114 παρ’
3490 1045 3592 1097 αὐο

2019 1124 2149 1190 τῶν,
2207 1127 2340 1197 μηδὲ
2382 1129 2711 1196 ἀγανακτεῖν
2746 1130 2930 1194 αὐτοῖς
2963 1132 3364 1202 ὐπομένωμεν;
3425 1132 3588 1200 Ἐγὼ.

2020 1219 2206 1288 φησὶν,
2245 1219 2364 1273 οὐδὲ
2409 1221 2727 1276 ἀποκτεῖναι
2763 1223 3137 1294 παραιτοῦμαι
3178 1225 3269 1278 τὸν
3303 1225 3594 1295 ὑϐρίζοντὰ

2021 1321 2080 1358 σε
2099 1323 2113 1336 ·
2147 1308 2211 1360 σὺ
2241 1308 2298 1360 δὲ
2329 1309 2448 1362 οὐδὲ
2477 1311 2684 1381 ῥήματι
2715 1311 2905 1364 λυπεῖν
2938 1312 3129 1384 ἀνέχῃ,
3165 1314 3316 1382 φησι,
3346 1313 3437 1365 τὸν
3464 1312 3595 1370 τούς

2018 1399 2188 1468 ἐμοὺς
2237 1401 2650 1453 καταπατοῦντα
2690 1402 2905 1472 νόμους.
2961 1403 3070 1455 Καὶ
3105 1403 3206 1456 ποῦ
3240 1401 3414 1455 ταῦτα
3458 1417 3590 1469 συγ-ο

2015 1488 2242 1560 γνώμης
2275 1490 2434 1557 ἀξια;
2480 1492 2642 1563 Ὀρᾷς
2677 1493 2841 1545 αὐτὸν
2892 1493 3186 1564 ὑϐρίζοντα
3243 1495 3321 1556 είς
3357 1493 3448 1544 τὸν
3499 1510 3592 1543 πε-

2016 1583 2306 1650 ποιηκότα,
2337 1583 2432 1635 καὶ
2455 1583 2515 1635 οὐ
2541 1583 2936 1654 δυσχεραίνεις,
2962 1585 3082 1637 εἰπέ
3108 1601 3220 1653 μοι,
3249 1584 3368 1636 οὐδέ
3404 1583 3591 1652 φοϐεῖς

2015 1674 2112 1726 καί.
2144 1675 2424 1746 ἐπιτιμᾷς,
2465 1676 2559 1729 καὶ
2597 1677 2771 1730 ταῦτα
2802 1676 2979 1740 εἰδὼς,
3009 1678 3092 1730 ὅτι
3119 1678 3212 1730 καὶ
3245 1675 3400 1728 τοῦτο
3427 1675 3588 1738 αὐτὸς

2016 1766 2044 1817 ὁ
2089 1763 2221 1828 Θεὸς
2268 1765 2564 1832 ἐκώλυσεν,
2597 1769 2698 1820 οὐκ
2738 1769 2928 1838 ἐπειδὴ
2979 1768 3151 1837 βλάϐη
3187 1766 3335 1839 [518]
3382 1784 3465 1830 τις
3508 1769 3592 1829 εἰς

2016 1856 2374 1928 ὑϐριζόμενον
2401 1858 2613 1926 γίνεται
2643 1858 2969 1929 (ἀνώλεθρον
2997 1858 3106 1929 γὰρ
3133 1858 3194 1910 τὸ
3225 1857 3422 1928 Θείον),
3470 1856 3585 1910 ἀλλ’

2017 1949 2158 2019 ὑπὲρ
2192 1950 2291 2019 τῆς
2334 1950 2543 2003 ἐκείνου
2575 1951 2884 2022 σωτηρίας;
2924 1951 2982 2003 'O
3015 1950 3124 2020 γὰρ
3163 1949 3293 2020 περὶ
3331 1948 3422 2002 τὸν
3456 1947 3590 1999 Θεὸν

2016 2037 2289 2108 ἀγνώμων
2320 2041 2613 2110 γενόμενος
2664 2040 2759 2092 καὶ
2797 2040 3141 2109 ἀναίσθητος,
3174 2036 3353 2108 πολλῷ
3388 2036 3588 2108 μᾶλλον

2014 2131 2095 2194 εἰς
2143 2129 2233 2182 τὸν
2279 2131 2670 2202 γεγεννηκότα,
2730 2132 2825 2185 καὶ
2878 2133 2958 2194 είς
3009 2131 3108 2202 τὴν
3163 2129 3356 2184 ἐαυτοῦ
3406 2125 3586 2197 ψυχὴν

2015 2222 2416 2293 ἐμπαροινῆσαι
2449 2223 2756 2293 δυνήσεται.

2083 2319 2152 2382 η’.
2184 2313 2274 2384 Μὴ
2305 2313 2482 2365 τοίνυν
2509 2311 2819 2384 ἀμελῶμεν,
2838 2312 3038 2375 εἰδότες
3064 2311 3267 2364 ὅτιτῶν
3294 2309 3434 2363 κατά
3453 2308 3586 2361 Θεὸν

2013 2403 2196 2466 αὐτοῖς
2243 2399 2300 2456 εὖ
2347 2403 2724 2474 διακειμένων,
2773 2403 2867 2456 καὶ
2898 2402 3035 2455 κατὰ
3065 2402 3156 2454 τὸν
3195 2400 3436 2471 παρόντα
3472 2397 3588 2467 βίον

2011 2492 2224 2548 ἔσονται
2255 2495 2530 2566 εὐδόκιμοι
2573 2497 2669 2550 καὶ
2709 2495 2974 2567 λαμπροί.
3018 2494 3120 2547 Τὸν
3150 2493 3258 2562 γάρ
3291 2493 3459 2563 ἀρετῇ
3487 2507 3583 2541 συ-

2013 2588 2192 2652 ζῶντα
2228 2588 2322 2641 καὶ
2358 2590 2629 2660 ἐπιεικείᾳ
2663 2589 2861 2652 πάντες
2897 2587 3170 2641 αἰδοῦνται
3222 2586 3316 2638 καὶ
3362 2583 3583 2654 τιμῶσι,

2011 2679 2114 2733 κᾶν
2142 2680 2396 2734 ἁπάντων
2430 2681 2754 2752 πενέστερος
2790 2675 2857 2754 ᾗ,
2905 2679 3092 2748 ὥσπερ
3113 2675 3204 2731 οὖν
3231 2676 3318 2730 τὸν
3349 2674 3588 2746 πονηρὸν

2011 2775 2106 2826 καὶ
2140 2775 2568 2845 διεστραμμένον
2599 2774 3000 2844 ἀποστρέφουσι
3029 2771 3121 2824 καὶ
3147 2769 3393 2840 μισοῦσιν
3415 2767 3586 2823 ἄπαν-

2009 2883 2122 2928 τες,
2166 2864 2268 2918 κᾶν
2313 2861 2637 2938 εὐπορίανῇ
2687 2863 3020 2933 κεκτημένος
3075 2862 3295 2930 πολλήν.
3355 2860 3428 2912 Ού
3472 2861 3612 2921 τοῖς,

2010 2957 2190 3019 ἄλλοις
2221 2956 2276 3008 δὲ
2308 2957 2466 3026 μόνον
2491 2954 2798 3026 ἀνθρώποις
2825 2954 2976 3007 ἔσται
3000 2953 3297 3022 αίδέσιμος,
3335 2951 3467 3004 ἀλλά
3493 2953 3588 3003 καὶ

2013 3045 2096 3098 σοὶ
2125 3045 2204 3116 τῷ
2237 3046 2592 3114 γεγεννηκότι
2637 3043 3033 3113 ποθεινότερος,
3065 3041 3202 3110 πλὴν
3237 3040 3338 3109 τῆς
3366 3038 3585 3108 φύσεως

2009 3139 2109 3192 οὐκ
2139 3138 2394 3191 ἐλάττονα
2429 3138 2622 3207 ἐτέραν
2665 3135 2920 3190 ὑπόθεσιν
2955 3133 3092 3203 ἔχων
3139 3132 3276 3203 πρὸς
3320 3131 3382 3183 τὸ
3412 3131 3586 3198 φιλεῖ-

2012 3227 2136 3281 σθαι
2189 3227 2288 3300 τὴν
2327 3228 2530 3300 ἀρετήν
2555 3244 2570 3260 ο
2605 3227 2668 3281 οὐ
2722 3225 3099 3293 ποθεινότερος
3137 3223 3194 3276 δὲ
3233 3223 3412 3293 μόνον,
3449 3221 3587 3273 ἀλλά

2010 3319 2104 3373 καὶ
2147 3320 2561 3390 χρησιμώτερος
2609 3318 2757 3371 ἐσται
2813 3334 2892 3370 σοι
2928 3315 3264 3385 θεραπεύων,
3295 3313 3583 3376 δουλεύων,

2011 3410 2354 3481 γηροκομῶν.
2395 3411 2606 3481 Ὥσπερ
2627 3408 2737 3481 γὰρ
2764 3409 2961 3481 οἱπερὶ
2990 3409 3081 3461 τὸν
3114 3408 3245 3461 Θεὸν
3271 3404 3586 3476 ἀγνώμονες

2010 3501 2104 3554 καὶ
2141 3501 2249 3554 τῶν
2283 3501 2690 3570 γεγεννηκότων
2715 3499 3175 3570 καταφρονοῦσιν
3205 3499 3375 3561 οὓτως
3404 3499 3452 3550 οἱ
3493 3497 3586 3550 τὸν

2010 3594 2348 3663 πεποιηκότα
2378 3592 2792 3664 θεραπεύοντες,
2820 3593 2876 3644 ἐν
2900 3591 3068 3662 πολλῇ
3108 3592 3202 3653 καὶ
3226 3592 3354 3653 τοὺς
3397 3605 3588 3658 γεγενσ

2012 3686 2238 3757 νηκότας
2269 3687 2451 3756 έχουσι
2475 3689 2541 3757 τῇ
2579 3689 2736 3757 τιμῇ.
2765 3686 2882 3738 Ἵνα
2908 3681 3000 3739 οὖν
3030 3685 3124 3737 καὶ
3158 3683 3307 3755 παρά
3333 3682 3472 3752 Θεῷ,
3491 3681 3583 3734 ml

2009 3780 2160 3851 παρὰ
2187 3780 2496 3849 ἀνθρώποις
2526 3780 2810 3847 εὐδοκιμῇ,
2839 3776 2934 3829 καί
2968 3793 3050 3827 σοι
3095 3774 3194 3844 τὴν
3228 3774 3372 3841 ζωὴν
3403 3772 3586 3843 ἡδεῖαν

2009 3872 2157 3940 ποιῇ,
2191 3870 2284 3921 καὶ
2315 3869 2414 3937 τῆς
2457 3868 2756 3938 μελλούσης
2786 3867 3103 3936 ἀπαλλάττῃ
3136 3866 3430 3928 κολάσεως,
3481 3867 3586 3917 πᾶ-

2010 3975 2108 4012 σαν
2143 3957 2481 4010 ἐπιδείκνυσο
2515 3957 2642 4026 περὶ
2675 3956 2836 4009 αὐτὸν
2872 3957 2972 4025 τὴν
3008 3955 3261 4025 σπουδήν.
3297 3955 3418 4006 Ὀτι
3477 3954 3583 4025 γὰρ

2007 4050 2056 4102 οἱ
2081 4049 2189 4102 τῶν
2222 4048 2428 4101 παίδων
2473 4047 2820 4118 ἀμελοῦντες,
2845 4047 2948 4101 κᾶν
2969 4046 3137 4100 τᾶλλα
3158 4040 3291 4099 ὦσιν
3323 4047 3585 4108 ἐπιεικεῖς

2009 4142 2102 4196 καὶ
2139 4140 2372 4212 μέτριοι,
2410 4140 2499 4194 διὰ
2537 4139 2742 4212 ταύτην
2782 4139 2880 4211 τὴν
2909 4139 3182 4211 ἁμαρτίαν
3220 4138 3319 4208 τὴν
3347 4138 3584 4208 ἐσχάτην

2009 4234 2402 4303 ὐποστήσονται
2446 4231 2621 4304 δίκην,
2675 4230 2916 4302 ἱστορίαν
2955 4231 3039 4284 σοί
3086 4247 3205 4283 τινα
3250 4229 3584 4301 διηγήσομαι

2007 4325 2262 4379 παλαιάν.

2091 4416 2292 4489 Ἱερεύς
2322 4434 2408 4481 τις
2447 4413 2514 4488 ἦν
2567 4415 2719 4487 παρὰ
2747 4418 2860 4479 τοῖς
2909 4415 3187 4478 Ἰουδαίοις
3227 4415 3474 4485 ἐπιεικὴς
3516 4415 3581 4468 τὰ

2007 4509 2142 4564 ἄλλα
2187 4509 2280 4562 καὶ
2327 4508 2566 4579 μέτριος,
2613 4507 2760 4560 Ἠλεῖ
2791 4505 2869 4576 τῷ
2899 4505 3143 4576 ὀνόματι.
3171 4499 3278 4556 Ἦν
3311 4500 3403 4558 οὖν
3431 4500 3584 4567 οὗτος

2020 4597 2168 4650 Ἠλεῖ
2199 4598 2292 4650 δύο
2326 4598 2521 4660 παῖδας
2553 4596 2692 4666 ἔχων
2729 4596 2806 4658 είς
2838 4595 3064 4666 ἔσχατον
3089 4595 3355 4666 πονηρίας
3387 4593 3577 4665 ἐληλαο

2008 4691 2197 4753 κόταςο
2216 4691 2277 4743 οὐ
2304 4692 2521 4759 κατεῖχε
2551 4689 2629 4753 δὲ,
2651 4688 2771 4741 οὐδὲ
2801 4687 3002 4740 ἐκώλυε
3019 4703 3032 4716 °
3062 4687 3260 4757 μᾶλλον
3285 4687 3341 4739 δέ
3364 4690 3581 4756 κατεῖχε

2010 4783 2110 4852 μὲν
2141 4783 2236 4836 καὶ
2264 4780 2521 4842 ἐκώλυεν,
2550 4780 2610 4833 οὐ
2641 4779 2780 4851 μετά
2805 4779 2906 4849 τῆς
2935 4778 3318 4850 προσηκούσης
3338 4778 3395 4831 δὲ
3421 4781 3576 4848 ἀκρι-

2005 4876 2158 4938 ϐείας
2196 4875 2290 4928 καὶ
2323 4873 2701 4944 σφοδρότητος.
2745 4872 2875 4926 Δέον
2915 4872 3025 4942 γὰρ
3063 4872 3427 4942 μαστιγῶσαι.
3480 4872 3580 4939 τῆς

2005 4965 2263 5039 πατρῴας
2295 4965 2546 5020 ἐκϐαλεῖν
2577 4964 2786 5028 οίκίας,
2839 4964 3016 5018 πάντα
3041 4962 3414 5027 ἐπιδείξασθαι
3438 4961 3582 5031 διορ-

2003 5056 2220 5120 θώσεως
2271 5057 2493 5128 τρόπον,
2551 5055 2783 5127 παρῄνει
2844 5056 2939 5109 καὶ
2993 5054 3344 5108 συνεϐούλευε
3394 5054 3577 5124 μόνον.

2000 5150 2144 5207 οῦτω
2174 5150 2346 5218 λέγων
2371 5167 2384 5180 ·
2423 5149 2555 5217 Μὴ,
2595 5151 2795 5213 τέκνα,
2831 5149 2918 5218 μὴ
2968 5148 3189 5202 ποιεῖτε
3234 5148 3456 5212 οὕτως’
3487 5146 3579 5200 ὅτι

1999 5245 2110 5298 οὐκ
2139 5241 2330 5313 ἀγαθὴ
2364 5243 2401 5311 ἡ
2430 5241 2604 5309 ἀκοὴ,
2630 5241 2710 5308 ἣν
2740 5241 2854 5310 ἐγὼ
2883 5241 3082 5296 ἀκούω
3108 5241 3241 5308 περὶ
3275 5239 3462 5307 ὑμῶν.
3512 5240 3579 5297 TE

1999 5336 2215 5403 λέγεις;
2263 5334 2355 5386 τὸν
2386 5333 2662 5402 Δεσπότην
2699 5331 2951 5403 ὕϐρισαν,
3004 5334 3098 5386 καὶ
3148 5332 3312 5384 τέκνα
3354 5330 3576 5395 καλεῖς;

1999 5425 2277 5496 ἠγνόησαν
2322 5425 2416 5476 τὸν
2442 5424 2801 5495 πεποιηκότα,
2831 5425 2926 5477 καὶ
2955 5425 3019 5478 σὺ
3060 5423 3442 5493 ἐπιγινώσκεις
3477 5423 3581 5476 αὐ.

1999 5512 2108 5565 τῶν
2147 5513 2244 5585 τὴν
2277 5512 2630 5582 συγγένειαν;
2658 5514 2756 5567 Διά
2779 5513 2936 5567 τοῦτό
2965 5531 3152 5584 φησιν.
3185 5514 3266 5567 ὅτι
3303 5512 3404 5566 οὐκ
3432 5514 3583 5565 ἐνου-

2001 5602 2146 5657 θέτει
2191 5603 2422 5666 αὐτούς·
2467 5604 2720 5658 νουθεσία
2751 5605 2860 5677 γάρ
2901 5607 3070 5670 ἐστιν,
3113 5606 3214 5659 οὐκ
3256 5605 3351 5659 ἐὰν
3395 5604 3582 5670 ἁπλῶς

2004 5694 2517 5768 συμϐουλεύσωμεν,
2551 5696 2666 5751 ἀλλ’
2707 5697 2801 5752 ἐάν
2852 5697 3204 5772 σφοδρότερον
3254 5697 3349 5752 καὶ
3400 5695 3590 5775 τομώ-⁸
