4082 6212
337 344 441 399 529

338 456 456 497 mus
475 481 491 505 ,
523 439 616 495 sed
645 436 1015 496 vehementius
1037 441 1092 490 et
1123 433 1332 498 acrius,
1364 440 1420 487 et
1443 429 1488 485 si
1516 438 1768 502 quantam
1800 431 1914 484 vul-

339 534 486 589 neris
513 532 738 602 requirit
775 529 956 595 ulcus,
987 535 1188 582 tantam
1218 525 1424 596 plagam
1456 522 1774 592 inlligamus.
1806 519 1921 575 Non

336 639 465 697 ergo
494 625 694 680 sul‘ﬁcit
729 623 773 680 si
805 622 978 676 solum
1006 619 1244 674 dicamus
1267 658 1280 682 ,
1313 616 1409 672 sed
1441 625 1495 670 et
1524 614 1747 669 multum
1775 613 1927 666 incu-

336 727 449 773 tere
481 717 728 772 timorem
753 721 1004 782 Oportet,
1037 723 1095 767 ut
1133 709 1426 782 iuventutis
1451 707 1708 762 desidiam
1750 718 1919 760 esca-

338 807 460 862 tias.
489 805 748 876 Quoniam
777 805 938 874 igitur
964 800 1274 857 hortabatur
1303 799 1395 854 ille
1419 797 1657 869 quidem,
1687 794 1781 849 sed
1813 810 1917 848 non

335 905 392 951 ut
413 897 646 966 oportuit
665 894 998 959 hortabatur,
1016 892 1258 951 hostibus
1276 891 1395 946 illos
1412 887 1678 958 exposuit,
1695 895 1749 941 et
1766 900 1923 940 exor-

336 999 389 1043 to
426 989 609 1058 praelio
633 988 941 1044 ceciderunt
979 987 1032 1042 in
1066 987 1180 1041 acie
1202 1027 1218 1052 ,
1259 997 1487 1053 cumque
1507 980 1746 1036 nuntium
1783 980 1922 1034 terre

337 1095 442 1134 non
473 1089 686 1151 posset,
717 1078 916 1134 cadens
941 1085 996 1134 et
1024 1078 1138 1146 ipse
1162 1076 1468 1131 confractus
1499 1081 1582 1129 est
1619 1081 1674 1127 et
1697 1068 1918 1125 interiit.

339 1171 498 1227 Vides
525 1173 716 1227 merito
741 1171 939 1225 dictum
965 1185 996 1223 a
1021 1184 1108 1224 me
1131 1168 1313 1232 fuisse,
1337 1167 1624 1221 liberorum
1653 1177 1774 1218 esse
1802 1175 1922 1230 par-

338 1263 555 1327 ricidas,
582 1264 673 1333 qui
702 1263 1034 1334 negligentes
1060 1261 1256 1315 liberos
1284 1260 1478 1313 acriter
1508 1271 1612 1311 non
1640 1254 1918 1322 castigant,

339 1370 512 1424 neque
547 1354 618 1408 ab
648 1355 752 1410 illis
789 1354 1024 1408 debitum
1062 1353 1170 1406 Deo
1200 1351 1402 1406 cultum
1431 1346 1692 1418 exigunt?
1721 1345 1810 1400 Sic
1835 1341 1920 1396 ni-

338 1447 530 1501 mirum
557 1445 673 1501 Heli
699 1443 867 1500 laetus
885 1458 968 1499 est
992 1443 1272 1514 parricida.
1300 1441 1447 1496 Licet
1469 1439 1611 1494 enim
1642 1435 1779 1490 ﬁlios
1801 1433 1922 1503 ejus

339 1537 520 1593 hostes
546 1536 839 1592 occiderint
856 1575 874 1600 ,
898 1535 989 1590 ille
1019 1544 1195 1588 tamen
1223 1541 1410 1586 auctor
1435 1530 1600 1584 caedis
1621 1528 1715 1582 fuit
1733 1565 1751 1592 ,
1777 1522 1919 1595 quod

337 1642 433 1681 sua
459 1629 600 1681 circa
631 1626 752 1681 illos
778 1625 1096 1696 negligentia
1129 1625 1224 1678 Dei
1249 1622 1503 1677 auxilium
1529 1619 1598 1673 ab
1627 1618 1734 1672 illis
1758 1631 1917 1669 aver-

341 1720 503 1783 terit,
541 1728 596 1774 et
615 1717 790 1772 nudos
828 1733 890 1773 ac
930 1717 1174 1771 desertos
1201 1715 1265 1768 iis
1287 1753 1304 1778 ,
1334 1713 1424 1783 qui
1452 1724 1645 1767 necare
1682 1708 1916 1771 vellent,

336 1809 610 1878 obiecerit.
655 1808 836 1876 Neque
870 1823 999 1863 vero
1040 1807 1215 1862 solum
1259 1805 1400 1871 illos,
1445 1802 1541 1858 sed
1590 1807 1647 1856 et
1683 1799 1918 1868 seipsum

336 1915 458 1954 cum
486 1899 589 1953 illis
614 1899 904 1954 interemit.

408 1990 460 2045 9.
496 1989 655 2044 Pater
676 1990 947 2060 indulgens
969 1987 1226 2058 parricida
1253 1993 1348 2041 est.
1388 2012 1464 2025 —
1502 1981 1737 2052 ldipsum
1775 1991 1918 2033 nunc

335 2095 546 2152 quoque
573 2080 815 2151 plurimis
841 2079 1080 2150 patrihus
1104 2078 1281 2133 evenit
1309 2093 1324 2132 :
1356 2075 1479 2146 quia
1506 2073 1792 2128 verberare
1821 2083 1919 2122 no-

335 2174 567 2236 luerunt,
601 2188 700 2228 nee
722 2171 901 2228 verbis
927 2172 1209 2240 castigare,
1241 2183 1413 2238 neque
1441 2165 1757 2221 contristare
1784 2160 1920 2215 libe-

335 2280 428 2320 ros
449 2263 750 2320 inordinate
774 2271 934 2334 atque
959 2263 1138 2331 inique
1163 2260 1422 2324 viventes,
1453 2271 1824 2326 Saepenumero
1851 2253 1902 2307 iu

334 2356 665 2428 gravissimis
693 2356 811 2410 illos
832 2355 1143 2410 criminibus
1166 2349 1552 2422 deprehensos,
1575 2348 1629 2402 in
1655 2345 1916 2416 judicium

335 2447 604 2518 abreptos,
631 2462 662 2500 a
681 2446 1019 2502 carniﬁcibus
1038 2445 1211 2515 capite
1239 2440 1472 2496 trtmcari
1495 2439 1760 2494 viderunt.
1782 2435 1915 2491 Cum

335 2537 478 2591 enim
508 2545 566 2590 tu
591 2550 685 2591 eos
715 2549 821 2589 non
850 2534 1078 2604 castiges
1101 2575 1118 2599 ,
1165 2549 1284 2587 cum
1315 2540 1369 2585 tu
1417 2546 1520 2585 non
1561 2527 1832 2597 corrigas,
1863 2533 1919 2579 et

336 2627 609 2683 sceleratis
636 2640 701 2681 ac
727 2626 949 2696 perditis
975 2624 1280 2678 hominibus
1308 2631 1359 2677 te
1389 2622 1559 2691 ipsum
1587 2617 1914 2680 admisceas,

334 2725 392 2772 et
417 2717 470 2770 in
496 2717 822 2772 consortium
848 2714 1099 2786 nequitire
1126 2727 1248 2768 cum
1279 2711 1383 2767 illis
1419 2710 1606 2766 venias
1625 2749 1642 2773 ,
1681 2723 1748 2763 es
1772 2721 1920 2761 com-

337 2807 590 2863 munibus
633 2807 841 2876 legibus
867 2806 919 2862 in
950 2820 1044 2861 eos
1083 2806 1286 2874 agitur,
1317 2813 1372 2858 et
1417 2802 1471 2857 in
1511 2799 1752 2856 omnium
1792 2812 1921 2852 cono

335 2908 519 2971 spectu
550 2899 841 2969 puniuntur
872 2915 887 2952 :
917 2911 980 2952 ac
1005 2896 1177 2965 major
1204 2910 1324 2950 eum
1354 2893 1660 2949 calamitate
1688 2889 1747 2944 ﬁt
1777 2891 1920 2958 igno-

337 2991 496 3046 minia
521 3030 538 3055 ,
569 2989 694 3044 dum
727 2998 929 3058 patrem
974 2987 1120 3041 illum
1162 2985 1330 3056 digito
1373 2989 1672 3036 monstrant
1722 2991 1911 3033 omnes

337 3091 456 3149 post
499 3081 640 3134 illius
667 3080 912 3144 obitum,
949 3086 1005 3132 et
1041 3076 1116 3130 illi
1160 3073 1260 3129 fori
1291 3073 1491 3127 aditum
1539 3069 1916 3125 intercludant.

335 3171 541 3237 Quibus
566 3169 707 3224 enim
735 3169 905 3224 oculis
936 3166 1131 3237 poterit
1158 3171 1502 3220 occurrentes
1529 3161 1629 3216 sibi
1660 3169 1779 3226 post
1805 3169 1920 3214 tan-

337 3271 444 3316 tam
472 3258 740 3314 infamiam
768 3269 820 3314 et
840 3259 1196 3314 calamitatem
1229 3256 1318 3310 lilii
1349 3254 1629 3309 contueri?
1658 3252 1917 3319 Quocirca

336 3365 529 3420 precor
547 3359 602 3404 et
626 3349 850 3403 obsecro
881 3349 1099 3402 multam
1127 3347 1414 3402 liberorum
1441 3359 1625 3400 curam
1648 3356 1915 3412 geramus,

337 3449 393 3496 et
431 3441 624 3510 ubique
664 3440 889 3495 salutem
921 3441 1132 3494 illorum
1171 3437 1364 3492 animze
1392 3450 1715 3506 quaeramus.
1756 3432 1920 3502 Magi-

336 3543 449 3589 ster
477 3544 533 3589 et
559 3533 750 3588 doctor
785 3547 844 3588 es
870 3532 1131 3587 universa:
1157 3529 1354 3585 domus
1385 3539 1486 3584 tua:
1510 3568 1525 3590 ,
1553 3527 1754 3597 tibique
1784 3540 1917 3578 uxo-

338 3640 451 3679 rem
483 3632 541 3682 et
577 3623 715 3678 ﬁlios
744 3632 996 3694 perpetuo
1034 3620 1304 3677 docendos
1331 3619 1617 3676 committit
1656 3618 1814 3672 Deus.
1855 3616 1920 3671 Et

338 3732 484 3772 nunc
521 3717 735 3787 quidem
772 3718 845 3771 ait
872 3716 1067 3770 Paulus
1095 3715 1162 3770 de
1191 3714 1446 3768 uxoribus
1477 3730 1491 3766 :
1524 3713 1584 3768 Si
1606 3713 1728 3782 quid
1753 3722 1919 3765 autem

337 3807 510 3863 volunt
534 3808 746 3874 discere,
771 3807 908 3859 domi
933 3807 1067 3858 uiros
1087 3821 1206 3858 suos
1227 3806 1531 3874 interrogent
1570 3804 1647 3874 (1.
1676 3803 1794 3857 Cor.
1830 3803 1914 3856 M.

338 3899 468 3971 '55);
497 3911 636 3952 nunc
659 3912 790 3953 vero
813 3896 880 3950 de
909 3896 1087 3950 liberis
1106 3935 1125 3958 ,
1153 3893 1381 3948 Educate
1408 3895 1525 3948 illos
1556 3894 1610 3947 in
1639 3893 1916 3962 disciplina

335 4001 384 4045 et
413 3990 725 4061 correptione
749 3989 953 4044 Domini
974 3991 1188 4063 (Ep/tes.
1216 3989 1271 4045 6.
1298 3990 1375 4060 ι).
1405 3987 1621 4043 Statuas
1648 4000 1838 4041 aureas
1867 3989 1918 4039 iu

336 4082 542 4138 antibus
571 4082 771 4138 habere
804 4093 857 4140 te
898 4085 1145 4140 existima
1189 4083 1425 4148 liberos;
1471 4081 1697 4152 singulis
1732 4079 1920 4134 diebus

336 4188 432 4229 eos
460 4173 708 4242 intortna,
733 4185 789 4230 et
812 4174 1094 4246 diligenter
1112 4174 1417 4241 considera,
1437 4175 1688 4244 omnique
1716 4172 1920 4226 ratione

338 4265 549 4320 illorutn
578 4265 809 4320 animam
838 4283 1042 4322 exorna
1079 4277 1134 4322 et
1163 4268 1382 4322 institue
1415 4285 1429 4321 :
1464 4267 1671 4320 imitare
1708 4265 1917 4319 beatum

335 4357 459 4424 Job,
490 4359 579 4428 qui
609 4359 802 4413 timens
821 4360 890 4413 ob
910 4375 970 4415 ea
999 4375 1119 4430 qua:
1144 4360 1242 4430 ipsi
1268 4369 1446 4414 mente
1468 4368 1804 4429 peccassent,
1836 4372 1922 4411 sa-

337 4451 536 4506 criﬁcia
569 4465 664 4519 pro
694 4450 823 4522 ipsis
847 4451 1104 4508 otl'erebat
1128 4493 1145 4520 ,
1186 4469 1249 4508 ac
1281 4454 1505 4507 multum
1544 4453 1612 4508 de
1654 4453 1763 4507 illis
1805 4461 1921 4507 erat

337 4541 600 4596 sollicitus
625 4541 750 4611 (Job
800 4545 854 4598 1.
884 4544 963 4615 5).
995 4543 1205 4599 Imitare
1232 4544 1501 4598 Abraham
1537 4561 1551 4599 :
1581 4561 1708 4599 nam
1745 4553 1802 4600 et
1830 4545 1921 4600 ille

339 4634 681 4702 pecuniarum
729 4642 784 4689 et
824 4635 1222 4704 possessionum
1268 4633 1408 4689 haud
1452 4634 1721 4690 studiosus
1761 4643 1918 4704 erat,

337 4725 430 4779 sed
457 4726 758 4782 divinarum
789 4725 1004 4796 legum,
1036 4735 1094 4780 ut
1121 4726 1328 4781 illarum
1359 4727 1790 4783 observationem
1827 4743 1922 4797 po-

337 4819 497 4872 steris
530 4819 641 4872 suis
667 4828 851 4873 exacte
879 4818 1300 4873 commendaret.
1325 4818 1494 4886 Quam
1521 4818 1638 4888 ejus
1673 4819 1920 4875 virtutem

338 4907 645 4963 testimonio
664 4923 762 4962 suo
780 4907 1016 4962 declarat
1037 4908 1176 4962 Deus
1191 4908 1242 4962 in
1265 4907 1379 4962 haec
1399 4908 1555 4962 verba
1580 4924 1594 4962 :
1624 4907 1748 4962 Scio
1766 4909 1918 4975 enim,

336 4999 456 5069 quia
481 5002 746 5055 constituet
775 5001 1032 5056 Abraham
1058 5002 1180 5070 [iliis
1206 5003 1313 5056 suis
1340 5003 1543 5072 judicia
1580 5011 1626 5056 et
1656 5003 1918 5073 justi/ica-

339 5092 498 5145 tiones
519 5089 668 5160 (Gen.
711 5095 796 5148 18.
823 5093 934 5163 19).
967 5093 1130 5147 David
1157 5109 1369 5163 quoque
1389 5135 1402 5158 ,
1427 5093 1554 5148 dum
1582 5103 1880 5149 moreretur
1902 5135 1917 5160 ,

338 5195 546 5250 magna:
567 5180 879 5238 hereditatis
905 5183 1023 5238 loco
1049 5194 1237 5238 vocato
1262 5185 1373 5238 lilio
1397 5201 1494 5238 suo
1526 5185 1828 5249 mandabat,
1858 5202 1922 5241 ac

337 5274 646 5341 frequenter
684 5274 897 5331 dicebat
925 5293 944 5328 ι
973 5276 1029 5332 Si
1064 5276 1302 5332 volueris
1325 5317 1341 5342 ,
1390 5277 1500 5343 ﬁli,
1531 5293 1596 5332 ex
1626 5279 1798 5349 legum
1830 5279 1920 5334 llei

340 5366 655 5437 praescripto
679 5366 862 5423 vivere
882 5409 898 5433 ,
928 5368 1130 5422 nullum
1161 5368 1489 5436 inopinatum
1518 5368 1714 5422 malum
1746 5380 1795 5422 te
1823 5385 1918 5438 op-

339 5458 554 5528 primet,
584 5459 678 5515 sed
709 5461 887 5516 omnia
917 5477 1170 5532 prospere
1204 5461 1294 5516 tibi
1325 5461 1635 5528 succedent,
1663 5477 1726 5517 ac
1760 5464 1919 5516 multa

337 5553 624 5608 securitate
649 5555 868 5622 potieris
900 5571 921 5609 '.
945 5557 1027 5609 sin
1053 5564 1229 5610 autem
1256 5557 1324 5611 ab
1345 5554 1438 5608 illo
1460 5555 1656 5608 auxilio
1684 5555 1918 5622 excidas,

337 5641 471 5696 nihil
497 5641 588 5696 tibi
612 5659 830 5712 regnum
856 5653 910 5699 et
931 5645 1090 5699 multa
1115 5643 1228 5700 haec
1253 5644 1482 5714 potentia
1511 5643 1770 5716 proderit.
1796 5645 1921 5704 llaec

337 5745 393 5793 et
420 5736 541 5792 talia
566 5736 795 5808 dicebat,
818 5739 918 5795 etsi
941 5754 1045 5794 non
1069 5739 1182 5795 istis
1203 5738 1361 5810 plane
1385 5740 1580 5798 verbis.

1564 318 1629 374 IN
1670 316 1892 380 lLLUD,
1934 315 2140 372 VIDUA
2180 315 2548 374 ELIGATUR.

3511 323 3615 382 330

2107 428 2195 484 10.
2232 428 2495 494 Quomodo
2525 428 2669 499 pueri
2696 429 2940 496 docendi;
2967 432 3163 502 {ructus
3189 431 3331 489 bona:
3354 445 3442 490 aut
3467 444 3619 494 uiola:

2029 519 2342 575 educationis
2397 521 2716 586 liberorum;
2785 521 3088 594 negligentia
3146 536 3432 594 parentum.
3489 530 3616 586 Haec

2029 613 2188 666 etiam
2217 628 2317 666 nos
2347 623 2400 666 et
2429 613 2555 667 dum
2587 614 2845 680 vivimus,
2886 624 2942 670 et
2968 631 3089 672 cum
3121 619 3363 674 morituri
3388 635 3574 677 smnus
3607 669 3622 686 .

2029 701 2215 756 liberis
2244 703 2442 758 nostris
2460 703 2724 770 dicamus,
2748 705 2933 776 eisque
2956 709 3368 776 persuadeamus
3394 729 3616 784 magnas

2028 805 2152 846 esse
2175 791 2384 846 divitias
2411 803 2466 848 et
2489 794 2737 850 stabilem
2765 797 3117 853 hereditatem
3142 840 3160 867 ,
3194 801 3611 876 thesaurumque

2028 884 2190 937 nullis
2213 884 2510 939 obnoxium
2537 885 2748 941 damnis
2772 889 3019 945 timorem
3050 892 3178 958 Dei;
3211 909 3275 950 ac
3303 897 3614 954 studeamns

2028 975 2134 1031 illis
2156 992 2259 1030 non
2291 976 2543 1046 pecunias
2566 993 2686 1047 quae
2712 989 2937 1048 pereunt
2961 984 3295 1054 relinquere,
3319 988 3412 1042 sed
3440 991 3610 1058 pieta-

2030 1075 2136 1122 tem
2159 1083 2277 1138 qua:
2309 1077 2607 1137 permanet,
2637 1085 2738 1124 nec
2759 1085 3007 1141 umquam
3032 1074 3346 1132 absumitur.
3379 1079 3434 1134 Si
3462 1081 3608 1136 enim

2027 1158 2198 1228 pietas
2223 1174 2329 1212 non
2372 1157 2552 1224 adsit,
2595 1169 2819 1229 pereunt
2861 1164 3098 1230 pecuniae
3134 1180 3254 1234 quae
3282 1180 3614 1239 suppetunt,

2028 1262 2151 1302 cum
2180 1247 2421 1317 periculo
2445 1258 2499 1303 et
2525 1250 2811 1318 ignominia
2833 1265 3039 1306 sununa
3072 1273 3084 1306 :
3120 1271 3178 1310 ea
3209 1273 3336 1312 vero
3359 1260 3404 1314 si
3430 1261 3568 1316 adsit
3593 1301 3608 1328 ,

2027 1341 2188 1394 etiam
2219 1357 2281 1395 ea
2310 1357 2430 1411 qua:
2458 1357 2563 1396 non
2591 1353 2916 1413 suppetunt,
2958 1348 3323 1417 acquirunt-ir.
3365 1352 3420 1408 Si
3459 1363 3517 1409 tu
3546 1356 3612 1409 ﬁ-

2027 1433 2155 1487 lium
2185 1444 2331 1487 tuum
2359 1443 2504 1489 recte
2527 1435 2837 1490 educaveris
2862 1477 2878 1502 ,
2911 1437 2981 1491 ita
3007 1455 3160 1494 suum
3191 1441 3355 1500 ﬁlium
3389 1445 3476 1501 ille
3495 1488 3512 1509 ,
3553 1456 3610 1502 et

2026 1525 2162 1578 alter
2181 1540 2334 1578 suum
2359 1541 2373 1590 ;
2397 1540 2458 1579 ac
2477 1525 2641 1580 veluti
2659 1537 2844 1582 catena
2867 1529 3107 1598 quaadam
3130 1541 3181 1584 et
3202 1533 3370 1588 series
3392 1538 3610 1604 optimae

2024 1615 2446 1672 conversationis
2471 1615 2536 1670 ad
2566 1631 2753 1672 omnes
2779 1634 2949 1688 usque
2977 1622 3272 1688 perveniet,
3305 1641 3343 1680 at
3368 1635 3418 1680 te
3447 1625 3612 1682 ducto

2025 1705 2179 1760 initio
2203 1714 2258 1758 et
2281 1705 2460 1759 radice
2477 1746 2492 1769 ,
2518 1705 2658 1760 unde
2685 1706 2780 1760 tibi
2816 1707 2884 1761 ob
2910 1720 3213 1778 susceptam
3255 1712 3482 1768 ﬁliorum
3509 1732 3608 1770 cu-

2024 1809 2138 1848 ram
2166 1794 2372 1848 fructus
2401 1805 2705 1849 nascentur.
2735 1795 2791 1849 Si
2822 1809 3072 1865 parentes
3102 1799 3296 1854 liberos
3321 1817 3447 1859 suos
3475 1805 3603 1860 dili-

2023 1896 2203 1957 genter
2230 1888 2503 1942 erudirent
2525 1927 2540 1951 ,
2582 1903 2690 1942 non
2729 1888 2966 1959 legibus,
2996 1905 3100 1944 non
3123 1892 3338 1959 judiciis
3364 1910 3498 1964 opus
3525 1895 3609 1951 lo-

2023 1987 2147 2045 ret,
2175 1995 2280 2032 non
2312 1978 2486 2048 pinnis
2526 1993 2590 2034 ac
2627 1981 2929 2050 suppliciis,
2961 1992 3015 2038 et
3055 1983 3293 2040 ca-dibus
3337 1989 3559 2057 publicis
3591 2009 3605 2046 :

2023 2069 2284 2140 siquidem
2309 2069 2481 2135 Justo,
2511 2071 2683 2138 inquit
2706 2071 2818 2136 ille,
2852 2071 2934 2126 lea:
2957 2090 3058 2128 non
3082 2085 3153 2128 est
3179 2078 3343 2145 posita
3366 2079 3442 2150 (t.
3474 2079 3605 2134 Tim.

2026 2164 2079 2217 1.
2106 2162 2196 2232 9).
2243 2161 2506 2230 Quoniam
2535 2173 2710 2219 autem
2751 2165 2960 2220 illorum
2991 2183 3172 2222 curam
3205 2186 3309 2224 non
3335 2173 3604 2241 gerimus,

2032 2253 2234 2308 idcirco
2257 2253 2548 2322 majoribus
2589 2253 2709 2309 illos
2739 2257 2894 2311 malis
2929 2258 3279 2325 involvimus,
3308 2272 3360 2316 et
3387 2265 3602 2318 carniﬁ-

2021 2357 2145 2399 cum
2174 2343 2290 2399 illos
2320 2345 2568 2400 manibus
2609 2344 2852 2401 dedimus
2876 2386 2892 2412 ,
2930 2356 3089 2418 atque
3118 2351 3170 2404 in
3203 2351 3450 2408 barathra
3494 2356 3606 2410 l're-

2021 2447 2248 2508 quenter
2277 2437 2616 2506 impellimus.
2644 2437 2891 2515 Qui‘enim
2913 2442 3176 2511 refrigerat
3199 2443 3384 2510 lilium,
3411 2445 3606 2516 inquit,

2024 2527 2280 2598 colligabit
2304 2531 2511 2581 vulnera
2541 2529 2648 2599 ejus
2677 2527 2864 2596 (Eccli.
2889 2531 2977 2586 30.
3009 2534 3085 2599 7).
3117 2532 3254 2599 Quid
3283 2543 3366 2589 cst
3391 2534 3488 2601 Qui
3518 2553 3604 2590 re-

2023 2617 2275 2690 frigerat?
2302 2616 2404 2683 Qui
2430 2617 2714 2673 miseretur
2733 2659 2752 2686 ,
2781 2619 2872 2688 qui
2899 2619 3145 2676 adulatur
3164 2663 3182 2687 ,
3221 2624 3309 2693 qui
3342 2624 3611 2687 blanditur

2025 2712 2160 2763 ultra
2199 2707 2438 2763 modum.
2477 2708 2526 2763 ls
2552 2708 2695 2763 enim
2729 2709 3014 2766 severitate
3041 2725 3278 2782 curaque
3307 2714 3506 2786 indiget
3545 2732 3612 2771 ae

2023 2810 2189 2855 metu.
2222 2799 2348 2854 llaec
2382 2808 2560 2854 autem
2591 2815 2696 2854 non
2733 2815 2800 2854 eo
2828 2801 2969 2866 dico,
3003 2811 3062 2857 ut
3089 2803 3246 2858 nimis
3272 2807 3444 2874 aSperi
3475 2807 3610 2862 libe-

2023 2891 2096 2944 ris
2125 2891 2293 2944 simus
2316 2931 2330 2953 ,
2378 2889 2472 2945 sed
2503 2906 2568 2944 ne
2603 2890 2898 2961 despicatui
2928 2894 2996 2947 ab
3039 2895 3141 2949 illis
3189 2897 3499 2953 habeantur.
3550 2901 3611 2956 Si

2021 2982 2166 3037 enim
2199 2997 2332 3036 uxor
2359 2981 2528 3036 virum
2558 2997 2711 3036 suum
2739 2993 2978 3040 metuere
3008 2986 3203 3052 debet,
3249 2991 3416 3044 multo
3443 2995 3614 3063 magis

2023 3072 2163 3128 ﬁlius
2210 3081 2433 3142 patrem.
2471 3072 2666 3149 ‘Neque
2702 3074 2830 3128 inihi
2880 3076 3026 3129 dicas
3054 3077 3258 3133 domari
3298 3097 3404 3134 non
3453 3099 3612 3152 posse

2018 3163 2372 3234 iuventutem.
2403 3162 2533 3217 Nam
2562 3165 2660 3218 sia
2691 3165 2912 3221 muliere
2944 3167 3099 3220 vidua
3132 3183 3314 3224 curam
3343 3173 3610 3240 ejusmodi

2022 3258 2246 3324 requirit
2270 3257 2500 3318 Paulus,
2531 3258 2696 3311 multo
2725 3260 2891 3328 magis
2920 3274 2948 3312 a
2979 3260 3106 3315 viris
3138 3279 3150 3315 :
3180 3263 3224 3316 si
3265 3264 3377 3319 ﬁeri
3410 3265 3460 3319 id
3503 3283 3610 3321 non

2023 3359 2222 3420 posset,
2256 3365 2362 3404 non
2391 3349 2728 3419 imperasset.
2765 3349 2960 3406 Verum
2989 3353 3166 3407 omnis
3196 3353 3508 3423 improbitas
3535 3373 3604 3413 ex

2025 3444 2344 3515 negligentia
2371 3454 2553 3498 nostra
2594 3444 2766 3498 oritur
2789 3483 2804 3506 ,
2851 3454 2904 3498 et
2941 3444 3082 3514 quod
3115 3463 3220 3500 non
3249 3462 3278 3498 a
3309 3447 3570 3520 principio
3591 3491 3608 3513 ,

2023 3549 2198 3605 neque
2220 3550 2249 3589 a
2276 3534 2528 3605 primaeva
2557 3543 2714 3589 aetate
2738 3533 2804 3587 ad
2839 3537 3088 3602 pietatem
3120 3536 3265 3605 ipsos
3290 3538 3614 3594 informave-

2023 3627 2211 3682 rimus.
2242 3625 2348 3680 Sed
2379 3634 2435 3678 ut
2462 3623 2701 3695 profanis
2720 3624 2932 3695 quidem
2964 3625 3272 3681 imbuuntur
3293 3628 3612 3698 disciplinis,

2023 3720 2154 3777 etin
2180 3717 2479 3776 castrorum
2508 3733 2759 3773 numeros
2786 3717 3104 3788 allegautur,
3136 3735 3352 3790 operam
3379 3720 3570 3778 damus
3591 3766 3609 3788 ,

2023 3823 2080 3868 et
2103 3813 2358 3882 pecunias
2385 3825 2752 3876 numeramus,
2787 3821 2841 3864 et
2868 3812 3072 3866 amicos
3095 3811 3439 3868 obsecramus
3463 3855 3480 3880 ,
3510 3815 3619 3870 huc

2024 3903 2148 3956 illuc
2176 3903 2482 3971 frequenter
2507 3901 2860 3956 discurrimus
2893 3918 2907 3954 :
2942 3912 2996 3956 ut
3023 3912 3202 3956 autem
3232 3905 3370 3973 apud
3392 3909 3608 3974 angelo-

2023 4008 2142 4048 rum
2170 3992 2369 4063 Regem
2401 3991 2452 4045 in
2481 3991 2874 4047 existimatione
2900 3993 3009 4046 sint
3030 4033 3047 4059 ,
3076 4009 3181 4048 non
3211 3996 3496 4052 admodum
3528 4000 3610 4053 la—

2024 4085 2296 4140 boramus.
2343 4085 2519 4154 Atque
2561 4083 2629 4139 ad
2678 4086 2981 4154 spectacula
3033 4086 3248 4156 quidem
3306 4089 3612 4160 frequenter

2023 4176 2314 4232 ascendere
2342 4175 2606 4243 sinimus,
2655 4176 2719 4230 ad
2761 4176 3044 4232 ecclesiam
3088 4188 3265 4234 autem
3313 4197 3605 4252 numquam

2025 4265 2209 4320 venire
2229 4265 2602 4335 compellimus
2633 4284 2646 4320 :
2680 4265 2773 4320 sed
2805 4266 2854 4322 si
2879 4267 3044 4322 semel
3067 4278 3162 4322 aut
3191 4270 3380 4324 iterum
3410 4289 3608 4342 pueru-

2023 4359 2108 4413 lus
2133 4356 2238 4412 hue
2265 4357 2550 4424 adveniat,
2581 4367 2813 4423 temere,
2848 4359 3042 4414 frustra
3069 4370 3124 4414 ct
3154 4361 3419 4417 incassum
3448 4374 3607 4434 atque

2025 4451 2190 4506 animi
2214 4466 2372 4506 causa
2415 4449 2520 4506 huc
2543 4451 2778 4505 advenit.
2825 4452 2892 4505 At
2936 4467 3040 4505 non
3085 4453 3154 4506 ita
3187 4453 3300 4508 ﬁeri
3327 4457 3608 4523 oportuit:

2024 4542 2118 4599 sed
2146 4541 2594 4614 quemadmodum
2625 4557 2746 4596 cum
2770 4541 2837 4597 ad
2867 4541 3080 4597 scholas
3119 4543 3414 4612 mittimus,
3441 4545 3610 4602 disci-

2024 4633 2290 4704 plinarum
2318 4632 2387 4688 ab
2414 4631 2520 4687 illis
2555 4632 2813 4686 rationem
2841 4633 3134 4702 exigimus,
3165 4632 3234 4687 ita
3265 4649 3387 4690 cum
3421 4637 3485 4690 ad
3517 4655 3612 4692 ee-

2025 4723 2241 4780 clesiam
2270 4721 2548 4788 mittimus,
2573 4723 2657 4777 vel
2684 4723 2860 4794 potius
2884 4723 3148 4780 ducimus.
3175 4723 3290 4780 Non
3320 4727 3463 4782 enim
3489 4729 3609 4784 aliis

2026 4830 2121 4870 eos
2149 4815 2515 4880 committere.
2548 4830 2578 4869 a
2610 4815 2761 4869 vobis
2790 4815 2979 4869 ductos
3007 4814 3108 4871 huc
3138 4827 3350 4886 oportet
3373 4819 3609 4885 intrare,

2027 4915 2083 4961 et
2107 4920 2294 4962 eorum
2323 4921 2442 4976 qua:
2473 4907 2557 4960 hic
2579 4905 2900 4970 audiverint,
2927 4915 2980 4962 et
3002 4922 3122 4976 qua:
3155 4907 3462 4974 didicerint,
3495 4927 3609 4965 me-

2027 4998 2196 5053 moria
2223 4996 2551 5068 reposcenda
2577 5008 2684 5053 est.
2716 4995 2806 5052 Sic
2834 4999 2977 5052 enim
3010 4999 3162 5054 ﬁeret
3193 5009 3249 5052 ut
3277 5015 3306 5052 a
3339 5001 3492 5056 nobis
3532 5001 3609 5056 fa-

2026 5090 2127 5144 cile
2154 5104 2218 5144 ac
2244 5090 2391 5145 nullo
2421 5091 2634 5160 negotio
2674 5090 2740 5144 ad
2773 5092 3048 5146 meliorem
3093 5090 3298 5162 frugem
3343 5093 3493 5148 liberi
3525 5110 3606 5149 re-

2027 5193 2363 5240 vocarentur.
2393 5183 2523 5239 Nam
2553 5185 2596 5238 si
2623 5193 2676 5239 et
2699 5183 2844 5238 domi
2883 5194 3140 5255 perpetuo
3163 5202 3259 5240 nos
3287 5185 3356 5241 de
3378 5187 3605 5256 philoso-

2028 5275 2150 5348 pbia
2197 5275 2478 5347 loquentes
2517 5276 2784 5342 audirent,
2824 5285 2880 5330 et
2918 5277 3061 5346 quod
3110 5293 3243 5346 opus
3289 5277 3430 5334 facto
3469 5289 3614 5334 esset

2026 5366 2394 5434 consulentes,
2423 5379 2476 5423 et
2501 5383 2622 5422 cum
2655 5367 2758 5422 illis
2781 5367 3198 5438 adjuugerentur
3221 5384 3340 5439 quia
3366 5368 3470 5424 hoc
3496 5371 3612 5423 loco

2027 5459 2276 5515 dicuntur
2297 5501 2312 5524 ,
2342 5468 2396 5515 et
2421 5459 2813 5530 quamprimum
2843 5459 3066 5514 istorum
3097 5460 3365 5516 seminum
3398 5461 3614 5516 uberem

2028 5554 2183 5609 nobis
2217 5553 2445 5610 fructum
2474 5553 2850 5624 producerent.
2880 5555 2948 5608 At
2979 5567 3077 5608 nos
3103 5553 3234 5608 nihil
3262 5553 3450 5608 horum
3477 5567 3616 5624 pnti-

2027 5656 2250 5713 stamns,
2273 5646 2366 5702 scd
2391 5663 2452 5703 ea
2479 5663 2597 5718 quae
2627 5654 2808 5702 nostra
2840 5647 3104 5702 intersunt
3128 5646 3378 5711 maxime,
3407 5646 3624 5716 pertun-

2029 5741 2196 5796 ctorie
2226 5755 2474 5796 curamus
2505 5759 2520 5796 :
2550 5739 2695 5813 quod
2737 5741 2780 5795 si
2811 5741 2880 5796 de
2914 5739 2997 5795 his
3026 5740 3340 5795 cohortatur
3383 5738 3575 5810 aliquis
3595 5775 3614 5802 ,
