4082 6212
492 303 592 360 331

494 427 674 484 statim
698 426 983 493 irridetur;
1010 435 1170 498 atque
1197 425 1324 482 bine
1354 430 1430 492 lit,
1464 437 1521 482 ut
1547 428 1725 482 omnia
1754 440 1952 496 susque
1975 425 2075 479 de-

493 534 601 588 que
626 527 917 581 venantur,
948 532 1190 589 quosque
1211 527 1461 589 parentes
1488 534 1593 575 non
1619 518 1902 588 castigant,
1932 517 2079 589 leges

493 619 730 663 externa:
756 609 1035 678 castigent.

565 701 654 753 tt.
687 701 769 754 Au
799 714 904 753 non
935 707 988 754 te
1017 699 1200 770 pudet,
1239 715 1444 770 quaso,
1475 716 1575 756 nec
1599 699 1874 756 erubescis
1897 741 1914 767 ,
1953 714 2075 754 cum

493 790 661 846 filium
689 801 835 847 tuum
857 793 1020 862 judex
1045 794 1232 864 punit,
1259 803 1314 848 et
1347 795 1814 864 temperantiorem
1859 792 2036 847 reddit
2059 831 2075 856 ,

490 882 632 950 quod
661 882 750 936 ille
768 885 1103 938 correctione
1133 893 1356 938 externa
1386 885 1639 954 indigeat,
1660 885 1752 953 qui
1773 891 1921 936 tanto
1941 891 2076 936 tem-

491 987 622 1042 pore
649 974 701 1027 in
725 975 1079 1029 contubernio
1118 984 1213 1029 tuo
1252 975 1424 1030 vixit?
1465 991 1571 1030 non
1609 985 1660 1030 te
1700 973 1986 1029 abscondis
2021 982 2077 1027 et

487 1063 768 1117 occultas?
795 1065 877 1119 An
905 1079 1036 1119 vero
1064 1074 1119 1118 tu
1147 1066 1368 1119 omnino
1392 1107 1408 1130 ,
1435 1065 1524 1119 die
1547 1106 1562 1129 ,
1590 1080 1775 1134 quaeso
1796 1106 1813 1128 ,
1836 1075 1990 1135 pater
2013 1063 2074 1118 il-

489 1153 594 1209 lius
621 1155 788 1210 audes
806 1157 1006 1220 vocari,
1035 1160 1122 1226 qui
1153 1157 1316 1211 tilium
1340 1157 1409 1210 ita
1438 1155 1757 1226 prodideris,
1779 1171 1955 1224 neque
1975 1168 2074 1208 ne-

488 1249 725 1304 cessario
752 1249 900 1303 illum
940 1249 1190 1319 pra-sidio
1219 1248 1476 1304 munieris
1496 1289 1514 1314 ,
1545 1247 1641 1302 sed
1669 1247 1737 1302 ab
1757 1247 1904 1302 omni
1935 1246 2073 1301 sive-

489 1339 563 1394 ris
598 1341 939 1410 improbitate
971 1341 1186 1396 vitiari?
1215 1341 1294 1395 Ac
1319 1341 1364 1395 si
1392 1340 1698 1410 quempiam
1736 1339 1950 1410 quidem
1986 1337 2070 1392 fu-

487 1436 710 1503 gitivum
740 1437 923 1491 videas
950 1437 1176 1505 puerulo
1195 1437 1374 1506 alapas
1401 1437 1802 1506 impingentem,
1832 1435 2074 1505 indigna-

488 1528 563 1582 ris
587 1569 601 1590 ,
648 1527 894 1582 irasceris
918 1570 933 1592 ,
983 1537 1038 1583 et
1079 1528 1190 1583 fera
1228 1528 1502 1583 crudelius
1545 1529 1596 1582 in
1642 1527 1831 1582 faciem
1869 1526 2072 1580 involas

482 1617 602 1687 ejus
623 1659 641 1684 ,
670 1634 699 1671 a
725 1634 832 1688 quo
858 1621 1158 1688 percutitur
1185 1636 1198 1672 :
1229 1635 1352 1674 eum
1384 1634 1513 1674 vero
1537 1618 1808 1673 diabolum
1834 1617 2070 1686 quotidie

492 1708 678 1763 videas
728 1710 912 1778 alapas
955 1710 1031 1764 illi
1061 1710 1357 1780 impingere
1383 1750 1400 1775 ,
1439 1709 1712 1764 daemones
1750 1709 1816 1762 ad
1855 1718 2069 1777 peccata

487 1801 757 1870 pellicere,
788 1802 1012 1867 dormis,
1043 1819 1224 1874 neque
1253 1803 1566 1874 indignaris,
1604 1817 1776 1871 neque
1803 1816 1872 1857 ex
1901 1800 2068 1854 fauci-

485 1891 587 1946 bus
630 1893 939 1948 ssevissima:
983 1894 1173 1948 bellua:
1218 1893 1384 1948 filium
1429 1893 1634 1962 eripis?
1673 1891 1878 1946 Rursus
1903 1907 1931 1943 a
1959 1891 2068 1944 da:-

484 2001 644 2039 mone
671 1986 715 2040 si
744 1995 1050 2056 correptum
1077 1985 1279 2051 videas,
1308 1987 1374 2040 ad
1403 2001 1588 2040 omnes
1615 1995 1829 2039 sanctos
1855 1983 2028 2038 curris
2047 2022 2064 2047 ,

483 2087 538 2130 et
562 2092 657 2132 cos
681 2078 772 2148 qui
802 2079 1078 2133 cacumina
1107 2079 1369 2132 montium
1394 2078 1632 2132 incolunt
1656 2077 1980 2146 interpellas,
2009 2083 2068 2128 ut

482 2167 629 2222 illum
659 2169 920 2238 ejusmodi
948 2169 1127 2224 furore
1150 2170 1376 2226 liberent
1399 2187 1412 2226 :
1437 2185 1557 2224 cum
1585 2179 1762 2224 autem
1791 2185 1820 2222 a
1846 2180 2066 2240 peccato

479 2275 694 2330 semper
728 2271 955 2317 vexetur
974 2305 989 2329 ,
1019 2262 1162 2333 quod
1190 2264 1436 2320 daemone
1462 2263 1650 2334 quovis
1675 2263 1917 2333 asperius
1940 2271 2022 2317 est
2044 2302 2062 2327 ,

480 2353 612 2407 nihil
640 2363 816 2409 tamen
843 2364 894 2410 te
922 2355 1264 2410 commovet?

547 2444 794 2501 Peccator
819 2448 1129 2502 dremoniaco
1156 2447 1402 2503 miserior.
1432 2476 1506 2487 —
1528 2447 1597 2501 At
1620 2462 1648 2499 a
1679 2445 1922 2500 daemone
1943 2444 2063 2516 qui-

476 2537 599 2592 dem
627 2539 805 2592 vexari
832 2580 848 2602 ,
881 2538 1010 2592 nihil
1037 2555 1196 2607 grave
1225 2549 1308 2593 est
1335 2556 1346 2591 :
1378 2554 1550 2608 neque
1587 2538 1730 2593 enim
1769 2539 1874 2591 ullo
1901 2537 2060 2591 modo

481 2638 659 2698 potest
697 2630 1020 2684 daemonium
1066 2630 1117 2683 in
1165 2629 1462 2700 gehennam
1508 2629 1831 2698 prmcipitcin
1869 2643 2054 2698 agerc;

475 2719 573 2775 sed
613 2719 658 2775 si
699 2720 885 2774 attenti
928 2721 1096 2773 simus
1123 2733 1186 2773 ac
1213 2719 1400 2788 vigiles
1431 2760 1445 2783 ,
1479 2717 1570 2772 ubi
1609 2733 1729 2772 cum
1770 2719 2058 2787 gratiarum

476 2810 686 2864 actione
713 2810 1065 2866 contumelias
1095 2809 1357 2878 ejusmodi
1390 2809 1689 2871 tulerimus,
1713 2809 1871 2862 etiam
1897 2822 2058 2862 coro-

476 2914 574 2953 nas
604 2899 756 2954 nohis
787 2900 1023 2970 insignes
1051 2908 1107 2954 et
1136 2899 1370 2954 illustres
1401 2899 1486 2952 illa
1517 2899 1738 2952 tentatio
1775 2913 2057 2966 compara-

477 2992 583 3056 bit;
614 3007 736 3048 eum
769 3008 896 3047 vero
925 2993 1014 3062 qui
1047 2991 1280 3062 peceatis
1318 2991 1460 3045 vivat
1485 2990 1727 3044 addictus
1750 3030 1764 3054 ,
1807 2989 2056 3059 impossi-

473 3085 581 3141 bile
605 3094 687 3141 est
713 3101 962 3155 umquam
988 3084 1190 3138 salvum
1223 3084 1332 3137 ﬁeri
1360 3123 1376 3148 ,
1420 3082 1514 3137 sed
1546 3081 1701 3152 plane
1731 3096 1948 3136 necesse
1974 3089 2058 3135 est

473 3186 528 3232 et
554 3177 639 3232 hic
667 3178 1080 3248 ignominiosum
1108 3193 1231 3233 esse
1257 3217 1271 3242 ,
1318 3185 1372 3231 et
1397 3175 1706 3231 defunctum
1736 3189 1918 3229 rursus
1950 3174 2057 3229 illic

430 3271 760 3326 ‘immortali
803 3270 1067 3341 supplicio
1107 3271 1302 3340 puniri.
1351 3269 1728 3323 Verumtamen
1777 3268 1899 3322 licet
1941 3267 2056 3322 lucc

471 3365 737 3428 sciamus,
768 3364 996 3418 multum
1037 3363 1252 3432 quidem
1283 3361 1442 3417 studii
1470 3361 1522 3416 in
1555 3376 1618 3415 ca
1656 3374 1776 3430 qua:
1799 3368 1923 3414 sunt
1949 3359 2054 3414 mi-

471 3469 601 3508 nera
631 3454 959 3508 conferimus
990 3471 1002 3506 :
1027 3463 1082 3507 at
1106 3469 1227 3507 eum
1255 3453 1322 3508 de
1352 3453 1644 3522 majoribus
1673 3453 1870 3523 agitur,
1896 3453 2052 3506 nolu-

472 3560 590 3598 mus
619 3545 840 3598 excitari
872 3561 885 3596 :
917 3543 1152 3614 dumque
1179 3555 1484 3614 correptum
1529 3560 1557 3596 a
1597 3546 1840 3598 dmmone
1879 3543 2056 3599 cerni-

472 3650 590 3688 mus
616 3674 630 3697 ,
671 3633 912 3703 lugemus
943 3651 956 3687 :
988 3635 1115 3688 dum
1155 3642 1332 3689 autem
1383 3645 1690 3704 peccantem
1739 3635 2008 3690 cernimus
2034 3676 2051 3700 ,

471 3742 540 3781 ne
573 3726 898 3796 percipimus
931 3727 1146 3796 quidem
1171 3767 1187 3792 ,
1231 3741 1351 3780 cum
1397 3726 1648 3796 plangere
1677 3735 1949 3794 oporteret
1990 3741 2054 3780 ac

469 3816 670 3872 deﬂere
701 3834 714 3870 :
749 3817 830 3871 vel
859 3818 1030 3886 potius
1058 3833 1162 3870 non
1203 3816 1403 3872 deﬂere
1429 3817 1600 3871 solum
1622 3859 1636 3879 ,
1680 3817 1774 3872 sed
1817 3827 1872 3873 et
1898 3818 2048 3873 cohi-

467 3911 595 3965 bere
625 3925 686 3964 ac
711 3909 1003 3973 refrenare,
1035 3910 1340 3975 consulere,
1369 3909 1665 3975 cohortari,
1693 3909 1937 3964 timorem
1963 3909 2049 3964 in-

463 4011 672 4066 cutere,
698 3999 1116 4072 reprehendere,
1148 4001 1292 4054 omni
1318 3999 1541 4055 medelze
1568 4015 1765 4070 genere
1805 4001 2047 4056 morbum

467 4094 616 4148 illum
639 4093 876 4160 abigere,
908 4108 970 4147 ac
998 4093 1213 4146 viduam
1245 4092 1399 4146 istam
1428 4093 1620 4146 imitari
1645 4133 1658 4154 ,
1685 4092 1752 4146 de
1778 4107 1880 4162 qua
1906 4091 2046 4146 Pau-

466 4187 548 4241 lus
572 4187 666 4252 ait,
698 4185 762 4242 Si
783 4185 921 4252 ﬁlios
945 4185 1175 4239 educavit
1199 4183 1274 4258 (ι.
1299 4183 1437 4239 Tim.
1472 4185 1522 4240 5.
1553 4184 1662 4253 10).
1695 4184 1877 4256 Neque
1903 4184 2046 4240 enim

465 4279 531 4332 ad
559 4279 699 4332 illam
728 4285 929 4331 tantum
957 4317 972 4338 .
1012 4277 1107 4333 sed
1155 4277 1221 4332 ad
1262 4292 1448 4332 omnes
1485 4291 1696 4348 quoque
1743 4293 2046 4334 sermonem

465 4372 607 4428 hunc
632 4372 850 4444 dirigit,
872 4386 1167 4441 omnesque
1203 4371 1514 4426 cohortatur
1533 4412 1546 4435 ,
1575 4370 1758 4424 dicens
1777 4412 1792 4436 ,
1821 4368 2050 4427 Educet:

463 4463 599 4532 ﬁlios
625 4463 675 4516 in
702 4463 1015 4532 correptione
1041 4460 1252 4515 Domini
1280 4459 1497 4532 (Ephes.
1537 4461 1589 4514 6.
1627 4460 1705 4532 4).
1757 4459 1888 4515 Nam
1934 4461 2047 4531 pri-

463 4571 609 4610 mum
641 4555 742 4610 hoc
762 4554 977 4626 quidem
1006 4561 1106 4618 est,
1137 4564 1190 4610 et
1217 4554 1505 4608 maximum
1527 4553 1747 4618 bonum,
1774 4553 1916 4623 quod
1946 4554 2048 4608 utl-

461 4662 567 4715 que
606 4649 836 4716 primum
874 4662 904 4700 a
935 4645 1091 4699 vidua
1121 4646 1336 4713 exegit;
1368 4645 1562 4700 deinde
1607 4655 1728 4716 post
1757 4646 1895 4701 istud
1921 4648 1996 4702 ait
2027 4664 2042 4702 :

464 4740 527 4796 Si
555 4741 774 4811 hospitio
800 4741 1005 4808 recepit.
1032 4739 1192 4808 Quid,
1216 4756 1420 4811 quaiso,
1450 4739 1618 4794 dicis?
1639 4743 1679 4794 A
1708 4741 1933 4796 muliere
1962 4742 2044 4795 vi-

462 4835 565 4890 dua
589 4833 837 4904 requiris,
870 4844 927 4887 ut
955 4833 1185 4902 hospitio
1214 4833 1468 4904 recipiat?
1507 4833 1622 4888 Non
1663 4834 1766 4888 hoc
1809 4834 2039 4900 sufﬁcit,

461 4937 522 4982 ut
549 4927 745 4982 liberos
771 4927 1006 4980 nutriat?
1028 4926 1392 4997 Nequaquam,
1425 4926 1625 4996 inquit;
1655 4927 1748 4982 sed
1775 4926 1877 4981 hoc
1905 4942 2042 4998 quo-

459 5035 562 5091 que
589 5018 868 5088 adjiciatur
894 5031 1114 5073 necesse
1135 5026 1238 5084 est,
1263 5027 1318 5072 et
1336 5017 1460 5072 dum
1485 5018 1794 5074 domesticis
1825 5028 2038 5088 prmcst,

459 5112 621 5166 etiam
649 5111 944 5166 alienorum
975 5126 1158 5165 curam
1184 5119 1370 5181 gerat,
1415 5125 1478 5165 ac
1507 5113 1800 5183 peregrinis
1822 5114 2039 5167 dommn

455 5206 679 5276 aperiat.
727 5205 840 5260 Vita
881 5203 1094 5260 functus
1141 5213 1225 5260 est
1269 5203 1528 5272 maritus;
1566 5219 1780 5260 omnem
1820 5222 2040 5276 Operam

455 5313 614 5367 quam
658 5296 789 5354 olim
828 5297 880 5351 in
927 5297 1097 5361 illum,
1136 5313 1191 5352 in
1237 5297 1548 5368 peregrinos
1591 5296 1856 5366 impende.
1902 5298 2038 5366 Quid

458 5405 587 5459 ergo
608 5431 624 5457 ,
652 5389 695 5444 si
724 5389 1042 5460 paupercula
1072 5388 1179 5455 sit,
1223 5388 1364 5444 dicet
1401 5388 1626 5459 aliquis?
1649 5388 1764 5443 Non
1813 5399 1895 5444 est
1935 5391 2038 5445 ulla

456 5480 743 5551 pauperior
766 5480 853 5536 illa
883 5481 1035 5535 vidua
1061 5523 1077 5547 ,
1107 5497 1225 5551 qua:
1255 5479 1466 5536 modico
1505 5479 1596 5533 illo
1626 5479 1807 5535 farinae
1833 5522 1847 5545 ,
1878 5489 2040 5550 atque

455 5571 558 5624 olei
606 5571 816 5642 lecytlio
843 5589 1089 5644 magnum
1121 5573 1433 5643 prolihetam
1479 5572 1681 5628 Heliam
1709 5573 1919 5642 excepit
1958 5573 2034 5645 (3.

461 5657 587 5728 Reg.
623 5662 686 5714 Π
706 5663 746 5730 ).
780 5662 911 5718 Nam
941 5665 1015 5718 illi
1043 5673 1196 5719 erant
1223 5663 1371 5720 llbcri
1401 5680 1416 5723 :
1447 5664 1541 5719 scd
1583 5681 1755 5736 neque
1781 5666 1857 5720 rei
1885 5666 2035 5720 fatui-

448 5747 600 5805 iiaris
629 5761 856 5818 egestas,
892 5767 992 5807 nee
1031 5753 1278 5809 violentia
1314 5753 1468 5810 famis
1489 5797 1504 5824 ,
1538 5773 1709 5829 neque
1743 5773 1888 5816 mors
1930 5761 2026 5815 im-

1275 314 1334 370 8.
1373 311 1651 370 JOANNIS
1684 307 2160 369 οιιηνδοεγοιι
2197 308 2514 369 ARCIHEP.
2555 314 3088 376 CONSTANTINOP.

3681 327 3796 384 33!

2196 425 2428 493 mineus,
2475 445 2649 500 neque
2695 432 2983 488 liberorum
3025 449 3171 500 cura,
3229 450 3328 492 nec
3372 438 3628 509 viduitas,
3685 462 3792 502 uec

2183 518 2324 573 aliud
2350 521 2635 592 quidquam
2665 523 2912 595 hospitali
2946 528 3160 583 mulieri
3183 527 3464 586 obstaculo
3493 535 3612 590 fuit.

2255 608 2342 664 12.
2371 611 2459 666 Sic
2487 611 2682 683 ubique
2711 632 2815 670 non
2844 617 3148 672 facultatum
3180 635 3452 685 mensura,
3483 624 3576 678 sed
3612 628 3786 681 animi

2181 697 2508 770 electusque
2528 719 2773 759 mensura
2796 709 3068 776 qumritur.
3092 708 3194 774 Qui
3220 715 3590 782 magnanimus
3621 729 3786 773 estet

2181 800 2361 844 mente
2388 792 2556 858 dives,
2589 794 2712 849 licet
2741 798 2963 865 pecunia
3004 800 3074 854 sit
3096 801 3334 855 omnium
3378 809 3779 874 pauperrimus,

2179 889 2234 936 et
2259 883 2636 952 hospitalitate,
2659 896 2714 941 et
2732 888 3091 961 eleeinosyna,
3107 901 3159 945 et
3181 893 3327 946 omni
3347 894 3551 964 reliquo
3569 913 3782 968 genere

2180 971 2513 1030 liberalitatis
2525 991 2714 1031 omnes
2741 980 2938 1048 poterit
2964 995 3222 1050 superare
3251 1000 3265 1035 :
3294 984 3385 1052 qui
3414 1000 3542 1040 vero
3569 1003 3772 1056 parem

2178 1077 2262 1120 est
2297 1081 2361 1120 ac
2387 1078 2566 1124 mente
2597 1085 2814 1139 pauper,
2844 1083 3003 1144 atque
3026 1074 3173 1129 humi
3198 1076 3382 1146 serpit,
3414 1080 3481 1134 sit
3512 1081 3637 1136 licet
3655 1100 3778 1137 om-

2177 1157 2322 1212 nium
2368 1159 2849 1230 locupletissimus,
2896 1166 3134 1220 omnium
3183 1171 3553 1238 pauperrimus
3587 1184 3676 1228 est
3718 1186 3776 1231 et

2176 1249 2586 1318 egentissimus;
2610 1253 2809 1308 idcirco
2842 1255 2963 1309 talia
2980 1268 3172 1312 cuneta
3197 1259 3457 1316 detrectat
3475 1272 3532 1318 et
3550 1264 3772 1336 refugit.

2177 1339 2245 1394 Et
2267 1341 2709 1410 quemadmodum
2735 1344 2788 1399 in
2815 1361 3049 1415 paupere
3066 1348 3268 1402 nullum
3288 1361 3462 1420 potest
3483 1367 3775 1423 paupertas

2174 1431 2242 1485 ad
2258 1433 2650 1505 eleemosynam
2675 1435 3112 1507 impedimentum
3138 1440 3352 1506 afferre,
3377 1453 3594 1514 propter
3622 1463 3774 1502 men-

2177 1523 2243 1577 tis
2262 1524 2628 1592 opulentiam:
2673 1528 2753 1582 sic
2786 1543 2885 1583 nec
2915 1528 3134 1585 divitem
3166 1543 3388 1600 possunt
3429 1538 3772 1605 cpesjuvaro

2172 1614 2240 1668 ad
2268 1614 2632 1672 liberalitatem
2660 1619 3014 1674 exercendam
3062 1637 3172 1691 pra:
3200 1624 3361 1679 nimia
3402 1629 3596 1682 tuentis
3635 1645 3766 1700 egeo

2173 1717 2330 1764 state.
2356 1709 2468 1765 Nec
2510 1711 2667 1782 longe
2710 1722 2871 1768 erunt
2909 1716 3153 1784 exempla
3198 1718 3422 1786 petenda
3463 1720 3763 1790 :siquidcm

2174 1800 2328 1854 vidua
2359 1801 2571 1858 modico
2597 1803 2780 1858 farinae
2808 1804 3121 1874 prophetam
3151 1809 3362 1878 excepit
3387 1828 3400 1863 :
3433 1810 3654 1867 Acbaab
3672 1829 3765 1866 au—

2173 1899 2300 1956 tem,
2324 1893 2417 1970 qui
2446 1902 2525 1948 tot
2571 1894 2781 1950 divitias
2814 1896 3137 1966 possidebat,
3167 1899 3330 1954 etiam
3360 1902 3531 1956 aliena
3557 1919 3760 1959 concu-

2171 1983 2301 2052 pivit
2342 1984 2430 2054 (5.
2457 1985 2585 2056 Reg.
2615 2002 2662 2040 c.
2691 1987 2779 2041 17.
2806 1997 2854 2042 et
2882 2004 2930 2042 c.
2957 1988 3019 2043 21
3057 1989 3099 2059 ).
3147 1991 3222 2045 Ita
3265 2008 3369 2047 non
3415 1996 3757 2062 pecuniarum

2169 2075 2384 2139 divitiae,
2413 2077 2504 2132 sed
2532 2078 2727 2132 mentis
2762 2078 2964 2134 divntiae
2989 2081 3294 2136 facilitatem
3325 2085 3477 2138 nobis
3501 2085 3570 2139 ad
3612 2087 3758 2142 elec-

2169 2181 2445 2238 mosynam
2477 2169 2715 2237 prmbent
2742 2186 2756 2222 :
2785 2170 3215 2240 quandoquidem
3265 2174 3354 2227 illa
3396 2175 3558 2231 etiam
3600 2178 3758 2233 vidua

2167 2257 2377 2314 duobus
2415 2258 2587 2314 obolis
2608 2261 2916 2316 innumeros
2941 2262 3134 2318 divites
3171 2267 3462 2334 superavit,
3495 2284 3598 2322 nec
3627 2286 3756 2338 pau-

2167 2360 2346 2419 pertas
2370 2350 2802 2420 impedimentum
2827 2353 3022 2423 objccit
3043 2354 3192 2425 (Luc.
3213 2356 3304 2412 2i.
3321 2357 3479 2428 9.-4).
3513 2359 3625 2415 lino
3647 2362 3758 2418 ba-c

2166 2441 2280 2512 ipsa
2312 2453 2599 2512 paupertas
2643 2445 3038 2517 cleemosynain
3083 2448 3338 2517 majorem
3381 2446 3590 2506 cil'ecit;
3616 2457 3759 2523 quod

2168 2534 2350 2603 utique
2397 2535 2590 2591 Paulus
2637 2536 2721 2591 his
2747 2539 2924 2594 verbis
2962 2541 3273 2610 expressit:
3317 2543 3575 2597 Altissime
3624 2564 3759 2614 pau-

2168 2635 2336 2694 pertas
2356 2627 2626 2680 abundavit
2644 2629 2697 2681 in
2724 2630 2927 2684 divitias
2956 2631 3298 2701 simplicitatis
3321 2650 3493 2688 eorum
3516 2637 3610 2705 (2.
3633 2637 3758 2692 Cor.

2166 2718 2220 2770 8.
2243 2715 2324 2786 9.).
2345 2717 2458 2771 Non
2475 2719 2616 2772 enim
2641 2719 2740 2774 hoc
2755 2721 3196 2777 considerandum
3216 2733 3296 2779 est
3311 2724 3446 2781 duos
3464 2727 3608 2782 illam
3624 2729 3763 2786 obo-

2164 2806 2244 2861 los
2271 2823 2539 2878 erogasse,
2589 2809 2682 2863 sed
2712 2811 2852 2881 quod
2881 2828 3001 2867 cum
3051 2813 3150 2869 hos
3200 2815 3344 2871 solos
3373 2817 3616 2885 haberet,
3651 2822 3761 2878 illis

2163 2899 2382 2954 minime
2428 2903 2746 2970 pepercerit,
2778 2903 2872 2958 sed
2900 2912 3062 2960 totam
3079 2905 3429 2964 substantiam
3455 2925 3606 2966 suam
3625 2929 3762 2969 con-

2164 2991 2364 3058 tulerit,
2414 2992 2630 3049 laudare
2671 2993 2813 3049 illam
2843 3007 3054 3064 Oportet
3093 3013 3157 3053 ac
3203 3000 3407 3055 mirari.
3449 3001 3565 3058 Non
3597 3005 3763 3075 igitur

2161 3083 2370 3152 opibus,
2401 3084 2495 3140 sed
2539 3086 2703 3140 animi
2742 3087 3017 3144 alacritate
3048 3089 3200 3145 nobis
3241 3101 3324 3146 cst
3349 3106 3504 3162 opus,
3536 3097 3757 3165 quando

2160 3175 2456 3245 excipiendi
2486 3187 2609 3232 sunt
2638 3177 2893 3248 hospites.
2922 3178 3052 3235 Nam
3081 3183 3531 3251 quemadmodum
3557 3188 3603 3240 si
3635 3187 3756 3244 ha-c

2159 3265 2320 3330 adsit,
2350 3267 2479 3322 nihil
2502 3284 2696 3324 nocere
2722 3279 2896 3339 potest
2927 3283 3210 3341 paupertas
3237 3291 3252 3326 :
3283 3275 3361 3329 sic
3383 3276 3426 3330 si
3451 3275 3564 3332 bmc
3587 3279 3754 3347 absit,

2161 3357 2290 3412 nihil
2322 3359 2559 3427 proderit
2582 3361 2874 3431 opulentia.
2906 3363 3042 3430 Quid
3072 3365 3151 3418 ais
3175 3365 3200 3417 ?
3226 3365 3420 3421 Curam
3453 3367 3750 3426 liberorum

2159 3455 2296 3524 gerit
2320 3455 2496 3520 vidua,
2524 3467 2578 3511 et
2607 3456 2806 3511 idcirco
2831 3458 3139 3528 peregrinos
3181 3459 3361 3516 fovere
3388 3477 3494 3516 non
3523 3474 3707 3534 potest
3735 3466 3758 3519 ?

2161 3544 2272 3600 lmo
2295 3561 2422 3601 vero
2441 3546 2578 3602 hanc
2599 3547 2840 3604 eamdem
2864 3549 2934 3605 ob
2955 3563 3171 3605 causam
3195 3549 3397 3607 facilius
3419 3553 3469 3606 id
3486 3565 3760 3623 pres-mre

2160 3637 2372 3706 poterit,
2402 3651 2521 3692 cum
2551 3639 2602 3692 in
2628 3639 2957 3694 consortium
3003 3639 3301 3697 oflicnorum
3325 3642 3755 3703 exhibendorum

2161 3729 2297 3784 filios
2328 3729 2499 3799 poscit
2523 3728 2847 3797 adsciscere,
2878 3730 2966 3800 qui
2996 3730 3154 3784 simul
3178 3730 3384 3801 juvent,
3410 3742 3610 3788 etcum
3658 3735 3752 3791 illa

2159 3822 2468 3890 praeclarum
2494 3821 2625 3877 illud
2653 3837 2788 3892 opus
2811 3832 3187 3893 exsequantur.
3230 3824 3410 3895 Itaque
3437 3841 3541 3880 non
3572 3827 3752 3899 impe-

2158 3910 2471 3979 dimentum,
2503 3911 2598 3966 sed
2628 3913 2882 3967 auxilium
2921 3912 3295 3983 hoSpitalitatis
3320 3917 3422 3970 erit
3460 3916 3751 3974 multitudo

2157 4001 2462 4070 liberorum,
2491 4014 2545 4060 ct
2561 4005 2846 4060 multorum
2869 4021 3056 4060 manus
3076 4007 3226 4077 operi
3245 4006 3475 4065 admotae
3498 4025 3746 4081 magnam

2155 4095 2378 4150 allcrent
2418 4095 2718 4151 ministerio
2747 4096 3072 4152 facilitatem.
3104 4097 3224 4153 Noli
3247 4100 3390 4153 enim
3431 4101 3557 4156 mihi
3601 4118 3751 4158 sum-

2157 4193 2397 4255 ptuosam
2425 4201 2664 4241 mensam
2692 4202 3113 4245 commemorare
3133 4189 3206 4244 :si
3237 4192 3574 4261 peregrinum
3605 4203 3751 4250 tecto

2153 4280 2442 4348 exceperit,
2486 4279 2533 4335 si
2553 4296 2672 4350 qua:
2698 4281 3050 4351 suppetebant
3074 4287 3401 4354 apposuerit,
3429 4287 3474 4341 si
3513 4289 3742 4342 multam

2154 4367 2536 4426 humanitatem
2580 4379 2636 4426 et
2687 4375 2991 4428 comitatem
3037 4373 3373 4442 exhibuerit,
3433 4379 3744 4434 mercedem

2153 4477 2366 4516 omnem
2411 4461 2788 4533 hospitalitatis
2827 4465 3138 4534 promeruit.
3166 4465 3300 4522 Nam
3329 4468 3374 4523 si
3402 4468 3550 4524 solus
3588 4485 3746 4541 aqua:

2151 4551 2182 4605 f.
2203 4552 2353 4622 igida:
2373 4554 2508 4608 calix
2529 4569 2748 4623 regnum
2769 4556 3018 4610 cmlorum
3030 4558 3269 4612 conciliat
3298 4557 3510 4632 (Matth.
3526 4559 3613 4617 ιο.
3628 4563 3740 4630 42).

2150 4661 2250 4698 suo
2279 4654 2420 4700 tecto
2439 4647 2707 4716 excipere,
2740 4662 2938 4702 mensa».
2969 4648 3280 4720 participem
3310 4651 3632 4716 adsciscere.
3678 4669 3742 4709 ae

2151 4738 2391 4808 reﬁcere,
2417 4749 2694 4810 quantum,
2733 4755 2937 4810 quaeso,
2979 4739 3207 4820 fructum
3249 4744 3456 4812 pariet?
3495 4746 3574 4800 Ae
3595 4745 3740 4810 vide,

2149 4845 2307 4900 quam
2335 4839 2584 4886 accurate
2604 4846 2716 4885 rem
2735 4830 2930 4887 Paulus
2951 4844 3198 4902 exponat.
3223 4834 3339 4890 Non
3367 4836 3508 4890 enim
3535 4837 3741 4907 simpli-

2148 4923 2281 4979 citer
2305 4922 2409 4978 hoc
2432 4924 2551 4978 loco
2563 4915 2977 4993 hospitalitatem
3003 4926 3190 4997 exigit,
3221 4927 3316 4982 sed
3337 4943 3454 4984 eam
3474 4945 3598 4999 qua:
3614 4946 3737 4984 cum

2147 5015 2310 5070 animi
2359 5015 2794 5084 promptitudine,
2845 5017 3046 5073 fervida
3091 5027 3292 5086 mente,
3336 5029 3495 5090 atque
3525 5021 3736 5076 ardenti

2145 5107 2334 5162 alfectu
2361 5105 2660 5162 exhibetur.
2699 5107 2832 5162 Cum
2863 5109 3003 5162 enim
3034 5108 3277 5175 dixisset,
3311 5111 3372 5165 Si
3399 5111 3621 5182 hospitio
3660 5130 3739 5166 ea:-

2145 5200 2298 5270 cepit,
2325 5198 2539 5270 adjecit,
2564 5199 2624 5256 Si
2645 5209 2932 5254 sanctorum
2960 5202 3108 5271 pedes
3132 5201 3274 5256 lauit.
3298 5201 3412 5257 Non
3440 5203 3585 5257 illam
3611 5219 3734 5259 cum

2145 5292 2281 5346 fastu
2321 5291 2598 5347 sedentem
2635 5301 2849 5362 oportet
2885 5293 3197 5364 obsequium
3233 5309 3358 5365 erga
3389 5293 3733 5364 peregrinum

2143 5383 2347 5439 ancillis
2394 5383 2738 5451 demandare,
2786 5384 2879 5440 sed
2907 5385 3236 5456 ipsamoperi
3281 5401 3496 5442 manum
3543 5389 3736 5442 admo-

2143 5495 2288 5545 vere,
2321 5479 2656 5551 fructuinque
2695 5479 2794 5534 sibi
2846 5480 3104 5550 arripere,
3157 5495 3256 5535 nec
3294 5480 3384 5534 ulli
3411 5481 3728 5552 praeclarum

2143 5571 2292 5625 illum
2324 5571 2633 5627 thesaurum
2682 5573 2892 5628 cedere.
2945 5571 3050 5628 Sed
3079 5573 3168 5643 qui
3202 5573 3315 5627 fieri
3342 5574 3536 5643 poterit
3563 5575 3726 5640 istud,

2139 5662 2284 5717 dicet
2306 5663 2495 5734 aliquis
2521 5663 2544 5717 ?
2578 5665 2623 5719 si
2653 5665 2794 5720 enim
2824 5665 2892 5719 sit
2923 5664 3114 5720 nobilis
3142 5675 3195 5720 et
3224 5663 3471 5732 illustris,
3493 5681 3556 5720 ac
3576 5668 3726 5720 cele-

2141 5757 2270 5824 bris,
2317 5765 2370 5812 et
2386 5757 2546 5814 claris
2571 5767 2686 5814 orta
2713 5757 3024 5830 majoribus,
3049 5775 3112 5813 an
3141 5760 3251 5830 ipsa
3276 5761 3537 5831 peregrini
3561 5760 3725 5831 pedes
