4082 6212
337 315 443 378 333

339 427 579 492 lavabit‘l
608 437 787 480 nonne
820 423 922 479 hoc
959 431 1112 495 turpe
1154 426 1310 481 fuerit
1333 422 1360 482 ἲ
1384 426 1562 498 Turpe
1605 440 1734 481 sane
1775 425 1930 481 fuerit

345 522 391 578 si
423 535 529 576 non
556 519 718 585 lavet,
743 519 814 572 mi
837 515 1018 570 homo.
1050 513 1402 583 Quantu’mvis
1427 516 1572 572 enim
1602 517 1929 572 nobilitatem

341 613 511 683 ipsius
555 610 606 663 in
635 609 824 664 ctelum
854 605 1064 672 ell’eras,
1121 614 1174 661 et
1199 605 1495 660 claritatem
1523 608 1735 678 generis
1772 616 1932 678 atque

341 700 703 772 splendorem,
757 697 996 767 ejusdem
1042 696 1306 766 particeps
1351 706 1436 752 est
1475 707 1676 752 naturte
1709 713 1831 752 cum
1860 711 1930 751 eo

339 791 431 862 qui
469 790 717 855 abluitur,
740 797 795 842 et
843 803 1100 842 conserva
1131 787 1273 842 illius
1299 798 1402 856 est,
1427 796 1482 844 et
1506 787 1709 843 honore
1737 803 1832 858 par
1855 787 1928 842 illi

341 881 428 934 cui
455 879 692 935 defertur
713 879 1048 948 obsequium.

414 970 501 1025 l3.
515 968 837 1039 JEatanplum
874 968 1062 1023 Christi
1084 969 1234 1039 pedes
1255 969 1471 1024 lavantis
1489 987 1508 1036 ;
1529 970 1659 1025 bona
1675 987 1738 1026 ea:
1763 987 1931 1026 susce-

343 1063 513 1133 ptione
525 1062 846 1134 pcregrinam
853 1078 899 1113 nt
922 1061 1178 1114 manantia
1192 1078 1211 1126 ,'
1223 1061 1504 1132 exemplum
1521 1061 1929 1132 viduw.°-Cogi-

343 1160 393 1204 ta
411 1152 530 1221 quis
542 1160 658 1205 erat
673 1151 760 1205 ille
781 1151 868 1221 qui
886 1150 1261 1221 discipulorum
1281 1151 1442 1222 pedes
1458 1152 1604 1217 lavit,
1616 1168 1681 1208 ac
1695 1147 1762 1207 de
1778 1152 1930 1207 nobi-

340 1243 491 1297 litate
530 1243 688 1298 verba
726 1243 901 1298 facere
928 1242 1130 1298 desine.
1157 1241 1466 1299 Communis
1488 1244 1635 1299 orbis
1666 1253 1926 1299 terrarum

345 1333 618 1398 Dominus,
651 1332 762 1387 Rex
785 1332 1094 1403 angelorum
1113 1341 1168 1388 et
1190 1333 1408 1401 lavit,et
1437 1333 1599 1388 linteo
1627 1349 1685 1389 se
1708 1333 1930 1404 praecin-

342 1424 440 1489 xit,
459 1438 559 1479 nec
587 1422 968 1492 discipulorum
997 1432 1222 1484 tantum.
1248 1423 1341 1478 sed
1363 1432 1416 1478 ct
1451 1423 1734 1494 proditoris
1759 1423 1928 1494 ipsius

339 1512 364 1584 (
388 1513 578 1568 Joann.
624 1513 712 1569 l3.
759 1514 813 1568 4.
842 1530 948 1584 sqq.
971 1513 1012 1585 ).
1038 1513 1197 1568 Vides
1223 1523 1478 1584 quantum
1523 1516 1662 1570 inter
1684 1530 1806 1570 eum
1836 1515 1926 1585 qui

345 1604 576 1668 lavabat,
607 1613 660 1660 et
700 1619 796 1660 eos
817 1606 905 1676 qui
928 1604 1244 1660 lavabantur
1269 1614 1416 1661 esset
1436 1602 1806 1661 intervallum?
1832 1609 1927 1659 At-

340 1704 523 1750 tamen
574 1704 682 1749 teto
714 1695 814 1750 hoc
853 1695 1134 1751 intervallo
1174 1711 1235 1751 se
1278 1696 1512 1764 demisit,
1567 1706 1621 1752 et
1673 1697 1927 1751 Dominus

340 1797 555 1838 servum
588 1785 735 1850 lavit,
761 1794 818 1840 ut
841 1801 996 1841 serva
1021 1801 1340 1841 conservum
1367 1802 1472 1842 non
1498 1787 1804 1843 erubescat.
1840 1786 1925 1841 ld-

337 1873 486 1928 circo
500 1875 657 1928 etiam
682 1875 990 1944 proditoris,
1017 1891 1084 1931 ne
1113 1876 1248 1931 forte
1267 1877 1448 1931 dicere
1471 1891 1656 1946 posses
1682 1877 1840 1930 vilem
1871 1884 1926 1931 et

336 1961 604 2032 abjectum
631 1979 754 2020 esse
795 1964 965 2030 illum,
995 1966 1079 2020 cui
1105 1966 1282 2020 cultus
1304 1975 1447 2021 esset
1492 1967 1579 2021 ille
1623 1974 1785 2036 atque
1830 1965 1927 2020 ob-

336 2054 580 2125 sequium
608 2055 976 2112 del'erendum.
1026 2057 1175 2112 Licet
1203 2059 1344 2112 enim
1384 2065 1437 2114 et
1467 2059 1585 2112 vilis
1611 2059 1682 2112 sit
1724 2066 1777 2112 et
1824 2059 1923 2112 ab-

336 2143 528 2215 iectus,
550 2145 784 2201 nondum
807 2155 985 2201 tamen
1009 2146 1160 2202 Iuda:
1188 2147 1377 2202 similis
1396 2156 1497 2214 est,
1522 2163 1621 2202 nec
1640 2149 1692 2202 in
1719 2157 1770 2203 te
1801 2148 1922 2202 talia

335 2239 679 2305 perpetravit,
710 2237 888 2306 qualia
936 2238 993 2292 in
1019 2238 1302 2292 Dominum
1327 2238 1436 2304 ille,
1464 2239 1551 2308 qui
1581 2240 1816 2308 acceptis
1835 2239 1921 2292 in-

335 2326 575 2380 numeris
603 2326 876 2382 beneﬂciis
904 2328 970 2382 ad
995 2328 1348 2398 proditionem
1374 2331 1536 2384 venit.
1565 2330 1813 2384 Attamen
1839 2329 1922 2384 his

334 2417 584 2472 omnibus
608 2419 844 2487 przevisis
872 2420 1019 2485 lavit,
1051 2435 1114 2476 ac
1142 2421 1300 2476 nobis
1327 2423 1494 2494 legem
1538 2422 1835 2489 constituit,
1865 2432 1922 2478 ut

336 2507 462 2565 licet
524 2511 864 2568 sublimiores
918 2513 1166 2568 omnibus
1236 2515 1426 2582 simus,
1479 2514 1604 2574 licet
1671 2515 1920 2570 omnibus

337 2599 597 2658 clariores
621 2611 676 2658 et
727 2603 1042 2659 illustriores
1095 2605 1302 2667 simus.
1359 2607 1484 2662 licet
1544 2607 1792 2663 omnibus
1820 2607 1910 2661 in-

337 2689 564 2747 feriores
592 2693 699 2748 sint
740 2695 831 2764 qui
881 2695 1020 2766 apud
1069 2710 1168 2752 nos
1205 2696 1521 2754 diversaturi
1557 2707 1702 2766 sunt,
1735 2714 1801 2754 ne
1833 2699 1916 2754 id-

330 2782 479 2838 circo
507 2783 611 2838 illis
660 2784 921 2840 inservire
961 2800 1269 2842 recusemus
1292 2829 1308 2852 ,
1374 2803 1547 2858 neque
1579 2789 1792 2843 vilitatis
1817 2805 1916 2844 nos

333 2874 553 2944 pudeat.
577 2878 648 2931 At
672 2884 753 2943 tu,
782 2877 997 2944 mulier,
1040 2879 1085 2933 si
1110 2880 1414 2948 quempiam
1438 2869 1638 2935 videris
1665 2881 1716 2934 in
1747 2895 1914 2935 szeen-

332 2966 532 3024 laribus
561 2969 654 3025 tibi
682 2970 906 3040 negotiis
930 2985 1083 3040 opem
1105 2970 1266 3038 ferre,
1289 2973 1370 3028 vel
1398 2973 1451 3028 in
1473 2972 1672 3042 judicio
1699 2989 1916 3028 succur-

330 3074 470 3126 rere,
500 3060 584 3115 vel
627 3059 680 3115 in
725 3061 827 3116 alia
861 3063 1108 3132 quapiam
1161 3079 1220 3118 re
1262 3063 1444 3130 simili,
1492 3065 1824 3128 etoccurris,
1858 3074 1913 3119 et

329 3151 495 3207 multa
525 3166 648 3206 cum
668 3153 1038 3210 benevolentia
1067 3156 1314 3225 suscipis,
1347 3169 1536 3210 manus
1561 3155 1907 3223 deoscularis,

329 3242 585 3312 pecunias
631 3259 842 3316 erogas,
872 3255 927 3302 et
964 3247 1276 3302 ancillarum
1320 3263 1538 3302 munera
1571 3247 1687 3302 obis
1715 3265 1730 3304 :
1758 3248 1911 3303 Chri-

325 3343 470 3388 stum
497 3342 675 3390 autem
704 3335 1057 3394 introeuntem
1097 3340 1140 3396 si
1164 3339 1364 3400 videas,
1395 3339 1685 3410 pigritaris,
1715 3349 1769 3394 et
1796 3340 1909 3394 cul-

327 3436 439 3480 tum
469 3442 531 3482 ac
569 3429 918 3485 ministerium
961 3431 1038 3487 illi
1064 3432 1318 3488 exhibere
1351 3431 1662 3487 dctrectas?
1691 3431 1744 3487 Si
1800 3448 1905 3486 non

326 3526 384 3572 ut
410 3518 676 3575 Christum
724 3522 948 3593 suscipis
989 3524 1346 3594 peregrinum,
1388 3540 1455 3579 ne
1497 3525 1754 3594 suscipias
1783 3541 1797 3576 :
1822 3523 1904 3580 sin

323 3619 503 3666 autem
534 3619 590 3666 ut
618 3609 888 3668 Christum
905 3616 1148 3684 suscipis,
1185 3617 1360 3671 lavare
1384 3617 1580 3673 Christi
1609 3617 1768 3689 pedes
1797 3637 1902 3677 non

321 3702 628 3759 erubescas.
663 3704 851 3760 Nonne
889 3708 1058 3772 vides,
1109 3724 1267 3778 quam
1295 3711 1444 3765 multi
1469 3727 1676 3781 eorum,
1707 3716 1902 3785 quiin-

317 3790 474 3859 juriis
507 3790 831 3857 afﬁciuntur,
881 3797 948 3850 ad
997 3806 1291 3854 statuarum
1337 3801 1500 3870 pedes
1551 3806 1902 3874 confugiant?

321 3879 555 3937 Tametsi
582 3885 803 3939 materia
819 3895 902 3941 est
929 3900 1090 3942 sensu
1117 3889 1389 3953 destituta,
1419 3900 1471 3947 et
1492 3908 1567 3947 tes
1593 3895 1784 3948 anima:
1808 3911 1902 3950 ex-

322 3987 447 4044 pers
472 3994 485 4028 :
513 3975 606 4032 sed
633 3978 884 4048 quoniam
907 3979 1290 4050 lmperatorum
1336 3993 1460 4039 sunt
1487 3985 1593 4039 illac
1620 3986 1898 4056 imagines,

318 4065 548 4136 aliquam
600 4082 659 4123 se
685 4083 715 4123 a
756 4069 976 4139 pedibus
1004 4071 1109 4126 illis
1131 4086 1286 4142 opem
1330 4073 1704 4145 impetraturos
1728 4076 1898 4130 conli-

311 4157 470 4213 dunt.
522 4159 592 4214 At
635 4169 689 4216 tu
718 4178 836 4232 qua:
875 4179 980 4219 non
1007 4179 1166 4220 sensu
1203 4178 1448 4224 carentes
1493 4168 1675 4238 pedes,
1727 4184 1899 4240 neque

315 4250 592 4306 materiam
616 4263 886 4324 expertem
900 4256 1112 4322 animze,
1127 4258 1219 4312 sed
1235 4259 1515 4330 imaginem
1532 4261 1671 4314 intus
1686 4261 1823 4330 apud
1838 4276 1897 4317 se

319 4341 516 4409 Regem
543 4354 836 4412 gestantem
882 4347 1102 4416 domum
1130 4357 1271 4402 tuam
1297 4351 1497 4420 ingredi
1558 4352 1756 4413 videas.
1789 4369 1894 4408 non

312 4433 570 4499 accurris,
601 4449 803 4503 quaeso,
846 4453 944 4491 nec
970 4437 1133 4506 pedes
1160 4440 1514 4509 amplecteris,
1560 4452 1716 4514 atque
1748 4445 1894 4499 omni

311 4522 518 4578 ratione
533 4524 666 4578 colis
690 4525 713 4578 ?
740 4527 870 4592 Quis
901 4530 1002 4582 hoc
1031 4527 1233 4582 facinus
1256 4531 1404 4584 venia
1425 4530 1638 4600 dignum
1653 4534 1894 4602 judicet?

308 4614 428 4686 quis
468 4631 571 4670 non
625 4619 798 4686 potius
853 4621 994 4674 omni
1047 4621 1384 4690 plectendum
1429 4623 1730 4691 ignominiae
1769 4637 1891 4682 nota

308 4706 785 4778 ccnseat?CogiIa
839 4711 922 4766 cui
969 4712 1329 4768 communices
1357 4755 1372 4780 ,
1422 4714 1546 4769 dum
1592 4717 1793 4772 inflaris
1838 4729 1893 4774 et

308 4808 618 4867 arroganter
644 4800 868 4867 ellerris,
899 4811 1060 4872 atque
1089 4803 1346 4860 inservire
1373 4808 1652 4877 peregrino
1671 4810 1890 4866 erubes-

309 4890 403 4943 eis.
437 4889 588 4946 Haud
616 4891 837 4947 dubium
867 4894 995 4964 quin
1022 4894 1235 4951 diabolo
1264 4915 1277 4950 :
1303 4897 1443 4954 illius
1482 4899 1623 4954 enim
1670 4901 1889 4956 morbus

306 4987 388 5033 est
415 4982 686 5052 superbia.
742 4983 836 5040 Sin
877 4996 1053 5041 autem
1081 5002 1349 5053 accurras,
1379 4991 1549 5061 cogita
1581 5007 1736 5061 quem
1771 4993 1890 5048 imi-

303 5073 436 5129 teris
506 5074 783 5132 Dominum
813 5088 984 5146 tuum,
1015 5089 1068 5135 et
1107 5095 1240 5151 opus
1259 5080 1457 5137 Christi
1496 5085 1727 5154 perﬁcis.
1759 5084 1888 5154 Quis

297 5179 432 5232 ergo
457 5164 646 5234 pudor,
674 5182 792 5238 qua:
819 5171 1122 5240 ignominia,
1148 5187 1348 5242 qumso,
1372 5172 1485 5229 fieri
1531 5175 1726 5231 Christi
1753 5193 1882 5232 con-

297 5260 544 5312 sortem?
574 5258 685 5315 lmo
726 5277 855 5317 vero
879 5262 1049 5332 pudor
1080 5273 1181 5327 est,
1220 5267 1262 5320 si
1295 5266 1516 5321 istorum
1545 5285 1642 5323 nos
1667 5270 1881 5341 pudeat,

299 5353 354 5399 ct
383 5345 723 5417 ignominiam
776 5353 828 5406 id
866 5355 1006 5424 quod
1037 5354 1280 5411 Christus
1308 5357 1511 5422 fecerit,
1539 5359 1878 5417 arbitremur.

296 5438 452 5492 Multa
486 5453 706 5510 possunt
731 5444 948 5501 domum
978 5448 1304 5504 introeuntcs
1333 5460 1635 5505 sanctorum
1672 5453 1834 5522 pedes
1865 5473 1879 5509 :

296 5533 655 5601 pavimentum
697 5536 868 5607 ipsum
908 5539 1260 5606 sanctiﬁcant,
1311 5543 1710 5600 innumerorum
1757 5546 1879 5602 the-

294 5637 520 5680 sanrum
554 5623 814 5683 bonorum
861 5630 1150 5686 invehunt:
1183 5634 1474 5688 mutilatam
1528 5645 1769 5692 naturam
1800 5639 1877 5692 in-

297 5718 566 5780 stanrant,
611 5715 802 5776 famem
836 5722 1056 5792 pellunt,
1095 5726 1288 5779 multas
1337 5741 1466 5797 opes
1499 5725 1768 5784 inducunt.
1801 5730 1871 5786 Ita

1569 307 1632 362 ΙΝ
1675 309 1898 376 lLLUD,
1940 307 2147 366 ΥΠ)οΛ
2177 306 2544 368 ΕιῐϐΛΤῐἭ.

3514 307 3618 360 ὅῆἱ

2039 440 2252 497 quoque
2281 424 2440 493 pedes
2493 421 2656 477 llelia:
2695 419 2865 475 vidum
2895 419 3112 474 domum
3150 419 3376 490 ingressi
3425 435 3623 476 novum

2035 515 2319 586 quemdam
2347 523 2399 568 et
2440 511 2807 567 admirabilem
2848 509 3107 566 ubertatis
3149 526 3374 564 annona:
3405 511 3622 565 modum

2037 607 2329 661 intulerunt
2355 606 2444 677 (3.
2473 603 2598 674 Reg.
2621 605 2686 658 l7
2707 601 2749 676 ).
2776 602 2956 656 Vidua:
2975 601 3192 655 domum
3221 602 3272 655 in
3297 617 3480 671 agrum
3500 617 3624 656 con-

2035 697 2216 761 vertit,
2254 706 2308 751 et
2350 695 2590 766 hydriam
2636 693 2689 748 in
2735 708 2935 748 aream.
2983 691 3188 746 Novum
3225 691 3491 761 quoddam
3531 707 3620 747 se-

2036 788 2229 844 mentis
2279 800 2344 841 ac
2382 787 2570 840 messis
2620 800 2786 854 genus
2817 793 2944 837 tunc
2979 784 3262 853 apparuit:
3292 782 3343 836 in
3392 796 3454 836 os
3491 781 3622 850 justi

2033 893 2218 935 semen
2238 877 2490 947 jactabat,
2519 889 2706 946 etqna:
2735 884 2847 930 sata
2871 874 3080 930 fuerant
3117 874 3282 929 multa
3312 889 3434 930 cum
3458 875 3620 928 uber-

2033 979 2142 1024 tate
2165 985 2230 1024 ex
2252 968 2438 1040 hydria
2459 968 2720 1023 metebat:
2741 966 3035 1021 seminabat
3059 966 3303 1030 farinam,
3327 973 3381 1020 et
3397 964 3619 1019 farinam

2033 1061 2294 1125 metebat;
2327 1075 2433 1114 non
2463 1058 2684 1129 indignit
2733 1058 2923 1122 bobus,
2957 1066 3012 1112 et
3050 1057 3198 1127 jugo,
3225 1065 3283 1111 et
3324 1064 3524 1122 aratro,
3563 1065 3622 1111 et

2033 1152 2204 1218 sulco,
2231 1156 2330 1207 nec
2355 1151 2530 1221 pluvia
2551 1159 2606 1204 et
2631 1165 2756 1204 aere
2783 1164 2846 1202 ac
2893 1148 3046 1214 falce,
3090 1162 3190 1202 nec.
3211 1161 3334 1202 area
3363 1155 3420 1202 et
3443 1149 3619 1202 mani-

2033 1245 2191 1315 pulis,
2222 1259 2396 1315 neque
2418 1245 2612 1308 ventis,
2642 1243 2730 1312 qui
2753 1241 2932 1312 paleas
2969 1255 2998 1294 a
3018 1241 3198 1311 granis
3227 1239 3616 1305 discernerent,

2032 1351 2207 1406 neque
2245 1335 2408 1401 mola,
2439 1337 2579 1404 'quaa
2633 1341 2834 1390 tereret
2865 1349 2878 1384 ε
2912 1331 3006 1386 sed
3046 1346 3153 1385 uno
3195 1330 3450 1400 temporis
3500 1345 3618 1384 mo~

2032 1435 2216 1483 mento
2246 1427 2298 1480 in
2332 1425 2520 1498 hydria
2569 1425 2728 1481 finem
2755 1423 2994 1479 omnium
3039 1423 3264 1478 istorum
3295 1422 3532 1477 invenit:
3557 1435 3621 1476 ac

2029 1518 2164 1574 duos
2193 1518 2384 1582 fontes,
2413 1533 2577 1572 unum
2606 1516 2813 1584 farinae,
2837 1516 3060 1572 alterum
3091 1515 3194 1570 olei
3214 1530 3321 1570 vox
3342 1512 3619 1584 prophetat

2031 1623 2296 1679 perennes
2321 1608 2525 1663 effudit.

2101 1699 2188 1752 14.
2217 1698 2362 1752 Talia
2399 1707 2524 1754 sunt
2564 1697 2703 1752 dona
2749 1706 3078 1761 sanctorum,
3138 1705 3194 1752 et
3222 1694 3515 1750 ubertatem
3563 1704 3617 1750 ct

2029 1790 2333 1846 facilitatem
2357 1792 2623 1863 ingentem
2647 1793 2700 1847 in
2726 1807 2785 1848 se
2804 1792 3100 1846 continent.
3137 1789 3269 1844 Nam
3289 1803 3353 1844 ea
3379 1787 3615 1858 quidem,

2028 1897 2146 1950 qtae
2166 1881 2570 1952 decerpunture
2601 1891 2760 1949 terra,
2789 1890 3177 1937 consumuntur
3201 1897 3214 1933 :
3237 1888 3296 1933 at
3323 1879 3399 1933 illi
3441 1878 3616 1933 fontes

2029 1972 2204 2029 hausti
2245 1975 2502 2045 quotidie,
2550 1991 2657 2030 non
2686 1974 3168 2036 exhauriebantur,
3200 1971 3294 2027 sed
3333 1985 3453 2026 cum
3486 1971 3615 2034 illis,

2026 2066 2118 2138 qui
2162 2068 2522 2134 evacnabant,
2567 2069 2681 2139 pari
2725 2081 2978 2124 successu
3023 2066 3291 2136 scaturigo
3329 2064 3619 2136 pugnabat.

2027 2158 2172 2214 Talia
2202 2168 2344 2226 sunt,
2373 2176 2492 2231 qua:
2534 2172 2839 2216 sanctorum
2869 2158 3034 2229 pedes
3073 2157 3384 2228 largiuntur,
3407 2156 3488 2211 vel
3517 2171 3613 2224 po-

2027 2250 2133 2306 tius
2163 2251 2246 2306 his
2274 2252 2441 2306 multo
2468 2252 2614 2320 plura
2640 2269 2654 2305 :
2685 2266 2748 2305 ac
2777 2250 2877 2304 nisi
2923 2251 3076 2304 fieret
3127 2247 3384 2318 prolixior
3411 2247 3601 2306 oratio,

2025 2343 2191 2396 multa
2234 2342 2497 2412 ejusmodi
2541 2341 2682 2397 dona
2712 2339 3042 2395 numerando
3084 2352 3476 2410 percenserem.
3507 2337 3610 2392 Sed

2022 2432 2471 2501 quemadmodum
2522 2432 2557 2487 ii
2594 2433 2686 2503 qui
2755 2432 3011 2486 honorem
3040 2429 3146 2484 illis
3171 2428 3438 2494 deferunt,
3486 2428 3610 2482 talia

2021 2524 2161 2581 dona
2187 2535 2587 2597 consequuntur
2618 2543 2632 2578 :
2664 2525 2732 2580 ita
2762 2525 2852 2596 qui
2872 2523 3190 2594 despiciunt,
3235 2536 3482 2591 magnum
3504 2520 3607 2575 sibi

2021 2615 2337 2685 supplicium
2364 2624 2419 2671 et
2457 2615 2814 2671 inevitabilem
2846 2613 3023 2684 ignem
3052 2619 3352 2667 accersunt.
3376 2610 3529 2666 Unde
3556 2610 3609 2665 id

2019 2705 2273 2761 constat?
2298 2705 2433 2761 Audi
2469 2705 2744 2761 Christum
2789 2705 2961 2776 ipsum
2999 2703 3266 2759 dicentem
3293 2701 3606 2772 discipulis:

2019 2798 2086 2854 In
2112 2816 2476 2870 quamcumque
2501 2800 2771 2865 civitatem,
2811 2806 2899 2851 aut
2932 2797 3138 2850 domum
3180 2794 3500 2858 intrareritis,
3529 2794 3608 2847 in-

2019 2898 2266 2961 terrogate
2285 2891 2395 2961 quis
2411 2892 2462 2944 in
2488 2907 2549 2946 ea
2569 2891 2752 2962 dignus
2780 2890 2863 2956 sit,
2890 2900 2936 2944 ct
2963 2888 3030 2942 ibi
3047 2897 3259 2950 manete,
3291 2897 3338 2941 et
3364 2888 3608 2941 intrantes

2015 2982 2182 3048 dicite,
2210 2981 2328 3036 Pas:
2351 2983 2466 3036 huic
2481 2982 2652 3036 domui
2673 2981 2887 3052 (Matth.
2915 2981 2999 3035 l0.
3026 2981 3112 3035 ll.
3126 2978 3314 3050 12).οι
3336 2979 3479 3034 enim
3499 2993 3603 3033 non

2014 3071 2180 3138 dicas,
2208 3072 2467 3128 Pecunias
2500 3071 2765 3144 expende,
2796 3071 3072 3126 facultates
3101 3083 3339 3136 assumo,
3365 3068 3491 3124 dum
3513 3084 3605 3139 pe-

2014 3164 2242 3234 regrinis
2271 3177 2510 3218 mensam
2541 3177 2770 3234 appono,
2804 3161 2968 3216 efﬁcit
2997 3172 3051 3215 ut
3098 3161 3187 3215 ille
3215 3161 3352 3230 ipse,
3381 3161 3470 3229 qui
3500 3161 3600 3214 do-

2014 3271 2158 3309 mum
2203 3255 2386 3321 intrat,
2434 3255 2582 3325 prior
2613 3253 2709 3310 tibi
2758 3254 2896 3309 dona
2950 3252 3227 3322 hospitalia
3276 3267 3602 3321 muneraque

2013 3347 2288 3418 largiatur,
2328 3363 2448 3418 qua:
2471 3347 2682 3402 divitias
2717 3361 2910 3401 omnes
2951 3353 3298 3414 exsuperant.
3345 3344 3598 3413 Quanam

2011 3439 2098 3494 illa
2124 3455 2283 3510 porro
2303 3438 2468 3493 sunt?
2489 3439 2639 3494 Pacis
2665 3438 2985 3508 largitatem.
3008 3435 3148 3493 Nihil
3169 3434 3310 3490 enim
3328 3445 3430 3501 est,
3455 3436 3598 3505 quod

2008 3547 2128 3586 cum
2161 3531 2246 3585 illa
2277 3529 2507 3586 conferri
2541 3531 2726 3600 possit.
2753 3529 2910 3584 Vides
2938 3536 3133 3600 quanta
3161 3541 3283 3583 cum
3315 3540 3475 3596 opum
3513 3522 3596 3575 af.

2009 3622 2223 3678 liuentia
2263 3631 2479 3677 sanctus
2495 3620 2711 3676 domum
2731 3619 2997 3676 introeat?
3020 3617 3130 3674 lloc
3145 3618 3363 3674 verbum
3376 3613 3592 3687 quidem

2007 3715 2206 3769 nudum
2228 3723 2331 3777 est,
2367 3723 2421 3767 at
2445 3712 2773 3768 infinitorum
2808 3712 3069 3766 bonorum
3095 3717 3179 3766 est
3200 3708 3432 3765 occasio.
3455 3706 3593 3774 Quid

2004 3807 2146 3861 enim
2173 3821 2235 3860 ea
2253 3805 2412 3859 domo
2433 3806 2596 3858 tutius
2621 3805 2839 3873 reperiri
2861 3803 3043 3872 possit,
3060 3816 3178 3870 qua:
3197 3815 3330 3872 pace
3353 3797 3594 3854 fruatur?

2004 3899 2172 3953 Porro
2187 3897 2289 3952 illis
2304 3915 2332 3951 a
2349 3896 2540 3968 quibus
2559 3894 3079 3962 excipiuntur,sancti
3094 3908 3274 3963 pacem
3290 3901 3594 3961 precantur,

2005 4005 2238 4044 noncum
2254 3988 2479 4042 invicem
2495 3985 2816 4050 tantum,sed
2828 3999 2948 4038 cum
2963 3984 3118 4037 nobis
3131 3981 3438 4052 ipsis.Sa:pe
3451 3997 3592 4035 nam-

2001 4097 2108 4152 que
2128 4080 2206 4148 ﬁt,
2234 4088 2290 4133 ut
2313 4094 2541 4149 pugnam
2559 4079 2613 4132 in
2631 4076 2830 4133 nostris
2841 4073 3250 4146 cogitationibus
3271 4072 3588 4135 sentiamus,

2002 4183 2057 4228 et
2079 4172 2292 4227 nemine
2318 4170 2691 4240 interpellante
2705 4168 3000 4234 turbemnr,
3023 4166 3244 4237 atquein
3259 4179 3356 4220 nos
3367 4163 3584 4219 assidue

2003 4278 2178 4334 prava:
2206 4263 2522 4332 cupiditates
2549 4262 2846 4331 insurgant.
2878 4260 2942 4314 Et
2987 4259 3125 4314 hanc
3173 4257 3332 4328 igitur
3357 4271 3584 4328 pugnam

2000 4355 2221 4410 verbum
2250 4353 2378 4408 illud
2408 4364 2714 4409 sanctorum
2741 4351 2911 4419 sedat,
2941 4367 3003 4406 ac
3032 4351 3255 4406 multam
3285 4351 3428 4406 intus
3449 4362 3584 4406 tran-

1998 4447 2312 4518 quillitatem
2339 4455 2507 4502 creat.
2540 4445 2671 4500 Nam
2710 4444 2868 4499 simul
2896 4452 3059 4514 atque
3089 4443 3337 4514 loquutus
3359 4450 3445 4498 est
3473 4443 3583 4503 ille.

1997 4538 2260 4594 diabolica
2288 4547 2480 4594 cuncta
2505 4537 2778 4608 cogitatio,
2833 4548 3161 4606 pravumque
3203 4531 3488 4588 consilium
3519 4547 3587 4590 ex

1996 4632 2176 4686 animo
2227 4641 2410 4685 nostro
2439 4628 2884 4698 exsulatzitaque
2936 4625 3135 4696 majora
3183 4621 3378 4694 recipis
3420 4639 3582 4694 quam

1998 4724 2262 4796 largiaris.
2295 4722 2424 4777 Etsi
2449 4721 2652 4793 quidem
2680 4735 2786 4787 vos,
2840 4719 3028 4790 inquit,
3073 4718 3370 4788 receperint,
3416 4717 3582 4771 veniat

1998 4830 2266 4884 paxsuper
2307 4814 2422 4867 illos
2447 4829 2465 4867 :
2495 4814 2538 4867 si
2566 4828 2682 4866 vero
2709 4827 2809 4866 non
2835 4810 3128 4882 receperint,
3161 4809 3376 4864 excutitc
3411 4810 3583 4881 pulve-

1993 4922 2099 4960 rem
2123 4907 2306 4976 pedum
2336 4914 2628 4958 vestrorum.
2663 4904 2818 4957 Amen
2835 4903 2946 4956 dico
2972 4903 3128 4968 vobis,
3153 4901 3460 4957 tolerabilius
3484 4903 3578 4955 crit

1993 5005 2140 5050 terra:
2179 4994 2518 5050 Sodomorum
2554 5003 2598 5048 et
2626 4992 2923 5049 Gatnorrlta
2948 4993 3001 5048 in
3025 4993 3108 5047 die
3147 4993 3258 5060 illa,
3307 5009 3459 5064 quam
3502 4992 3580 5046 illi

1992 5089 2179 5143 civitati
2207 5089 2225 5160 (
2254 5087 2440 5142 Matth.
2490 5088 2575 5143 lo.
2627 5087 2813 5144 l3-l5
2840 5087 2880 5158 ).
2914 5086 3074 5142 Vides
3102 5095 3356 5158 quantum
3399 5085 3574 5156 ignem

1989 5180 2228 5250 despecti
2273 5181 2435 5250 pedes
2464 5189 2772 5234 sanctorum
2817 5177 3157 5234 accumulcnt
3182 5187 3237 5232 et
3262 5178 3575 5233 attraham?

1988 5271 2275 5342 Propterea
2320 5271 2493 5342 jubet,
2519 5279 2577 5325 ut
2619 5286 2714 5326 eos
2736 5271 2994 5335 lavemus,
3032 5279 3090 5325 ut
3117 5285 3238 5325 cum
3269 5283 3365 5325 eos
3389 5276 3577 5324 nostro

1989 5366 2283 5420 ministerio
2324 5365 2712 5429 curaverimus,
2763 5363 2984 5418 multam
3018 5362 3172 5417 nobis
3223 5361 3364 5431 apud
3405 5361 3573 5416 Deum

1985 5457 2273 5513 concilient
2307 5457 2528 5528 gratiam
2559 5472 2572 5508 :
2605 5455 2872 5524 simulque
2897 5469 2997 5509 nos
3023 5453 3150 5509 illud
3187 5453 3290 5510 hac
3326 5453 3572 5509 admoni-

1986 5549 2129 5604 tione
2155 5547 2335 5610 docct,
2357 5557 2414 5602 ut
2441 5545 2817 5618 hospitalitatis
2835 5561 2998 5616 opera
3029 5561 3124 5615 per
3150 5560 3248 5599 nos
3269 5545 3368 5616 ipsi
3392 5546 3570 5599 omnia

1983 5654 2347 5696 exerceamus.
2373 5638 2588 5694 Imitare
2615 5637 3002 5700 Ahrahamum,
3024 5636 3128 5690 lilia
3159 5635 3302 5691 illius
3329 5635 3444 5702 llas,
3471 5635 3560 5705 qui

1981 5742 2250 5790 trecentos
2273 5731 2456 5787 decem
2485 5739 2538 5785 et
2563 5739 2686 5783 octo
2701 5729 3015 5784 vernaculos
3033 5743 3155 5784 cum
3187 5728 3426 5794 haberet,
3453 5728 3567 5797 ipse
