4082 6212
487 333 589 388 555

488 469 604 507 cum
638 465 803 507 uxore
834 451 1062 507 fructum
1089 451 1468 523 hospitalitatis
1497 456 1722 523 partitus
1746 464 1847 516 est,
1879 463 1933 507 ct
1963 454 2074 522 ipse

488 544 698 612 quidem
728 543 946 597 vitulam
968 541 1262 609 adferebat,
1292 544 1381 598 illa
1409 561 1540 601 vero
1563 545 1784 598 farinam
1813 543 2070 613 pinsehat.

489 637 596 691 llos
623 645 677 690 tu
702 649 918 706 quoque
944 635 1198 690 mmulare
1231 654 1243 689 :
1275 652 1379 690 non
1424 637 1568 692 enim
1611 637 1785 690 solum
1827 635 2076 705 pecunias

487 741 729 795 erogare,
775 724 868 779 sed
919 725 1079 779 etiam
1125 727 1443 795 pauperibus
1496 727 1804 781 ministrare
1857 729 2076 779 multam

489 816 790 873 mercedem
839 818 1066 872 obtinet.
1097 818 1386 890 Propterea
1430 821 1588 875 etiam
1617 819 1843 889 apostoli
1875 828 2076 888 septem

491 910 610 963 illos
645 912 696 963 in
727 910 920 981 quibus
963 911 1288 981 Stephanus,
1314 912 1577 981 ejusmodi
1616 911 1912 966 ministerio
1940 928 2077 980 pne-

491 1005 736 1058 l'ecerunt
765 1006 896 1074 (Act.
926 1005 1006 1076 6).
1033 1005 1267 1060 Tametsi
1291 1005 1422 1060 nihil
1448 1006 1522 1059 illi
1545 1004 1612 1060 de
1641 1021 1738 1059 suo
1761 1003 2080 1073 pauperibus

489 1096 804 1163 erogabant,
835 1095 929 1150 sed
956 1096 1024 1152 ab
1051 1096 1170 1150 aliis
1191 1097 1312 1150 data
1351 1107 1494 1150 recte
1523 1095 1905 1165 dispensabant
1933 1114 1944 1146 :
1970 1111 2083 1148 ma-

489 1199 650 1254 gnam
669 1195 844 1242 tamen
860 1187 1088 1242 retulere
1108 1188 1427 1253 mercedem,
1447 1188 1588 1254 quod
1608 1203 1636 1241 a
1659 1189 1864 1246 caeteris
1891 1189 2080 1245 collata

493 1287 639 1331 recte
665 1277 1052 1348 diligenterque
1078 1281 1465 1348 disiaensarent.

568 1366 658 1422 15.
690 1365 1012 1431 Pauperibus
1036 1368 1404 1422 inserviendum
1428 1378 1594 1424 esl.——
1621 1369 1752 1424 Esto
1780 1379 1832 1424 tu
1863 1384 2074 1437 quoque

498 1465 676 1510 rerum
705 1464 914 1510 tuarum
943 1457 1112 1511 bonus
1158 1459 1498 1528 dispensator
1519 1501 1536 1526 ,
1578 1468 1635 1514 ut
1682 1459 1946 1528 duplicem
1978 1458 2083 1512 fru-

494 1555 640 1599 ctum
667 1545 919 1614 accipias,
951 1554 1004 1600 et
1029 1547 1170 1617 qqu
1198 1563 1403 1618 croges,
1437 1558 1490 1604 et
1520 1547 1660 1619 quod
1693 1560 1838 1603 recte
1866 1548 2080 1616 dispen-

496 1649 607 1689 scs.
637 1632 748 1688 Nec
793 1642 844 1688 te
872 1635 1064 1704 pudeat
1095 1653 1254 1692 manu
1285 1648 1369 1692 tua
1410 1639 1627 1709 pauperi
1661 1640 1934 1694 inservire.
1970 1639 2082 1692 Non

497 1724 761 1780 erubescit
781 1724 1023 1781 Christus
1059 1744 1154 1798 per
1196 1745 1480 1800 pauperem
1520 1747 1733 1785 manum
1771 1730 2082 1798 extendere,

497 1825 657 1886 atque
693 1817 964 1888 accipere,
997 1829 1049 1872 tu
1083 1835 1208 1874 vero
1236 1836 1450 1877 manum
1493 1821 1783 1876 extendere
1811 1837 1872 1876 ac
1905 1822 2084 1891 largiri

500 1907 779 1974 pecuniam
827 1907 1144 1965 erubescis?
1173 1909 1299 1978 Quis
1343 1910 1443 1966 hoc
1494 1920 1747 1968 cxtreuuc
1809 1912 2086 1965 dementire

499 1996 705 2053 facinus
768 2013 891 2055 esse
951 2015 1057 2055 non
1115 2001 1301 2057 dicat?
1341 2002 1514 2061 Unum
1569 2003 1742 2059 solum
1789 2013 1872 2058 cst
1917 2003 2088 2074 pudor

497 2100 552 2145 et
624 2092 948 2162 ignominia,
998 2094 1231 2165 nequitia
1285 2111 1476 2166 nempe
1531 2106 1586 2151 ct
1651 2096 1939 2152 Crudelitas
2006 2106 2088 2151 at»

507 2198 614 2252 que
657 2182 1015 2240 inhumanitas
1065 2203 1078 2239 :
1131 2187 1356 2242 comitas
1429 2195 1642 2251 autem,
1693 2187 2033 2259 eleemosyna
2064 2229 2083 2254 ,

503 2280 555 2322 et
615 2270 949 2341 humanitas,
999 2289 1064 2330 ac
1115 2277 1438 2346 pauperibus
1488 2279 1792 2333 ministrare
1833 2278 2089 2334 clariores

499 2379 598 2419 nos
643 2364 824 2421 eflleit.
867 2367 1079 2437 Quanto
1131 2370 1274 2425 enim
1317 2370 1477 2426 ditior
1523 2387 1581 2427 cs
1622 2385 1686 2427 ac
1729 2372 2043 2443 locupletior
2069 2414 2085 2439 ,

499 2465 652 2512 tanto
697 2465 748 2513 te
797 2461 963 2530 magis
1006 2476 1194 2518 omnes
1252 2461 1577 2532 laudabunt,
1631 2479 1753 2520 cum
1803 2465 1874 2524 ad
1932 2481 2086 2521 men-

498 2546 650 2602 dicos
695 2559 749 2604 et
805 2550 935 2606 viles
982 2561 1032 2605 te
1078 2551 1360 2610 demiseris
1407 2571 1423 2612 :
1471 2570 1642 2626 neque
1685 2555 1858 2612 solum
1908 2556 2085 2612 homi-

501 2651 631 2703 nes,
679 2637 773 2692 scd
821 2641 980 2695 etiam
1035 2643 1247 2712 angeli,
1289 2653 1350 2699 ct
1401 2645 1655 2700 Dominus
1706 2645 2017 2715 angelorum
2069 2665 2084 2700 :

501 2743 601 2783 nec
654 2728 890 2784 laudabit
943 2731 1137 2798 solum,
1169 2733 1264 2789 sed
1301 2743 1355 2789 et
1407 2734 1599 2805 duplici
1646 2736 1866 2806 przcmio
1906 2752 2088 2794 remu-

501 2821 794 2881 nerabitur.
833 2823 944 2878 Non
985 2825 1129 2881 enim
1169 2826 1526 2900 elcemosynae
1563 2836 1765 2885 tantum
1797 2869 1812 2896 ,
1855 2828 1949 2884 sed
1992 2827 2090 2886 hu-

500 2912 742 2968 militatis
786 2915 946 2970 etiam
998 2917 1218 2972 multam
1268 2917 1362 2972 tibi
1399 2919 1697 2975 mercedem
1747 2920 2085 2990 praeparabit.

499 3004 578 3061 Ne
623 3006 782 3076 igitur
821 3007 872 3062 in
905 3023 1166 3080 pauperes
1195 3010 1476 3066 ministerii
1506 3027 1604 3066 nos
1644 3011 1880 3082 pudeat,
1915 3027 2089 3082 neque

502 3098 902 3166 peregrinorum
925 3099 1104 3156 lavare
1125 3101 1288 3171 pedes
1312 3117 1620 3159 recusemus
1645 3120 1656 3156 :
1685 3102 2089 3160 sanctificantur

498 3190 641 3246 enim
671 3191 760 3246 tali
788 3189 1041 3248 famulatu
1082 3210 1273 3250 manus
1303 3204 1538 3261 nostra);
1571 3195 1712 3266 quod
1752 3195 1798 3251 si
1829 3204 1948 3265 post
1985 3197 2089 3252 mi-

501 3281 776 3337 ttisteriuttt
815 3283 946 3339 illud
981 3283 1046 3339 ad
1089 3287 1387 3342 orationem
1438 3285 1556 3342 illas
1594 3285 1939 3352 cxtenderis,
1984 3287 2089 3341 illis

498 3375 731 3443 aSpectis
771 3373 981 3431 facilius
1027 3387 1287 3432 exoratur
1331 3377 1513 3444 Deus,
1545 3387 1601 3433 et
1645 3377 1914 3449 postulata
1961 3391 2089 3433 con-

499 3464 660 3520 cedit.
681 3465 812 3520 Nam
835 3467 1086 3536 pecunias
1105 3467 1322 3538 quidem
1350 3482 1570 3539 erogare
1583 3475 1814 3539 possunt
1833 3467 2045 3538 plurimi
2073 3485 2087 3522 :

502 3570 599 3626 per
627 3571 686 3611 se
711 3572 840 3612 vero
869 3559 1187 3627 pauperibus
1217 3560 1475 3616 inservire
1494 3601 1511 3626 ,
1540 3569 1595 3616 et
1622 3575 1744 3616 cum
1779 3561 1945 3617 animi
1974 3562 2088 3617 ala-

500 3647 719 3711 critate,
750 3655 804 3702 et
827 3648 1049 3704 caritate
1069 3691 1085 3713 ,
1115 3665 1179 3704 ac
1209 3649 1446 3705 fraterno
1479 3665 1663 3706 amore
1683 3652 1744 3706 id
1769 3667 1948 3724 agere,
1973 3669 2089 3709 ma-

501 3752 609 3807 gno
637 3737 837 3809 indiget
863 3739 1064 3804 animo,
1083 3750 1138 3796 et
1157 3740 1492 3813 philosophia
1521 3743 1764 3813 praedito.
1788 3746 1960 3816 Atque
1982 3745 2091 3803 hoc

504 3829 632 3897 illud
663 3839 764 3895 est,
792 3831 934 3903 quod
965 3835 1202 3889 omnium
1232 3835 1460 3892 maxime
1478 3836 1672 3894 Paulus
1695 3838 1938 3911 requirit,
1967 3853 2089 3894 cum

503 3923 583 3985 eis
603 3963 618 3989 ,
644 3924 732 3995 qui
765 3924 1122 3994 tribulatione,
1154 3937 1463 3999 paupertate
1501 3939 1553 3984 et
1581 3930 1933 3988 incommodis
1965 3948 2088 4002 pre-

504 4024 744 4082 muntur,
771 4018 1002 4089 compati
1023 4019 1192 4088 jubet,
1228 4022 1378 4092 quasi
1406 4023 1457 4077 in
1499 4023 1654 4078 malis
1677 4024 1877 4080 eisdem
1911 4041 2092 4081 verse-

503 4122 663 4164 mur:
703 4106 913 4176 Vinctis,
946 4110 1136 4181 inquit,
1163 4121 1419 4183 tamquam
1447 4114 1601 4168 simul
1620 4115 1772 4169 vincti
1795 4116 1814 4185 (
1840 4115 1970 4171 Heb.
2003 4118 2086 4172 15.

502 4201 583 4274 5).
611 4199 780 4269 Quam
807 4202 878 4258 ob
895 4217 1111 4267 causam
1143 4219 1248 4261 non
1280 4203 1369 4268 hic
1393 4205 1565 4261 solum
1593 4208 1887 4262 orationem
1913 4211 2094 4263 termi-

506 4293 693 4359 navit,
722 4293 817 4354 sed
848 4302 902 4350 et
927 4293 1069 4354 aliud
1097 4293 1292 4368 adjecit
1326 4314 1340 4359 ;
1387 4293 1451 4352 Si
1480 4295 1850 4352 tribulationem
1892 4298 2091 4368 patien-

506 4385 640 4441 tibus
675 4385 1089 4451 subministravit,
1116 4387 1162 4441 si
1202 4403 1351 4444 omne
1389 4403 1516 4458 Opus
1553 4389 1735 4442 bonum
1772 4397 1961 4443 sectata
2013 4396 2088 4442 est

510 4476 586 4547 (l.
617 4475 749 4532 Tim.
778 4477 832 4533 5.
861 4476 972 4550 10).
995 4477 1133 4547 Quid
1158 4487 1259 4546 est,
1285 4479 1346 4537 Si
1370 4496 1516 4536 omne
1539 4496 1665 4549 opus
1693 4481 1876 4535 bonum
1904 4490 2094 4536 sectata

507 4568 620 4623 est?
645 4566 720 4624 Ita
742 4577 798 4624 ut
821 4569 980 4624 etiam
1012 4570 1063 4623 in
1093 4584 1364 4626 carcerem
1391 4569 1652 4636 introiret,
1683 4585 1746 4625 ae
1775 4571 1980 4625 vinctos
2011 4571 2094 4626 iu-

508 4660 728 4728 siseret,
749 4669 804 4716 et
827 4669 1058 4732 aegrotos
1084 4661 1341 4728 visitaret,
1373 4671 1428 4718 et
1456 4670 1724 4720 recrearet
1748 4661 1974 4720 afﬂictos
1993 4704 2008 4728 ,
2041 4671 2096 4718 et

510 4759 800 4809 atterentes
829 4751 1229 4822 consolaretur,
1261 4761 1315 4809 et
1347 4769 1683 4824 quocumque
1712 4753 1870 4816 modo
1891 4761 2088 4823 posset,

509 4850 698 4904 cuncta
725 4842 1117 4913 suppeditaret,
1149 4860 1213 4900 ac
1239 4845 1371 4900 nihil
1398 4846 1617 4901 omnino
1649 4846 1971 4906 detrectaret
2003 4861 2096 4900 eo-

510 4948 651 4997 rum.
683 4947 801 5004 qua:
826 4932 892 4988 ad
918 4933 1146 4990 salutem
1177 4951 1239 4990 ac
1263 4935 1511 4990 solatium
1542 4945 1842 4991 nostrorum
1873 4935 2093 4998 fratrum

511 5025 858 5097 pertinerent.
882 5023 1032 5092 Quod
1072 5025 1116 5080 si
1160 5041 1191 5079 a
1226 5026 1448 5080 muliere
1479 5026 1631 5080 vidua
1679 5034 1783 5081 tam
1815 5025 1977 5084 nntlla
2005 5041 2093 5082 rc-

510 5119 686 5190 quirat
724 5117 865 5174 bona
897 5133 1056 5188 Opera
1078 5160 1093 5184 ,
1124 5133 1226 5188 qua
1243 5104 1355 5172 'nos
1391 5119 1734 5177 excusatione
1779 5117 1986 5178 censeri
2016 5116 2098 5171 di—

508 5226 643 5282 gnos
670 5227 882 5282 mquum
909 5210 1031 5278 erit,
1053 5211 1278 5282 quicum
1303 5211 1402 5266 viri
1424 5212 1611 5279 simus,
1639 5228 1701 5267 ea
1729 5227 1833 5267 non
1856 5229 2094 5282 agamus,

507 5322 630 5377 qua:
657 5305 970 5366 mulieribus
996 5306 1190 5361 Paulus
1215 5305 1419 5377 agenda
1450 5305 1813 5376 przcscripsit?
1851 5305 1954 5360 Sed
1985 5305 2096 5360 for-

513 5409 653 5458 tasse
680 5398 825 5456 (licet
855 5398 1083 5468 aliquis:
1112 5398 1230 5465 Quo
1269 5398 1481 5454 tandem
1517 5409 1671 5467 pacto
1706 5413 1736 5452 a
1776 5399 1995 5454 muliere
2022 5399 2099 5450 vi-

509 5489 612 5552 dua
646 5498 844 5550 tantam
869 5490 1194 5563 diligentiam
1228 5491 1467 5561 requirit,
1493 5507 1613 5548 eum
1643 5507 1771 5546 vero
1791 5490 1858 5546 de
1885 5491 2098 5563 virgini-

513 5591 621 5636 tate
660 5582 948 5652 scriberet,
981 5583 1114 5640 nihil
1157 5585 1263 5640 talc
1300 5584 1551 5656 loquutus
1577 5585 1702 5642 est?
1732 5585 1807 5641 Ac
1842 5586 2095 5656 majorem

509 5672 724 5740 quidem
768 5673 851 5730 his
890 5675 1279 5747 philosophiam
1326 5678 1394 5734 ab
1434 5677 1564 5749 ipsis
1590 5677 1785 5750 exegit.
1818 5676 1948 5733 Nam
1977 5695 2096 5740 cum

513 5763 678 5828 diett:
713 5763 884 5820 Divisa
927 5777 997 5819 est
1040 5783 1167 5822 uxor
1209 5778 1253 5824 et
1283 5769 1465 5841 virgo:
1494 5778 1566 5840 cl,
1593 5771 1718 5836 Qua:
1757 5770 1972 5841 innupta
2001 5780 2092 5840 est,

1054 5931 1106 5986 ηε

1205 337 1261 390 S.
1303 335 1580 394 JOANNIS
1607 334 2082 393 CllllYSOS'l‘Olll
2122 335 2436 393 ARClltEP.
2476 341 3016 403 CONSTANTINOP.

3664 343 3778 400 διε

2183 454 2399 509 sollicita
2421 467 2493 510 cst
2523 459 2585 512 de
2609 459 2669 513 iis
2691 502 2703 523 ,
2733 477 2846 532 quia
2875 469 2991 515 sunt
3022 457 3258 528 Domini,
3287 459 3531 530 quomodo
3571 460 3776 528 placeat

2185 540 2439 609 Domino;
2481 559 2533 602 et
2576 566 2759 605 rursus
2793 569 2806 606 :
2843 549 2952 605 Hoc
2991 560 3155 604 autem
3183 550 3297 604 dico
3325 559 3530 620 propter
3556 550 3609 603 id
3633 551 3777 622 quod

2183 635 2444 691 honestum
2471 650 2542 693 est
2562 683 2576 705 ,
2613 653 2658 695 et
2689 645 2826 712 quod
2857 643 3146 714 facultatem
3178 643 3395 713 prwbeat
3421 643 3529 696 sine
3555 643 3776 710 impedio

2184 737 2351 782 metuo
2385 729 2652 784 Dominum
2679 733 2973 786 obsecrandi
3014 733 3102 803 (l.
3136 731 3254 787 Cor.
3285 733 3447 787 7.3L
3479 733 3611 800 35):
3644 734 3778 786 nihil

2185 816 2327 870 aliud
2357 835 2451 887 per
2481 822 2594 874 iure
2624 821 2922 891 significat,
2965 823 3062 876 nisi
3092 823 3384 891 virginem,
3416 838 3533 892 quac
3562 824 3775 876 secula-

2189 909 2336 963 ribus
2364 913 2589 980 negotiis
2617 915 2866 968 omnibus
2895 916 3138 969 nuntium
3169 914 3334 970 semel
3368 916 3656 980 remiserit,
3692 924 3778 967 to-

2189 1007 2294 1052 tam
2336 1001 2568 1058 animam
2611 1019 2928 1060 consecrare
2960 1006 3067 1060 Deo
3100 1013 3349 1075 Oportere
3373 1045 3390 1070 ,
3420 1009 3592 1075 neque
3619 1006 3780 1076 quid-

2187 1104 2344 1158 quam
2366 1090 2564 1147 habere
2592 1108 2876 1148 commune
2903 1111 3024 1150 cum
3053 1105 3216 1161 terra,
3240 1110 3339 1149 nec
3359 1095 3646 1166 aliquando
3669 1096 3776 1160 bis,

2186 1179 2472 1250 aliquando
2498 1182 2604 1236 illis
2632 1199 2842 1250 vacare,
2867 1185 2961 1239 sed
2990 1200 3111 1239 cum
3141 1186 3193 1239 in
3223 1185 3527 1239 universum
3555 1185 3660 1239 illis
3679 1187 3780 1238 ab-

2189 1272 2538 1338 rcuuntfarit,
2570 1283 2737 1331 totum
2769 1275 2821 1333 in
2857 1290 2942 1330 res
2971 1275 3275 1346 spirituales
3303 1274 3502 1333 debere
3538 1277 3777 1330 studium

2188 1373 2342 1420 suum
2391 1361 2718 1435 impendere.
2750 1365 2890 1425 Sane
2937 1366 3149 1440 quidem
3187 1366 3300 1436 ipsa
3341 1382 3552 1436 quoque
3585 1368 3778 1429 decem

2191 1444 2450 1513 virginum
2481 1449 2727 1516 parabola
2751 1449 2904 1504 nobis
2931 1449 3032 1504 hoc
3053 1450 3224 1520 ipsum
3243 1450 3532 1505 declaravit
3557 1451 3777 1518 (Matth.

2189 1533 2317 1604 25).
2352 1535 2496 1590 llanc
2540 1539 2786 1592 nimirum
2827 1540 2894 1593 ob
2939 1555 3154 1594 causam
3203 1539 3440 1598 conclavi
3470 1543 3650 1610 sponsi
3682 1557 3779 1595 ex-

2191 1627 2353 1681 clusa:
2379 1637 2536 1696 sunt,
2569 1631 2710 1700 quod
2753 1633 2927 1686 oleum
2961 1648 3067 1686 non
3101 1631 3357 1687 haberent
3389 1651 3402 1685 :
3432 1633 3609 1687 oleum
3650 1649 3782 1688 vero

2193 1716 2322 1770 nihil
2369 1719 2511 1773 aliud
2560 1733 2673 1785 est,
2699 1739 2859 1792 quam
2905 1723 3272 1778 misericordia
3312 1734 3366 1778 et
3397 1723 3780 1795 eleemosyns.

2191 1807 2526 1879 benignitas,
2555 1822 2608 1867 et
2649 1814 2949 1868 sublevatio
2987 1830 3172 1869 eorum
3217 1816 3307 1885 qui
3339 1815 3610 1884 patiuntur
3639 1817 3781 1885 inju-

2192 1900 2324 1955 riam
2347 1943 2361 1965 ,
2394 1911 2448 1960 et
2490 1918 2676 1959 eorum
2719 1906 2806 1975 qui
2852 1905 3038 1962 dolore
3085 1916 3399 1976 premuntur
3434 1908 3782 1963 consolatio:

2191 1994 2332 2062 quod
2361 2009 2481 2048 cum
2510 1996 2614 2056 illis
2634 1999 2878 2064 deesset,
2910 1999 3154 2054 abierunt
3178 2000 3281 2054 ilhc
3301 2010 3460 2072 atque
3485 2015 3516 2054 a
3545 2000 3784 2055 thalamo

2192 2084 2530 2140 exciderunt.

2265 2175 2350 2228 16.
2383 2175 2463 2227 Ad
2487 2177 2853 2249 elemosynam
2873 2181 3254 2236 adltortatia.-
3276 2180 3398 2240 lltcc
3423 2181 3582 2252 igitur
3599 2183 3782 2240 ontnia

2191 2278 2312 2320 cum
2337 2267 2566 2324 sciamus
2590 2280 2644 2324 et
2677 2286 2870 2326 uxores
2898 2281 2952 2327 et
2995 2272 3092 2326 viri
3116 2314 3130 2337 ,
3157 2283 3210 2328 et
3241 2273 3469 2341 virgines
3505 2284 3560 2329 et
3591 2277 3781 2328 matri-

2193 2357 2374 2411 monio
2405 2357 2626 2428 juncta},
2657 2368 2712 2415 et
2753 2361 2960 2427 viduas,
2999 2363 3222 2418 multum
3268 2363 3334 2418 ad
3381 2363 3781 2436 elee.uosynam

2192 2447 2426 2502 studium
2455 2449 2829 2517 conferamus,
2863 2468 3034 2526 neque
3075 2453 3346 2519 dicamus,
3377 2453 3467 2511 Ille
3501 2457 3785 2527 improbus

2193 2548 2312 2607 est,
2343 2550 2396 2595 ct
2442 2541 2722 2612 indignus,
2755 2545 2844 2615 qui
2889 2544 3204 2604 beneficium
3245 2547 3498 2618 accipiat;
3530 2548 3619 2602 ille
3662 2549 3784 2601 \ilis

2193 2638 2312 2694 est,
2361 2631 2448 2686 ille
2494 2634 2756 2702 abjectus.
2786 2635 2864 2691 Ne
2908 2637 3218 2708 dignitatem
3265 2649 3472 2710 spectes
3506 2639 3659 2709 ejus,
3684 2641 3784 2714 qui

2192 2721 2335 2777 cultu
2364 2732 2419 2778 et
2445 2725 2682 2782 subsidio
2713 2727 2932 2800 indiget,
2957 2730 3050 2784 sed
3078 2730 3308 2802 inopiam
3337 2740 3558 2785 tantum.
3579 2732 3786 2807 Quam-

2192 2812 2274 2866 vis
2301 2814 2444 2868 enim
2473 2815 2593 2870 vilis
2629 2825 2684 2872 et
2727 2818 2966 2889 abjectus
3004 2819 3107 2884 sit,
3139 2830 3194 2874 et
3231 2821 3546 2890 despectus,
3584 2822 3657 2876 ita
3682 2823 3782 2878 tibi

2193 2905 2434 2962 Christus
2459 2909 2757 2965 mercedem
2781 2913 3023 2982 imputat,
3053 2927 3116 2968 ac
3137 2912 3182 2968 si
3213 2929 3308 2983 per
3329 2929 3451 2968 eum
3478 2915 3589 2984 ipse
3617 2915 3787 2969 bene-

2193 2996 2370 3052 ficium
2399 3001 2715 3069 accepisset.
2742 3001 2821 3058 Ne
2865 3003 3010 3059 enim
3035 3019 3220 3059 eorum
3240 3045 3255 3068 ,
3285 3005 3374 3076 qui
3402 3003 3671 3060 beneficiis
3694 3005 3760 3058 af
3762 3035 3783 3045 -

2194 3087 2468 3157 ﬁciuntur,
2499 3093 2769 3164 dignitatis
2815 3096 3076 3152 rationem
3107 3096 3457 3163 haberemus,
3483 3096 3604 3152 audi
3649 3099 3783 3168 quid

2193 3178 2332 3235 dicat
2361 3199 2373 3234 :
2407 3181 2722 3239 Esurientettt
2749 3202 2827 3240 me
2863 3187 3056 3242 vidistis
3075 3228 3091 3256 ,
3116 3196 3164 3241 et
3189 3187 3386 3241 aluistis
3421 3186 3649 3258 (Matth.
3683 3188 3782 3242 25.

2194 3271 2308 3344 55).
2345 3273 2544 3331 Deinde
2572 3292 2692 3332 cum
2721 3278 2797 3332 illi
2823 3277 3082 3347 dicerent,
3112 3279 3330 3348 Quando
3355 3288 3404 3350 te
3429 3281 3643 3338 vidimus
3662 3297 3784 3334 estt-

2194 3365 2424 3432 rientem,
2454 3377 2500 3420 et
2523 3369 2742 3423 aluimus
2769 3369 2874 3442 (Ib.
2889 3387 2934 3424 υ.
2957 3370 3050 3442 57)
3070 3372 3092 3426 ?
3111 3371 3308 3442 adjecit
3335 3371 3517 3428 dicens
3541 3390 3554 3425 :
3587 3371 3785 3444 Quam-

2196 3454 2284 3508 diu
2316 3458 2502 3527 fecistis
2531 3459 2621 3512 uni
2643 3476 2707 3514 ea:
2740 3461 2818 3514 Itis
2844 3463 3031 3531 parvis,
3064 3462 3188 3515 mihi
3208 3463 3395 3534 fecistis
3418 3461 3439 3536 (
3460 3459 3540 3515 ΙΙ).
3569 3478 3614 3520 v.
3640 3462 3711 3517 40
3733 3461 3779 3532 ).

2192 3545 2377 3620 Itaque
2405 3550 2577 3605 nullus
2606 3551 2826 3608 relictus
2852 3563 2934 3611 est
2961 3563 3270 3626 praetextas.
3302 3555 3568 3631 Siquidem
3597 3572 3663 3610 ne
3687 3557 3782 3609 di-

2194 3653 2317 3699 cere
2341 3655 2638 3711 possemus,
2671 3643 2768 3700 Ubi
2800 3660 2941 3702 nnne
2968 3645 3131 3701 Helia:
3153 3646 3383 3702 similem
3409 3646 3785 3704 inveniemus?

2195 3730 2284 3788 ubi
2321 3731 2548 3790 similem
2592 3734 2829 3792 Etiszeo?
2854 3737 3010 3802 item,
3049 3736 3121 3791 Da
3158 3737 3288 3792 mihi
3343 3739 3474 3793 tales
3509 3737 3682 3803 viros,
3725 3747 3783 3792 et

2194 3837 2401 3879 summa
2432 3839 2552 3880 cum
2591 3826 2754 3882 animi
2796 3827 3073 3882 alacritate
3112 3827 3399 3899 suscipiam
3430 3827 3575 3893 illos,
3606 3843 3783 3898 neque

2193 3917 2374 3974 lavare
2401 3918 2566 3988 pedes
2592 3918 2871 3989 recusabo,
2893 3928 2946 3974 et
2972 3919 3114 3975 omni
3146 3919 3444 3976 officiorum
3466 3935 3662 3991 genere
3686 3935 3782 3974 eo-

2195 4010 2300 4064 lam
2333 4028 2347 4065 :
2381 4027 2448 4067 ne
2473 4011 2588 4068 haec
2613 4012 2931 4079 diceremus,
2959 4013 3099 4088 quod
3131 4012 3297 4072 multo
3324 4014 3496 4084 majus
3524 4023 3638 4080 est,
3670 4015 3783 4083 ipse

2197 4101 2364 4157 llelize
2406 4114 2460 4158 et
2507 4103 2682 4158 Eliszei
2724 4113 2776 4160 et
2819 4106 3194 4179 prephetarum
3243 4105 3482 4164 omnium
3528 4105 3783 4164 Dominus

2197 4210 2294 4266 per
2321 4211 2578 4265 pauperes
2614 4195 2682 4250 ad
2726 4210 2824 4251 nos
2871 4211 2931 4252 se
2978 4197 3340 4270 ingressurum
3382 4197 3625 4268 promisit
3662 4212 3782 4255 cum

2197 4288 2332 4344 dixit
2360 4306 2373 4342 :
2411 4289 2664 4357 Quamdiu
2695 4290 2882 4362 fecistis
2922 4291 3011 4344 uni
3055 4291 3116 4344 de
3150 4291 3228 4347 Itis
3264 4290 3483 4346 minimis
3505 4330 3519 4356 ,
3551 4290 3678 4348 mihi
3706 4293 3784 4360 fc-

2197 4381 2358 4437 cistis.

2272 4471 2503 4538 Quatuor
2527 4470 2588 4526 ob
2613 4489 2793 4528 causas
2827 4470 3017 4528 Christi
3061 4473 3263 4527 nomine
3302 4473 3552 4530 dandum.
3577 4501 3649 4520 -τ
3679 4469 3784 4530 Sed

2199 4565 2340 4637 quod
2368 4565 2564 4621 dictum
2591 4574 2674 4622 est
2691 4606 2706 4629 .
2738 4582 2804 4622 ne
2837 4576 3147 4639 prmtereas.
3174 4566 3308 4622 lllud
3331 4567 3474 4622 enim
3495 4605 3511 4631 ,
3535 4564 3788 4620 Esurien-

2201 4669 2299 4713 tem
2327 4675 2405 4714 me
2431 4660 2647 4725 aluistis,
2677 4669 2902 4730 quatuor
2924 4660 3139 4715 exhibet
3164 4660 3520 4731 eleemosynte
3551 4657 3791 4714 necessi-

2201 4759 2338 4806 tates
2371 4768 2384 4804 :
2416 4751 2555 4821 quod
2583 4749 2686 4806 fide
2706 4751 2895 4822 dignus
2920 4752 2990 4806 sit
3014 4751 3058 4806 is
3075 4752 3164 4822 qui
3189 4751 3340 4820 petit,
3363 4751 3505 4822 quod
3531 4748 3790 4809 Dominus

2201 4845 2270 4900 sit
2299 4845 2343 4900 is
2371 4846 2458 4916 qui
2491 4845 2616 4916 petit
2649 4863 2662 4899 :
2695 4845 2836 4916 quod
2869 4856 3053 4918 urgeat
3083 4846 3282 4916 inopia,
3311 4845 3436 4899 dum
3464 4843 3631 4898 fames
3663 4856 3786 4911 pre-

2201 4937 2299 4991 mit
2326 4953 2339 4990 :
2369 4935 2510 5006 quod
2553 4935 2706 4991 facile
2733 4935 2806 4992 sit
2844 4935 3054 5007 largiri,
3083 4951 3206 4991 cum
3236 4935 3490 4990 alimenta
3518 4931 3786 5004 postulet.

2201 5039 2256 5084 et
2281 5029 2450 5083 solum
2477 5044 2664 5098 panem
2685 5071 2700 5095 ,
2733 5044 2839 5083 non
2866 5028 3087 5084 delicias
3109 5036 3256 5098 petat
3285 5044 3299 5081 :
3325 5027 3466 5098 quod
3489 5040 3681 5096 magna
3711 5040 3794 5080 reo

2205 5125 2504 5182 muneratio
2530 5132 2888 5194 exspectetur,
2920 5138 3039 5178 cum
3069 5138 3164 5192 pro
3194 5121 3400 5192 exiguis
3423 5121 3536 5175 istis
3561 5117 3792 5195 promis-

2201 5231 2319 5274 sum
2351 5218 2414 5274 sit
2463 5233 2705 5287 regnum.
2736 5216 3093 5281 inhumanus,
3133 5215 3395 5281 crudelis,
3422 5223 3478 5271 et
3509 5211 3797 5274 immiseri-

2202 5325 2324 5366 cors
2349 5310 2445 5365 es?
2471 5311 2758 5376 Reverere,
2795 5309 2984 5379 inquit.
3007 5308 3317 5379 dignitatem
3347 5306 3462 5377 ejus
3491 5304 3582 5374 qui
3613 5312 3795 5374 postu-

2203 5402 2294 5456 lat.
2330 5404 2398 5458 At
2423 5411 2668 5471 respectu
2707 5400 2980 5471 dignitatis
3023 5415 3129 5455 non
3172 5396 3794 5456 exoraris?Calamitate

2204 5493 2392 5548 saltem
2432 5493 2666 5550 ﬂectere.
2718 5491 2822 5548 Sed
2869 5507 3039 5565 neque
3081 5490 3402 5548 calamitatis
3446 5488 3585 5549 ratio
3632 5497 3684 5548 te
3726 5484 3792 5545 ad

2203 5584 2627 5642 misericordiam
2685 5581 2956 5640 inﬂectit?
3007 5580 3088 5638 Ob
3151 5579 3426 5650 petitionis
3483 5578 3791 5636 facilitatem

2203 5677 2456 5740 concede.
2491 5676 2672 5747 Neque
2724 5677 2972 5747 dignitas,
3028 5689 3200 5746 neque
3240 5673 3434 5745 inopia;
3466 5674 3754 5727 necessitas
3777 5712 3789 5725 .

2208 5786 2377 5842 neque
2434 5768 2727 5841 largitionis
2791 5768 3012 5825 facilitas
3069 5781 3411 5823 commovere
3463 5773 3514 5821 te
3564 5759 3794 5834 potest!
