4082 6212
341 283 444 339 537

337 396 538 452 Saltem
587 395 746 466 igitur
797 394 868 450 ob
915 408 1100 449 eorum
1146 394 1446 460 bonorum,
1487 410 1607 465 qua:
1666 397 1926 467 promissa

338 496 506 552 sunt,
554 483 976 555 magnitudinem
1025 498 1195 552 egeno
1243 482 1440 553 prtebe.
1497 484 1657 541 Vides
1701 496 1930 558 quatuor

337 590 548 641 causas,
566 592 686 646 qua:
710 583 927 645 possent
947 573 1026 627 vel
1054 573 1283 643 lapidem
1314 575 1507 644 ipsum,
1532 585 1587 632 et
1607 592 1848 642 avarum,
1875 585 1932 632 et

337 677 681 731 cxczecatum,
711 674 765 721 et
789 664 1263 720 immisericordem
1296 666 1587 736 hominem,
1610 678 1665 723 et
1689 669 1926 725 omnium

339 758 760 827 stupidissimum
788 756 1058 811 excitare?
1088 756 1257 823 Quam
1290 758 1451 829 igitur
1472 760 1681 815 veniam
1710 776 1929 830 sperare

344 858 622 921 poterunt,
652 849 743 917 qui
774 855 894 916 post
944 856 1142 901 tantam
1190 848 1613 906 cohortationem
1655 861 1709 906 et
1754 852 1929 907 consi-

339 937 465 992 lium
510 953 708 1009 egenos
753 937 1093 1007 despicient?
1148 938 1329 993 Dicam
1382 951 1437 994 et
1477 941 1620 996 aliud
1670 953 1927 1010 praztcrca

338 1030 589 1099 quiddam
621 1048 634 1083 :
662 1029 879 1084 audiant
930 1031 1020 1100 qui
1066 1032 1336 1101 mysteriis
1384 1041 1509 1087 sunt
1552 1033 1764 1088 initiati.
1793 1033 1925 1089 Cum

337 1122 406 1175 ali
432 1130 484 1176 te
520 1136 657 1191 opus
690 1122 877 1189 fuerit,
908 1137 977 1177 ne
1002 1123 1149 1177 carni
1174 1123 1390 1193 quidem
1425 1139 1536 1180 suae
1564 1126 1730 1197 parcit
1763 1126 1877 1196 ipse
1908 1143 1922 1181 :

340 1230 461 1270 cum
494 1215 586 1271 tibi
610 1225 790 1285 potum
814 1214 931 1270 dari
955 1230 1090 1285 opus
1128 1214 1315 1282 fuerit,
1348 1231 1416 1272 ne
1441 1218 1681 1288 sanguini
1711 1218 1925 1289 quidem

338 1322 437 1363 suo
459 1309 646 1376 parcit,
676 1323 773 1363 nec
798 1308 948 1363 illum
980 1308 1218 1365 invidet:
1249 1318 1303 1364 tu
1336 1324 1463 1365 vero
1492 1326 1560 1366 ne
1590 1326 1779 1382 panem
1808 1312 1927 1382 qui-

339 1400 461 1455 dem
509 1401 787 1469 impertis,
828 1417 929 1457 nec
969 1402 1420 1473 calicem?Quam
1461 1405 1673 1461 tandem
1717 1407 1924 1462 veniam

338 1490 634 1555 obtinebis,
667 1490 758 1561 qui
802 1500 881 1545 tot
921 1491 1076 1547 bonis
1110 1502 1217 1548 tam
1247 1496 1495 1564 pretiosis
1530 1498 1787 1567 acceptis,
1816 1506 1923 1554 tam

338 1582 535 1638 vilibus
568 1584 792 1652 parcas?
823 1583 957 1639 Vide
986 1600 1053 1640 ue
1084 1584 1391 1657 frequenter
1427 1603 1548 1643 cum
1577 1588 1793 1645 Christo
1820 1591 1927 1646 lar-

335 1671 438 1741 giri
464 1671 531 1727 ad
565 1674 769 1728 lucrum
818 1677 1147 1731 recusaveris
1170 1717 1184 1741 ,
1213 1678 1279 1732 ad
1305 1678 1557 1735 damnum
1588 1681 1800 1737 diabolo
1823 1682 1926 1737 lar-

335 1762 515 1831 giaris.
545 1764 675 1819 Cum
703 1765 844 1820 enim
876 1767 1196 1837 pauperibus
1224 1784 1331 1824 non
1372 1769 1594 1837 demus,
1624 1772 1925 1842 impustori-

336 1852 437 1907 bus
478 1853 667 1909 damus
716 1871 730 1908 :
785 1857 929 1912 fures
970 1858 1282 1929 plerumque
1334 1860 1418 1916 vel
1460 1863 1688 1918 malefici
1744 1863 1925 1918 famuli

333 1942 660 2012 ahripientes
684 1944 915 2011 abeunt,
944 1947 1027 2001 vel
1054 1948 1212 2003 etiam
1245 1949 1441 2020 aliquis
1467 1950 1605 2006 alius
1631 1968 1809 2006 rerum
1835 1967 1923 2007 ca-

335 2048 427 2088 sus
480 2034 671 2090 aufert.
731 2033 796 2091 Et
850 2052 978 2093 vero
1020 2048 1296 2109 postquam
1366 2040 1483 2097 inec
1546 2043 1923 2099 evitaverimus

334 2125 534 2190 omnia,
563 2141 709 2181 mors
745 2126 1108 2185 interveniens
1137 2130 1336 2187 dudum
1362 2132 1608 2190 abducet.
1640 2135 1716 2190 Nc
1764 2135 1923 2206 igitur

336 2214 520 2270 istlnec
561 2217 811 2271 eveniant
830 2259 844 2281 ,
874 2221 1020 2288 prius
1045 2220 1260 2276 Christo
1288 2222 1489 2292 petenti
1518 2225 1839 2296 largiamur,
1866 2235 1922 2281 et

336 2306 388 2356 in
422 2305 670 2360 thesauro
707 2307 864 2362 nullis
904 2308 1242 2378 praedonibus
1283 2313 1520 2369 obnoxio
1564 2331 1919 2384 reponamus,

336 2405 392 2451 ut
428 2405 482 2450 et
517 2396 585 2451 dc
624 2398 864 2453 custodia
893 2409 949 2454 et
990 2400 1060 2457 de
1101 2412 1361 2471 proventu
1406 2405 1757 2460 conﬁdamus.
1805 2406 1929 2462 Non

1553 284 1616 339 IN
1659 284 1919 343 HELIAM
1959 287 2050 344 ΕΤ
2091 287 2369 347 νιουΑΜ.

3520 299 3623 355 558

2031 406 2177 461 enim
2206 404 2379 459 solum
2405 419 2525 475 qua:
2565 407 2773 477 accepit
2790 448 2805 476 ,
2838 407 3120 480 diligenter
3143 419 3380 466 asscrvat
3405 452 3419 476 ,
3448 410 3539 465 scd
3567 422 3624 467 et

2033 492 2223 560 majori
2252 493 2347 548 tibi
2372 510 2563 551 rursus
2600 511 2722 552 cum
2750 502 3058 555 accessione
3084 500 3332 556 restituit.
3362 499 3440 556 Ne
3463 501 3623 573 igitur

2034 581 2274 639 imminui
2305 584 2459 643 nobis
2482 586 2763 644 facultates
2795 590 3118 647 arbitremur
3136 632 3150 657 ,
3179 607 3302 647 cum
3324 592 3617 664 eleemosy-

2033 689 2155 729 nam
2196 692 2498 747 erogamus.
2521 680 2639 735 Non
2666 682 2809 737 enim
2834 682 3165 750 minuuntur,
3194 684 3290 740 sed
3315 695 3576 756 augentur
3608 702 3621 747 ;

2032 779 2137 818 non
2182 767 2569 835 absumuntur,
2616 771 2710 826 sed
2750 773 3207 843 multiplicantur,
3238 782 3294 830 et
3334 775 3623 846 negotiatio

2031 856 2274 926 quietiam
2301 873 2389 914 res
2414 859 2513 913 ista
2552 870 2607 916 et
2633 865 2891 919 sementis
2922 874 3003 920 est
3034 883 3047 919 :
3082 866 3163 921 vel
3191 866 3369 937 potius
3393 876 3621 938 utroque

2032 946 2253 1001 istorum
2283 952 2636 1018 quaestuosius
2663 955 2915 1023 quiddam
2952 964 3009 1012 et
3050 957 3232 1015 tutius.
3261 957 3393 1014 Nam
3423 972 3619 1015 merca-

2033 1045 2145 1093 tura
2169 1038 2384 1109 quidem
2421 1040 2596 1097 veutis
2623 1058 2686 1099 ac
2725 1044 2974 1101 fluctibus
3002 1048 3293 1119 multisque
3329 1049 3623 1120 naufragiis

2029 1138 2113 1184 est
2157 1130 2388 1186 obnoxia
2408 1172 2423 1197 ,
2455 1132 2691 1203 itemque
2731 1136 2935 1191 semina
2965 1138 3297 1195 siccitatibus
3321 1140 3494 1208 aeris,
3521 1141 3623 1196 im-

2028 1219 2243 1288 bribus,
2283 1224 2602 1297 caeterisque
2631 1226 2842 1296 injuriis
2879 1239 2933 1285 et
2961 1230 3407 1302 inrequalitatibus
3433 1233 3573 1290 aeris
3602 1250 3627 1287 :-

2028 1327 2148 1381 qua:
2177 1328 2304 1368 vero
2343 1314 2395 1369 in
2424 1331 2614 1371 manus
2646 1315 2841 1374 Christi
2878 1323 3229 1377 conferuntur
3257 1323 3519 1392 pecunia,
3549 1322 3619 1378 ab

2031 1403 2240 1458 insidiis
2265 1405 2513 1461 omnibus
2543 1416 2667 1463 sunt
2694 1408 2982 1466 immunes.
3006 1410 3176 1468 Nemo
3215 1426 3403 1482 rapere
3441 1422 3620 1485 potest

2028 1493 2096 1551 de
2137 1511 2295 1551 manu
2334 1496 2486 1565 ejus,
2515 1514 2636 1555 cum
2667 1503 2933 1574 acceperit
2962 1519 3024 1558 ea
3066 1520 3186 1575 qua:
3212 1506 3380 1562 semel
3414 1506 3466 1563 ei
3493 1516 3623 1565 sunt

2029 1588 2218 1642 tradita
2245 1606 2260 1643 :
2289 1590 2386 1647 sed
2414 1602 2632 1648 manent
2658 1593 2996 1666 multumque
3020 1596 3177 1652 nobis
3203 1604 3260 1652 et
3297 1596 3616 1655 immensum

2026 1679 2255 1734 fructum
2285 1681 2518 1750 pariunt,
2546 1692 2604 1739 et
2634 1684 2853 1741 uberem
2879 1686 2932 1741 in
2965 1696 3206 1757 tempore
3234 1702 3466 1744 messem
3492 1703 3619 1760 pro-

2028 1767 2225 1825 ferunt.
2253 1771 2351 1837 Qui
2379 1774 2519 1828 enim
2544 1791 2694 1843 parce
2716 1777 2950 1843 seminat,
2974 1778 3167 1849 inquit,
3193 1794 3343 1848 parce
3366 1788 3414 1834 et
3435 1788 3617 1842 metet;

2028 1869 2076 1915 et
2121 1862 2210 1930 qui
2245 1863 2458 1917 seminat
2492 1865 2544 1918 in
2586 1866 3009 1923 benedictionibus
3029 1908 3047 1935 ,
3093 1869 3157 1923 de
3196 1868 3625 1925 benedictionibus

2027 1951 2179 2004 etiam
2207 1961 2353 2006 metet
2382 1953 2457 2021 (2.
2482 1952 2601 2009 Cor.
2630 1955 2682 2009 9.
2714 1955 2791 2027 6).
2816 1956 3045 2028 Copiose
3065 1957 3246 2029 itaque
3264 1959 3613 2022 seminemm.

2028 2050 2089 2096 ut
2134 2042 2205 2097 ita
2250 2058 2463 2114 quoque
2508 2054 2809 2113 metamus,
2838 2058 2894 2104 et
2930 2048 3035 2104 vita
3086 2049 3329 2107 fruamur
3373 2061 3612 2108 aeterna:

2027 2149 2185 2204 quam
2218 2150 2317 2191 nos
2344 2150 2533 2193 omnes
2560 2139 2761 2193 utinam
2791 2154 3183 2211 consequamur
3203 2183 3219 2210 ,
3244 2142 3414 2213 gratia
3438 2152 3493 2199 et
3516 2143 3615 2199 be-

2028 2226 2284 2295 nignitate
2312 2228 2521 2284 Domini
2554 2231 2720 2287 nostri
2745 2231 2873 2288 Jesu
2907 2231 3107 2288 Christi
3130 2274 3147 2301 ,
3175 2249 3299 2290 cum
3335 2248 3442 2306 quo
3471 2234 3617 2291 Patri

2028 2317 2290 2388 simulque
2334 2319 2558 2389 Spiritui
2598 2331 2785 2379 sancto
2813 2324 3016 2394 gloria,
3058 2323 3340 2393 imperium
3364 2366 3381 2392 ,
3407 2325 3613 2392 honor.

2028 2422 2169 2462 nunc
2194 2417 2249 2463 et
2266 2423 2480 2480 semper
2499 2419 2554 2466 et
2579 2410 2635 2466 in
2652 2412 2847 2467 srecula
2872 2412 3211 2470 saculos-um.
3239 2415 3433 2471 Amen.

361 2624 3585 2666 MM

1242 2868 1343 2929 AD
1380 2868 1759 2929 HOMILIAM
1798 2866 1877 2925 IN
1920 2865 2209 2926 HELIAM
2252 2866 2349 2925 ET
2392 2863 2712 2926 VIDUAM.

356 3094 506 3139 etore
530 3094 876 3151 summopere
909 3078 1333 3149 frequentatum,
1362 3075 1433 3133 de
1453 3075 1793 3147 eleemosyna
1823 3074 2035 3132 scilicet
2068 3084 2123 3131 et
2154 3075 2225 3131 de
2261 3074 2661 3146 hospitalitate,
2694 3089 2831 3148 quas
2862 3076 2951 3133 ille
2982 3090 3201 3147 semper
3232 3074 3380 3133 inter
3398 3075 3607 3146 prcciw

360 3215 463 3268 pua
492 3198 818 3254 Christianae
840 3198 961 3253 vitae
990 3195 1171 3251 ofﬁcia
1204 3194 1417 3251 habuit.

428 3311 805 3380 lnterpretatio
842 3310 1035 3366 Latina
1061 3320 1144 3366 est
1172 3306 1466 3364 Frontonis
1494 3305 1701 3409 Domi.

1654 3654 1765 3725 IN
1809 3651 2268 3739 HELIAM,

1335 3820 1416 3860 ΕΤ
1459 3819 1521 3862 IN
1566 3820 1838 3874 VIDUAM,
1883 3821 1964 3863 ΕΤ
2005 3822 2088 3861 DE
2134 3819 2573 3862 ELEEMOSYNA.

1635 3967 1869 3981 ——

404 4077 454 4132 i.
502 4076 845 4150 Eleemosyna:
864 4079 1082 4150 dignitas
1099 4094 1123 4143 ;
1148 4079 1263 4134 duo:
1307 4080 1472 4135 vidua:
1494 4081 1597 4135 duo
1626 4090 1918 4137 testamenta

330 4170 912 4237 exprimatur—Diebus
932 4173 1055 4239 illis,
1087 4172 1280 4243 quibus
1301 4174 1677 4243 jejuuabamus
1705 4191 1913 4241 omnes,

330 4274 452 4314 cum
475 4280 844 4334 szepenumero
869 4280 1169 4321 sermonem
1202 4267 1479 4323 instituere
1491 4268 1558 4323 de
1573 4268 1915 4340 eleemosyna

328 4357 632 4410 statuissem
668 4396 682 4420 ,
751 4356 1159 4424 superveniente
1188 4372 1410 4426 vespera
1439 4372 1556 4412 sum
1586 4358 1872 4428 impeditus
1897 4400 1912 4424 ,

328 4462 449 4515 qua:
494 4447 648 4501 nobis
696 4462 912 4501 cursum
959 4447 1215 4501 orationis
1264 4447 1567 4519 interrupit.
1621 4450 1734 4505 Hoc
1784 4465 1915 4506 vero

330 4539 485 4593 tichat
531 4537 639 4592 Deo
667 4536 895 4591 fortasse
934 4536 987 4591 in
1037 4546 1273 4592 nostram
1324 4538 1605 4594 utilitatem
1638 4540 1706 4593 ita
1733 4540 1917 4610 dispo—

330 4637 508 4693 nente,
558 4637 716 4698 atque
764 4628 816 4682 in
869 4628 1009 4683 hunc
1038 4628 1177 4683 diem
1226 4628 1651 4686 cohortatiouem
1710 4630 1778 4686 de
1830 4630 1915 4687 his

329 4722 488 4776 rebus
513 4720 790 4777 dill‘erente
810 4738 823 4775 :
843 4735 909 4775 ne
936 4719 1059 4774 dum
1079 4736 1173 4775 vos
1200 4720 1251 4775 in
1282 4721 1522 4776 Ecclesia
1548 4720 1705 4777 divisi
1728 4722 1912 4787 eratis,

327 4813 683 4883 eleemosynze
730 4826 915 4866 mensa
949 4811 1103 4866 vobis
1154 4821 1514 4882 apponeretur
1560 4831 1574 4867 :
1623 4828 1728 4869 non
1772 4812 1914 4884 quod

330 4904 489 4959 hodie
546 4920 793 4974 maguum
844 4903 1040 4974 aliquid
1070 4912 1125 4958 et
1156 4905 1361 4975 insigne
1382 4903 1666 4960 dicendum
1716 4904 1913 4960 habea-

330 5010 449 5049 mus
478 5036 494 5061 ,
541 4996 634 5050 sed
662 4994 803 5065 quod
852 5009 1042 5065 magna
1070 4995 1140 5050 sit
1164 5006 1219 5051 et
1247 4997 1442 5051 eximia
1468 4996 1637 5052 virtus
1680 4997 1916 5053 eleemo-

326 5101 495 5156 synm.
546 5085 762 5141 Multam
790 5087 986 5158 quippe
1017 5086 1261 5143 ﬁduciam
1300 5090 1439 5161 apud
1471 5090 1635 5145 Deum
1675 5106 1762 5146 res
1812 5091 1915 5146 ista

326 5176 610 5243 conciliat,
658 5186 714 5232 et
764 5186 1031 5248 tamquam
1082 5181 1262 5250 regina
1308 5181 1551 5251 quaedam
1602 5182 1913 5253 religionem

328 5276 564 5320 nostram
587 5281 777 5338 regens
798 5269 962 5323 multa
988 5284 1109 5324 cum
1138 5271 1424 5325 securitate
1450 5271 1694 5325 cmlcstes
1712 5272 1917 5342 ingredi

327 5355 483 5411 sedes
530 5359 847 5424 consuevit,
896 5369 953 5414 et
1001 5359 1144 5426 illa),
1198 5360 1395 5430 quibus
1443 5360 1697 5415 caelorum
1739 5361 1916 5431 ianua:

329 5448 632 5503 commissa:
681 5458 805 5503 sunt
833 5491 848 5515 ,
898 5457 1228 5519 potestates,
1279 5452 1324 5507 si
1364 5452 1579 5522 quidem
1627 5453 1914 5509 intrantem

328 5536 561 5593 viderint
610 5540 1032 5611 elecmosynam,
1080 5541 1247 5597 multo
1288 5556 1407 5597 cum
1448 5542 1652 5598 honore
1696 5543 1916 5614 reliquis

337 5628 502 5683 etiam
527 5630 811 5685 virtutibus
841 5640 1059 5702 propter
1102 5632 1268 5703 ipsam
1300 5633 1442 5688 fores
1481 5633 1599 5689 illas
1624 5636 1908 5704 aperiunt:

328 5720 415 5777 sin
446 5732 624 5778 autem
660 5723 861 5795 absque
890 5724 1233 5796 elcemosyna
1259 5724 1440 5781 venire
1485 5724 1735 5791 viderint,
1774 5726 1917 5782 fores

1873 3941 2032 3995 @m

2035 3962 2292 3977 ψ

2025 4079 2128 4134 illis
2174 4074 2479 4133 occludunt.
2532 4075 2707 4145 Atque
2734 4073 2837 4129 hoc
2861 4089 2932 4129 ex
2955 4072 3250 4145 virginibus
3288 4071 3393 4127 illis
3438 4080 3624 4141 patet,~

2023 4186 2142 4240 qua:
2172 4177 2453 4239 propterea
2492 4180 2648 4221 sacro
2691 4166 2779 4220 illo
2822 4165 3061 4221 thalamo
3099 4163 3313 4221 fuerunt
3349 4163 3618 4230 exclusa;

2026 4260 2167 4330 quod
2184 4260 2360 4314 oleum
2388 4258 2440 4312 in
2462 4256 2798 4327 lampadibus
2819 4257 2933 4311 suis
2946 4265 3205 4327 perpetuo
3224 4270 3329 4309 non
3348 4253 3609 4310 haberent

2026 4351 2237 4424 (Matth.
2258 4346 2371 4417 25).
2393 4345 2471 4402 Ac
2506 4347 2637 4403 mihi
2682 4346 2972 4403 discrimen
2999 4344 3300 4402 considera.
3351 4342 3615 4399 Eleemoa

2020 4458 2151 4515 syna
2183 4441 2395 4512 quidem
2421 4440 2625 4510 absque
2662 4438 2969 4509 virginitate
3014 4450 3141 4491 suos
3164 4435 3409 4490 alumnos
3439 4434 3608 4489 intro-

2020 4533 2169 4589 duxit
2198 4532 2249 4587 in
2288 4531 2476 4585 czelum
2525 4547 2538 4583 :
2586 4537 2643 4584 at
2685 4527 2965 4599 virginitas
3007 4526 3209 4596 absque
3260 4525 3617 4596 eleemosyua'

2022 4625 2239 4681 minime
2288 4624 2481 4694 potuit.
2524 4619 2751 4689 Quando
2806 4621 2966 4691 igitur
3010 4626 3154 4674 tanta
3202 4618 3282 4673 rei
3334 4616 3497 4687 hujus
3524 4625 3619 4672 est

2020 4718 2211 4781 virtus,
2239 4714 2384 4770 omni
2412 4712 2592 4767 studio
2620 4710 2893 4767 institutos
2932 4709 3001 4766 de
3040 4723 3103 4765 ea
3151 4722 3432 4764 sermones
3455 4706 3606 4762 exci-

2022 4810 2246 4879 piamus.
2276 4806 2561 4862 Enimvero
2583 4801 2961 4874 compendiosa
3003 4800 3163 4857 fuerit
3205 4799 3495 4855 admodum
3538 4798 3615 4854 ad

2022 4899 2158 4955 hanc
2170 4914 2281 4954 rem
2297 4897 2617 4963 cohortatio,
2642 4896 2687 4951 si
2710 4909 2806 4951 vos
2814 4894 2881 4949 ad
2897 4894 3109 4950 viduam
3131 4891 3447 4965 Sarephthis
3461 4891 3607 4948 Sido-

2022 4994 2104 5047 uis
2148 4990 2470 5046 habitantem
2525 4988 2867 5044 abducamus.
2897 4986 3031 5042 Nam
3059 4984 3151 5057 qui
3187 4985 3442 5055 operibus
3470 4983 3604 5054 ipsis

2023 5088 2313 5149 instruunt,
2341 5085 2509 5139 multo
2534 5083 2805 5154 digniores
2833 5079 2939 5137 fide
2977 5079 3217 5152 magistri
3246 5078 3380 5133 fiunt
3401 5118 3417 5144 ,
3445 5090 3604 5147 quam

2022 5180 2111 5250 qui
2156 5176 2334 5233 verbis
2385 5176 2515 5232 solis
2563 5175 2846 5231 consilium
2900 5171 3031 5227 dant
3082 5188 3097 5224 :
3144 5169 3393 5242 quocirca
3449 5166 3606 5222 vidua

2020 5283 2231 5340 quoque
2270 5268 2427 5323 nobis
2466 5267 2542 5322 rei
2595 5266 2752 5334 hujus
2793 5264 2991 5334 optima
3037 5262 3140 5318 erit
3192 5261 3469 5331 magistra.
3517 5258 3604 5312 Si-

2021 5361 2233 5432 quidem
2266 5374 2365 5415 nos
2408 5358 2585 5414 verbis
2622 5357 2837 5428 quidem
2889 5354 3237 5411 adhortamur
3264 5370 3279 5408 :
3307 5362 3362 5406 at
3397 5352 3485 5408 illa
3514 5367 3621 5406 vos

2020 5452 2272 5523 operibus
2297 5451 2495 5506 docere
2524 5448 2722 5519 poterit
2748 5490 2763 5510 ,
2802 5462 2925 5503 cum
2956 5445 3163 5501 eisdem
3187 5444 3464 5514 praeditam
3495 5456 3609 5496 mo-

2020 5543 2203 5608 ribus,
2250 5542 2450 5596 sociam
2497 5540 2689 5595 haheat
2733 5539 2832 5592 sibi
2863 5538 3187 5607 copulatam.
3239 5534 3366 5589 Duze
3410 5533 3613 5605 quippe

2021 5642 2143 5689 sunt
2178 5635 2260 5686 ha:
2291 5630 2485 5696 viduae,
2518 5645 2623 5686 una
2652 5631 2704 5685 in
2746 5628 2897 5684 Novo
2925 5628 3288 5693 Testamento,
3338 5640 3458 5695 qua:
3496 5627 3613 5677 duo

2024 5727 2225 5783 minuta
2254 5724 2395 5781 misit
2425 5723 2575 5795 (Luc.
2605 5721 2719 5793 2|),
2766 5720 2932 5777 altera
2982 5721 3035 5776 in
3065 5719 3273 5786 Veteri,
3319 5731 3437 5787 qum
3473 5724 3602 5780 pro-
