4082 6212
468 409 683 477 pbetam
713 407 987 478 suscipere
1022 404 1222 460 meruit
1247 404 1328 476 (3.
1357 401 1489 475 Reg.
1521 400 1614 473 Π)
1653 419 1666 456 :
1698 408 1858 472 atque
1881 399 2056 455 amba:

470 499 538 555 ad
597 498 842 556 eamdem
907 493 1262 567 philosophia:
1327 495 1584 549 virtutem
1650 499 2010 563 pervenerunt
2038 532 2054 555 ,

472 590 824 660 eandemque
845 589 1151 643 comitatem
1172 585 1553 650 exhibuerunt,
1578 592 1633 639 et
1667 597 1885 639 suorum
1909 590 2058 638 recte

474 683 732 738 factorum
767 679 1119 735 similitudine
1145 679 1616 735 Testamentorum
1643 675 1800 731 nobis
1824 673 2056 729 affinita-

475 781 580 828 tem
655 781 1056 843 expresserunt.
1123 766 1259 826 Nam
1303 767 1754 840 quemadmodum
1802 764 2058 822 sublimes

471 863 688 934 quidam
715 861 941 933 scopuli,
970 860 1281 917 circumdati
1313 859 1571 930 portubus
1591 899 1609 926 ,
1637 871 1773 928 quos
1799 855 2055 928 appellari

476 952 682 1008 Pharos
726 963 844 1008 mos
894 960 1010 1016 est,
1059 952 1113 1007 in
1139 951 1332 1023 quibus
1382 959 1494 1006 tota
1522 957 1680 1005 nocte
1708 947 2060 1003 inexstinctus

474 1045 612 1116 ignis
637 1043 802 1110 lucet,
834 1052 1076 1100 errantes
1103 1043 1158 1098 in
1201 1042 1338 1096 mari
1383 1039 1673 1111 splendore
1725 1038 1943 1093 luminis
1989 1035 2058 1091 ad

477 1145 660 1204 portus
689 1134 990 1191 securitatis
1025 1133 1296 1188 deducunt
1324 1148 1341 1186 :
1382 1131 1463 1188 sic
1488 1131 1608 1187 ista:
1635 1139 1904 1200 tamquam
1936 1143 2060 1199 por-

475 1227 634 1280 tnlms
693 1226 943 1282 comitate
994 1224 1380 1291 circumdatas,
1437 1220 1892 1292 magnanimitatis
1947 1233 2059 1274 sua:

477 1317 678 1372 lumine
705 1316 1118 1386 profundissima
1143 1318 1195 1371 in
1225 1325 1381 1371 nocte
1408 1332 1424 1368 :
1457 1331 1567 1370 non
1593 1315 1736 1370 enim
1769 1314 1944 1385 potior
1977 1323 2060 1369 est

476 1409 712 1466 cenditio
741 1409 863 1463 vitae
905 1417 1104 1464 nostra:
1132 1424 1290 1479 quam
1321 1407 1493 1463 noctis
1514 1449 1530 1475 ,
1569 1407 1710 1462 sicut
1754 1413 1811 1462 et
1861 1405 2060 1462 Paulus

477 1500 606 1555 dicit
637 1512 651 1553 :
673 1498 795 1554 Nox
810 1499 1085 1570 prtcccssit,
1111 1499 1217 1552 dies
1243 1507 1409 1552 autent
1429 1497 1856 1567 appropinquavit
1880 1495 2058 1566 (Rom.

477 1591 566 1645 13.
597 1589 724 1661 12);
770 1605 864 1644 eos
894 1590 1056 1660 igitur
1099 1605 1190 1660 qut
1235 1589 1648 1660 profundissima
1696 1590 1749 1644 in
1795 1599 1953 1644 nocte
2007 1589 2060 1644 in

475 1682 712 1737 avaritia:
741 1683 872 1736 mari
899 1682 1172 1749 oberrant,
1196 1693 1250 1737 et
1271 1683 1489 1752 jamjam
1511 1681 1890 1752 submergendi
1915 1691 2058 1747 sunt,

476 1772 544 1826 ad
569 1785 720 1826 suam
750 1771 978 1826 invitant
1005 1773 1373 1839 securitatem,
1398 1783 1452 1827 et
1479 1771 1825 1827 lnunanitatis
1848 1786 2063 1841 semper

478 1860 757 1918 ardentem
789 1862 1047 1917 habentes
1073 1861 1273 1933 ignem,
1303 1862 1678 1916 inexstinctum
1707 1862 2063 1932 eleemosyna:

481 1954 661 2008 lumen
691 1962 1030 2009 conservant.
1436 2000 1438 2003 ,

549 2045 608 2098 3.
648 2043 755 2100 Sed
792 2045 862 2101 de
902 2045 989 2100 illa
1033 2045 1250 2117 quidem
1297 2046 1402 2101 alio
1450 2046 1615 2113 ideo;
1667 2045 1930 2101 hodierno
1976 2043 2064 2099 die

479 2134 624 2205 apud
651 2148 749 2190 vos
774 2135 843 2190 de
873 2135 1189 2192 istaVeteris
1210 2135 1538 2192 Testamenti
1565 2146 1802 2208 agemus.
1833 2134 2064 2191 Omnino

477 2225 622 2279 enim
647 2224 773 2280 dum
795 2224 910 2280 haec
929 2225 1247 2293 laudabitur,-
1267 2226 1408 2281 illius
1430 2240 1644 2298 quoque
1672 2227 2063 2298 prteconiorum

477 2329 674 2369 corona
721 2322 964 2371 nectetur
1013 2333 1028 2369 :
1076 2331 1198 2371 nam
1251 2333 1477 2387 quarum
1537 2318 1688 2389 p‘aria
1739 2326 1864 2373 sunt
1919 2329 2064 2376 recte

480 2402 618 2460 facta
638 2446 654 2468 .
679 2419 864 2460 earum
904 2421 1118 2478 quoque
1145 2407 1408 2463 laudatrix
1435 2409 1607 2464 oratio
1635 2411 1932 2465 communis
1957 2420 2061 2466 est.

475 2495 607 2551 Orta
634 2505 716 2551 est
740 2498 900 2568 igitur
928 2497 1088 2568 hujus
1117 2508 1358 2571 tempore
1383 2499 1552 2556 fames
1574 2500 1909 2570 gravissima,
1955 2517 2061 2557 non

476 2586 619 2657 quod
640 2587 850 2644 defessa
867 2589 1023 2644 tellus
1043 2589 1222 2660 fruges
1237 2600 1476 2661 negaret.
1501 2589 1596 2645 sed
1623 2591 1765 2661 quod
1789 2591 2062 2646 hominum

479 2685 693 2749 peccata
717 2681 811 2735 Dei
837 2681 1038 2736 donum
1076 2691 1402 2739 averterent.
1451 2681 1578 2740 Orta
1607 2693 1691 2738 est
1715 2683 1875 2755 igitur
1894 2684 2064 2742 fames

475 2772 812 2842 gravissima,
842 2782 898 2829 et
923 2774 1162 2830 omnium
1188 2776 1570 2842 acerbissima;
1609 2784 1771 2848 atque
1807 2778 1951 2833 illam
1981 2777 2064 2834 fa—

489 2871 630 2918 tnem
658 2863 838 2920 llelius
870 2877 1094 2936 magnus
1116 2867 1337 2932 invexit,
1371 2876 1425 2923 et
1452 2877 1717 2938 tamquam
1771 2870 2064 2926 terribilem

483 2951 740 3011 famulum
789 2958 1075 3028 quemdam
1125 2960 1368 3029 vocavit,
1425 2968 1484 3016 ut
1529 2974 1819 3017 conservos
1871 2961 2065 3032 injuria

483 3046 763 3103 Detttinum
789 3049 1084 3106 allicientes
1103 3052 1388 3123 castigaret
1419 3069 1434 3106 :
1466 3052 1577 3107 imo
1603 3068 1730 3109 vero
1752 3052 2061 3110 Judteorum

478 3137 626 3192 illam
657 3137 986 3197 advocavere
1030 3152 1280 3212 peccata;
1325 3133 1600 3214 propheta:
1623 3152 1802 3199 autem
1831 3143 1977 3200 illam
2004 3159 2067 3200 os

479 3230 688 3299 intulit,
739 3229 869 3287 Vivit
898 3233 1069 3301 enim,
1115 3235 1320 3306 inquit,
1367 3233 1621 3290 Dominus
1673 3234 1832 3305 Deus,
1889 3236 1934 3292 si
1967 3237 2062 3292 erit

478 3323 650 3392 pluvia
678 3323 776 3379 nisi
794 3341 885 3394 per
908 3341 964 3380 os
995 3342 1160 3381 meum
1193 3327 1271 3398 (5.
1305 3325 1432 3397 Reg.
1464 3320 1551 3382 l7.
1597 3326 1672 3398 l).

548 3413 832 3484 Descriptio
883 3415 1162 3470 sterilitatis
1218 3425 1264 3470 et
1315 3415 1561 3470 siccitatis
1585 3416 1736 3472 aeris.
1768 3447 1838 3457 —-
1862 3414 2062 3474 Intole-

479 3504 702 3560 randnm
751 3505 909 3575 igitur
951 3515 1068 3562 erat
1115 3507 1315 3562 malum
1367 3523 1381 3560 :
1444 3523 1617 3579 neque
1660 3509 1804 3564 enim
1855 3518 2061 3565 tantum

477 3597 714 3650 sterilem
768 3595 996 3651 reddidit
1056 3607 1212 3652 terra:
1265 3609 1476 3654 uterum
1531 3601 1783 3655 terribilis
1840 3603 1926 3656 illa
1959 3619 2061 3658 vox

480 3686 789 3756 prophetae.
841 3686 938 3742 sed
986 3696 1042 3743 ct
1084 3687 1196 3758 ipsa
1245 3688 1524 3743 fluminum
1555 3689 1750 3745 ﬂuenta
1776 3693 2054 3760 cohibuit,

475 3790 770 3849 omnesque
809 3786 918 3834 tum
958 3780 1341 3835 exarescebant
1369 3789 1653 3837 torrentes.
1705 3782 2057 3852 thuemad-

478 3869 693 3924 modum
743 3883 864 3926 cum
915 3870 1206 3928 vehemens
1256 3881 1312 3928 et
1353 3872 1549 3928 ardens
1599 3873 1762 3928 febris
1813 3875 2060 3946 corporis

479 3972 721 4018 naturam
765 3964 992 4031 invasit,
1046 3977 1151 4020 non
1205 3966 1540 4035 superficiem
1574 3976 1780 4022 tantum
1813 3967 2056 4035 arefacit,

478 4054 570 4112 sed
622 4064 677 4110 et
720 4055 976 4111 interiora
1025 4065 1305 4126 pet-means
1351 4058 1521 4128 ipsam
1570 4059 1772 4114 ossium
1813 4069 2056 4115 naturam

472 4145 652 4203 exurit
680 4163 695 4200 :
728 4147 799 4201 ita
823 4163 942 4216 qua:
969 4155 1079 4201 tum
1096 4149 1310 4219 vigebat
1333 4149 1548 4204 siccitas
1567 4151 1729 4217 aeris,
1757 4167 1863 4204 non
1885 4150 2054 4206 solam

475 4246 631 4290 terra:
657 4236 847 4292 faciem
875 4237 1219 4302 incendebat,
1268 4237 1363 4294 sed
1405 4239 1471 4292 ad
1521 4240 1633 4308 ipsa
1685 4239 1802 4310 ejus
1848 4241 2055 4296 viscera

474 4337 759 4394 penetrans
783 4342 997 4384 omnem
1039 4329 1344 4385 inferiorem
1376 4330 1659 4386 humorem
1682 4331 2056 4389 exhauriebat.

469 4416 609 4483 Quid
635 4431 764 4488 ergo
793 4418 933 4474 Deus
951 4418 1019 4474 ad
1041 4419 1395 4490 prophetam?
1418 4420 1604 4492 Surge,
1637 4421 1826 4492 inquit,
1853 4432 1902 4478 et
1929 4425 2054 4479 vade

469 4508 522 4560 in
568 4506 858 4578 Sareplttlta
897 4508 1124 4565 Sidonia
1149 4525 1170 4564 :
1208 4510 1278 4564 ibi
1321 4509 1572 4564 mandabo
1625 4512 1826 4566 mulieri
1868 4514 2054 4583 vidule,

467 4605 522 4649 at
563 4598 753 4652 nutriat
776 4606 824 4651 te
853 4597 929 4671 (3.
959 4598 1088 4670 Reg.
1120 4600 1207 4656 l7.
1234 4600 1313 4671 9).
1368 4599 1504 4669 Quid
1530 4600 1633 4657 hoc
1659 4603 1758 4657 sibi
1792 4605 1942 4659 vult?
1997 4604 2055 4660 In

468 4701 563 4742 sua
614 4690 785 4758 patria
834 4692 1032 4746 nullam
1076 4691 1381 4748 comitatem
1422 4703 1679 4764 expertus
1722 4704 1845 4763 est,
1877 4707 1932 4752 et
1981 4698 2053 4751 ad

467 4777 695 4833 alienam
724 4779 995 4848 regionem
1020 4781 1166 4836 illum
1194 4784 1392 4847 mittis,
1448 4793 1608 4855 atque
1652 4785 1720 4840 ad
1771 4789 2051 4844 mulierem

466 4869 716 4924 viduam?
751 4867 884 4924 Nam
912 4871 956 4926 si
983 4873 1231 4942 Opulenta
1262 4882 1426 4936 esset.
1457 4874 1504 4930 si
1533 4875 1880 4942 ditissima,si
1911 4879 2052 4949 regis

467 4974 604 5015 uxor
632 4960 819 5031 ipsius,
851 4961 896 5016 si
928 4963 1108 5019 multis
1138 4974 1296 5021 terra:
1322 4965 1562 5037 frugibus
1589 4967 1792 5039 repleta
1827 4967 2051 5025 haberet

471 5053 835 5123 promptuaria
867 5093 882 5120 ,
929 5068 1107 5111 nonne
1157 5056 1482 5113 voluntatem
1511 5059 1629 5127 ejus
1677 5058 2045 5114 vehementius

459 5163 621 5217 quant
647 5157 842 5203 terram
870 5145 1039 5218 ipsam
1067 5157 1240 5205 metus
1284 5149 1438 5206 famis
1477 5152 1719 5207 sterilem
1751 5152 2047 5208 redderet?

461 5236 539 5294 ;\e
561 5238 720 5308 igitur
749 5239 862 5295 haec
882 5240 1138 5312 propheta
1167 5241 1391 5309 diceret,
1423 5251 1515 5298 aut
1555 5243 1736 5300 animo
1761 5255 1996 5300 versaret
2026 5280 2041 5311 ,

459 5327 660 5384 idcirco
683 5329 829 5400 prius
857 5345 977 5386 eum
1011 5347 1106 5402 per
1151 5348 1345 5390 corvos
1392 5333 1524 5390 aluit
1573 5333 1650 5405 (5.
1686 5334 1817 5407 Reg.
1849 5337 1929 5389 l7.
1965 5337 2047 5403 ti),

458 5431 518 5475 ut
567 5437 662 5491 per
702 5438 764 5478 ea
813 5439 932 5494 qua:
974 5424 1331 5495 gerebantur,
1379 5424 1478 5482 ista
1527 5427 1912 5498 propemodum
1968 5427 2044 5483 illi

460 5515 662 5573 diceret
694 5533 707 5570 :
751 5517 794 5573 si
826 5517 998 5586 effeci,
1029 5527 1088 5572 ut
1133 5519 1353 5576 rationis
1378 5533 1571 5592 expers
1599 5531 1785 5575 natura
1818 5519 2049 5590 itOSllilio

465 5621 517 5659 te
546 5611 828 5678 reciperet,
885 5613 1052 5670 multo
1100 5613 1269 5688 magis
1295 5613 1502 5671 ratione
1534 5613 1790 5686 prxdita',
1847 5624 1899 5668 ut
1946 5613 2044 5668 hoc

463 5695 640 5764 luctat,
673 5702 1094 5768 pcreuadebitur.

1159 292 1217 350 S.
1256 290 1532 350 JOANNIS
1566 285 2042 346 CHRYSOSTOMI
2081 283 2400 340 ABCHIEP.
2440 276 2973 342 CONSTANTINOP.

3654 276 3762 336 διο

2238 399 2295 454 3.
2335 397 2632 468 Propterea
2659 394 2818 450 vidua
2840 401 2963 464 post
2986 404 3204 448 corvos.
3260 389 3457 446 Videre
3482 399 3601 446 erat
3627 407 3760 461 pro-

2168 489 2382 560 phetam
2409 487 2739 544 muliercula:
2763 485 2963 542 factum
2988 483 3302 549 obnoxium,
3345 483 3580 538 animam
3605 483 3758 540 illam

2166 582 2232 637 ad
2257 583 2420 638 celos
2444 597 2611 652 usque
2636 579 2918 636 sublimem
2942 592 3008 633 ae
3033 576 3267 632 divinam
3292 617 3308 642 ,
3340 590 3662 646 generosum
3700 587 3762 632 et

2166 675 2434 730 excelsum
2463 673 2673 729 Heliam
2697 671 2842 726 velut
2857 685 3104 726 erronem
3127 668 3410 739 quemdam
3448 683 3513 725 ac
3537 669 3752 725 mendi-

2171 783 2293 822 cum
2321 767 2389 822 ad
2417 766 2592 821 vidua:
2613 764 2832 835 ianuam
2859 762 3065 828 venire,
3109 770 3268 832 atque
3297 760 3427 815 illud
3471 774 3563 830 os,
3609 761 3757 832 quod

2165 861 2355 914 caelum
2379 857 2673 922 clauserat,
2723 853 3090 910 mendicorum
3116 866 3277 906 voces
3301 850 3575 906 effundere
3607 869 3622 905 :
3668 851 3753 907 Da

2167 951 2296 1008 mihi
2320 965 2532 1023 panem,
2561 949 2626 1006 da
2645 948 2773 1004 mihi
2804 961 3028 1018 aquam;
3051 954 3109 1000 ut
3139 954 3195 999 tu
3223 944 3421 1008 discas,
3449 944 3579 999 nihil
3600 960 3762 1016 :eque

2165 1044 2481 1100 benevolum
2505 1051 2560 1098 et
2583 1041 2876 1096 humanum
2904 1052 3030 1093 esse
3048 1053 3112 1093 ac
3157 1035 3331 1090 viduae
3375 1035 3634 1102 ἁθιιιιιιιι,
3696 1045 3757 1092 et

2168 1132 2566 1190 tabernaculum
2582 1129 2838 1202 egestatis
2857 1127 3098 1198 plenum,
3116 1139 3181 1181 ae
3205 1125 3507 1180 divitiarum
3529 1137 3754 1196 expers,

2165 1224 2504 1281 etmalorum
2527 1237 2649 1294 quae
2669 1237 2735 1278 ex
2755 1219 2961 1276 divitiis
2977 1219 3241 1274 oriuntur.
3275 1215 3449 1271 Locus
3475 1217 3621 1272 enim
3643 1225 3762 1272 erat

2165 1330 2196 1370 a
2223 1315 2536 1371 tumultibus
2562 1314 2720 1381 liber,
2749 1310 3031 1381 omnisque
3055 1307 3405 1378 philosophiae
3431 1309 3652 1378 plenus,
3698 1318 3756 1366 et

2167 1416 2323 1476 portu
2365 1406 2555 1477 quovis
2593 1403 2947 1474 tranquillior.
2992 1398 3143 1454 Tal-ia
3187 1399 3418 1455 maxime
3468 1401 3758 1472 requirunt

2165 1497 2433 1554 domicilia
2459 1504 2760 1552 sanctorum
2789 1493 3004 1548 anima.

2242 1588 2378 1642 Deus
2401 1586 2654 1659 quomodo
2705 1585 2850 1656 punit
2880 1582 3267 1638 Sodomitarum‘
3299 1581 3498 1652 nefaria
3528 1580 3759 1647 scelera:

2167 1680 2417 1751 quomodo
2460 1678 2602 1734 Deus
2642 1680 2697 1732 in
2737 1675 2993 1747 puniendo
3016 1689 3100 1730 eos
3133 1689 3188 1728 se
3210 1674 3382 1745 gessit.
3403 1696 3475 1713 -α
3491 1671 3762 1746 Pergebat

2169 1771 2327 1843 igitur
2370 1771 2436 1826 ad
2479 1770 2690 1825 viduam
2739 1767 2998 1840 prepheta
3023 1807 3039 1830 .
3087 1780 3206 1836 quae
3253 1765 3506 1829 Judazos.
3557 1766 3763 1836 quibo!

2171 1864 2348 1934 perosi
2371 1873 2523 1919 erant
2544 1862 2828 1933 peregrini,
2845 1859 3094 1929 exemplo
3117 1867 3236 1914 erat
3258 1875 3354 1914 suo
3371 1857 3762 1930 redargutura:

2172 1955 2425 2025 pergebat
2475 1955 2542 2008 ad
2589 1953 2838 2016 viduam,
2893 1964 3190 2020 omnesque
3241 1948 3507 2018 docebat,
3562 1950 3765 2005 merito

2168 2045 2386 2101 Judreos
2413 2060 2625 2114 pomam
2657 2044 2798 2098 illam
2826 2043 3111 2097 suSIinere.
3151 2039 3282 2094 Nam
3309 2054 3432 2094 cum
3461 2041 3515 2094 in
3544 2039 3762 2110 aliquos

2171 2152 2382 2209 ptenam
2411 2137 2655 2192 illaturus
2682 2143 2766 2190 est
2808 2135 2970 2198 Deus,
3009 2147 3116 2187 non
3147 2145 3359 2200 quoquo
3404 2128 3566 2184 modo
3617 2145 3752 2200 snp-

2170 2229 2387 2300 plicium
2429 2228 2706 2294 immittit,
2761 2237 2935 2297 neque
2977 2225 3058 2280 sui
3107 2221 3291 2293 jndieii
3343 2231 3626 2277 contentus
3675 2225 3764 2276 est

2169 2319 2394 2386 calculo,
2417 2317 2512 2372 sed
2535 2324 2590 2373 et
2615 2315 2761 2387 apud
2788 2315 3038 2371 homines
3059 2321 3280 2368 excusat
3321 2326 3382 2366 se
3421 2311 3582 2366 rebus
3622 2312 3758 2380 ipsis

2169 2421 2233 2464 ac
2254 2418 2450 2477 tuetur,
2479 2407 2702 2480 perinde
2724 2407 2877 2479 quasi
2904 2405 3178 2462 communi
3202 2403 3430 2474 quodam
3460 2403 3513 2457 in
3551 2401 3764 2473 judicio

2169 2500 2565 2571 suspicionibus
2603 2499 2748 2570 vulgi
2773 2498 3048 2569 expositus
3077 2496 3424 2564 disceptaret.
3478 2495 3544 2549 Et
3570 2508 3765 2565 quem-

2169 2592 2457 2648 admodum
2495 2592 2585 2663 qui
2619 2591 2882 2662 judicium
2926 2596 3215 2652 exercent,
3272 2601 3399 2642 cum
3453 2584 3520 2639 at!
3567 2584 3765 2640 mortis

2173 2685 2490 2756 supplicium
2547 2684 2853 2756 quempiam
2899 2690 3023 2738 sunt
3070 2678 3386 2740 abducturi.
3441 2678 3492 2731 in
3537 2672 3765 2732 sublimi

2172 2776 2523 2847 praesidentes
2576 2775 2828 2830 tribunali
2862 2815 2878 2841 ,
2925 2787 2991 2829 ac
3020 2773 3136 2828 vela
3181 2769 3422 2827 contrahi
3462 2769 3708 2840 jnbentes
3742 2785 3762 2823 :

2171 2876 2336 2924 totam
2364 2868 2632 2924 civitatem
2659 2867 2860 2922 circum
2891 2879 3011 2920 sese
3037 2872 3179 2919 stare
3202 2871 3476 2928 curantes,
3506 2861 3575 2914 ita
3609 2860 3765 2915 velut

2171 2959 2225 3014 in
2279 2959 2492 3030 publico
2542 2958 2754 3014 theatro
2798 2955 3064 3027 judicent,
3118 2962 3174 3010 et
3212 2955 3264 3009 in
3295 2953 3464 3008 oculis
3511 2951 3762 3007 omnium

2169 3057 2330 3120 atque
2357 3049 2574 3105 auribus
2605 3047 3050 3117 interrogationes
3079 3044 3338 3100 adhibent
3365 3060 3458 3100 reo
3479 3083 3495 3109 ,
3523 3052 3576 3098 et
3607 3053 3760 3106 acta,

2169 3149 2225 3195 et
2248 3140 2664 3195 commentarios
2690 3140 2956 3195 scelerum
2985 3137 3052 3192 ab
3080 3137 3175 3192 illo
3200 3144 3626 3207 perpetratortun
3653 3124 3765 3204 legi

2169 3231 2502 3302 prtecipiunt,
2550 3239 2606 3287 et
2645 3229 2883 3286 efficiunt
2920 3239 2977 3284 ut
3015 3243 3143 3284 reus
3187 3229 3301 3299 ipse
3351 3236 3566 3284 suorum
3623 3224 3768 3280 facia-

2170 3338 2359 3378 norum
2386 3321 2476 3377 tiat
2505 3329 2802 3386 accusator,
2839 3334 2903 3375 ac
2933 3329 3043 3375 tum
3071 3319 3289 3375 demum
3320 3317 3637 3374 sententiam
3679 3316 3765 3372 fe-

2168 3421 2296 3468 runt
2328 3431 2342 3468 :
2375 3412 2445 3468 ita
2480 3426 2692 3484 quoque
2720 3411 2863 3467 Deus
2891 3419 3160 3482 tamquam
3189 3411 3244 3465 in
3277 3409 3490 3465 excelso
3524 3407 3768 3479 quodam

2171 3507 2421 3562 tribunali
2447 3505 2840 3575 prredicatiouis
2867 3503 3156 3573 Scriptura:
3182 3501 3497 3574 przesideus,
3539 3502 3763 3556 univcré

2169 3613 2286 3653 sum
2313 3596 2495 3653 orbem
2524 3605 2787 3651 terrarum
2835 3595 3153 3665 praecipiens
3177 3593 3590 3658 circumsistere,
3635 3605 3764 3661 spea-

2167 3687 2436 3742 ctautibus
2479 3687 2726 3742 omnibus
2772 3695 2826 3741 et
2868 3685 3222 3750 audientibus,
3275 3685 3626 3754 qumstionem
3671 3685 3762 3738 in-

2169 3781 2344 3836 stituit
2383 3791 2746 3850 peccatorum,
2794 3795 2900 3834 non
2943 3779 3354 3834 commentarios
3396 3788 3452 3834 et
3493 3788 3611 3834 acta
3653 3779 3764 3849 legi

2169 3871 2506 3941 praecipiens,
2539 3887 2712 3941 neque
2741 3869 2947 3925 tabulas
2975 3869 3027 3924 in
3057 3870 3289 3924 medium
3319 3869 3614 3933 adducens,
3658 3869 3762 3925 sed

2167 3960 2280 4029 ipsa
2309 3967 2524 4016 reorum
2564 3972 2778 4032 peccata
2816 3961 2970 4016 nobis
3013 3960 3082 4016 oh
3112 3961 3298 4017 oculos
3341 3961 3760 4032 contemplanda

2168 4066 2493 4122 proponens.

2235 4145 2294 4199 4.
2335 4144 2478 4200 Sane
2528 4160 2650 4202 cum
2691 4145 2882 4201 infesta
2925 4146 3144 4202 fulmina
3193 4147 3245 4202 in
3289 4145 3585 4202 Sodomitas
3631 4153 3759 4201 erat

2167 4236 2540 4302 itnmissurus,
2593 4246 2647 4293 et
2690 4239 2916 4308 populos
2969 4238 3236 4308 urbesque
3296 4237 3542 4292 terribilis
3607 4237 3759 4292 illius

2165 4327 2395 4383 ﬂammat
2433 4344 2592 4399 opera
2634 4329 2701 4385 de
2741 4328 2918 4384 medio
2968 4329 3200 4398 regionis
3243 4328 3547 4383 sublaturus
3573 4368 3589 4393 ,
3625 4342 3754 4380 cum

2166 4434 2359 4472 novum
2390 4427 2444 4473 et
2472 4419 2745 4474 insolitum
2777 4420 2922 4474 illum
2956 4419 3180 4473 imbrem
3217 4417 3502 4486 dejiciebat
3527 4457 3542 4479 ,
3585 4416 3758 4472 multo

2163 4511 2325 4580 priori
2357 4511 2760 4576 terribiliorem,
2809 4526 2966 4580 quem
2999 4510 3225 4578 primum
3253 4522 3304 4564 et
3331 4509 3500 4562 solum
3525 4509 3606 4563 sol
3635 4523 3758 4560 um-

2162 4617 2320 4671 quam
2345 4603 2552 4671 aspexit
2582 4619 2594 4656 :
2626 4611 2911 4671 antequam
2947 4600 3207 4670 ejusmodi
3252 4615 3462 4668 prunam
3504 4599 3755 4664 inferret,

2163 4709 2347 4748 eorum
2378 4694 2794 4765 improbitatem,
2826 4695 2914 4763 qui
2949 4692 3200 4763 puniendi
3231 4700 3415 4756 erant,
3463 4691 3620 4745 nobis
3667 4691 3758 4744 in-

2161 4785 2376 4853 dicavit,
2427 4802 2535 4841 non
2582 4786 2774 4842 tabulis
2824 4794 2881 4840 ut
2919 4785 3028 4840 dixi
3077 4784 3250 4848 lectis,
3291 4781 3384 4838 sed
3423 4783 3668 4837 adductis
3699 4782 3757 4836 in

2160 4879 2393 4933 tnedium
2441 4879 2571 4949 ipsis
2619 4894 2806 4933 eorum
2855 4877 3092 4948 peccatis
3130 4875 3284 4945 (Gen.
3320 4875 3428 4943 19).
3459 4866 3758 4943 PrOpterea

2159 4969 2410 5024 nimirum
2437 4969 2655 5040 angelos
2685 4969 2847 5033 misit,
2874 4985 2979 5022 non
3003 4977 3204 5022 tantum
3234 4976 3288 5020 ut
3316 4966 3414 5020 Lnt
3433 4963 3754 5029 educerent,

2158 5062 2252 5118 sed
2291 5071 2348 5116 ttt
2382 5061 2591 5116 illorum
2626 5061 2958 5130 iniquitatem
2987 5057 3371 5121 ostenderent;
3407 5054 3546 5125 quod
3586 5056 3756 5108 etiam

2162 5155 2358 5209 evenit.
2412 5155 2544 5209 Cum
2571 5153 2714 5209 enim
2742 5169 2834 5208 eos
2867 5149 3325 5220 Lotexcepisset,
3371 5147 3598 5216 hospitis
3648 5145 3757 5201 doc

2157 5261 2302 5299 nmtu
2342 5243 2671 5300 obsederunt
2704 5259 2914 5306 omnes,
2957 5251 3013 5298 et
3055 5242 3107 5296 in
3150 5241 3335 5301 orbem
3374 5240 3757 5294 circumstete-

2157 5344 2299 5390 runt.
2342 5335 2508 5404 llujus
2557 5344 2735 5389 autem
2786 5331 3079 5389 obsidionis
3133 5332 3408 5402 copiarum
3463 5329 3574 5384 dux
3629 5337 3760 5383 erat

2159 5427 2408 5484 infandus
2453 5442 2626 5494 amor,
2679 5435 2735 5483 et
2776 5425 2944 5496 iniqui
2986 5423 3250 5494 cupiditas
3295 5424 3487 5488 coitus,
3542 5422 3636 5492 qui
3697 5431 3760 5477 et

2155 5524 2326 5578 artatis
2355 5532 2411 5577 et
2433 5531 2636 5576 natura:
2662 5520 2858 5575 limites
2880 5518 3190 5576 excedebat.
3220 5517 3402 5588 Neque
3421 5514 3561 5572 enim
3590 5513 3752 5584 jure-

2159 5629 2254 5668 tnrs
2299 5612 2471 5667 solum
2513 5613 3004 5675 circumsteterunt,
3043 5609 3136 5665 scd
3175 5611 3336 5664 etiam
3372 5608 3614 5663 seniores
3647 5625 3662 5661 :
3694 5616 3756 5661 et

2163 5719 2330 5770 neque
2357 5704 2574 5760 canities
2607 5703 2803 5760 rabiem
2847 5703 3075 5770 sedavit,
3121 5716 3293 5772 neque
3316 5701 3557 5764 furorem
3588 5711 3753 5754 senov
