4082 6212
387 329 481 385 3M

389 459 505 502 etus
539 446 820 512 exstinxit,
865 446 958 501 sed
988 447 1170 502 videre
1196 456 1312 502 erat
1339 446 1392 500 in
1418 459 1573 516 portu
1604 445 1935 518 naufragium
1959 487 1974 512 ,

389 539 625 610 iniquam
657 539 709 593 in
741 547 1019 595 senectute
1042 538 1407 609 cupiditatem.
1454 541 1522 595 At
1547 555 1653 595 non
1681 539 1785 595 huc
1813 555 1980 610 usque

390 641 595 687 tantum
623 647 900 702 progressa
933 640 1016 687 est
1043 631 1254 688 illorum
1283 633 1614 704 improbitas,
1655 633 1745 689 sed
1776 640 1830 688 et
1857 647 1978 687 cum

393 725 539 781 filias
581 739 707 782 suas
770 723 1088 778 traditurum
1137 741 1196 780 se
1247 725 1345 780 Lot
1385 725 1747 796 polliceretur,
1794 739 1861 780 ne
1903 724 1982 780 sic

387 815 602 884 quidem
646 824 1007 878 recesserunt.
1069 815 1164 871 sed
1202 817 1460 887 urgebant
1505 817 1741 872 dicentes
1781 833 1885 871 non
1923 832 1981 871 se

387 905 538 975 prius
579 920 737 975 quam
768 905 913 960 viros
939 908 1273 976 accepissent
1293 905 1635 972 recessuros;
1669 923 1832 977 seque
1860 924 1982 976 gra—

386 998 604 1052 vissima
631 998 870 1052 illaturos
913 999 1052 1052 mala
1089 999 1430 1055 minabantur
1468 1000 1539 1066 ei,
1585 1001 1676 1071 qui
1709 1009 1767 1053 ut
1795 999 1978 1071 hospi-

389 1090 532 1145 tibus
558 1090 815 1146 honorem
841 1090 1095 1154 deferret.
1125 1094 1257 1148 filias
1280 1105 1404 1151 suas
1433 1110 1492 1150 se
1521 1095 1839 1163 promiserat
1867 1102 1980 1147 tra-

387 1180 645 1238 diturum.
679 1183 844 1239 Vides
873 1194 931 1239 ut
956 1185 1102 1240 omni
1141 1199 1206 1242 ex
1253 1195 1401 1257 parte
1441 1187 1836 1243 Sodomitarum
1883 1199 1977 1240 ne-

389 1275 610 1342 quitiam
641 1275 1047 1343 demonstrarit,
1097 1293 1161 1332 ac
1186 1277 1380 1333 deinde
1410 1293 1621 1348 pinnam
1651 1278 1753 1333 illis
1788 1276 1980 1331 intule-

391 1367 503 1421 rit?
558 1366 635 1422 Ne
691 1369 834 1424 enim
897 1378 1082 1439 postea
1137 1386 1256 1426 cum
1311 1387 1404 1427 eos
1447 1372 1668 1426 affectos
1715 1370 1979 1441 supplicio

389 1457 619 1523 videris,
686 1468 906 1529 propter
962 1463 1281 1518 calamitatis
1323 1463 1738 1532 magnitudinem
1797 1463 1978 1516 animo

391 1547 669 1618 frangaris,
711 1565 882 1621 neque
919 1567 1040 1606 cum
1080 1553 1184 1608 illis
1215 1555 1380 1608 Deum
1427 1569 1668 1619 accuses,
1717 1552 1810 1608 sed
1861 1553 1978 1608 illos

389 1653 510 1692 cum
557 1638 666 1694 Deo
707 1640 1066 1708 condemnes,
1131 1655 1287 1700 antea
1335 1645 1700 1701 demonstrata
1763 1645 1976 1700 illorum

390 1729 728 1800 improbitate
753 1747 966 1789 omnem
1013 1752 1137 1806 erga
1168 1737 1286 1792 illos
1315 1739 1696 1794 misericordia:
1739 1736 1978 1794 occasio-

390 1839 514 1879 nem
554 1827 861 1896 prteripuit,
894 1837 950 1883 et
981 1843 1077 1883 nos
1116 1829 1184 1883 ab
1213 1829 1361 1883 omni
1405 1829 1870 1885 commiseratione
1923 1828 1976 1882 in

391 1918 513 1974 illos
557 1921 817 1976 avocavit.
865 1921 1016 1989 Quod
1056 1931 1110 1977 et
1159 1937 1299 1976 nunc
1335 1935 1456 1992 erga
1498 1919 1811 1991 prephetam
1845 1933 1979 1988 prze-

387 2009 543 2062 stitit.
590 2009 666 2064 Ne
710 2013 846 2067 fame
893 2011 1169 2067 confectos
1213 2013 1425 2067 intuens
1473 2011 1686 2067 Judzeos
1728 2010 1976 2076 doleres,

388 2099 774 2156 immanitatem
824 2103 1034 2158 illorum
1077 2120 1132 2160 et
1173 2103 1540 2159 crudelitatem
1591 2102 1866 2168 ostendit,
1923 2108 1980 2156 et

386 2205 545 2258 quam
581 2195 702 2247 raro
739 2194 966 2249 comiter
995 2197 1304 2266 peregrinos
1334 2197 1660 2266 exciperent.
1688 2196 1802 2250 Non
1834 2195 1976 2250 enim

386 2283 560 2337 solum
591 2285 905 2354 prophetam
935 2303 1042 2342 non
1074 2299 1454 2358 susceperunt,
1510 2290 1605 2344 sed
1637 2299 1692 2346 et
1721 2304 1781 2345 se
1812 2291 1977 2344 inter-

387 2371 625 2430 fecturos
656 2377 996 2432 minabantur
1024 2394 1037 2431 :
1070 2379 1120 2432 id
1163 2378 1307 2450 quod
1339 2396 1402 2435 ex
1435 2380 1530 2435 Dei
1563 2381 1738 2436 verbis
1768 2380 1975 2450 colligi-

388 2475 494 2519 tur.
525 2464 641 2520 Non
684 2467 826 2522 enim
867 2469 940 2523 ait
985 2478 1211 2534 tantum,
1264 2471 1478 2534 Recede,
1526 2472 1619 2528 sed
1643 2473 1825 2535 etiam,
1869 2472 1974 2525 Ab-

385 2555 629 2610 sconders
677 2557 766 2627 (3.
813 2555 939 2630 (leg.
975 2561 1062 2614 f7.
1093 2560 1188 2633 5).
1231 2562 1346 2617 Non
1396 2562 1592 2618 sufficit
1636 2564 1703 2619 ad
1749 2565 1973 2619 salutem

385 2643 525 2716 fuga,
576 2647 670 2702 sed
699 2657 756 2704 et
786 2660 998 2721 oportet
1023 2662 1078 2706 ut
1110 2663 1161 2710 te
1185 2655 1467 2726 diligenter
1492 2657 1728 2711 occultos
1762 2674 1774 2711 :
1809 2672 1976 2726 popu-

383 2732 467 2789 lus
507 2736 705 2807 quippe
747 2738 999 2796 Judaicus
1027 2751 1143 2809 est,
1179 2746 1404 2815 pepulus
1443 2746 1755 2816 sanguinem
1787 2747 1974 2804 sitiens

382 2825 798 2897 prophetarum,
841 2839 896 2886 et
940 2832 993 2886 in
1040 2835 1240 2888 sanctis
1286 2836 1908 2893 necandis-exercitatus
1952 2853 1969 2892 :

380 2930 597 2986 seraper
622 2935 810 2975 manus
832 2937 959 2977 suas
986 2926 1295 2994 prophetico
1325 2927 1582 2998 sanguine
1601 2938 1969 2984 cruentarum.

383 3005 602 3064 Etcum
633 3010 782 3065 illum
825 3013 1038 3082 quidem
1081 3017 1359 3072 emittebat
1403 3033 1467 3073 ex
1513 3017 1718 3082 Iudaea,
1758 3017 1899 3074 Vade
1925 3029 1970 3074 et

380 3101 703 3170 abscondere,
743 3105 914 3175 inquit
942 3124 954 3159 :
983 3121 1102 3162 cum
1133 3119 1309 3164 autem
1337 3110 1404 3164 ad
1440 3111 1650 3166 viduam
1681 3112 1921 3167 mittebat
1953 3131 1968 3169 :

382 3191 528 3261 Ego,
577 3195 782 3264 inquit,
830 3197 910 3251 illi
955 3200 1208 3255 mandabo
1255 3201 1431 3274 (Ibid.
1460 3221 1509 3258 υ.
1537 3203 1618 3274 9).
1666 3204 1855 3270 Vides,
1911 3214 1970 3262 ut

380 3283 505 3339 inde
540 3285 756 3354 quidem
785 3287 1074 3357 fugientem
1100 3292 1284 3359 jubeat
1326 3295 1453 3350 illud
1493 3311 1612 3350 cum
1647 3297 1809 3351 multa
1845 3311 1969 3351 cau-

380 3374 524 3427 tione
560 3386 844 3444 praescire;
875 3378 978 3435 huc
1001 3389 1175 3437 autem
1204 3384 1594 3455 eonfugientem
1626 3402 1816 3458 magna
1844 3402 1966 3444 cum

377 3462 570 3520 fiducia
605 3469 880 3539 praecipiat
907 3481 962 3527 et
987 3476 1274 3531 securitate
1297 3476 1613 3534 discedere?

447 3557 504 3612 5.
546 3557 649 3613 Cur
676 3561 739 3614 αὑ
765 3563 883 3618 aliis
912 3566 1127 3636 ejectus,
1151 3584 1183 3622 a
1207 3568 1362 3624 vidua
1403 3582 1663 3640 susceptus
1693 3572 1965 3642 propheta;

376 3663 470 3700 cur
501 3648 706 3706 Heliam
730 3651 871 3709 Deus
913 3657 1066 3729 afﬂigi
1088 3660 1277 3715 siverit.
1310 3692 1380 3702 -—-
1404 3662 1587 3734 Neque
1615 3663 1788 3719 solum
1821 3664 1921 3721 hoc
1941 3708 1960 3735 ,

375 3741 470 3794 sed
499 3751 554 3796 et
576 3745 717 3799 aliud
745 3761 842 3816 per
869 3747 1010 3804 hunc
1040 3752 1312 3821 propheta:
1339 3754 1626 3811 adventum
1654 3758 1720 3812 ad
1752 3759 1961 3815 viduam

378 3831 612 3898 providit
643 3849 706 3888 ac
735 3835 1020 3904 disposuit.
1053 3838 1130 3894 Ne
1153 3842 1295 3895 enim
1324 3853 1505 3910 postea
1535 3859 1656 3899 cum
1691 3847 1960 3904 Christum

376 3921 617 3975 nonnulli
646 3933 929 3979 cernerent
957 3936 1076 3996 post
1123 3930 1287 3984 multa
1317 3940 1371 3986 et
1409 3931 1669 3989 immensa
1707 3936 1960 3993 beneficia

376 4011 429 4064 in
471 4010 708 4067 Jud:eam
749 4015 979 4082 collata,
1031 4029 1150 4088 post
1197 4021 1506 4079 innumeros
1549 4036 1789 4082 mortuos
1826 4045 1962 4100 quos

373 4103 758 4173 suseitaverat,
815 4118 934 4178 post
971 4127 1178 4178 caecos,
1219 4116 1372 4185 queis
1395 4116 1564 4173 visum
1617 4121 1958 4192 restituerat,

373 4205 496 4264 post
521 4197 778 4268 leprosos,
812 4217 946 4273 quos
978 4205 1345 4275 rnundaverat,
1375 4221 1494 4281 post
1515 4211 1805 4277 dmmones.
1824 4231 1962 4286 quos

373 4287 639 4355 ejeccrat,
669 4299 789 4358 post
815 4292 1179 4351 admirabilem
1204 4299 1598 4372 salutaremque
1639 4303 1958 4376 doctrinam,

373 4379 442 4430 ab
469 4377 591 4443 illis,
625 4397 760 4448 quos
800 4383 1110 4442 devinxerat
1136 4388 1425 4451 beneficiis.
1457 4408 1580 4449 esse
1611 4408 1879 4465 vexatum,
1903 4412 1958 4456 et

373 4483 404 4521 a
433 4470 720 4537 gentilibus
752 4472 956 4532 honore
984 4478 1253 4545 affectum,
1285 4485 1372 4551 qui
1404 4484 1534 4538 nihil
1573 4488 1831 4552 viderant.
1862 4507 1960 4547 nec

371 4559 685 4616 audiverant
704 4604 719 4626 ,
751 4566 1104 4631 mirarentur,
1133 4570 1460 4637 dubitarent,
1488 4585 1544 4632 et
1586 4592 1699 4632 rem
1727 4594 1846 4634 esse
1877 4581 1959 4636 in-

368 4653 678 4712 credibilem
699 4655 1066 4717 existimarent
1088 4681 1100 4716 :
1122 4666 1266 4733 prius
1287 4683 1350 4722 ac
1377 4668 1542 4722 multo
1568 4680 1690 4726 ante
1719 4682 1957 4743 tempore

370 4760 466 4814 per
493 4761 683 4804 servos
709 4765 857 4817 suos,
884 4761 939 4808 et
966 4769 1125 4824 quam
1169 4757 1395 4826 improbi
1436 4759 1634 4816 fuerint
1663 4763 1830 4818 Judzei
1857 4780 1955 4821 nos

367 4834 543 4902 docet,
565 4849 620 4894 et
645 4857 803 4911 quam
833 4859 1016 4901 comes
1041 4855 1094 4902 et
1123 4847 1337 4904 humani
1370 4851 1564 4907 fuerint
1601 4857 1828 4924 gentiles
1857 4873 1955 4912 nos

368 4932 604 5028 Instruit.
627 4933 716 4990 Sic
741 4937 992 4992 nimirum
1022 4947 1076 4992 et
1102 4938 1300 5011 Ioseph
1332 4942 1429 5006 illi,
1460 4945 1650 5015 quibus
1678 4947 1791 5016 ipse
1816 4948 1956 5004 ciba-

367 5024 446 5075 ria
496 5024 896 5083 ministraturus
948 5028 1274 5096 advenerat,
1307 5034 1467 5088 etiam
1524 5051 1716 5092 necare
1773 5041 1950 5095 conati

363 5121 492 5168 sunt
524 5132 540 5168 :
568 5114 726 5171 homo
744 5129 922 5174 autem
949 5119 1205 5177 barbarus
1233 5124 1285 5177 in
1317 5139 1582 5182 summum
1611 5129 1758 5183 illum
1782 5129 1953 5185 bono-

362 5217 480 5261 rem
527 5211 722 5262 evexit.
773 5209 887 5264 Non
945 5211 1101 5268 aliter
1155 5213 1430 5285 Moysem,
1482 5234 1642 5288 quem
1691 5221 1951 5276 beneficio

359 5293 534 5352 affecti
565 5299 817 5366 expulere
841 5301 1009 5358 Judaei
1030 5344 1047 5367 .
1078 5303 1239 5360 homo
1280 5307 1534 5364 barbarus
1561 5311 1752 5367 Jothor
1792 5329 1950 5370 cxce-

363 5385 474 5455 pit,
502 5395 557 5466 et
596 5389 815 5445 multam
863 5391 914 5445 in
963 5409 1084 5448 eum
1129 5397 1432 5453 comitatem
1463 5411 1516 5455 et
1564 5401 1947 5460 humanitatem

362 5477 624 5534 exhibuit.
663 5481 752 5536 Sic
782 5483 1033 5540 Davidem
1061 5486 1184 5542 Saul
1225 5500 1342 5558 post
1378 5502 1706 5562 amputatum
1734 5494 1945 5551 Goliath

364 5580 526 5638 caput
553 5571 732 5654 ejecit,
752 5585 874 5645 post
901 5577 1047 5633 mille
1069 5580 1304 5649 pericula
1327 5598 1445 5653 qua:
1467 5584 1535 5639 ab
1557 5585 1673 5654 ejus
1693 5587 1946 5643 civitatis-

359 5679 462 5731 que
479 5653 779 5722 cervicibus
799 5683 942 5738 saepe
957 5669 1260 5740 depulerat:
1285 5674 1502 5730 Auchus
1518 5653 1694 5733 autem
1720 5695 1807 5732 rex
1834 5679 1945 5735 bar-

362 5758 609 5814 barorum
653 5762 880 5831 excepit,
913 5774 964 5818 et
1010 5766 1061 5820 in
1092 5781 1336 5839 ttiagnum
1362 5766 1618 5826 honorem
1647 5771 1841 5828 evexit.
1867 5771 1938 5829 Ita

1635 331 1699 387 IN
1739 330 1996 388 HELLUI
2039 331 2124 387 ET
2168 322 2450 391 VlDUA-M.

3568 327 3675 384 διε

2087 461 2228 501 nunc
2257 446 2415 501 etiam
2446 446 2649 502 Heliam
2677 448 2929 516 expulere
2953 445 3148 512 Judaei,
3174 443 3268 500 sed
3299 443 3452 499 vidua
3484 461 3670 502 susce-

2086 537 2188 607 pit.
2213 538 2439 604 Quando
2466 539 2626 608 igitur
2653 538 2924 594 Christum
2955 541 3022 594 ah
3053 539 3157 594 illis
3179 538 3453 608 repulsum
3478 537 3675 594 videris

2084 626 2366 699 e‘xceptum
2397 645 2426 684 a
2451 631 2720 700 gentibus,
2743 631 3128 686 animadversis
3166 641 3322 684 antea
3355 629 3568 700 figuris,
3602 645 3672 684 nc

2085 721 2399 791 prodentem
2445 739 2506 778 se
2550 723 2627 779 rei
2678 725 2954 779 veritatem
3009 723 3239 778 mireris.
3288 721 3494 777 Audisti
3543 736 3674 792 ergo

2084 815 2354 870 Christum
2414 817 2574 874 hodie
2619 818 2922 878 dicentem.
2952 827 3008 873 et
3051 818 3152 873 hoc
3206 818 3380 887 ipsum
3431 813 3675 872 subindi-

2083 916 2318 961 cantem.
2349 908 2480 962 Cum
2513 910 2656 963 enim
2677 909 2891 964 Judwos
2923 909 3258 979 indignantes
3286 907 3674 978 alloquerctur,

2082 997 2315 1063 diei-bat,
2346 998 2524 1053 Multa:
2548 1001 2712 1054 vidua:
2734 1012 2875 1054 erant
2894 1003 2946 1053 in
2969 1001 3141 1054 diebus
3162 999 3328 1053 ﬂeliw
3345 1040 3360 1062 ,
3385 1007 3432 1051 et
3461 996 3530 1050 ad
3556 996 3675 1050 nul-

2084 1090 2185 1144 lam
2215 1093 2398 1144 missus
2427 1101 2499 1144 est
2533 1090 2744 1156 Helias,
2790 1093 2886 1146 nisi
2931 1095 2999 1145 ad
3051 1092 3275 1157 uiduam,
3306 1106 3418 1160 qua:
3462 1099 3569 1144 erat
3618 1090 3674 1142 its

2085 1181 2390 1249 Sareplttlris
2419 1183 2628 1236 Sillanis
2657 1182 2808 1256 (Luc.
2842 1185 2896 1239 4.
3071 1181 3175 1238 Sed
3205 1191 3414 1252 quzeret
3447 1182 3674 1236 fortasse

2083 1273 2367 1342 quiSpiam,
2400 1291 2558 1344 quam
2589 1274 2658 1328 ob
2678 1291 2893 1330 causam
2927 1290 3050 1329 eum
3089 1273 3180 1343 qui
3217 1283 3419 1328 tantum
3449 1289 3548 1344 pro
3577 1271 3675 1328 Dei

2083 1366 2248 1435 gloria
2279 1367 2450 1420 zelum
2486 1382 2594 1435 prae
2624 1383 2683 1422 se
2713 1368 2943 1432 tulerat,
2967 1367 3150 1422 vexari
3184 1366 3323 1420 Deus
3367 1363 3674 1436 permiserit

2082 1467 2138 1512 et
2187 1457 2389 1529 afﬂigi,
2417 1475 2538 1513 eum
2585 1476 2708 1514 eum
2753 1460 2819 1514 ad
2853 1468 3148 1514 torrentem
3195 1472 3337 1512 nunc
3393 1456 3669 1520 mitteret,

2083 1569 2224 1608 nunc
2250 1554 2315 1607 ad
2344 1553 2577 1618 viduam,
2604 1571 2745 1610 nunc
2778 1554 2939 1609 alium
2969 1554 3020 1608 in
3054 1553 3250 1617 locum,
3279 1560 3550 1621 tamquam
3576 1564 3672 1604 ex-

2083 1647 2254 1700 sulem
2317 1647 2599 1716 quemdam
2653 1647 2837 1702 volcns
2907 1647 3077 1701 locum
3129 1660 3194 1700 ex
3254 1643 3371 1697 loco
3440 1649 3668 1694 nmtare.

2086 1736 2343 1790 Vexatqu
2391 1737 2534 1792 enim
2577 1745 2631 1792 et
2687 1738 2938 1790 afflictum
2981 1736 3144 1790 fuisse
3187 1733 3313 1788 audi
3361 1748 3467 1802 quo
3515 1739 3671 1800 pacto

2083 1830 2279 1886 Paulus
2305 1831 2464 1884 etiam
2489 1839 2712 1885 testetur
2737 1845 2752 1887 :
2785 1829 3099 1882 Circuierunt
3127 1827 3179 1880 in
3202 1827 3418 1889 melotis,
3437 1824 3489 1877 in
3517 1823 3670 1893 pelli-

2085 1923 2175 1974 bus
2207 1919 2447 1989 caprinis,
2473 1930 2690 1990 egentes,
2725 1919 3018 1990 angnstiati,
3048 1915 3218 1987 amicti
3247 1913 3401 1986 (Ileb.
3437 1914 3521 1968 11.
3550 1912 3666 1982 57).

2082 2009 2189 2066 Cur
2237 2013 2394 2081 igitur
2439 2012 2588 2065 illum
2631 2013 2754 2066 sivit
2781 2010 2943 2080 affligi
2971 2008 2992 2062 ?
3021 2007 3152 2062 Nam
3179 2008 3223 2062 si
3246 2005 3460 2077 quidem
3505 2005 3575 2060 ob
3601 2019 3665 2058 ea

2085 2111 2299 2172 peccata
2331 2118 2449 2172 qmn
2473 2101 2525 2155 in
2555 2101 2728 2171 ipsum
2758 2100 3104 2165 admiserant,
3134 2097 3229 2152 has
3257 2112 3287 2151 a
3322 2094 3522 2151 Judmis
3550 2109 3668 2164 pm-

2084 2211 2180 2250 nas
2224 2195 2519 2266 exegisset.
2565 2194 2757 2250 merito
2805 2192 3030 2248 dixisset
3079 2206 3204 2246 eum
3246 2189 3526 2244 vexatione
3569 2188 3668 2241 ista

2082 2286 2374 2356 periculum
2403 2284 2705 2339 afflictionis
2729 2281 2942 2348 fecisse,
2971 2293 3026 2336 ut
3050 2282 3230 2335 mitior
3257 2281 3406 2334 ﬁeret
3444 2287 3501 2334 et
3529 2294 3665 2332 non-

2082 2377 2213 2432 nihil
2241 2375 2309 2432 de
2335 2375 2650 2432 crudelitate
2677 2376 2972 2430 remitteret
3000 2392 3014 2428 :
3047 2375 3093 2428 si
3123 2384 3301 2428 autem
3349 2388 3456 2426 non
3515 2369 3658 2441 quod

2081 2468 2344 2522 malorum
2391 2483 2596 2522 memor
2642 2477 2819 2532 esset,
2847 2482 2967 2537 qua:
3012 2465 3080 2518 ah
3111 2465 3214 2519 illis
3234 2478 3425 2536 passus
3457 2463 3664 2528 fuerat,

2078 2562 2172 2619 scd
2216 2561 2356 2634 quod
2392 2571 2606 2631 propter
2632 2576 2817 2616 eorum
2846 2560 3108 2614 adversus
3139 2557 3420 2612 Dominum
3460 2556 3666 2624 impro-

2079 2653 2298 2709 bitatem
2323 2663 2377 2709 et
2403 2653 2739 2709 insolentiam
2769 2651 3197 2717 contabesceret,
3218 2649 3354 2704 hanc
3381 2647 3486 2702 illis
3523 2646 3666 2702 cala-

2079 2745 2320 2800 mitatem
2351 2743 2638 2800 invehebat
2671 2761 2684 2798 :
2713 2759 2818 2814 qua
2842 2743 2909 2798 de
2935 2757 3097 2798 causa
3145 2742 3198 2797 in
3241 2740 3568 2796 consortium
3609 2743 3665 2794 et

2078 2836 2190 2905 ipse
2217 2836 2479 2890 malorum
2518 2845 2738 2891 vocatur
2756 2877 2772 2902 ,
2803 2850 2903 2892 nec
2929 2833 3110 2890 multis
3137 2832 3346 2889 deliciis
3371 2848 3433 2886 ac
3458 2830 3664 2886 securi-

2077 2934 2184 2979 tate
2215 2923 2549 2994 perfruitur?
2578 2925 2709 2991 Quia
2738 2925 2987 2980 nimirum
3017 2924 3064 2981 si
3089 2923 3215 2980 dum
3243 2923 3332 2978 alii
3362 2923 3664 2979 calamitate

2074 3026 2467 3086 premerentur,
2493 3025 2548 3070 et
2585 3017 2725 3070 fame
2755 3016 3024 3086 perirent,
3054 3016 3168 3085 ipse
3194 3015 3402 3070 deliciis
3449 3024 3503 3070 et
3545 3014 3662 3084 opi-

2073 3123 2200 3179 para
2231 3123 2414 3163 mensa
2443 3109 2734 3174 frueretur,
2762 3107 2891 3161 illud
2917 3109 3143 3162 fortasse
3173 3108 3369 3160 factum
3395 3105 3661 3176 quispiam

2072 3197 2374 3254 crudelitati
2426 3197 2718 3252 tribuisset.
2760 3197 2900 3252 Nihil
2931 3198 3074 3252 enim
3125 3197 3318 3252 mirum
3364 3195 3553 3251 fuisset
3577 3196 3661 3250 vi-

2071 3304 2214 3356 sum,
2243 3290 2534 3355 hominem,
2563 3289 2648 3343 cui
2676 3289 2877 3343 affatim
2909 3298 3102 3344 cuncta
3131 3297 3498 3359 suppeterent,
3526 3288 3660 3342 alio-

2069 3397 2188 3436 rum
2238 3381 2394 3436 malis
2439 3380 2720 3436 obiectari.
2744 3381 2949 3436 Idcirco
2999 3380 3314 3451 participem
3365 3393 3488 3434 eum
3537 3393 3659 3434 esse

2071 3473 2386 3529 calamitatis
2419 3473 2662 3543 permisit
2689 3473 2850 3540 Deus,
2876 3483 2930 3528 et
2955 3472 3185 3542 experiri
3213 3471 3350 3526 mala
3373 3486 3492 3540 qua:
3515 3470 3658 3526 acci-

2069 3566 2268 3622 debant
2290 3605 2306 3632 ,
2333 3580 2397 3621 ac
2421 3565 2615 3620 famem
2645 3566 2794 3636 pati,
2817 3574 2876 3620 ut
2910 3565 3084 3620 discas
3131 3580 3234 3618 non
3274 3564 3468 3619 famem
3511 3563 3655 3634 apud

2069 3659 2242 3726 illum,
2272 3661 2368 3714 sed
2397 3658 2571 3714 zelum
2601 3656 2786 3714 fuisse.
2815 3657 2996 3728 Neque
3019 3657 3162 3712 enim
3193 3655 3271 3710 sic
3299 3655 3351 3710 in
3382 3655 3655 3726 angustias

2067 3753 2336 3820 redactus,
2363 3763 2601 3824 egestate
2639 3765 2856 3823 pressus
2875 3793 2891 3818 ,
2922 3760 3175 3818 vexatus,
3201 3759 3257 3806 et
3284 3750 3512 3806 afflictus
3561 3749 3655 3804 ad-

2068 3845 2188 3900 duci
2219 3845 2497 3914 potuisset,
2531 3853 2589 3898 ut
2616 3846 2790 3900 minas
2821 3843 3182 3907 rescinderet,
3217 3841 3319 3896 nisi
3348 3858 3456 3910 pra:
3487 3841 3655 3896 nimio

2067 3935 2186 3989 zelo
2214 3935 2421 3988 beatam
2451 3935 2594 3987 illam
2623 3949 2807 3989 vocem
2835 3935 3124 3988 emisisset.
3161 3933 3418 3999 Quocirca
3456 3933 3654 4002 jucun-

2066 4024 2185 4079 dius
2209 4023 2284 4078 illi
2312 4023 2499 4078 fuisset
2527 4022 2717 4094 affligi,
2744 4033 2905 4093 atque
2928 4024 3212 4094 castigatos
3238 4022 3360 4077 illos
3387 4037 3610 4078 cernere
3632 4063 3652 4089 ,

2066 4042 2185 4079 atus
2209 4042 2284 4078 1111
2312 4042 2499 4078 11118501.
2527 4042 2717 4094 aungt,
2744 4042 2905 4093 atque
2928 4042 3058 4078 CZISU
3079 4042 3212 4078 'aIOS
3238 4042 3360 4077 mos
3387 4042 3610 4078 cernere
3632 4063 3652 4089 ν

2065 4131 2224 4186 quam
2253 4115 2457 4186 urgenti
2480 4117 2804 4170 necessitate
2828 4042 3098 4170 liberato?
3119 4113 3187 4169 ad
3209 4114 3441 4185 priorem
3470 4127 3654 4169 rever-

2065 4224 2156 4264 sos
2176 4207 2499 4278 impietatem
2524 4206 2725 4263 videre.

2135 4299 2189 4354 6.
2231 4299 2390 4354 Tales
2418 4299 2560 4354 enim
2603 4309 2728 4353 sunt
2755 4297 2952 4368 ubique
2981 4298 3174 4354 anima:
3211 4307 3518 4354 sanctorum
3548 4315 3563 4352 ε
3593 4309 3652 4356 ut

2063 4392 2241 4446 exteri
2272 4391 2582 4462 resipiscam
2603 4430 2619 4456 ,
2649 4392 2991 4446 securitatem
3019 4406 3171 4446 suam
3211 4392 3446 4461 periculo
3473 4407 3651 4463 expo-

2063 4485 2312 4541 nunt.Ne
2337 4487 2457 4555 quis
2492 4484 2698 4540 diceret
2722 4500 2842 4540 eum
2891 4499 3000 4554 pra:
3035 4483 3196 4538 nimia
3229 4484 3547 4541 crudelitate
3573 4485 3651 4539 fa-

2063 4592 2203 4631 mem
2227 4577 2460 4640 auxisse,
2486 4575 2793 4646 participem
2823 4592 2946 4631 eum
2979 4576 3092 4632 fieri
3121 4575 3274 4630 famis
3300 4577 3563 4647 permisit,
3593 4587 3652 4633 ut

2064 4667 2452 4739 pliilosOphiam
2504 4667 2778 4738 pr0phetze
2829 4681 3142 4738 cognoscas.
3199 4667 3465 4723 Praeterea
3520 4684 3650 4724 vero

2014 4803 2036 4824 .
2060 4776 2180 4814 cum
2208 4760 2380 4814 soleat
2409 4760 2724 4828 plerumque
2773 4759 3151 4813 miraculorum
3183 4767 3370 4814 natura
3395 4775 3524 4827 eos,
3554 4761 3647 4830 qui

2061 4851 2316 4907 tniraeula
2350 4852 2813 4921 patrant,eflerre,
2834 4862 2994 4922 atque
3019 4867 3205 4908 eorum
3231 4862 3567 4924 spectatores
3593 4854 3648 4910 in

2058 4961 2176 5000 earn
2225 4953 2460 4999 mentem
2502 4944 2797 5014 impellere,
2827 4952 2886 4998 ut
2929 4945 3124 5015 aliquid
3181 4947 3234 5000 in
3285 4946 3365 5001 eis
3415 4944 3646 5000 humana

2059 5046 2246 5092 natura
2277 5036 2556 5092 sublimius
2581 5051 2702 5092 esse
2728 5036 3058 5092 arbitrentur
3088 5054 3101 5090 :
3139 5037 3222 5092 his
3246 5038 3406 5093 etiam
3438 5035 3648 5091 duobus

2057 5129 2352 5184 remedium
2380 5127 2644 5192 adhibuit,
2671 5139 2725 5186 et
2751 5139 2957 5185 natura:
2985 5129 3347 5185 infirmitatem
3388 5130 3644 5186 immuta-

2057 5223 2150 5276 vit.
2211 5221 2336 5278 [hec
2382 5233 2561 5279 autem
2608 5225 2677 5278 ita
2705 5238 2765 5280 se
2797 5224 3015 5290 habere,
3047 5224 3199 5279 facile
3220 5221 3380 5280 fuerit
3403 5241 3470 5280 ex
3495 5225 3644 5283 Pauli

2055 5313 2275 5369 vocibus
2301 5313 2616 5385 intelligere.
2645 5313 2778 5370 Nam
2811 5316 3064 5372 miracula
3090 5316 3304 5386 quidem
3325 5317 3523 5373 efferre
3549 5333 3642 5373 so-

2055 5406 2186 5472 lere,
2218 5407 2340 5462 audi
2364 5423 2472 5479 quo
2499 5418 2656 5478 pacto
2683 5417 2906 5464 testetur
2934 5427 2949 5465 :
2977 5410 3042 5465 Et
3071 5427 3135 5466 ne
3179 5411 3475 5481 magnitudo
3499 5427 3640 5467 reae-

2052 5498 2299 5552 latiomtm
2337 5499 2549 5553 extollat
2599 5516 2697 5564 me,
2719 5501 2869 5555 datus
2913 5513 2985 5556 est
3029 5504 3153 5556 mihi
3201 5503 3432 5558 stimulus
3473 5505 3642 5557 carnis

2053 5606 2195 5657 mea,
2221 5592 2433 5662 angelus
2463 5591 2692 5659 Salaria,
2719 5603 2771 5646 ut
2798 5611 2876 5646 me
2900 5595 3180 5663 colapltizet
3209 5595 3286 5663 (9..
3310 5594 3429 5650 Car.
3453 5597 3536 5650 li.
3558 5596 3634 5664 7).

2051 5681 2280 5738 Efficere
2306 5699 2466 5754 porro
2497 5684 2769 5751 miracula,
2800 5696 2855 5741 ut
2883 5687 2972 5757 qui
3001 5703 3062 5742 ea
3088 5697 3313 5743 cernunt
3333 5729 3348 5751 ,
3379 5689 3637 5758 majorem

2053 5777 2353 5842 concipiant
2379 5777 2682 5846 opinionem
2713 5777 2779 5836 de
2807 5780 2934 5846 illis,
2957 5797 2984 5835 a
3016 5780 3207 5850 quibus
3229 5782 3489 5849 eduntur,
3533 5782 3633 5836 hoc
