4082 6212
405 207 510 269 343

402 327 565 381 etiam
595 325 717 382 inde
745 336 973 382 constat.
1006 325 1136 380 Cum
1159 328 1300 382 enim
1339 343 1555 384 suarum
1605 328 1988 385 revelationum

408 419 621 474 fecisset
651 419 997 485 mentionem,
1035 419 1214 483 addit,
1265 417 1404 472 Nam
1439 421 1486 473 si
1523 419 1725 474 uoluero
1761 419 1991 490 gloriari,

407 527 508 564 non
525 525 610 564 ero
629 510 870 579 insipiens
893 526 912 564 :
935 511 1192 564 veritatem
1213 512 1343 564 enim
1358 511 1525 564 dicant
1564 509 1639 584 (Ξ.
1671 503 1787 566 Cor.
1810 508 1894 565 19..
1914 509 1991 582 6).

406 601 515 656 Cur
537 617 642 656 non
678 601 839 672 igitur
865 601 1148 671 gloriaris?
1181 601 1346 655 Parca
1383 611 1550 656 autent
1571 644 1586 668 ,
1613 619 1676 656 ne
1698 603 1809 672 quis
1837 603 1890 655 in
1917 618 1996 657 me

411 692 674 755 aristimet,
693 701 850 760 supra
865 689 919 744 id
932 692 1066 761 quod
1082 691 1211 744 videt
1225 708 1322 758 me,
1341 701 1430 746 aut
1445 691 1639 762 aliquid
1655 692 1797 745 audit
1817 707 1880 746 ea:
1894 707 1991 744 me.

406 782 487 839 Ne
505 783 664 854 igitur
685 780 790 838 tale
806 783 1076 854 quidpiam
1109 784 1382 854 propheta:
1402 783 1668 840 accideret
1684 783 1833 853 (licet
1851 783 1996 838 enim

410 873 591 930 llelias
616 883 780 942 esset,
805 875 967 929 homo
1018 885 1195 930 tamen
1239 876 1400 946 erat),
1431 875 1718 930 immiscuit
1741 874 1998 928 miraculo

410 973 615 1020 natura:
640 963 931 1021 defectum.
957 966 1244 1036 Propterea
1272 966 1361 1036 qui
1389 965 1521 1020 cxx-Io
1539 963 1839 1035 imperavit,
1871 963 1996 1018 fami

408 1069 515 1110 non
535 1055 814 1127 imperavit
831 1075 844 1111 :
860 1057 952 1128 qui
969 1067 1124 1113 terra:
1143 1069 1350 1128 partum
1363 1056 1822 1124 cobilmit,ventris
1839 1057 2002 1126 repri-

413 1163 562 1204 mere
583 1149 956 1205 necessitatem
981 1165 1084 1206 non
1109 1150 1296 1220 potuit,
1313 1150 1406 1205 sed
1433 1149 1655 1205 muliere
1678 1148 1835 1203 vidua
1863 1148 1999 1202 indi-

413 1244 547 1312 guit,
566 1252 625 1297 ut
647 1242 880 1298 divinam
903 1243 1124 1313 gratiam
1154 1258 1432 1314 agnoscas,
1457 1252 1510 1297 et
1533 1241 1816 1296 humanam
1843 1240 2001 1295 simul

416 1333 802 1391 infirmitatem.
823 1335 938 1391 Non
967 1335 1034 1390 ad
1059 1335 1162 1391 hoc
1185 1345 1386 1390 tantum
1410 1333 1606 1389 factum
1633 1333 1759 1387 illud
1785 1332 2001 1402 profuit,

418 1425 512 1482 sed
537 1426 603 1481 ad
631 1426 771 1482 aliud
798 1426 1069 1497 quidpiam
1097 1425 1262 1480 nihilo
1289 1426 1464 1479 minus
1491 1425 1611 1478 isto.
1634 1423 1912 1490 Quodnam
1935 1422 2001 1474 il-

418 1518 508 1573 lud
531 1518 789 1574 tandem?
822 1518 889 1575 Ut
917 1535 1036 1574 cum
1069 1527 1122 1575 te
1150 1519 1411 1588 quispiam
1435 1517 1501 1572 ad
1527 1517 1800 1588 prepltetze
1830 1515 2004 1572 zelum

417 1609 576 1666 fuerit
613 1609 944 1679 adhortatus,
973 1626 1081 1666 non
1109 1612 1345 1666 animum
1375 1606 1714 1680 deSpondeas
1736 1649 1750 1673 ,
1778 1621 1877 1663 nec
1903 1606 2002 1664 de-

420 1719 623 1774 speres,
653 1704 795 1775 quod
818 1705 1085 1760 hominem
1113 1720 1234 1761 esse
1249 1705 1468 1760 alterius
1486 1713 1690 1759 natura:
1704 1702 2004 1769 arbitreris,

420 1796 646 1866 ideoque
677 1806 874 1851 tantam
897 1797 1036 1868 apud
1056 1799 1220 1852 Deum
1257 1795 1503 1852 fiduciam
1552 1796 1822 1850 habuisse.
1852 1794 2008 1862 Quod

421 1887 636 1954 quidem
682 1887 852 1942 innuit
873 1887 1134 1958 quispiam
1171 1902 1292 1942 cum
1318 1887 1450 1942 dixit
1479 1905 1491 1942 :
1529 1885 1706 1942 Helias
1731 1887 1880 1940 homo
1900 1895 2009 1940 erat

423 1978 604 2032 similis
629 1981 770 2033 nobis
799 1981 1051 2050 passibilis
1083 1979 1219 2053 (Jac.
1249 1981 1303 2037 5.
1341 1981 1428 2050 17)
1459 1998 1471 2033 :
1502 1980 1651 2050 quasi
1677 1979 1914 2034 diceret:
1934 1977 2010 2034 Ne

425 2071 753 2137 impossibile
781 2071 1057 2127 arbitreris
1086 2087 1206 2127 esse
1228 2114 1241 2137 ,
1273 2071 1341 2126 ad
1383 2071 1521 2126 idem
1563 2086 1683 2126 cum
1716 2070 1806 2124 illo
1838 2070 2009 2139 philo-

422 2161 626 2230 sOphia:
677 2160 941 2230 fastigium
998 2163 1280 2232 pervenire
1315 2181 1328 2219 :
1360 2177 1482 2218 nam
1530 2171 1586 2217 et
1636 2161 1874 2231 ejusdem
1925 2161 2016 2217 ille

427 2253 694 2321 particeps
743 2251 838 2306 fuit
886 2264 1109 2307 natnrzc.
1162 2251 1537 2308 Verumtamen
1588 2252 1901 2307 admirabile
1949 2266 2014 2307 ac

425 2343 659 2396 divinum
708 2342 834 2398 illud
873 2343 988 2412 ejus
1033 2343 1362 2414 propositum
1421 2345 1590 2398 multo
1633 2343 1843 2398 creteris
1891 2351 2015 2398 eum

426 2432 791 2487 sublimiorem
820 2434 1073 2489 ostendit.

499 2525 552 2578 7.
593 2523 696 2580 Sed
721 2524 831 2593 jatn
864 2535 1074 2594 tetnptts
1098 2535 1174 2580 est
1199 2567 1214 2590 ,
1247 2535 1303 2579 ut
1354 2523 1420 2580 ad
1451 2525 1662 2580 viduam
1711 2524 2014 2580 redeamus.

440 2614 613 2680 Venit,
650 2616 817 2686 inquit
841 2657 854 2679 ,
890 2617 942 2670 in
975 2615 1264 2685 Sarephtha
1289 2617 1496 2671 Sidonis
1517 2658 1531 2680 ,
1555 2627 1601 2670 et
1624 2617 1807 2669 invenit
1836 2616 2019 2668 mulie-

430 2721 535 2757 rem
556 2705 757 2759 viduam
782 2706 1097 2777 colligentem
1139 2706 1278 2778 ligna
1305 2707 1380 2776 (5.
1410 2699 1540 2778 Reg.
1579 2705 1798 2776 17.10).
1851 2705 2017 2775 Digna

430 2797 722 2852 domestica
756 2806 1066 2866 paupertate
1111 2797 1366 2851 hactenus
1404 2807 1528 2851 sunt
1555 2797 1830 2851 vestibula.
1880 2795 2018 2862 Quid

435 2887 642 2956 igitur?
672 2903 797 2941 ntnn
849 2897 993 2942 retro
1028 2902 1320 2943 conversus
1344 2893 1429 2943 est
1449 2927 1464 2953 ,
1495 2899 1616 2942 cum
1649 2887 1770 2942 talia
1802 2886 2019 2942 vidisset

434 2978 812 3048 hospitalitatis
841 2978 1104 3034 exordia?
1146 2979 1522 3050 Nequaquam;
1551 2980 1754 3050 quippe
1777 2979 1866 3050 qui
1895 2993 2021 3034 scn-

435 3070 654 3122 tentiatn
681 3069 913 3124 divinam
945 3070 1184 3126 audierat
1219 3085 1233 3124 :
1263 3070 1356 3124 sed
1384 3069 1633 3124 clamavit
1664 3078 1784 3139 post
1804 3084 1943 3134 eam,
1966 3075 2022 3123 et

437 3161 569 3216 dixit
603 3179 616 3214 :
649 3161 807 3216 Sume
836 3179 949 3217 vero
977 3164 1101 3216 mihi
1140 3179 1342 3234 aquam,
1370 3173 1416 3216 et
1442 3162 1530 3216 icit
1552 3204 1566 3229 ,
1598 3171 1651 3214 ut
1679 3171 1893 3216 sumeret
1913 3159 2020 3234 (Ib.

437 3268 488 3305 υ.
515 3253 626 3322 11).
651 3252 786 3308 Vere
812 3269 1066 3324 generosa
1094 3264 1147 3309 et
1172 3255 1384 3325 sapiens
1410 3253 1620 3318 mulier,
1643 3266 1707 3308 ac
1736 3252 1833 3307 nisi
1865 3252 2022 3322 paulo

439 3343 683 3398 videatur
711 3345 963 3399 audacius
994 3345 1098 3398 hoc
1120 3344 1360 3412 dictum,
1394 3345 1505 3415 ipsa
1550 3345 1707 3398 etiam
1747 3343 2020 3412 propheta:

445 3435 880 3505 magnanimitate
905 3435 1060 3506 digna
1094 3451 1110 3489 :
1143 3435 1250 3491 imo
1284 3437 1430 3491 nullo
1475 3443 1628 3504 pacto
1660 3435 1819 3490 debet
1844 3433 2022 3488 audax

441 3526 569 3581 illud
595 3527 796 3580 dictum
838 3527 1000 3581 videri
1027 3536 1044 3582 t
1075 3527 1174 3580 nisi
1214 3528 1358 3582 enim
1395 3527 1551 3595 digna
1597 3526 1806 3592 fuisset,
1824 3541 2025 3596 nequa-

441 3632 598 3686 quam
627 3617 805 3671 habita
831 3618 989 3688 digna
1026 3618 1210 3673 fuisset
1235 3663 1252 3688 ,
1281 3636 1400 3689 qua:
1437 3628 1680 3674 sanctum
1709 3619 1852 3672 illum
1884 3619 2025 3673 exci-

441 3717 610 3779 pcret.
642 3710 1097 3776 Quemadmodum
1129 3722 1183 3767 et
1207 3711 1274 3767 ad
1298 3711 1587 3782 discipulos
1607 3711 1740 3766 dixit
1759 3710 2023 3778 Christus,

444 3799 511 3854 In
551 3817 912 3871 quamcumque
958 3803 1206 3856 civitatem
1246 3812 1334 3856 attt
1387 3803 1648 3857 castellum
1699 3804 2022 3869 intraveritis,

443 3892 774 3964 interrogate,
807 3894 916 3963 quis
946 3894 997 3947 in
1023 3911 1081 3949 ea
1111 3897 1292 3966 dignus
1321 3897 1418 3962 sit,
1439 3905 1482 3948 et
1504 3895 1570 3948 ibi
1600 3905 1792 3949 manete
1814 3894 2024 3965 (Matth.

444 3983 532 4038 10.
562 3984 685 4053 ll):
717 3985 785 4038 itt
820 3985 956 4039 Deus
987 3984 1071 4062 hic
1107 4001 1318 4056 quoque
1343 4000 1592 4055 quoniam
1635 4001 1743 4054 pra:
1783 3984 2027 4040 omnibus

442 4073 654 4142 dignam
726 4085 948 4129 noverat
998 4076 1134 4129 hanc
1188 4076 1507 4138 mulierem.
1540 4091 1659 4145 qua:
1714 4078 2027 4145 prophetam

441 4168 739 4236 susciperet
761 4206 776 4232 ,
811 4177 1091 4236 propterea
1119 4167 1330 4220 exteris
1360 4166 1608 4220 omnibus
1645 4165 1859 4220 omissis
1903 4165 2029 4219 illuc

441 4276 564 4314 eum
589 4259 751 4314 misit.
782 4261 852 4312 At
879 4258 1022 4313 enim
1063 4272 1127 4311 ex
1175 4257 1336 4312 rebus
1366 4255 1496 4326 ipsis
1542 4255 1873 4309 nobilitatem
1915 4255 2030 4324 ejus

442 4352 735 4406 videamus.
761 4351 921 4406 Sume
959 4350 1082 4404 milii
1105 4389 1119 4416 ,
1155 4350 1359 4420 inquit,
1389 4362 1573 4419 aquam
1602 4349 1659 4402 in
1679 4363 1812 4401 vase.
1842 4346 2028 4416 Magna

443 4458 574 4498 sane
621 4443 860 4498 mulieris
903 4442 1226 4497 immanitas.
1267 4439 1421 4507 Quod
1458 4440 1602 4494 enim
1650 4437 2025 4507 responderit,

445 4533 590 4602 quod
638 4534 690 4588 iit
732 4534 1060 4603 colloquium
1088 4534 1204 4601 ejus
1246 4532 1470 4598 venerit,
1495 4530 1638 4601 quod
1667 4528 1820 4584 lllutn
1859 4527 2032 4582 corri-

445 4626 599 4694 piens
650 4635 813 4680 totam
859 4627 1127 4681 civitatem
1165 4625 1230 4678 ad
1277 4625 1598 4696 puniendum
1645 4639 1856 4680 sacrum
1901 4622 2031 4677 illud

443 4724 606 4784 caput
630 4731 734 4769 non
780 4717 1088 4782 vocaverit,
1121 4731 1296 4772 nonne
1335 4725 1553 4785 stupore
1592 4723 1647 4770 et
1680 4715 2078 4769 admiratione.

447 4809 665 4878 dignum
725 4807 977 4862 videtur?
1018 4807 1290 4878 Siquidem
1344 4808 1537 4863 merito
1588 4809 1744 4862 famis
1793 4807 2032 4862 adactam

447 4899 767 4955 necessitate
811 4899 1178 4954 mulierculam
1232 4915 1297 4955 eo
1346 4915 1513 4970 usque
1541 4899 1704 4954 fuisse
1760 4896 2033 4953 iracundia

447 5002 772 5048 commutant
799 5034 815 5062 ,
844 5007 909 5048 ex
941 4991 1042 5048 hoc
1069 4992 1290 5048 Iudaico
1318 4994 1564 5062 exemplo
1592 5004 1874 5062 cognosce.

520 5085 741 5140 Elimea:
769 5086 962 5156 duplex
985 5084 1254 5140 [Μειλι-
1277 5083 1575 5153 Discipulos
1603 5084 1765 5140 Helia:
1790 5084 2033 5151 Elisazns,

451 5177 653 5248 duplex
682 5177 862 5234 Helias
888 5177 1176 5251 (duplicem
1204 5178 1344 5232 enim
1369 5177 1680 5247 magistrum
1703 5177 1754 5230 in
1776 5176 2037 5246 discipulo

455 5270 651 5326 licebat
680 5269 921 5342 intueri),
952 5268 1146 5326 famem
1170 5278 1351 5341 postea
1375 5268 1750 5340 prophetavit;
1777 5283 1879 5323 non
1922 5268 2038 5337 ipse

453 5366 674 5421 immisit
719 5365 857 5420 sicut
887 5364 1098 5433 llelias,
1126 5363 1221 5422 sed
1267 5372 1545 5419 venturam
1593 5362 1859 5433 praedixit.
1899 5361 2036 5428 Quid

453 5470 582 5524 ergo
609 5472 721 5521 rex,
755 5457 843 5526 qui
872 5455 1203 5527 temporibus
1230 5455 1333 5511 illis
1358 5453 1656 5525 regnabat?
1692 5451 1911 5507 indutus
1957 5459 2040 5506 est

454 5563 612 5602 sacco
634 5592 647 5613 ,
679 5552 849 5618 inquit
879 5568 891 5604 :
941 5550 1203 5622 siquidem
1238 5549 1536 5605 humiliavit
1565 5564 1686 5603 cum
1717 5546 1991 5602 calamitas
2022 5562 2034 5597 :

454 5638 533 5693 sic
575 5647 753 5694 tamen
796 5640 1100 5697 humiliatus
1151 5657 1271 5698 cum
1324 5641 1700 5697 lamentantem
1755 5637 2032 5693 mulierem

1145 219 1202 270 S.
1243 213 1522 271 JOANNIS
1558 211 2032 272 CllRYSOSTOMl
2068 213 2392 276 ARClllEl’.
2428 195 2961 280 CONSTANTINOP.

3577 235 3706 302 δη.

2103 329 2359 390 audiisset
2394 346 2610 408 propter
2648 353 2711 395 ea
2752 355 2874 409 quae
2921 341 3078 396 famis
3121 357 3283 400 causa
3333 348 3641 406 acciderant
3665 387 3693 420 ,

2105 432 2247 478 tanta
2280 434 2389 480 tum
2420 431 2618 484 exarsit
2646 431 2915 486 iracundia
2941 473 2954 498 ,
2987 442 3046 488 ut
3071 435 3354 492 confestim
3373 438 3694 499 exclamarit

2101 530 2165 572 ac
2193 512 2422 573 dixerit:
2455 511 2584 574 Ila'c
2621 523 2778 590 faciat
2819 524 2941 577 milii
2963 524 3102 581 Deus
3139 537 3186 581 et
3229 527 3337 582 haec
3370 529 3611 600 adjiciat,
3639 548 3692 586 ss

2100 607 2249 662 stabit
2273 619 2428 680 caput.
2457 610 2632 666 Elismi
2667 614 2764 683 filii
2791 615 2994 685 Saphat
3035 635 3188 688 super
3221 619 3389 690 ipsum
3431 621 3581 677 hodie
3606 625 3688 693 (ι.

2103 693 2232 768 Reg.
2257 698 2309 753 6.
2341 700 2455 771 3t).
2486 701 2732 759 Vidistin‘
2753 704 2896 776 regis
2935 707 3304 764 iracundiam?
3330 710 3465 769 Vide
3495 713 3694 771 mulie-

2102 791 2176 846 ris
2197 792 2510 862 sapientiam
2544 813 2558 851 :
2588 795 2703 852 ba3c
2731 800 2874 854 enim
2911 800 3126 856 invento
3149 817 3217 857 eo
3239 803 3332 873 qui
3363 819 3467 858 non
3491 804 3691 862 famem

2101 886 2443 956 praedixerat,
2465 889 2559 944 sed
2581 889 2874 957 invexerat,
2892 909 3015 948 cum
3038 905 3203 965 prope
3226 896 3493 951 civitatem
3519 908 3691 964 esset,

2106 991 2210 1032 non
2250 978 2520 1050 indignata
2549 991 2664 1050 est,
2696 1000 2803 1039 non
2853 985 3170 1052 excanduit,
3201 1001 3311 1042 non
3349 995 3576 1044 ceteros
3621 990 3695 1045 ad

2103 1071 2423 1140 supplicium
2473 1076 2795 1134 sumendum
2845 1078 3096 1146 vocavit,
3146 1080 3243 1137 sed
3295 1081 3695 1140 modestissime

2107 1162 2301 1230 paruit.

2178 1247 2231 1308 8.
2271 1253 2433 1310 Scitis
2453 1267 2631 1313 autem
2657 1274 2764 1329 quo
2792 1269 2968 1330 pecto,
2999 1261 3050 1318 si
3073 1264 3290 1334 quando
3320 1265 3532 1336 negotio
3555 1281 3694 1337 quo-

2107 1345 2251 1416 piam
2276 1348 2443 1404 simus
2473 1352 2740 1423 occupati,
2772 1366 2840 1409 ne
2869 1354 3171 1411 familiares
3190 1357 3408 1428 quidem
3445 1372 3697 1428 saepenu-

2109 1454 2258 1512 mero
2285 1440 2536 1498 lubenter
2577 1446 2901 1514 aspiciamus
2924 1487 2946 1515 ,
2969 1447 3066 1502 sed
3093 1456 3148 1503 et
3184 1447 3442 1504 adversus
3467 1464 3566 1505 eos
3605 1449 3695 1504 in-

2107 1531 2390 1601 dignemur
2422 1549 2436 1588 :
2467 1550 2589 1591 cum
2618 1552 2746 1592 vero
2776 1546 2920 1593 tanta
2948 1539 3109 1594 etiam
3146 1539 3364 1596 afﬂictio
3394 1541 3657 1612 ingruerit
3675 1579 3698 1608 ,

2108 1624 2196 1680 vel
2254 1625 2425 1696 ipsum
2480 1627 2640 1683 etiam
2695 1630 2874 1685 lumen
2925 1631 3229 1686 molestiam
3281 1630 3438 1688 nobis
3482 1631 3700 1688 videtur

2110 1716 2367 1775 exhibere
2397 1737 2411 1772 :
2440 1719 2491 1776 id
2513 1721 2656 1792 quod
2686 1737 2870 1778 rursus
2898 1737 2970 1778 ex
2997 1721 3220 1779 Iudaico
3249 1733 3395 1795 patet
3420 1724 3697 1794 exemplo.

2109 1802 2250 1866 Sane
2301 1813 2516 1882 quidem
2572 1830 2697 1870 cum
2745 1815 2976 1872 venisset
3027 1815 3271 1886 Moyses,
3315 1824 3372 1871 et
3415 1815 3701 1873 innumera

2111 1899 2311 1958 Judzeis
2327 1907 2697 1962 annuntiasset
2720 1907 2856 1962 bona
2878 1946 2894 1974 ,
2941 1906 3309 1962 liberationem
3333 1921 3364 1960 a
3391 1905 3700 1978 tyrannide,

2113 1995 2436 2064 libertatem,
2468 2008 2521 2054 et
2550 1999 2602 2054 in
2627 2001 2902 2070 antiquam
2944 1999 3168 2070 patriam
3194 1998 3425 2054 reditum
3451 2016 3466 2054 :
3504 1997 3699 2054 Viden-

2115 2099 2187 2145 tes
2221 2107 2332 2144 eum
2351 2128 2370 2159 ,
2397 2092 2599 2163 inquit,
2630 2108 2731 2146 non
2764 2091 3034 2146 audierunt
3064 2107 3177 2145 eum
3219 2107 3325 2162 pra:
3349 2091 3699 2160 pusillanimi-

2116 2191 2237 2250 tate,
2265 2192 2312 2237 et
2351 2183 2584 2254 aper-ibus
2606 2184 2748 2238 duris
2775 2183 2969 2256 (Exod.
2999 2184 3052 2239 6.
3081 2184 3162 2254 9).
3190 2183 3269 2238 Illi
3312 2193 3417 2238 tam
3465 2185 3705 2238 faustum

2116 2275 2360 2329 nuntium
2389 2273 2650 2330 ferentem
2677 2291 2798 2330 cum
2830 2275 3106 2340 vidissent,
3133 2273 3363 2331 aversati
3391 2282 3558 2329 sunt:
3586 2272 3705 2330 haec

2117 2370 2419 2425 venientem
2468 2369 2784 2440 prophetam
2809 2383 2929 2424 cum
2972 2368 3221 2434 vidisset,
3269 2383 3376 2423 non
3414 2377 3473 2423 ut
3501 2367 3706 2423 famem

2117 2459 2442 2531 depelleret,
2467 2461 2562 2516 sed
2594 2473 2653 2516 ut
2682 2461 2827 2516 illam
2857 2469 3140 2530 gravaret,
3169 2458 3302 2515 nihil
3326 2459 3378 2516 ei
3419 2458 3525 2515 tale
3562 2457 3711 2514 acci-

2118 2553 2216 2608 dit.
2248 2556 2313 2609 Et
2336 2555 2410 2608 illi
2455 2555 2669 2628 quidem
2709 2555 2845 2610 adeo
2887 2554 3135 2610 difﬁciles
3179 2568 3244 2609 ac
3293 2552 3493 2608 morosi
3545 2560 3716 2607 erant

2120 2658 2338 2720 propter
2364 2663 2588 2719 operum
2622 2649 2902 2704 laborem:
2939 2647 3054 2702 haec
3097 2654 3274 2701 autem
3321 2660 3428 2700 non
3477 2644 3706 2711 laboro,

2119 2740 2214 2794 sed
2265 2741 2404 2796 fame
2445 2740 2794 2797 vehementer
2835 2739 3032 2794 afflicta
3063 2738 3336 2809 (magnum
3383 2738 3581 2808 quippe
3617 2744 3708 2792 est

2123 2832 2262 2889 inter
2305 2833 2541 2890 laborem
2577 2833 2877 2904 famemque
2917 2831 3253 2901 discrimen),
3277 2846 3384 2886 non
3431 2829 3591 2885 modo
3621 2829 3710 2884 vi-

2123 2942 2240 2981 rum
2283 2943 2389 2982 non
2437 2937 2679 2982 aversata
2709 2937 2813 2995 est,
2841 2927 2934 2982 sed
2963 2927 3124 2982 etiam
3167 2934 3332 2980 totam
3371 2939 3520 2978 suam
3567 2937 3708 2993 pau-

2121 3033 2385 3094 pertatem
2416 3022 2700 3088 exhausit,
2729 3030 2787 3076 ut
2831 3037 2955 3077 eum
3006 3019 3306 3090 susciperet
3326 3059 3342 3085 ,
3369 3017 3458 3088 qui
3508 3016 3711 3071 famem

2125 3114 2226 3168 illis
2249 3113 2546 3169 induxerat.
2571 3113 2634 3166 Et
2659 3113 2745 3167 ivit
2774 3121 2824 3165 ut
2849 3120 3067 3166 sumeret
3086 3126 3291 3180 aquam,
3316 3109 3503 3179 inquit,
3527 3115 3574 3162 et
3593 3108 3710 3161 cla-

2125 3207 2278 3260 mavit
2303 3207 2567 3276 prop/tela,
2599 3213 2645 3259 et
2674 3205 2835 3272 dixit,
2868 3202 3028 3259 Sume
3044 3203 3168 3256 mihi
3190 3203 3296 3270 iam
3323 3202 3473 3256 etiam
3502 3215 3710 3270 partem,

2125 3311 2173 3355 et
2201 3301 2460 3356 comedam
2486 3301 2563 3372 (5.
2592 3298 2722 3370 Reg.
2748 3299 2837 3353 17.
2870 3296 2981 3368 11).
3013 3295 3152 3363 Quid
3193 3296 3354 3367 igitur
3378 3294 3603 3349 mulier?
3629 3291 3714 3348 Ne

2129 3395 2232 3449 hoc
2277 3394 2494 3464 quidem
2535 3409 2677 3464 aegre
2698 3391 2834 3457 fert,
2879 3389 2974 3446 sed
3003 3387 3128 3459 quid
3151 3388 3263 3442 ait?
3299 3386 3428 3441 Viuit
3458 3385 3714 3440 Dominus

2127 3485 2268 3540 Deus
2294 3496 2432 3551 tuus,
2455 3485 2500 3539 si
2525 3495 2597 3539 est
2624 3484 2747 3537 mihi
2769 3483 2915 3552 panis
2938 3480 3307 3545 subcineritius,
3337 3478 3434 3532 nisi
3457 3486 3706 3547 quantum

2127 3579 2352 3650 pugillus
2375 3579 2559 3649 farina:
2581 3575 2688 3647 (Ib.
2709 3592 2758 3630 υ.
2789 3575 2899 3647 12).
2926 3575 3094 3644 Quam
3145 3573 3216 3629 ob
3255 3585 3464 3627 causam
3515 3568 3709 3638 iurat!

2131 3672 2330 3727 Panem
2369 3671 2523 3741 petiit
2572 3669 2874 3743 propheta,
2917 3677 3172 3725 cteterum
3223 3666 3314 3720 illa
3355 3678 3550 3735 panem
3597 3677 3710 3718 non

2130 3763 2378 3820 habebat.
2408 3763 2603 3818 Timuit
2633 3777 2800 3834 ergo,
2837 3776 2905 3816 ne
2945 3759 3084 3815 forte
3111 3758 3237 3814 dum
3277 3757 3367 3812 illa
3413 3761 3714 3826 coqueret,

2132 3865 2382 3923 torreret,
2408 3865 2749 3929 praepararet,
2767 3853 2960 3912 deinde
2986 3853 3238 3916 tardaret,
3261 3865 3412 3905 more
3433 3847 3716 3920 impatiens

2133 3953 2396 4024 prepheta
2435 3953 2770 4018 discederet,
2804 3958 2862 4006 et
2916 3949 3095 4020 praeda
3122 3945 3506 4017 hospitalitatis
3556 3942 3711 3998 aufu-

2131 4059 2302 4118 geret.
2335 4049 2624 4118 PrOpterea
2659 4046 2967 4116 juramento
3004 4043 3154 4098 illum
3202 4036 3595 4112 praeoccupavit
3629 4035 3718 4090 di-

2131 4159 2282 4209 cens,
2311 4156 2417 4196 non
2444 4141 2543 4195 sibi
2576 4139 2797 4193 farinam
2821 4137 3010 4192 deesse
3032 4177 3048 4204 ,
3073 4148 3261 4189 verum
3312 4127 3717 4186 subcineritium

2133 4251 2322 4307 panem
2353 4233 2454 4288 sibi
2485 4247 2590 4286 non
2617 4245 2736 4286 esse
2756 4271 2772 4296 ,
2796 4228 3020 4284 farinam
3045 4241 3185 4282 esse.
3209 4223 3391 4294 Neque
3412 4220 3720 4291 juramento

2133 4328 2308 4382 solum
2331 4325 2489 4380 fidem
2519 4324 2646 4378 facit
2667 4363 2684 4390 ,
2717 4321 2812 4377 sed
2835 4331 2889 4376 et
2914 4320 3028 4391 ipsa
3057 4332 3236 4374 rerum
3277 4329 3399 4386 qua:
3438 4314 3573 4367 ﬁunt
3617 4309 3719 4366 de-

2135 4419 2544 4474 monstratione.
2580 4416 2712 4470 Ecce
2735 4416 2900 4480 enim,
2925 4411 3116 4482 inquit,
3139 4409 3324 4480 colligo
3350 4407 3452 4461 duo
3484 4404 3647 4475 ligna,
3675 4411 3723 4457 et

2135 4515 2414 4587 ingrediar,
2447 4522 2495 4568 et
2538 4511 2722 4583 faciam
2748 4509 2839 4563 illa
2860 4507 2981 4576 ﬁliis
3010 4504 3132 4558 meis
3152 4543 3168 4570 ,
3198 4511 3246 4557 et
3289 4498 3640 4564 concedamus,
3672 4503 3723 4551 et

2135 4609 2426 4661 moriemur.

2210 4699 2425 4754 Nullam
2475 4696 2711 4768 relinquit
2754 4693 3126 4749 excusationem
3160 4687 3394 4743 divitibus
3447 4683 3623 4738 vidua.
3651 4708 3724 4720 —

2139 4791 2372 4845 Audiant
2413 4789 2501 4859 qui
2557 4785 2864 4856 magnificas
2898 4783 3043 4838 :edes
3092 4788 3429 4841 construunt,
3467 4783 3523 4830 et
3572 4787 3724 4827 sum-

2142 4893 2327 4954 ptuosa
2355 4881 2549 4952 praedia
2595 4885 2920 4942 mercantur,
2947 4890 3011 4930 ac
3050 4871 3370 4928 famulorum
3407 4881 3599 4938 greges
3627 4877 3728 4934 per

2141 4978 2312 5032 forum
2345 4972 2628 5028 traducunt
2658 4987 2671 5023 :
2704 4969 2788 5024 vel
2817 4967 2994 5038 potius
3022 4974 3076 5020 et
3102 4962 3395 5033 locupletes
3433 4967 3487 5014 et
3523 4970 3733 5028 paupe-

2143 5085 2230 5124 res
2272 5066 2491 5121 audiant
2539 5077 2764 5118 omnes:
2799 5059 2930 5115 nulli
2975 5057 3118 5112 enim
3167 5060 3289 5126 post
3311 5050 3525 5105 viduam
3565 5047 3728 5102 istam

2141 5161 2413 5218 excusatio
2450 5158 2802 5226 relinquetur.
2832 5154 2962 5208 Tam
2993 5150 3174 5206 multis
3199 5149 3285 5202 illa
3330 5138 3727 5214 impedimentis

2143 5257 2386 5312 intricata
2429 5260 2579 5320 erat,
2631 5249 2725 5305 sed
2772 5248 2860 5303 illa
2906 5256 3083 5302 tamen
3142 5240 3426 5310 interrupit
3471 5245 3526 5292 et
3577 5245 3730 5289 tran-

2142 5349 2368 5406 scendit.
2401 5346 2535 5403 Audi
2561 5359 2709 5401 vero.
2757 5341 3066 5411 Alienigena
3103 5343 3219 5392 erat
3250 5354 3264 5390 :
3293 5349 3455 5390 unum
3500 5336 3584 5386 est
3625 5327 3733 5381 hoc

2144 5439 2607 5516 impedimentum.
2633 5436 2893 5500 Sidonia;
2930 5431 3223 5489 secundum
3262 5423 3726 5520 impedimentum.

2145 5541 2258 5597 Non
2289 5538 2427 5594 cnim
2457 5549 2552 5605 par
2593 5542 2675 5589 est
2699 5528 2934 5586 conditio
2957 5566 2973 5594 ,
3004 5527 3048 5581 si
3088 5521 3380 5592 alienigena
3422 5519 3498 5574 sis
3540 5519 3730 5584 quovis

2146 5636 2318 5708 pacto,
2344 5638 2398 5686 et
2421 5629 2465 5686 si
2490 5644 2556 5684 cx
2578 5624 2778 5684 Sidone
2797 5618 3054 5680 oriundus
3076 5612 3467 5687 improbissima
3488 5609 3732 5669 civitate:
