  <div class='ocr_page' id='page_1' title='image "/cluster/home/n/w/nwhite01/storage/ocr_20150623/51/hvd.32044073501900/343.png"; bbox 0 0 4082 6212; ppageno 0'>
   <div class='ocr_carea' id='block_1_1' title="bbox 495 216 598 272">
    <p class='ocr_par' dir='ltr' id='par_1_1' title="bbox 495 216 598 272">
     <span class='ocr_line' id='line_1_1' title="bbox 495 216 598 272; baseline 0.01 -1"><span class='ocrx_word' id='word_1_1' title='bbox 495 216 598 272; x_wconf 72' lang='grc'>315</span> 
     </span>
    </p>
   </div>
   <div class='ocr_carea' id='block_1_2' title="bbox 496 334 2068 422">
    <p class='ocr_par' dir='ltr' id='par_1_2' title="bbox 496 334 2068 422">
     <span class='ocr_line' id='line_1_2' title="bbox 496 334 2068 422; baseline 0.013 -34"><span class='ocrx_word' id='word_1_2' title='bbox 496 334 820 408; x_wconf 79' lang='grc' dir='ltr'>ὑπόδειγμα,</span> <span class='ocrx_word' id='word_1_3' title='bbox 863 340 961 411; x_wconf 80' lang='grc' dir='ltr'>τὴν</span> <span class='ocrx_word' id='word_1_4' title='bbox 1020 345 1174 399; x_wconf 78' lang='grc' dir='ltr'>πόλιν</span> <span class='ocrx_word' id='word_1_5' title='bbox 1225 348 1440 418; x_wconf 73' lang='grc' dir='ltr'>ἐκείνην</span> <span class='ocrx_word' id='word_1_6' title='bbox 1489 349 1545 400; x_wconf 83' lang='grc' dir='ltr'>ἐν</span> <span class='ocrx_word' id='word_1_7' title='bbox 1572 353 1683 414; x_wconf 90' lang='grc' dir='ltr'>τοῖς</span> <span class='ocrx_word' id='word_1_8' title='bbox 1721 352 2068 422; x_wconf 82' lang='grc' dir='ltr'>Εὐαγγελίοις</span> 
     </span>
    </p>
   </div>
   <div class='ocr_carea' id='block_1_3' title="bbox 495 427 2064 512">
    <p class='ocr_par' dir='ltr' id='par_1_3' title="bbox 495 427 2064 512">
     <span class='ocr_line' id='line_1_3' title="bbox 495 427 2064 512; baseline 0.015 -38"><span class='ocrx_word' id='word_1_9' title='bbox 495 427 818 495; x_wconf 82' lang='grc' dir='ltr'>παρήγαγεν</span> <span class='ocrx_word' id='word_1_10' title='bbox 843 431 872 480; x_wconf 99' lang='lat'>6</span> <span class='ocrx_word' id='word_1_11' title='bbox 892 431 1142 502; x_wconf 78' lang='grc' dir='ltr'>Χριστός.</span> <span class='ocrx_word' id='word_1_12' title='bbox 1177 430 1284 488; x_wconf 82' lang='grc' dir='ltr'>Ἦν</span> <span class='ocrx_word' id='word_1_13' title='bbox 1311 437 1492 489; x_wconf 81' lang='grc' dir='ltr'>τοίνυν</span> <span class='ocrx_word' id='word_1_14' title='bbox 1522 440 1614 492; x_wconf 71' lang='grc' dir='ltr'>καὶ</span> <span class='ocrx_word' id='word_1_15' title='bbox 1635 440 1950 512; x_wconf 82' lang='grc' dir='ltr'>ἀλλόφυλος,</span> <span class='ocrx_word' id='word_1_16' title='bbox 1970 447 2064 498; x_wconf 73' lang='grc' dir='ltr'>καὶ</span> 
     </span>
    </p>
   </div>
   <div class='ocr_carea' id='block_1_4' title="bbox 494 515 2065 597">
    <p class='ocr_par' dir='ltr' id='par_1_4' title="bbox 494 515 2065 597">
     <span class='ocr_line' id='line_1_4' title="bbox 494 515 2065 597; baseline 0.013 -30"><span class='ocrx_word' id='word_1_17' title='bbox 494 515 719 574; x_wconf 81' lang='grc' dir='ltr'>Σιδωνία</span> <span class='ocrx_word' id='word_1_18' title='bbox 741 557 755 580; x_wconf 86' lang='grc'>,</span> <span class='ocrx_word' id='word_1_19' title='bbox 801 523 893 572; x_wconf 81' lang='grc' dir='ltr'>καὶ</span> <span class='ocrx_word' id='word_1_20' title='bbox 939 523 1097 594; x_wconf 82' lang='grc' dir='ltr'>γυνὴ,</span> <span class='ocrx_word' id='word_1_21' title='bbox 1130 526 1190 578; x_wconf 79' lang='grc' dir='ltr'>τὸ</span> <span class='ocrx_word' id='word_1_22' title='bbox 1235 528 1459 590; x_wconf 84' lang='grc' dir='ltr'>ἀσθενὲς</span> <span class='ocrx_word' id='word_1_23' title='bbox 1487 535 1640 597; x_wconf 85' lang='grc' dir='ltr'>γένος</span> <span class='ocrx_word' id='word_1_24' title='bbox 1683 533 1778 585; x_wconf 67' lang='grc' dir='ltr'>καὶ</span> <span class='ocrx_word' id='word_1_25' title='bbox 1804 534 2065 588; x_wconf 79' lang='grc' dir='ltr'>πάντοθεν</span> 
     </span>
    </p>
   </div>
   <div class='ocr_carea' id='block_1_5' title="bbox 492 603 2067 696">
    <p class='ocr_par' dir='ltr' id='par_1_5' title="bbox 492 603 2067 696">
     <span class='ocr_line' id='line_1_5' title="bbox 492 603 2067 696; baseline 0.013 -39"><span class='ocrx_word' id='word_1_26' title='bbox 492 603 744 673; x_wconf 85' lang='grc' dir='ltr'>δεόμενον</span> <span class='ocrx_word' id='word_1_27' title='bbox 759 607 856 677; x_wconf 84' lang='grc' dir='ltr'>τῆς</span> <span class='ocrx_word' id='word_1_28' title='bbox 881 610 1234 684; x_wconf 72' lang='grc' dir='ltr'>ἀντιλήψεως.</span> <span class='ocrx_word' id='word_1_29' title='bbox 1261 617 1474 688; x_wconf 80' lang='grc' dir='ltr'>Προσῆν</span> <span class='ocrx_word' id='word_1_30' title='bbox 1507 619 1599 672; x_wconf 69' lang='grc' dir='ltr'>καὶ</span> <span class='ocrx_word' id='word_1_31' title='bbox 1629 622 1844 692; x_wconf 87' lang='grc' dir='ltr'>χηρεία,</span> <span class='ocrx_word' id='word_1_32' title='bbox 1873 624 2067 696; x_wconf 87' lang='grc' dir='ltr'>τέταρ-</span> 
     </span>
    </p>
   </div>
   <div class='ocr_carea' id='block_1_6' title="bbox 491 696 2062 784">
    <p class='ocr_par' dir='ltr' id='par_1_6' title="bbox 491 696 2062 784">
     <span class='ocr_line' id='line_1_6' title="bbox 491 696 2062 784; baseline 0.015 -40"><span class='ocrx_word' id='word_1_33' title='bbox 491 709 582 746; x_wconf 89' lang='grc' dir='ltr'>τον</span> <span class='ocrx_word' id='word_1_34' title='bbox 633 696 890 768; x_wconf 82' lang='grc' dir='ltr'>κώλυμα·</span> <span class='ocrx_word' id='word_1_35' title='bbox 950 701 1222 770; x_wconf 85' lang='grc' dir='ltr'>πέμπτον,</span> <span class='ocrx_word' id='word_1_36' title='bbox 1260 706 1484 759; x_wconf 81' lang='grc' dir='ltr'>ἐκείνων</span> <span class='ocrx_word' id='word_1_37' title='bbox 1543 711 1794 766; x_wconf 82' lang='grc' dir='ltr'>ἁπάντων</span> <span class='ocrx_word' id='word_1_38' title='bbox 1855 716 2062 784; x_wconf 77' lang='grc' dir='ltr'>μεῖζον,</span> 
     </span>
    </p>
   </div>
   <div class='ocr_carea' id='block_1_7' title="bbox 491 969 2061 1060">
    <p class='ocr_par' dir='ltr' id='par_1_7' title="bbox 491 969 2061 1060">
     <span class='ocr_line' id='line_1_7' title="bbox 491 969 2061 1060; baseline 0.014 -39"><span class='ocrx_word' id='word_1_39' title='bbox 491 969 629 1060; x_wconf 77' lang='grc' dir='ltr'>πρὸς</span> <span class='ocrx_word' id='word_1_40' title='bbox 654 971 716 1024; x_wconf 81' lang='grc' dir='ltr'>τὸ</span> <span class='ocrx_word' id='word_1_41' title='bbox 749 973 825 1044; x_wconf 79' lang='grc' dir='ltr'>μὴ</span> <span class='ocrx_word' id='word_1_42' title='bbox 884 980 1056 1030; x_wconf 85' lang='grc' dir='ltr'><strong>ποιεῖν</strong></span> <span class='ocrx_word' id='word_1_43' title='bbox 1085 979 1475 1053; x_wconf 83' lang='grc' dir='ltr'>ἐλεημοσύνην,</span> <span class='ocrx_word' id='word_1_44' title='bbox 1538 987 1673 1056; x_wconf 77' lang='grc' dir='ltr'>μηδέ</span> <span class='ocrx_word' id='word_1_45' title='bbox 1705 989 2061 1060; x_wconf 80' lang='grc' dir='ltr'>ὑποδέχεσθαι</span> 
     </span>
    </p>
   </div>
   <div class='ocr_carea' id='block_1_8' title="bbox 490 1058 2061 1148">
    <p class='ocr_par' dir='ltr' id='par_1_8' title="bbox 490 1058 2061 1148">
     <span class='ocr_line' id='line_1_8' title="bbox 490 1058 2061 1148; baseline 0.015 -37"><span class='ocrx_word' id='word_1_46' title='bbox 490 1058 713 1123; x_wconf 81' lang='grc' dir='ltr'>ξένους·</span> <span class='ocrx_word' id='word_1_47' title='bbox 763 1064 855 1117; x_wconf 82' lang='grc' dir='ltr'>καὶ</span> <span class='ocrx_word' id='word_1_48' title='bbox 904 1065 1038 1136; x_wconf 78' lang='grc' dir='ltr'>δράξ</span> <span class='ocrx_word' id='word_1_49' title='bbox 1069 1068 1298 1140; x_wconf 75' lang='grc' dir='ltr'>ἀλεύρου</span> <span class='ocrx_word' id='word_1_50' title='bbox 1337 1072 1690 1130; x_wconf 69' lang='grc' dir='ltr'>ὑπελέλειπτο</span> <span class='ocrx_word' id='word_1_51' title='bbox 1749 1058 1928 1148; x_wconf 50' lang='grc' dir='ltr'>μόνω,</span> <span class='ocrx_word' id='word_1_52' title='bbox 1965 1081 2061 1134; x_wconf 82' lang='grc' dir='ltr'>και</span> 
     </span>
    </p>
   </div>
   <div class='ocr_carea' id='block_1_9' title="bbox 492 1149 2061 1238">
    <p class='ocr_par' dir='ltr' id='par_1_9' title="bbox 492 1149 2061 1238">
     <span class='ocr_line' id='line_1_9' title="bbox 492 1149 2061 1238; baseline 0.015 -38"><span class='ocrx_word' id='word_1_53' title='bbox 492 1149 612 1216; x_wconf 85' lang='grc' dir='ltr'>μετ’</span> <span class='ocrx_word' id='word_1_54' title='bbox 637 1151 850 1223; x_wconf 79' lang='grc' dir='ltr'>ἐκείνην</span> <span class='ocrx_word' id='word_1_55' title='bbox 874 1153 1104 1220; x_wconf 87' lang='grc' dir='ltr'>θάνατος</span> <span class='ocrx_word' id='word_1_56' title='bbox 1159 1161 1540 1230; x_wconf 77' lang='grc' dir='ltr'>προσεδοκᾶτο.</span> <span class='ocrx_word' id='word_1_57' title='bbox 1573 1166 1648 1218; x_wconf 78' lang='grc' dir='ltr'>Σὺ</span> <span class='ocrx_word' id='word_1_58' title='bbox 1679 1167 1778 1236; x_wconf 81' lang='grc' dir='ltr'>μὲν</span> <span class='ocrx_word' id='word_1_59' title='bbox 1809 1168 1919 1238; x_wconf 80' lang='grc' dir='ltr'>γὰρ</span> <span class='ocrx_word' id='word_1_60' title='bbox 1957 1169 2061 1222; x_wconf 74' lang='grc' dir='ltr'>κᾶν</span> 
     </span>
    </p>
   </div>
   <div class='ocr_carea' id='block_1_10' title="bbox 489 1239 2061 1330">
    <p class='ocr_par' dir='ltr' id='par_1_10' title="bbox 489 1239 2061 1330">
     <span class='ocr_line' id='line_1_10' title="bbox 489 1239 2061 1330; baseline 0.015 -40"><span class='ocrx_word' id='word_1_61' title='bbox 489 1239 708 1295; x_wconf 77' lang='grc' dir='ltr'>ἅπαντα</span> <span class='ocrx_word' id='word_1_62' title='bbox 736 1244 977 1318; x_wconf 85' lang='grc' dir='ltr'>κενώσῃς</span> <span class='ocrx_word' id='word_1_63' title='bbox 1000 1249 1067 1302; x_wconf 80' lang='grc' dir='ltr'>τὰ</span> <span class='ocrx_word' id='word_1_64' title='bbox 1088 1251 1346 1320; x_wconf 84' lang='grc' dir='ltr'>χρήματα</span> <span class='ocrx_word' id='word_1_65' title='bbox 1370 1293 1384 1316; x_wconf 95' lang='grc'>,</span> <span class='ocrx_word' id='word_1_66' title='bbox 1412 1253 1516 1307; x_wconf 74' lang='grc' dir='ltr'>κᾶν</span> <span class='ocrx_word' id='word_1_67' title='bbox 1535 1256 1828 1330; x_wconf 85' lang='grc' dir='ltr'>γυμνώσῃς</span> <span class='ocrx_word' id='word_1_68' title='bbox 1849 1259 1948 1328; x_wconf 80' lang='grc' dir='ltr'>τῆς</span> <span class='ocrx_word' id='word_1_69' title='bbox 1971 1276 2061 1312; x_wconf 84' lang='grc' dir='ltr'>πε-</span> 
     </span>
    </p>
   </div>
   <div class='ocr_carea' id='block_1_11' title="bbox 488 1331 2060 1420">
    <p class='ocr_par' dir='ltr' id='par_1_11' title="bbox 488 1331 2060 1420">
     <span class='ocr_line' id='line_1_11' title="bbox 488 1331 2060 1420; baseline 0.015 -40"><span class='ocrx_word' id='word_1_70' title='bbox 488 1331 730 1398; x_wconf 86' lang='grc' dir='ltr'>ριουσίας</span> <span class='ocrx_word' id='word_1_71' title='bbox 785 1337 998 1402; x_wconf 76' lang='grc' dir='ltr'>σαυτὸν,</span> <span class='ocrx_word' id='word_1_72' title='bbox 1053 1338 1275 1394; x_wconf 90' lang='grc' dir='ltr'>δύνασαι</span> <span class='ocrx_word' id='word_1_73' title='bbox 1329 1344 1464 1412; x_wconf 86' lang='grc' dir='ltr'>πρὸς</span> <span class='ocrx_word' id='word_1_74' title='bbox 1495 1344 1593 1408; x_wconf 81' lang='grc' dir='ltr'>τὰς</span> <span class='ocrx_word' id='word_1_75' title='bbox 1647 1347 1848 1418; x_wconf 87' lang='grc' dir='ltr'>ἐτέρων</span> <span class='ocrx_word' id='word_1_76' title='bbox 1892 1348 2060 1420; x_wconf 85' lang='grc' dir='ltr'>θύρας</span> 
     </span>
    </p>
   </div>
   <div class='ocr_carea' id='block_1_12' title="bbox 485 1421 2062 1502">
    <p class='ocr_par' dir='ltr' id='par_1_12' title="bbox 485 1421 2062 1502">
     <span class='ocr_line' id='line_1_12' title="bbox 485 1421 2062 1502; baseline 0.014 -31"><span class='ocrx_word' id='word_1_77' title='bbox 485 1421 740 1475; x_wconf 83' lang='grc' dir='ltr'>ἀπελθεῖν</span> <span class='ocrx_word' id='word_1_78' title='bbox 773 1425 867 1479; x_wconf 71' lang='grc' dir='ltr'>καὶ</span> <span class='ocrx_word' id='word_1_79' title='bbox 894 1432 1077 1498; x_wconf 84' lang='grc' dir='ltr'>τυχεῖν</span> <span class='ocrx_word' id='word_1_80' title='bbox 1102 1433 1456 1502; x_wconf 80' lang='grc' dir='ltr'>παραμυθίας</span> <span class='ocrx_word' id='word_1_81' title='bbox 1477 1451 1493 1468; x_wconf 95' lang='grc'>·</span> <span class='ocrx_word' id='word_1_82' title='bbox 1525 1438 1646 1490; x_wconf 86' lang='grc' dir='ltr'>τότε</span> <span class='ocrx_word' id='word_1_83' title='bbox 1669 1437 1726 1490; x_wconf 88' lang='grc' dir='ltr'>δὲ</span> <span class='ocrx_word' id='word_1_84' title='bbox 1757 1438 1877 1491; x_wconf 83' lang='grc' dir='ltr'>οὐδὲ</span> <span class='ocrx_word' id='word_1_85' title='bbox 1903 1442 2062 1492; x_wconf 83' lang='grc' dir='ltr'>ἐπαι-</span> 
     </span>
    </p>
   </div>
   <div class='ocr_carea' id='block_1_13' title="bbox 484 1513 2058 1602">
    <p class='ocr_par' dir='ltr' id='par_1_13' title="bbox 484 1513 2058 1602">
     <span class='ocr_line' id='line_1_13' title="bbox 484 1513 2058 1602; baseline 0.015 -40"><span class='ocrx_word' id='word_1_86' title='bbox 484 1515 597 1565; x_wconf 85' lang='grc' dir='ltr'>τεῖν</span> <span class='ocrx_word' id='word_1_87' title='bbox 625 1513 850 1570; x_wconf 82' lang='grc' dir='ltr'>δυνατὸν</span> <span class='ocrx_word' id='word_1_88' title='bbox 870 1513 957 1589; x_wconf 83' lang='grc' dir='ltr'>ἧν,</span> <span class='ocrx_word' id='word_1_89' title='bbox 987 1520 1161 1586; x_wconf 74' lang='grc' dir='ltr'>οὕτως</span> <span class='ocrx_word' id='word_1_90' title='bbox 1187 1524 1432 1589; x_wconf 75' lang='grc' dir='ltr'>ἅπαντας</span> <span class='ocrx_word' id='word_1_91' title='bbox 1460 1529 1585 1591; x_wconf 77' lang='grc' dir='ltr'>τοὺς</span> <span class='ocrx_word' id='word_1_92' title='bbox 1605 1529 1826 1600; x_wconf 82' lang='grc' dir='ltr'>λιμένας</span> <span class='ocrx_word' id='word_1_93' title='bbox 1855 1531 2058 1602; x_wconf 78' lang='grc' dir='ltr'>ἔχωσεν</span> 
     </span>
    </p>
   </div>
   <div class='ocr_carea' id='block_1_14' title="bbox 482 1603 2059 1676">
    <p class='ocr_par' dir='ltr' id='par_1_14' title="bbox 482 1603 2059 1676">
     <span class='ocr_line' id='line_1_14' title="bbox 482 1603 2059 1676; baseline 0.013 -21"><span class='ocrx_word' id='word_1_94' title='bbox 482 1603 512 1654; x_wconf 86' lang='grc' dir='ltr'><strong>ὁ</strong></span> <span class='ocrx_word' id='word_1_95' title='bbox 541 1604 720 1675; x_wconf 90' lang='grc' dir='ltr'>λιμός.</span> <span class='ocrx_word' id='word_1_96' title='bbox 771 1608 909 1662; x_wconf 82' lang='grc' dir='ltr'>Ἀλλ’</span> <span class='ocrx_word' id='word_1_97' title='bbox 962 1612 1112 1667; x_wconf 83' lang='grc' dir='ltr'>οὐδὲν</span> <span class='ocrx_word' id='word_1_98' title='bbox 1161 1616 1365 1669; x_wconf 90' lang='grc' dir='ltr'>τούτων</span> <span class='ocrx_word' id='word_1_99' title='bbox 1415 1618 1708 1674; x_wconf 87' lang='grc' dir='ltr'>ἐκώλυσεν.</span> <span class='ocrx_word' id='word_1_100' title='bbox 1760 1621 1913 1675; x_wconf 76' lang='grc' dir='ltr'>Εἴπω</span> <span class='ocrx_word' id='word_1_101' title='bbox 1969 1625 2059 1676; x_wconf 79' lang='grc' dir='ltr'>καὶ</span> 
     </span>
    </p>
   </div>
   <div class='ocr_carea' id='block_1_15' title="bbox 482 1694 2058 1778">
    <p class='ocr_par' dir='ltr' id='par_1_15' title="bbox 482 1694 2058 1778">
     <span class='ocr_line' id='line_1_15' title="bbox 482 1694 2058 1778; baseline 0.013 -32"><span class='ocrx_word' id='word_1_102' title='bbox 482 1694 710 1767; x_wconf 80' lang='grc' dir='ltr'>ἕϐδομον</span> <span class='ocrx_word' id='word_1_103' title='bbox 756 1699 1005 1772; x_wconf 84' lang='grc' dir='ltr'>κώλυμα,</span> <span class='ocrx_word' id='word_1_104' title='bbox 1047 1705 1208 1758; x_wconf 76' lang='grc' dir='ltr'>αὐτὸν</span> <span class='ocrx_word' id='word_1_105' title='bbox 1237 1708 1328 1760; x_wconf 82' lang='grc' dir='ltr'>τὸν</span> <span class='ocrx_word' id='word_1_106' title='bbox 1375 1709 1635 1778; x_wconf 80' lang='grc' dir='ltr'>μέλλοντα</span> <span class='ocrx_word' id='word_1_107' title='bbox 1661 1711 2058 1778; x_wconf 77' lang='grc' dir='ltr'>ἐπιξενίζεσθαι</span> 
     </span>
    </p>
   </div>
   <div class='ocr_carea' id='block_1_16' title="bbox 481 1788 2056 1874">
    <p class='ocr_par' dir='ltr' id='par_1_16' title="bbox 481 1788 2056 1874">
     <span class='ocr_line' id='line_1_16' title="bbox 481 1788 2056 1874; baseline 0.013 -37"><span class='ocrx_word' id='word_1_108' title='bbox 481 1788 547 1856; x_wconf 75' lang='grc' dir='ltr'>τῇ</span> <span class='ocrx_word' id='word_1_109' title='bbox 574 1790 814 1853; x_wconf 90' lang='grc' dir='ltr'>γυναικί.</span> <span class='ocrx_word' id='word_1_110' title='bbox 849 1792 983 1845; x_wconf 80' lang='grc' dir='ltr'>Οὐδὲ</span> <span class='ocrx_word' id='word_1_111' title='bbox 1008 1794 1117 1866; x_wconf 81' lang='grc' dir='ltr'>γὰρ</span> <span class='ocrx_word' id='word_1_112' title='bbox 1145 1799 1362 1859; x_wconf 79' lang='grc' dir='ltr'>οἰκεῖος,</span> <span class='ocrx_word' id='word_1_113' title='bbox 1387 1799 1506 1852; x_wconf 81' lang='grc' dir='ltr'>ούδέ</span> <span class='ocrx_word' id='word_1_114' title='bbox 1527 1803 1800 1874; x_wconf 90' lang='grc' dir='ltr'>γνώριμος</span> <span class='ocrx_word' id='word_1_115' title='bbox 1815 1799 1903 1872; x_wconf 79' lang='grc' dir='ltr'>ἦν,</span> <span class='ocrx_word' id='word_1_116' title='bbox 1923 1803 2056 1857; x_wconf 82' lang='grc' dir='ltr'>ἀλλὰ</span> 
     </span>
    </p>
   </div>
   <div class='ocr_carea' id='block_1_17' title="bbox 482 1876 2056 1962">
    <p class='ocr_par' dir='ltr' id='par_1_17' title="bbox 482 1876 2056 1962">
     <span class='ocr_line' id='line_1_17' title="bbox 482 1876 2056 1962; baseline 0.013 -34"><span class='ocrx_word' id='word_1_117' title='bbox 482 1876 648 1942; x_wconf 81' lang='grc' dir='ltr'>ξένος¹</span> <span class='ocrx_word' id='word_1_118' title='bbox 669 1881 761 1933; x_wconf 74' lang='grc' dir='ltr'>καὶ</span> <span class='ocrx_word' id='word_1_119' title='bbox 795 1881 1104 1955; x_wconf 81' lang='grc' dir='ltr'>ἀλλότριος,</span> <span class='ocrx_word' id='word_1_120' title='bbox 1135 1887 1228 1941; x_wconf 75' lang='grc' dir='ltr'>καὶ</span> <span class='ocrx_word' id='word_1_121' title='bbox 1281 1891 1401 1942; x_wconf 79' lang='grc' dir='ltr'>κατ’</span> <span class='ocrx_word' id='word_1_122' title='bbox 1447 1892 1608 1944; x_wconf 82' lang='grc' dir='ltr'>αὑτὸν</span> <span class='ocrx_word' id='word_1_123' title='bbox 1640 1892 1742 1962; x_wconf 78' lang='grc' dir='ltr'>τῆς</span> <span class='ocrx_word' id='word_1_124' title='bbox 1772 1894 2056 1959; x_wconf 76' lang='grc' dir='ltr'>εὐσεϐείας</span> 
     </span>
    </p>
   </div>
   <div class='ocr_carea' id='block_1_18' title="bbox 481 1967 2055 2051">
    <p class='ocr_par' dir='ltr' id='par_1_18' title="bbox 481 1967 2055 2051">
     <span class='ocr_line' id='line_1_18' title="bbox 481 1967 2055 2051; baseline 0.013 -32"><span class='ocrx_word' id='word_1_125' title='bbox 481 1967 637 2036; x_wconf 87' lang='grc' dir='ltr'>λόγον</span> <span class='ocrx_word' id='word_1_126' title='bbox 684 1975 1086 2044; x_wconf 81' lang='grc' dir='ltr'>κεχωρισμένος</span> <span class='ocrx_word' id='word_1_127' title='bbox 1140 1979 1326 2049; x_wconf 78' lang='grc' dir='ltr'>αὐτῆς.</span> <span class='ocrx_word' id='word_1_128' title='bbox 1369 1982 1442 2033; x_wconf 77' lang='grc' dir='ltr'>Οὐ</span> <span class='ocrx_word' id='word_1_129' title='bbox 1491 1982 1654 2051; x_wconf 90' lang='grc' dir='ltr'>μόνον</span> <span class='ocrx_word' id='word_1_130' title='bbox 1689 1983 1745 2036; x_wconf 85' lang='grc' dir='ltr'>δὲ</span> <span class='ocrx_word' id='word_1_131' title='bbox 1785 1983 1933 2050; x_wconf 79' lang='grc' dir='ltr'>ξένος</span> <span class='ocrx_word' id='word_1_132' title='bbox 1961 1986 2055 2038; x_wconf 76' lang='grc' dir='ltr'>καὶ</span> 
     </span>
    </p>
   </div>
   <div class='ocr_carea' id='block_1_19' title="bbox 479 2061 2051 2146">
    <p class='ocr_par' dir='ltr' id='par_1_19' title="bbox 479 2061 2051 2146">
     <span class='ocr_line' id='line_1_19' title="bbox 479 2061 2051 2146; baseline 0.01 -32"><span class='ocrx_word' id='word_1_133' title='bbox 479 2061 775 2135; x_wconf 80' lang='grc' dir='ltr'>ἀλλότριος,</span> <span class='ocrx_word' id='word_1_134' title='bbox 812 2066 949 2119; x_wconf 80' lang='grc' dir='ltr'>ἀλλὰ</span> <span class='ocrx_word' id='word_1_135' title='bbox 977 2069 1070 2122; x_wconf 71' lang='grc' dir='ltr'>καὶ</span> <span class='ocrx_word' id='word_1_136' title='bbox 1096 2069 1256 2133; x_wconf 77' lang='grc' dir='ltr'>αὐτὸς</span> <span class='ocrx_word' id='word_1_137' title='bbox 1283 2067 1350 2140; x_wconf 83' lang='grc' dir='ltr'>ἦν</span> <span class='ocrx_word' id='word_1_138' title='bbox 1375 2073 1403 2123; x_wconf 93' lang='lat'>6</span> <span class='ocrx_word' id='word_1_139' title='bbox 1433 2073 1522 2125; x_wconf 74' lang='grc' dir='ltr'>τὸν</span> <span class='ocrx_word' id='word_1_140' title='bbox 1553 2074 1709 2143; x_wconf 77' lang='grc' dir='ltr'>λιμὸν</span> <span class='ocrx_word' id='word_1_141' title='bbox 1736 2076 2051 2146; x_wconf 86' lang='grc' dir='ltr'>ἐπαγαγών.</span> 
     </span>
    </p>
   </div>
   <div class='ocr_carea' id='block_1_20' title="bbox 548 2151 2055 2236">
    <p class='ocr_par' dir='ltr' id='par_1_20' title="bbox 548 2151 2055 2236">
     <span class='ocr_line' id='line_1_20' title="bbox 548 2151 2055 2236; baseline 0.009 -29"><span class='ocrx_word' id='word_1_142' title='bbox 548 2153 616 2208; x_wconf 87' lang='grc' dir='ltr'>θ’.</span> <span class='ocrx_word' id='word_1_143' title='bbox 646 2151 792 2210; x_wconf 80' lang='grc' dir='ltr'>Ἀλλ’</span> <span class='ocrx_word' id='word_1_144' title='bbox 817 2158 968 2212; x_wconf 80' lang='grc' dir='ltr'>οὐδὲν</span> <span class='ocrx_word' id='word_1_145' title='bbox 992 2161 1195 2214; x_wconf 88' lang='grc' dir='ltr'>τούτων</span> <span class='ocrx_word' id='word_1_146' title='bbox 1227 2163 1499 2234; x_wconf 70' lang='grc' dir='ltr'>ἀπέτρεψε</span> <span class='ocrx_word' id='word_1_147' title='bbox 1523 2165 1621 2236; x_wconf 79' lang='grc' dir='ltr'>τήν</span> <span class='ocrx_word' id='word_1_148' title='bbox 1645 2170 1877 2233; x_wconf 87' lang='grc' dir='ltr'>γυναῖκα</span> <span class='ocrx_word' id='word_1_149' title='bbox 1896 2209 1911 2232; x_wconf 91' lang='grc'>,</span> <span class='ocrx_word' id='word_1_150' title='bbox 1937 2167 2055 2220; x_wconf 85' lang='grc' dir='ltr'>ἀλλ’</span> 
     </span>
    </p>
   </div>
   <div class='ocr_carea' id='block_1_21' title="bbox 477 2245 2049 2329">
    <p class='ocr_par' dir='ltr' id='par_1_21' title="bbox 477 2245 2049 2329">
     <span class='ocr_line' id='line_1_21' title="bbox 477 2245 2049 2329; baseline 0.01 -33"><span class='ocrx_word' id='word_1_151' title='bbox 477 2245 647 2299; x_wconf 83' lang='grc' dir='ltr'>ἐδίδου</span> <span class='ocrx_word' id='word_1_152' title='bbox 672 2248 880 2320; x_wconf 80' lang='grc' dir='ltr'>τροφήν</span> <span class='ocrx_word' id='word_1_153' title='bbox 908 2251 1134 2321; x_wconf 87' lang='grc' dir='ltr'>στόματι</span> <span class='ocrx_word' id='word_1_154' title='bbox 1158 2251 1234 2322; x_wconf 86' lang='grc' dir='ltr'>τῷ</span> <span class='ocrx_word' id='word_1_155' title='bbox 1269 2255 1446 2307; x_wconf 75' lang='grc' dir='ltr'>πᾶσαν</span> <span class='ocrx_word' id='word_1_156' title='bbox 1469 2256 1640 2325; x_wconf 78' lang='grc' dir='ltr'>αὐτῆς</span> <span class='ocrx_word' id='word_1_157' title='bbox 1671 2257 2049 2329; x_wconf 75' lang='grc' dir='ltr'>δαπανήσαντι</span> 
     </span>
    </p>
   </div>
   <div class='ocr_carea' id='block_1_22' title="bbox 475 2335 2054 2417">
    <p class='ocr_par' dir='ltr' id='par_1_22' title="bbox 475 2335 2054 2417">
     <span class='ocr_line' id='line_1_22' title="bbox 475 2335 2054 2417; baseline 0.009 -30"><span class='ocrx_word' id='word_1_158' title='bbox 475 2335 579 2406; x_wconf 78' lang='grc' dir='ltr'>τὴν</span> <span class='ocrx_word' id='word_1_159' title='bbox 611 2338 834 2410; x_wconf 78' lang='grc' dir='ltr'>τροφὴν,</span> <span class='ocrx_word' id='word_1_160' title='bbox 868 2340 961 2393; x_wconf 75' lang='grc' dir='ltr'>καὶ</span> <span class='ocrx_word' id='word_1_161' title='bbox 995 2342 1086 2394; x_wconf 82' lang='grc' dir='ltr'>τὸν</span> <span class='ocrx_word' id='word_1_162' title='bbox 1115 2341 1286 2395; x_wconf 86' lang='grc' dir='ltr'>αῖτιον</span> <span class='ocrx_word' id='word_1_163' title='bbox 1315 2344 1406 2396; x_wconf 86' lang='grc' dir='ltr'>τοῦ</span> <span class='ocrx_word' id='word_1_164' title='bbox 1451 2345 1607 2416; x_wconf 91' lang='grc' dir='ltr'>λιμοῦ</span> <span class='ocrx_word' id='word_1_165' title='bbox 1635 2349 1749 2410; x_wconf 89' lang='grc' dir='ltr'>τοῖς</span> <span class='ocrx_word' id='word_1_166' title='bbox 1776 2347 2054 2417; x_wconf 74' lang='grc' dir='ltr'><strong>λειψάνοις</strong></span> 
     </span>
    </p>
   </div>
   <div class='ocr_carea' id='block_1_23' title="bbox 474 2424 2052 2508">
    <p class='ocr_par' dir='ltr' id='par_1_23' title="bbox 474 2424 2052 2508">
     <span class='ocr_line' id='line_1_23' title="bbox 474 2424 2052 2508; baseline 0.01 -31"><span class='ocrx_word' id='word_1_167' title='bbox 474 2424 668 2499; x_wconf 75' lang='grc' dir='ltr'>ἔτρεφε</span> <span class='ocrx_word' id='word_1_168' title='bbox 701 2429 796 2483; x_wconf 87' lang='grc' dir='ltr'>τοῦ</span> <span class='ocrx_word' id='word_1_169' title='bbox 845 2430 1024 2501; x_wconf 81' lang='grc' dir='ltr'>λιμοῦ.</span> <span class='ocrx_word' id='word_1_170' title='bbox 1052 2433 1152 2487; x_wconf 80' lang='grc' dir='ltr'>Διὰ</span> <span class='ocrx_word' id='word_1_171' title='bbox 1189 2433 1270 2499; x_wconf 82' lang='grc' dir='ltr'>σὲ,</span> <span class='ocrx_word' id='word_1_172' title='bbox 1299 2436 1482 2506; x_wconf 75' lang='grc' dir='ltr'>φησὶν,</span> <span class='ocrx_word' id='word_1_173' title='bbox 1527 2437 1558 2506; x_wconf 87' lang='grc' dir='ltr'>ή</span> <span class='ocrx_word' id='word_1_174' title='bbox 1607 2436 1794 2492; x_wconf 76' lang='grc' dir='ltr'>ἅπασά</span> <span class='ocrx_word' id='word_1_175' title='bbox 1829 2456 1920 2508; x_wconf 91' lang='grc' dir='ltr'>μοι</span> <span class='ocrx_word' id='word_1_176' title='bbox 1959 2457 2052 2492; x_wconf 86' lang='grc' dir='ltr'>πε-</span> 
     </span>
    </p>
   </div>
   <div class='ocr_carea' id='block_1_24' title="bbox 479 2521 2051 2598">
    <p class='ocr_par' dir='ltr' id='par_1_24' title="bbox 479 2521 2051 2598">
     <span class='ocr_line' id='line_1_24' title="bbox 479 2521 2051 2598; baseline 0.008 -27"><span class='ocrx_word' id='word_1_177' title='bbox 479 2521 691 2590; x_wconf 89' lang='grc' dir='ltr'>ριουσία</span> <span class='ocrx_word' id='word_1_178' title='bbox 731 2523 810 2585; x_wconf 88' lang='grc' dir='ltr'>είς</span> <span class='ocrx_word' id='word_1_179' title='bbox 845 2522 943 2594; x_wconf 81' lang='grc' dir='ltr'>τήν</span> <span class='ocrx_word' id='word_1_180' title='bbox 981 2524 1156 2594; x_wconf 84' lang='grc' dir='ltr'>δράκα</span> <span class='ocrx_word' id='word_1_181' title='bbox 1195 2526 1454 2596; x_wconf 79' lang='grc' dir='ltr'>περιέστη</span> <span class='ocrx_word' id='word_1_182' title='bbox 1490 2526 1725 2598; x_wconf 89' lang='grc' dir='ltr'>ταύτην·</span> <span class='ocrx_word' id='word_1_183' title='bbox 1767 2529 1883 2583; x_wconf 81' lang='grc' dir='ltr'>ἀλλ’</span> <span class='ocrx_word' id='word_1_184' title='bbox 1929 2531 2051 2584; x_wconf 76' lang='grc' dir='ltr'>οὐδὲ</span> 
     </span>
    </p>
   </div>
   <div class='ocr_carea' id='block_1_25' title="bbox 475 2615 2051 2694">
    <p class='ocr_par' dir='ltr' id='par_1_25' title="bbox 475 2615 2051 2694">
     <span class='ocr_line' id='line_1_25' title="bbox 475 2615 2051 2694; baseline 0.006 -25"><span class='ocrx_word' id='word_1_185' title='bbox 475 2615 574 2684; x_wconf 82' lang='grc' dir='ltr'>τῆς</span> <span class='ocrx_word' id='word_1_186' title='bbox 603 2615 803 2686; x_wconf 85' lang='grc' dir='ltr'>δρακὺς</span> <span class='ocrx_word' id='word_1_187' title='bbox 827 2615 1030 2687; x_wconf 83' lang='grc' dir='ltr'>ταύτης</span> <span class='ocrx_word' id='word_1_188' title='bbox 1062 2619 1312 2690; x_wconf 73' lang='grc' dir='ltr'>φείδομαι</span> <span class='ocrx_word' id='word_1_189' title='bbox 1340 2620 1428 2673; x_wconf 69' lang='grc' dir='ltr'>διὰ</span> <span class='ocrx_word' id='word_1_190' title='bbox 1457 2623 1536 2686; x_wconf 77' lang='grc' dir='ltr'>σὲ,</span> <span class='ocrx_word' id='word_1_191' title='bbox 1569 2622 1704 2676; x_wconf 79' lang='grc' dir='ltr'>ἀλλὰ</span> <span class='ocrx_word' id='word_1_192' title='bbox 1742 2624 1837 2678; x_wconf 66' lang='grc' dir='ltr'>καὶ</span> <span class='ocrx_word' id='word_1_193' title='bbox 1881 2626 2051 2694; x_wconf 84' lang='grc' dir='ltr'>ἐμαυ-</span> 
     </span>
    </p>
   </div>
   <div class='ocr_carea' id='block_1_26' title="bbox 474 2705 2048 2785">
    <p class='ocr_par' dir='ltr' id='par_1_26' title="bbox 474 2705 2048 2785">
     <span class='ocr_line' id='line_1_26' title="bbox 474 2705 2048 2785; baseline 0.007 -29"><span class='ocrx_word' id='word_1_194' title='bbox 474 2705 576 2775; x_wconf 84' lang='grc' dir='ltr'>τὴν</span> <span class='ocrx_word' id='word_1_195' title='bbox 619 2707 710 2760; x_wconf 70' lang='grc' dir='ltr'>καὶ</span> <span class='ocrx_word' id='word_1_196' title='bbox 739 2706 808 2760; x_wconf 83' lang='grc' dir='ltr'>τὰ</span> <span class='ocrx_word' id='word_1_197' title='bbox 849 2707 1034 2761; x_wconf 89' lang='grc' dir='ltr'>παιδία</span> <span class='ocrx_word' id='word_1_198' title='bbox 1065 2709 1314 2762; x_wconf 76' lang='grc' dir='ltr'>ἐπιδώσω</span> <span class='ocrx_word' id='word_1_199' title='bbox 1351 2711 1585 2782; x_wconf 84' lang='grc' dir='ltr'>θανάτῳ,</span> <span class='ocrx_word' id='word_1_200' title='bbox 1625 2713 1708 2766; x_wconf 83' lang='grc' dir='ltr'>ἵνα</span> <span class='ocrx_word' id='word_1_201' title='bbox 1747 2715 1833 2779; x_wconf 82' lang='grc' dir='ltr'>σὺ,</span> <span class='ocrx_word' id='word_1_202' title='bbox 1864 2717 2048 2785; x_wconf 71' lang='grc' dir='ltr'>φησιν,</span> 
     </span>
    </p>
   </div>
   <div class='ocr_carea' id='block_1_27' title="bbox 474 2794 2046 2874">
    <p class='ocr_par' dir='ltr' id='par_1_27' title="bbox 474 2794 2046 2874">
     <span class='ocr_line' id='line_1_27' title="bbox 474 2794 2046 2874; baseline 0.006 -28"><span class='ocrx_word' id='word_1_203' title='bbox 474 2795 504 2846; x_wconf 85' lang='lat'>6</span> <span class='ocrx_word' id='word_1_204' title='bbox 535 2794 634 2864; x_wconf 78' lang='grc' dir='ltr'>τῆς</span> <span class='ocrx_word' id='word_1_205' title='bbox 670 2797 1029 2868; x_wconf 85' lang='grc' dir='ltr'>στενοχωρίας</span> <span class='ocrx_word' id='word_1_206' title='bbox 1071 2797 1243 2862; x_wconf 81' lang='grc' dir='ltr'>αῖτιος</span> <span class='ocrx_word' id='word_1_207' title='bbox 1289 2799 1424 2868; x_wconf 79' lang='grc' dir='ltr'>μηδὲ</span> <span class='ocrx_word' id='word_1_208' title='bbox 1463 2801 1664 2874; x_wconf 74' lang='grc' dir='ltr'>μικρὰν</span> <span class='ocrx_word' id='word_1_209' title='bbox 1713 2803 1812 2874; x_wconf 83' lang='grc' dir='ltr'>τῆς</span> <span class='ocrx_word' id='word_1_210' title='bbox 1862 2821 2046 2858; x_wconf 83' lang='grc' dir='ltr'>στενο-</span> 
     </span>
    </p>
   </div>
   <div class='ocr_carea' id='block_1_28' title="bbox 476 2886 2050 2966">
    <p class='ocr_par' dir='ltr' id='par_1_28' title="bbox 476 2886 2050 2966">
     <span class='ocr_line' id='line_1_28' title="bbox 476 2886 2050 2966; baseline 0.008 -28"><span class='ocrx_word' id='word_1_211' title='bbox 476 2886 682 2957; x_wconf 89' lang='grc' dir='ltr'>χωρίας</span> <span class='ocrx_word' id='word_1_212' title='bbox 722 2887 971 2957; x_wconf 84' lang='grc' dir='ltr'>αἴσθησιν</span> <span class='ocrx_word' id='word_1_213' title='bbox 1021 2888 1210 2962; x_wconf 83' lang='grc' dir='ltr'>λάϐῃς.</span> <span class='ocrx_word' id='word_1_214' title='bbox 1255 2890 1423 2944; x_wconf 85' lang='grc' dir='ltr'>Ποίαν</span> <span class='ocrx_word' id='word_1_215' title='bbox 1454 2910 1537 2955; x_wconf 88' lang='grc' dir='ltr'>τις</span> <span class='ocrx_word' id='word_1_216' title='bbox 1577 2893 1882 2966; x_wconf 78' lang='grc' dir='ltr'>ὑπερϐολὴν</span> <span class='ocrx_word' id='word_1_217' title='bbox 1925 2897 2050 2950; x_wconf 81' lang='grc' dir='ltr'>ἐπι-</span> 
     </span>
    </p>
   </div>
   <div class='ocr_carea' id='block_1_29' title="bbox 473 2975 2046 3055">
    <p class='ocr_par' dir='ltr' id='par_1_29' title="bbox 473 2975 2046 3055">
     <span class='ocr_line' id='line_1_29' title="bbox 473 2975 2046 3055; baseline 0.009 -29"><span class='ocrx_word' id='word_1_218' title='bbox 473 2976 685 3044; x_wconf 86' lang='grc' dir='ltr'><strong>νοήσειε</strong></span> <span class='ocrx_word' id='word_1_219' title='bbox 719 2975 1018 3046; x_wconf 82' lang='grc' dir='ltr'>φιλοξενίας</span> <span class='ocrx_word' id='word_1_220' title='bbox 1059 2978 1281 3050; x_wconf 82' lang='grc' dir='ltr'>ἐτέραν;</span> <span class='ocrx_word' id='word_1_221' title='bbox 1329 2981 1442 3034; x_wconf 85' lang='grc' dir='ltr'>Ούκ</span> <span class='ocrx_word' id='word_1_222' title='bbox 1491 2981 1638 3035; x_wconf 79' lang='grc' dir='ltr'>ἔστιν</span> <span class='ocrx_word' id='word_1_223' title='bbox 1673 2984 1927 3055; x_wconf 72' lang='grc' dir='ltr'>οὐδεμίαν</span> <span class='ocrx_word' id='word_1_224' title='bbox 1954 2987 2046 3040; x_wconf 83' lang='grc' dir='ltr'>εύ-</span> 
     </span>
    </p>
   </div>
   <div class='ocr_carea' id='block_1_30' title="bbox 475 3062 2051 3145">
    <p class='ocr_par' dir='ltr' id='par_1_30' title="bbox 475 3062 2051 3145">
     <span class='ocr_line' id='line_1_30' title="bbox 475 3062 2051 3145; baseline 0.008 -26"><span class='ocrx_word' id='word_1_225' title='bbox 475 3069 610 3136; x_wconf 90' lang='grc' dir='ltr'>ρεῖν.</span> <span class='ocrx_word' id='word_1_226' title='bbox 652 3062 773 3120; x_wconf 84' lang='grc' dir='ltr'>Εἷδε</span> <span class='ocrx_word' id='word_1_227' title='bbox 805 3067 974 3135; x_wconf 80' lang='grc' dir='ltr'>ξένον,</span> <span class='ocrx_word' id='word_1_228' title='bbox 1003 3070 1096 3123; x_wconf 74' lang='grc' dir='ltr'>καὶ</span> <span class='ocrx_word' id='word_1_229' title='bbox 1124 3070 1221 3141; x_wconf 81' lang='grc' dir='ltr'>τῆς</span> <span class='ocrx_word' id='word_1_230' title='bbox 1257 3069 1472 3140; x_wconf 87' lang='grc' dir='ltr'>φύσεως</span> <span class='ocrx_word' id='word_1_231' title='bbox 1505 3073 1707 3139; x_wconf 81' lang='grc' dir='ltr'>εὐθέως</span> <span class='ocrx_word' id='word_1_232' title='bbox 1737 3077 2051 3145; x_wconf 84' lang='grc' dir='ltr'>ἐπελάθετο,</span> 
     </span>
    </p>
   </div>
   <div class='ocr_carea' id='block_1_31' title="bbox 473 3159 2052 3234">
    <p class='ocr_par' dir='ltr' id='par_1_31' title="bbox 473 3159 2052 3234">
     <span class='ocr_line' id='line_1_31' title="bbox 473 3159 2052 3234; baseline 0.007 -22"><span class='ocrx_word' id='word_1_233' title='bbox 473 3159 568 3213; x_wconf 81' lang='grc' dir='ltr'>καὶ</span> <span class='ocrx_word' id='word_1_234' title='bbox 603 3159 703 3224; x_wconf 81' lang='grc' dir='ltr'>τὰς</span> <span class='ocrx_word' id='word_1_235' title='bbox 743 3161 938 3224; x_wconf 83' lang='grc' dir='ltr'>ὠδῖνας</span> <span class='ocrx_word' id='word_1_236' title='bbox 982 3162 1238 3232; x_wconf 83' lang='grc' dir='ltr'>ήγνόησε,</span> <span class='ocrx_word' id='word_1_237' title='bbox 1268 3164 1362 3216; x_wconf 74' lang='grc' dir='ltr'>καὶ</span> <span class='ocrx_word' id='word_1_238' title='bbox 1411 3163 1547 3234; x_wconf 79' lang='grc' dir='ltr'>πρὸς</span> <span class='ocrx_word' id='word_1_239' title='bbox 1588 3167 1679 3219; x_wconf 77' lang='grc' dir='ltr'>τὸν</span> <span class='ocrx_word' id='word_1_240' title='bbox 1708 3167 1814 3220; x_wconf 88' lang='grc' dir='ltr'>τῶν</span> <span class='ocrx_word' id='word_1_241' title='bbox 1849 3169 2052 3222; x_wconf 82' lang='grc' dir='ltr'>παίδων</span> 
     </span>
    </p>
   </div>
   <div class='ocr_carea' id='block_1_32' title="bbox 473 3249 2046 3330">
    <p class='ocr_par' dir='ltr' id='par_1_32' title="bbox 473 3249 2046 3330">
     <span class='ocr_line' id='line_1_32' title="bbox 473 3249 2046 3330; baseline 0.006 -27"><span class='ocrx_word' id='word_1_242' title='bbox 473 3249 744 3321; x_wconf 75' lang='grc' dir='ltr'>βλέπουσα</span> <span class='ocrx_word' id='word_1_243' title='bbox 774 3252 954 3324; x_wconf 77' lang='grc' dir='ltr'>χορὸν,</span> <span class='ocrx_word' id='word_1_244' title='bbox 977 3253 1039 3305; x_wconf 83' lang='grc' dir='ltr'>ού</span> <span class='ocrx_word' id='word_1_245' title='bbox 1073 3254 1436 3324; x_wconf 80' lang='grc' dir='ltr'>κατεκλάσθη.</span> <span class='ocrx_word' id='word_1_246' title='bbox 1466 3256 1576 3309; x_wconf 74' lang='grc' dir='ltr'>Καὶ</span> <span class='ocrx_word' id='word_1_247' title='bbox 1601 3251 1717 3310; x_wconf 78' lang='grc' dir='ltr'>οἶδα</span> <span class='ocrx_word' id='word_1_248' title='bbox 1751 3259 1849 3330; x_wconf 84' lang='grc' dir='ltr'>μὲν</span> <span class='ocrx_word' id='word_1_249' title='bbox 1880 3260 2046 3312; x_wconf 86' lang='grc' dir='ltr'>ἀκού-</span> 
     </span>
    </p>
   </div>
   <div class='ocr_carea' id='block_1_33' title="bbox 473 3339 2053 3418">
    <p class='ocr_par' dir='ltr' id='par_1_33' title="bbox 473 3339 2053 3418">
     <span class='ocr_line' id='line_1_33' title="bbox 473 3339 2053 3418; baseline 0.008 -28"><span class='ocrx_word' id='word_1_250' title='bbox 473 3355 572 3402; x_wconf 86' lang='grc' dir='ltr'><strong>σας</strong></span> <span class='ocrx_word' id='word_1_251' title='bbox 611 3339 869 3404; x_wconf 82' lang='grc' dir='ltr'>πολλάκις</span> <span class='ocrx_word' id='word_1_252' title='bbox 902 3340 1166 3408; x_wconf 87' lang='grc' dir='ltr'>λεγόντων</span> <span class='ocrx_word' id='word_1_253' title='bbox 1191 3342 1420 3408; x_wconf 84' lang='grc' dir='ltr'>πολλῶν,</span> <span class='ocrx_word' id='word_1_254' title='bbox 1460 3345 1542 3398; x_wconf 85' lang='grc' dir='ltr'>ὅτι</span> <span class='ocrx_word' id='word_1_255' title='bbox 1575 3346 1632 3401; x_wconf 85' lang='grc' dir='ltr'>Ὀ</span> <span class='ocrx_word' id='word_1_256' title='bbox 1651 3345 1799 3402; x_wconf 89' lang='grc' dir='ltr'>δεῖνα</span> <span class='ocrx_word' id='word_1_257' title='bbox 1839 3349 2053 3418; x_wconf 82' lang='grc' dir='ltr'>πτωχὸν</span> 
     </span>
    </p>
   </div>
   <div class='ocr_carea' id='block_1_34' title="bbox 473 3429 2042 3507">
    <p class='ocr_par' dir='ltr' id='par_1_34' title="bbox 473 3429 2042 3507">
     <span class='ocr_line' id='line_1_34' title="bbox 473 3429 2042 3507; baseline 0.007 -26"><span class='ocrx_word' id='word_1_258' title='bbox 473 3429 616 3494; x_wconf 78' lang='grc' dir='ltr'>ἰδὼν,</span> <span class='ocrx_word' id='word_1_259' title='bbox 638 3431 729 3484; x_wconf 89' lang='grc' dir='ltr'>τὺν</span> <span class='ocrx_word' id='word_1_260' title='bbox 760 3432 1098 3501; x_wconf 86' lang='grc' dir='ltr'>χιτωνίσκον,</span> <span class='ocrx_word' id='word_1_261' title='bbox 1118 3433 1178 3484; x_wconf 83' lang='grc' dir='ltr'>ὃν</span> <span class='ocrx_word' id='word_1_262' title='bbox 1210 3434 1596 3506; x_wconf 85' lang='grc' dir='ltr'>περιεϐέϐλητο</span> <span class='ocrx_word' id='word_1_263' title='bbox 1629 3438 1812 3507; x_wconf 89' lang='grc' dir='ltr'>μόνον,</span> <span class='ocrx_word' id='word_1_264' title='bbox 1854 3439 2042 3492; x_wconf 86' lang='grc' dir='ltr'>τοῦτον</span> 
     </span>
    </p>
   </div>
   <div class='ocr_carea' id='block_1_35' title="bbox 469 3521 2048 3600">
    <p class='ocr_par' dir='ltr' id='par_1_35' title="bbox 469 3521 2048 3600">
     <span class='ocr_line' id='line_1_35' title="bbox 469 3521 2048 3600; baseline 0.006 -26"><span class='ocrx_word' id='word_1_265' title='bbox 469 3521 892 3592; x_wconf 80' lang='grc' dir='ltr'>ἀποδυσάμενος.</span> <span class='ocrx_word' id='word_1_266' title='bbox 920 3522 1010 3574; x_wconf 84' lang='grc' dir='ltr'>τὸν</span> <span class='ocrx_word' id='word_1_267' title='bbox 1038 3523 1241 3592; x_wconf 78' lang='grc' dir='ltr'>γυμνὸν</span> <span class='ocrx_word' id='word_1_268' title='bbox 1271 3525 1614 3594; x_wconf 88' lang='grc' dir='ltr'>περιέϐαλεν,</span> <span class='ocrx_word' id='word_1_269' title='bbox 1639 3528 1803 3591; x_wconf 79' lang='grc' dir='ltr'>αὐτὸς</span> <span class='ocrx_word' id='word_1_270' title='bbox 1835 3529 1890 3582; x_wconf 80' lang='grc' dir='ltr'>δὲ</span> <span class='ocrx_word' id='word_1_271' title='bbox 1921 3531 2048 3600; x_wconf 80' lang='grc' dir='ltr'>παρ’</span> 
     </span>
    </p>
   </div>
   <div class='ocr_carea' id='block_1_36' title="bbox 469 3611 2050 3687">
    <p class='ocr_par' dir='ltr' id='par_1_36' title="bbox 469 3611 2050 3687">
     <span class='ocr_line' id='line_1_36' title="bbox 469 3611 2050 3687; baseline 0.005 -21"><span class='ocrx_word' id='word_1_272' title='bbox 469 3612 658 3682; x_wconf 74' lang='grc' dir='ltr'>ἑτέρου</span> <span class='ocrx_word' id='word_1_273' title='bbox 711 3611 1091 3680; x_wconf 74' lang='grc' dir='ltr'>δανεισάμενος</span> <span class='ocrx_word' id='word_1_274' title='bbox 1154 3612 1386 3683; x_wconf 86' lang='grc' dir='ltr'>ἱμάτιον,</span> <span class='ocrx_word' id='word_1_275' title='bbox 1436 3614 1608 3679; x_wconf 79' lang='grc' dir='ltr'>οὕτως</span> <span class='ocrx_word' id='word_1_276' title='bbox 1666 3617 1913 3687; x_wconf 82' lang='grc' dir='ltr'>ἀπῆλθε·</span> <span class='ocrx_word' id='word_1_277' title='bbox 1955 3620 2050 3673; x_wconf 79' lang='grc' dir='ltr'>καὶ</span> 
     </span>
    </p>
   </div>
   <div class='ocr_carea' id='block_1_37' title="bbox 472 3700 2050 3782">
    <p class='ocr_par' dir='ltr' id='par_1_37' title="bbox 472 3700 2050 3782">
     <span class='ocr_line' id='line_1_37' title="bbox 472 3700 2050 3782; baseline 0.006 -28"><span class='ocrx_word' id='word_1_278' title='bbox 472 3703 616 3772; x_wconf 89' lang='grc' dir='ltr'>μέγα</span> <span class='ocrx_word' id='word_1_279' title='bbox 645 3702 790 3767; x_wconf 75' lang='grc' dir='ltr'>ἔδοξε</span> <span class='ocrx_word' id='word_1_280' title='bbox 823 3703 980 3757; x_wconf 90' lang='grc' dir='ltr'>τοῦτο</span> <span class='ocrx_word' id='word_1_281' title='bbox 1019 3700 1156 3757; x_wconf 81' lang='grc' dir='ltr'>εἶναι</span> <span class='ocrx_word' id='word_1_282' title='bbox 1187 3706 1280 3758; x_wconf 63' lang='grc' dir='ltr'>καὶ¹</span> <span class='ocrx_word' id='word_1_283' title='bbox 1313 3706 1647 3777; x_wconf 86' lang='grc' dir='ltr'>θαυμαστόν.</span> <span class='ocrx_word' id='word_1_284' title='bbox 1674 3709 1784 3762; x_wconf 79' lang='grc' dir='ltr'>Καὶ</span> <span class='ocrx_word' id='word_1_285' title='bbox 1821 3711 1930 3782; x_wconf 79' lang='grc' dir='ltr'>γὰρ</span> <span class='ocrx_word' id='word_1_286' title='bbox 1965 3712 2050 3764; x_wconf 79' lang='grc' dir='ltr'>ὃν·</span> 
     </span>
    </p>
   </div>
   <div class='ocr_carea' id='block_1_38' title="bbox 468 3795 2050 3870">
    <p class='ocr_par' dir='ltr' id='par_1_38' title="bbox 468 3795 2050 3870">
     <span class='ocr_line' id='line_1_38' title="bbox 468 3795 2050 3870; baseline 0.006 -22"><span class='ocrx_word' id='word_1_287' title='bbox 468 3812 578 3859; x_wconf 89' lang='grc' dir='ltr'>τως</span> <span class='ocrx_word' id='word_1_288' title='bbox 604 3796 722 3849; x_wconf 74' lang='grc' dir='ltr'>ἐστὶ</span> <span class='ocrx_word' id='word_1_289' title='bbox 751 3795 921 3865; x_wconf 82' lang='grc' dir='ltr'>μέγα·</span> <span class='ocrx_word' id='word_1_290' title='bbox 962 3796 1022 3849; x_wconf 83' lang='grc' dir='ltr'>τὸ</span> <span class='ocrx_word' id='word_1_291' title='bbox 1047 3796 1104 3849; x_wconf 75' lang='grc' dir='ltr'>δὲ</span> <span class='ocrx_word' id='word_1_292' title='bbox 1149 3798 1245 3868; x_wconf 81' lang='grc' dir='ltr'>τῆς</span> <span class='ocrx_word' id='word_1_293' title='bbox 1285 3801 1460 3870; x_wconf 85' lang='grc' dir='ltr'>χήρας</span> <span class='ocrx_word' id='word_1_294' title='bbox 1498 3799 1702 3870; x_wconf 82' lang='grc' dir='ltr'>ταύτης</span> <span class='ocrx_word' id='word_1_295' title='bbox 1746 3803 1879 3856; x_wconf 79' lang='grc' dir='ltr'>πολὺ</span> <span class='ocrx_word' id='word_1_296' title='bbox 1924 3803 2050 3856; x_wconf 86' lang='grc' dir='ltr'>τού-</span> 
     </span>
    </p>
   </div>
   <div class='ocr_carea' id='block_1_39' title="bbox 468 3889 2047 3964">
    <p class='ocr_par' dir='ltr' id='par_1_39' title="bbox 468 3889 2047 3964">
     <span class='ocr_line' id='line_1_39' title="bbox 468 3889 2047 3964; baseline 0.006 -24"><span class='ocrx_word' id='word_1_297' title='bbox 468 3905 563 3941; x_wconf 87' lang='grc' dir='ltr'>του</span> <span class='ocrx_word' id='word_1_298' title='bbox 598 3889 801 3959; x_wconf 77' lang='grc' dir='ltr'>μεῖζον.</span> <span class='ocrx_word' id='word_1_299' title='bbox 839 3889 1076 3952; x_wconf 83' lang='grc' dir='ltr'>Ἐκεῖνος</span> <span class='ocrx_word' id='word_1_300' title='bbox 1108 3890 1205 3960; x_wconf 81' lang='grc' dir='ltr'>μὲν</span> <span class='ocrx_word' id='word_1_301' title='bbox 1236 3891 1344 3962; x_wconf 74' lang='grc' dir='ltr'>γάρ</span> <span class='ocrx_word' id='word_1_302' title='bbox 1375 3891 1568 3944; x_wconf 83' lang='grc' dir='ltr'>ἐαυτὸν</span> <span class='ocrx_word' id='word_1_303' title='bbox 1601 3893 1919 3964; x_wconf 81' lang='grc' dir='ltr'>γυμνώσας,</span> <span class='ocrx_word' id='word_1_304' title='bbox 1950 3897 2047 3950; x_wconf 76' lang='grc' dir='ltr'>καὶ</span> 
     </span>
    </p>
   </div>
   <div class='ocr_carea' id='block_1_40' title="bbox 468 3979 2048 4056">
    <p class='ocr_par' dir='ltr' id='par_1_40' title="bbox 468 3979 2048 4056">
     <span class='ocr_line' id='line_1_40' title="bbox 468 3979 2048 4056; baseline 0.004 -23"><span class='ocrx_word' id='word_1_305' title='bbox 468 3979 561 4034; x_wconf 81' lang='grc' dir='ltr'>τὸν</span> <span class='ocrx_word' id='word_1_306' title='bbox 587 3981 795 4052; x_wconf 81' lang='grc' dir='ltr'>γυμνὸν</span> <span class='ocrx_word' id='word_1_307' title='bbox 821 3980 1153 4053; x_wconf 85' lang='grc' dir='ltr'>περιϐαλὼν,</span> <span class='ocrx_word' id='word_1_308' title='bbox 1181 3979 1306 4051; x_wconf 77' lang='grc' dir='ltr'>ἔσχε</span> <span class='ocrx_word' id='word_1_309' title='bbox 1341 3983 1470 4053; x_wconf 83' lang='grc' dir='ltr'>παρ’</span> <span class='ocrx_word' id='word_1_310' title='bbox 1494 3982 1682 4055; x_wconf 83' lang='grc' dir='ltr'>ἐτέρου</span> <span class='ocrx_word' id='word_1_311' title='bbox 1709 3984 1892 4038; x_wconf 89' lang='grc' dir='ltr'>λαϐεῖν</span> <span class='ocrx_word' id='word_1_312' title='bbox 1922 3986 2048 4056; x_wconf 87' lang='grc' dir='ltr'>ἱμά-</span> 
     </span>
    </p>
   </div>
   <div class='ocr_carea' id='block_1_41' title="bbox 465 4072 2046 4149">
    <p class='ocr_par' dir='ltr' id='par_1_41' title="bbox 465 4072 2046 4149">
     <span class='ocr_line' id='line_1_41' title="bbox 465 4072 2046 4149; baseline 0.003 -23"><span class='ocrx_word' id='word_1_313' title='bbox 465 4090 616 4126; x_wconf 89' lang='grc' dir='ltr'>τιον·</span> <span class='ocrx_word' id='word_1_314' title='bbox 653 4074 793 4144; x_wconf 82' lang='grc' dir='ltr'>αῦτη</span> <span class='ocrx_word' id='word_1_315' title='bbox 831 4072 1013 4144; x_wconf 81' lang='grc' dir='ltr'>δὲτὴν</span> <span class='ocrx_word' id='word_1_316' title='bbox 1051 4073 1228 4144; x_wconf 85' lang='grc' dir='ltr'>δράκα</span> <span class='ocrx_word' id='word_1_317' title='bbox 1258 4073 1408 4144; x_wconf 76' lang='grc'>[556]</span> <span class='ocrx_word' id='word_1_318' title='bbox 1453 4073 1548 4126; x_wconf 92' lang='grc' dir='ltr'>τοῦ</span> <span class='ocrx_word' id='word_1_319' title='bbox 1593 4074 1825 4146; x_wconf 75' lang='grc' dir='ltr'>ἀλεύρου</span> <span class='ocrx_word' id='word_1_320' title='bbox 1857 4082 2046 4149; x_wconf 84' lang='grc' dir='ltr'>προϊε-</span> 
     </span>
    </p>
   </div>
   <div class='ocr_carea' id='block_1_42' title="bbox 469 4165 2046 4242">
    <p class='ocr_par' dir='ltr' id='par_1_42' title="bbox 469 4165 2046 4242">
     <span class='ocr_line' id='line_1_42' title="bbox 469 4165 2046 4242; baseline 0.005 -25"><span class='ocrx_word' id='word_1_321' title='bbox 469 4165 631 4236; x_wconf 85' lang='grc' dir='ltr'>μένη,</span> <span class='ocrx_word' id='word_1_322' title='bbox 667 4165 768 4219; x_wconf 82' lang='grc' dir='ltr'>οὐκ</span> <span class='ocrx_word' id='word_1_323' title='bbox 806 4165 994 4236; x_wconf 75' lang='grc' dir='ltr'>ἴσχυσε</span> <span class='ocrx_word' id='word_1_324' title='bbox 1034 4165 1212 4236; x_wconf 84' lang='grc' dir='ltr'>δράκα</span> <span class='ocrx_word' id='word_1_325' title='bbox 1254 4165 1447 4235; x_wconf 80' lang='grc' dir='ltr'>ἑτέραν</span> <span class='ocrx_word' id='word_1_326' title='bbox 1483 4166 1701 4220; x_wconf 89' lang='grc' dir='ltr'>λαϐεῖν·</span> <span class='ocrx_word' id='word_1_327' title='bbox 1734 4169 1853 4222; x_wconf 79' lang='grc' dir='ltr'>οὐδὲ</span> <span class='ocrx_word' id='word_1_328' title='bbox 1887 4171 2046 4242; x_wconf 85' lang='grc' dir='ltr'>μέχρι</span> 
     </span>
    </p>
   </div>
   <div class='ocr_carea' id='block_1_43' title="bbox 468 4253 2047 4331">
    <p class='ocr_par' dir='ltr' id='par_1_43' title="bbox 468 4253 2047 4331">
     <span class='ocr_line' id='line_1_43' title="bbox 468 4253 2047 4331; baseline 0.005 -23"><span class='ocrx_word' id='word_1_329' title='bbox 468 4257 808 4329; x_wconf 85' lang='grc' dir='ltr'>γυμνότητος</span> <span class='ocrx_word' id='word_1_330' title='bbox 853 4253 922 4329; x_wconf 77' lang='grc' dir='ltr'>ἦν</span> <span class='ocrx_word' id='word_1_331' title='bbox 965 4259 995 4311; x_wconf 83' lang='lat'>6</span> <span class='ocrx_word' id='word_1_332' title='bbox 1027 4257 1266 4321; x_wconf 86' lang='grc' dir='ltr'>κίνδυνος</span> <span class='ocrx_word' id='word_1_333' title='bbox 1312 4259 1488 4329; x_wconf 80' lang='grc' dir='ltr'>αὐτῇ,</span> <span class='ocrx_word' id='word_1_334' title='bbox 1538 4258 1674 4313; x_wconf 81' lang='grc' dir='ltr'>ἀλλὰ</span> <span class='ocrx_word' id='word_1_335' title='bbox 1712 4262 1829 4331; x_wconf 86' lang='grc' dir='ltr'>μετ’</span> <span class='ocrx_word' id='word_1_336' title='bbox 1870 4263 2047 4317; x_wconf 82' lang='grc' dir='ltr'>ἐκεῖνο</span> 
     </span>
    </p>
   </div>
   <div class='ocr_carea' id='block_1_44' title="bbox 468 4349 2038 4422">
    <p class='ocr_par' dir='ltr' id='par_1_44' title="bbox 468 4349 2038 4422">
     <span class='ocr_line' id='line_1_44' title="bbox 468 4349 2038 4422; baseline 0.003 -21"><span class='ocrx_word' id='word_1_337' title='bbox 468 4349 696 4415; x_wconf 84' lang='grc' dir='ltr'>θάνατος</span> <span class='ocrx_word' id='word_1_338' title='bbox 745 4351 1110 4422; x_wconf 80' lang='grc' dir='ltr'>προσεδοκᾶτο</span> <span class='ocrx_word' id='word_1_339' title='bbox 1169 4349 1262 4404; x_wconf 72' lang='grc' dir='ltr'>καὶ</span> <span class='ocrx_word' id='word_1_340' title='bbox 1309 4351 1477 4420; x_wconf 76' lang='grc' dir='ltr'>αὐτῆς</span> <span class='ocrx_word' id='word_1_341' title='bbox 1529 4351 1623 4405; x_wconf 76' lang='grc' dir='ltr'>καὶ</span> <span class='ocrx_word' id='word_1_342' title='bbox 1659 4351 1768 4404; x_wconf 89' lang='grc' dir='ltr'>τῶν</span> <span class='ocrx_word' id='word_1_343' title='bbox 1816 4351 2038 4406; x_wconf 84' lang='grc' dir='ltr'>παίδων.</span> 
     </span>
    </p>
   </div>
   <div class='ocr_carea' id='block_1_45' title="bbox 464 4437 2040 4515">
    <p class='ocr_par' dir='ltr' id='par_1_45' title="bbox 464 4437 2040 4515">
     <span class='ocr_line' id='line_1_45' title="bbox 464 4437 2040 4515; baseline 0.001 -20"><span class='ocrx_word' id='word_1_344' title='bbox 464 4442 640 4495; x_wconf 81' lang='grc' dir='ltr'>Ὅταν</span> <span class='ocrx_word' id='word_1_345' title='bbox 676 4437 770 4497; x_wconf 88' lang='grc' dir='ltr'>οῦν</span> <span class='ocrx_word' id='word_1_346' title='bbox 811 4445 946 4514; x_wconf 83' lang='grc' dir='ltr'>μήτε</span> <span class='ocrx_word' id='word_1_347' title='bbox 990 4443 1202 4506; x_wconf 88' lang='grc' dir='ltr'>πενίας,</span> <span class='ocrx_word' id='word_1_348' title='bbox 1253 4443 1392 4512; x_wconf 88' lang='grc' dir='ltr'>μήτε</span> <span class='ocrx_word' id='word_1_349' title='bbox 1424 4442 1813 4515; x_wconf 76' lang='grc' dir='ltr'>παιδοτροφίας</span> <span class='ocrx_word' id='word_1_350' title='bbox 1845 4445 2040 4514; x_wconf 76' lang='grc' dir='ltr'>ἐπιμέο</span> 
     </span>
    </p>
   </div>
   <div class='ocr_carea' id='block_1_46' title="bbox 467 4531 2044 4606">
    <p class='ocr_par' dir='ltr' id='par_1_46' title="bbox 467 4531 2044 4606">
     <span class='ocr_line' id='line_1_46' title="bbox 467 4531 2044 4606; baseline 0.004 -23"><span class='ocrx_word' id='word_1_351' title='bbox 467 4531 584 4584; x_wconf 90' lang='grc' dir='ltr'>λεια</span> <span class='ocrx_word' id='word_1_352' title='bbox 634 4532 880 4606; x_wconf 82' lang='grc' dir='ltr'>κωλύσῃ,</span> <span class='ocrx_word' id='word_1_353' title='bbox 930 4534 1068 4604; x_wconf 83' lang='grc' dir='ltr'>μήτε</span> <span class='ocrx_word' id='word_1_354' title='bbox 1117 4532 1274 4604; x_wconf 82' lang='grc' dir='ltr'>λιμὸς</span> <span class='ocrx_word' id='word_1_355' title='bbox 1310 4533 1573 4604; x_wconf 86' lang='grc' dir='ltr'>χαλεπὸς,</span> <span class='ocrx_word' id='word_1_356' title='bbox 1625 4535 1764 4606; x_wconf 86' lang='grc' dir='ltr'>μήτε</span> <span class='ocrx_word' id='word_1_357' title='bbox 1801 4537 2044 4606; x_wconf 83' lang='grc' dir='ltr'>πτωχεία</span> 
     </span>
    </p>
   </div>
   <div class='ocr_carea' id='block_1_47' title="bbox 466 4623 2043 4697">
    <p class='ocr_par' dir='ltr' id='par_1_47' title="bbox 466 4623 2043 4697">
     <span class='ocr_line' id='line_1_47' title="bbox 466 4623 2043 4697; baseline 0.003 -22"><span class='ocrx_word' id='word_1_358' title='bbox 466 4623 703 4694; x_wconf 80' lang='grc' dir='ltr'>τοσαύτη</span> <span class='ocrx_word' id='word_1_359' title='bbox 727 4662 742 4687; x_wconf 90' lang='grc'>,</span> <span class='ocrx_word' id='word_1_360' title='bbox 816 4625 956 4695; x_wconf 90' lang='grc' dir='ltr'>μήτε</span> <span class='ocrx_word' id='word_1_361' title='bbox 1037 4625 1266 4688; x_wconf 85' lang='grc' dir='ltr'>Θάνατος</span> <span class='ocrx_word' id='word_1_362' title='bbox 1341 4624 1825 4697; x_wconf 86' lang='grc' dir='ltr'>προσδοκώμενος,</span> <span class='ocrx_word' id='word_1_363' title='bbox 1886 4629 2043 4682; x_wconf 89' lang='grc' dir='ltr'>ποίαν</span> 
     </span>
    </p>
   </div>
   <div class='ocr_carea' id='block_1_48' title="bbox 464 4711 2042 4798">
    <p class='ocr_par' dir='ltr' id='par_1_48' title="bbox 464 4711 2042 4798">
     <span class='ocr_line' id='line_1_48' title="bbox 464 4711 2042 4798; baseline 0.003 -32"><span class='ocrx_word' id='word_1_364' title='bbox 464 4713 660 4783; x_wconf 70' lang='grc' dir='ltr'>ἕξομεν</span> <span class='ocrx_word' id='word_1_365' title='bbox 691 4713 985 4781; x_wconf 75' lang='grc' dir='ltr'>ἀπολογίαν</span> <span class='ocrx_word' id='word_1_366' title='bbox 1013 4715 1062 4766; x_wconf 71' lang='lat' dir='ltr'>oi</span> <span class='ocrx_word' id='word_1_367' title='bbox 1105 4711 1357 4786; x_wconf 77' lang='grc' dir='ltr'>εῦποροις</span> <span class='ocrx_word' id='word_1_368' title='bbox 1389 4714 1547 4768; x_wconf 89' lang='grc' dir='ltr'>ποίαν</span> <span class='ocrx_word' id='word_1_369' title='bbox 1575 4718 1623 4768; x_wconf 86' lang='grc' dir='ltr'>οἱ</span> <span class='ocrx_word' id='word_1_370' title='bbox 1660 4716 1922 4798; x_wconf 47' lang='grc' dir='ltr'>πένητεςλ</span> <span class='ocrx_word' id='word_1_371' title='bbox 1954 4722 2001 4771; x_wconf 88' lang='grc' dir='ltr'><strong><em>Ζ</em></strong></span> <span class='ocrx_word' id='word_1_372' title='bbox 2008 4717 2042 4787; x_wconf 70' lang='grc' dir='ltr'><em>ᾔ</em></span> 
     </span>
    </p>
   </div>
   <div class='ocr_carea' id='block_1_49' title="bbox 466 4801 2042 4877">
    <p class='ocr_par' dir='ltr' id='par_1_49' title="bbox 466 4801 2042 4877">
     <span class='ocr_line' id='line_1_49' title="bbox 466 4801 2042 4877; baseline 0.003 -20"><span class='ocrx_word' id='word_1_373' title='bbox 466 4804 684 4870; x_wconf 78' lang='grc' dir='ltr'>Κύριος</span> <span class='ocrx_word' id='word_1_374' title='bbox 721 4807 754 4857; x_wconf 84' lang='grc' dir='ltr'><em>ὁ</em></span> <span class='ocrx_word' id='word_1_375' title='bbox 790 4804 933 4869; x_wconf 76' lang='grc' dir='ltr'>Θεός</span> <span class='ocrx_word' id='word_1_376' title='bbox 966 4818 1102 4867; x_wconf 86' lang='grc' dir='ltr'>σου,</span> <span class='ocrx_word' id='word_1_377' title='bbox 1133 4807 1184 4859; x_wconf 83' lang='grc' dir='ltr'>εὶ</span> <span class='ocrx_word' id='word_1_378' title='bbox 1229 4805 1362 4860; x_wconf 75' lang='grc' dir='ltr'>ἐστι</span> <span class='ocrx_word' id='word_1_379' title='bbox 1388 4823 1491 4875; x_wconf 83' lang='grc' dir='ltr'>μοι</span> <span class='ocrx_word' id='word_1_380' title='bbox 1521 4801 1870 4877; x_wconf 63' lang='grc' dir='ltr'>ἐγκρυφίας,</span> <span class='ocrx_word' id='word_1_381' title='bbox 1901 4809 2042 4862; x_wconf 71' lang='grc' dir='ltr'>ἀλλ’</span> 
     </span>
    </p>
   </div>
   <div class='ocr_carea' id='block_1_50' title="bbox 465 4895 2044 4966">
    <p class='ocr_par' dir='ltr' id='par_1_50' title="bbox 465 4895 2044 4966">
     <span class='ocr_line' id='line_1_50' title="bbox 465 4895 2044 4966; baseline 0.003 -18"><span class='ocrx_word' id='word_1_382' title='bbox 465 4895 506 4964; x_wconf 73' lang='grc' dir='ltr'><strong>ἢ</strong></span> <span class='ocrx_word' id='word_1_383' title='bbox 559 4895 708 4950; x_wconf 80' lang='grc' dir='ltr'>ὅσον</span> <span class='ocrx_word' id='word_1_384' title='bbox 735 4895 884 4965; x_wconf 75' lang='grc' dir='ltr'>δρειξ</span> <span class='ocrx_word' id='word_1_385' title='bbox 930 4897 1188 4965; x_wconf 72' lang='grc' dir='ltr'>ἀλεύρου</span> <span class='ocrx_word' id='word_1_386' title='bbox 1237 4896 1309 4950; x_wconf 71' lang='grc' dir='ltr'>ἐν</span> <span class='ocrx_word' id='word_1_387' title='bbox 1339 4897 1414 4965; x_wconf 81' lang='grc' dir='ltr'>τῇ</span> <span class='ocrx_word' id='word_1_388' title='bbox 1459 4897 1654 4965; x_wconf 80' lang='grc' dir='ltr'>ὑδρίᾳ,</span> <span class='ocrx_word' id='word_1_389' title='bbox 1689 4898 1786 4953; x_wconf 80' lang='grc' dir='ltr'>καὶ</span> <span class='ocrx_word' id='word_1_390' title='bbox 1835 4899 2044 4966; x_wconf 72' lang='grc' dir='ltr'>ὀλίγον</span> 
     </span>
    </p>
   </div>
   <div class='ocr_carea' id='block_1_51' title="bbox 463 4986 2036 5060">
    <p class='ocr_par' dir='ltr' id='par_1_51' title="bbox 463 4986 2036 5060">
     <span class='ocr_line' id='line_1_51' title="bbox 463 4986 2036 5060; baseline 0.001 -17"><span class='ocrx_word' id='word_1_391' title='bbox 463 4989 674 5044; x_wconf 66' lang='grc' dir='ltr'>ἔλαιον</span> <span class='ocrx_word' id='word_1_392' title='bbox 703 4990 773 5043; x_wconf 78' lang='grc' dir='ltr'>ἐν</span> <span class='ocrx_word' id='word_1_393' title='bbox 813 4986 892 5054; x_wconf 83' lang='grc' dir='ltr'>τῷ</span> <span class='ocrx_word' id='word_1_394' title='bbox 940 4989 1256 5057; x_wconf 70' lang='grc' dir='ltr'>καμψιίκῃ·</span> <span class='ocrx_word' id='word_1_395' title='bbox 1291 4989 1388 5042; x_wconf 82' lang='grc' dir='ltr'>καὶ</span> <span class='ocrx_word' id='word_1_396' title='bbox 1440 4989 1570 5043; x_wconf 81' lang='grc' dir='ltr'>ἰδοὺ</span> <span class='ocrx_word' id='word_1_397' title='bbox 1608 4991 1887 5060; x_wconf 73' lang='grc' dir='ltr'>συλλέγω</span> <span class='ocrx_word' id='word_1_398' title='bbox 1925 4990 2036 5046; x_wconf 77' lang='grc' dir='ltr'>δύο</span> 
     </span>
    </p>
   </div>
   <div class='ocr_carea' id='block_1_52' title="bbox 465 5080 2038 5150">
    <p class='ocr_par' dir='ltr' id='par_1_52' title="bbox 465 5080 2038 5150">
     <span class='ocr_line' id='line_1_52' title="bbox 465 5080 2038 5150; baseline 0.002 -15"><span class='ocrx_word' id='word_1_399' title='bbox 465 5080 751 5150; x_wconf 74' lang='grc' dir='ltr'>ευλάρια,</span> <span class='ocrx_word' id='word_1_400' title='bbox 799 5081 899 5135; x_wconf 82' lang='grc' dir='ltr'>καί</span> <span class='ocrx_word' id='word_1_401' title='bbox 957 5081 1410 5150; x_wconf 70' lang='grc' dir='ltr'>εἰσελεύσομαι,</span> <span class='ocrx_word' id='word_1_402' title='bbox 1465 5081 1566 5134; x_wconf 77' lang='grc' dir='ltr'>καί</span> <span class='ocrx_word' id='word_1_403' title='bbox 1616 5083 1850 5150; x_wconf 77' lang='grc' dir='ltr'>ποιήσω</span> <span class='ocrx_word' id='word_1_404' title='bbox 1886 5085 2038 5138; x_wconf 81' lang='grc' dir='ltr'>αὐτὰ</span> 
     </span>
    </p>
   </div>
   <div class='ocr_carea' id='block_1_53' title="bbox 460 5168 2041 5239">
    <p class='ocr_par' dir='ltr' id='par_1_53' title="bbox 460 5168 2041 5239">
     <span class='ocr_line' id='line_1_53' title="bbox 460 5168 2041 5239; baseline 0.003 -17"><span class='ocrx_word' id='word_1_405' title='bbox 460 5168 588 5235; x_wconf 74' lang='grc' dir='ltr'>τοῖς</span> <span class='ocrx_word' id='word_1_406' title='bbox 615 5169 846 5236; x_wconf 77' lang='grc' dir='ltr'>τέκνοις</span> <span class='ocrx_word' id='word_1_407' title='bbox 877 5187 1019 5238; x_wconf 87' lang='grc' dir='ltr'>μου,</span> <span class='ocrx_word' id='word_1_408' title='bbox 1067 5169 1163 5222; x_wconf 78' lang='grc' dir='ltr'>καί</span> <span class='ocrx_word' id='word_1_409' title='bbox 1200 5169 1527 5239; x_wconf 64' lang='grc' dir='ltr'>φαινόμεθα,</span> <span class='ocrx_word' id='word_1_410' title='bbox 1560 5171 1658 5224; x_wconf 75' lang='grc' dir='ltr'>καί</span> <span class='ocrx_word' id='word_1_411' title='bbox 1707 5171 2041 5226; x_wconf 79' lang='grc' dir='ltr'>ἀποθανού-</span> 
     </span>
    </p>
   </div>
   <div class='ocr_carea' id='block_1_54' title="bbox 458 5261 2038 5334">
    <p class='ocr_par' dir='ltr' id='par_1_54' title="bbox 458 5261 2038 5334">
     <span class='ocr_line' id='line_1_54' title="bbox 458 5261 2038 5334; baseline 0.002 -18"><span class='ocrx_word' id='word_1_412' title='bbox 458 5265 630 5330; x_wconf 81' lang='grc' dir='ltr'>μεθα.</span> <span class='ocrx_word' id='word_1_413' title='bbox 665 5261 881 5332; x_wconf 81' lang='grc' dir='ltr'>Ταύτην</span> <span class='ocrx_word' id='word_1_414' title='bbox 908 5261 1136 5326; x_wconf 68' lang='grc' dir='ltr'>ἕκαστος</span> <span class='ocrx_word' id='word_1_415' title='bbox 1161 5262 1261 5333; x_wconf 81' lang='grc' dir='ltr'>τὴν</span> <span class='ocrx_word' id='word_1_416' title='bbox 1299 5262 1560 5333; x_wconf 78' lang='grc' dir='ltr'>ἐλεεινὴν,</span> <span class='ocrx_word' id='word_1_417' title='bbox 1600 5262 1798 5334; x_wconf 80' lang='grc' dir='ltr'>μᾶλλον</span> <span class='ocrx_word' id='word_1_418' title='bbox 1826 5263 1883 5317; x_wconf 74' lang='grc' dir='ltr'>δέ</span> <span class='ocrx_word' id='word_1_419' title='bbox 1909 5265 2038 5319; x_wconf 79' lang='grc' dir='ltr'>ἐκα-</span> 
     </span>
    </p>
   </div>
   <div class='ocr_carea' id='block_1_55' title="bbox 465 5353 2036 5429">
    <p class='ocr_par' dir='ltr' id='par_1_55' title="bbox 465 5353 2036 5429">
     <span class='ocr_line' id='line_1_55' title="bbox 465 5353 2036 5429; baseline 0.002 -23"><span class='ocrx_word' id='word_1_420' title='bbox 465 5368 590 5421; x_wconf 85' lang='grc' dir='ltr'>στος</span> <span class='ocrx_word' id='word_1_421' title='bbox 617 5353 822 5426; x_wconf 86' lang='grc' dir='ltr'>ταύτην</span> <span class='ocrx_word' id='word_1_422' title='bbox 853 5356 952 5422; x_wconf 77' lang='grc' dir='ltr'>τὴν</span> <span class='ocrx_word' id='word_1_423' title='bbox 987 5355 1266 5426; x_wconf 85' lang='grc' dir='ltr'>μακαρίαν</span> <span class='ocrx_word' id='word_1_424' title='bbox 1304 5355 1486 5427; x_wconf 82' lang='grc' dir='ltr'>φωνὴν</span> <span class='ocrx_word' id='word_1_425' title='bbox 1519 5358 1612 5410; x_wconf 71' lang='grc' dir='ltr'>καὶ</span> <span class='ocrx_word' id='word_1_426' title='bbox 1640 5355 1749 5409; x_wconf 88' lang='grc' dir='ltr'>τῶν</span> <span class='ocrx_word' id='word_1_427' title='bbox 1795 5357 2036 5429; x_wconf 81' lang='grc' dir='ltr'><strong>οὐρανῶν</strong></span> 
     </span>
    </p>
   </div>
   <div class='ocr_carea' id='block_1_56' title="bbox 461 5443 2036 5518">
    <p class='ocr_par' dir='ltr' id='par_1_56' title="bbox 461 5443 2036 5518">
     <span class='ocr_line' id='line_1_56' title="bbox 461 5443 2036 5518; baseline 0.003 -21"><span class='ocrx_word' id='word_1_428' title='bbox 461 5443 620 5508; x_wconf 76' lang='grc' dir='ltr'>ἀξίαν</span> <span class='ocrx_word' id='word_1_429' title='bbox 648 5444 705 5496; x_wconf 80' lang='grc' dir='ltr'>ἐν</span> <span class='ocrx_word' id='word_1_430' title='bbox 735 5447 848 5516; x_wconf 87' lang='grc' dir='ltr'>τοῖς</span> <span class='ocrx_word' id='word_1_431' title='bbox 877 5445 1074 5518; x_wconf 79' lang='grc' dir='ltr'>τοίχοις</span> <span class='ocrx_word' id='word_1_432' title='bbox 1101 5446 1200 5515; x_wconf 76' lang='grc' dir='ltr'>τῆς</span> <span class='ocrx_word' id='word_1_433' title='bbox 1230 5447 1408 5510; x_wconf 88' lang='grc' dir='ltr'>οἰκίας</span> <span class='ocrx_word' id='word_1_434' title='bbox 1433 5447 1756 5516; x_wconf 79' lang='grc' dir='ltr'>ἐγγραφέτω</span> <span class='ocrx_word' id='word_1_435' title='bbox 1784 5447 1882 5518; x_wconf 78' lang='grc' dir='ltr'>τῆς</span> <span class='ocrx_word' id='word_1_436' title='bbox 1911 5449 2036 5501; x_wconf 83' lang='grc' dir='ltr'>ἐαυ-</span> 
     </span>
    </p>
   </div>
   <div class='ocr_carea' id='block_1_57' title="bbox 459 5529 2031 5608">
    <p class='ocr_par' dir='ltr' id='par_1_57' title="bbox 459 5529 2031 5608">
     <span class='ocr_line' id='line_1_57' title="bbox 459 5529 2031 5608; baseline 0.004 -24"><span class='ocrx_word' id='word_1_437' title='bbox 459 5532 576 5595; x_wconf 76' lang='grc' dir='ltr'>τοῦ,</span> <span class='ocrx_word' id='word_1_438' title='bbox 601 5534 658 5585; x_wconf 78' lang='grc' dir='ltr'>ἐν</span> <span class='ocrx_word' id='word_1_439' title='bbox 687 5533 764 5604; x_wconf 80' lang='grc' dir='ltr'>τῷ</span> <span class='ocrx_word' id='word_1_440' title='bbox 793 5533 1038 5608; x_wconf 82' lang='grc' dir='ltr'>θαλάμῳ,</span> <span class='ocrx_word' id='word_1_441' title='bbox 1065 5538 1121 5589; x_wconf 75' lang='grc' dir='ltr'>ἐν</span> <span class='ocrx_word' id='word_1_442' title='bbox 1140 5529 1183 5602; x_wconf 79' lang='grc' dir='ltr'>ᾧ</span> <span class='ocrx_word' id='word_1_443' title='bbox 1211 5535 1275 5590; x_wconf 86' lang='grc' dir='ltr'>ἂν</span> <span class='ocrx_word' id='word_1_444' title='bbox 1300 5535 1668 5606; x_wconf 83' lang='grc' dir='ltr'>καθεύδωμεν,</span> <span class='ocrx_word' id='word_1_445' title='bbox 1698 5536 1755 5588; x_wconf 82' lang='grc' dir='ltr'>ἐν</span> <span class='ocrx_word' id='word_1_446' title='bbox 1779 5535 1856 5607; x_wconf 82' lang='grc' dir='ltr'>τῷ</span> <span class='ocrx_word' id='word_1_447' title='bbox 1879 5535 2031 5604; x_wconf 81' lang='grc' dir='ltr'>οἴκῳ,</span> 
     </span>
    </p>
   </div>
   <div class='ocr_carea' id='block_1_58' title="bbox 464 5615 2033 5697">
    <p class='ocr_par' dir='ltr' id='par_1_58' title="bbox 464 5615 2033 5697">
     <span class='ocr_line' id='line_1_58' title="bbox 464 5615 2033 5697; baseline 0.004 -21"><span class='ocrx_word' id='word_1_448' title='bbox 464 5625 520 5676; x_wconf 71' lang='grc' dir='ltr'>ἐν</span> <span class='ocrx_word' id='word_1_449' title='bbox 556 5615 602 5692; x_wconf 79' lang='grc' dir='ltr'>ᾧ</span> <span class='ocrx_word' id='word_1_450' title='bbox 641 5625 1149 5696; x_wconf 82' lang='grc' dir='ltr'>άριστοποιούμεθα.</span> <span class='ocrx_word' id='word_1_451' title='bbox 1178 5627 1391 5696; x_wconf 81' lang='grc' dir='ltr'>Ταύτην</span> <span class='ocrx_word' id='word_1_452' title='bbox 1428 5629 1519 5680; x_wconf 78' lang='grc' dir='ltr'>ἐπὶ</span> <span class='ocrx_word' id='word_1_453' title='bbox 1548 5629 1646 5697; x_wconf 81' lang='grc' dir='ltr'>τῆς</span> <span class='ocrx_word' id='word_1_454' title='bbox 1674 5627 1870 5696; x_wconf 71' lang='grc' dir='ltr'>οἰκίας,</span> <span class='ocrx_word' id='word_1_455' title='bbox 1903 5629 2033 5683; x_wconf 81' lang='grc' dir='ltr'>ταύ-</span> 
     </span>
    </p>
   </div>
   <div class='ocr_carea' id='block_1_59' title="bbox 1142 249 2999 322">
    <p class='ocr_par' dir='ltr' id='par_1_59' title="bbox 1142 249 2999 322">
     <span class='ocr_line' id='line_1_59' title="bbox 1142 249 2999 322; baseline 0.01 -19"><span class='ocrx_word' id='word_1_456' title='bbox 1142 251 1200 303; x_wconf 80' lang='lat' dir='ltr'>S.</span> <span class='ocrx_word' id='word_1_457' title='bbox 1240 249 1527 307; x_wconf 62' lang='lat' dir='ltr'>JOANNIS</span> <span class='ocrx_word' id='word_1_458' title='bbox 1559 249 2050 307; x_wconf 74' lang='lat' dir='ltr'>CIIBYSOSTOMI</span> <span class='ocrx_word' id='word_1_459' title='bbox 2088 251 2409 315; x_wconf 76' lang='lat' dir='ltr'>ARCHIEP.</span> <span class='ocrx_word' id='word_1_460' title='bbox 2449 258 2999 322; x_wconf 76' lang='lat' dir='ltr'>CONSTANTINOP.</span> 
     </span>
    </p>
   </div>
   <div class='ocr_carea' id='block_1_60' title="bbox 3639 254 3746 309">
    <p class='ocr_par' dir='ltr' id='par_1_60' title="bbox 3639 254 3746 309">
     <span class='ocr_line' id='line_1_60' title="bbox 3639 254 3746 309; baseline 0.037 -5"><span class='ocrx_word' id='word_1_461' title='bbox 3639 254 3746 309; x_wconf 65' lang='lat'>356</span> 
     </span>
    </p>
   </div>
   <div class='ocr_carea' id='block_1_61' title="bbox 2169 359 3744 438">
    <p class='ocr_par' dir='ltr' id='par_1_61' title="bbox 2169 359 3744 438">
     <span class='ocr_line' id='line_1_61' title="bbox 2169 359 3744 438; baseline 0.01 -29"><span class='ocrx_word' id='word_1_462' title='bbox 2169 375 2266 424; x_wconf 85' lang='grc' dir='ltr'>την</span> <span class='ocrx_word' id='word_1_463' title='bbox 2311 359 2403 413; x_wconf 80' lang='grc' dir='ltr'>ἐπὶ</span> <span class='ocrx_word' id='word_1_464' title='bbox 2433 362 2532 425; x_wconf 74' lang='grc' dir='ltr'>τῆς</span> <span class='ocrx_word' id='word_1_465' title='bbox 2561 365 2784 433; x_wconf 78' lang='grc' dir='ltr'>ἀγορᾶς,</span> <span class='ocrx_word' id='word_1_466' title='bbox 2828 367 3030 438; x_wconf 80' lang='grc' dir='ltr'>ταύτην</span> <span class='ocrx_word' id='word_1_467' title='bbox 3076 367 3135 420; x_wconf 80' lang='grc' dir='ltr'>ἐν</span> <span class='ocrx_word' id='word_1_468' title='bbox 3165 367 3278 430; x_wconf 86' lang='grc' dir='ltr'>τοῖς</span> <span class='ocrx_word' id='word_1_469' title='bbox 3313 367 3592 435; x_wconf 82' lang='grc' dir='ltr'>συλλόγοις</span> <span class='ocrx_word' id='word_1_470' title='bbox 3633 373 3744 425; x_wconf 78' lang='grc' dir='ltr'>τῶν</span> 
     </span>
    </p>
   </div>
   <div class='ocr_carea' id='block_1_62' title="bbox 2167 439 3743 521">
    <p class='ocr_par' dir='ltr' id='par_1_62' title="bbox 2167 439 3743 521">
     <span class='ocr_line' id='line_1_62' title="bbox 2167 439 3743 521; baseline 0.01 -32"><span class='ocrx_word' id='word_1_471' title='bbox 2167 439 2356 507; x_wconf 89' lang='grc' dir='ltr'>φίλων,</span> <span class='ocrx_word' id='word_1_472' title='bbox 2396 443 2600 515; x_wconf 85' lang='grc' dir='ltr'>ταύτην</span> <span class='ocrx_word' id='word_1_473' title='bbox 2637 449 2716 509; x_wconf 88' lang='grc' dir='ltr'>είς</span> <span class='ocrx_word' id='word_1_474' title='bbox 2761 447 3107 519; x_wconf 82' lang='grc' dir='ltr'>δικαστήριον</span> <span class='ocrx_word' id='word_1_475' title='bbox 3149 448 3347 512; x_wconf 86' lang='grc' dir='ltr'>ἀπιὼν,</span> <span class='ocrx_word' id='word_1_476' title='bbox 3376 451 3580 521; x_wconf 88' lang='grc' dir='ltr'>ταύτην</span> <span class='ocrx_word' id='word_1_477' title='bbox 3625 455 3743 506; x_wconf 87' lang='grc' dir='ltr'>είσ-</span> 
     </span>
    </p>
   </div>
   <div class='ocr_carea' id='block_1_63' title="bbox 2167 521 3736 604">
    <p class='ocr_par' dir='ltr' id='par_1_63' title="bbox 2167 521 3736 604">
     <span class='ocr_line' id='line_1_63' title="bbox 2167 521 3736 604; baseline 0.01 -32"><span class='ocrx_word' id='word_1_478' title='bbox 2167 521 2283 582; x_wconf 82' lang='grc' dir='ltr'><strong>ιὼν.</strong></span> <span class='ocrx_word' id='word_1_479' title='bbox 2330 524 2532 596; x_wconf 82' lang='grc' dir='ltr'>ταύτην</span> <span class='ocrx_word' id='word_1_480' title='bbox 2583 529 2741 594; x_wconf 81' lang='grc' dir='ltr'>ἐξιὼν</span> <span class='ocrx_word' id='word_1_481' title='bbox 2794 529 3022 593; x_wconf 72' lang='grc' dir='ltr'>ἕκαστος</span> <span class='ocrx_word' id='word_1_482' title='bbox 3067 530 3342 600; x_wconf 84' lang='grc' dir='ltr'>μελετάτω</span> <span class='ocrx_word' id='word_1_483' title='bbox 3387 533 3484 603; x_wconf 78' lang='grc' dir='ltr'>τὴν</span> <span class='ocrx_word' id='word_1_484' title='bbox 3518 537 3736 604; x_wconf 82' lang='grc' dir='ltr'>φωνήν·</span> 
     </span>
    </p>
   </div>
   <div class='ocr_carea' id='block_1_64' title="bbox 2165 607 3742 684">
    <p class='ocr_par' dir='ltr' id='par_1_64' title="bbox 2165 607 3742 684">
     <span class='ocr_line' id='line_1_64' title="bbox 2165 607 3742 684; baseline 0.01 -29"><span class='ocrx_word' id='word_1_485' title='bbox 2165 607 2258 657; x_wconf 74' lang='grc' dir='ltr'>καὶ</span> <span class='ocrx_word' id='word_1_486' title='bbox 2302 607 2504 676; x_wconf 88' lang='grc' dir='ltr'>σφόδρα</span> <span class='ocrx_word' id='word_1_487' title='bbox 2548 610 2613 662; x_wconf 85' lang='grc' dir='ltr'>ἃν</span> <span class='ocrx_word' id='word_1_488' title='bbox 2650 613 3054 684; x_wconf 80' lang='grc' dir='ltr'>ἰσχυρισαίμην,</span> <span class='ocrx_word' id='word_1_489' title='bbox 3088 615 3165 665; x_wconf 83' lang='grc' dir='ltr'>ὅτι</span> <span class='ocrx_word' id='word_1_490' title='bbox 3200 613 3312 665; x_wconf 77' lang='grc' dir='ltr'>οὐδ’</span> <span class='ocrx_word' id='word_1_491' title='bbox 3352 612 3416 666; x_wconf 78' lang='grc' dir='ltr'>ἂν</span> <span class='ocrx_word' id='word_1_492' title='bbox 3446 617 3495 667; x_wconf 84' lang='grc' dir='ltr'>εί</span> <span class='ocrx_word' id='word_1_493' title='bbox 3541 616 3742 681; x_wconf 83' lang='grc' dir='ltr'>λίθινός</span> 
     </span>
    </p>
   </div>
   <div class='ocr_carea' id='block_1_65' title="bbox 2162 692 3739 771">
    <p class='ocr_par' dir='ltr' id='par_1_65' title="bbox 2162 692 3739 771">
     <span class='ocr_line' id='line_1_65' title="bbox 2162 692 3739 771; baseline 0.009 -32"><span class='ocrx_word' id='word_1_494' title='bbox 2162 704 2246 752; x_wconf 82' lang='grc' dir='ltr'>τις</span> <span class='ocrx_word' id='word_1_495' title='bbox 2276 692 2381 760; x_wconf 81' lang='grc' dir='ltr'>εἴη,</span> <span class='ocrx_word' id='word_1_496' title='bbox 2413 693 2506 744; x_wconf 75' lang='grc' dir='ltr'>καὶ</span> <span class='ocrx_word' id='word_1_497' title='bbox 2542 695 2811 767; x_wconf 81' lang='grc' dir='ltr'>σιδηροῦς,</span> <span class='ocrx_word' id='word_1_498' title='bbox 2842 697 2935 749; x_wconf 71' lang='grc' dir='ltr'>καὶ</span> <span class='ocrx_word' id='word_1_499' title='bbox 2963 697 3194 767; x_wconf 84' lang='grc' dir='ltr'>ἀδάμας,</span> <span class='ocrx_word' id='word_1_500' title='bbox 3228 695 3473 762; x_wconf 83' lang='grc' dir='ltr'>ἀνέξεται</span> <span class='ocrx_word' id='word_1_501' title='bbox 3507 701 3739 771; x_wconf 89' lang='grc' dir='ltr'>προσελ-</span> 
     </span>
    </p>
   </div>
   <div class='ocr_carea' id='block_1_66' title="bbox 2166 772 3740 851">
    <p class='ocr_par' dir='ltr' id='par_1_66' title="bbox 2166 772 3740 851">
     <span class='ocr_line' id='line_1_66' title="bbox 2166 772 3740 851; baseline 0.008 -27"><span class='ocrx_word' id='word_1_502' title='bbox 2166 772 2324 826; x_wconf 86' lang='grc' dir='ltr'>θόντα</span> <span class='ocrx_word' id='word_1_503' title='bbox 2352 775 2562 846; x_wconf 86' lang='grc' dir='ltr'>πένητα</span> <span class='ocrx_word' id='word_1_504' title='bbox 2594 781 2780 840; x_wconf 87' lang='grc' dir='ltr'>κεναῖς</span> <span class='ocrx_word' id='word_1_505' title='bbox 2816 778 3142 848; x_wconf 78' lang='grc' dir='ltr'>ἀποπέμψαι</span> <span class='ocrx_word' id='word_1_506' title='bbox 3180 781 3388 850; x_wconf 81' lang='grc' dir='ltr'>χερσὶν,</span> <span class='ocrx_word' id='word_1_507' title='bbox 3417 779 3482 834; x_wconf 86' lang='grc' dir='ltr'><strong>ἂν</strong></span> <span class='ocrx_word' id='word_1_508' title='bbox 3509 783 3608 851; x_wconf 81' lang='grc' dir='ltr'>τὴν</span> <span class='ocrx_word' id='word_1_509' title='bbox 3635 800 3740 850; x_wconf 84' lang='grc' dir='ltr'>φω-</span> 
     </span>
    </p>
   </div>
   <div class='ocr_carea' id='block_1_67' title="bbox 2162 856 3736 934">
    <p class='ocr_par' dir='ltr' id='par_1_67' title="bbox 2162 856 3736 934">
     <span class='ocr_line' id='line_1_67' title="bbox 2162 856 3736 934; baseline 0.008 -28"><span class='ocrx_word' id='word_1_510' title='bbox 2162 856 2258 923; x_wconf 82' lang='grc' dir='ltr'><strong>νὴν</strong></span> <span class='ocrx_word' id='word_1_511' title='bbox 2291 859 2540 930; x_wconf 71' lang='grc' dir='ltr'>ἐγγράψῃ</span> <span class='ocrx_word' id='word_1_512' title='bbox 2575 861 2796 930; x_wconf 84' lang='grc' dir='ltr'>ταύτην,</span> <span class='ocrx_word' id='word_1_513' title='bbox 2826 863 2892 916; x_wconf 80' lang='grc' dir='ltr'>ἂν</span> <span class='ocrx_word' id='word_1_514' title='bbox 2925 863 3023 932; x_wconf 83' lang='grc' dir='ltr'>τὴν</span> <span class='ocrx_word' id='word_1_515' title='bbox 3054 864 3229 933; x_wconf 87' lang='grc' dir='ltr'>χήραν</span> <span class='ocrx_word' id='word_1_516' title='bbox 3261 864 3366 934; x_wconf 81' lang='grc' dir='ltr'>πρὸ</span> <span class='ocrx_word' id='word_1_517' title='bbox 3397 863 3504 917; x_wconf 86' lang='grc' dir='ltr'>τῶν</span> <span class='ocrx_word' id='word_1_518' title='bbox 3537 864 3736 934; x_wconf 82' lang='grc' dir='ltr'>ὀφθαλ-</span> 
     </span>
    </p>
   </div>
   <div class='ocr_carea' id='block_1_68' title="bbox 2164 937 2433 1011">
    <p class='ocr_par' dir='ltr' id='par_1_68' title="bbox 2164 937 2433 1011">
     <span class='ocr_line' id='line_1_68' title="bbox 2164 937 2433 1011; baseline 0.019 -22"><span class='ocrx_word' id='word_1_519' title='bbox 2164 937 2280 1008; x_wconf 89' lang='grc' dir='ltr'>μῶν</span> <span class='ocrx_word' id='word_1_520' title='bbox 2316 939 2433 1011; x_wconf 80' lang='grc' dir='ltr'>ἔχῃ.</span> 
     </span>
    </p>
   </div>
   <div class='ocr_carea' id='block_1_69' title="bbox 2246 1031 3732 1112">
    <p class='ocr_par' dir='ltr' id='par_1_69' title="bbox 2246 1031 3732 1112">
     <span class='ocr_line' id='line_1_69' title="bbox 2246 1031 3732 1112; baseline 0.01 -31"><span class='ocrx_word' id='word_1_521' title='bbox 2246 1031 2380 1084; x_wconf 83' lang='grc' dir='ltr'>Ἀλλ’</span> <span class='ocrx_word' id='word_1_522' title='bbox 2413 1033 2540 1097; x_wconf 73' lang='grc' dir='ltr'>ἴσως</span> <span class='ocrx_word' id='word_1_523' title='bbox 2569 1036 2742 1088; x_wconf 77' lang='grc' dir='ltr'>ἐκεῖνο</span> <span class='ocrx_word' id='word_1_524' title='bbox 2769 1038 2884 1107; x_wconf 86' lang='grc' dir='ltr'>ἐρεῖ</span> <span class='ocrx_word' id='word_1_525' title='bbox 2908 1053 2990 1098; x_wconf 81' lang='grc' dir='ltr'>τις</span> <span class='ocrx_word' id='word_1_526' title='bbox 3008 1053 3022 1066; x_wconf 93' lang='grc'>·</span> <span class='ocrx_word' id='word_1_527' title='bbox 3059 1037 3192 1105; x_wconf 76' lang='grc' dir='ltr'>Ἀγε</span> <span class='ocrx_word' id='word_1_528' title='bbox 3227 1038 3396 1108; x_wconf 80' lang='grc' dir='ltr'>κάμοὶ</span> <span class='ocrx_word' id='word_1_529' title='bbox 3426 1043 3732 1112; x_wconf 85' lang='grc' dir='ltr'>προφήτην.</span> 
     </span>
    </p>
   </div>
   <div class='ocr_carea' id='block_1_70' title="bbox 2161 1115 3732 1192">
    <p class='ocr_par' dir='ltr' id='par_1_70' title="bbox 2161 1115 3732 1192">
     <span class='ocr_line' id='line_1_70' title="bbox 2161 1115 3732 1192; baseline 0.008 -27"><span class='ocrx_word' id='word_1_530' title='bbox 2161 1115 2256 1166; x_wconf 71' lang='grc' dir='ltr'>καὶ</span> <span class='ocrx_word' id='word_1_531' title='bbox 2302 1115 2440 1183; x_wconf 87' lang='grc' dir='ltr'>μετὰ</span> <span class='ocrx_word' id='word_1_532' title='bbox 2478 1115 2576 1186; x_wconf 83' lang='grc' dir='ltr'>τῆς</span> <span class='ocrx_word' id='word_1_533' title='bbox 2625 1119 2794 1188; x_wconf 78' lang='grc' dir='ltr'>αὐτῆς</span> <span class='ocrx_word' id='word_1_534' title='bbox 2826 1118 3038 1182; x_wconf 80' lang='grc' dir='ltr'>εὐνοίας</span> <span class='ocrx_word' id='word_1_535' title='bbox 3085 1120 3428 1186; x_wconf 79' lang='grc' dir='ltr'>ὑποδέξομαι.</span> <span class='ocrx_word' id='word_1_536' title='bbox 3467 1122 3732 1192; x_wconf 83' lang='grc' dir='ltr'>Ὑπὸσχου</span> 
     </span>
    </p>
   </div>
   <div class='ocr_carea' id='block_1_71' title="bbox 2159 1197 3733 1274">
    <p class='ocr_par' dir='ltr' id='par_1_71' title="bbox 2159 1197 3733 1274">
     <span class='ocr_line' id='line_1_71' title="bbox 2159 1197 3733 1274; baseline 0.008 -26"><span class='ocrx_word' id='word_1_537' title='bbox 2159 1197 2335 1261; x_wconf 87' lang='grc' dir='ltr'>τοῦτο,</span> <span class='ocrx_word' id='word_1_538' title='bbox 2364 1199 2457 1250; x_wconf 75' lang='grc' dir='ltr'>καὶ</span> <span class='ocrx_word' id='word_1_539' title='bbox 2489 1199 2607 1267; x_wconf 82' lang='grc' dir='ltr'>ἄγω</span> <span class='ocrx_word' id='word_1_540' title='bbox 2640 1218 2718 1254; x_wconf 90' lang='grc' dir='ltr'>σοι</span> <span class='ocrx_word' id='word_1_541' title='bbox 2752 1202 2841 1254; x_wconf 88' lang='grc' dir='ltr'>τὸν</span> <span class='ocrx_word' id='word_1_542' title='bbox 2873 1205 3186 1274; x_wconf 82' lang='grc' dir='ltr'>προφήτην.</span> <span class='ocrx_word' id='word_1_543' title='bbox 3221 1204 3328 1256; x_wconf 73' lang='grc' dir='ltr'>Καὶ</span> <span class='ocrx_word' id='word_1_544' title='bbox 3356 1204 3408 1256; x_wconf 85' lang='grc' dir='ltr'>τί</span> <span class='ocrx_word' id='word_1_545' title='bbox 3454 1205 3597 1273; x_wconf 85' lang='grc' dir='ltr'>λέγω</span> <span class='ocrx_word' id='word_1_546' title='bbox 3643 1209 3733 1262; x_wconf 82' lang='grc' dir='ltr'>τὸν</span> 
     </span>
    </p>
   </div>
   <div class='ocr_carea' id='block_1_72' title="bbox 2159 1281 3772 1358">
    <p class='ocr_par' dir='ltr' id='par_1_72' title="bbox 2159 1281 3772 1358">
     <span class='ocr_line' id='line_1_72' title="bbox 2159 1281 3772 1358; baseline 0.009 -29"><span class='ocrx_word' id='word_1_547' title='bbox 2159 1281 2475 1350; x_wconf 86' lang='grc' dir='ltr'>προφήτην;</span> <span class='ocrx_word' id='word_1_548' title='bbox 2509 1282 2676 1334; x_wconf 80' lang='grc' dir='ltr'>Αὐτὸν</span> <span class='ocrx_word' id='word_1_549' title='bbox 2707 1284 2824 1352; x_wconf 84' lang='grc' dir='ltr'>ἄγω</span> <span class='ocrx_word' id='word_1_550' title='bbox 2854 1302 2935 1337; x_wconf 91' lang='grc' dir='ltr'>σοι</span> <span class='ocrx_word' id='word_1_551' title='bbox 2972 1285 3061 1338; x_wconf 79' lang='grc' dir='ltr'>τὸν</span> <span class='ocrx_word' id='word_1_552' title='bbox 3091 1285 3186 1338; x_wconf 88' lang='grc' dir='ltr'>τοῦ</span> <span class='ocrx_word' id='word_1_553' title='bbox 3227 1287 3500 1358; x_wconf 79' lang='grc' dir='ltr'>προφήτου</span> <span class='ocrx_word' id='word_1_554' title='bbox 3533 1291 3735 1342; x_wconf 82' lang='grc' dir='ltr'>Δεσπό-</span> <span class='ocrx_word' id='word_1_555' title='bbox 3763 1305 3772 1316; x_wconf 92' lang='grc'>·</span> 
     </span>
    </p>
   </div>
   <div class='ocr_carea' id='block_1_73' title="bbox 2157 1362 3725 1443">
    <p class='ocr_par' dir='ltr' id='par_1_73' title="bbox 2157 1362 3725 1443">
     <span class='ocr_line' id='line_1_73' title="bbox 2157 1362 3725 1443; baseline 0.01 -32"><span class='ocrx_word' id='word_1_556' title='bbox 2157 1378 2278 1431; x_wconf 83' lang='grc' dir='ltr'>την.</span> <span class='ocrx_word' id='word_1_557' title='bbox 2319 1362 2408 1416; x_wconf 86' lang='grc' dir='ltr'>τὸν</span> <span class='ocrx_word' id='word_1_558' title='bbox 2434 1365 2610 1417; x_wconf 81' lang='grc' dir='ltr'>κοινὸν</span> <span class='ocrx_word' id='word_1_559' title='bbox 2640 1366 2795 1435; x_wconf 87' lang='grc' dir='ltr'>ήμῶν</span> <span class='ocrx_word' id='word_1_560' title='bbox 2827 1366 2958 1420; x_wconf 82' lang='grc' dir='ltr'>Θεὸν</span> <span class='ocrx_word' id='word_1_561' title='bbox 3001 1370 3093 1422; x_wconf 75' lang='grc' dir='ltr'>καὶ</span> <span class='ocrx_word' id='word_1_562' title='bbox 3124 1371 3324 1440; x_wconf 83' lang='grc' dir='ltr'>Κύριον</span> <span class='ocrx_word' id='word_1_563' title='bbox 3353 1371 3443 1424; x_wconf 77' lang='grc' dir='ltr'>τὸν</span> <span class='ocrx_word' id='word_1_564' title='bbox 3477 1373 3725 1443; x_wconf 84' lang='grc' dir='ltr'>Χριστόν.</span> 
     </span>
    </p>
   </div>
   <div class='ocr_carea' id='block_1_74' title="bbox 2157 1444 3734 1520">
    <p class='ocr_par' dir='ltr' id='par_1_74' title="bbox 2157 1444 3734 1520">
     <span class='ocr_line' id='line_1_74' title="bbox 2157 1444 3734 1520; baseline 0.01 -25"><span class='ocrx_word' id='word_1_565' title='bbox 2157 1444 2328 1507; x_wconf 77' lang='grc' dir='ltr'>Αὐτὸς</span> <span class='ocrx_word' id='word_1_566' title='bbox 2378 1446 2486 1517; x_wconf 90' lang='grc' dir='ltr'>γάρ</span> <span class='ocrx_word' id='word_1_567' title='bbox 2532 1464 2720 1515; x_wconf 83' lang='grc' dir='ltr'>φησιν.</span> <span class='ocrx_word' id='word_1_568' title='bbox 2764 1449 2844 1501; x_wconf 83' lang='grc' dir='ltr'>ὅτι</span> <span class='ocrx_word' id='word_1_569' title='bbox 2882 1449 3185 1505; x_wconf 76' lang='grc' dir='ltr'>Πει-νῶντά</span> <span class='ocrx_word' id='word_1_570' title='bbox 3229 1469 3306 1520; x_wconf 82' lang='grc' dir='ltr'>με</span> <span class='ocrx_word' id='word_1_571' title='bbox 3363 1453 3584 1520; x_wconf 76' lang='grc' dir='ltr'>εἴδετε,</span> <span class='ocrx_word' id='word_1_572' title='bbox 3632 1457 3734 1510; x_wconf 79' lang='grc' dir='ltr'>καί</span> 
     </span>
    </p>
   </div>
   <div class='ocr_carea' id='block_1_75' title="bbox 2156 1528 3734 1607">
    <p class='ocr_par' dir='ltr' id='par_1_75' title="bbox 2156 1528 3734 1607">
     <span class='ocr_line' id='line_1_75' title="bbox 2156 1528 3734 1607; baseline 0.008 -28"><span class='ocrx_word' id='word_1_573' title='bbox 2156 1528 2464 1594; x_wconf 74' lang='grc' dir='ltr'>ἐθρέψατε.</span> <span class='ocrx_word' id='word_1_574' title='bbox 2498 1529 2561 1582; x_wconf 85' lang='grc' dir='ltr'><strong>Εἰ</strong></span> <span class='ocrx_word' id='word_1_575' title='bbox 2589 1530 2646 1582; x_wconf 82' lang='grc' dir='ltr'>δέ</span> <span class='ocrx_word' id='word_1_576' title='bbox 2677 1532 2970 1584; x_wconf 76' lang='grc' dir='ltr'>ἀπιστοῦσι</span> <span class='ocrx_word' id='word_1_577' title='bbox 3008 1550 3151 1596; x_wconf 87' lang='grc' dir='ltr'>τινες</span> <span class='ocrx_word' id='word_1_578' title='bbox 3187 1537 3252 1606; x_wconf 79' lang='grc' dir='ltr'>τῇ</span> <span class='ocrx_word' id='word_1_579' title='bbox 3299 1539 3469 1607; x_wconf 76' lang='grc' dir='ltr'>φωνῇ,</span> <span class='ocrx_word' id='word_1_580' title='bbox 3501 1539 3594 1590; x_wconf 74' lang='grc' dir='ltr'>καὶ</span> <span class='ocrx_word' id='word_1_581' title='bbox 3633 1539 3734 1607; x_wconf 81' lang='grc' dir='ltr'>τῆς</span> 
     </span>
    </p>
   </div>
   <div class='ocr_carea' id='block_1_76' title="bbox 2159 1611 3732 1690">
    <p class='ocr_par' dir='ltr' id='par_1_76' title="bbox 2159 1611 3732 1690">
     <span class='ocr_line' id='line_1_76' title="bbox 2159 1611 3732 1690; baseline 0.008 -29"><span class='ocrx_word' id='word_1_582' title='bbox 2159 1611 2553 1682; x_wconf 76' lang='grc' dir='ltr'>φιλοφροσύνης</span> <span class='ocrx_word' id='word_1_583' title='bbox 2607 1613 2901 1681; x_wconf 78' lang='grc' dir='ltr'>ἀμελοῦσι,</span> <span class='ocrx_word' id='word_1_584' title='bbox 2955 1615 3288 1685; x_wconf 83' lang='grc' dir='ltr'>μαθήσονται</span> <span class='ocrx_word' id='word_1_585' title='bbox 3339 1618 3458 1671; x_wconf 63' lang='grc' dir='ltr'>τότε</span> <span class='ocrx_word' id='word_1_586' title='bbox 3507 1620 3595 1673; x_wconf 76' lang='grc' dir='ltr'>διὰ</span> <span class='ocrx_word' id='word_1_587' title='bbox 3631 1621 3732 1690; x_wconf 71' lang='grc' dir='ltr'>τῆς</span> 
     </span>
    </p>
   </div>
   <div class='ocr_carea' id='block_1_77' title="bbox 2157 1693 3733 1775">
    <p class='ocr_par' dir='ltr' id='par_1_77' title="bbox 2157 1693 3733 1775">
     <span class='ocr_line' id='line_1_77' title="bbox 2157 1693 3733 1775; baseline 0.006 -29"><span class='ocrx_word' id='word_1_588' title='bbox 2157 1693 2433 1758; x_wconf 85' lang='grc' dir='ltr'>κολάσεως</span> <span class='ocrx_word' id='word_1_589' title='bbox 2471 1695 2564 1748; x_wconf 74' lang='grc' dir='ltr'>καὶ</span> <span class='ocrx_word' id='word_1_590' title='bbox 2601 1697 2700 1764; x_wconf 77' lang='grc' dir='ltr'>τῆς</span> <span class='ocrx_word' id='word_1_591' title='bbox 2731 1699 3002 1768; x_wconf 81' lang='grc' dir='ltr'>τιμωρίας</span> <span class='ocrx_word' id='word_1_592' title='bbox 3035 1699 3213 1753; x_wconf 89' lang='grc' dir='ltr'>τοῦτο.</span> <span class='ocrx_word' id='word_1_593' title='bbox 3247 1701 3456 1772; x_wconf 83' lang='grc' dir='ltr'>’Ὠσπερ</span> <span class='ocrx_word' id='word_1_594' title='bbox 3495 1703 3603 1775; x_wconf 78' lang='grc' dir='ltr'>γάρ</span> <span class='ocrx_word' id='word_1_595' title='bbox 3633 1706 3733 1756; x_wconf 87' lang='grc' dir='ltr'>αὺ-</span> 
     </span>
    </p>
   </div>
   <div class='ocr_carea' id='block_1_78' title="bbox 2154 1775 3730 1855">
    <p class='ocr_par' dir='ltr' id='par_1_78' title="bbox 2154 1775 3730 1855">
     <span class='ocr_line' id='line_1_78' title="bbox 2154 1775 3730 1855; baseline 0.007 -27"><span class='ocrx_word' id='word_1_596' title='bbox 2154 1775 2249 1829; x_wconf 87' lang='grc' dir='ltr'>τοῦ</span> <span class='ocrx_word' id='word_1_597' title='bbox 2288 1775 2382 1830; x_wconf 89' lang='grc' dir='ltr'>τοῦ</span> <span class='ocrx_word' id='word_1_598' title='bbox 2412 1778 2649 1849; x_wconf 85' lang='grc' dir='ltr'>Χριστοῦ</span> <span class='ocrx_word' id='word_1_599' title='bbox 2686 1781 3208 1852; x_wconf 85' lang='grc' dir='ltr'>παραμελήσαντες,</span> <span class='ocrx_word' id='word_1_600' title='bbox 3250 1782 3393 1836; x_wconf 75' lang='grc' dir='ltr'>οὕτω</span> <span class='ocrx_word' id='word_1_601' title='bbox 3423 1786 3558 1855; x_wconf 76' lang='grc' dir='ltr'>πρὸς</span> <span class='ocrx_word' id='word_1_602' title='bbox 3595 1787 3730 1854; x_wconf 79' lang='grc' dir='ltr'>ἁφό-</span> 
     </span>
    </p>
   </div>
   <div class='ocr_carea' id='block_1_79' title="bbox 2158 1860 3731 1932">
    <p class='ocr_par' dir='ltr' id='par_1_79' title="bbox 2158 1860 3731 1932">
     <span class='ocr_line' id='line_1_79' title="bbox 2158 1860 3731 1932; baseline 0.007 -22"><span class='ocrx_word' id='word_1_603' title='bbox 2158 1876 2318 1929; x_wconf 86' lang='grc' dir='ltr'>ρητον</span> <span class='ocrx_word' id='word_1_604' title='bbox 2371 1860 2759 1914; x_wconf 80' lang='grc' dir='ltr'>ἀπελεύσονται</span> <span class='ocrx_word' id='word_1_605' title='bbox 2821 1863 3064 1918; x_wconf 84' lang='grc' dir='ltr'>κόλασιν.</span> <span class='ocrx_word' id='word_1_606' title='bbox 3123 1864 3306 1929; x_wconf 82' lang='grc' dir='ltr'>Οῦτως</span> <span class='ocrx_word' id='word_1_607' title='bbox 3366 1862 3456 1919; x_wconf 84' lang='grc' dir='ltr'>οὖν</span> <span class='ocrx_word' id='word_1_608' title='bbox 3507 1869 3558 1919; x_wconf 83' lang='grc' dir='ltr'>οἱ</span> <span class='ocrx_word' id='word_1_609' title='bbox 3605 1871 3731 1932; x_wconf 75' lang='grc' dir='ltr'>τοὺς</span> 
     </span>
    </p>
   </div>
   <div class='ocr_carea' id='block_1_80' title="bbox 2155 1941 3730 2020">
    <p class='ocr_par' dir='ltr' id='par_1_80' title="bbox 2155 1941 3730 2020">
     <span class='ocr_line' id='line_1_80' title="bbox 2155 1941 3730 2020; baseline 0.007 -28"><span class='ocrx_word' id='word_1_610' title='bbox 2155 1941 2402 2011; x_wconf 80' lang='grc' dir='ltr'>πτωχοὺς</span> <span class='ocrx_word' id='word_1_611' title='bbox 2449 1943 2740 2012; x_wconf 75' lang='grc' dir='ltr'>τρέφοντες</span> <span class='ocrx_word' id='word_1_612' title='bbox 2769 1944 3016 2016; x_wconf 88' lang='grc' dir='ltr'>καθάπερ</span> <span class='ocrx_word' id='word_1_613' title='bbox 3049 1946 3210 1999; x_wconf 78' lang='grc' dir='ltr'>αὑτὸν</span> <span class='ocrx_word' id='word_1_614' title='bbox 3243 1946 3333 2000; x_wconf 80' lang='grc' dir='ltr'>τὸν</span> <span class='ocrx_word' id='word_1_615' title='bbox 3373 1950 3605 2020; x_wconf 75' lang='grc' dir='ltr'>Χριστὸν</span> <span class='ocrx_word' id='word_1_616' title='bbox 3637 1951 3730 2003; x_wconf 87' lang='grc' dir='ltr'>θε-</span> 
     </span>
    </p>
   </div>
   <div class='ocr_carea' id='block_1_81' title="bbox 2157 2023 3729 2102">
    <p class='ocr_par' dir='ltr' id='par_1_81' title="bbox 2157 2023 3729 2102">
     <span class='ocr_line' id='line_1_81' title="bbox 2157 2023 3729 2102; baseline 0.007 -28"><span class='ocrx_word' id='word_1_617' title='bbox 2157 2023 2548 2092; x_wconf 87' lang='grc' dir='ltr'>ραπεύσαντες,</span> <span class='ocrx_word' id='word_1_618' title='bbox 2595 2026 2676 2088; x_wconf 84' lang='grc' dir='ltr'>είς</span> <span class='ocrx_word' id='word_1_619' title='bbox 2708 2027 2810 2098; x_wconf 74' lang='grc' dir='ltr'>τήν</span> <span class='ocrx_word' id='word_1_620' title='bbox 2850 2026 2959 2080; x_wconf 89' lang='grc' dir='ltr'>τῶν</span> <span class='ocrx_word' id='word_1_621' title='bbox 2997 2028 3241 2099; x_wconf 75' lang='grc' dir='ltr'>οὐρανῶν</span> <span class='ocrx_word' id='word_1_622' title='bbox 3272 2031 3581 2098; x_wconf 88' lang='grc' dir='ltr'>είσάγονται</span> <span class='ocrx_word' id='word_1_623' title='bbox 3629 2031 3729 2102; x_wconf 78' lang='grc' dir='ltr'>βα-</span> 
     </span>
    </p>
   </div>
   <div class='ocr_carea' id='block_1_82' title="bbox 2155 2105 2380 2162">
    <p class='ocr_par' dir='ltr' id='par_1_82' title="bbox 2155 2105 2380 2162">
     <span class='ocr_line' id='line_1_82' title="bbox 2155 2105 2380 2162; baseline 0.031 -7"><span class='ocrx_word' id='word_1_624' title='bbox 2155 2105 2380 2162; x_wconf 81' lang='grc' dir='ltr'>σιλείαν.</span> 
     </span>
    </p>
   </div>
   <div class='ocr_carea' id='block_1_83' title="bbox 2225 2217 3729 2301">
    <p class='ocr_par' dir='ltr' id='par_1_83' title="bbox 2225 2217 3729 2301">
     <span class='ocr_line' id='line_1_83' title="bbox 2225 2217 3729 2301; baseline 0.009 -31"><span class='ocrx_word' id='word_1_625' title='bbox 2225 2223 2274 2270; x_wconf 86' lang='grc' dir='ltr'>ι’.</span> <span class='ocrx_word' id='word_1_626' title='bbox 2304 2217 2456 2288; x_wconf 87' lang='grc' dir='ltr'>Τάχα</span> <span class='ocrx_word' id='word_1_627' title='bbox 2488 2219 2658 2274; x_wconf 90' lang='grc' dir='ltr'>πλείω</span> <span class='ocrx_word' id='word_1_628' title='bbox 2686 2221 2777 2274; x_wconf 83' lang='grc' dir='ltr'>τοῦ</span> <span class='ocrx_word' id='word_1_629' title='bbox 2804 2223 3013 2288; x_wconf 82' lang='grc' dir='ltr'>δέοντος</span> <span class='ocrx_word' id='word_1_630' title='bbox 3049 2226 3118 2280; x_wconf 82' lang='grc' dir='ltr'>τά</span> <span class='ocrx_word' id='word_1_631' title='bbox 3158 2228 3442 2299; x_wconf 78' lang='grc' dir='ltr'>εἰρημένα.</span> <span class='ocrx_word' id='word_1_632' title='bbox 3479 2229 3599 2283; x_wconf 82' lang='grc' dir='ltr'>Εἴθε</span> <span class='ocrx_word' id='word_1_633' title='bbox 3628 2232 3729 2301; x_wconf 79' lang='grc' dir='ltr'>μὲν</span> 
     </span>
    </p>
   </div>
   <div class='ocr_carea' id='block_1_84' title="bbox 2150 2297 3729 2384">
    <p class='ocr_par' dir='ltr' id='par_1_84' title="bbox 2150 2297 3729 2384">
     <span class='ocr_line' id='line_1_84' title="bbox 2150 2297 3729 2384; baseline 0.006 -28"><span class='ocrx_word' id='word_1_634' title='bbox 2150 2297 2244 2356; x_wconf 81' lang='grc' dir='ltr'>οῦν</span> <span class='ocrx_word' id='word_1_635' title='bbox 2272 2303 2453 2366; x_wconf 85' lang='grc' dir='ltr'>πάσας</span> <span class='ocrx_word' id='word_1_636' title='bbox 2475 2303 2575 2368; x_wconf 80' lang='grc' dir='ltr'>τὰς</span> <span class='ocrx_word' id='word_1_637' title='bbox 2607 2305 2822 2377; x_wconf 82' lang='grc' dir='ltr'>ἡμέρας</span> <span class='ocrx_word' id='word_1_638' title='bbox 2851 2297 3304 2380; x_wconf 20' lang='grc' dir='ltr'>ἐνδιατρίϐειντῆν</span> <span class='ocrx_word' id='word_1_639' title='bbox 3331 2315 3443 2374; x_wconf 84' lang='grc' dir='ltr'>τοῖς</span> <span class='ocrx_word' id='word_1_640' title='bbox 3473 2313 3600 2384; x_wconf 70' lang='grc' dir='ltr'>περὶ</span> <span class='ocrx_word' id='word_1_641' title='bbox 3629 2314 3729 2384; x_wconf 79' lang='grc' dir='ltr'>τῆς</span> 
     </span>
    </p>
   </div>
   <div class='ocr_carea' id='block_1_85' title="bbox 2150 2383 3729 2465">
    <p class='ocr_par' dir='ltr' id='par_1_85' title="bbox 2150 2383 3729 2465">
     <span class='ocr_line' id='line_1_85' title="bbox 2150 2383 3729 2465; baseline 0.008 -30"><span class='ocrx_word' id='word_1_642' title='bbox 2150 2383 2518 2456; x_wconf 86' lang='grc' dir='ltr'>ἐλεημοσύνης</span> <span class='ocrx_word' id='word_1_643' title='bbox 2571 2386 2770 2455; x_wconf 82' lang='grc' dir='ltr'>λόγοις.</span> <span class='ocrx_word' id='word_1_644' title='bbox 2817 2389 2879 2442; x_wconf 83' lang='grc' dir='ltr'><strong>Εἰ</strong></span> <span class='ocrx_word' id='word_1_645' title='bbox 2930 2390 2986 2444; x_wconf 79' lang='grc' dir='ltr'>δὲ</span> <span class='ocrx_word' id='word_1_646' title='bbox 3034 2391 3348 2462; x_wconf 85' lang='grc' dir='ltr'>ἀρκούντως</span> <span class='ocrx_word' id='word_1_647' title='bbox 3408 2383 3554 2463; x_wconf 78' lang='grc' dir='ltr'>ὑμῖν</span> <span class='ocrx_word' id='word_1_648' title='bbox 3585 2383 3729 2465; x_wconf 79' lang='grc' dir='ltr'>ἔχειν</span> 
     </span>
    </p>
   </div>
   <div class='ocr_carea' id='block_1_86' title="bbox 2147 2465 3725 2544">
    <p class='ocr_par' dir='ltr' id='par_1_86' title="bbox 2147 2465 3725 2544">
     <span class='ocr_line' id='line_1_86' title="bbox 2147 2465 3725 2544; baseline 0.008 -27"><span class='ocrx_word' id='word_1_649' title='bbox 2147 2465 2321 2519; x_wconf 88' lang='grc' dir='ltr'>ταῦτα</span> <span class='ocrx_word' id='word_1_650' title='bbox 2345 2467 2509 2530; x_wconf 89' lang='grc' dir='ltr'>δοκεῖ,</span> <span class='ocrx_word' id='word_1_651' title='bbox 2540 2468 2672 2539; x_wconf 79' lang='grc' dir='ltr'>φέρε</span> <span class='ocrx_word' id='word_1_652' title='bbox 2705 2471 2844 2524; x_wconf 75' lang='grc' dir='ltr'>αὐτὰ</span> <span class='ocrx_word' id='word_1_653' title='bbox 2876 2473 3490 2544; x_wconf 82' lang='grc' dir='ltr'>ἀνακεφαλαιωσώμεθα</span> <span class='ocrx_word' id='word_1_654' title='bbox 3526 2477 3725 2530; x_wconf 85' lang='grc' dir='ltr'>πάντα.</span> 
     </span>
    </p>
   </div>
   <div class='ocr_carea' id='block_1_87' title="bbox 2147 2547 3728 2630">
    <p class='ocr_par' dir='ltr' id='par_1_87' title="bbox 2147 2547 3728 2630">
     <span class='ocr_line' id='line_1_87' title="bbox 2147 2547 3728 2630; baseline 0.007 -27"><span class='ocrx_word' id='word_1_655' title='bbox 2147 2547 2317 2604; x_wconf 83' lang='grc' dir='ltr'>Εἶπον</span> <span class='ocrx_word' id='word_1_656' title='bbox 2344 2551 2486 2615; x_wconf 89' lang='grc' dir='ltr'>τίνος</span> <span class='ocrx_word' id='word_1_657' title='bbox 2513 2552 2700 2606; x_wconf 85' lang='grc' dir='ltr'>’ἐνεκεν</span> <span class='ocrx_word' id='word_1_658' title='bbox 2725 2557 2754 2608; x_wconf 86' lang='grc' dir='ltr'><strong>ὁ</strong></span> <span class='ocrx_word' id='word_1_659' title='bbox 2784 2557 3069 2628; x_wconf 76' lang='grc' dir='ltr'>προφήτης</span> <span class='ocrx_word' id='word_1_660' title='bbox 3103 2558 3238 2627; x_wconf 85' lang='grc' dir='ltr'>πρὸς</span> <span class='ocrx_word' id='word_1_661' title='bbox 3280 2559 3380 2629; x_wconf 77' lang='grc' dir='ltr'>τὴν</span> <span class='ocrx_word' id='word_1_662' title='bbox 3426 2561 3599 2630; x_wconf 81' lang='grc' dir='ltr'>χήραν</span> <span class='ocrx_word' id='word_1_663' title='bbox 3627 2563 3728 2614; x_wconf 84' lang='grc' dir='ltr'>άπ-</span> 
     </span>
    </p>
   </div>
   <div class='ocr_carea' id='block_1_88' title="bbox 2149 2635 3727 2714">
    <p class='ocr_par' dir='ltr' id='par_1_88' title="bbox 2149 2635 3727 2714">
     <span class='ocr_line' id='line_1_88' title="bbox 2149 2635 3727 2714; baseline 0.006 -28"><span class='ocrx_word' id='word_1_664' title='bbox 2149 2635 2448 2698; x_wconf 83' lang='grc' dir='ltr'>εστέλλετο,</span> <span class='ocrx_word' id='word_1_665' title='bbox 2479 2635 2566 2688; x_wconf 81' lang='grc' dir='ltr'>ἵνα</span> <span class='ocrx_word' id='word_1_666' title='bbox 2606 2637 2680 2707; x_wconf 82' lang='grc' dir='ltr'>μὴ</span> <span class='ocrx_word' id='word_1_667' title='bbox 2712 2639 3024 2711; x_wconf 75' lang='grc' dir='ltr'>μακαρίζῃς</span> <span class='ocrx_word' id='word_1_668' title='bbox 3051 2652 3078 2680; x_wconf 83' lang='grc' dir='ltr'>ι</span> <span class='ocrx_word' id='word_1_669' title='bbox 3109 2642 3321 2706; x_wconf 89' lang='grc' dir='ltr'>πενίαν,</span> <span class='ocrx_word' id='word_1_670' title='bbox 3369 2643 3454 2696; x_wconf 77' lang='grc' dir='ltr'>ἵνα</span> <span class='ocrx_word' id='word_1_671' title='bbox 3494 2645 3566 2714; x_wconf 81' lang='grc' dir='ltr'>μή</span> <span class='ocrx_word' id='word_1_672' title='bbox 3593 2643 3727 2696; x_wconf 87' lang='grc' dir='ltr'>θαυ-</span> 
     </span>
    </p>
   </div>
   <div class='ocr_carea' id='block_1_89' title="bbox 2152 2716 3724 2794">
    <p class='ocr_par' dir='ltr' id='par_1_89' title="bbox 2152 2716 3724 2794">
     <span class='ocr_line' id='line_1_89' title="bbox 2152 2716 3724 2794; baseline 0.007 -25"><span class='ocrx_word' id='word_1_673' title='bbox 2152 2716 2329 2788; x_wconf 76' lang='grc' dir='ltr'>μάζῃς</span> <span class='ocrx_word' id='word_1_674' title='bbox 2368 2719 2620 2782; x_wconf 88' lang='grc' dir='ltr'>πλοῦτον,</span> <span class='ocrx_word' id='word_1_675' title='bbox 2667 2720 2751 2773; x_wconf 85' lang='grc' dir='ltr'>ἵνα</span> <span class='ocrx_word' id='word_1_676' title='bbox 2800 2722 2874 2791; x_wconf 81' lang='grc' dir='ltr'>μὴ</span> <span class='ocrx_word' id='word_1_677' title='bbox 2905 2722 2996 2774; x_wconf 83' lang='grc' dir='ltr'>τὸν</span> <span class='ocrx_word' id='word_1_678' title='bbox 3031 2721 3262 2793; x_wconf 87' lang='grc' dir='ltr'>εῦπορον</span> <span class='ocrx_word' id='word_1_679' title='bbox 3301 2724 3538 2794; x_wconf 76' lang='grc' dir='ltr'>ζηλωτὸν</span> <span class='ocrx_word' id='word_1_680' title='bbox 3583 2724 3724 2780; x_wconf 76' lang='grc' dir='ltr'>εἶναι</span> 
     </span>
    </p>
   </div>
   <div class='ocr_carea' id='block_1_90' title="bbox 2149 2798 3724 2877">
    <p class='ocr_par' dir='ltr' id='par_1_90' title="bbox 2149 2798 3724 2877">
     <span class='ocr_line' id='line_1_90' title="bbox 2149 2798 3724 2877; baseline 0.008 -25"><span class='ocrx_word' id='word_1_681' title='bbox 2149 2799 2410 2872; x_wconf 76' lang='grc' dir='ltr'>νομίζῃς,</span> <span class='ocrx_word' id='word_1_682' title='bbox 2454 2798 2537 2853; x_wconf 79' lang='grc' dir='ltr'>ἵνα</span> <span class='ocrx_word' id='word_1_683' title='bbox 2576 2800 2650 2872; x_wconf 84' lang='grc' dir='ltr'>μή</span> <span class='ocrx_word' id='word_1_684' title='bbox 2687 2800 2777 2855; x_wconf 76' lang='grc' dir='ltr'>τὸν</span> <span class='ocrx_word' id='word_1_685' title='bbox 2814 2801 2872 2855; x_wconf 78' lang='grc' dir='ltr'>ἐν</span> <span class='ocrx_word' id='word_1_686' title='bbox 2910 2804 3149 2877; x_wconf 73' lang='grc' dir='ltr'>πτωχεία</span> <span class='ocrx_word' id='word_1_687' title='bbox 3187 2804 3364 2869; x_wconf 82' lang='grc' dir='ltr'>ζῶντα</span> <span class='ocrx_word' id='word_1_688' title='bbox 3401 2807 3579 2862; x_wconf 77' lang='grc' dir='ltr'>ἄθλιον</span> <span class='ocrx_word' id='word_1_689' title='bbox 3629 2813 3724 2864; x_wconf 78' lang='grc' dir='ltr'>καὶ</span> 
     </span>
    </p>
   </div>
   <div class='ocr_carea' id='block_1_91' title="bbox 2149 2881 3724 2958">
    <p class='ocr_par' dir='ltr' id='par_1_91' title="bbox 2149 2881 3724 2958">
     <span class='ocr_line' id='line_1_91' title="bbox 2149 2881 3724 2958; baseline 0.009 -27"><span class='ocrx_word' id='word_1_690' title='bbox 2149 2881 2401 2942; x_wconf 72' lang='grc' dir='ltr'>ἐλεεινὸν,</span> <span class='ocrx_word' id='word_1_691' title='bbox 2432 2882 2518 2934; x_wconf 79' lang='grc' dir='ltr'>ἵνα</span> <span class='ocrx_word' id='word_1_692' title='bbox 2567 2882 2745 2955; x_wconf 77' lang='grc' dir='ltr'>μάθῃς</span> <span class='ocrx_word' id='word_1_693' title='bbox 2787 2884 2885 2955; x_wconf 86' lang='grc' dir='ltr'>τὴν</span> <span class='ocrx_word' id='word_1_694' title='bbox 2925 2887 3220 2957; x_wconf 83' lang='grc' dir='ltr'>Ἰουδαῖκὴν</span> <span class='ocrx_word' id='word_1_695' title='bbox 3251 2888 3531 2958; x_wconf 73' lang='grc' dir='ltr'>πονηρίαν.</span> <span class='ocrx_word' id='word_1_696' title='bbox 3565 2893 3724 2956; x_wconf 84' lang='grc' dir='ltr'>Ἐθος</span> 
     </span>
    </p>
   </div>
   <div class='ocr_carea' id='block_1_92' title="bbox 2150 2965 3724 3042">
    <p class='ocr_par' dir='ltr' id='par_1_92' title="bbox 2150 2965 3724 3042">
     <span class='ocr_line' id='line_1_92' title="bbox 2150 2965 3724 3042; baseline 0.007 -25"><span class='ocrx_word' id='word_1_697' title='bbox 2150 2966 2259 3036; x_wconf 76' lang='grc' dir='ltr'>γὰρ</span> <span class='ocrx_word' id='word_1_698' title='bbox 2304 2965 2382 3036; x_wconf 83' lang='grc' dir='ltr'>τῷ</span> <span class='ocrx_word' id='word_1_699' title='bbox 2438 2965 2556 3036; x_wconf 80' lang='grc' dir='ltr'>Θεῷ</span> <span class='ocrx_word' id='word_1_700' title='bbox 2621 2967 2868 3036; x_wconf 85' lang='grc' dir='ltr'>μέλλοντι</span> <span class='ocrx_word' id='word_1_701' title='bbox 2925 2967 3196 3035; x_wconf 71' lang='grc' dir='ltr'>κολάζειν,</span> <span class='ocrx_word' id='word_1_702' title='bbox 3250 2972 3344 3024; x_wconf 75' lang='grc' dir='ltr'>καὶ</span> <span class='ocrx_word' id='word_1_703' title='bbox 3399 2974 3530 3042; x_wconf 87' lang='grc' dir='ltr'>ήμῖν</span> <span class='ocrx_word' id='word_1_704' title='bbox 3590 2976 3724 3028; x_wconf 81' lang='grc' dir='ltr'>ἀπο-</span> 
     </span>
    </p>
   </div>
   <div class='ocr_carea' id='block_1_93' title="bbox 2149 3045 3725 3126">
    <p class='ocr_par' dir='ltr' id='par_1_93' title="bbox 2149 3045 3725 3126">
     <span class='ocr_line' id='line_1_93' title="bbox 2149 3045 3725 3126; baseline 0.009 -28"><span class='ocrx_word' id='word_1_705' title='bbox 2149 3045 2419 3114; x_wconf 88' lang='grc' dir='ltr'>λογεῖσθαι</span> <span class='ocrx_word' id='word_1_706' title='bbox 2452 3048 2542 3102; x_wconf 78' lang='grc' dir='ltr'>διὰ</span> <span class='ocrx_word' id='word_1_707' title='bbox 2573 3049 2680 3100; x_wconf 90' lang='grc' dir='ltr'>τῶν</span> <span class='ocrx_word' id='word_1_708' title='bbox 2724 3051 3062 3119; x_wconf 85' lang='grc' dir='ltr'>πραγμάτων</span> <span class='ocrx_word' id='word_1_709' title='bbox 3101 3051 3280 3104; x_wconf 83' lang='grc' dir='ltr'>αὐτῶν</span> <span class='ocrx_word' id='word_1_710' title='bbox 3303 3069 3315 3080; x_wconf 86' lang='grc'>·</span> <span class='ocrx_word' id='word_1_711' title='bbox 3349 3053 3434 3106; x_wconf 82' lang='grc' dir='ltr'>ἵνα</span> <span class='ocrx_word' id='word_1_712' title='bbox 3473 3057 3545 3126; x_wconf 80' lang='grc' dir='ltr'>μὴ</span> <span class='ocrx_word' id='word_1_713' title='bbox 3585 3060 3725 3126; x_wconf 72' lang='grc' dir='ltr'>μετὰ</span> 
     </span>
    </p>
   </div>
   <div class='ocr_carea' id='block_1_94' title="bbox 2149 3130 3724 3210">
    <p class='ocr_par' dir='ltr' id='par_1_94' title="bbox 2149 3130 3724 3210">
     <span class='ocr_line' id='line_1_94' title="bbox 2149 3130 3724 3210; baseline 0.008 -28"><span class='ocrx_word' id='word_1_714' title='bbox 2149 3130 2322 3183; x_wconf 88' lang='grc' dir='ltr'>ταῦτα</span> <span class='ocrx_word' id='word_1_715' title='bbox 2366 3130 2488 3183; x_wconf 80' lang='grc' dir='ltr'>ἰδὼν</span> <span class='ocrx_word' id='word_1_716' title='bbox 2517 3132 2608 3183; x_wconf 83' lang='grc' dir='ltr'>τὸν</span> <span class='ocrx_word' id='word_1_717' title='bbox 2649 3133 2823 3185; x_wconf 75' lang='grc' dir='ltr'>κοινὸν</span> <span class='ocrx_word' id='word_1_718' title='bbox 2858 3133 3110 3187; x_wconf 84' lang='grc' dir='ltr'>ἁπάντων</span> <span class='ocrx_word' id='word_1_719' title='bbox 3160 3136 3390 3207; x_wconf 82' lang='grc' dir='ltr'>Σωτῆρα</span> <span class='ocrx_word' id='word_1_720' title='bbox 3423 3139 3574 3208; x_wconf 75' lang='grc' dir='ltr'>παρὰ</span> <span class='ocrx_word' id='word_1_721' title='bbox 3626 3142 3724 3210; x_wconf 78' lang='grc' dir='ltr'>μὲν</span> 
     </span>
    </p>
   </div>
   <div class='ocr_carea' id='block_1_95' title="bbox 2149 3213 3725 3294">
    <p class='ocr_par' dir='ltr' id='par_1_95' title="bbox 2149 3213 3725 3294">
     <span class='ocr_line' id='line_1_95' title="bbox 2149 3213 3725 3294; baseline 0.006 -28"><span class='ocrx_word' id='word_1_722' title='bbox 2149 3213 2373 3268; x_wconf 77' lang='grc' dir='ltr'>ἐκείνων</span> <span class='ocrx_word' id='word_1_723' title='bbox 2404 3215 2782 3286; x_wconf 80' lang='grc' dir='ltr'>ἐλαυνόμενον,</span> <span class='ocrx_word' id='word_1_724' title='bbox 2827 3217 2976 3287; x_wconf 68' lang='grc' dir='ltr'>παρὰ</span> <span class='ocrx_word' id='word_1_725' title='bbox 3026 3217 3080 3269; x_wconf 81' lang='grc' dir='ltr'>δὲ</span> <span class='ocrx_word' id='word_1_726' title='bbox 3110 3219 3215 3270; x_wconf 89' lang='grc' dir='ltr'>τῶν</span> <span class='ocrx_word' id='word_1_727' title='bbox 3262 3219 3427 3273; x_wconf 81' lang='grc' dir='ltr'>ἐθνῶν</span> <span class='ocrx_word' id='word_1_728' title='bbox 3466 3222 3725 3294; x_wconf 81' lang='grc' dir='ltr'>ὑποδεχό-</span> 
     </span>
    </p>
   </div>
   <div class='ocr_carea' id='block_1_96' title="bbox 2153 3297 3724 3377">
    <p class='ocr_par' dir='ltr' id='par_1_96' title="bbox 2153 3297 3724 3377">
     <span class='ocr_line' id='line_1_96' title="bbox 2153 3297 3724 3377; baseline 0.008 -29"><span class='ocrx_word' id='word_1_729' title='bbox 2153 3313 2332 3366; x_wconf 84' lang='grc' dir='ltr'>μενον,</span> <span class='ocrx_word' id='word_1_730' title='bbox 2364 3297 2650 3370; x_wconf 80' lang='grc' dir='ltr'>θαυμάζῃς</span> <span class='ocrx_word' id='word_1_731' title='bbox 2693 3300 2786 3351; x_wconf 65' lang='grc' dir='ltr'>καὶ</span> <span class='ocrx_word' id='word_1_732' title='bbox 2832 3301 3124 3370; x_wconf 77' lang='grc' dir='ltr'>διαπορῇς,</span> <span class='ocrx_word' id='word_1_733' title='bbox 3178 3301 3384 3356; x_wconf 83' lang='grc' dir='ltr'>ἄνωθεν</span> <span class='ocrx_word' id='word_1_734' title='bbox 3421 3305 3600 3360; x_wconf 77' lang='grc' dir='ltr'>αὐτῶν</span> <span class='ocrx_word' id='word_1_735' title='bbox 3627 3306 3724 3377; x_wconf 77' lang='grc' dir='ltr'>τὴν</span> 
     </span>
    </p>
   </div>
   <div class='ocr_carea' id='block_1_97' title="bbox 2149 3381 3726 3452">
    <p class='ocr_par' dir='ltr' id='par_1_97' title="bbox 2149 3381 3726 3452">
     <span class='ocr_line' id='line_1_97' title="bbox 2149 3381 3726 3452; baseline 0.005 -18"><span class='ocrx_word' id='word_1_736' title='bbox 2149 3381 2540 3452; x_wconf 79' lang='grc' dir='ltr'>ἀγνωμοσύνην</span> <span class='ocrx_word' id='word_1_737' title='bbox 2584 3381 2936 3452; x_wconf 82' lang='grc' dir='ltr'>καταμαθὼν,</span> <span class='ocrx_word' id='word_1_738' title='bbox 2986 3385 3081 3436; x_wconf 77' lang='grc' dir='ltr'>καὶ</span> <span class='ocrx_word' id='word_1_739' title='bbox 3115 3387 3190 3447; x_wconf 86' lang='grc' dir='ltr'>ὡς</span> <span class='ocrx_word' id='word_1_740' title='bbox 3223 3385 3340 3447; x_wconf 76' lang='grc' dir='ltr'>ἔθος</span> <span class='ocrx_word' id='word_1_741' title='bbox 3384 3389 3570 3452; x_wconf 81' lang='grc' dir='ltr'>αὐτοῖς</span> <span class='ocrx_word' id='word_1_742' title='bbox 3600 3390 3726 3448; x_wconf 75' lang='grc' dir='ltr'>τοῦς</span> 
     </span>
    </p>
   </div>
   <div class='ocr_carea' id='block_1_98' title="bbox 2149 3463 3724 3541">
    <p class='ocr_par' dir='ltr' id='par_1_98' title="bbox 2149 3463 3724 3541">
     <span class='ocr_line' id='line_1_98' title="bbox 2149 3463 3724 3541; baseline 0.005 -25"><span class='ocrx_word' id='word_1_743' title='bbox 2149 3464 2444 3535; x_wconf 82' lang='grc' dir='ltr'>εὐεργέτας</span> <span class='ocrx_word' id='word_1_744' title='bbox 2493 3463 2767 3517; x_wconf 80' lang='grc' dir='ltr'>ἐλαύνειν·</span> <span class='ocrx_word' id='word_1_745' title='bbox 2817 3466 2902 3517; x_wconf 85' lang='grc' dir='ltr'>ἵνα</span> <span class='ocrx_word' id='word_1_746' title='bbox 2948 3467 3022 3538; x_wconf 79' lang='grc' dir='ltr'>μή</span> <span class='ocrx_word' id='word_1_747' title='bbox 3059 3467 3285 3538; x_wconf 76' lang='grc' dir='ltr'>νομίσῃς</span> <span class='ocrx_word' id='word_1_748' title='bbox 3325 3468 3607 3541; x_wconf 77' lang='grc' dir='ltr'>ὠμότητος</span> <span class='ocrx_word' id='word_1_749' title='bbox 3645 3466 3724 3523; x_wconf 79' lang='grc' dir='ltr'>εί·-</span> 
     </span>
    </p>
   </div>
   <div class='ocr_carea' id='block_1_99' title="bbox 2146 3546 3721 3623">
    <p class='ocr_par' dir='ltr' id='par_1_99' title="bbox 2146 3546 3721 3623">
     <span class='ocr_line' id='line_1_99' title="bbox 2146 3546 3721 3623; baseline 0.004 -25"><span class='ocrx_word' id='word_1_750' title='bbox 2146 3563 2234 3599; x_wconf 90' lang='grc' dir='ltr'>ναι</span> <span class='ocrx_word' id='word_1_751' title='bbox 2268 3546 2361 3600; x_wconf 88' lang='grc' dir='ltr'>τοῦ</span> <span class='ocrx_word' id='word_1_752' title='bbox 2398 3550 2674 3618; x_wconf 75' lang='grc' dir='ltr'>προφήτου</span> <span class='ocrx_word' id='word_1_753' title='bbox 2703 3548 2801 3618; x_wconf 86' lang='grc' dir='ltr'>τὴν</span> <span class='ocrx_word' id='word_1_754' title='bbox 2843 3550 3029 3621; x_wconf 80' lang='grc' dir='ltr'>εὐχὴν,</span> <span class='ocrx_word' id='word_1_755' title='bbox 3061 3551 3154 3603; x_wconf 77' lang='grc' dir='ltr'>καὶ</span> <span class='ocrx_word' id='word_1_756' title='bbox 3181 3550 3278 3620; x_wconf 81' lang='grc' dir='ltr'>τήν</span> <span class='ocrx_word' id='word_1_757' title='bbox 3314 3552 3415 3620; x_wconf 77' lang='grc' dir='ltr'>τῆς</span> <span class='ocrx_word' id='word_1_758' title='bbox 3450 3553 3721 3623; x_wconf 85' lang='grc' dir='ltr'>τιμωρίας</span> 
     </span>
    </p>
   </div>
   <div class='ocr_carea' id='block_1_100' title="bbox 2148 3631 3721 3704">
    <p class='ocr_par' dir='ltr' id='par_1_100' title="bbox 2148 3631 3721 3704">
     <span class='ocr_line' id='line_1_100' title="bbox 2148 3631 3721 3704; baseline 0.005 -22"><span class='ocrx_word' id='word_1_759' title='bbox 2148 3631 2479 3700; x_wconf 81' lang='grc' dir='ltr'>παράτασιν,</span> <span class='ocrx_word' id='word_1_760' title='bbox 2519 3632 2656 3685; x_wconf 73' lang='grc' dir='ltr'>ἀλλὰ</span> <span class='ocrx_word' id='word_1_761' title='bbox 2706 3631 2871 3703; x_wconf 78' lang='grc' dir='ltr'>ζήλου</span> <span class='ocrx_word' id='word_1_762' title='bbox 2918 3633 3062 3687; x_wconf 88' lang='grc' dir='ltr'>θείου</span> <span class='ocrx_word' id='word_1_763' title='bbox 3097 3634 3188 3686; x_wconf 77' lang='grc' dir='ltr'>καὶ</span> <span class='ocrx_word' id='word_1_764' title='bbox 3231 3635 3585 3704; x_wconf 82' lang='grc' dir='ltr'>κηδεμονίας·</span> <span class='ocrx_word' id='word_1_765' title='bbox 3629 3638 3721 3690; x_wconf 87' lang='grc' dir='ltr'>ἵνα</span> 
     </span>
    </p>
   </div>
   <div class='ocr_carea' id='block_1_101' title="bbox 2151 3714 3720 3789">
    <p class='ocr_par' dir='ltr' id='par_1_101' title="bbox 2151 3714 3720 3789">
     <span class='ocr_line' id='line_1_101' title="bbox 2151 3714 3720 3789; baseline 0.005 -22"><span class='ocrx_word' id='word_1_766' title='bbox 2151 3714 2330 3787; x_wconf 80' lang='grc' dir='ltr'>μάθῃς</span> <span class='ocrx_word' id='word_1_767' title='bbox 2359 3715 2438 3767; x_wconf 81' lang='grc' dir='ltr'>ὅτι</span> <span class='ocrx_word' id='word_1_768' title='bbox 2473 3716 2530 3789; x_wconf 77' lang='grc' dir='ltr'>ἐν</span> <span class='ocrx_word' id='word_1_769' title='bbox 2561 3717 2674 3778; x_wconf 89' lang='grc' dir='ltr'>τοῖς</span> <span class='ocrx_word' id='word_1_770' title='bbox 2723 3715 3000 3785; x_wconf 87' lang='grc' dir='ltr'>μεγίστοις</span> <span class='ocrx_word' id='word_1_771' title='bbox 3048 3717 3429 3789; x_wconf 81' lang='grc' dir='ltr'>κατορθώμασι</span> <span class='ocrx_word' id='word_1_772' title='bbox 3473 3719 3570 3772; x_wconf 69' lang='grc' dir='ltr'>καὶ</span> <span class='ocrx_word' id='word_1_773' title='bbox 3611 3737 3720 3774; x_wconf 88' lang='grc' dir='ltr'>σω-</span> 
     </span>
    </p>
   </div>
   <div class='ocr_carea' id='block_1_102' title="bbox 2148 3788 3722 3871">
    <p class='ocr_par' dir='ltr' id='par_1_102' title="bbox 2148 3788 3722 3871">
     <span class='ocr_line' id='line_1_102' title="bbox 2148 3788 3722 3871; baseline 0.004 -21"><span class='ocrx_word' id='word_1_774' title='bbox 2148 3797 2446 3869; x_wconf 86' lang='grc' dir='ltr'>φρονισμοῦ</span> <span class='ocrx_word' id='word_1_775' title='bbox 2473 3788 2652 3868; x_wconf 80' lang='grc' dir='ltr'>¹ήμῶν</span> <span class='ocrx_word' id='word_1_776' title='bbox 2700 3800 2733 3869; x_wconf 89' lang='grc' dir='ltr'>ή</span> <span class='ocrx_word' id='word_1_777' title='bbox 2779 3800 2936 3866; x_wconf 63' lang='grc' dir='ltr'>φύσις</span> <span class='ocrx_word' id='word_1_778' title='bbox 2984 3788 3194 3854; x_wconf 87' lang='grc' dir='ltr'>δεῖται·</span> <span class='ocrx_word' id='word_1_779' title='bbox 3222 3801 3308 3854; x_wconf 83' lang='grc' dir='ltr'>ἵνα</span> <span class='ocrx_word' id='word_1_780' title='bbox 3357 3803 3431 3871; x_wconf 82' lang='grc' dir='ltr'>μὴ</span> <span class='ocrx_word' id='word_1_781' title='bbox 3467 3819 3722 3868; x_wconf 86' lang='grc' dir='ltr'>παρακα-</span> 
     </span>
    </p>
   </div>
   <div class='ocr_carea' id='block_1_103' title="bbox 2145 3879 3719 3953">
    <p class='ocr_par' dir='ltr' id='par_1_103' title="bbox 2145 3879 3719 3953">
     <span class='ocr_line' id='line_1_103' title="bbox 2145 3879 3719 3953; baseline 0.004 -21"><span class='ocrx_word' id='word_1_782' title='bbox 2145 3879 2404 3950; x_wconf 88' lang='grc' dir='ltr'>λούμενος</span> <span class='ocrx_word' id='word_1_783' title='bbox 2432 3881 2512 3943; x_wconf 86' lang='grc' dir='ltr'>εἰς</span> <span class='ocrx_word' id='word_1_784' title='bbox 2540 3881 2630 3933; x_wconf 78' lang='grc' dir='ltr'>τὸν</span> <span class='ocrx_word' id='word_1_785' title='bbox 2660 3880 2823 3934; x_wconf 79' lang='grc' dir='ltr'>αὑτὸν</span> <span class='ocrx_word' id='word_1_786' title='bbox 2863 3880 2958 3936; x_wconf 91' lang='grc' dir='ltr'>τοῦ</span> <span class='ocrx_word' id='word_1_787' title='bbox 2987 3885 3268 3953; x_wconf 84' lang='grc' dir='ltr'>προφήτου</span> <span class='ocrx_word' id='word_1_788' title='bbox 3311 3883 3494 3953; x_wconf 80' lang='grc' dir='ltr'>ζῆλον,</span> <span class='ocrx_word' id='word_1_789' title='bbox 3527 3885 3719 3938; x_wconf 85' lang='grc' dir='ltr'>ἀδύνα-</span> 
     </span>
    </p>
   </div>
   <div class='ocr_carea' id='block_1_104' title="bbox 2144 3960 3718 4040">
    <p class='ocr_par' dir='ltr' id='par_1_104' title="bbox 2144 3960 3718 4040">
     <span class='ocr_line' id='line_1_104' title="bbox 2144 3960 3718 4040; baseline 0.004 -25"><span class='ocrx_word' id='word_1_790' title='bbox 2144 3980 2234 4016; x_wconf 88' lang='grc' dir='ltr'>τον</span> <span class='ocrx_word' id='word_1_791' title='bbox 2263 3960 2401 4018; x_wconf 80' lang='grc' dir='ltr'>εἶναι</span> <span class='ocrx_word' id='word_1_792' title='bbox 2432 3964 2658 4037; x_wconf 77' lang='grc' dir='ltr'>νομίσῃς</span> <span class='ocrx_word' id='word_1_793' title='bbox 2683 3964 2779 4034; x_wconf 71' lang='grc' dir='ltr'>τήν</span> <span class='ocrx_word' id='word_1_794' title='bbox 2820 3964 3072 4036; x_wconf 88' lang='grc' dir='ltr'>μίμησιν.</span> <span class='ocrx_word' id='word_1_795' title='bbox 3101 3962 3266 4019; x_wconf 78' lang='grc' dir='ltr'><strong>Εἶπον</strong></span> <span class='ocrx_word' id='word_1_796' title='bbox 3290 3968 3417 4040; x_wconf 69' lang='grc' dir='ltr'>περὶ</span> <span class='ocrx_word' id='word_1_797' title='bbox 3445 3966 3594 4039; x_wconf 79' lang='lat'>[537]</span> <span class='ocrx_word' id='word_1_798' title='bbox 3622 3971 3718 4038; x_wconf 85' lang='grc' dir='ltr'>τῆς</span> 
     </span>
    </p>
   </div>
   <div class='ocr_carea' id='block_1_105' title="bbox 2144 4045 3716 4120">
    <p class='ocr_par' dir='ltr' id='par_1_105' title="bbox 2144 4045 3716 4120">
     <span class='ocr_line' id='line_1_105' title="bbox 2144 4045 3716 4120; baseline 0.004 -23"><span class='ocrx_word' id='word_1_799' title='bbox 2144 4047 2340 4116; x_wconf 85' lang='grc' dir='ltr'>χήρας,</span> <span class='ocrx_word' id='word_1_800' title='bbox 2380 4045 2495 4109; x_wconf 90' lang='grc' dir='ltr'>πῶς</span> <span class='ocrx_word' id='word_1_801' title='bbox 2519 4047 2576 4098; x_wconf 85' lang='grc' dir='ltr'>ἐν</span> <span class='ocrx_word' id='word_1_802' title='bbox 2609 4045 2843 4118; x_wconf 76' lang='grc' dir='ltr'>τοσαύτῃ</span> <span class='ocrx_word' id='word_1_803' title='bbox 2887 4050 3216 4120; x_wconf 79' lang='grc' dir='ltr'>στενοχωρίᾳ</span> <span class='ocrx_word' id='word_1_804' title='bbox 3243 4045 3397 4109; x_wconf 75' lang='grc' dir='ltr'>οὖσα.</span> <span class='ocrx_word' id='word_1_805' title='bbox 3426 4049 3519 4102; x_wconf 87' lang='grc' dir='ltr'>τοῦ</span> <span class='ocrx_word' id='word_1_806' title='bbox 3561 4049 3716 4120; x_wconf 85' lang='grc' dir='ltr'>λιμοῦ</span> 
     </span>
    </p>
   </div>
   <div class='ocr_carea' id='block_1_106' title="bbox 2144 4127 3719 4203">
    <p class='ocr_par' dir='ltr' id='par_1_106' title="bbox 2144 4127 3719 4203">
     <span class='ocr_line' id='line_1_106' title="bbox 2144 4127 3719 4203; baseline 0.003 -23"><span class='ocrx_word' id='word_1_807' title='bbox 2144 4127 2669 4195; x_wconf 74' lang='grc' dir='ltr'>καταναγκάζοντος,</span> <span class='ocrx_word' id='word_1_808' title='bbox 2713 4130 2833 4182; x_wconf 81' lang='grc' dir='ltr'>ούδέ</span> <span class='ocrx_word' id='word_1_809' title='bbox 2864 4130 3013 4200; x_wconf 78' lang='grc' dir='ltr'>ῥῆμα</span> <span class='ocrx_word' id='word_1_810' title='bbox 3059 4131 3252 4201; x_wconf 79' lang='grc' dir='ltr'>πικρὸν</span> <span class='ocrx_word' id='word_1_811' title='bbox 3289 4131 3426 4200; x_wconf 77' lang='grc' dir='ltr'>πρὸς</span> <span class='ocrx_word' id='word_1_812' title='bbox 3463 4132 3552 4184; x_wconf 71' lang='grc' dir='ltr'>τὸν</span> <span class='ocrx_word' id='word_1_813' title='bbox 3596 4150 3719 4203; x_wconf 82' lang='grc' dir='ltr'>προ·</span> 
     </span>
    </p>
   </div>
   <div class='ocr_carea' id='block_1_107' title="bbox 2145 4209 3719 4286">
    <p class='ocr_par' dir='ltr' id='par_1_107' title="bbox 2145 4209 3719 4286">
     <span class='ocr_line' id='line_1_107' title="bbox 2145 4209 3719 4286; baseline 0.002 -23"><span class='ocrx_word' id='word_1_814' title='bbox 2145 4213 2322 4282; x_wconf 85' lang='grc' dir='ltr'>φήτην</span> <span class='ocrx_word' id='word_1_815' title='bbox 2355 4209 2597 4275; x_wconf 85' lang='grc' dir='ltr'>ἐξέϐαλε,</span> <span class='ocrx_word' id='word_1_816' title='bbox 2637 4213 2812 4265; x_wconf 86' lang='grc' dir='ltr'>καίτοι</span> <span class='ocrx_word' id='word_1_817' title='bbox 2851 4229 2914 4280; x_wconf 89' lang='grc' dir='ltr'>γε</span> <span class='ocrx_word' id='word_1_818' title='bbox 2955 4213 3100 4277; x_wconf 75' lang='grc' dir='ltr'>είκδς</span> <span class='ocrx_word' id='word_1_819' title='bbox 3142 4209 3242 4286; x_wconf 80' lang='grc' dir='ltr'>ἦν·</span> <span class='ocrx_word' id='word_1_820' title='bbox 3282 4215 3374 4266; x_wconf 79' lang='grc' dir='ltr'>καὶ</span> <span class='ocrx_word' id='word_1_821' title='bbox 3413 4214 3589 4280; x_wconf 81' lang='grc' dir='ltr'>ἔδειξα</span> <span class='ocrx_word' id='word_1_822' title='bbox 3626 4218 3719 4268; x_wconf 74' lang='grc' dir='ltr'>καὶ</span> 
     </span>
    </p>
   </div>
   <div class='ocr_carea' id='block_1_108' title="bbox 2143 4292 3718 4367">
    <p class='ocr_par' dir='ltr' id='par_1_108' title="bbox 2143 4292 3718 4367">
     <span class='ocr_line' id='line_1_108' title="bbox 2143 4292 3718 4367; baseline 0.002 -21"><span class='ocrx_word' id='word_1_823' title='bbox 2143 4292 2300 4347; x_wconf 89' lang='grc' dir='ltr'>τοῦτο</span> <span class='ocrx_word' id='word_1_824' title='bbox 2342 4295 2406 4347; x_wconf 83' lang='grc' dir='ltr'>ἐκ</span> <span class='ocrx_word' id='word_1_825' title='bbox 2467 4293 2575 4348; x_wconf 87' lang='grc' dir='ltr'>τῶν</span> <span class='ocrx_word' id='word_1_826' title='bbox 2616 4294 2925 4348; x_wconf 79' lang='grc' dir='ltr'>Ἰουδαϊκῶν</span> <span class='ocrx_word' id='word_1_827' title='bbox 2979 4295 3374 4367; x_wconf 79' lang='grc' dir='ltr'>φρονημάτων·</span> <span class='ocrx_word' id='word_1_828' title='bbox 3429 4296 3544 4350; x_wconf 81' lang='grc' dir='ltr'>ἀλλ’</span> <span class='ocrx_word' id='word_1_829' title='bbox 3569 4297 3718 4351; x_wconf 79' lang='grc' dir='ltr'>οὐδὲν</span> 
     </span>
    </p>
   </div>
   <div class='ocr_carea' id='block_1_109' title="bbox 2142 4375 3716 4451">
    <p class='ocr_par' dir='ltr' id='par_1_109' title="bbox 2142 4375 3716 4451">
     <span class='ocr_line' id='line_1_109' title="bbox 2142 4375 3716 4451; baseline 0.001 -21"><span class='ocrx_word' id='word_1_830' title='bbox 2142 4375 2381 4430; x_wconf 89' lang='grc' dir='ltr'>τοιοῦτον</span> <span class='ocrx_word' id='word_1_831' title='bbox 2411 4377 2611 4430; x_wconf 74' lang='grc' dir='ltr'>ἔπαθεν</span> <span class='ocrx_word' id='word_1_832' title='bbox 2641 4377 2845 4448; x_wconf 84' lang='grc' dir='ltr'>ἐκείνη,</span> <span class='ocrx_word' id='word_1_833' title='bbox 2873 4379 3009 4432; x_wconf 74' lang='grc' dir='ltr'>ἀλλὰ</span> <span class='ocrx_word' id='word_1_834' title='bbox 3043 4379 3181 4449; x_wconf 78' lang='grc' dir='ltr'>μετὰ</span> <span class='ocrx_word' id='word_1_835' title='bbox 3209 4380 3390 4451; x_wconf 88' lang='grc' dir='ltr'>πάσης</span> <span class='ocrx_word' id='word_1_836' title='bbox 3414 4380 3577 4434; x_wconf 80' lang='grc' dir='ltr'>αὐτὸν</span> <span class='ocrx_word' id='word_1_837' title='bbox 3603 4380 3716 4433; x_wconf 81' lang='grc' dir='ltr'>ὲδέ⁴</span> 
     </span>
    </p>
   </div>
   <div class='ocr_carea' id='block_1_110' title="bbox 2146 4459 3720 4533">
    <p class='ocr_par' dir='ltr' id='par_1_110' title="bbox 2146 4459 3720 4533">
     <span class='ocr_line' id='line_1_110' title="bbox 2146 4459 3720 4533; baseline 0.002 -20"><span class='ocrx_word' id='word_1_838' title='bbox 2146 4459 2275 4524; x_wconf 82' lang='grc' dir='ltr'>ξατο</span> <span class='ocrx_word' id='word_1_839' title='bbox 2307 4459 2728 4530; x_wconf 81' lang='grc' dir='ltr'>φιλοφροσύνης,</span> <span class='ocrx_word' id='word_1_840' title='bbox 2771 4463 2866 4515; x_wconf 75' lang='grc' dir='ltr'>καὶ</span> <span class='ocrx_word' id='word_1_841' title='bbox 2897 4462 2997 4533; x_wconf 80' lang='grc' dir='ltr'>τήν</span> <span class='ocrx_word' id='word_1_842' title='bbox 3037 4463 3223 4518; x_wconf 85' lang='grc' dir='ltr'>πενίαν</span> <span class='ocrx_word' id='word_1_843' title='bbox 3257 4465 3472 4523; x_wconf 74' lang='grc' dir='ltr'>ἃπασαν</span> <span class='ocrx_word' id='word_1_844' title='bbox 3504 4466 3583 4527; x_wconf 81' lang='grc' dir='ltr'>εἰς</span> <span class='ocrx_word' id='word_1_845' title='bbox 3618 4463 3720 4532; x_wconf 75' lang='grc' dir='ltr'>τὴν</span> 
     </span>
    </p>
   </div>
   <div class='ocr_carea' id='block_1_111' title="bbox 2143 4541 3722 4615">
    <p class='ocr_par' dir='ltr' id='par_1_111' title="bbox 2143 4541 3722 4615">
     <span class='ocr_line' id='line_1_111' title="bbox 2143 4541 3722 4615; baseline 0.001 -18"><span class='ocrx_word' id='word_1_846' title='bbox 2143 4542 2349 4597; x_wconf 82' lang='grc' dir='ltr'>ἐκείνου</span> <span class='ocrx_word' id='word_1_847' title='bbox 2387 4543 2553 4615; x_wconf 82' lang='grc' dir='ltr'>τιμήν</span> <span class='ocrx_word' id='word_1_848' title='bbox 2586 4544 2840 4607; x_wconf 87' lang='grc' dir='ltr'>ἐκένωσε,</span> <span class='ocrx_word' id='word_1_849' title='bbox 2878 4546 2972 4598; x_wconf 74' lang='grc' dir='ltr'>καὶ</span> <span class='ocrx_word' id='word_1_850' title='bbox 3012 4544 3235 4599; x_wconf 84' lang='grc' dir='ltr'>Σιδωνία</span> <span class='ocrx_word' id='word_1_851' title='bbox 3265 4541 3398 4599; x_wconf 83' lang='grc' dir='ltr'>οὖσα</span> <span class='ocrx_word' id='word_1_852' title='bbox 3429 4545 3522 4599; x_wconf 58' lang='grc' dir='ltr'>καί⁵</span> <span class='ocrx_word' id='word_1_853' title='bbox 3564 4546 3722 4599; x_wconf 81' lang='grc' dir='ltr'>ἁλλό-</span> 
     </span>
    </p>
   </div>
   <div class='ocr_carea' id='block_1_112' title="bbox 2142 4625 3720 4700">
    <p class='ocr_par' dir='ltr' id='par_1_112' title="bbox 2142 4625 3720 4700">
     <span class='ocr_line' id='line_1_112' title="bbox 2142 4625 3720 4700; baseline 0.001 -19"><span class='ocrx_word' id='word_1_854' title='bbox 2142 4627 2325 4696; x_wconf 85' lang='grc' dir='ltr'>φυλος,</span> <span class='ocrx_word' id='word_1_855' title='bbox 2371 4629 2466 4681; x_wconf 78' lang='grc' dir='ltr'>καὶ</span> <span class='ocrx_word' id='word_1_856' title='bbox 2511 4625 2634 4688; x_wconf 76' lang='grc' dir='ltr'>οὗτε</span> <span class='ocrx_word' id='word_1_857' title='bbox 2667 4627 2776 4681; x_wconf 89' lang='grc' dir='ltr'>τῶν</span> <span class='ocrx_word' id='word_1_858' title='bbox 2805 4627 3099 4700; x_wconf 79' lang='grc' dir='ltr'>προφητῶν</span> <span class='ocrx_word' id='word_1_859' title='bbox 3129 4628 3560 4698; x_wconf 82' lang='grc' dir='ltr'>φιλοσοφούντων</span> <span class='ocrx_word' id='word_1_860' title='bbox 3591 4630 3720 4698; x_wconf 81' lang='grc' dir='ltr'>περὶ</span> 
     </span>
    </p>
   </div>
   <div class='ocr_carea' id='block_1_113' title="bbox 2140 4710 3716 4782">
    <p class='ocr_par' dir='ltr' id='par_1_113' title="bbox 2140 4710 3716 4782">
     <span class='ocr_line' id='line_1_113' title="bbox 2140 4710 3716 4782; baseline 0.001 -18"><span class='ocrx_word' id='word_1_861' title='bbox 2140 4710 2509 4782; x_wconf 83' lang='grc' dir='ltr'>ἐλεημοσύνης</span> <span class='ocrx_word' id='word_1_862' title='bbox 2551 4711 2802 4780; x_wconf 83' lang='grc' dir='ltr'>ήκουσεν,</span> <span class='ocrx_word' id='word_1_863' title='bbox 2847 4710 2970 4764; x_wconf 81' lang='grc' dir='ltr'>οῦτε</span> <span class='ocrx_word' id='word_1_864' title='bbox 3013 4711 3104 4765; x_wconf 90' lang='grc' dir='ltr'>τοῦ</span> <span class='ocrx_word' id='word_1_865' title='bbox 3152 4711 3389 4782; x_wconf 84' lang='grc' dir='ltr'>Χριστοῦ</span> <span class='ocrx_word' id='word_1_866' title='bbox 3437 4711 3716 4780; x_wconf 83' lang='grc' dir='ltr'>λέγοντος,</span> 
     </span>
    </p>
   </div>
   <div class='ocr_carea' id='block_1_114' title="bbox 2144 4790 3718 4864">
    <p class='ocr_par' dir='ltr' id='par_1_114' title="bbox 2144 4790 3718 4864">
     <span class='ocr_line' id='line_1_114' title="bbox 2144 4790 3718 4864; baseline -0.002 -16"><span class='ocrx_word' id='word_1_867' title='bbox 2144 4793 2445 4848; x_wconf 74' lang='grc' dir='ltr'>Πεινῶντά</span> <span class='ocrx_word' id='word_1_868' title='bbox 2471 4811 2547 4862; x_wconf 81' lang='grc' dir='ltr'>με</span> <span class='ocrx_word' id='word_1_869' title='bbox 2596 4792 2806 4856; x_wconf 81' lang='grc' dir='ltr'>εῖδετε,</span> <span class='ocrx_word' id='word_1_870' title='bbox 2845 4794 2940 4852; x_wconf 76' lang='grc' dir='ltr'>καὶ</span> <span class='ocrx_word' id='word_1_871' title='bbox 2973 4793 3280 4864; x_wconf 73' lang='grc' dir='ltr'>ἐθρέψατε.</span> <span class='ocrx_word' id='word_1_872' title='bbox 3314 4794 3410 4859; x_wconf 87' lang='grc' dir='ltr'>Τίς</span> <span class='ocrx_word' id='word_1_873' title='bbox 3441 4790 3533 4848; x_wconf 81' lang='grc' dir='ltr'>οὖν</span> <span class='ocrx_word' id='word_1_874' title='bbox 3582 4797 3718 4863; x_wconf 81' lang='grc' dir='ltr'>ἡμῖν</span> 
     </span>
    </p>
   </div>
   <div class='ocr_carea' id='block_1_115' title="bbox 2141 4876 3718 4948">
    <p class='ocr_par' dir='ltr' id='par_1_115' title="bbox 2141 4876 3718 4948">
     <span class='ocr_line' id='line_1_115' title="bbox 2141 4876 3718 4948; baseline -0.001 -16"><span class='ocrx_word' id='word_1_875' title='bbox 2141 4879 2293 4932; x_wconf 75' lang='grc' dir='ltr'>ἔσται</span> <span class='ocrx_word' id='word_1_876' title='bbox 2343 4876 2662 4948; x_wconf 83' lang='grc' dir='ltr'>συγγνώμη.</span> <span class='ocrx_word' id='word_1_877' title='bbox 2707 4879 2755 4929; x_wconf 88' lang='grc' dir='ltr'>εἰ</span> <span class='ocrx_word' id='word_1_878' title='bbox 2792 4877 2929 4948; x_wconf 82' lang='grc' dir='ltr'>μετὰ</span> <span class='ocrx_word' id='word_1_879' title='bbox 2965 4879 3220 4941; x_wconf 86' lang='grc' dir='ltr'>τοιαύτας</span> <span class='ocrx_word' id='word_1_880' title='bbox 3267 4879 3630 4946; x_wconf 87' lang='grc' dir='ltr'>παραινέσεις,</span> <span class='ocrx_word' id='word_1_881' title='bbox 3668 4879 3718 4930; x_wconf 87' lang='grc' dir='ltr'>εἰ</span> 
     </span>
    </p>
   </div>
   <div class='ocr_carea' id='block_1_116' title="bbox 2145 4959 3718 5030">
    <p class='ocr_par' dir='ltr' id='par_1_116' title="bbox 2145 4959 3718 5030">
     <span class='ocr_line' id='line_1_116' title="bbox 2145 4959 3718 5030; baseline -0.001 -17"><span class='ocrx_word' id='word_1_882' title='bbox 2145 4961 2282 5029; x_wconf 84' lang='grc' dir='ltr'>μετὰ</span> <span class='ocrx_word' id='word_1_883' title='bbox 2307 4959 2565 5012; x_wconf 88' lang='grc' dir='ltr'>τοιούτων</span> <span class='ocrx_word' id='word_1_884' title='bbox 2599 4959 2849 5012; x_wconf 82' lang='grc' dir='ltr'>ἐπάθλων</span> <span class='ocrx_word' id='word_1_885' title='bbox 2889 4960 3200 5028; x_wconf 80' lang='grc' dir='ltr'>ὑπόσχεσιν,</span> <span class='ocrx_word' id='word_1_886' title='bbox 3232 4961 3281 5012; x_wconf 84' lang='grc' dir='ltr'>εί</span> <span class='ocrx_word' id='word_1_887' title='bbox 3327 4960 3465 5030; x_wconf 85' lang='grc' dir='ltr'>μετὰ</span> <span class='ocrx_word' id='word_1_888' title='bbox 3493 4960 3593 5029; x_wconf 81' lang='grc' dir='ltr'>τὴν</span> <span class='ocrx_word' id='word_1_889' title='bbox 3621 4960 3718 5029; x_wconf 66' lang='grc' dir='ltr'>βας</span> 
     </span>
    </p>
   </div>
   <div class='ocr_carea' id='block_1_117' title="bbox 2142 5041 3718 5114">
    <p class='ocr_par' dir='ltr' id='par_1_117' title="bbox 2142 5041 3718 5114">
     <span class='ocr_line' id='line_1_117' title="bbox 2142 5041 3718 5114; baseline -0.001 -18"><span class='ocrx_word' id='word_1_890' title='bbox 2142 5045 2344 5098; x_wconf 89' lang='grc' dir='ltr'>σιλείαν</span> <span class='ocrx_word' id='word_1_891' title='bbox 2387 5043 2495 5096; x_wconf 90' lang='grc' dir='ltr'>τῶν</span> <span class='ocrx_word' id='word_1_892' title='bbox 2524 5043 2788 5113; x_wconf 84' lang='grc' dir='ltr'>οὐρανῶν,</span> <span class='ocrx_word' id='word_1_893' title='bbox 2825 5043 2900 5114; x_wconf 78' lang='grc' dir='ltr'>μὴ</span> <span class='ocrx_word' id='word_1_894' title='bbox 2952 5043 3258 5114; x_wconf 85' lang='grc' dir='ltr'>φθάσαιμεν</span> <span class='ocrx_word' id='word_1_895' title='bbox 3303 5044 3437 5113; x_wconf 79' lang='grc' dir='ltr'>πρὸς</span> <span class='ocrx_word' id='word_1_896' title='bbox 3477 5041 3536 5096; x_wconf 78' lang='grc' dir='ltr'>τὸ</span> <span class='ocrx_word' id='word_1_897' title='bbox 3583 5043 3718 5095; x_wconf 72' lang='grc' dir='ltr'>αὑτὸ</span> 
     </span>
    </p>
   </div>
   <div class='ocr_carea' id='block_1_118' title="bbox 2137 5126 3716 5200">
    <p class='ocr_par' dir='ltr' id='par_1_118' title="bbox 2137 5126 3716 5200">
     <span class='ocr_line' id='line_1_118' title="bbox 2137 5126 3716 5200; baseline -0.003 -17"><span class='ocrx_word' id='word_1_898' title='bbox 2137 5134 2202 5200; x_wconf 80' lang='grc' dir='ltr'>τῇ</span> <span class='ocrx_word' id='word_1_899' title='bbox 2231 5131 2375 5200; x_wconf 77' lang='grc' dir='ltr'>χήρᾳ</span> <span class='ocrx_word' id='word_1_900' title='bbox 2399 5129 2498 5198; x_wconf 82' lang='grc' dir='ltr'>τῆς</span> <span class='ocrx_word' id='word_1_901' title='bbox 2529 5126 2926 5198; x_wconf 80' lang='grc' dir='ltr'>φιλοφροσύνης</span> <span class='ocrx_word' id='word_1_902' title='bbox 2961 5127 3193 5200; x_wconf 73' lang='grc' dir='ltr'>μέτρονς</span> <span class='ocrx_word' id='word_1_903' title='bbox 3235 5127 3449 5197; x_wconf 84' lang='grc' dir='ltr'>Ἐκείνη</span> <span class='ocrx_word' id='word_1_904' title='bbox 3480 5126 3579 5197; x_wconf 77' lang='grc' dir='ltr'>μὲν</span> <span class='ocrx_word' id='word_1_905' title='bbox 3605 5126 3716 5198; x_wconf 81' lang='grc' dir='ltr'>γὰρ</span> 
     </span>
    </p>
   </div>
   <div class='ocr_carea' id='block_1_119' title="bbox 2143 5206 3716 5280">
    <p class='ocr_par' dir='ltr' id='par_1_119' title="bbox 2143 5206 3716 5280">
     <span class='ocr_line' id='line_1_119' title="bbox 2143 5206 3716 5280; baseline -0.003 -14"><span class='ocrx_word' id='word_1_906' title='bbox 2143 5213 2237 5267; x_wconf 77' lang='grc' dir='ltr'>καὶ</span> <span class='ocrx_word' id='word_1_907' title='bbox 2269 5211 2495 5266; x_wconf 81' lang='grc' dir='ltr'>Σιδωνία</span> <span class='ocrx_word' id='word_1_908' title='bbox 2531 5206 2620 5280; x_wconf 79' lang='grc' dir='ltr'>ἦν,</span> <span class='ocrx_word' id='word_1_909' title='bbox 2649 5211 2741 5263; x_wconf 62' lang='grc' dir='ltr'>καὶ</span> <span class='ocrx_word' id='word_1_910' title='bbox 2771 5209 3086 5278; x_wconf 82' lang='grc' dir='ltr'>ἀλλόφυλος,</span> <span class='ocrx_word' id='word_1_911' title='bbox 3120 5209 3211 5262; x_wconf 76' lang='grc' dir='ltr'>καὶ</span> <span class='ocrx_word' id='word_1_912' title='bbox 3240 5209 3378 5279; x_wconf 81' lang='grc' dir='ltr'>γυνὴ</span> <span class='ocrx_word' id='word_1_913' title='bbox 3409 5210 3574 5279; x_wconf 83' lang='grc' dir='ltr'>χήρα,</span> <span class='ocrx_word' id='word_1_914' title='bbox 3619 5210 3716 5262; x_wconf 78' lang='grc' dir='ltr'>καὶ</span> 
     </span>
    </p>
   </div>
   <div class='ocr_carea' id='block_1_120' title="bbox 2138 5293 3716 5364">
    <p class='ocr_par' dir='ltr' id='par_1_120' title="bbox 2138 5293 3716 5364">
     <span class='ocr_line' id='line_1_120' title="bbox 2138 5293 3716 5364; baseline -0.002 -13"><span class='ocrx_word' id='word_1_915' title='bbox 2138 5298 2345 5351; x_wconf 85' lang='grc' dir='ltr'>παίδων</span> <span class='ocrx_word' id='word_1_916' title='bbox 2396 5293 2716 5364; x_wconf 85' lang='grc' dir='ltr'>ἐπεμελεῖτο</span> <span class='ocrx_word' id='word_1_917' title='bbox 2758 5293 2991 5358; x_wconf 88' lang='grc' dir='ltr'>πολλῶν,</span> <span class='ocrx_word' id='word_1_918' title='bbox 3039 5293 3135 5347; x_wconf 69' lang='grc' dir='ltr'>καὶ</span> <span class='ocrx_word' id='word_1_919' title='bbox 3168 5293 3325 5363; x_wconf 79' lang='grc' dir='ltr'>λιμὸν</span> <span class='ocrx_word' id='word_1_920' title='bbox 3373 5293 3716 5348; x_wconf 78' lang='grc' dir='ltr'>ἐπικίνδυνον</span> 
     </span>
    </p>
   </div>
   <div class='ocr_carea' id='block_1_121' title="bbox 2138 5375 3724 5452">
    <p class='ocr_par' dir='ltr' id='par_1_121' title="bbox 2138 5375 3724 5452">
     <span class='ocr_line' id='line_1_121' title="bbox 2138 5375 3724 5452; baseline -0.004 -17"><span class='ocrx_word' id='word_1_921' title='bbox 2138 5381 2285 5452; x_wconf 78' lang='grc' dir='ltr'>ἐώρα</span> <span class='ocrx_word' id='word_1_922' title='bbox 2339 5378 2436 5433; x_wconf 79' lang='grc' dir='ltr'>καὶ</span> <span class='ocrx_word' id='word_1_923' title='bbox 2487 5377 2716 5431; x_wconf 90' lang='grc' dir='ltr'>θάνατον</span> <span class='ocrx_word' id='word_1_924' title='bbox 2769 5375 3239 5447; x_wconf 85' lang='grc' dir='ltr'>προσδοκώμενον,</span> <span class='ocrx_word' id='word_1_925' title='bbox 3279 5375 3374 5430; x_wconf 77' lang='grc' dir='ltr'>καὶ</span> <span class='ocrx_word' id='word_1_926' title='bbox 3425 5375 3724 5447; x_wconf 77' lang='grc' dir='ltr'>ἄνθρωπον-</span> 
     </span>
    </p>
   </div>
   <div class='ocr_carea' id='block_1_122' title="bbox 2135 5457 3727 5531">
    <p class='ocr_par' dir='ltr' id='par_1_122' title="bbox 2135 5457 3727 5531">
     <span class='ocr_line' id='line_1_122' title="bbox 2135 5457 3727 5531; baseline -0.005 -15"><span class='ocrx_word' id='word_1_927' title='bbox 2135 5461 2356 5531; x_wconf 84' lang='grc' dir='ltr'>άγνῶτα</span> <span class='ocrx_word' id='word_1_928' title='bbox 2387 5457 2743 5527; x_wconf 80' lang='grc' dir='ltr'>ὑποδέχεσθαι</span> <span class='ocrx_word' id='word_1_929' title='bbox 2767 5458 2958 5528; x_wconf 82' lang='grc' dir='ltr'>ἔμελλε</span> <span class='ocrx_word' id='word_1_930' title='bbox 2988 5459 3084 5512; x_wconf 79' lang='grc' dir='ltr'>καὶ</span> <span class='ocrx_word' id='word_1_931' title='bbox 3112 5459 3203 5512; x_wconf 79' lang='grc' dir='ltr'>τὸν</span> <span class='ocrx_word' id='word_1_932' title='bbox 3239 5458 3587 5526; x_wconf 81' lang='grc' dir='ltr'>ἐπαγαγόντα</span> <span class='ocrx_word' id='word_1_933' title='bbox 3619 5457 3727 5514; x_wconf 84' lang='grc' dir='ltr'>τὸν.</span> 
     </span>
    </p>
   </div>
   <div class='ocr_carea' id='block_1_123' title="bbox 2134 5540 3711 5616">
    <p class='ocr_par' dir='ltr' id='par_1_123' title="bbox 2134 5540 3711 5616">
     <span class='ocr_line' id='line_1_123' title="bbox 2134 5540 3711 5616; baseline -0.004 -16"><span class='ocrx_word' id='word_1_934' title='bbox 2134 5544 2311 5616; x_wconf 72' lang='grc' dir='ltr'>λιμὸν,</span> <span class='ocrx_word' id='word_1_935' title='bbox 2355 5543 2448 5595; x_wconf 81' lang='grc' dir='ltr'>καὶ</span> <span class='ocrx_word' id='word_1_936' title='bbox 2481 5541 2598 5594; x_wconf 79' lang='grc' dir='ltr'>οὐδὲ</span> <span class='ocrx_word' id='word_1_937' title='bbox 2645 5540 2817 5604; x_wconf 73' lang='grc' dir='ltr'>οὕτως</span> <span class='ocrx_word' id='word_1_938' title='bbox 2857 5542 3108 5612; x_wconf 82' lang='grc' dir='ltr'>ἐφείσατο</span> <span class='ocrx_word' id='word_1_939' title='bbox 3146 5543 3245 5614; x_wconf 86' lang='grc' dir='ltr'>τῆς</span> <span class='ocrx_word' id='word_1_940' title='bbox 3285 5542 3514 5614; x_wconf 84' lang='grc' dir='ltr'>δρακός·</span> <span class='ocrx_word' id='word_1_941' title='bbox 3545 5543 3711 5614; x_wconf 74' lang='grc' dir='ltr'>ἡμεῖς</span> 
     </span>
    </p>
   </div>
   <div class='ocr_carea' id='block_1_124' title="bbox 2197 5633 2588 5696">
    <p class='ocr_par' dir='ltr' id='par_1_124' title="bbox 2197 5633 2588 5696">
     <span class='ocr_line' id='line_1_124' title="bbox 2197 5633 2588 5696; baseline 0.005 -19"><span class='ocrx_word' id='word_1_942' title='bbox 2197 5637 2221 5665; x_wconf 76' lang='grc'><strong>⁸</strong></span> <span class='ocrx_word' id='word_1_943' title='bbox 2252 5634 2304 5684; x_wconf 80' lang='lat' dir='ltr'>F.</span> <span class='ocrx_word' id='word_1_944' title='bbox 2331 5633 2588 5696; x_wconf 76' lang='grc' dir='ltr'>ταλανίζῃς.</span> 
     </span>
    </p>
   </div>
  </div>
