4082 6212
306 295 410 355 MS

305 417 572 475 tamquam
619 403 764 460 enim
811 419 1034 460 summa:
1079 404 1433 476 improbitatis
1477 403 1780 474 exemplum
1836 402 1888 457 in

308 495 773 568 Evangeliisillam
799 495 1066 554 urbemin
1110 494 1341 549 medium
1390 493 1632 550 Christus
1675 494 1894 548 adduxit

306 585 519 656 (Matth.
547 586 636 640 tl.
666 585 756 640 2t.
785 584 903 655 22).
939 586 1064 638 Erat
1094 585 1252 655 igitur
1277 595 1329 640 et
1359 586 1654 656 alienigena
1677 627 1690 651 ,
1731 594 1785 638 et
1811 585 1895 639 Si-

305 675 467 730 donia
489 716 503 739 ,
536 684 589 730 et
618 676 833 742 mulier,
863 691 1024 729 sexus
1050 675 1312 742 inﬁrmus,
1347 687 1402 731 et
1447 678 1591 731 omni
1643 692 1706 730 ex
1743 685 1895 747 parte

309 765 547 820 subsidio
596 766 862 836 indigens.
897 767 1204 821 Accedebat
1241 767 1472 821 viduitas
1510 778 1754 837 quartum
1800 768 1896 822 im-

309 857 674 926 pedimentum
704 873 717 911 :
742 856 988 926 quintum
1029 858 1130 912 illis
1161 858 1409 913 omnibus
1440 859 1610 928 majus
1635 902 1650 924 ,
1675 858 1894 912 alendo-

307 963 424 1000 rum
455 962 581 1001 cura
631 947 943 1001 liberorum.
997 948 1234 1002 Audiam
1262 948 1466 1014 viduae,
1498 962 1560 1002 ac
1611 948 1898 1001 liberorum

309 1038 566 1101 nutrices,
599 1052 706 1091 non
750 1035 914 1092 fuisse
941 1037 1186 1092 idoneam
1210 1047 1264 1092 et
1291 1038 1582 1108 legitimam
1628 1038 1774 1092 illam
1807 1054 1900 1092 cx-

313 1129 672 1195 cusationem,
707 1129 994 1199 quominus
1020 1129 1318 1198 impertiret
1359 1130 1789 1202 eleemosynam,
1818 1129 1900 1184 vel

312 1218 554 1289 h05pites
579 1221 855 1290 exciperet
889 1229 979 1274 :et
1008 1221 1238 1290 pugillus
1286 1220 1469 1275 farinae
1519 1223 1756 1291 reliquus
1787 1229 1902 1274 erat

314 1321 543 1375 tantum,
575 1327 637 1367 ac
667 1323 788 1382 post
819 1312 968 1366 illum
1019 1327 1163 1367 mors
1207 1313 1637 1382 exspectabatur.
1670 1313 1801 1366 Nam
1846 1321 1902 1366 tu

314 1403 532 1474 quidem
560 1404 688 1461 licet
714 1419 904 1459 omnes
929 1405 1182 1474 pecunias
1210 1404 1512 1474 profuderis
1533 1447 1547 1471 ,
1582 1404 1704 1458 licet
1733 1403 1903 1457 facul-

318 1494 518 1549 tatibus
545 1495 774 1564 teipsum
809 1495 1148 1564 spoliaveris,
1181 1505 1333 1566 potes
1378 1496 1443 1550 ad
1487 1497 1712 1550 aliorum
1761 1493 1904 1550 fores

317 1600 575 1656 pergere,
604 1593 763 1656 atque
809 1586 934 1640 inde
987 1587 1235 1642 solatium
1290 1587 1578 1643 obtinere:
1615 1597 1723 1642 tum
1777 1602 1905 1642 vero

320 1693 494 1748 neque
543 1677 848 1733 mendicare
895 1678 1108 1746 licebat,
1140 1680 1212 1736 ita
1265 1689 1450 1750 portus
1501 1694 1688 1734 omnes
1737 1679 1907 1734 fames

319 1770 682 1825 obstruxerat.
710 1770 851 1825 Nihil
883 1779 1058 1826 tamen
1089 1773 1276 1828 horum
1307 1773 1597 1844 prohibuit.
1643 1774 1823 1828 Dicam
1856 1783 1910 1828 et

321 1863 611 1932 septimum
687 1863 1125 1933 impedimentum
1151 1907 1167 1932 ,
1211 1867 1384 1935 ipsum
1433 1865 1719 1929 nimirum,
1749 1880 1907 1934 quem

322 1952 516 2007 mulier
535 1951 768 2022 hospitio
798 1954 896 2008 fuit
919 1964 1226 2026 exceptura.
1246 1954 1379 2010 Nam
1414 1970 1585 2025 neque
1609 1955 1907 2020 familiaris,

325 2059 498 2114 neque
527 2054 684 2101 notus
713 2055 829 2101 erat
851 2087 867 2114 ,
900 2048 993 2103 sed
1026 2049 1340 2119 peregrinus
1365 2058 1420 2103 et
1446 2050 1673 2116 alienus,
1705 2057 1761 2105 ct
1791 2049 1910 2119 ipso

325 2137 598 2207 religionis
626 2139 695 2193 ab
725 2140 810 2195 illa
842 2151 997 2210 septo
1025 2151 1321 2210 separatus.
1349 2141 1533 2212 Neque
1553 2156 1681 2196 vero
1704 2151 1910 2197 tantum

328 2230 662 2299 peregrinus,
691 2240 745 2285 et
773 2241 989 2287 cxterus
1014 2272 1030 2299 ,
1061 2232 1156 2288 sed
1186 2233 1276 2288 ille
1303 2234 1415 2303 ipse
1436 2244 1572 2301 erat,
1595 2234 1684 2304 qui
1715 2233 1910 2290 famem

329 2320 639 2377 induxerat.

400 2411 452 2467 9.
481 2411 620 2466 Nihil
649 2422 825 2470 tamen
867 2413 1056 2470 horum
1085 2413 1333 2470 feminam
1364 2416 1578 2481 avertit,
1602 2417 1696 2472 sed
1728 2417 1807 2472 ori
1835 2417 1913 2472 ei-

328 2502 454 2557 bum
478 2504 802 2575 porrigebat,
833 2505 976 2576 quod
1022 2521 1210 2562 omnes
1241 2507 1310 2561 illi
1337 2508 1487 2562 cibos
1516 2508 1912 2580 absumpserat,

327 2605 381 2650 et
409 2595 561 2651 famis
584 2606 854 2652 auctorem
900 2598 1056 2653 famis
1099 2598 1336 2670 reliquiis
1378 2600 1665 2656 nutriebat.
1691 2600 1916 2672 Propter

331 2697 402 2754 te,
433 2687 623 2758 inquit,
656 2687 934 2744 facultates
974 2704 1162 2744 omnes
1207 2705 1340 2744 meze
1383 2689 1448 2744 ad
1494 2691 1632 2746 hunc
1660 2693 1914 2762 pngillnm

330 2778 560 2834 redacta:
585 2786 746 2834 sunt:
774 2779 869 2835 sed
899 2795 1000 2836 nec
1039 2781 1123 2835 isti
1156 2781 1350 2851 pugillo
1374 2791 1458 2836 tua
1494 2797 1650 2859 causa
1679 2799 1912 2852 paream,

331 2885 516 2925 verum
542 2877 708 2925 etme
729 2880 783 2926 et
827 2870 1024 2926 liberos
1063 2887 1210 2927 meos
1241 2873 1486 2943 objiciam
1530 2876 1709 2939 morti,
1742 2885 1799 2928 ut
1837 2884 1913 2942 tu,

331 2960 519 3032 inquit,
553 2960 711 3032 hujus
733 2972 920 3017 auctor
949 2963 1282 3019 necessitatis
1304 2980 1371 3019 ne
1402 2966 1677 3020 minimum
1701 2965 1916 3035 quidem

331 3053 666 3107 necessitatis
695 3068 910 3108 sensum
937 3054 1140 3124 capias.
1172 3056 1269 3109 Cui
1306 3057 1476 3125 potuit
1507 3072 1758 3125 umquam
1801 3072 1918 3110 ma-

327 3147 415 3217 jus
442 3147 814 3217 hospitalitatis
847 3147 1080 3203 studium
1109 3150 1162 3202 in
1201 3160 1430 3204 mentem
1456 3150 1672 3204 venire?
1702 3148 1916 3204 Nullum

333 3240 489 3310 plane
511 3239 690 3294 licebit
717 3242 970 3309 reperire.
1015 3240 1156 3295 Vidit
1201 3237 1574 3312 peregrinum,
1624 3251 1677 3297 et
1717 3254 1920 3298 naturae

332 3330 611 3385 confestim
638 3329 798 3385 oblita
825 3342 925 3397 est,
948 3332 1159 3386 dolores
1187 3342 1366 3401 partus
1407 3333 1685 3402 ignoravit,
1718 3342 1770 3388 et
1796 3349 1920 3388 ocu-

332 3422 399 3478 lis
417 3423 484 3477 ad
510 3422 738 3476 filiorum
769 3423 976 3478 turbam
999 3425 1272 3479 conversis
1291 3427 1470 3478 animo
1493 3425 1653 3478 fracta
1683 3440 1785 3479 non
1817 3434 1918 3478 est.

333 3516 412 3570 Ac
448 3529 534 3570 me
575 3513 790 3585 quidem
840 3515 954 3570 scio
999 3514 1309 3586 frequenter
1336 3514 1568 3570 audtisse
1612 3515 1806 3570 multos
1833 3517 1921 3586 qui

333 3609 573 3664 dicerent
603 3627 616 3662 :
648 3607 739 3662 Ille
777 3622 895 3663 cum
923 3623 1210 3679 pauperem
1247 3609 1634 3678 conspexisset,
1669 3609 1920 3676 tunicam,

335 3713 438 3767 qua
470 3699 581 3753 sola
619 3706 735 3753 erat
785 3698 1018 3764 indutus,
1048 3713 1250 3753 exuens
1291 3700 1486 3752 nudum
1520 3699 1759 3764 vestivit;
1810 3699 1924 3768 ipse

337 3801 468 3842 vero
493 3827 510 3851 ,
562 3801 681 3841 cum
716 3797 948 3841 mutuam
992 3787 1060 3841 ab
1102 3787 1275 3840 altero
1318 3797 1521 3840 vestem
1555 3789 1921 3858 sumpsisset,

339 3877 531 3933 deinde
557 3876 800 3930 disceSsit
830 3894 843 3929 :
875 3875 1050 3930 ethoc
1070 3891 1318 3944 magnum
1339 3875 1465 3946 quid
1495 3888 1549 3929 et
1581 3877 1822 3931 mirabile
1847 3879 1924 3930 vi-

339 3986 458 4025 sum
481 3979 583 4022 est.
615 3967 887 4038 Siquidem
922 3983 1045 4022 vere
1087 3983 1337 4038 magnum
1363 3978 1481 4022 est:
1511 3969 1650 4023 istud
1687 3984 1814 4023 vero
1843 3970 1922 4022 vi-

341 4063 458 4117 dua:
485 4060 678 4116 factum
719 4059 877 4128 hujus
904 4059 1072 4114 multo
1097 4059 1188 4114 illo
1215 4059 1405 4130 majus.
1439 4059 1569 4114 Nam
1599 4060 1685 4114 ille
1716 4058 1926 4129 quidem

340 4170 462 4211 cum
493 4171 552 4209 se
580 4155 852 4218 nudasset,
885 4169 948 4208 ac
978 4153 1178 4208 nudum
1214 4154 1530 4224 oper-uisset,
1557 4154 1727 4224 potuit
1765 4153 1833 4207 ab
1851 4153 1928 4207 al-

342 4255 457 4302 tero
482 4255 682 4301 vestem
709 4246 951 4314 accipere
981 4263 994 4298 :
1018 4244 1132 4299 hare
1157 4260 1285 4300 vero
1313 4260 1432 4299 cum
1464 4245 1645 4299 farina:
1674 4243 1927 4315 pugillum

344 4337 693 4408 prodegisset,
737 4337 960 4391 alterum
1004 4337 1256 4407 pugillum
1292 4339 1537 4406 accipere
1580 4337 1798 4392 minime
1837 4352 1932 4406 po-

345 4428 480 4491 tuit;
511 4441 685 4496 neque
731 4427 984 4480 nuditatis
1013 4436 1216 4480 tantttm
1263 4425 1336 4479 illi
1377 4427 1667 4496 periculum
1693 4427 1927 4483 subeun-

343 4522 470 4576 dum
500 4530 634 4586 erat,
675 4519 769 4576 sed
801 4532 982 4590 postea
1027 4535 1173 4575 mors
1210 4519 1375 4590 ipsius
1402 4535 1464 4575 ac
1507 4521 1793 4576 liberorum
1816 4532 1930 4578 erat

344 4612 719 4682 exspectanda.
777 4612 910 4666 Cum
955 4611 1111 4681 igitur
1163 4626 1334 4681 neque
1386 4621 1711 4681 paupertate,
1760 4627 1932 4681 neque

345 4706 655 4760 alendorum
699 4719 824 4758 cura
878 4703 1127 4770 filiorum,
1159 4719 1330 4776 neque
1374 4705 1518 4775 gravi
1562 4704 1718 4767 fame,
1761 4720 1932 4776 neque

353 4809 494 4851 tanta
518 4805 772 4868 egestate,
805 4811 976 4867 neque
1004 4797 1190 4850 mortis
1215 4797 1609 4866 exspectatione
1635 4795 1792 4850 fuerit
1834 4797 1934 4851 im-

350 4890 547 4958 pedita,
574 4904 692 4958 quae
720 4887 872 4943 nobis
898 4887 1099 4957 reliqua
1128 4886 1230 4942 erit
1257 4887 1528 4941 excusatio
1556 4886 1927 4956 locupletibus,

346 4995 465 5050 qua:
491 4978 852 5049 pauperibus?
887 4975 1016 5032 Vivit
1042 4976 1291 5032 Dominus
1319 4975 1457 5032 Deus
1484 4988 1620 5044 tuus,
1648 4979 1692 5032 si
1710 4987 1780 5032 est
1810 4978 1934 5031 mihi

339 5071 496 5138 panis
545 5069 929 5135 subcincritius,
972 5071 1068 5124 nisi
1106 5079 1350 5140 quantum
1395 5069 1615 5141 pugillus
1658 5071 1842 5142 farina
1881 5071 1934 5125 in

343 5164 549 5235 hydria,
579 5171 627 5217 et
653 5180 834 5232 parum
858 5163 954 5218 olei
981 5164 1031 5217 in
1062 5163 1256 5235 lecytlto
1286 5179 1305 5217 :
1327 5172 1373 5218 et
1402 5181 1512 5219 ecce
1539 5165 1721 5235 colligo
1746 5165 1847 5220 duo
1872 5164 1935 5219 li-

345 5275 468 5330 gna,
492 5265 537 5310 et
561 5257 837 5328 ingrediar,
857 5267 905 5311 et
923 5258 1108 5327 faciam
1123 5257 1213 5311 illa
1231 5257 1353 5325 ﬁliis
1373 5258 1511 5321 meis,
1536 5267 1583 5312 et
1597 5257 1931 5324 comedemns,

347 5359 396 5403 et
422 5349 708 5402 morientur.
744 5347 891 5403 lianc
915 5348 1274 5420 unusquisque
1311 5349 1690 5417 miserandam,
1727 5350 1810 5404 vel
1841 5365 1938 5420 po—

351 5442 456 5496 tius
483 5440 843 5510 unusquisque
871 5439 1078 5495 beatam
1104 5441 1243 5496 illam
1265 5455 1448 5496 vocem
1470 5455 1533 5496 ac
1561 5441 1692 5496 caelo
1720 5441 1933 5514 dignam

349 5533 540 5586 domus
566 5547 676 5587 sua:
713 5533 1000 5602 parietibus
1045 5533 1332 5599 inscribat,
1364 5535 1415 5588 in
1457 5535 1721 5600 cubiculo,
1751 5535 1801 5590 in
1831 5551 1936 5607 quo

353 5623 662 5687 dormimus,
695 5623 747 5678 in
787 5623 1049 5692 conclavi,
1097 5625 1147 5680 in
1175 5641 1282 5695 quo
1323 5626 1661 5696 prandemus.
1696 5629 1840 5683 lianc
1881 5628 1936 5684 in

351 5716 573 5782 aedibus,
607 5715 742 5773 hanc
785 5717 835 5772 in
879 5717 1016 5786 foro,
1063 5719 1199 5776 hanc
1243 5719 1296 5776 in
1345 5721 1636 5778 amicorum
1683 5721 1930 5790 cmtibus,

1551 290 1616 346 IN
1657 285 1909 342 manu
1954 286 2040 341 er
2082 287 2364 348 \‘lDUAM.

3483 295 3586 351 3ιεί

2015 405 2152 461 hanc
2174 403 2298 459 dum
2329 403 2394 458 ad
2435 404 2674 475 judicum
2706 404 2931 460 tribunal
2959 405 3148 474 pergit,
3179 404 3314 460 hanc
3353 404 3477 460 dum
3505 411 3587 461 in-

2001 494 2259 564 greditur,
2291 494 2425 550 hanc
2453 495 2581 550 dum
2621 495 2891 565 egreditur
2932 510 3114 550 vocem
3154 496 3380 566 quisque
3417 496 3588 551 medi-

2007 593 2146 638 tetur
2174 603 2186 638 :
2215 595 2264 640 ct
2284 594 2588 640 constanter
2607 585 2836 652 affirmo,
2859 589 3196 656 quantumvis
3223 600 3412 640 saxeus
3436 587 3592 641 fuerit

2005 676 2141 745 quis,
2172 686 2225 730 et
2265 675 2491 743 ferreus,
2537 687 2592 731 et
2629 678 2867 739 adamas,
2898 678 3114 732 minime
3140 693 3388 746 umquam
3423 677 3588 731 addu-

2006 775 2149 820 ctum
2183 766 2247 821 iri
2282 776 2337 821 ut
2367 768 2708 823 accedentem
2750 783 3035 838 pauperem
3069 769 3250 822 vacuis
3292 769 3534 824 manibus
3560 785 3590 822 a

2007 871 2066 911 se
2090 858 2339 923 dimittat,
2363 859 2407 912 si
2431 874 2612 913 vocem
2637 859 2772 913 hanc
2795 859 3145 928 inscripserit,
3171 861 3214 912 si
3237 859 3449 914 viduam
3469 868 3592 914 ante

2007 951 2190 1006 oculos
2220 953 2442 1022 positam
2473 952 2736 1007 habuerit.
2766 973 2790 994 ο

2082 1042 2205 1096 Non
2248 1044 2506 1113 prapltela:
2547 1045 2708 1098 solum
2748 1044 3030 1113 excipiendi
3057 1053 3191 1098 sunt.
3225 1074 3294 1089 σ-
3320 1042 3424 1099 Sed
3451 1043 3590 1098 dicet

2011 1132 2236 1187 fortasse
2260 1135 2541 1203 quispiam:
2560 1134 2819 1188 Adducito
2833 1135 2960 1188 mihi
2979 1134 3311 1202 pr0phetam,
3334 1133 3592 1188 eteadem

2010 1242 2131 1281 cum
2159 1227 2524 1281 benevolentia
2558 1227 2704 1281 illum
2733 1227 3038 1296 suscipiam.
3080 1227 3191 1280 Hoc
3218 1225 3342 1278 mihi
3375 1225 3595 1295 promit-

2013 1329 2084 1382 te,
2117 1305 2224 1373 tum
2252 1336 2348 1388 ego
2376 1320 2465 1373 tibi
2497 1317 2804 1388 prophetam
2836 1318 3113 1372 adducam.
3149 1316 3284 1384 Quid
3321 1318 3439 1370 dico
3472 1332 3596 1386 pro-

2015 1409 2269 1480 phetam?
2311 1411 2484 1480 ipsum
2538 1411 2627 1464 tibi
2665 1411 2936 1480 prophetre
2983 1410 3264 1464 Dominum
3314 1408 3596 1473 adducam,

2013 1517 2350 1557 communem
2395 1502 2559 1556 Deum
2602 1518 2664 1557 ac
2717 1501 2993 1556 Dominum
3041 1510 3275 1554 nostrum
3307 1500 3596 1555 Christum.

2014 1594 2132 1662 Ipse
2179 1595 2321 1648 enim
2370 1593 2518 1658 dicit,
2571 1592 2884 1648 Esurieutent
2931 1609 3008 1646 me
3053 1593 3265 1652 vidistis,
3307 1600 3365 1646 set
3404 1591 3600 1643 aluistis

2016 1686 2228 1757 (Matth.
2255 1686 2345 1740 25.
2377 1686 2490 1756 55).
2530 1685 2682 1752 Quod
2719 1685 2763 1740 si
2808 1685 2896 1754 qui
2942 1684 3076 1738 forte
3111 1684 3226 1737 voci
3257 1682 3410 1736 fidem
3447 1681 3602 1735 dero-

2015 1787 2164 1846 gant,
2195 1785 2248 1831 et
2277 1775 2658 1832 humanitatem
2689 1791 2793 1830 non
2820 1785 3028 1840 curant,
3059 1789 3181 1828 cunt
3209 1772 3468 1843 supplicio
3497 1786 3604 1841 pm-

2017 1870 2206 1938 nisque
2230 1869 2465 1938 castigati
2486 1866 2586 1921 hoc
2607 1867 2830 1921 discent.
2855 1866 3146 1934 Tamquam
3169 1865 3309 1918 enim
3331 1863 3599 1918 Christum

2020 1959 2192 2028 ipsum
2223 1974 2327 2012 non
2354 1968 2653 2023 curassent,
2685 1958 2762 2012 sic
2789 1957 2854 2011 ad
2877 1956 3264 2011 intolerandum
3286 1955 3602 2024 supplicium

2018 2051 2366 2106 abducentur.
2391 2052 2479 2106 Sic
2501 2051 2659 2121 igitur
2687 2060 2742 2106 et
2769 2051 2857 2120 qui
2890 2064 3149 2120 pauperes
3175 2048 3418 2111 aluerint,
3454 2047 3603 2118 quasi

2018 2141 2289 2198 Christum
2317 2143 2486 2213 ipsum
2515 2143 2768 2205 curarint,
2813 2142 2866 2195 in
2897 2156 3116 2212 regnum
3145 2140 3395 2196 emlorum
3435 2139 3604 2192 intro-

2020 2235 2304 2290 ducuntur.

2093 2327 2180 2382 to.
2214 2326 2462 2381 Fortasse
2489 2325 2639 2396 plura
2666 2324 2805 2380 dicta
2836 2332 2978 2387 sunt,
3011 2338 3168 2393 quam
3196 2321 3448 2391 oportuit.
3482 2318 3595 2375 Uti-

2021 2436 2143 2476 nam
2170 2428 2346 2474 autem
2385 2419 2500 2472 dies
2541 2432 2730 2472 omnes
2775 2417 2824 2470 in
2856 2429 3131 2471 sermones
3157 2413 3225 2468 de
3261 2414 3606 2482 eleemosyna

2023 2513 2208 2568 liceret
2233 2511 2567 2581 impendere!
2591 2508 2741 2579 Quod
2773 2508 2816 2562 si
2845 2508 2993 2562 vobis
3018 2507 3130 2560 hzec
3152 2505 3397 2559 sufficere
3422 2502 3608 2558 viden-

2023 2614 2128 2671 tur,
2157 2619 2251 2676 age
2277 2601 2579 2657 summatim
2601 2600 2778 2654 omnia
2810 2599 2895 2652 illa
2923 2606 3248 2667 repetamus.
3279 2594 3392 2648 Dixi
3416 2608 3516 2663 qua
3541 2591 3608 2646 de

2022 2712 2180 2753 causa
2208 2695 2463 2767 pmpheta
2487 2693 2551 2748 ad
2580 2693 2789 2748 viduam
2811 2692 3129 2755 mitteretur,
3157 2703 3224 2742 ne
3247 2695 3608 2758 paupertatem

2023 2787 2305 2858 despicias,
2339 2803 2406 2841 ne
2434 2785 2644 2840 divitias
2667 2785 2797 2838 tanti
2823 2782 3007 2846 facias,
3040 2796 3106 2834 ne
3135 2778 3452 2847 locupletem
3479 2777 3609 2831 bea-

2025 2887 2136 2933 tum
2165 2879 2462 2943 arbitreris,
2493 2892 2561 2932 ne
2609 2875 2876 2931 infelicem
2921 2888 2983 2927 ac
3021 2870 3363 2927 miseratione
3392 2869 3608 2938 dignum

2025 2985 2146 3025 eum
2193 2970 2283 3041 qui
2331 2977 2566 3037 egestate
2610 2966 2889 3037 premitur,
2931 2973 2984 3017 ut
3021 2961 3292 3018 Judaieam
3325 2957 3611 3027 nequitiam

2025 3077 2334 3133 cognoscas.
2369 3061 2464 3115 llic
2488 3059 2630 3115 cnim
2664 3059 2753 3113 Dei
2783 3071 2897 3111 mos
2920 3063 3021 3118 est,
3045 3069 3164 3108 cum
3193 3050 3506 3121 supplicium
3527 3057 3614 3103 est

2027 3153 2285 3216 illaturus,
2344 3160 2400 3205 ut
2440 3151 2599 3206 rebus
2640 3149 2767 3219 ipsis
2810 3162 2869 3201 se
2913 3151 3102 3215 purget
3134 3160 3148 3195 :
3183 3157 3250 3197 ne
3279 3157 3397 3196 cum
3431 3149 3614 3212 postea

2026 3258 2362 3297 communem
2393 3241 2628 3295 omnium
2664 3237 2992 3294 Salvatorcm
3025 3233 3283 3302 rcjectum
3312 3231 3378 3284 ab
3406 3230 3507 3284 illis
3533 3229 3614 3282 vi-

2027 3335 2194 3399 deris,
2241 3343 2294 3388 et
2331 3349 2360 3386 a
2400 3331 2648 3404 gentibus
2689 3335 3015 3397 susceptum,
3060 3322 3270 3378 mireris
3298 3331 3352 3377 et
3380 3320 3613 3385 dubites,

2028 3441 2148 3481 cum
2194 3425 2360 3479 multo
2405 3435 2528 3478 ante
2572 3423 2805 3492 ipsorum
2853 3416 3242 3488 improbitatem
3279 3412 3613 3484 cognoveris,

2029 3533 2226 3588 eosque
2264 3517 2400 3571 bene
2437 3515 2504 3571 de
2541 3531 2600 3570 se
2626 3513 2847 3569 meritos
2893 3524 3087 3565 vexare
3123 3508 3462 3563 consuevisse
3500 3523 3513 3559 :
3550 3521 3618 3558 ne

2030 3608 2356 3664 crudelitatis
2386 3621 2504 3662 esse
2527 3606 2803 3661 arbitreris
2823 3601 3119 3657 orationem
3139 3597 3433 3670 prophetat,
3458 3604 3616 3664 atque

2033 3701 2432 3773 productionem
2462 3713 2653 3769 penne,
2684 3694 2776 3750 sed
2808 3694 2906 3748 zeli
2932 3691 3095 3747 divini
3117 3705 3178 3745 ac
3200 3686 3572 3746 sollicitudinis
3603 3704 3618 3740 :

2032 3804 2087 3848 ut
2115 3794 2288 3848 discas
2315 3794 2366 3847 in
2411 3791 2657 3845 maximis
2699 3801 2844 3844 recte
2884 3785 3034 3841 lactis
3072 3783 3232 3839 etiam
3277 3779 3622 3851 castigatione

2033 3895 2276 3939 naturam
2304 3893 2537 3937 nostram
2569 3881 2806 3950 indigere
2835 3898 2848 3932 :
2891 3895 2957 3932 ne
2984 3893 3102 3932 etnn
3130 3875 3195 3930 ad
3223 3875 3468 3929 eumdem
3499 3887 3621 3926 cum

2037 3974 2294 4044 propheta
2324 3972 2494 4026 zelum
2520 3978 2572 4025 te
2597 3968 2960 4032 adhortamur,
2990 3967 3104 4020 fieri
3132 3980 3235 4018 non
3259 3978 3414 4032 posse
3445 3972 3620 4031 putes,

2035 4075 2092 4120 ut
2121 4065 2266 4119 illum
2297 4062 2540 4118 imiteris.
2573 4060 2688 4116 Dixi
2714 4060 2781 4115 de
2821 4058 2998 4124 vidua,
3029 4071 3133 4128 quo
3177 4065 3330 4125 pacto
3370 4054 3421 4106 in
3449 4062 3623 4107 tantas

2035 4155 2306 4226 angustias
2350 4152 2581 4217 redacta,
2622 4150 2759 4205 fame
2787 4158 3026 4220 cogente,
3059 4163 3126 4202 nc
3156 4145 3372 4201 verbum
3406 4143 3623 4216 quidem

2037 4263 2284 4318 asperum
2315 4245 2572 4300 adversus
2614 4239 2926 4313 pmphetam
2957 4239 3153 4302 emisit,
3197 4237 3403 4291 tametsi
3445 4249 3623 4289 rerum

2037 4338 2194 4395 statui
2224 4347 2639 4393 consentaneum
2661 4341 2796 4398 erat,
2828 4341 2988 4403 atque
3029 4330 3130 4385 hoc
3157 4331 3221 4384 ex
3250 4326 3495 4396 superbia
3523 4324 3620 4380 .Iu-

2037 4432 2276 4487 datorum
2307 4425 2514 4483 ostendi
2545 4445 2556 4480 :
2587 4424 2716 4480 nihil
2748 4437 2922 4479 tamen
2964 4422 3152 4477 horum
3182 4420 3258 4474 illi
3288 4417 3501 4482 accidit,
3528 4415 3623 4472 sed

2038 4540 2158 4580 cum
2189 4523 2353 4578 multa
2378 4521 2524 4577 illum
2551 4519 2800 4574 comitate
2827 4527 2982 4584 atque
3009 4512 3335 4568 humanitate
3369 4510 3622 4578 suscepit,

2041 4625 2312 4684 totamque
2340 4628 2490 4668 suam
2516 4617 2805 4680 egestatem
2839 4607 2889 4660 in
2922 4605 3038 4676 ejus
3065 4604 3322 4658 honorem
3345 4598 3624 4670 impendit,

2038 4721 2159 4761 cum
2186 4703 2401 4761 Sidonia
2431 4709 2575 4757 esset
2602 4710 2652 4755 et
2692 4699 3010 4767 alienigena,
3044 4709 3215 4765 neque
3243 4691 3530 4764 prophetas
3555 4690 3623 4745 de

2039 4797 2377 4864 elecmosyna
2403 4791 2836 4864 phi1050phantes
2865 4787 3138 4853 audiisset,
3162 4798 3335 4856 neque
3359 4781 3625 4838 Christum

2040 4891 2325 4954 dicentem,
2355 4885 2672 4942 Esurientem
2711 4902 2789 4938 me
2817 4883 3026 4948 vidistis,
3069 4889 3115 4935 et
3143 4880 3358 4934 aluistis.
3386 4878 3624 4945 Quanam

2042 4982 2200 5052 igitur
2233 4980 2380 5036 venia
2407 4978 2549 5050 digni
2575 4976 2936 5040 censebimur,
2979 4973 3024 5027 si
3057 4982 3133 5026 tot
3162 4971 3355 5026 auditis
3381 4970 3625 5025 cohorta-

2043 5075 2293 5138 tionibus,
2320 5074 2364 5127 si
2405 5081 2524 5142 post
2558 5081 2823 5125 tantorum
2866 5066 3124 5138 promissa
3171 5062 3540 5134 prznmiorum,
3582 5060 3628 5116 si

2043 5167 2314 5238 proposito
2340 5181 2507 5236 regno
2534 5163 2810 5228 caelorum,
2837 5175 2940 5216 non
2970 5157 3035 5213 ad
3061 5157 3306 5213 eumdem
3327 5169 3447 5209 cum
3472 5153 3628 5208 vidua

2043 5261 2308 5316 comitatis
2333 5269 2388 5314 et
2417 5256 2762 5314 humanitatis
2788 5253 3009 5326 gradum
3058 5246 3461 5320 perveniamus?
3497 5245 3629 5300 Nam

2045 5355 2130 5410 illa
2160 5353 2370 5424 quidem
2392 5351 2606 5409 Sidonia
2633 5349 2732 5404 fuit
2751 5355 2806 5403 et
2827 5346 3140 5416 alienigena,
3163 5351 3217 5399 et
3240 5339 3429 5395 mulier
3451 5337 3629 5402 vidua,

2042 5455 2097 5502 et
2125 5445 2410 5500 multorum
2442 5443 2516 5498 illi
2545 5449 2661 5498 erat
2684 5455 2809 5495 cura
2833 5437 3140 5500 liberorum,
3169 5430 3522 5504 periculosam
3553 5429 3618 5482 fa~

2043 5554 2182 5594 mem
2213 5535 2426 5592 videbat
2450 5545 2504 5591 et
2533 5543 2760 5589 mortem
2811 5531 3172 5586 Imminentem
3195 5568 3210 5593 ,
3257 5535 3311 5581 et
3358 5523 3628 5578 hominem

2044 5630 2279 5699 ignotum
2313 5633 2430 5682 erat
2464 5635 2745 5694 exceptura
2781 5625 2975 5694 quique
3016 5619 3207 5676 famem
3252 5617 3546 5680 invexerat,
3579 5628 3634 5672 et

2045 5737 2114 5778 ne
2143 5721 2220 5778 sic
2249 5718 2461 5791 quidem
2479 5717 2675 5789 pugillo
2707 5715 2943 5788 pepercit
2972 5731 2985 5768 :
3013 5721 3068 5768 at
3089 5725 3185 5768 nos
3214 5710 3300 5782 qui
3325 5718 3378 5766 et
3405 5706 3623 5780 prophe-
