4082 6212
522 221 629 275 547

522 337 613 388 tia:
643 335 928 404 participes
968 335 1183 404 fuimus,
1215 346 1269 392 et
1293 338 1487 392 divinis
1509 339 1705 394 exculti
1745 338 2108 410 dogmatibus,

521 425 614 493 qui
653 426 721 480 de
755 427 915 480 rebus
961 425 1150 480 futuris
1191 443 1472 496 possumus
1512 429 1895 500 philosophari,
1939 447 2111 500 neque

524 515 717 570 famem
746 517 987 571 videmus
1013 519 1320 583 instantem,
1353 533 1407 574 et
1435 522 1522 590 qui
1553 521 1721 574 multo
1750 522 1920 591 plura,
1948 537 2108 590 quam

521 605 714 658 mulier
754 605 1105 674 possidemus,
1151 624 1437 676 quamnam
1479 611 1770 679 poterimus
1807 611 2109 664 excusatio-

521 710 644 749 nem
673 695 982 757 obtendere,
1015 699 1103 769 qui
1147 698 1484 754 facultatibus
1514 701 1801 772 parcimus.
1829 711 1882 755 et
1914 711 2108 755 nostra!

520 785 708 840 salutis
734 788 937 857 prodigi
965 791 1188 844 sumus?
1215 790 1280 846 Ut
1315 792 1472 862 igitur
1497 793 1676 862 gravia
1720 792 1806 850 illa
1846 802 2106 848 toroneam

554 1006 746 1016 -_—-.__.

1483 1015 1743 1024 —.~

1261 223 1316 284 Β.
1359 223 1635 280 ,ΙΟᾹΝΝιὸ
1671 220 2146 277 (lilRYbOSTUMl
2187 222 2504 281 AliClilEP.
2545 225 3080 284 CONSTANTINOP.

3735 227 3834 282 3-6!

2213 341 2462 406 vitemus,
2509 357 2723 397 omnem
2769 342 3189 398 misericordiam
3230 342 3289 398 in
3326 357 3541 413 egenos
3573 343 3837 398 exhibea-

2215 449 2354 499 mus,
2388 443 2518 488 utet
2543 449 2640 487 nos
2669 435 2882 504 assequi
2924 436 3060 490 bona
3097 437 3271 491 futura
3303 451 3635 491 mereamur
3661 440 3834 506 grati:

2213 533 2267 578 et
2294 523 2620 594 benignitate
2654 526 2860 579 Domini
2899 528 3065 580 nostri
3109 527 3238 581 Iesu
3274 527 3520 591 Christi,
3567 542 3700 581 cum
3733 544 3834 596 quo

2212 618 2378 685 gloria
2407 617 2568 682 Patri,
2602 633 2706 671 una
2736 633 2857 673 cum
2884 617 3084 690 Spiritu
3110 629 3299 674 sancto
3326 617 3380 674 in
3415 618 3633 677 mula
3663 634 3834 674 saccu-

2214 708 2409 769 loru:n,
2450 710 2642 767 Amen.

2291 1017 3508 1042 m

1981 1271 2331 1336 MONITUM

611 1469 759 1525 lianc
787 1471 1206 1540 pulcherrimam
1244 1479 1558 1531 concionem
1593 1476 1782 1531 habuit
1806 1475 2234 1549 Chrysostomus
2275 1477 2600 1542 Antiochiae,
2644 1486 2703 1532 ut
2749 1479 2996 1549 arguitur
3045 1492 3113 1533 ex
3159 1477 3226 1533 iis
3271 1492 3394 1548 qua!
3427 1479 3542 1534 sub
3573 1480 3798 1535 initium

535 1583 810 1648 dicuntur,
845 1602 1036 1655 nempe
1062 1587 1125 1640 ad
1153 1587 1294 1643 hunc
1323 1599 1618 1660 martyrum
1644 1590 1824 1643 locum
1856 1589 2116 1659 pupulum
2142 1588 2456 1644 ventitasse.
2501 1589 2663 1644 Extra
2691 1589 2880 1644 urbem
2911 1604 3106 1661 nempe
3129 1599 3246 1643 erat
3269 1590 3536 1656 ecclesia,
3565 1603 3798 1661 propter

537 1705 834 1767 martyrqu
864 1695 1122 1766 reliquias
1152 1697 1510 1768 frequentata,
1539 1716 1646 1770 quo
1680 1700 1978 1771 pergebant
2003 1701 2188 1770 populi
2222 1700 2438 1770 pictatis
2467 1701 2672 1771 gratia,
2703 1713 2758 1758 et
2800 1703 2894 1760 ubi
2933 1702 3226 1760 conciones
3254 1701 3586 1776 frequenter
3633 1705 3800 1768 habe-

1563 1963 1610 1969 .—
1621 1959 2012 1969 _——-___—-———

1225 1963 1552 1976 _,_________

539 1963 1222 1982 ,________.___...___.

3625 1964 3664 1967 _.
3681 1963 3710 1967 __.
3741 1958 3800 1967 ς..-

1457 2053 1594 2121 ΠΕ
1639 2048 2302 2120 FUTUBORUM
2347 2049 2855 2137 DELICIIS,

1626 2222 1705 2268 ET
1749 2219 2164 2264 PRESENTIUH
2209 2221 2502 2264 vlmus
2533 2203 2646 2284 (a).

1795 2364 2084 2382 —-——-—-

581 2467 629 2522 1.
678 2465 1000 2522 Auditoribus
1047 2465 1110 2520 de
1156 2465 1417 2521 alacritate
1462 2467 1789 2538 gratulatur;
1826 2484 1940 2536 qua:
1975 2481 2092 2520 veru

505 2557 606 2611 sint
649 2558 866 2628 insignia
909 2557 1229 2628 magistratus
1267 2559 1493 2628 expauit.
1518 2556 1885 2612 -—Vehemens
1931 2567 2094 2610 a'stus

507 2656 613 2714 est,
644 2655 698 2700 et
727 2648 980 2700 molestus
1004 2646 1200 2710 ardor;
1242 2657 1474 2704 attamen
1505 2648 1831 2702 alacritatem
1862 2656 2092 2702 vestram

511 2755 619 2797 non
660 2738 974 2804 debilitavit,
1017 2753 1116 2793 nec
1153 2739 1397 2795 audiendi
1437 2739 1776 2810 cupiditatem
1816 2740 2090 2809 repressit.

507 2827 658 2889 Talis
683 2837 765 2885 est
797 2828 1010 2884 auditor
1045 2828 1256 2886 fervens
1285 2840 1339 2886 et
1368 2839 1632 2898 attentus;
1675 2831 1920 2888 audiendi
1947 2831 2092 2890 desi-

507 2922 660 2978 derio
679 2921 1053 2979 corroboratus
1087 2925 1263 2979 omnia
1311 2924 1569 2994 patienter
1611 2925 1749 2981 ferre
1795 2933 1986 2995 potest.
2036 2933 2093 2984 ut

509 3010 849 3082 cupiditatem
887 3011 1023 3066 hanc
1059 3014 1367 3083 prarclaram
1399 3025 1450 3068 ct
1499 3014 1834 3084 spiritualem
1861 3015 2091 3084 expleat,

507 3114 560 3156 et
608 3118 703 3158 nec
733 3119 762 3156 a
809 3103 1038 3173 frigore,
1084 3122 1181 3161 nec
1225 3106 1292 3161 ab
1331 3118 1484 3174 aestu,
1539 3125 1643 3162 non
1682 3124 1710 3162 a
1757 3109 2090 3178 negotiorum

508 3193 683 3259 turba,
718 3211 821 3248 non
851 3209 880 3248 a
912 3197 1248 3253 multitudine
1275 3215 1540 3264 curarum,
1574 3201 1766 3256 nonah
1790 3201 1907 3258 aliis
1935 3202 2094 3258 rebus

509 3284 629 3338 ullis
658 3284 920 3354 ejusmodi
949 3298 1121 3358 potest
1151 3292 1480 3361 supplantari
1517 3311 1530 3346 :
1557 3293 2006 3363 quemadmodum
2039 3304 2092 3350 et

506 3374 752 3444 supinum
779 3392 843 3432 ac
877 3378 1115 3434 desidem
1147 3397 1252 3436 non
1289 3384 1426 3438 aeris
1473 3385 1607 3439 bona
1649 3387 1952 3455 temperies,
1986 3402 2090 3442 non

506 3466 674 3521 otium
709 3477 764 3522 et
803 3471 1084 3537 securitas,
1110 3488 1214 3526 non
1257 3475 1481 3529 fac-imas
1518 3485 1610 3530 aut
1652 3478 1894 3546 voluptas
1923 3488 2096 3548 potest

507 3558 765 3623 excitare,
809 3560 902 3614 sed
938 3571 1216 3630 correptus
1257 3579 1447 3618 somno
1480 3566 1707 3634 quodam
1753 3569 1951 3622 residet
1983 3570 2090 3624 cri-

509 3647 655 3704 mine
697 3664 760 3703 ac
799 3650 1188 3720 vituperatione
1223 3653 1551 3723 dignissimo.
1600 3657 1704 3712 Vos
1751 3667 1926 3714 autem
1961 3661 2092 3717 tales

510 3753 617 3793 non
648 3739 778 3797 estis
804 3759 815 3792 :
846 3741 940 3796 sed
969 3741 1032 3796 iis
1063 3744 1151 3813 qui
1184 3758 1420 3800 nostram
1449 3747 1684 3806 incolunt
1710 3748 1895 3812 urbem
1927 3752 2092 3812 multo

508 3829 757 3886 meliores
796 3831 946 3894 es‘tis,
987 3831 1258 3904 Siquidem
1297 3850 1391 3892 vos
1425 3838 1572 3893 urbis
1609 3849 1768 3910 caput
1805 3857 1868 3896 ac
1909 3853 2092 3905 vertex

507 3919 636 3972 estis
665 3918 798 3973 adeo
825 3921 986 3978 erecti
1017 3938 1080 3978 ac
1122 3925 1305 3995 vigiles
1324 3968 1339 3992 ,
1376 3937 1430 3986 et
1453 3929 1544 3998 qui
1573 3945 1635 3984 ea
1672 3947 1792 4003 quae
1818 3932 2087 4003 dicuntur,

506 4016 758 4073 perpetuo
781 4011 1022 4079 persequi
1053 4012 1288 4068 studiose
1308 4015 1510 4070 soletis.
1530 4016 1642 4074 Hoc
1663 4020 1791 4075 mihi
1815 4020 2080 4079 theatrum

504 4109 688 4165 regum
715 4099 850 4153 aulis
881 4109 964 4155 est
997 4107 1289 4173 augustius.
1321 4105 1452 4161 Nam
1484 4108 1590 4164 illic
1617 4110 1830 4178 quidem
1866 4128 1926 4168 ea
1960 4131 2080 4184 qua:

501 4187 826 4254 tribuuntur,
854 4207 956 4247 una
997 4209 1120 4250 cum
1155 4194 1254 4250 hac
1283 4196 1387 4252 vita
1427 4198 1700 4264 finiuntur,
1729 4210 1780 4255 et
1826 4204 2081 4260 tumultus

504 4279 657 4350 plena
687 4291 809 4337 sunt
835 4297 899 4338 ac
940 4282 1109 4340 turbis
1135 4287 1432 4342 redundant
1460 4306 1474 4344 :
1503 4289 1589 4345 hic
1613 4306 1740 4346 vero
1781 4291 1912 4348 nihil
1943 4295 2082 4362 tale;

499 4372 596 4429 sed
617 4383 670 4429 et
688 4377 948 4434 securitas
968 4379 1161 4443 omnis,
1187 4389 1239 4434 et
1266 4379 1436 4435 honor
1460 4397 1489 4436 a
1518 4381 1684 4436 turbis
1709 4383 1956 4438 immunis
1978 4397 2082 4454 esr,

501 4473 558 4521 et
579 4469 912 4539 magistratus
932 4471 1020 4542 qui
1051 4487 1334 4543 numquam
1364 4472 1635 4537 finiuntur,
1661 4489 1759 4530 nec
1780 4476 1888 4545 ipsa
1913 4488 2084 4534 morte

502 4555 977 4630 interrumpuntur,
997 4562 1093 4617 sed
1116 4571 1224 4617 tum
1251 4566 1504 4634 temporis
1536 4565 1754 4622 tutiores
1777 4566 1924 4623 fiunt.
1949 4568 2082 4626 Nolo

500 4647 644 4704 eliim
675 4650 803 4710 mihi
825 4666 1214 4708 commemores
1239 4669 1359 4710 eum
1382 4656 1470 4727 qui
1501 4656 1682 4712 sedeat
1719 4658 1770 4713 in
1793 4674 1970 4727 curru,
2003 4677 2084 4716 su-

501 4737 718 4808 percilia
745 4741 970 4808 attollat,
1001 4744 1269 4815 multoque
1297 4746 1366 4800 sit
1385 4747 1636 4803 satellitio
1650 4749 1875 4816 cinctus,
1905 4768 2078 4821 neque

499 4827 770 4899 cingulum
800 4838 855 4884 et
883 4846 1064 4888 vocem
1092 4837 1386 4904 prmconis:
1417 4836 1541 4892 nnlo
1565 4838 1690 4899 mihi
1714 4842 2076 4911 magistratum

499 4916 625 4975 inde
653 4919 898 4991 designes
927 4941 940 4976 :
972 4924 1065 4978 9rd
1110 4926 1178 4981 ab
1213 4927 1374 4982 animi
1412 4937 1572 4996 statu,
1597 4931 1641 4986 si
1667 4931 1944 4993 affectibus
1981 4935 2079 4991 im-

499 5018 671 5078 peret,
702 5011 746 5066 si
784 5013 906 5068 vitia
946 5014 1171 5084 subigat,
1202 5017 1465 5084 videlicet,
1514 5021 1559 5074 si
1602 5021 1902 5080 divitiarum
1940 5026 2082 5095 cupi-

499 5101 648 5159 dilati
677 5102 1002 5172 dominetur,
1044 5108 1087 5163 si
1123 5122 1402 5178 corporum
1446 5111 1816 5186 inexplebilem
1841 5131 2078 5172 amorem

497 5192 787 5265 subegerit,
806 5195 850 5250 si
879 5211 983 5250 non
1007 5195 1204 5254 invidia
1229 5199 1484 5267 tabescat,
1499 5201 1543 5257 si
1567 5217 1672 5260 non
1701 5202 1872 5261 inanis
1897 5206 2079 5273 gloria:

496 5283 898 5349 perturbatione
938 5286 1280 5353 distrahatur,
1327 5290 1370 5345 si
1411 5303 1702 5362 egestatem
1743 5309 1848 5349 non
1880 5304 2080 5357 metuat

497 5380 548 5423 et
574 5383 784 5441 tremat,
815 5378 860 5432 si
890 5393 993 5432 non
1038 5379 1091 5438 in
1129 5380 1361 5436 deterius
1400 5387 1770 5452 mutationem,
1806 5387 1849 5440 si
1879 5386 1979 5442 hoc
2011 5388 2078 5440 ti-

497 5475 648 5517 more
674 5479 778 5520 non
807 5469 1156 5526 exanimetur.
1187 5471 1370 5527 Talem
1403 5473 1533 5532 mihi
1576 5476 1940 5546 magistratum
1985 5492 2074 5530 os-

497 5552 655 5606 tende
698 5555 843 5612 :hoc
884 5561 1025 5616 enim
1067 5572 1149 5617 est
1185 5578 1370 5634 gerere
1414 5565 1802 5636 magistratum.
1845 5567 1995 5637 Quod
2031 5569 2074 5624 si

557 5664 629 5728 uti
664 5664 839 5720 t‘ollata
859 5683 970 5726 cum
990 5680 1099 5726 Mss.
1123 5681 1240 5740 Reg,
1266 5677 1404 5739 i9“,
1433 5684 1485 5729 ct
1507 5676 1638 5730 Colh.
1665 5678 1806 5730 5058.

2097 2342 2240 2398 6E9

2245 2365 2548 2378 ...ιι-

2208 2464 2512 2526 hominibus
2535 2462 2748 2533 quidem
2791 2463 3034 2534 imperet,
3066 2461 3157 2516 sed
3185 2459 3467 2518 allectibus
3496 2462 3676 2516 animi
3699 2477 3810 2517 ser-

2202 2555 2328 2616 viat,
2372 2553 2514 2608 hunc
2561 2569 2660 2624 ego
2701 2554 2928 2610 dixerim
2977 2553 3096 2624 plus
3125 2569 3280 2629 quam
3313 2567 3506 2607 omnes
3557 2552 3812 2608 homines

2199 2661 2320 2701 esse
2349 2646 2589 2703 servituti
2628 2646 2939 2700 obnoxium.
2988 2645 3054 2699 Et
3093 2643 3554 2714 quemadmodum
3587 2646 3680 2715 qui
3731 2645 3809 2698 fc-

2200 2737 2337 2798 brim
2367 2736 2561 2797 habeat
2593 2737 2884 2796 visceribus
2909 2751 2972 2790 ac
3003 2736 3154 2794 venis
3200 2735 3342 2792 intus
3388 2735 3691 2797 inclusam.
3727 2747 3807 2792 ta-

2201 2829 2356 2885 tnetsi
2385 2828 2514 2891 nihil
2539 2829 2641 2886 tale
2669 2829 2875 2902 species
2903 2829 3141 2898 corporis
3161 2837 3379 2882 externa
3406 2842 3522 2897 pm
3554 2842 3618 2882 se
3645 2827 3805 2887 ferat.

2204 2923 2423 2977 omnino
2444 2921 2592 2982 febre
2621 2921 2850 2982 maxime
2877 2929 3180 2995 correptum
3209 2928 3454 2976 asserem
3485 2917 3716 2981 medici,
3741 2920 3804 2970 li-

2198 3023 2286 3068 cet
2311 3013 2555 3084 ignorent
2596 3012 2825 3082 imperiti
2874 3030 2886 3066 :
2925 3011 3005 3067 sic
3031 3020 3084 3065 et
3109 3026 3208 3079 ego
3231 3010 3376 3064 illum
3417 3010 3502 3064 cui
3540 3025 3706 3064 serva
3739 3010 3807 3062 sit

2199 3109 2374 3162 anima
2404 3116 2457 3162 ct
2489 3105 2650 3160 animi
2693 3105 2968 3159 allectihus
3013 3104 3334 3171 mancipata,
3364 3102 3488 3156 licet
3518 3102 3659 3156 nihil
3697 3104 3804 3155 tale

2201 3197 2365 3252 facies
2386 3206 2626 3258 externa.
2651 3196 2743 3250 scd
2769 3195 3094 3250 contrarium
3126 3210 3233 3263 pra:
3260 3209 3318 3248 se
3353 3191 3507 3256 ferat,
3547 3195 3802 3247 servituti

2201 3289 2491 3345 obnoxium
2535 3303 2643 3358 pra:
2680 3287 2889 3342 cmtcris
2928 3287 3174 3348 dixerim,
3205 3292 3384 3354 utpote
3411 3283 3500 3353 qui
3533 3283 3802 3337 vitiorum

2202 3379 2391 3433 iebrim
2420 3387 2747 3448 grassantem
2791 3379 2930 3431 intus
2961 3376 3175 3442 habeat,
3205 3389 3268 3430 ac
3305 3373 3640 3443 tyrannidem
3669 3391 3804 3443 pas-

2201 3471 2410 3524 sionum
2444 3471 2540 3540 ipsi
2571 3470 2762 3523 animus
2805 3467 3124 3523 insidentem
3155 3485 3169 3522 :
3214 3467 3567 3536 magistratum
3594 3474 3797 3525 autem

2198 3575 2406 3630 gerere,
2439 3569 2492 3614 et
2513 3559 2736 3613 liberum
2765 3574 2884 3614 esse
2912 3573 2974 3613 ac
2999 3559 3212 3633 regibus
3247 3556 3365 3626 ipsis
3388 3553 3792 3624 augustiorem,

2199 3653 2442 3723 quamvis
2467 3654 2657 3726 pannis
2697 3651 2911 3716 indutus
2944 3651 3042 3728 sit,
3077 3649 3318 3720 quamvis
3355 3647 3406 3706 in
3435 3660 3656 3701 carcere
3683 3645 3796 3706 lia-

2198 3744 2350 3810 bitct,
2378 3745 2617 3819 quamvis
2647 3752 2831 3804 catena
2858 3743 2926 3803 sit
2948 3741 3329 3807 circumdatus,
3360 3753 3478 3794 eum
3503 3737 3594 3809 qui
3623 3737 3792 3804 hujus

2200 3837 2493 3912 tyrannidis
2515 3840 2698 3911 jugum
2737 3833 3050 3899 excusserit,
3074 3843 3130 3888 et
3165 3847 3336 3902 neque
3365 3831 3538 3901 pravis
3571 3831 3788 3899 cupidi-

2201 3927 2396 3987 tatibus
2427 3935 2688 3991 teucatur,
2715 3941 2816 3982 nec
2851 3923 3084 3985 absurdo
3121 3924 3443 3998 paupertatis
3475 3931 3529 3975 et
3554 3920 3788 3990 ignomi.

2199 4018 2322 4086 nite,
2346 4034 2518 4092 neque
2545 4035 2729 4074 eorum
2759 4034 2877 4088 qua:
2917 4020 2969 4072 in
2997 4017 3097 4080 hac
3127 4019 3230 4070 vita
3261 4016 3484 4071 moleSta
3511 4015 3780 4080 videntur,

2199 4111 2390 4168 timore
2416 4116 2694 4177 correptus
2721 4106 3115 4167 contremiscat.

2267 4197 2322 4262 2.
2357 4197 2629 4269 Ejusmodi
2659 4197 2994 4268 magistratus
3020 4212 3124 4252 non
3152 4197 3374 4268 pecunia
3406 4196 3624 4252 venales
3649 4209 3775 4266 pro-

2192 4299 2355 4356 stant,
2385 4305 2559 4360 neque
2595 4289 2892 4344 invidorum
2931 4297 3112 4362 patent
3153 4289 3454 4344 incursibus
3478 4306 3492 4344 :
3520 4288 3664 4343 hunc
3685 4303 3776 4343 ac-

2190 4381 2452 4436 cusatoris
2482 4380 2658 4451 lingua
2695 4395 2799 4435 non
2847 4381 2993 4435 novit
3016 4420 3031 4444 ,
3076 4393 3175 4435 nec
3214 4379 3404 4435 oculus
3432 4379 3730 4434 invidorum
3755 4421 3772 4456 ,

2190 4490 2364 4548 neque
2395 4473 2762 4538 insidiatorum
2794 4472 3076 4538 machinae,
3109 4470 3204 4528 sed
3235 4481 3501 4542 tamquam
3528 4471 3577 4525 in
3611 4471 3769 4526 ἰιινὶιδε

2191 4565 2336 4627 labili
2359 4565 2588 4641 quodam
2622 4563 2973 4636 philosophia:
2997 4563 3271 4619 domicilio
3297 4564 3537 4620 residens
3565 4577 3776 4633 perma-

2191 4669 2284 4715 net
2327 4674 2540 4732 semper
2581 4658 2846 4724 invictus,
2895 4671 3069 4727 neque
3098 4665 3303 4710 tantum
3334 4655 3545 4713 carteris
3592 4669 3769 4716 rerum

2191 4738 2535 4814 adversarum
2566 4752 2798 4816 casibus,
2828 4750 2922 4808 sed
2949 4765 3047 4806 nec
3069 4750 3168 4820 ipsi
3197 4750 3355 4810 morti
3383 4747 3545 4809 cedit.

2262 4843 2550 4920 Martyrum
2577 4851 2794 4911 potestas
2817 4851 3041 4911 quauta;
3071 4840 3359 4913 spiritualcs
3387 4838 3574 4892 diuitiis
3598 4837 3772 4891 distri-

2188 4935 2392 4990 butione
2432 4944 2700 5001 crescunt;
2740 4951 2830 4987 cur
2868 4933 3087 4997 caducas
3114 4948 3219 4986 esse
3242 4948 3323 4986 res
3348 4932 3464 4986 vitae
3489 4931 3644 5000 hujus
3683 4946 3770 4982 eo-

2189 5029 2338 5083 luerit
2367 5027 2505 5082 Deus
2527 5045 2546 5093 ;
2571 5027 2801 5098 angelica
2829 5037 2901 5081 est
2930 5026 3030 5080 vita
3057 5027 3359 5098 evangelica.
3384 5024 3770 5080 —Ostcndunt

2190 5121 2290 5176 hoc
2311 5129 2594 5192 martyres,
2619 5136 2842 5190 quorum
2865 5133 3091 5189 corpora
3113 5119 3328 5189 quidem
3349 5117 3601 5174 dissoluta
3625 5125 3765 5175 sunt.

2187 5219 2241 5266 ct
2267 5211 2319 5271 iu
2350 5210 2620 5280 pulverem
2649 5211 2988 5279 cineremque
3019 5209 3234 5264 redacta
3267 5226 3280 5262 :
3310 5209 3649 5280 magistratus
3673 5225 3768 5261 auo

2190 5314 2297 5366 tem
2332 5318 2396 5359 ac
2423 5303 2752 5374 principatus
2780 5302 3017 5374 quotidie
3046 5302 3208 5366 vivit,
3252 5310 3308 5357 et
3334 5311 3618 5373 operatur,
3644 5301 3768 5355 dum

2186 5396 2456 5458 daemones
2482 5396 2672 5466 abigit,
2713 5405 2768 5450 et
2797 5395 3014 5451 morbos
3039 5394 3089 5449 in
3122 5393 3298 5465 fugam
3325 5396 3616 5456 convertit,
3643 5395 3765 5458 dum

2189 5487 2424 5555 integras
2452 5487 2607 5541 urbes
2627 5485 2853 5552 excitat,
2894 5497 2947 5540 et
2975 5486 3198 5556 populos
3227 5487 3278 5539 iu
3311 5484 3454 5540 hunc
3473 5485 3648 5539 locum
3676 5487 3767 5542 dc—

2184 5578 2349 5634 ducit.
2382 5578 2549 5637 Tanta
2579 5580 2918 5650 magistratus
2942 5590 2991 5635 et
3039 5579 3245 5648 imperii
3279 5578 3429 5633 istius
3457 5587 3540 5634 est
3567 5580 3762 5639 virtus.

2191 5688 2294 5731 non
2320 5688 2556 5730 vivorum
2587 5681 2788 5728 tantum
2827 5673 3143 5745 principum,
3186 5670 3281 5729 sed
3313 5672 3471 5728 etiam
3505 5671 3609 5735 vita
3641 5670 3760 5734 fun-
