4082 6212
570 354 681 408 ΕΗΒ

1300 371 1356 427 S.
1395 371 1682 430 JOANNIS
1719 374 2213 432 CHRYSOSTOMI
2249 374 2569 433 Αιιιιιιιειι.
2601 371 3147 432 CONSTANTINOP.

3743 370 3854 427 550

582 473 775 547 μηδενὶ
827 475 1188 547 μαραίνεσθαι
1242 474 1439 547 χρόνῳ.
1492 474 1687 548 Ὁρᾶτε
1726 476 1818 542 -ώς
1856 476 1928 532 οὐ
1985 475 2162 549 μάτην
2264 471 2440 546 τούτῳ
2465 472 2563 547 μὲν
2591 476 2894 549 σκάμματα
2934 478 3030 533 zeal
3073 478 3277 543 πόνους
3309 478 3408 533 zeal
3453 480 3686 553 ἱδρῶτας
3722 502 3847 539 συν-

574 569 724 621 τουτὶ
748 564 809 621 τδ
838 566 1064 639 θέατρον
1104 567 1425 639 σεμνότερον
1462 564 1599 639 ἔφην
1638 564 1777 623 εἶναι
1807 567 1917 622 τῶν
1953 569 2161 653 βασιλι-

574 659 689 713 κῶν
716 657 926 725 αὐλῶνς
958 658 1039 711 Τά
1072 659 1170 730 μὶν
1202 658 1313 732 7&9
1358 660 1477 713 ἐκεῖ
1514 659 1734 729 φύλλοις
1765 659 1909 714 ἔοικε
1955 679 2157 734 μαραι-
2184 708 2195 719 .

573 749 840 821 νομένοις,
870 751 963 805 καὶ
1000 754 1177 816 σκιαῖς
1209 751 1711 825 παρατρεχούσαις·
1739 751 1807 806 τά
1834 752 1890 808 δὲ
1924 753 2155 807 ἐνταῦθα

569 840 821 913 διδόμενα
849 842 940 898 τὸν
966 842 1247 915 ἀδάμαντα
1284 847 1556 916 μιμεῖται,
1589 845 1871 916 μᾶλλον-δέ
1901 846 2153 901 κάκείνου

571 933 921 1006 στερρότερα,
954 933 1051 989 ἅτε
1078 933 1323 989 ἀθάνατα
1358 935 1485 989 δντα
1508 936 1613 989 zeal
1663 935 1896 1006 ἀκίνητα
1940 937 2036 991 zeal
2065 937 2156 990 ού-

565 1025 729 1098 δεμιᾷ
757 1025 977 1081 είκοντά
996 1043 1126 1081 ποτε
1158 1026 1447 1099 μεταϐολῇ,
1473 1027 1568 1080 zeal
1593 1029 1705 1090 τοῖς
1736 1027 1934 1100 ἐρῶσιν
1973 1028 2153 1083 αὐτῶν

567 1116 735 1181 ἀδεῶς
770 1117 1016 1185 ἐπιόντα,
1043 1118 1222 1189 μάχης
1247 1117 1648 1190 ἀπηλλαγμένα
1672 1119 1769 1173 zeal
1795 1119 2150 1189 φιλονεικίας,

566 1210 658 1263 zeal
689 1208 881 1279 φθόνου
912 1209 1007 1264 zeal
1032 1209 1419 1281 δικαστηρίων,
1461 1210 1556 1264 zeal
1589 1210 1889 1265 ἐπιϐούλων
1929 1211 2024 1265 zeal
2058 1228 2150 1265 συ·

561 1302 876 1372 κοφαντίας.
924 1303 1004 1356 Τά
1037 1303 1134 1374 μὲν
1166 1302 1275 1375 7&9
1326 1301 1558 1373 βιωτικά
1600 1303 1829 1368 πολλοὺς
1866 1303 1977 1375 ἔχει
2023 1305 2149 1370 τοὺς

562 1392 920 1461 φθονοῦντας·
950 1395 1018 1449 τά
1049 1394 1107 1449 δὲ
1137 1394 1510 1465 πνευματικά,
1537 1396 1661 1449 ὅσον
1689 1394 1755 1450 ἀν
1784 1397 2149 1462 είςπλείονας

557 1485 708 1558 έλθῃ,
733 1484 988 1539 τοσοῦτον
1016 1487 1215 1558 μᾶλλον
1240 1486 1339 1558 τὴν
1376 1486 1636 1557 εύπορίαν
1679 1486 2015 1542 ἐνδείκνυται
2046 1489 2145 1561 τὴν

556 1577 786 1633 ἑαυτῶν.
815 1579 923 1632 Kal
950 1578 1109 1632 τοῦτο
1136 1578 1343 1645 ἔξεστιν
1371 1579 1497 1651 ύμῖν
1529 1581 1591 1634 ἐκ
1629 1579 1917 1650 τοῦιλόγου
1951 1580 2143 1636 τούτου

558 1667 769 1737 μαθεῖν.
802 1668 905 1722 ἰ’ὺν
935 1668 1043 1740 7&9
1074 1668 1251 1738 λόγον,
1278 1669 1336 1722 ὃν
1367 1672 1446 1733 εἰς
1491 1670 1696 1735 πάντας
1723 1671 1918 1742 ἐκχέω,
1946 1670 2012 1726 ἀν
2044 1672 2142 1743 μὲν

551 1760 690 1812 οἴκοι
729 1760 986 1830 κατάσχω
1037 1763 1166 1831 παρ’
1206 1761 1447 1832 ἐμαυτῷ,
1489 1761 1839 1834 ἀπορώτερος
1876 1763 2135 1835 γίνομαι·

553 1848 621 1902 ἂν
649 1847 706 1902 δὲ
731 1849 810 1911 εἰς
842 1849 1047 1912 πάντας
1070 1848 1262 1919 ἐκχέω,
1292 1848 1481 1922 ὥσπερ
1508 1850 1588 1914 είς
1618 1849 1859 1922 ἄρουραν
1887 1847 2137 1922 καθαράν

552 1940 761 2010 βάλλων
800 1943 867 1997 τά
913 1941 1223 2012 σπέρματα,
1273 1943 1530 1997 ἐπιτείνω
1574 1958 1676 2013 μου
1715 1940 1814 2012 τὴν
1852 1939 2135 2014 εὐπορίαν,

548 2034 773 2088 πλείονα
802 2036 941 2090 ποιῶ
966 2036 1058 2091 τὸν
1089 2035 1344 2101 πλοῦτον,
1373 2035 1616 2100 ἃπαντας
1656 2035 1802 2106 ὑμᾶς
1832 2035 2137 2107 εὐπορωτέ-

550 2141 677 2195 ρους
710 2125 1098 2200 ἐργαζόμενος,
1126 2128 1289 2191 αὐτὸς
1316 2126 1371 2180 δέ
1396 2126 1547 2180 οὐδὲν
1576 2127 1634 2180 ἐν
1672 2126 1846 2202 ταύτῃ
1879 2127 2135 2182 πενέστε-

548 2232 641 2286 ρος
697 2217 1015 2289 γινόμενος,
1058 2216 1196 2272 ἀλλά
1234 2217 1329 2271 zeal
1375 2214 1771 2289 πλουσιώτερος
1833 2215 2094 2287 μειζόνως
2116 2233 2131 2249 ·

543 2306 681 2378 ὅπερ
714 2308 806 2362 ἐπὶ
835 2308 1132 2381 χρημάτων
1161 2309 1260 2361 ούκ
1304 2307 1406 2372 ενι,
1452 2304 1589 2361 ἀλλά
1620 2305 1928 2361 τούναντίον
1960 2307 2127 2363 ἀπαν.

545 2398 607 2452 El
645 2400 754 2473 γάρ
782 2401 921 2472 ἔχων
961 2399 1181 2473 χρυσίον
1218 2399 1599 2470 ἀποκείμενον,
1646 2400 1725 2462 είς
1762 2397 1967 2462 πάντας
1999 2399 2130 2453 αὐτὸ

540 2495 809 2566 διανεῖμαι
868 2493 1113 2565 ἐλοίμην,
1164 2491 1346 2545 ούκέτι
1394 2490 1460 2546 ἀν
1509 2488 1779 2560 δυναίμην
1826 2488 1970 2560 ἐχειν
2028 2490 2127 2562 τὴν

542 2588 813 2661 προτέραν
865 2585 1147 2655 εὐπορίαν,
1199 2586 1265 2654 τῇ
1319 2580 1581 2655 διαιρέσει
1616 2581 1825 2653 ταύτης
1871 2581 2123 2635 ἐλαττου-

543 2679 731 2749 μένης.

698 2770 849 2823 Ἐπεὶ
865 2762 956 2823 οῦν
971 2769 1205 2822 τοσαῦτα
1242 2766 1343 2820 τῶν
1362 2765 1747 2838 πνευματικῶν
1766 2765 1833 2819 τά
1844 2766 2118 2840 ἐξαίρετα,

536 2854 633 2905 καὶ
659 2851 856 2923 πολλὴν
885 2851 995 2923 ἔχει
1022 2852 1122 2923 τὴν
1163 2850 1433 2914 εὐκολίαν,
1474 2850 1568 2903 ᾶτε
1608 2850 1741 2903 πᾶσι
1773 2853 1885 2914 τοῖς
1930 2849 2118 2920 βουλο-

539 2935 719 3005 μένοις
737 2936 943 3007 δωρεάν
973 2934 1397 3007 παραγινόμενα,
1424 2931 1628 2987 τούτων
1656 2932 1856 3003 μᾶλλον
1879 2934 2116 3006 ἐρῶμεν,

531 3018 631 3081 τὰς
661 3019 818 3083 σκιάς
860 3019 1107 3088 ἀφέντες,
1141 3018 1236 3072 zeal
1271 3016 1345 3088 μὴ
1377 3016 1504 3080 τοὺς
1543 3018 1820 3088 κρημνοὺς
1853 3017 1948 3071 zeal
1989 3018 2118 3082 τοῦς

535 3102 833 3166 σκοπέλους
864 3101 1168 3164 διώκοντες.
1195 3100 1306 3154 Kal
1344 3099 1453 3171 γάρ
1492 3100 1580 3153 ἵνα
1608 3098 1795 3155 τοῦτον
1820 3100 1909 3153 τὸν
1939 3100 2117 3172 ἔρωτα

530 3188 559 3238 ὁ
586 3185 717 3249 Θεὸς
754 3184 1020 3259 ἐπιτείνῃ.
1060 3185 1158 3239 zeal
1203 3183 1311 3256 πρὸ
1352 3184 1452 3255 τῆς
1492 3183 1748 3255 τελευτῆς
1783 3183 1878 3238 τοῦ
1917 3201 2116 3255 κεκτη-

533 3269 696 3337 μένου
734 3268 910 3323 ταῦτα
943 3266 1235 3341 ἀνθρώπου
1279 3266 1509 3321 θάνατον
1540 3268 1725 3332 αὐτοῖς
1767 3266 2113 3339 συνεκλήρω-

531 3369 642 3407 σεν.
675 3348 798 3407 Οἶόν
840 3370 894 3407 τι
936 3353 1111 3421 λέγω·
1161 3352 1261 3423 ούχ
1306 3352 1437 3405 ὅταν
1482 3353 1511 3406 ό
1554 3352 1889 3423 κεκτημένος
1940 3352 2112 3406 ταῦτα

526 3436 845 3509 τελευτήσῃ,
886 3437 1007 3491 τότε
1032 3435 1135 3490 zeal
1164 3435 1304 3489 αύτά
1333 3435 1577 3505 τελευτᾷ,
1622 3434 1757 3490 ἀλλά
1789 3437 1882 3491 καὶ
1913 3436 2112 3501 ζῶντος

527 3520 607 3573 ἐτι
645 3523 968 3593 μαραίνεται
1018 3521 1189 3575 ταῦτα
1231 3519 1326 3573 zeal
1357 3518 1713 3588 ἀποθνήσκει,
1755 3519 1845 3573 ἴνα
1877 3520 1937 3573 τὸ
1974 3521 2111 3574 ἐπί-

527 3622 697 3677 κηρον
727 3605 904 3658 αὐτῶν
948 3604 1040 3657 zeal
1069 3604 1193 3667 τοὺς
1238 3602 1441 3672 σφόδρα
1491 3602 1670 3656 αὐτῶν
1718 3602 1961 3673 ἐρῶντας
2015 3604 2110 3660 zeal

525 3687 655 3761 περὶ
680 3687 818 3742 αὑτά
849 3686 1162 3757 μεμηνότας
1194 3685 1293 3754 τῆς
1322 3684 1565 3756 χαλεπῆς
1594 3683 1797 3758 ταύτης
1842 3687 2107 3762 ἀπαγάγῃ

524 3770 742 3844 λύττης,
780 3770 1102 3825 παιδεύοντα
1129 3769 1307 3823 αύτῶν
1330 3768 1429 3840 τὴν
1459 3769 1638 3838 φύσιν,
1670 3770 1763 3823 zeal
1788 3769 2107 3827 διδάσκοντα

522 3857 611 3910 διά
642 3859 739 3927 τῆς
781 3856 1005 3926 πεῖρας,
1047 3854 1126 3909 ὅτι
1164 3854 1320 3917 σκιᾶς
1372 3854 1521 3906 ἐστιν
1571 3852 1971 3928 άδρανέστερα,
2010 3858 2104 3911 zeal

519 3938 695 4013 ταύτῃ
728 3939 817 3991 τὸν
868 3936 1044 4009 ἔρωτα
1077 3934 1432 3991 καταλύοντα.
1457 3931 1581 3992 Οίον
1610 3936 1686 4001 ῶς
1720 3938 1813 3992 ἐπὶ
1846 3940 2104 4011 παραδεί-

520 4040 728 4093 γματος
746 4040 761 4054 ·
786 4022 814 4075 ό
843 4020 1070 4085 πλοῦτος
1092 4020 1213 4092 ούχλ⁵
1235 4019 1330 4075 τοῦ
1360 4019 1713 4085 πλουτοῦντος
1745 4021 1903 4091 μόνον
1926 4023 2105 4078 τελευ-

517 4106 719 4170 τῶντος
752 4104 1101 4167 καταλύεται,
1125 4102 1262 4157 ἀλλά
1279 4114 1385 4156 και
1412 4103 1612 4167 ζῶντος
1646 4104 1846 4174 μᾶλλον
1864 4106 2098 4177 ἀπέστη.

529 4190 596 4245 Ἦ
621 4190 811 4259 νεότης
836 4187 925 4241 τὸν
955 4186 1143 4257 έχοντα
1170 4185 1292 4258 οὐχὶ
1316 4186 1716 4257 τελευτήσαντα
1757 4187 1939 4258 μόνον,
1963 4188 2099 4243 ἀλλὰ

517 4272 613 4326 zeal
662 4272 963 4343 ἐμπνέοντα
1005 4269 1084 4323 ῑτι
1128 4268 1470 4323 ἀπολιποῦσα
1510 4268 1747 4339 οἴχεται,
1785 4271 1844 4324 ἐν
1880 4273 1947 4342 τῇ
2003 4272 2099 4343 τῆς

517 4355 733 4427 ἡλικίας
759 4353 866 4416 όδῷ
890 4352 1253 4415 καταλύουσα,
1272 4352 1364 4405 καὶ
1394 4352 1647 4423 τῷ²γήρα
1668 4351 2093 4425 παραχωροῦσα.

516 4439 592 4495 Τὸ
631 4439 826 4504 κάλλος
875 4436 1010 4509 όμοῦ
1049 4437 1142 4490 zeal
1185 4437 1218 4506 ἡ
1261 4434 1566 4506 εὐμορφία,
1615 4435 1698 4489 ἐτι
1747 4435 1931 4508 ζώσης
1997 4439 2096 4510 τῆς

514 4524 793 4592 γυνιικδς,
838 4518 1177 4591 ἐτελεύτησεν
1214 4519 1307 4572 καὶ
1336 4519 1473 4590 πρὸς
1508 4518 1788 4590 ἀμορφίαν
1822 4520 2092 4593 μετέστη·

514 4608 571 4659 αἱ
606 4607 774 4674 δόξαι,
809 4606 864 4660 αἱ
901 4606 1207 4660 δυναστεῖαι
1255 4602 1416 4657 πάλιν
1458 4601 1689 4674 ὁμοίως·
1736 4605 1792 4658 αί
1825 4604 2000 4675 τιμαὶ,
2037 4606 2094 4659 αἱ

511 4698 700 4768 ἀρχαὶ,
744 4697 1008 4767 ἐφήμεροι
1048 4696 1145 4749 καὶ
1183 4693 1529 4767 πρόσκαιροι,
1568 4696 1661 4750 zeal
1698 4697 1807 4749 τῶν
1857 4697 2093 4768 ἐχόντων

513 4784 652 4838 αὐτὰ
707 4782 1007 4853 ἀνθρώπων
1062 4782 1413 4856 θνητότεραι·
1464 4785 1554 4839 καὶ
1600 4784 1791 4857 ῶσπερ
1823 4785 2090 4858 σωμάτων

513 4874 773 4937 θανάτους
801 4872 914 4927 ἐστι
941 4873 1338 4947 καθημερινοῦς
1360 4877 1513 4948 όρᾷν,
1540 4875 1681 4933 οὕτω
1711 4878 1807 4932 καὶ
1839 4878 2092 4950 πραγμά-

509 4981 635 5019 των.
660 4962 829 5017 Τοῦτο
859 4963 914 5017 δέ
944 4964 1187 5032 γέγονεν,
1210 4964 1295 5018 ἵνα
1319 4964 1427 5019 τῶν
1465 4966 1747 5039 παρόντων
1780 4967 2090 5040 ὑπερορῶν-

507 5076 621 5123 τες.
647 5055 797 5131 [540]
834 5056 943 5110 τῶν
975 5056 1275 5128 μελλόντων
1305 5055 1578 5129 ἐχώμεθα,
1618 5060 1712 5114 zeal
1740 5060 1836 5131 τῆς
1865 5060 2088 5115 ἐκείνων

506 5152 607 5206 ἐκκ
615 5168 670 5223 ρε
679 5147 910 5222 μώμεθα
926 5146 1299 5213 ἀπολαύσεως,
1320 5148 1411 5203 zeal
1428 5150 1485 5203 ἐν
1499 5152 1567 5220 τῇ
1584 5152 1654 5222 γῇ
1678 5149 2087 5226 βαδίζοντες,τῷ

506 5246 656 5318 πόθῳ
673 5248 729 5299 ἐν
752 5245 1001 5313 οὐρανοῖς
1031 5241 1413 5316 διατρίϐωμεν.
1448 5243 1561 5301 Καὶ
1612 5244 1720 5318 γάρ
1744 5245 1838 5301 δύο
1860 5247 2087 5314 τούτους

505 5334 707 5403 αἰῶνας
725 5335 979 5409 ἐποίησεν
998 5334 1191 5401 όΘεδς,
1209 5335 1302 5391 τὸν
1330 5336 1428 5409 μὲν
1458 5336 1721 5409 παρόντα,
1751 5337 1842 5393 τὸν
1863 5338 1920 5393 δὲ
1953 5339 2083 5412 μέλ.

504 5433 694 5488 λοντα·
725 5430 817 5485 τὸν
859 5428 956 5501 μέν
986 5428 1204 5500 ὁρατὸν,
1234 5428 1326 5483 τδν
1350 5429 1408 5483 δέ
1437 5429 1698 5502 ἀόρατον·
1733 5431 1824 5486 τὸν
1866 5430 1966 5503 μὶν
1998 5434 2083 5487 αί-

506 5522 725 5593 σθητδν,
755 5521 849 5576 τὸν
885 5522 943 5576 δὲ
975 5519 1198 5591 νοητόν·
1228 5520 1320 5575 τὸν
1368 5522 1468 5592 μὲν
1520 5524 1840 5596 σωματικὴν
1891 5523 2084 5595 έχοντα

505 5614 831 5679 ἀνάπαυσιν,
861 5613 952 5668 τὴν
976 5614 1034 5669 δέ
1067 5612 1359 5685 ἀσώματον
1379 5630 1393 5644 ·
1418 5613 1508 5669 τδν
1546 5615 1647 5686 μὶν
1676 5619 1735 5671 ἐν
1768 5617 1953 5688 πείρᾳ,
1990 5614 2082 5671 τὸν

504 5700 561 5753 δὲ
589 5703 645 5752 ἐν
671 5701 882 5754 πίστει·
911 5704 1003 5754 τὸν
1030 5704 1128 5771 μὲν
1154 5707 1211 5759 ἐν
1237 5706 1413 5778 χερσὶ,
1449 5705 1540 5760 τὸν
1566 5706 1622 5761 δέ
1660 5708 1717 5761 ἐν
1740 5707 1959 5761 ἐλπίσι·
1988 5708 2082 5762 zeal

514 5786 607 5841 τδν
643 5786 740 5855 μὶν
759 5783 896 5839 εἶναι
923 5788 1135 5846 στάδιον
1168 5794 1439 5863 ἐκέλευσε,
1460 5796 1551 5849 τὸν
1576 5798 1633 5852 δὲ
1678 5797 1929 5869 βραϐεῖον
1948 5814 1963 5832 ·
1990 5800 2081 5854 καὶ

2259 563 2596 638 εκλήρωσεν,
2614 568 2808 639 ἐκείνῳ
2826 568 2884 623 δέ
2907 568 3204 639 στεφάνους
3224 569 3319 624 καὶ
3335 569 3551 627 επαθλα
3575 575 3669 627 καὶ
3686 577 3848 648 ἀμοιο

2259 654 2391 718 ϐάς·
2421 654 2514 710 τὸν
2548 655 2647 727 μέν
2683 657 2940 726 πέλαγος,
2986 658 3078 712 τὸυ
3121 656 3179 711 δὲ
3205 657 3403 731 λιμένα
3435 665 3845 720 κατεσκεύασε·

2257 746 2352 800 zeal
2399 746 2493 800 τὸν
2548 747 2647 818 μὲν
2676 748 2909 820 βραχὺν,
2942 749 3035 804 τὸν
3079 748 3141 803 δέ
3169 750 3380 823 ,ἀγήρω
3415 754 3510 807 zeal
3550 753 3844 816 ἀθάνατον.

2268 837 2420 892 Ἐπεὶ
2448 834 2542 893 οὖν
2577 838 2764 895 πολλοὶ
2785 839 2894 895 τῶν
2918 839 3221 914 ἀνθρώπων
3249 841 3358 898 τῶν
3383 845 3592 917 νοητῶν
3620 847 3848 903 ἐκείνων

2252 927 2321 982 τά
2356 929 2593 1001 αἰσθητά
2619 932 2952 1005 προετίμων,
2982 932 3362 1006 συνεκλήρωσέ
3403 935 3617 1004 τούτοις
3641 938 3703 994 τὸ
3724 941 3847 995 ἐπί-

2253 1036 2423 1092 κηρον
2455 1021 2550 1076 καὶ
2580 1022 2648 1076 τὸ
2695 1024 3050 1096 πρόσκαιρον,
3075 1025 3165 1080 ῖνα
3192 1025 3366 1099 ταύτῃ
3412 1028 3521 1081 τῶν
3554 1030 3845 1102 παρόντων

2248 1105 2576 1177 ἀπαγαγὼν,
2596 1110 2674 1181 τῷ
2689 1110 2865 1185 ἔρωτι
2885 1111 2997 1166 τῶν
3019 1113 3321 1184 μελλόντων
3340 1116 3483 1187 μετά
3506 1119 3709 1192 πολλῆς
3735 1122 3839 1175 αύ-

2236 1196 2375 1262 ’τοὺς
2409 1199 2692 1274 προσδήσῃ
2711 1201 2817 1273 τῆς
2845 1200 3298 1276 ἀκριϐείαςέείτα
3321 1207 3509 1281 ἐπειδὴ
3529 1210 3737 1282 ἀόρατα
3768 1208 3839 1285 ἦν

2247 1289 2431 1343 ἐκεῖνα
2460 1293 2553 1346 καὶ
2587 1293 2772 1366 νοερά,
2802 1295 2898 1350 zeal
2940 1297 2999 1349 ἐν
3038 1298 3223 1351 πίστει
3258 1299 3352 1353 καὶ
3383 1300 3444 1353 ἐν
3466 1301 3702 1370 ἐλπίσιν,
3734 1306 3839 1374 ἔρα

2244 1382 2299 1436 τί
2333 1386 2496 1437 ποιεῖ.
2530 1387 2984 1459 Παραγενόμενος
2999 1388 3257 1457 ἐνταῦθα,
3277 1394 3382 1448 zeal
3408 1393 3505 1468 τὴν
3532 1397 3708 1469 σάρκα
3741 1399 3840 1452 λα-

2245 1472 2354 1527 ϐὼν
2384 1476 2483 1547 τὴν
2513 1477 2817 1549 ἡμετέραν,
2850 1479 2945 1534 zeal
2958 1480 3424 1557 τὴνίθαυμαστῂν
3447 1488 3659 1560 ἐκείνην
3682 1493 3836 1545 οίκο⁹

2245 1566 2442 1637 νομίαν
2461 1567 2858 1641 ἐργασάμενος,
2900 1570 2992 1623 ὑπ’
3019 1570 3142 1642 {Bg/ev
3166 1573 3296 1643 ἀγει
3318 1575 3387 1629 τά
3407 1577 3700 1648 μέλλοντα,
3729 1582 3836 1646 τὰς

2229 1657 2560 1728 ’παχυτέρας
2592 1661 2687 1714 zeal
2719 1660 2890 1733 ταύτῃ
2915 1662 3276 1735 πληροφορῶν
3306 1667 3569 1734 διανοίας.
3607 1670 3832 1745 Ἐπειδὴ

2234 1749 2351 1820 ⁸γὰρ
2381 1745 2514 1821 ἦλθε
2545 1750 2787 1822 κομίζων
2816 1751 3092 1807 πολιτείαν
3122 1753 3442 1828 ἀγγελικὴν,
3476 1758 3574 1813 καὶ
3603 1761 3704 1832 τὴν
3723 1760 3833 1830 γῆν

2237 1840 2467 1912 οὐρανὸν
2508 1841 2902 1915 ἐργαζόμενος,
2947 1845 3049 1899 καὶ
3074 1844 3248 1901 ταῦτα
3280 1849 3602 1915 ἐπιτάττων,
3641 1848 3678 1904 ἀ
3715 1854 3832 1916 τοῖς

2228 1930 2555 2003 ἀσωμάτοις
2586 1932 2889 2005 ἐξωμοίουν
2932 1936 3200 2009 δυνάμεσι
3237 1938 3365 2004 τοὺς
3397 1941 3707 2011 μετιόντας,
3732 1945 3831 1998 καὶ

2233 2025 2361 2088 τοὺς
2393 2022 2720 2096 ἀνθρώπους
2745 2026 3013 2096 ἀγγέλους
3045 2029 3291 2101 ἐποίησε,
3320 2034 3417 2087 καὶ
3448 2033 3585 2106 πρὸς
3608 2035 3711 2100 τάς
3741 2038 3828 2092 ἐλ-

2235 2115 2395 2180 πίδας
2424 2117 2611 2173 ἐκάλει
2640 2117 2741 2183 τάς
2763 2118 2898 2184 ἀνω,
2925 2123 3021 2175 zeal
3053 2122 3226 2195 μικρά
3250 2124 3553 2196 σκάμματα
3570 2127 3824 2193 διέτεινε,

2226 2206 2328 2260 καὶ
2367 2206 2676 2280 ὑψηλότερα
2708 2208 2989 2264 ἶπτασθαι
3030 2211 3308 2278 ἐκέλευσε,
3340 2214 3436 2268 καὶ
3479 2216 3618 2288 πρὸς
3652 2219 3823 2285 αὐτάς

2230 2298 2548 2354 ἀναϐαίνειν
2580 2300 2691 2354 τῶν
2718 2301 2967 2373 οὐρανῶν
2996 2302 3096 2368 τάς
3118 2303 3335 2374 ἀψῖδας,
3386 2307 3482 2361 καὶ
3523 2310 3661 2380 πρὸς
3702 2310 3821 2365 δαί-

2230 2406 2401 2460 μονας
2446 2391 2800 2461 ἀποδύεσθαι,
2829 2394 2922 2448 zeal
2980 2395 3119 2468 πρὸς
3150 2396 3370 2450 ἀπασαν
3417 2397 3515 2453 τοῦ
3564 2400 3818 2457 διαϐόλου

2226 2481 2325 2555 τὴν
2364 2482 2621 2554 φάλαγγα
2662 2485 3129 2556 παρατάττεσθαι,
3161 2488 3321 2560 σῶμα
3361 2490 3606 2561 ἔχοντας,
3652 2497 3822 2566 σαρκὶ

2226 2574 2783 2649 συμπεπλεγμένους,
2823 2578 2918 2633 zeal
2952 2579 3021 2634 τά
3051 2578 3282 2651 σώματα
3310 2580 3560 2654 νεκροῦν,
3587 2584 3688 2639 καὶ
3706 2587 3819 2643 τῶν

2223 2664 2413 2719 παθῶν
2443 2665 2710 2739 ἐξορίζειν
2752 2668 2845 2723 τὸν
2876 2668 3125 2739 θόρυϐον,
3153 2670 3247 2724 καὶ
3275 2671 3378 2744 τὴν
3416 2672 3596 2744 σάρκα
3627 2673 3820 2740 ἀπλῶς

2216 2758 2588 2830 περικεῖσθαι,
2637 2760 2738 2831 τὴν
2796 2760 3029 2831 ἅμιλλαν
3060 2761 3118 2815 δέ
3149 2762 3288 2832 πρὸς
3338 2762 3437 2827 τάς
3473 2765 3820 2835 ἀσωμάτους

2218 2847 2478 2921 δυνάμεις
2506 2851 2809 2906 τείνασθαι.

2287 2940 2348 2996 δ’.
2386 2942 2606 3015 Ἐπειδὴ
2623 2942 2797 2998 ταῦτα
2817 2945 3097 3013 ἐπέταξεν,
3112 2947 3288 3019 ὂραντί
3317 2952 3483 3016 ποιεῖ,
3504 2952 3623 3016 πῶς
3649 2951 3813 3006 c5110—

2216 3030 2307 3086 λον
2330 3032 2419 3087 τὸν
2442 3032 2629 3102 ἀγῶνα
2644 3035 2956 3107 ἐργάζεται.
2983 3037 3201 3092 Μᾶλλον
3226 3037 3303 3103 δέ,
3329 3041 3378 3093 εἰ
3408 3040 3576 3109 δοκεῖ,
3607 3043 3809 3115 πρότε-

2218 3141 2312 3197 ρον
2340 3124 2588 3197 εῐπωμεν
2614 3125 2725 3181 τῶν
2751 3126 3141 3200 ἐπιταγμάτων
3174 3128 3236 3183 τὸ
3266 3130 3519 3202 μέγεθος,
3553 3133 3649 3188 καὶ
3680 3137 3806 3198 πῶς

2216 3216 2421 3287 ὑψηλὸν
2456 3217 2519 3272 τὸ
2549 3217 2749 3290 πτερὸν
2775 3220 3169 3287 κατεσκεύαζε,
3195 3224 3289 3277 zeal
3321 3224 3425 3295 τῆς
3452 3224 3806 3297 ἀνθρωπίνης

2215 3308 2403 3379 σχεδὸν
2423 3308 2706 3375 ἐξοικίζων
2744 3311 2978 3380 φύσεως,
3013 3313 3149 3386 πρὸς
3166 3314 3396 3390 οὐρανόν
3427 3315 3807 3388 μεθωρμίσθαι

2212 3401 2421 3465 πάντας
2456 3400 2733 3456 ἐκέλευσε.
2767 3401 2874 3458 Τοῦ
2910 3405 3019 3476 7&9
3058 3405 3223 3476 νόμου
3264 3405 3575 3472 κελεύοντος
3603 3408 3806 3478 ὀφθαλ-

2204 3490 2314 3561 μὸν
2339 3492 2462 3546 ἀντὶ
2473 3491 2777 3565 ὀφθαλμοῦ,
2816 3489 2979 3559 αῦτός
2999 3511 3164 3567 φησιν
3180 3512 3196 3529 ·
3241 3496 3383 3552 Ἐάν
3406 3499 3499 3566 τίς
3528 3515 3607 3552 σε
3621 3500 3805 3567 ῥαπί-

2204 3599 2291 3654 λσῃ
2320 3587 2408 3654 είς
2441 3586 2556 3656 τὴν
2585 3586 2795 3653 δεξιὰν
2823 3590 3101 3658 σιαγόνα,
3170 3588 3438 3658 στρέψον
3483 3590 3642 3656 αὑτῷ
3694 3592 3802 3645 καί

2208 3675 2324 3744 τὴν
2359 3676 2580 3747 ἀλλην.
2620 3678 2735 3733 Οὐκ
2780 3673 2927 3745 εἶπε,
2969 3680 3103 3753 φέρε
3154 3681 3415 3749 γενναίως
3476 3682 3637 3753 μόνον
3698 3686 3804 3739 zeal

2206 3769 2398 3842 πράως
2425 3772 2524 3841 τὴν
2565 3772 2874 3844 παροινίαν,
2916 3772 3054 3826 ἀλλά
3091 3773 3185 3827 zeal
3232 3771 3417 3844 πρόῖθι
3478 3774 3803 3846 περαιτέρω

2202 3860 2302 3933 τὴν
2324 3861 2663 3931 φῦιοσοφίαν,
2688 3863 2782 3916 zeal
2824 3862 3046 3933 μείζονα
3094 3864 3513 3935 παρασκευάζου
3537 3865 3796 3936 πάσχειν,

2204 3954 2236 4024 ἢ
2269 3955 2475 4019 ἐκεῖνος
2504 3953 2729 4025 ποιῆσαι
2762 3955 3055 4026 ἐπιθυμεῖ·
3094 3959 3162 4027 τῇ
3198 3955 3451 4029 δαψιλείᾳ
3492 3956 3594 4026 τῆς
3642 3956 3797 4025 φιλο-

2203 4047 2397 4117 σοφίας
2428 4047 2652 4121 νίκησον
2690 4046 2856 4103 αὐτοῦ
2889 4048 2953 4101 τὸ
3001 4048 3276 4122 προπετές
3315 4049 3423 4119 τῆς
3479 4049 3793 4122 παροινίας,

2199 4140 2286 4192 ἵνα
2310 4138 2574 4204 αἰδεσθείς
2597 4155 2691 4193 σου
2717 4139 2817 4212 τὴν
2838 4139 3287 4213 ύπερϐάλλουσαν
3312 4139 3629 4204 ἐπιείκειαν,
3661 4141 3795 4194 ἀνα-

2197 4230 2444 4302 χωρήσῃ.
2467 4229 2583 4285 Kal
2608 4230 2770 4285 πάλιν
2796 4230 2995 4301 φησίν·
3027 4232 3302 4303 Εὕχεσθε
3328 4232 3481 4301 ὑπὲρ
3502 4230 3622 4286 τῶν
3642 4232 3794 4299 ἐπη-

2189 4318 2523 4387 ρεαζόντων
2545 4320 2702 4391 ὑμᾶς
2715 4339 2730 4355 ·
2752 4322 3007 4391 εὔχεσθε
3025 4322 3181 4392 ὑπὲρ
3193 4322 3312 4378 τῶν
3324 4321 3554 4393 ἐχθρῶν
3580 4322 3752 4392 ὑμῶν
3773 4339 3788 4353 ·

2197 4406 2399 4475 καλῶς
2426 4409 2645 4464 ποιεῖτε
2696 4410 2821 4479 τοῖς
2841 4410 3135 4482 μισοῦσιν
3163 4411 3344 4486 ὑμᾶς.
3375 4412 3486 4484 Τὴν
3528 4413 3655 4484 περὶ
3688 4413 3791 4484 τῆς

2197 4495 2493 4569 παρθενίας
2523 4497 2685 4553 πάλιν
2712 4500 2974 4571 είσήγαγε
3008 4500 3321 4572 συμϐουλὴν
3347 4501 3551 4570 λέγων·
3594 4501 3657 4555 '0
3681 4500 3781 4556 δυ-

2195 4585 2453 4657 νάμενος
2481 4590 2715 4660 χωρεῖν,
2747 4592 3029 4661 χωρείτω.
3069 4592 3289 4666 Ἐπειδὴ
3319 4592 3428 4665 7&9
3484 4595 3548 4647 ἐκ
3602 4610 3787 4665 παρα-

2192 4679 2372 4733 δείσου
2398 4681 2459 4734 τὸ
2495 4684 2727 4754 πρᾶγμα
2771 4682 3012 4753 ἀπέπτη,
3052 4683 3148 4737 zeal
3198 4683 3337 4755 μετά
3364 4684 3463 4756 τὴν
3498 4683 3788 4756 παρακοήν

2190 4774 2505 4847 ἀνεχώρησε
2542 4773 2747 4828 κατιὼν
2770 4777 2835 4830 ἐκ
2862 4776 2957 4831 τοῦ
2972 4775 3226 4848 ούρανοῦ,
3258 4776 3420 4831 πάλιν
3466 4775 3641 4846 αὐτὴν
3686 4774 3789 4828 ἐπι

2190 4868 2456 4940 ἀνήγαγε,
2484 4866 2735 4939 καθάπερ
2778 4868 2995 4937 φυγάδα
3032 4869 3169 4940 πρὸς
3192 4869 3296 4941 τὴν
3325 4868 3557 4939 ἀρχαίαν
3604 4868 3784 4921 ἐπαν-

2188 4954 2413 5025 αγαγὼν
2440 4956 2691 5027 πατρὲδα,
2711 4956 2803 5009 καὶ
2832 4954 2983 5030 [3H]
3004 4956 3103 5029 τῆς
3128 4958 3349 5029 μακρᾶς
3366 4956 3582 5029 ἐξορίας
3602 4957 3784 5011 ἀπαλ-

2186 5047 2427 5102 λάττων·
2469 5048 2562 5102 zeal
2592 5046 2766 5101 ἐλθὼν
2807 5048 3024 5119 πρῶτον
3073 5050 3139 5103 ἐκ
3176 5048 3450 5120 παρθένου
3507 5049 3781 5109 ἐτίκτετο.

2186 5133 2282 5186 zeal
2303 5131 2428 5195 τοὺς
2451 5131 2554 5202 τῆς
2589 5131 2802 5201 φύσεως
2829 5133 2999 5186 ἐκίνει
3033 5132 3252 5202 νόμους,
3278 5135 3341 5186 ἐκ
3359 5132 3666 5204 προοιμίων
3696 5151 3783 5186 τι-

2189 5214 2305 5288 μῶν
2333 5215 2525 5287 αύτὴν,
2550 5216 2643 5269 zeal
2700 5214 2913 5287 μητέρα
2960 5216 3058 5287 τὴν
3101 5214 3377 5287 παρθένον
3434 5213 3782 5282 ἀποφαίνων.

2195 5298 2414 5371 Ἐπειδὴ
2441 5300 2615 5354 τοίνυν
2640 5298 3083 5369 παραγενόμενος
3111 5297 3336 5353 τοιαῦτα
3361 5297 3648 5363 ἐπέταττε,
3688 5299 3785 5352 zeal

2183 5380 2393 5453 ὑψηλὴν
2420 5384 2514 5455 τὴν
2545 5381 2821 5437 πολιτείαν
2854 5383 3160 5453 εἰργάζετο,
3187 5382 3314 5448 ἀξια
3342 5382 3435 5437 zeal
3465 5385 3532 5436 τά
3565 5380 3784 5435 ἔπαθλα

2180 5468 2289 5529 τῶν
2345 5468 2523 5523 πόνων
2571 5465 2769 5531 ἐδίδου,
2798 5531 2803 5535 _
2828 5467 3028 5540 μᾶλλον
3077 5463 3135 5520 δέ
3184 5465 3365 5537 πολλῷ
3398 5466 3626 5538 μείζονα
3683 5466 3777 5521 zeal

2182 5551 2511 5623 ὑψηλότερα.
2570 5551 2712 5606 Ἀλλ’
2734 5547 2803 5623 ἦν
2837 5553 2932 5606 zeal
2964 5550 3138 5607 ταῦτα
3189 5550 3416 5621 ἀόρατα,
3477 5551 3573 5604 zeal
3605 5551 3669 5605 ἐν
3695 5550 3785 5605 ἐλ-

2182 5635 2302 5690 πίσι
2328 5636 2422 5690 καὶ
2449 5638 2507 5689 ἐν
2542 5637 2721 5690 πίστει
2754 5635 2849 5690 zeal
2894 5636 2954 5690 ἐν
3000 5633 3300 5705 προσδοκία
3324 5637 3389 5705 τῇ
3414 5633 3527 5687 τῶν
3552 5634 3783 5705 μελλόνο

2180 5736 2311 5773 των.
2360 5719 2515 5773 Ἐπεὶ
2563 5714 2657 5773 οὖν
2702 5718 2773 5773 τά
2830 5718 2931 5791 μέν
2969 5718 3320 5787 ἐπιτάγματα
3382 5717 3618 5772 ἐπίπονα
3680 5718 3783 5772 zeal

2191 5801 2393 5874 ὑψηλὰ,
2425 5801 2497 5857 τά
2536 5802 2592 5858 δέ
2627 5802 2836 5859 ἐπαθλα
2863 5796 2959 5858 zeal
2997 5800 3065 5857 τά
3097 5799 3324 5873 βραδεῖα
3353 5800 3411 5856 ἐν
3437 5799 3644 5869 πίστει,
3676 5802 3785 5875 δρα
