4082 6212
351 353 452 410 349

340 475 579 530 ctutum,
600 470 660 518 ut
682 458 1002 518 necessitate
1023 455 1332 527 compulsus
1349 470 1528 525 nemo,
1549 456 1646 513 sed
1665 466 1858 525 sponte
1871 470 1934 511 ac

343 557 561 629 proprio
583 553 785 609 inducti
807 551 998 606 all'ectu
1025 549 1130 604 huc
1155 563 1345 604 omnes
1377 557 1680 615 accurrunt,
1711 561 1811 603 nec
1831 547 1936 602 ulla

341 647 603 717 temporis
646 641 1032 714 longinquitate
1073 638 1361 694 minuatur.
1391 637 1596 694 Videtis
1641 652 1799 709 quam
1829 652 1938 692 non

341 740 460 795 sine
483 751 647 793 causa
676 735 944 789 theatrum
967 730 1108 786 istud
1127 745 1314 801 regum
1336 730 1478 786 aulis
1501 730 1781 801 augustius
1806 743 1929 785 esse

341 827 613 885 dixerim?
641 825 772 881 Nam
794 839 914 894 quae
939 823 1046 877 illic
1071 832 1227 889 sunt,
1267 823 1409 878 foliis
1437 822 1630 877 similia
1658 830 1781 875 sunt
1809 836 1940 876 exa—

349 919 682 978 rescentibus
702 959 717 983 ,
747 927 802 973 et
824 915 1028 972 umbris
1051 914 1499 986 prmtereuntibus
1528 931 1542 969 :
1573 929 1635 970 ea
1671 928 1800 969 vero
1819 929 1938 983 qua:

290 1004 299 1092 ξ
344 1013 433 1068 hic
459 1009 768 1074 traduntur,
811 1006 1155 1062 adamantem
1199 1006 1497 1072 imitantur,
1531 1005 1613 1060 vel
1645 1004 1823 1075 potius
1848 1004 1938 1058 illo

342 1102 577 1156 ﬁrmiora
595 1108 743 1165 sunt,
770 1108 956 1169 utpote
976 1111 1096 1168 quae
1117 1096 1435 1152 immortalia
1457 1097 1586 1161 sint,
1605 1105 1665 1151 et
1690 1096 1932 1160 immota,

350 1207 448 1248 nec
468 1191 563 1247 ulli
591 1189 786 1246 cedant
813 1202 1065 1260 umquam
1095 1187 1396 1252 mutationi,
1419 1195 1474 1242 et
1495 1189 1564 1242 ad
1585 1201 1711 1242 suos
1730 1193 1937 1240 amato-

342 1297 433 1338 res
459 1281 723 1353 intrepide
744 1281 1021 1344 accedant,
1055 1293 1244 1349 pugnre
1269 1293 1336 1334 ac
1361 1278 1726 1334 contentionis
1749 1292 1940 1346 exper-

345 1375 438 1440 tia,
465 1385 626 1444 atque
645 1413 662 1440 ,
689 1372 756 1427 ab
780 1370 1008 1435 invidia,
1034 1368 1249 1439 iudiciis
1267 1411 1284 1436 ,
1312 1379 1366 1424 et
1386 1369 1624 1455 insidiis,
1653 1384 1717 1424 ac
1735 1370 1940 1424 calum-

345 1465 448 1520 niis
488 1465 600 1519 sint
644 1463 921 1518 immania.
967 1460 1241 1532 Siquidem
1283 1461 1558 1517 sazcularia
1606 1461 1803 1516 multos
1843 1477 1937 1530 pa-

347 1558 552 1612 tiuntur
589 1556 798 1611 invidos
822 1595 838 1622 ,
891 1554 1180 1625 spiritualia
1233 1568 1400 1621 vero,
1459 1562 1659 1625 quanto
1699 1554 1938 1625 pluribus

343 1647 734 1701 communicata
771 1645 999 1710 fuerint,
1044 1660 1111 1700 eo
1156 1645 1414 1714 majorem
1459 1659 1610 1700 suam
1641 1645 1936 1701 ubertatem

345 1737 654 1793 ostendunt.
695 1740 869 1808 Atque
916 1737 966 1792 id
989 1753 1054 1792 ex
1089 1737 1190 1792 bac
1218 1738 1330 1808 ipsa
1364 1740 1615 1794 oratione
1637 1737 1938 1809 intelligere

348 1829 590 1898 potestis.
616 1828 783 1895 Quam
805 1830 947 1884 enim
981 1828 1033 1884 in
1069 1845 1258 1884 omnes
1279 1829 1577 1884 orationem
1604 1830 1822 1885 eliuudo
1847 1871 1860 1896 ,
1891 1832 1935 1886 si

342 1902 564 1988 quidem
589 1919 733 1974 domi
771 1919 909 1990 apud
950 1936 1036 1976 me
1079 1919 1381 1986 detineam,
1432 1921 1717 1991 pauperior
1762 1921 1888 1976 ﬁant
1921 1940 1934 1976 :

345 2010 429 2064 sin
451 2019 628 2064 autem
661 2009 713 2064 in
735 2025 924 2066 onmes
944 2009 1236 2076 effundam,
1267 2020 1538 2081 tamquam
1564 2011 1608 2066 si
1637 2011 1688 2066 in
1711 2026 1934 2066 vacuum

343 2099 611 2171 quoddam
641 2116 827 2156 arvum
863 2117 1046 2157 semen
1069 2102 1266 2170 jactetn
1289 2142 1305 2167 ,
1339 2100 1618 2158 facultates
1662 2117 1811 2157 meas
1837 2116 1936 2156 au-

343 2207 466 2261 geo,
499 2192 712 2248 divitias
737 2209 884 2248 meas
907 2193 1174 2264 amplifice
1194 2237 1208 2259 ,
1238 2193 1614 2264 locupletiores
1640 2194 1810 2249 reddo
1839 2209 1938 2248 ves

343 2300 571 2350 omnes;
609 2299 708 2338 nec
731 2284 930 2340 idcirco
956 2293 1132 2340 tamen
1159 2286 1444 2355 pauperior
1467 2285 1656 2351 evado,
1681 2285 1776 2340 sed
1805 2299 1937 2355 opu-

349 2374 541 2430 lentior
569 2375 738 2428 multo
767 2390 782 2430 :
813 2374 953 2445 quod
985 2376 1036 2429 in
1060 2375 1299 2444 pecuniis
1325 2389 1431 2429 non
1457 2374 1616 2442 licet,
1647 2375 1754 2430 imo
1779 2375 1936 2445 plane

342 2468 669 2524 contrarium
711 2468 910 2522 evenit.
954 2467 1086 2521 Nam
1129 2468 1175 2522 si
1226 2466 1559 2522 reconditum
1604 2481 1793 2522 aurum
1841 2467 1936 2522 ha-

345 2564 536 2629 beam,
570 2570 623 2616 et
654 2561 706 2615 in
734 2577 920 2617 omnes
945 2561 1073 2616 illud
1106 2562 1260 2616 velint
1285 2561 1611 2617 distribuere
1635 2604 1648 2626 ,
1683 2577 1789 2616 non
1820 2577 1935 2616 ant-

351 2654 487 2723 plius
511 2663 688 2708 tantas
715 2651 991 2723 possidere
1027 2663 1213 2724 potero
1246 2653 1494 2719 divitias,
1529 2669 1649 2709 cum
1673 2653 1770 2708 hac
1795 2654 1933 2709 divi-

342 2747 494 2800 sione
521 2744 715 2799 fuerint
734 2744 1055 2800 ’iuuniuutae.

414 2839 467 2893 5.
511 2838 652 2892 Cum
690 2838 858 2909 igitur
894 2839 1252 2908 spiritualium
1299 2856 1478 2897 rerum
1520 2851 1664 2898 tanta
1695 2843 1762 2897 sit
1789 2859 1930 2914 pra:-

342 2928 560 2994 s‘tamia,
593 2920 736 2984 tanta
763 2929 1009 2997 facilitas,
1043 2939 1226 3002 utpote
1246 2947 1365 3003 qua:
1393 2933 1601 2988 cunctis
1633 2933 1933 2988 volentibus

342 3022 507 3090 gratis
531 3022 839 3090 obveniant,
872 3021 968 3078 has
999 3023 1336 3092 potissimum
1363 3024 1695 3091 adamemus,
1721 3036 1781 3080 ct
1810 3041 1928 3079 um»

346 3113 472 3167 bras
515 3113 852 3177 oniittamus,
891 3128 991 3168 nec
1015 3115 1314 3185 prmeipitia
1347 3125 1412 3171 et
1454 3115 1703 3185 scapulas
1752 3131 1932 3186 perse-

340 3219 586 3274 quamur.
616 3203 683 3260 Ut
702 3205 846 3259 enim
879 3205 1020 3259 htmc
1045 3220 1282 3261 amorem
1316 3207 1453 3262 Deus
1471 3216 1724 3278 augeret,
1767 3209 1926 3262 etiam

346 3306 474 3351 alite
513 3297 715 3350 obitum
747 3295 998 3362 hominis,
1044 3311 1075 3350 a
1115 3311 1226 3368 quo
1249 3297 1610 3367 possidentur,
1643 3297 1742 3353 ista
1770 3299 1929 3353 morti

345 3386 576 3442 obnoxia
602 3402 720 3443 esse
753 3388 1022 3458 praet-pit.
1053 3388 1211 3443 Verbi
1253 3389 1420 3460 gratia
1441 3407 1462 3444 ':
1495 3405 1600 3445 non
1633 3393 1935 3450 eum'inter-

334 3479 465 3536 ierit
513 3480 596 3546 is,
637 3481 724 3550 qui
749 3479 872 3534 hac
901 3479 1169 3550 possidet,
1205 3489 1258 3536 et
1287 3481 1386 3536 ista
1416 3481 1717 3547 intereunt.
1755 3484 1849 3538 sed
1876 3492 1932 3538 et

343 3573 459 3642 ipso
488 3571 662 3627 adhuc
693 3573 903 3627 vivente
925 3581 1346 3628 marcescunt‘et
1374 3583 1618 3644 pereunt,
1662 3585 1715 3629 ut
1742 3591 1929 3630 eorum

336 3663 542 3718 caduca
566 3663 802 3720 conditio
840 3679 1051 3720 summo
1070 3665 1286 3719 illorum
1307 3680 1490 3721 amore
1517 3666 1799 3736 flagrantes
1823 3709 1837 3732 ,
1877 3675 1932 3722 et

339 3754 528 3806 iirsana
554 3754 844 3823 cupiditate
872 3754 1082 3818 ductos,
1110 3755 1178 3808 ab
1207 3755 1295 3809 illa
1322 3771 1462 3810 szeva
1495 3757 1642 3812 rabie
1668 3770 1884 3813 revocet
1913 3778 1927 3814 :

343 3856 637 3910 eorumque
663 3851 904 3895 naturam
923 3843 1227 3906 admoneat,
1256 3852 1307 3897 et
1331 3845 1656 3912 experientia
1679 3849 1928 3917 magistra

343 3933 552 3998 doceat,
585 3946 647 3985 ea
673 3930 858 4000 quavis
885 3931 1070 3987 umbra
1103 3933 1447 3988 imbecilliora
1475 3951 1614 4002 esse,
1645 3946 1804 4007 atque
1829 3938 1929 3994 hac

342 4023 548 4078 ratione
567 4022 910 4093 cupiditatem
934 4023 1076 4078 illam
1102 4025 1422 4094 exstinguat.
1453 4027 1695 4098 Exempli
1720 4044 1879 4084 causa
1906 4047 1924 4084 τ

342 4115 539 4170 divitia:
570 4130 675 4171 non
702 4115 875 4170 solum
901 4130 1022 4172 cum
1051 4116 1230 4172 interit
1253 4116 1426 4184 dives,
1452 4132 1698 4189 pereunt,
1721 4121 1814 4178 sed
1838 4124 1928 4178 illo

339 4209 516 4280 potius
537 4209 744 4266 vivente
770 4209 1069 4266 discedunt.
1095 4210 1356 4267 luventas
1377 4228 1743 4283 possessorem
1770 4231 1924 4272 suum

339 4314 445 4354 non
489 4301 802 4356 morientem
846 4301 1057 4368 solum,
1105 4301 1198 4357 sed
1239 4303 1530 4372 Spirautem
1556 4305 1730 4361 adhuc
1761 4309 1924 4363 relin-

336 4405 508 4463 quens
538 4390 807 4446 evanescit
831 4407 848 4456 ;
881 4407 1001 4460 quae
1028 4392 1079 4446 iu
1107 4393 1280 4446 :etalis
1304 4393 1497 4448 adultae
1526 4396 1609 4450 via
1643 4396 1842 4464 finitur,
1871 4409 1926 4454 et

334 4481 598 4538 senectuti
633 4483 808 4538 locum
837 4481 998 4538 cedit.
1042 4483 1383 4539 Pulehritudo
1410 4486 1568 4542 simul
1611 4495 1668 4543 et
1712 4487 1882 4544 forma
1905 4532 1920 4555 ,

335 4573 549 4629 vivente
579 4572 752 4627 adhuc
793 4573 1049 4639 muliere,
1103 4573 1300 4628 desinit
1344 4586 1401 4629 et
1439 4576 1490 4630 in
1531 4576 1922 4636 deformitatem

335 4666 528 4720 transit
553 4684 566 4720 :
592 4663 759 4736 gloria
782 4704 797 4730 ,
832 4665 1160 4734 principatus
1190 4681 1377 4721 rursus
1403 4670 1514 4738 pari
1548 4671 1752 4725 ratione
1781 4690 1792 4724 :
1825 4671 1923 4726 ho-

335 4773 529 4823 nores,
574 4757 944 4827 magistratus,
989 4755 1166 4811 diurni
1188 4767 1315 4813 sunt
1340 4768 1394 4814 et
1419 4759 1485 4813 ad
1513 4761 1672 4816 breve
1712 4771 1924 4834 tempus

333 4847 551 4916 durant,
583 4857 636 4903 et
664 4847 896 4917 amplius
925 4863 1082 4919 quam
1112 4849 1356 4905 homines
1385 4849 1508 4920 ipsi,
1539 4853 1629 4923 qui
1657 4868 1752 4909 eos
1781 4855 1919 4911 obti-

335 4950 462 4996 ncnt
482 4985 498 5010 ,
547 4941 800 4996 mortales
826 4949 952 4995 sunt
977 4955 991 4993 :
1018 4950 1072 4995 et
1099 4939 1553 5010 quemadmodum
1580 4945 1922 5014 quotidianos

332 5049 616 5104 corporum
649 5033 829 5088 videre
861 5032 985 5088 licet
1028 5031 1305 5099 interitus,
1334 5032 1418 5100 ita
1467 5050 1682 5104 quoque
1715 5050 1918 5093 rerum.

333 5125 504 5180 Porro
529 5123 581 5180 id
612 5124 822 5189 accidit,
873 5135 932 5178 ut
977 5123 1264 5194 praesentia
1306 5134 1710 5182 contemnentes
1735 5128 1919 5183 adlue-

333 5229 545 5270 reantus
581 5214 772 5269 futuris
796 5257 811 5280 ,
861 5223 1124 5271 eteorum
1154 5216 1322 5272 simus
1351 5219 1752 5288 exspectatione
1794 5237 1908 5276 sus.

333 5307 510 5379 pensi,
573 5321 637 5362 ac
679 5306 806 5362 dmn
852 5307 903 5362 in
951 5309 1107 5363 torris
1141 5309 1510 5376 ambulamus,
1556 5310 1822 5368 desiderio
1866 5317 1918 5369 in

334 5397 463 5451 czl‘lt)
495 5412 792 5453 \‘6l'rellllll'.
848 5397 1056 5452 Etenim
1097 5398 1203 5453 duo
1247 5401 1439 5456 sarcula
1481 5403 1720 5458 condidit
1754 5405 1914 5473 Deus,

334 5503 571 5555 l-neseus
595 5528 611 5550 ,
646 5497 700 5542 ct
730 5487 1001 5554 futurum;
1035 5506 1195 5546 mmm
1219 5491 1447 5558 visibile,
1480 5493 1704 5548 alterum
1737 5496 1920 5551 invisi-

333 5578 438 5634 bile
467 5597 480 5633 :
516 5595 677 5633 unum
709 5581 850 5650 quod
881 5582 981 5636 sub
1002 5598 1189 5638 sensus
1219 5583 1381 5651 cadit,
1411 5585 1638 5640 alterum
1667 5587 1807 5656 quod
1835 5597 1917 5644 est

329 5671 643 5744 spirituaie:
681 5687 842 5727 unum
892 5675 1034 5744 quod
1081 5676 1344 5745 corporali
1384 5677 1562 5747 quiete
1606 5679 1912 5749 perfruitur,

329 5765 555 5819 alterum
602 5763 742 5835 quod
775 5751 1089 5837 incorporea
1121 5780 1137 5822 :
1166 5779 1329 5822 unum
1359 5765 1412 5826 ia
1441 5768 1802 5846 experientia,
1831 5783 1910 5833 at-

1343 5854 1370 5876 ο

1512 341 1599 398 DE
1641 341 1946 399 FUTURE
1989 340 2172 398 VITE
2213 340 2524 398 DELlCllS.

3523 348 3634 406 350

2051 465 2221 510 terum
2246 455 2298 509 in
2327 453 2432 509 tide
2458 471 2470 507 :
2502 469 2665 508 unum
2704 453 2756 509 in
2784 454 3050 522 manibus,
3081 455 3310 514 alterum
3335 457 3389 513 in
3419 473 3554 531 spe;
3582 469 3640 515 et

2047 561 2209 600 unum
2234 559 2354 600 esse
2379 544 2608 600 stadium
2655 545 2849 616 jussit,
2895 546 3126 603 alterum
3156 546 3399 603 bravium
3431 564 3449 604 :
3478 559 3639 619 atque

2048 637 2171 692 huic
2195 635 2412 708 quidem
2444 637 2736 692 certamina
2759 679 2775 705 ,
2806 637 3019 695 labores
3041 654 3105 694 ac
3129 639 3354 698 sudores
3376 641 3635 704 attribuit.

2046 727 2120 782 illi
2153 743 2280 783 vero
2303 743 2565 796 coronas,
2599 729 2819 799 praemia
2867 739 2923 787 et
2964 731 3382 788 retributiones:
3409 731 3511 788 hoc
3541 747 3640 802 po-

2047 817 2224 886 lagus,
2257 816 2384 872 illud
2415 827 2625 889 portum
2655 821 2833 876 eil'ccit
2854 860 2872 888 ,
2898 829 2953 876 et
2987 821 3088 877 hoc
3116 821 3277 879 breve
3305 823 3544 893 quidem,
3575 823 3642 877 il-

2046 909 2135 963 lud
2167 924 2296 964 vero
2323 911 2612 966 senectutis
2650 927 2880 982 expers,
2927 923 2982 969 et
3017 915 3339 972 immortale.
3366 916 3633 984 Quoniam

2045 997 2208 1068 igitur
2237 999 2481 1055 homines
2501 1001 2654 1056 multi
2682 1003 3052 1072 spiritualibus
3074 1005 3180 1061 illis
3208 1021 3270 1062 ea
3311 1023 3433 1078 qua:
3465 1007 3636 1064 sensi-

2047 1088 2172 1142 bilia
2198 1097 2325 1143 sunt
2350 1089 2702 1159 praaferebaut
2728 1133 2745 1158 ,
2796 1092 2880 1148 his
2903 1095 3158 1150 caducam
3187 1097 3548 1153 conditionem
3575 1115 3640 1155 ac

2046 1180 2424 1249 temporariam
2472 1183 2754 1248 attribuit,
2797 1193 2858 1238 ut
2905 1184 3008 1240 hoc
3046 1196 3202 1256 pacto
3229 1203 3259 1242 a
3287 1190 3641 1258 prasentihus

2044 1270 2306 1324 abductos
2333 1311 2349 1338 ,
2412 1272 2763 1328 vehementer
2817 1276 2990 1330 amori
3049 1277 3348 1335 futurorum
3397 1279 3639 1335 addicat.

2047 1361 2249 1417 Deinde
2271 1363 2522 1432 quoniam
2552 1363 2838 1421 invisibilia
2865 1377 3022 1423 erant
3067 1369 3156 1424 illa
3199 1379 3254 1426 et
3299 1371 3592 1441 spiritualia
3621 1412 3637 1438 ,

2049 1453 2101 1507 in
2133 1453 2237 1509 [ide
2266 1465 2425 1525 atque
2449 1455 2502 1510 in
2523 1470 2618 1527 Spe
2643 1458 2813 1528 posita
2838 1499 2854 1524 ,
2888 1459 3008 1515 vide
3036 1461 3164 1532 quid
3193 1470 3334 1532 agat.
3369 1461 3504 1517 Cum
3535 1464 3641 1519 huc

2043 1543 2369 1613 advenisset,
2402 1561 2464 1602 ac
2486 1558 2726 1604 nostram
2750 1565 2969 1606 carnem
2996 1555 3376 1624 assumpsisset
3403 1597 3419 1620 ,
3451 1565 3508 1610 et
3535 1557 3637 1610 mi-

2044 1637 2268 1692 rabilcm
2298 1638 2441 1692 illam
2463 1639 2920 1710 dispensationem
2953 1643 3304 1714 perfecisset,
3334 1646 3509 1701 futura
3541 1662 3638 1718 po-

2046 1727 2123 1780 nit
2145 1726 2216 1783 ob
2241 1728 2445 1795 oculos,
2477 1739 2532 1784 et
2555 1730 2660 1786 hac
2695 1733 2902 1788 ratione
2921 1735 3218 1789 crassiores
3243 1747 3451 1792 mentes
3478 1752 3638 1792 secu-

2045 1829 2131 1870 ras
2170 1816 2362 1871 reddit.
2402 1817 2535 1872 Nam
2584 1821 2836 1890 quoniam
2885 1827 3348 1881 conversationem
3396 1843 3460 1882 ac
3515 1829 3638 1883 vitze

2045 1908 2302 1964 rationem
2333 1912 2627 1981 angelicam
2653 1913 2885 1970 all'erens
2913 1918 3158 1974 veniebat
3183 1961 3198 1987 ,
3249 1936 3313 1975 ac
3341 1929 3536 1978 terram
3583 1925 3636 1978 in

2042 1998 2232 2054 cadum
2279 2002 2666 2072 convertebat,
2709 2020 2882 2076 eaque
2927 2009 3252 2075 mandabat,
3289 2027 3408 2081 qua:
3437 2013 3646 2070 similes

2045 2087 2332 2145 redderent
2375 2092 2705 2164 ineorporeis
2735 2096 3023 2153 virtutibus
3057 2115 3156 2155 eos
3193 2101 3282 2171 qui
3315 2117 3378 2156 ea
3412 2104 3653 2172 perlieeu,

2043 2189 2162 2235 rent
2187 2221 2203 2246 ,
2249 2181 2496 2240 homines
2519 2185 2776 2242 reddebat
2795 2189 3012 2260 angelos
3031 2231 3047 2255 ,
3075 2191 3142 2246 ad
3165 2207 3316 2262 spem
3343 2194 3603 2250 cielestiut

2044 2287 2220 2327 rerum
2243 2275 2486 2342 vocabat,
2511 2277 2747 2349 longiora
2773 2282 3066 2336 certamina
3093 2285 3449 2354 proponebat,
3475 2287 3634 2342 altius

2042 2365 2256 2422 evolare
2295 2367 2550 2438 jubebat,
2583 2381 2637 2426 et
2673 2371 2746 2426 ad
2777 2373 2890 2444 ipsa
2920 2375 3128 2446 fastigia
3155 2379 3408 2434 cmlorunt
3443 2395 3635 2436 ascen-

2040 2454 2170 2511 dcte
2192 2498 2210 2524 ,
2256 2458 2516 2514 adversus
2539 2461 2814 2519 daemones
2847 2481 3080 2536 pugnam
3104 2467 3272 2534 inire,
3305 2483 3491 2526 contra
3517 2473 3636 2526 uni-

2042 2563 2225 2605 versas
2251 2550 2449 2613 diaboli
2475 2555 2656 2625 copias
2683 2557 2854 2613 aciem
2879 2574 2978 2614 eos
3009 2560 3297 2628 instruere,
3324 2563 3414 2633 qui
3441 2580 3638 2635 corpus

2043 2639 2350 2708 habebant,
2388 2652 2444 2698 et
2471 2660 2593 2700 cum
2613 2662 2777 2703 carae
2802 2653 3036 2720 copulati
3068 2661 3261 2718 erant,
3312 2655 3638 2712 mortificare

2036 2747 2299 2804 corpora,
2330 2750 2394 2791 ac
2424 2738 2884 2807 perturbationum
2920 2744 3203 2799 tumultum
3243 2745 3493 2817 ablegare
3517 2789 3534 2815 ,
3580 2759 3637 2804 et

2039 2839 2264 2895 corpore
2290 2835 2577 2898 utcumque
2612 2846 2733 2886 esse
2768 2833 3133 2888 circuuulatos
3155 2875 3171 2901 ,
3218 2848 3472 2892 cancrum
3511 2852 3635 2894 cum

2038 2915 2371 2986 incorporeis
2398 2919 2679 2979 virtutibus
2703 2925 2949 2980 certatim
2977 2927 3320 2984 contendere.

2115 3007 2169 3061 4.
2203 3007 2328 3062 Haec
2363 3009 2446 3064 ubi
2481 3017 2734 3083 pta-cepit
2756 3057 2771 3080 ,
2808 3015 2928 3069 vide
2973 3017 3100 3086 quid
3127 3030 3286 3088 agat;
3329 3036 3436 3090 quo
3478 3033 3636 3092 pacto

2039 3097 2193 3154 facile
2220 3110 2492 3157 certamen
2533 3104 2740 3160 reddat.
2789 3107 3074 3175 Quinimo,
3127 3111 3174 3164 si
3207 3111 3436 3180 videtur,
3481 3115 3632 3185 prius

2037 3190 2411 3247 mandatorum
2439 3194 2822 3252 sublimitatem
2865 3214 3198 3270 exponamus
3216 3245 3230 3269 ,
3263 3214 3317 3258 et
3342 3219 3450 3274 quo
3478 3216 3636 3276 pacto

2035 3281 2089 3336 in
2119 3283 2284 3337 altqu
2314 3300 2414 3340 nos
2440 3286 2672 3342 voluerit
2714 3289 2953 3357 evolare,
2984 3305 3106 3347 cum
3138 3309 3206 3348 ex
3246 3295 3475 3350 humana
3504 3311 3634 3368 pro.

2038 3373 2324 3444 pemodum
2371 3385 2556 3432 natura
2587 3379 2856 3450 emigrare
2881 3423 2895 3446 ,
2942 3391 3105 3455 atque
3133 3385 3185 3440 in
3222 3387 3412 3442 caelum
3441 3403 3631 3444 omnes

2039 3467 2312 3520 transferri
2355 3469 2594 3537 jusserit.
2651 3471 2787 3526 Cum
2847 3475 2989 3529 enim
3051 3477 3264 3532 oculum
3328 3494 3426 3549 pro
3474 3482 3634 3537 oculo

2039 3557 2188 3612 reddi
2219 3558 2303 3614 lex
2327 3560 2664 3631 praeciperet,
2696 3563 2809 3634 ipse
2830 3565 2970 3620 dixit
2993 3607 3008 3632 ,
3034 3567 3096 3622 Si
3119 3570 3230 3639 quis
3257 3580 3304 3626 te
3331 3578 3632 3642 percusserit

2036 3650 2088 3705 in
2114 3651 2373 3706 dexteram
2397 3655 2684 3722 maxillam,
2707 3657 2903 3712 obrerte
2923 3660 2997 3713 illi
3028 3670 3074 3714 et
3104 3661 3315 3716 alteram
3342 3663 3557 3734 (Matth.
3573 3669 3629 3725 5.

2035 3740 2154 3814 59).
2181 3743 2296 3798 Non
2322 3745 2477 3814 dixit,
2512 3757 2714 3802 tantum
2744 3750 2822 3804 fer
2851 3751 3112 3819 patienter
3135 3769 3197 3808 ac
3225 3755 3418 3812 leniter
3441 3768 3633 3814 contu-

2036 3835 2289 3898 meliam,
2325 3836 2419 3888 sed
2467 3837 2689 3892 ulterius
2730 3841 3063 3910 phil050phia
3096 3843 3463 3916 modestiaque
3508 3865 3632 3918 pro-

2033 3923 2296 3990 gredere,
2346 3934 2508 3993 atque
2550 3926 2618 3979 ad
2665 3929 2869 3996 majora
2916 3931 3164 3998 patienda
3211 3945 3425 4000 paratus
3473 3949 3626 4006 esto,

2035 4028 2192 4083 quam
2239 4013 2328 4070 ille
2374 4015 2550 4070 facere
2594 4018 2812 4086 cupiat:
2845 4031 2897 4073 et
2931 4021 3198 4090 patientiae
3241 4033 3344 4080 true
3387 4027 3630 4086 ubertate

2035 4106 2380 4175 petulantiam
2411 4107 2528 4176 ejus
2566 4120 2620 4163 et
2657 4110 2993 4166 inSuleutiam
3023 4115 3214 4182 vince,
3266 4127 3322 4171 ut
3359 4134 3624 4177 summam

2032 4208 2176 4251 tuam
2225 4198 2487 4252 reveritus
2527 4201 2841 4256 modestiam
2886 4205 3122 4259 recedat.
3174 4207 3239 4261 Et
3282 4224 3464 4264 rmsus
3511 4215 3622 4280 ait,

2034 4292 2191 4344 Orate
2231 4307 2324 4361 pro
2359 4291 2783 4348 calumniantibus
2827 4311 2910 4349 ros
2942 4312 2961 4350 :
2990 4309 3132 4352 orate
3166 4316 3259 4369 pro
3289 4303 3508 4360 inimicis
3536 4323 3624 4361 ve-

2031 4384 2149 4437 stris
2179 4399 2198 4436 :
2227 4383 2504 4454 beliefacite
2530 4385 2614 4451 iis,
2657 4389 2746 4455 qui
2792 4387 3006 4441 oderunt
3045 4406 3129 4444 ros
3155 4394 3172 4459 (
3196 4391 3380 4448 .llatllt.
3411 4398 3467 4452 5.
3493 4400 3561 4454 ιι
3577 4402 3622 4470 ).

2031 4475 2326 4530 Consiliqu
2367 4475 2438 4531 de
2486 4477 2788 4548 virginitate
2832 4493 3021 4534 rursus
3065 4482 3412 4541 introducens
3445 4489 3621 4546 dixit:

2034 4567 2136 4632 Qui
2166 4577 2326 4636 potest
2367 4584 2549 4639 capere
2575 4570 2744 4639 capiat
2786 4569 3014 4640 (Matth.
3050 4572 3134 4627 l9.
3170 4574 3289 4646 l2).
3322 4578 3454 4635 Nam
3485 4599 3622 4653 quo-

2031 4660 2171 4712 niam
2201 4675 2234 4713 e
2261 4659 2508 4729 paradiso
2549 4661 2636 4716 illa
2682 4662 2951 4729 evolavit,
2989 4674 3043 4718 et
3078 4677 3196 4735 post
3237 4677 3614 4742 transgressi-u—

2032 4767 2153 4806 nem
2179 4753 2418 4819 recessit,
2447 4752 2514 4808 de
2538 4755 2677 4810 ςωιυ
2701 4754 3034 4812 descendens
3063 4760 3228 4829 ipsam
3244 4778 3428 4820 rursus
3457 4769 3620 4822 redu-

2029 4845 2105 4898 xit
2124 4884 2138 4909 ,
2168 4855 2220 4899 et
2265 4848 2532 4916 tamquam
2565 4848 2802 4903 exsulem
2835 4849 2888 4904 in
2917 4851 3189 4922 antiquam
3219 4861 3440 4926 patrium
3469 4876 3620 4918 suam

2032 4938 2281 5004 restituit,
2313 4949 2367 4994 et
2389 4956 2417 4993 a
2443 4940 2692 4996 diuturna
2721 4943 3046 5014 relegatione
3074 4947 3316 5006 liberavit
3343 4967 3360 5006 ε
3389 4955 3619 5023 primum

2027 5031 2317 5088 adveniens
2342 5035 2593 5089 nimirum
2621 5051 2686 5091 ex
2715 5037 2919 5108 virgine
2939 5049 3096 5096 natus
3122 5049 3205 5096 est
3223 5084 3239 5110 ,
3267 5054 3322 5098 et
3349 5045 3493 5116 leges
3521 5065 3619 5102 ua-

2029 5135 2162 5180 turze
2199 5127 2455 5192 mutavit,
2503 5143 2626 5182 tum
2653 5129 2722 5185 ab
2769 5130 2886 5202 ipso
2914 5133 3137 5192 exordio
3178 5135 3302 5189 vita:
3329 5151 3439 5192 sua:
3471 5140 3616 5195 illam

2030 5220 2232 5274 honore
2251 5220 2510 5288 alfeccrit,
2540 5231 2594 5278 et
2615 5223 2872 5295 virginem
2896 5238 3120 5282 matrem
3144 5227 3451 5285 reddiderit.
3481 5231 3615 5288 Cum

2028 5309 2188 5378 igitur
2227 5311 2450 5365 veniens
2495 5312 2618 5366 talia
2645 5313 3020 5383 praecepisset,
3051 5325 3106 5371 et
3129 5317 3194 5371 ad
3219 5326 3418 5374 tantam
3445 5323 3616 5378 subli-

2027 5401 2264 5455 mitatem
2288 5404 2753 5460 conversationem
2782 5404 3056 5461 hominum
3084 5409 3371 5476 evexisset,
3398 5418 3616 5483 praemia

2024 5508 2237 5564 quoque
2279 5494 2548 5552 laboribus
2588 5495 2746 5567 digus
2775 5498 3086 5567 proposuit,
3118 5501 3226 5556 imo
3256 5518 3383 5560 vero
3410 5507 3612 5577 majora

2024 5587 2192 5644 nmlto
2240 5597 2294 5643 et
2336 5589 2667 5646 sublimiora.
2709 5589 3090 5648 Verumtamen
3144 5595 3425 5654 invisibilia
3460 5614 3613 5659 erant

2022 5679 2138 5737 bace
2162 5696 2375 5755 quoque
2402 5691 2560 5753 atque
2590 5683 2642 5738 in
2669 5697 2784 5753 spe,
2819 5681 2924 5738 ﬁde
2949 5695 3000 5739 et
3021 5689 3419 5757 exspectatione
3439 5695 3612 5763 posita

2026 5775 2351 5836 futurorum.
2399 5775 2579 5848 Itaque
2611 5790 2736 5834 cum
2762 5773 3029 5833 laboriosa
3060 5779 3305 5838 uiandata
3333 5796 3513 5842 essent
3541 5801 3606 5844 ae
