4082 6212
506 280 601 334 551

506 387 777 456 sublimia,
823 393 1041 460 praemia
1067 407 1193 446 vero
1222 403 1277 447 et
1310 391 1492 447 brat-ia
1530 391 1584 444 in
1625 389 1729 445 ﬁde
1754 429 1770 454 ,
1816 388 1938 442 vide
1965 387 2090 457 quid

506 481 699 548 iaciat,
747 498 854 552 quo
892 494 1049 552 pacto
1090 485 1260 538 levem
1292 498 1517 554 agonem
1543 523 1559 548 ,
1607 495 1714 551 quo
1742 489 1897 550 pacto
1923 479 2095 533 facilia

508 573 698 626 reddat
717 575 1030 629 certamina.
1059 575 1178 642 Quo
1202 575 1413 630 tandem
1435 574 1632 644 pacto?
1659 572 1873 627 Duabus
1893 572 2094 626 scilicet

508 663 608 716 viis
633 681 646 715 :
680 680 802 729 una,
827 666 970 734 quod
1000 668 1188 722 eadem
1219 668 1331 737 ipse
1356 676 1715 738 exsequatur;
1741 665 1927 729 altera,
1952 662 2094 733 quod

506 755 728 820 pricmia
757 756 1008 811 ostendat
1031 767 1086 812 et
1109 759 1212 812 sub
1237 769 1513 829 aSpectum
1543 758 1791 827 proferat.
1817 756 1948 810 Nam
1975 771 2093 825 qua:

506 844 574 896 ab
601 845 696 900 illo
723 846 863 902 dicta
885 858 1030 916 sunt,
1052 852 1295 920 quaedam
1324 850 1632 905 mandatum
1656 857 1829 915 erant,
1851 847 2094 919 quadam

507 939 747 1004 praemia.
775 939 1082 997 Mandatum
1113 943 1350 1012 quidem,
1382 942 1538 996 Orate
1562 958 1655 1012 pro
1674 939 2095 995 calumniantibus

505 1043 590 1082 vos
611 1040 659 1084 et
679 1035 1083 1102 persequentibus
1100 1034 1316 1104 (Matth.
1340 1035 1395 1089 5.
1419 1031 1512 1103 Μ)
1539 1049 1554 1087 :
1577 1033 1853 1102 praemium
1874 1039 2050 1084 autem
2078 1047 2092 1083 :

509 1116 579 1174 Ut
603 1121 714 1174 sitis
739 1123 834 1190 ﬁlii
862 1122 1038 1178 Patris
1065 1126 1214 1178 uestri
1233 1167 1248 1192 ,
1273 1126 1359 1194 qui
1377 1125 1430 1178 in
1448 1124 1586 1178 caelis
1608 1133 1683 1177 est
1713 1121 1873 1193 (Ibid.
1903 1137 1950 1174 υ.
1979 1121 2094 1189 45).

512 1209 740 1277 Rursus,
787 1213 932 1267 Beati
968 1231 1084 1268 cum
1118 1216 1470 1269 maledixerint
1496 1215 1632 1268 vobis
1655 1255 1669 1277 ,
1711 1224 1761 1267 et
1807 1212 2096 1283 persequuti

509 1316 594 1352 vos
622 1303 840 1370 fuerint,
868 1313 912 1356 et
935 1305 1156 1358 dixerint
1181 1321 1328 1358 omne
1366 1306 1555 1357 malum
1589 1305 1791 1358 verbum
1829 1304 2095 1356 adversum

505 1407 591 1442 ros
635 1394 944 1448 mentientes.
975 1394 1204 1448 Gaudete
1249 1405 1298 1448 et
1335 1394 1604 1458 exsultate,
1636 1395 1873 1464 quoniam
1909 1409 2095 1446 nterces

504 1491 666 1532 rostra
690 1482 894 1550 copiosa
920 1486 1062 1538 estin
1085 1485 1222 1538 ctelis
1248 1483 1354 1556 (Ib.
1383 1501 1431 1537 υ.
1458 1485 1546 1538 ll.
1579 1485 1695 1553 Η).
1743 1483 1904 1537 Vides
1932 1498 2094 1536 unum

509 1570 816 1624 inlaudatum
845 1588 966 1627 esse
991 1615 1006 1639 ,
1051 1573 1276 1628 alterum
1311 1575 1628 1643 praemium?
1654 1573 1858 1628 Rursus
1882 1613 1901 1639 ,
1935 1572 1995 1626 Si
2023 1573 2096 1626 vis

507 1665 760 1730 perfectus
794 1679 898 1717 esse
916 1705 930 1728 ,
968 1666 1124 1718 tende
1151 1680 1264 1734 qua:
1289 1664 1461 1728 habes,
1502 1676 1547 1718 et
1578 1666 1645 1717 da
1673 1662 1975 1734 pauperibus
2000 1679 2022 1715 :
2050 1672 2095 1715 et

506 1753 637 1817 veni,
666 1768 869 1822 sequere
897 1771 996 1821 me,
1019 1764 1063 1808 et
1089 1755 1292 1809 habebis
1323 1757 1609 1809 thesaurum
1646 1755 1699 1808 in
1729 1755 1851 1808 mlo
1878 1752 2092 1823 (Matth.

509 1843 596 1897 i9.
629 1842 744 1914 il).
776 1845 934 1900 Vides
965 1846 1108 1900 aliud
1145 1846 1454 1902 mandatum
1476 1889 1492 1915 ,
1531 1857 1587 1902 et
1613 1846 1923 1917 praemium?
1950 1846 2098 1900 Alte-

511 1953 628 1990 rum
659 1939 801 1992 enim
821 1939 948 2007 ipsis
979 1941 1254 2010 praecepit,
1283 1941 1514 1996 alterum
1545 1941 1673 2008 ipsis
1701 1938 1924 2009 paravit,
1953 1936 2096 2007 quod

508 2045 718 2085 merces
741 2042 856 2084 erat
875 2045 939 2085 ac
965 2032 1264 2085 retributio.
1289 2033 1355 2086 Et
1376 2046 1559 2087 rursus
1583 2049 1598 2086 :
1628 2031 1944 2099 Quicumque
1968 2029 2092 2082 reli-

508 2123 668 2189 querit
716 2121 890 2174 domos
913 2162 930 2188 ,
977 2133 1024 2175 et
1050 2127 1234 2192 fratres
1271 2133 1319 2178 et
1347 2139 1542 2177 sorores
1587 2138 1607 2177 :
1655 2121 1759 2176 hoc
1787 2121 2095 2175 mandatum

507 2220 632 2266 est:
675 2210 980 2281 Centuplum
1017 2213 1260 2284 accipiet,
1307 2222 1352 2266 et
1388 2213 1548 2268 vitam
1575 2222 1816 2266 wternam
1868 2211 2094 2280 posside-

506 2303 576 2358 bit
607 2303 709 2374 (Ib.
744 2321 792 2358 υ.
818 2303 911 2371 29)
940 2323 952 2358 :
988 2304 1090 2359 hoc
1119 2306 1394 2374 praemium
1425 2313 1508 2360 est
1530 2344 1546 2371 ,
1577 2313 1632 2360 et
1659 2318 1880 2358 corona.

578 2398 631 2452 5.
655 2397 916 2463 Quoniam
942 2399 1100 2467 igitur
1125 2413 1314 2468 magna
1338 2407 1492 2452 erant
1520 2404 1781 2467 praecepta
1806 2436 1822 2462 ,
1863 2405 1916 2450 et
1957 2411 2094 2464 pra:-

507 2490 614 2543 mia
657 2506 761 2543 non
802 2491 1160 2560 apparebant,
1193 2491 1316 2545 vide
1357 2489 1483 2562 quid
1509 2497 1630 2559 agat
1658 2506 1670 2541 :
1707 2490 1818 2556 ipse
1847 2489 2095 2556 oleribus

509 2581 597 2635 illa
627 2590 881 2646 ostentat,
905 2590 960 2637 et
989 2583 1039 2636 in
1067 2591 1338 2652 aspectum
1366 2597 1594 2636 coronas
1614 2579 1838 2650 profert.
1864 2580 1931 2635 Ut
1951 2579 2092 2633 enim

507 2673 598 2741 qui
628 2674 846 2729 minime
878 2677 1054 2729 tritam
1095 2675 1233 2729 viam
1274 2675 1489 2745 jubetur
1528 2673 1807 2739 insistere,
1851 2672 1894 2725 si
1935 2685 2092 2741 quem

506 2765 698 2819 viderit
726 2781 820 2834 per
848 2781 965 2820 eam
994 2766 1140 2835 prius
1163 2765 1514 2830 incedentem,
1547 2765 1749 2819 facilius
1772 2779 1891 2818 eam
1912 2777 2096 2832 aggre-

508 2856 670 2919 ditur,
709 2869 762 2910 et
800 2858 1057 2926 majorem
1099 2859 1278 2912 animo
1320 2858 1552 2926 concipit
1593 2856 1919 2911 alacritatem
1955 2873 1967 2908 :
2022 2856 2091 2908 ita

505 2965 716 3019 quoque
742 2950 800 3002 iit
828 2951 879 3003 in
907 2949 1169 3004 mandatis
1203 2968 1216 3005 :
1246 2950 1334 3019 qui
1365 2948 1543 3006 vident
1572 2963 1664 3004 eos
1688 2988 1704 3014 ,
1749 2947 1839 3018 qui
1867 2960 2093 3017 praeces.

505 3041 696 3104 serint,
723 3041 877 3095 facile
904 3051 1216 3111 sequuntur.
1249 3040 1316 3095 Ut
1355 3041 1516 3110 igitur
1541 3049 1725 3094 natura
1753 3047 1932 3093 nostra
1961 3037 2092 3091 iaci-

508 3132 608 3185 lius
639 3140 909 3201 sequatur,
943 3147 1157 3187 carnem
1183 3140 1238 3187 et
1267 3141 1508 3186 naturam
1531 3139 1770 3186 nostram
1791 3143 2091 3193 assumens,

507 3221 576 3274 ita
607 3237 702 3291 per
730 3223 872 3275 illam
903 3222 1140 3286 incessit,
1174 3232 1227 3277 et
1258 3221 1507 3292 operibus
1536 3219 1779 3275 mandata
1804 3219 2090 3288 expressit.

502 3312 777 3382 Siquidem
824 3312 948 3367 illud
974 3353 990 3376 ,
1039 3314 1101 3368 Si
1141 3313 1252 3383 quis
1301 3323 1348 3367 te
1389 3312 1690 3382 percusserit
1736 3312 1789 3365 in
1837 3312 2093 3365 dexteram

507 3405 806 3470 maxillam,
837 3405 1032 3458 cbverte
1057 3405 1134 3458 illi
1159 3414 1205 3457 et
1233 3406 1446 3458 alteram
1471 3402 1490 3475 (
1517 3404 1704 3457 Matth.
1732 3404 1785 3458 5.
1814 3402 1914 3472 59)
1939 3443 1952 3468 ,
1979 3403 2092 3471 ipse

507 3496 775 3562 prarstitit,
799 3494 1010 3562 quando
1032 3495 1235 3562 alapam
1260 3494 1330 3548 illi
1357 3495 1625 3562 pontiticis
1645 3508 1832 3549 servus
1850 3494 2087 3562 impegit.

504 3584 620 3638 Non
654 3585 794 3638 enim
843 3584 1013 3650 ipsum
1058 3585 1197 3636 ultus
1232 3593 1314 3636 est
1341 3625 1356 3649 ,
1407 3584 1499 3636 sed
1528 3591 1728 3636 tantam
1776 3584 2090 3637 modestiam

505 3690 615 3743 pra:
644 3688 702 3727 se
733 3673 871 3736 tulit,
903 3682 958 3726 ut
987 3673 1192 3727 diceret
1220 3691 1234 3727 :
1265 3673 1325 3727 Si
1355 3673 1486 3728 male
1507 3673 1742 3740 loquutus
1767 3689 1876 3728 sum
1899 3715 1913 3738 ,
1949 3675 2090 3727 testi-

502 3765 728 3818 monium
759 3764 962 3834 perhibe
999 3763 1062 3816 de
1090 3764 1224 3818 malo
1254 3781 1273 3819 :
1302 3765 1347 3818 si
1375 3775 1541 3818 autem
1570 3765 1710 3830 bene,
1743 3765 1865 3835 quid
1887 3782 1964 3818 me
1986 3783 2086 3820 ca:-

501 3857 581 3910 dis
609 3855 785 3928 (Joan.
820 3856 906 3912 18.
938 3855 1030 3928 ‘25)
1060 3857 1082 3911 ?
1115 3857 1270 3912 Vides
1300 3858 1634 3913 tremendam
1668 3859 1978 3914 lenitatem?
2007 3861 2087 3914 vi-

500 3949 596 4003 des
627 3948 978 4004 humilitatem
1020 3947 1383 4019 stupendam?
1427 3949 1848 4017 Percutiebatur,
1903 3965 2009 4004 non
2057 3965 2087 4004 a

500 4039 670 4095 libero
698 4040 969 4109 quopiam,
1001 4039 1095 4094 sed
1122 4054 1152 4094 a
1181 4054 1356 4104 servo,
1386 4053 1416 4093 a
1447 4040 1742 4096 verberone
1761 4079 1778 4106 ,
1809 4049 1864 4095 et
1891 4055 2087 4096 verna-

499 4133 620 4185 culo
643 4171 658 4197 ,
707 4140 761 4184 et
788 4139 932 4184 tanta
971 4145 1092 4184 cum
1146 4130 1404 4185 modestia
1444 4131 1848 4201 respoudet.lta
1877 4149 2087 4203 quoque

502 4223 658 4275 Pater
704 4221 820 4290 ejus
858 4219 1067 4277 dicebat
1102 4221 1334 4276 iudicis:
1387 4220 1590 4292 Papule
1630 4240 1800 4291 meus,
1835 4227 1958 4294 quid
1989 4227 2090 4296 feci

500 4310 608 4377 tibi,
637 4321 724 4364 aut
749 4311 870 4378 quid
893 4313 1183 4367 contristari
1220 4323 1267 4367 te
1286 4355 1301 4380 ,
1334 4323 1418 4368 aut
1443 4313 1562 4383 quid
1589 4317 1829 4370 molestus
1855 4317 1931 4388 fni
1958 4319 2088 4375 tibi!

498 4401 746 4471 responde
770 4402 893 4456 mihi
915 4402 1099 4475 (Mich.
1126 4404 1178 4458 6.
1203 4405 1281 4474 5).
1321 4405 1776 4474 Quemadmodum
1801 4409 1912 4477 ipse
1933 4409 2085 4464 dicit:

498 4492 860 4548 Testimonium
888 4496 1091 4565 perhibe
1117 4497 1180 4550 de
1205 4498 1339 4552 malo
1358 4541 1372 4564 ,
1426 4499 1503 4555 sic
1540 4510 1593 4555 et
1626 4500 1780 4556 Pater
1807 4501 1923 4571 ejus
1942 4543 1955 4566 ,
1984 4501 2084 4558 Re-

497 4585 694 4652 sponde
736 4587 859 4638 mihi
890 4602 908 4639 :
934 4597 990 4642 et
1025 4587 1472 4656 quemadmodum
1516 4591 1590 4645 ait
1638 4591 1750 4662 ipse
1771 4632 1789 4660 ,
1843 4593 1978 4660 Quid
2008 4612 2088 4649 me

499 4676 652 4728 credis
669 4676 694 4728 ?
722 4677 799 4730 sic
827 4679 987 4732 etiam
1019 4679 1196 4744 Pater,
1231 4681 1368 4750 Quid
1387 4685 1675 4739 contristavi
1701 4694 1766 4750 te,
1797 4694 1883 4740 aut
1912 4688 1965 4739 in
1986 4703 2085 4756 quo

500 4767 738 4820 molestus
782 4769 857 4838 [ai
903 4770 1034 4824 tibi?
1063 4771 1432 4842 Paupertatem
1463 4790 1650 4830 rursus
1688 4776 1924 4845 docens,
1967 4778 2086 4834 vide

498 4874 603 4928 quo
647 4871 798 4928 pacto
839 4860 982 4916 illam
1019 4877 1182 4933 Opere
1224 4865 1472 4921 exhibeat
1515 4867 1740 4926 dicens:
1784 4869 1966 4940 Vulpes
2007 4874 2086 4941 fo-

499 4967 612 5007 veas
641 4953 854 5019 habent,
901 4964 948 5008 et
993 4955 1217 5010 volucres
1245 4957 1356 5011 cwli
1385 4959 1530 5014 nidos
1549 5003 1564 5027 ,
1609 4961 1775 5016 Filius
1799 4973 1967 5018 autem
1995 4965 2086 5018 ho-

500 5047 647 5098 minis
679 5062 777 5098 non
807 5046 951 5102 habet
976 5048 1060 5101 ubi
1081 5059 1232 5118 caput
1257 5065 1404 5104 suum
1431 5053 1636 5107 reclinet
1662 5054 1870 5126 (Matth.
1895 5052 2082 5127 8.20).

501 5135 661 5190 Vides
695 5146 990 5192 extremam
1040 5142 1447 5210 paupertatem?
1491 5142 1606 5198 Non
1646 5160 1884 5199 mensam
1917 5146 2081 5203 hahe-

500 5227 610 5294 bat,
643 5243 749 5282 non
781 5229 1085 5294 lucernam,
1139 5247 1241 5285 non
1269 5231 1515 5300 dommn,
1561 5250 1666 5289 non
1714 5237 1934 5304 sellam,
1975 5255 2080 5294 non

503 5320 645 5374 aliud
673 5321 958 5391 quidquam
977 5323 1258 5392 ejusmodi.
1294 5325 1525 5380 Docebat
1557 5336 1613 5380 ut
1642 5328 1778 5383 male
1807 5329 2082 5384 audientes

499 5415 760 5480 patienter
790 5414 1009 5482 ferrent,
1044 5416 1095 5470 id
1121 5432 1246 5473 vero
1274 5419 1362 5472 ille
1394 5436 1556 5490 opere
1577 5421 1833 5476 exhibuit.
1859 5423 2082 5490 Quando

499 5505 640 5556 cnim
668 5504 990 5560 dmmouium
1035 5505 1314 5563 habentem
1339 5551 1353 5574 ,
1394 5518 1448 5563 et
1475 5509 1867 5568 Samaritanum
1911 5514 2081 5582 ipsum

498 5595 870 5664 appellabant,
900 5613 1020 5652 cum
1052 5599 1171 5656 illos
1198 5615 1384 5656 rursus
1409 5617 1601 5657 necare
1630 5615 1841 5671 posset,
1871 5614 1923 5660 et
1948 5620 2080 5660 con-

500 5680 716 5732 itiltlt'litt
756 5694 967 5748 pinnam
993 5683 1060 5738 ab
1085 5684 1191 5740 illis
1215 5684 1466 5757 exigere,
1515 5687 1647 5742 nihil
1676 5689 1778 5744 tale
1819 5688 2070 5753 faciebat.

1215 282 1271 338 S.
1311 279 1584 338 JOANNIS
1619 277 2093 333 CHRYSOSTOMI
2131 277 2447 333 ARCIIIEP.
2486 275 3019 333 CONSTANTINOP.

3666 279 3776 337 333

2208 387 2314 442 imo
2339 387 2499 443 etiam
2530 387 2666 442 bene
2685 386 2753 442 de
2777 388 2880 442 illis
2910 387 3214 444 merebatur
3232 429 3248 454 ,
3279 397 3335 448 et
3359 403 3427 444 ex
3453 389 3556 446 illis
3583 391 3786 448 da-mo-

2203 493 2300 532 nes
2363 478 2691 547 expcllebat.
2732 479 2970 548 Cumque
3029 477 3289 545 dixisset,
3339 479 3494 535 Orate
3519 499 3613 552 pro
3638 487 3781 540 critu—

2201 569 2509 624 mniantibus
2536 586 2621 623 vos
2651 569 2669 640 (
2694 569 2878 626 Matth.
2904 571 2958 626 5.
2981 573 3050 626 44
3066 571 3108 641 ),
3151 572 3204 625 in
3225 587 3438 628 crucem
3466 589 3584 629 eum
3601 591 3786 632 ascen-

2200 658 2385 724 disset,
2416 659 2467 714 id
2488 659 2632 715 fecit.
2657 661 2940 729 Postquam
2965 662 3107 716 enim
3135 676 3259 717 eum
3295 666 3704 734 crucilixerunt,
3734 681 3789 725 et

2200 748 2368 803 clavis
2394 748 2698 814 aitixerunt,
2732 750 2968 819 pendens
2993 752 3203 806 dicebat
3225 793 3240 817 ,
3274 752 3482 809 Dimitte
3511 757 3614 810 illis
3643 772 3662 811 :
3687 743 3788 814 non

2199 840 2334 894 enim
2373 841 2536 894 sciant
2621 842 2744 913 quid
2772 842 2966 914 faciunt
2994 841 3143 915 (Luc.
3171 842 3262 898 23.
3295 841 3407 916 54).
3457 845 3579 901 llaec
3621 847 3688 902 ab
3724 864 3790 904 eo

2201 931 2535 1000 dicebantur,
2569 949 2674 988 non
2701 933 2842 1004 quod
2884 933 2997 1003 ipse
3022 934 3291 991 dimittere
3322 937 3542 992 minime
3566 951 3749 1010 posset
3770 983 3788 1007 ,

2201 1023 2294 1077 sed
2320 1033 2382 1078 ut
2410 1039 2507 1080 nos
2532 1038 2688 1080 orare
2715 1039 2812 1094 pro
2840 1025 3068 1079 inimicis
3093 1026 3329 1081 doceret.
3360 1026 3492 1082 Nam
3523 1029 3644 1100 quia
3677 1046 3785 1086 non

2201 1126 2451 1168 sermone
2472 1122 2696 1182 tantum,
2724 1115 2818 1170 sed
2848 1130 3011 1186 opere
3032 1131 3243 1186 quoque
3268 1117 3564 1176 det-trinam
3596 1137 3703 1192 pra:
3730 1140 3790 1179 se

2202 1203 2427 1272 ferebat,
2458 1214 2739 1276 prepterea
2766 1220 2952 1276 preces
2979 1207 3139 1261 etiam
3165 1208 3425 1278 adjunxit.
3453 1211 3638 1268 Nullus
3685 1214 3784 1285 igi-

2204 1301 2289 1347 tur
2309 1310 2375 1348 ex
2405 1295 2691 1363 haereticis,
2717 1298 2788 1351 ob
2819 1297 3035 1351 nimiam
3065 1298 3184 1367 ejus
3206 1299 3608 1368 humanitatem,
3640 1304 3787 1358 iulir-

2202 1386 2439 1440 mitatem
2479 1386 2594 1441 lucc
2622 1377 2782 1442 verba
2813 1389 3016 1458 judicet
3056 1389 3312 1446 iudicare.
3363 1392 3477 1463 Ipse
3517 1395 3657 1450 enim
3702 1409 3788 1454 cst

2201 1478 2291 1546 qui
2331 1479 2496 1536 dicit:
2531 1480 2597 1535 Ut
2626 1493 2790 1536 autent
2817 1485 2990 1538 sciatis
3014 1525 3030 1551 ,
3075 1487 3195 1553 quia
3237 1485 3286 1539 F
3289 1488 3405 1542 ilius
3445 1489 3661 1544 hominis
3692 1493 3786 1546 Isa-

2197 1568 2278 1622 bet
2303 1581 2598 1640 potestatem
2617 1574 2670 1626 in
2700 1583 2831 1628 terra
2855 1575 3137 1629 dimittendi
3164 1589 3370 1646 peccata
3399 1579 3607 1650 (Matth.
3629 1583 3682 1637 9.
3705 1584 3783 1652 6).

2200 1662 2306 1716 Sed
2331 1664 2580 1733 quoniam
2603 1665 2796 1720 docere
2833 1666 3042 1722 volebat
3070 1667 3148 1741 (is
3174 1677 3352 1724 autem
3375 1673 3461 1740 qui
3491 1671 3649 1728 ducet
3679 1691 3785 1731 non

2201 1751 2376 1807 verbis
2408 1763 2609 1808 tantum
2640 1753 2752 1809 suis
2772 1795 2788 1822 ,
2837 1755 2932 1810 sed
2957 1757 3118 1812 etiam
3149 1756 3302 1813 factis
3327 1759 3620 1816 doctrinam
3661 1780 3785 1833 pro-

2201 1840 2306 1896 fert
2333 1843 2385 1896 in
2407 1843 2691 1917 medium),
2723 1847 2820 1900 hac
2845 1845 2912 1901 de
2936 1861 3094 1902 causa
3119 1863 3303 1918 preces
3324 1852 3483 1905 etiam
3504 1853 3782 1921 adjunxit‘:

2203 1949 2325 1988 naut
2375 1935 2572 2006 alioqui
2615 1937 2998 2008 discipulorum
3041 1941 3200 1994 etiam
3244 1942 3409 2011 pedes
3457 1945 3623 2010 lavit,
3675 1963 3786 2002 non

2200 2025 2341 2094 quod
2369 2026 2590 2082 inferior
2610 2037 2790 2084 esset:
2825 2045 3010 2086 vermn
3031 2045 3150 2085 cum
3185 2032 3327 2087 Deus
3351 2044 3492 2089 esset
3514 2051 3572 2090 ac
3598 2037 3787 2092 Domi-

2201 2131 2335 2184 nus,
2367 2118 2432 2171 ad
2463 2127 2661 2173 tantam
2689 2135 2749 2174 se
2779 2119 3129 2175 humilitatem
3161 2121 3392 2178 denti.~.it.

2271 2206 2324 2262 ϐ.
2369 2208 2768 2264 Resurrectiouis
2807 2211 2995 2280 futurae
3031 2222 3367 2281 argumenta;
3408 2215 3789 2287 transfiguratio

2201 2301 2389 2356 Christi
2408 2306 2595 2373 futurte
2609 2304 2785 2374 gloria:
2804 2305 2988 2375 imago.
3005 2335 3076 2344 —-
3119 2305 3267 2360 Hauc
3294 2307 3454 2361 etiam
3475 2308 3546 2361 ob
3568 2323 3785 2366 causam

2199 2393 2457 2450 dicebat;
2504 2393 2695 2448 Discite
2746 2412 2778 2447 a
2815 2412 2926 2460 me,
2968 2397 3087 2466 quia
3124 2397 3259 2450 mitis
3293 2414 3404 2451 sum
3435 2437 3451 2465 ,
3481 2407 3529 2452 et
3579 2399 3790 2455 humilis

2199 2487 2349 2539 corde
2399 2486 2640 2559 (Matth.
2708 2489 2793 2542 il.
2849 2487 2918 2542 29
2948 2490 2989 2558 ).
3057 2490 3174 2543 Alio
3224 2490 3384 2545 modo
3436 2505 3622 2547 rursus
3671 2493 3787 2564 ipsa

2200 2578 2376 2631 bravia
2407 2580 2727 2652 praemiaque
2754 2580 2806 2634 in
2836 2580 3069 2635 medium
3091 2580 3268 2636 alieni
3296 2624 3309 2646 ,
3336 2597 3397 2636 ac
3427 2582 3618 2652 subjici
3647 2599 3786 2640 ocu-

2201 2668 2264 2722 lis
2284 2668 2428 2722 audi.
2449 2669 2720 2724 Pollicitus
2740 2679 2855 2724 erat
2874 2686 3159 2740 corporum
3187 2676 3658 2744 resurrectionem,
3679 2679 3787 2732 im-

2200 2760 2598 2826 mortalitatem,
2629 2775 2911 2816 occursum
2943 2763 2995 2816 in
3018 2778 3163 2828 aera,
3192 2775 3400 2834 raptum
3424 2767 3476 2821 in
3505 2769 3734 2824 nubibus
3762 2788 3783 2831 :

2200 2849 2315 2904 hinc
2362 2854 2521 2906 rebus
2568 2852 2695 2922 ipsis
2734 2854 2984 2908 OSIendit.
3020 2854 3135 2922 Quo
3165 2857 3378 2911 tandem
3407 2859 3568 2913 modo
3594 2860 3617 2914 ?
3640 2860 3788 2916 Mor-

2201 2951 2320 2997 tuus
2351 2958 2472 2998 cum
2508 2953 2670 3009 esset,
2695 2947 2992 3000 resurrexit
3035 2963 3051 3002 ;
3083 2959 3408 3017 quapropter
3456 2960 3509 3004 et
3549 2952 3786 3021 quadra-

2197 3035 2340 3105 ginta
2368 3035 2556 3091 diebus
2581 3052 2700 3092 cum
2741 3039 2871 3107 ipsis
2907 3049 3145 3094 versatus
3171 3050 3272 3104 est,
3297 3050 3352 3095 ut
3373 3043 3632 3098 certiores
3664 3045 3789 3100 illus

2200 3125 2465 3195 redderet,
2508 3137 2561 3182 ct
2587 3128 2761 3198 qualia
2801 3143 3029 3198 Corpora
3059 3141 3240 3184 nostra
3273 3141 3393 3201 post
3435 3137 3791 3190 resurrectio-

2201 3232 2322 3272 nem
2347 3216 2520 3272 l‘utura
2542 3219 2668 3284 sint,
2697 3218 3026 3274 ostenderet.
3059 3219 3266 3276 Rursus
3293 3223 3384 3292 qui
3431 3239 3528 3294 per
3557 3225 3786 3281 Paulum

2197 3308 2330 3362 dixit
2360 3330 2373 3364 :
2408 3308 2472 3362 In
2522 3309 2735 3365 nubibus
2786 3311 3039 3378 rapientur
3074 3312 3269 3365 obviam
3321 3313 3402 3367 illi
3437 3316 3489 3368 in
3535 3331 3654 3368 aera
3699 3319 3784 3385 (I.

2197 3400 2376 3456 Thess.
2410 3402 2462 3455 4.
2495 3402 2606 3472 i7),
2642 3403 2744 3458 hoc
2774 3402 2935 3457 eziam
2967 3418 3128 3472 opere
3149 3404 3549 3460 demonstravit.
3597 3407 3787 3477 Siqui-

2196 3493 2317 3548 dem
2364 3504 2482 3564 post
2519 3497 2983 3560 resurrectionem,
3015 3511 3135 3550 cmn
3181 3507 3324 3552 esset
3370 3499 3420 3552 iu
3475 3499 3632 3554 caries
3683 3515 3789 3554 as-

2197 3600 2478 3648 censurus,
2530 3587 2883 3656 prteseutihus
2933 3589 3079 3656 ipsis,
3123 3589 3355 3643 Eleuatus
3377 3601 3462 3653 est,
3504 3592 3695 3660 inquit,
3725 3604 3787 3649 et

2197 3679 2350 3734 nubes
2377 3681 2594 3748 suscepit
2623 3698 2733 3735 eum
2762 3683 2822 3734 ab
2867 3683 3025 3735 oculis
3048 3699 3220 3735 eorum
3251 3683 3376 3753 (Act.
3401 3684 3450 3736 i.
3468 3682 3554 3754 9);
3573 3693 3628 3737 et
3649 3700 3788 3742 cum

2197 3771 2416 3828 intentis
2444 3774 2614 3828 oculis
2661 3784 2863 3840 essent,
2891 3774 3016 3827 dum
3060 3774 3234 3832 abiret
3276 3775 3384 3828 illc.
3407 3773 3493 3829 Sic
3521 3775 3786 3835 nimirum

2195 3875 2248 3918 et
2277 3880 2470 3935 corpus
2516 3877 2756 3920 nostrum
2785 3865 3238 3921 consubstantiale
3269 3867 3481 3936 corpori
3527 3868 3630 3922 erit
3678 3871 3782 3937 illi,

2195 3963 2380 4025 utpote
2409 3956 2546 4026 quod
2572 3972 2635 4010 ex
2668 3956 2856 4010 eadem
2899 3959 2969 4009 sit
2996 3972 3170 4011 massa
3205 3974 3218 4010 :
3249 3958 3387 4011 sicut
3411 3959 3550 4012 enim
3595 3972 3783 4026 caput,

2195 4047 2263 4098 ita
2305 4057 2359 4100 et
2389 4062 2625 4116 corpus;
2670 4050 2808 4102 sicut
2848 4048 3162 4116 principium
3188 4089 3204 4112 ,
3249 4047 3320 4100 ita
3353 4059 3404 4102 et
3435 4047 3576 4102 ﬁnis.
3608 4051 3786 4118 Atque

2194 4134 2297 4188 hoc
2329 4135 2662 4189 manifestius
2706 4136 2944 4191 indicans
2973 4135 3167 4189 Paulus
3201 4135 3407 4192 dicebat
3446 4137 3587 4203 τρυε
3609 4141 3784 4205 refor-

2191 4224 2346 4278 mabit
2375 4209 2558 4296 corpus
2599 4225 2900 4279 humilitatis
2925 4235 3108 4279 nostra:
3139 4266 3154 4290 ,
3183 4235 3234 4278 ut
3259 4229 3519 4297 conforme
3541 4228 3632 4296 ﬁat
3659 4244 3780 4281 cor-

2191 4316 2305 4387 pori
2342 4315 2588 4369 claritatis
2615 4331 2720 4368 sua:
2751 4313 2970 4387 (Philip.
3005 4315 3056 4368 5.
3086 4315 3200 4386 21).
3232 4315 3287 4370 Si
3315 4317 3476 4384 igitur
3503 4315 3785 4372 conforme

2191 4408 2285 4472 sit,
2313 4408 2557 4464 eamdem
2591 4408 2751 4463 etiam
2780 4412 2916 4462 viam
2944 4409 3190 4463 conﬁciet
3213 4449 3226 4472 ,
3254 4419 3308 4463 et
3339 4409 3388 4462 in
3416 4408 3647 4461 nubibus
3677 4425 3781 4480 pa-

2192 4501 2325 4556 riter
2351 4499 2660 4557 elcvabitur.
2686 4500 2810 4555 Huic
2842 4509 2896 4555 tu
2928 4516 3138 4570 quoque
3167 4501 3218 4554 in
3246 4501 3640 4555 resurrectione
3666 4517 3773 4556 ex-

2191 4601 2392 4663 specta.
2432 4593 2563 4647 Nam
2593 4593 2842 4663 quoniam
2871 4593 2938 4647 ad
2981 4592 3106 4646 illud
3137 4607 3302 4663 usque
3338 4602 3549 4660 tempus
3575 4591 3799 4655 οὺςειι-ἑ

2190 4700 2309 4738 rmn
2343 4685 2516 4739 fuerat
2539 4683 2876 4739 audientibus
2912 4683 3129 4739 verbum
3163 4684 3308 4753 regni
3337 4683 3609 4746 czelorum,
3640 4696 3774 4756 pro-

2191 4785 2368 4846 plcrca
2420 4791 2539 4830 cum
2568 4775 2897 4830 ascendisset
2931 4775 2982 4828 iu
3016 4785 3271 4839 montem,
3298 4789 3478 4829 coram
3499 4773 3782 4844 discipulis

2191 4867 2300 4921 suis
2333 4867 2734 4935 transﬁguratus
2769 4874 2850 4920 est
2879 4863 3088 4938 (Matth.
3122 4865 3231 4936 i'i),
3261 4865 3447 4935 eisque
3475 4865 3779 4918 futurorum

2191 4958 2408 5028 gloriam
2439 4958 2884 5026 prmmonstravit,
2915 4967 2968 5012 et
2988 4957 3212 5013 obscure
3236 4966 3502 5028 tamquam
3543 4959 3593 5012 in
3636 4958 3774 5010 :cni-

2190 5061 2386 5117 gmate,
2410 5051 2565 5119 quale
2594 5065 2788 5120 corpus
2808 5060 3043 5105 nostrum
3073 5049 3303 5104 futurum
3328 5061 3490 5113 esset,
3511 5049 3784 5104 ostendit.

2194 5142 2386 5197 Verum
2412 5157 2531 5196 cum
2554 5143 2787 5197 vestibus
2814 5152 2921 5195 tum
2939 5139 3150 5210 quidem
3183 5141 3424 5210 apparuit
3454 5158 3466 5196 :
3497 5151 3550 5193 at
3569 5155 3672 5193 non
3700 5142 3780 5192 ita

2192 5236 2243 5291 in
2274 5235 2686 5289 resurrectione.
2711 5233 2893 5303 Neque
2920 5234 3064 5288 enim
3090 5233 3324 5287 vestibus
3353 5231 3552 5302 indiget
3576 5245 3780 5299 corpus

2191 5339 2452 5392 nostrum,
2485 5343 2655 5398 neque
2687 5335 2848 5391 tecto,
2886 5339 3057 5395 neque
3084 5325 3569 5386 concameratione,
3601 5337 3786 5391 neque

2189 5421 2290 5474 alia
2319 5419 2420 5475 ulla
2442 5435 2500 5475 re
2520 5418 2699 5474 simili.
2722 5418 2853 5473 Nam
2875 5418 2919 5472 si
2941 5427 3062 5471 ante
3085 5416 3559 5486 transgressionem
3580 5415 3786 5477 Adam,

2189 5526 2308 5566 cum
2336 5521 2480 5567 esset
2508 5509 2701 5574 nudus,
2745 5524 2850 5563 non
2879 5507 3246 5573 erubescebat,
3276 5505 3440 5576 gloria
3469 5503 3787 5558 circumda-

2190 5612 2274 5656 tus
2305 5620 2318 5656 :
2361 5601 2526 5656 multo
2559 5601 2729 5672 magis
2771 5615 2995 5670 corpora
3028 5608 3205 5653 nostra
3225 5640 3241 5666 ,
3268 5613 3384 5667 qua:
3411 5597 3477 5650 ad
3507 5603 3786 5662 prastat)-

2190 5695 2382 5752 tiorem
2406 5692 2791 5765 melioremque
2822 5692 3182 5749 conditionem
3210 5691 3590 5757 tranlerentur.
3618 5688 3795 5744 nullo
