4082 6212
311 227 439 312 ἐδδ
1297 247 1610 306 recens
1653 245 1983 305 FRATREM
2021 247 2157 304 non
2195 245 2639 306 avocemus.
3496 249 3596 305 sat

332 381 522 436 horum
568 367 900 442 indigebunt.
947 363 1056 420 ﬂac
1101 361 1352 417 nimirum
1394 360 1461 417 de
1509 375 1664 416 caus.
1693 375 1814 414 cum
1861 367 1916 414 ct
2026 361 2077 415 in
2109 359 2334 416 nubibus
2367 359 2524 430 rapti,
2552 373 2763 428 semper
2785 373 2905 412 cum
2938 356 3027 412 illo
3057 372 3351 425 versemur,
3383 359 3604 431 ejusque

345 472 458 538 ipse
495 467 820 532 resurgeret,
853 463 1028 512 vestes
1057 454 1108 508 in
1136 453 1392 524 sepulcro
1407 462 1460 508 et
1488 451 1664 508 loculo
1701 465 1919 506 manere
2022 452 2188 521 gratia
2216 452 2347 506 salvi
2379 451 2535 516 facti,
2572 449 2761 505 tuturis
2784 449 2953 505 bonis
2968 448 3303 518 perimantur
3327 469 3336 503 :
3362 467 3479 520 qua!
3511 467 3606 504 ttu-

337 557 598 631 permisit.
627 551 934 620 nudumque
955 561 1150 617 corpus
1179 545 1474 612 suscitavit,
1505 545 1778 600 immensa:
1802 543 1914 614 κιο·
2023 543 2104 597 bis
2122 543 2371 597 omnibus
2399 541 2607 610 assequi
2631 541 2904 611 contingat
2928 540 2978 594 in
3001 539 3217 595 Christo
3239 539 3364 595 Jcsn
3386 542 3609 596 Domino

458 657 513 705 et
536 639 878 702 beatitudinis
900 639 1139 710 plenum.
1167 637 1290 692 llmc
1317 636 1473 707 igitur
1498 635 1654 691 nobis
1670 650 1790 689 cum
1813 650 1916 687 ρκ-
2024 641 2228 698 nostro,
2265 648 2384 688 cum
2417 647 2522 702 quo
2553 631 2718 696 Patri,
2753 646 2856 686 una
2897 645 3018 685 cum
3046 630 3244 699 Spiritu
3282 641 3468 687 sancto
3493 633 3607 703 glo-

337 743 539 814 plorata
569 739 695 801 sint,
742 730 1099 793 dilectissimi,
1143 738 1197 784 et
1237 729 1414 784 verbis
1463 726 1684 789 eruditi,
1726 735 1779 782 et
1823 741 1921 795 per
2025 725 2126 791 ria,
2153 724 2452 794 imperium,
2481 723 2672 784 honor,
2705 721 2966 787 adoratio,
3000 736 3138 776 nunc
3166 730 3457 792 etsemper
3482 731 3531 776 et
3557 724 3607 777 in

333 813 523 892 oculos
537 828 732 894 edocti,
766 825 926 881 talem
957 822 1421 879 conversationem
1451 819 1799 876 exhibermus
1819 860 1832 884 ,
1864 825 1921 871 ut
2024 814 2215 870 szecula
2244 814 2581 868 saeculorum.
2615 813 2806 867 Amen.

1161 1534 1256 1596 ET
1297 1534 1378 1596 IN
1419 1532 1884 1606 SEQUENTEM'
1918 1531 2012 1590 DE
2055 1527 2207 1590 NON
2251 1522 2767 1587 DESPERANDO.

344 1789 525 1863 priore
551 1787 618 1844 de
638 1783 1056 1856 compunctione
1075 1781 1240 1837 verba
1272 1777 1506 1836 iecisse?
1542 1780 1612 1835 At
1650 1791 1758 1831 non
1796 1774 1930 1830 dicit
1963 1775 2052 1830 ille
2082 1789 2140 1830 se
2167 1773 2219 1828 in
2254 1775 2437 1845 priore
2465 1775 2938 1846 compunctionem
2980 1771 3298 1824 nominatim
3339 1785 3586 1824 comme-

350 1933 622 1986 morasse;
654 1916 749 1976 sed
777 1916 903 1973 talia
927 1914 1072 1972 fatur
1101 1933 1116 1970 :
1143 1911 1573 1983 Compunctionis
1615 1923 1905 1965 sermonem
1945 1922 2267 1975 sparserant,
2315 1916 2364 1960 et
2403 1907 2744 1976 confessionis
2785 1908 3006 1977 gemitus
3048 1906 3378 1975 germinavit.
3441 1907 3580 1971 Quid

347 2079 510 2131 porro
535 2060 682 2118 aliud
711 2070 840 2117 sunt
870 2063 1006 2125 haec,
1032 2057 1253 2114 Contcre
1284 2057 1516 2110 animum
1547 2061 1720 2117 tuum,
1752 2057 1974 2103 mentem
2006 2048 2230 2128 humilia
2266 2055 2474 2101 tuorum
2511 2047 2870 2102 recordatione
2900 2046 3238 2109 delictorum,
3277 2053 3440 2114 atque
3466 2043 3575 2098 alia

347 2200 516 2255 multa
544 2199 672 2255 hinc
698 2208 753 2257 et
777 2199 903 2256 inde
929 2212 1137 2269 sparsa,
1171 2212 1339 2268 quam
1369 2191 1811 2266 compunctionis
1839 2189 2065 2246 sermo?
2092 2185 2268 2258 Eque
2302 2185 2459 2243 facile
2486 2195 2572 2243 est
2607 2187 2772 2241 alium
2802 2184 3046 2256 ejusdem
3085 2185 3316 2239 evellere
3353 2198 3586 2254 scrupu-

351 2345 486 2410 lum,
517 2340 620 2412 qui
636 2336 950 2411 huiusmodi
971 2345 1056 2393 est
1078 2355 1092 2391 :
1117 2335 1174 2390 In
1197 2333 1496 2406 posteriore
1525 2329 1782 2394 humilia,
1801 2342 1952 2383 num.
1985 2327 2038 2393 3-,
2068 2325 2144 2381 ait
2169 2325 2586 2397 Chrysostomus
2613 2340 2627 2378 :
2681 2320 2784 2376 Sed
2816 2336 2976 2391 quam
3015 2319 3316 2373 tandem-ob
3363 2335 3581 2372 causam

347 2501 379 2549 ν
401 2480 686 2533 ώιὶεαηιιιιι
725 2488 833 2532 tam
861 2477 963 2548 cito
996 2472 1267 2528 exaudivit
1302 2470 1464 2532 Deus.
1492 2467 1651 2523 Isaac
1675 2477 1851 2522 autem
1883 2466 2067 2537 viginti
2099 2479 2264 2517 annos
2289 2478 2442 2516 orare
2474 2461 2734 2531 permisit,
2771 2475 2834 2512 ac
2869 2468 2980 2510 tum
3009 2455 3217 2510 demum
3246 2455 3384 2524 justi
3415 2456 3582 2523 preci-

345 2621 438 2672 im:
477 2615 659 2672 annuit
684 2617 710 2671 2
738 2613 872 2670 Sunt
898 2613 1039 2668 enim
1071 2611 1213 2667 vobis
1250 2610 1504 2664 hesterna:
1524 2605 1779 2660 doctrinae
1812 2603 2046 2673 reliquiae
2078 2599 2446 2671 persolvendai.
2475 2596 2576 2654 ilic
2614 2598 2841 2653 innuere
2882 2594 3092 2650 videtur
3122 2594 3542 2663 Cbt'ysostomus
3564 2633 3576 2655 .

348 2753 528 2824 inquit
549 2750 952 2814 Tillemontius,
977 2764 1034 2804 se
1056 2749 1110 2804 in
1144 2747 1312 2818 priori
1335 2745 1598 2802 concione
1625 2743 1691 2799 de
1718 2742 2018 2814 publicano
2038 2739 2199 2795 simul
2220 2747 2275 2794 et
2307 2739 2374 2794 de
2397 2739 2585 2795 lsaaco
2611 2753 2918 2793 sermonem
2950 2736 3224 2802 habuisse,
3251 2751 3375 2790 cum
3403 2744 3580 2789 tamen

344 2886 563 2942 nonnisi
590 2883 664 2940 de
692 2883 876 2939 lsaaeo
903 2881 1064 2938 verba
1092 2880 1275 2945 faciat,
1308 2878 1486 2948 deque
1525 2839 1784 2946 precibus
1816 2875 1894 2928 ab
1918 2873 2011 2928 illo
2057 2888 2152 2943 per
2190 2887 2364 2927 annos
2402 2871 2688 2943 vigintiad
2723 2871 3133 2940 impetrandam
3157 2885 3198 2923 a.
3235 2867 3344 2924 Deo
3377 2867 3582 2938 prolent

340 3027 580 3084 emissis.
619 3027 687 3079 At
720 3024 852 3079 nihil
893 3032 976 3077 est
1001 3021 1056 3074 in
1085 3029 1360 3089 postremo
1389 3015 1567 3070 allatis
1597 3012 1798 3077 verbis,
1828 3009 1880 3065 ni
1907 3010 2084 3074 fallor,
2113 3008 2255 3078 quod
2284 3008 2351 3063 de
2383 3007 2683 3078 publicanos
2704 3007 2940 3061 habitant
2992 3007 3044 3060 in
3095 3008 3260 3078 priori
3322 3013 3586 3066 concione

345 3167 674 3222 ntcrntionem
699 3163 870 3218 fuisse
895 3159 1139 3216 suadeat.
1175 3155 1301 3212 Haec
1321 3155 1525 3226 quippe
1555 3152 1743 3218 verba,
1774 3149 1910 3205 Sunt
1943 3148 2080 3202 enim
2109 3147 2250 3201 vobis
2281 3146 2536 3201 hesterna!
2567 3146 2825 3200 doctrina:
2859 3145 3097 3214 reliquiae
3123 3144 3495 3213 persolvendw,
3517 3149 3583 3203 ad

341 3325 405 3360 ea
432 3319 554 3376 quae
583 3303 651 3358 ad
684 3300 935 3358 lsaacum
967 3306 1234 3369 spectant,
1262 3308 1491 3366 quaeque
1517 3293 1629 3347 hac
1655 3298 1930 3363 postrema
1958 3289 2287 3361 praecedunt,
2324 3301 2432 3341 non
2467 3299 2594 3340 vero
2622 3284 2694 3339 ad
2745 3284 2836 3339 illa
2876 3285 3027 3356 prius
3075 3287 3249 3357 posita
3307 3287 3374 3343 de
3405 3289 3586 3358 publi-

340 3460 499 3510 cano,
537 3451 664 3499 sunt
687 3437 990 3497 referenda.
1021 3434 1085 3491 Hi
1117 3450 1248 3506 ergo
1272 3431 1512 3504 serupuli
1548 3429 1681 3484 nulli
1716 3437 1869 3494 sunt,
1907 3440 2079 3496 neque
2109 3426 2275 3518 etiam
2309 3424 2444 3479 tanti
2475 3438 2598 3481 esse
2630 3439 2662 3479 a
2693 3422 3037 3478 Tillemontio
3071 3422 3474 3491 existimantur,
3511 3437 3567 3481 ut

345 3589 496 3644 itlum
524 3600 554 3639 a
579 3580 849 3640 sententia
878 3578 1206 3636 dimoveant.
1234 3572 1474 3644 Utraque
1508 3571 1672 3643 igitur
1704 3567 1927 3625 homilia
1963 3565 2029 3622 de
2069 3565 2472 3639 perseverantia
2519 3563 2574 3618 in
2621 3563 2932 3618 emittendis
2966 3565 3217 3632 precibus
3257 3566 3400 3635 agit,
3435 3577 3487 3621 οςι
3529 3569 3580 3620 in

347 3738 576 3792 atraque
601 3723 845 3793 pluribus
874 3721 1101 3776 docetur
1129 3735 1234 3774 non
1267 3733 1388 3774 esse
1414 3714 1744 3786 precandum
1779 3722 1974 3770 contra
2005 3711 2275 3766 inimicos.
2307 3707 2364 3763 in
2406 3717 2596 3763 neutra
2636 3723 2764 3762 vero
2801 3707 3048 3776 aliquant.
3085 3707 3346 3776 temporis
3396 3715 3600 3760 notam.

344 3863 620 3934 expiscari
648 3875 959 3932 possumus.

424 4001 798 4071 interpretatio
823 4003 1106 4070 utriusque
1138 3998 1339 4054 Latina.
1367 4005 1451 4054 est
1473 3992 1763 4051 Frontonis
1791 3988 2004 4046 Ducati-

1131 4762 1413 4847 QUOD
1464 4762 1674 4835 NON
1711 4765 2284 4837 ΟΡΟΒΤΕΑΤ
2332 4769 2814 4841 PECCATA

1131 4941 1432 4985 FRATRUM
1482 4941 1836 4997 ιῑιύιϐΑιιε,
1882 4941 2091 4996 NEQUE
2137 4942 2401 4987 [NIMICIS
2447 4943 2816 4987 IMPBECABI.

1565 5101 1874 5115 ψ

1887 5085 2035 5140 οΞὶο

2043 5106 2380 5121 —

403 5229 452 5282 1.
496 5226 764 5296 Scriptura
800 5242 1076 5296 numquam
1099 5224 1538 5293 auambene/icam
1566 5226 1665 5279 vim
1690 5226 1913 5293 amittit;
2022 5229 2116 5282 sim
2164 5227 2347 5282 schola
2397 5245 2410 5282 :
2444 5227 2636 5283 medici
2670 5241 2776 5282 non
2823 5241 3131 5296 corporum,
3169 5229 3259 5284 sed
3287 5231 3606 5288 animorum.

331 5319 634 5388 pauperibus
675 5319 848 5372 utilior
889 5328 964 5373 est
1006 5333 1158 5386 quam
1185 5317 1439 5372 divitibus.
1483 5346 1555 5356 —
1582 5316 1766 5372 Laudo
1792 5332 1905 5382 vos,
2021 5321 2324 5389 Spiritualis
2369 5334 2598 5390 namque
2637 5329 2750 5384 est,
2795 5335 2969 5389 neque
3016 5320 3233 5376 vulnera
3283 5322 3480 5388 carnis,
3516 5325 3609 5378 sed

327 5411 688 5478 dilectissimi,
730 5410 872 5481 quod
911 5419 1058 5464 tanto
1096 5407 1274 5464 studio
1303 5407 1369 5463 ad
1395 5418 1672 5478 paternam
1697 5407 1914 5463 domum
2026 5417 2240 5479 peccata
2268 5410 2462 5463 mentis
2485 5419 2640 5465 sanat
2672 5427 2685 5463 :
2714 5424 2877 5480 porro
2911 5418 3250 5480 peccatorum
3281 5411 3502 5466 istorum
3548 5429 3612 5468 ac

328 5502 680 5556 mncnrratis.
714 5498 845 5555 Nam
871 5517 936 5556 ex
974 5499 1075 5556 hoc
1101 5499 1277 5554 studio
1303 5499 1369 5555 de
1413 5507 1586 5555 vestra
1623 5498 1912 5556 secundum
2023 5499 2304 5554 vulnerum
2345 5499 2788 5556 medicamentum
2832 5512 2914 5556 est
2939 5499 3203 5555 doctrina.
3233 5501 3344 5556 lloc
3373 5501 3609 5557 medica-

327 5596 560 5649 auimam
591 5594 819 5650 sanitate
863 5591 1164 5648 conlidcndi
1198 5592 1325 5646 mihi
1357 5591 1621 5662 pra:betur
1653 5592 1866 5648 occasio
1895 5609 1912 5648 :
2020 5597 2258 5648 mentum
2289 5606 2394 5646 non
2430 5606 2497 5645 ex
2539 5590 2717 5647 herbis
2758 5591 3102 5647 terrestribus
3125 5633 3139 5657 ,
3175 5591 3269 5646 sed
3325 5608 3389 5647 cx
3433 5596 3611 5648 vernis

327 5686 588 5757 sitpntlem
619 5685 875 5744 mirabilis
896 5683 1138 5757 quadam
1164 5692 1245 5741 est
1285 5682 1494 5766 ofﬁcina
1519 5684 1707 5742 medici
1729 5684 1911 5743 Ecclc-
2017 5693 2227 5742 constat
2255 5683 2554 5742 cmiestibus
2578 5700 2595 5750 ε
2615 5682 2714 5739 hoc
2745 5698 2850 5740 non
2877 5683 3118 5740 manibus
3138 5682 3488 5755 medicorum,
3509 5683 3601 5740 sed
