4082 6212
504 219 615 287 εδδ

505 333 700 408 linguis
730 331 1111 404 prophetarum
1149 337 1233 391 est
1251 329 1635 400 compositum.
1659 330 1831 400 Quam
1868 333 2089 398 οδεου-

503 443 619 483 sam
648 434 964 496 perpetuum
985 431 1087 486 est,
1113 432 1166 477 et
1195 436 1369 492 neque
1387 432 1684 492 temporum
1709 425 2090 503 longinquitate

503 520 830 584 debilitatur,
861 531 1038 586 neque
1065 515 1372 570 amrbarum
1405 516 1601 573 virtute
1627 529 1932 588 superatur.
1957 519 2088 578 Nam

506 609 835 666 medicorum
863 605 1078 671 quidem
1110 604 1498 661 medicamenta
1536 617 1762 678 utroque
1789 608 1998 664 delectu
2028 625 2092 666 ac

506 701 632 766 vitio
652 699 895 758 laborant
917 712 935 754 :
961 697 1085 752 dmn
1105 697 1338 756 recentia
1359 709 1503 766 sunt,
1531 701 1639 770 vim
1655 716 1804 758 suam
1824 701 2088 770 produnt:

498 807 622 844 cum
662 803 794 844 vero
839 789 1062 843 multttm
1089 791 1345 858 temporis
1373 800 1455 845 est
1481 791 1742 862 elapsum,
1771 792 1821 846 iu
1869 792 2086 848 modum

497 897 785 952 corporum
831 891 1109 937 senectute
1146 882 1514 937 coniectorum
1565 883 1912 939 imbecilliora
1963 886 2087 940 red-

498 977 741 1034 duntur:
773 976 900 1046 quin
942 976 1103 1030 etiam
1146 991 1388 1046 perstcpe
1432 978 1741 1033 morborum
1771 977 2088 1034 difﬁcultate

495 1069 803 1132 vincuntur,
832 1067 1028 1138 quippe
1055 1083 1175 1136 qua:
1199 1066 1428 1121 humana
1453 1067 1601 1122 sint:
1629 1077 1682 1122 at
1711 1068 1950 1122 divinum
1981 1085 2089 1124 tne-

495 1160 858 1214 dicameutum
910 1159 1015 1213 tale
1043 1173 1148 1212 non
1179 1168 1282 1224 cst,
1315 1158 1410 1215 sed
1439 1159 1608 1215 multo
1637 1170 1877 1230 tempore
1918 1163 2084 1216 inter—

496 1251 640 1318 jecto
666 1263 815 1304 suam
845 1263 1058 1302 omnem
1081 1249 1184 1302 vim
1208 1249 1424 1304 retinet.
1467 1249 1608 1305 Sane
1632 1265 1696 1304 ex
1725 1265 1791 1306 eo
1820 1259 2084 1322 tempore,

498 1357 607 1410 quo
638 1341 765 1394 vixit
813 1339 1022 1411 Moyses
1066 1339 1154 1410 (ab
1186 1340 1279 1394 illo
1321 1341 1464 1394 enim
1495 1341 1708 1396 initium
1739 1351 1821 1396 est
1845 1341 2085 1411 Scriptu-

497 1431 724 1502 rarum),
756 1440 863 1484 tant
895 1430 1092 1484 multos
1125 1429 1371 1485 homines
1393 1433 1619 1495 sanavit,
1654 1441 1708 1488 et
1732 1447 1882 1487 suam
1914 1433 2082 1486 virtu-

498 1531 605 1575 tem
636 1537 742 1575 non
791 1520 968 1574 amisit
1002 1535 1020 1574 :
1046 1519 1142 1574 sed
1172 1535 1347 1590 neque
1371 1520 1441 1574 ab
1466 1521 1570 1583 ulla
1597 1537 1847 1592 umquam
1871 1524 2088 1592 aegritu-

495 1613 622 1667 dine
647 1620 952 1680 superatum
995 1619 1098 1664 est.
1124 1610 1237 1665 Hoc
1270 1610 1720 1666 medicamentum
1763 1627 1869 1666 non
1899 1629 2085 1668 nume-

496 1717 611 1760 rata
658 1703 881 1774 pecunia
925 1703 1050 1756 licet
1077 1702 1345 1772 accipere,
1376 1703 1468 1757 sed
1491 1704 1581 1773 qui
1604 1704 1870 1758 sinceram
1897 1705 2084 1758 volun-

496 1804 658 1848 tatem
689 1801 744 1846 ct
763 1793 1008 1846 allectum
1053 1792 1298 1858 exhibet,
1331 1801 1501 1846 totqu
1528 1794 1656 1847 illud
1682 1809 1866 1849 secum
1890 1811 2082 1865 repor-

494 1893 588 1938 tat.
607 1881 809 1946 Idcirco
836 1881 1027 1936 divites
1052 1882 1212 1936 simul
1241 1892 1295 1948 et
1317 1898 1591 1952 pauperes
1617 1884 1816 1953 pariter
1844 1883 1944 1938 hac
1968 1900 2084 1939 me-

493 1975 666 2026 dicina
695 1971 963 2026 fruuntur.
1007 1969 1141 2025 Nam
1188 1971 1275 2024 ubi
1305 1971 1518 2041 quidem
1549 1974 1802 2042 pecunias
1845 1973 2080 2043 impendi

499 2077 720 2117 necesse
753 2071 855 2126 est,
893 2062 983 2131 qui
1021 2061 1264 2129 locuples
1291 2071 1392 2126 est,
1417 2062 1668 2117 utilitatis
1689 2065 1746 2117 lit
1776 2065 2079 2134 particeps:

497 2168 696 2224 panper
721 2162 901 2207 autem
942 2167 1086 2221 saepe
1112 2151 1245 2207 lucri
1273 2168 1468 2222 expers
1501 2153 1728 2216 discedit
1751 2172 1774 2219 ;Δ
1797 2169 1919 2218 cum
1950 2158 2078 2212 tanti

493 2247 694 2302 reditus
719 2246 792 2300 illi
819 2263 925 2299 non
947 2254 1254 2315 suppetant,
1280 2253 1340 2299 ut
1363 2245 1428 2298 ad
1451 2247 1908 2302 medicamentum
1945 2263 2046 2302 con
2062 2277 2081 2287 -

496 2336 777 2392 ticiendum
803 2335 1092 2390 sufticiaut.
1121 2335 1219 2389 llic
1235 2350 1364 2390 vero
1391 2335 1643 2406 quoniam
1674 2336 1953 2406 pecuniam
1977 2351 2078 2389 nu-

493 2445 703 2486 merare
730 2443 835 2484 non
861 2427 1207 2498 permittitur,
1238 2425 1333 2485 sed
1373 2425 1506 2480 ﬁdes
1527 2435 1582 2482 et
1610 2427 1854 2481 voluntas
1879 2435 1961 2482 est
1981 2442 2076 2482 exe

492 2520 745 2588 hibenda,
775 2519 865 2590 qui
892 2533 1183 2573 numerare
1218 2527 1396 2589 potest
1435 2519 1534 2572 ista
1564 2526 1618 2572 ct
1648 2534 1771 2572 cum
1801 2519 2080 2574 alacritate

489 2611 822 2680 persolvere,
845 2608 932 2663 hic
959 2608 1293 2678 potissimum
1325 2608 1552 2677 percipit
1575 2609 1856 2663 utilitatem
1879 2624 1896 2663 ε
1918 2624 2078 2678 quan-

486 2702 772 2772 doquidem
799 2699 915 2756 haec
960 2708 1086 2754 sunt
1109 2713 1229 2768 quae
1274 2714 1374 2768 pro
1411 2697 1659 2753 mercede
1703 2699 1979 2756 medicina:
2005 2698 2078 2753 is-

487 2793 592 2847 tius
617 2791 924 2860 exiguntur.
957 2789 1023 2844 Et
1052 2789 1210 2843 dives
1231 2797 1284 2843 et
1313 2803 1514 2858 panper
1537 2788 1733 2857 pariter
1771 2786 1909 2842 hanc
1931 2788 2078 2842 utili-

487 2893 650 2937 tatem
682 2880 1000 2950 participant
1047 2895 1064 2934 :
1112 2880 1220 2934 imo
1247 2895 1379 2936 vero
1415 2894 1528 2933 non
1550 2880 1754 2948 pariter
1784 2879 2070 2940 utilitatem

485 2975 825 3046 participant,
878 2973 974 3029 scd
1025 2971 1214 3041 majori
1251 2981 1502 3043 percepta
1562 2985 1764 3042 pauper
1812 2971 2072 3026 abscedit.

485 3065 619 3134 Quid
667 3065 782 3119 ita?
807 3063 959 3131 Quod
1009 3063 1261 3118 nimirum
1297 3061 1451 3117 dives
1477 3061 1638 3116 variis
1669 3071 2074 3132 praeoccupatus

487 3157 941 3214 sollicitudinibus
959 3197 977 3222 ,
1008 3155 1260 3226 superbia
1289 3165 1503 3210 tumens
1527 3195 1543 3220 ,
1570 3162 1632 3209 et
1644 3155 1835 3225 opibus
1859 3155 2073 3210 inflatus

483 3267 545 3305 ae
576 3250 741 3316 fastu,
763 3248 984 3304 desidia:
1022 3243 1230 3308 deditus
1258 3261 1322 3312 ac
1349 3246 1707 3325 negligentia;
1739 3260 1843 3299 non
1883 3245 2074 3300 admo-

479 3341 607 3395 dum
629 3349 851 3402 attcnte,
881 3353 1052 3408 neque
1075 3353 1265 3407 magno
1286 3353 1406 3392 cum
1433 3337 1618 3391 studio
1642 3336 1963 3392 medicinam
1977 3353 2074 3392 au-

478 3432 696 3488 ditionis
725 3432 1018 3502 Scriptura:
1057 3431 1280 3499 recipiat
1317 3445 1334 3486 :
1368 3445 1578 3500 pauper
1593 3439 1772 3485 autem
1807 3445 1840 3484 a
1863 3429 2072 3486 deliciis

479 3537 534 3580 et
563 3524 817 3595 ingluvie,
843 3537 906 3577 ac
937 3521 1255 3591 negligentia
1284 3522 1558 3588 immunis,
1589 3515 1920 3593 multamque
1945 3522 2069 3579 inde

479 3616 674 3670 anima:
702 3629 814 3667 sua:
841 3612 1133 3667 concilians
1161 3611 1576 3681 philosophiam,
1596 3611 1723 3666 dum
1747 3620 1916 3668 totum
1937 3624 2072 3668 tem-

480 3720 581 3777 pus
611 3706 664 3760 in
709 3718 875 3773 opere
904 3717 1166 3757 manuum
1198 3716 1264 3756 ac
1293 3701 1848 3772 legitimislaboribus
1867 3718 2066 3764 consu-

477 3798 596 3862 ruit,
626 3794 878 3851 attentior
905 3810 967 3850 ac
992 3793 1263 3849 robustior
1281 3793 1490 3859 evadat,
1520 3809 1584 3849 ac
1610 3794 1801 3865 majori
1829 3810 1952 3850 cum
1978 3795 2063 3850 di-

474 3888 687 3958 ligentia
732 3903 850 3957 qua:
886 3887 1135 3940 dicuntur
1181 3885 1440 3956 percipiat
1468 3901 1486 3942 :
1513 3900 1620 3956 quo
1650 3886 1728 3954 lit,
1771 3894 1830 3940 ιιι
1878 3887 2068 3957 majori

475 3980 648 4052 pretio
677 3978 968 4049 persoluto,
989 3977 1176 4048 majori
1200 3977 1452 4049 decerpta
1481 3977 1708 4034 utilitate
1728 3978 1988 4034 discedat.

546 4072 602 4125 '2.
649 4071 773 4125 llaec
802 4086 832 4124 a
864 4085 950 4124 me
979 4086 1085 4124 non
1125 4088 1194 4124 eu
1227 4069 1484 4123 dicuntur
1508 4069 1765 4134 consilio,
1794 4079 1850 4123 ut
1875 4069 2068 4125 divites

474 4177 845 4233 quoscumque
867 4163 1185 4232 vitupercm,
1211 4176 1310 4216 nec
1339 4171 1396 4216 ut
1423 4175 1684 4231 pauperes
1704 4176 2069 4232 quoscumque

471 4257 685 4312 laudem
718 4273 732 4310 :
767 4271 888 4308 nam
925 4270 1096 4324 neque
1121 4253 1320 4308 divitia:
1351 4255 1546 4307 malum
1576 4263 1722 4316 sunt,
1750 4253 1843 4309 sed
1871 4255 2068 4310 divitiis

478 4347 620 4404 male
649 4346 723 4400 ttti
756 4365 770 4400 :
804 4360 977 4415 neque
1005 4353 1289 4414 paupertas
1333 4343 1532 4398 bonum
1558 4384 1574 4410 ,
1616 4343 1710 4398 sed
1756 4353 2067 4414 paupertate

472 4441 610 4495 bene
665 4437 760 4492 ttti.
810 4434 1184 4505 Torquebatur
1236 4433 1388 4489 dives
1427 4434 1516 4488 ille
1551 4433 1640 4503 qui
1683 4441 1843 4488 a-tate
1879 4433 2066 4490 Lazari

477 4532 723 4595 vixerat,
778 4527 1037 4600 nonquia
1090 4525 1240 4582 dives
1267 4525 1480 4593 fuerat,
1521 4525 1616 4580 sed
1664 4526 1785 4596 quia
1832 4527 2065 4582 crudelis

473 4623 648 4678 fuerat
679 4631 734 4678 ct
773 4620 1115 4675 habentanus.
1147 4617 1486 4673 Laudabatur
1513 4632 1715 4688 pauper
1743 4617 1832 4672 ille
1863 4617 1917 4672 in
1945 4618 2063 4675 sinu

472 4715 738 4779 Abrahm,
786 4713 1042 4782 nonquia
1073 4727 1276 4782 pauper
1319 4711 1641 4786 fuerat,‘5ed
1681 4710 1802 4782 quia
1834 4726 2062 4788 pauper-

474 4817 640 4862 tatctu
685 4821 807 4860 cum
854 4805 1142 4876 gratiarum
1170 4805 1390 4860 actione
1417 4803 1757 4860 toleraverat.
1789 4804 1894 4859 lies
1919 4804 2062 4860 enim

469 4900 589 4955 alia:
618 4897 915 4971 (attendite
960 4897 1242 4968 diligenter
1263 4897 1566 4968 adeaqum
1605 4896 1833 4958 dicimus
1862 4914 1876 4950 :
1905 4906 2060 4968 pote-

474 5002 598 5048 runt
637 4992 782 5048 enim
834 4991 1188 5046 suflicientem
1217 4990 1608 5060 philosomtiam
1640 4990 2062 5062 modestiamque

470 5085 624 5140 vobis
642 5081 893 5140 inserere
911 5125 926 5148 ,
957 5097 1020 5136 ac
1045 5082 1289 5137 vitiosam
1315 5096 1529 5136 omnem
1567 5083 2062 5153 cogitationemes-

471 5177 673 5244 pellere
693 5217 709 5240 ,
742 5184 903 5245 atque
939 5173 1154 5228 ellicere
1183 5183 1240 5227 ut
1270 5182 1473 5228 rectum
1514 5173 1582 5228 de
1618 5175 1780 5229 rebus
1802 5174 2058 5244 judicium

472 5269 692 5340 li-ratis)
718 5287 732 5334 ;
760 5284 846 5326 res
868 5270 1026 5341 igitur
1048 5269 1168 5324 alia:
1189 5279 1315 5325 sunt
1336 5279 1524 5324 natura
1552 5269 1729 5337 bonae,
1760 5271 1876 5324 aliae
1903 5271 2060 5342 plane

466 5361 788 5429 cantrariae;
829 5362 948 5416 alia:
977 5378 1096 5433 quae
1123 5377 1220 5417 nec
1247 5361 1404 5417 bona:
1446 5369 1573 5416 sum
1609 5377 1708 5418 nec
1749 5363 1933 5426 malae,
1964 5362 2059 5418 sed

469 5455 700 5509 medium
731 5454 1016 5526 quemdam
1045 5453 1217 5510 locum
1236 5461 1436 5508 tenent.
1472 5454 1678 5512 Bonum
1700 5462 1782 5510 est
1807 5453 2058 5525 quiddam

473 5557 660 5602 natura
692 5563 788 5603 sua
816 5548 986 5618 pietas
1010 5589 1028 5613 ,
1071 5547 1270 5603 malum
1315 5547 1561 5615 impietas
1591 5565 1603 5600 :
1632 5547 1829 5603 bonum
1857 5548 2054 5612 virtus,

468 5635 670 5694 malum
699 5640 1010 5710 improbitas
1043 5656 1058 5696 :
1091 5653 1253 5712 porro
1295 5639 1495 5694 divitia:
1539 5655 1601 5694 ac
1633 5650 1912 5713 paupertas
1961 5655 2054 5710 per

1215 215 1274 272 3.
1313 213 1595 274 JOANNIS
1626 217 2100 278 CllRYSOSTOMl
2127 219 2444 282 ARCHIEP.
2475 225 3007 289 CONSTANTINOP.

3677 247 3790 306 356

2205 350 2266 398 se
2309 352 2482 408 neque
2531 339 2630 398 hoc
2678 356 2837 410 sunt,
2893 363 3065 419 neque
3092 349 3221 407 illud
3254 369 3269 406 :
3301 353 3396 410 sed
3441 372 3541 428 pro
3579 363 3795 422 ratione

2203 432 2462 498 prttpOslll
2508 447 2572 488 ac
2618 436 2907 494 voluntatis
2934 455 3121 505 eorum
3147 444 3236 514 qui
3268 455 3486 502 utuntur
3523 450 3626 508 illis
3647 496 3664 518 ,
3689 468 3796 511 aut

2201 520 2304 574 hoc
2342 532 2432 613 aut
2479 523 2610 580 illud
2649 525 2798 588 fiunt.
2831 529 2961 584 Nam
2989 533 3033 588 si
3061 533 3128 589 ad
3151 533 3534 595 humanitatem
3567 546 3791 613 quidem

2198 612 2397 667 divitiis
2421 625 2594 681 utare,
2618 618 2711 673 tibi
2736 636 2824 675 res
2847 621 2913 677 ad
2933 626 3268 682 occasionem
3295 628 3421 684 boni
3445 612 3753 692 trad.tcetur
3770 657 3791 694 :

2197 703 2280 766 sin
2310 715 2488 765 autem
2516 707 2581 761 ad
2609 710 2842 778 rapinas,
2873 714 3146 768 avaritiam
3177 728 3230 772 et
3261 716 3504 788 injuriam
3525 763 3541 788 ,
3570 729 3625 779 in
3647 741 3790 782 con-

2203 798 2423 856 trarium
2467 799 2634 876 ipsius
2685 818 2837 858 usum
2873 817 3155 864 convertes
3201 826 3216 864 :
3263 824 3624 872 verumtamen
3673 835 3787 875 non

2200 897 2324 940 sunt
2352 889 2404 942 in
2431 905 2590 945 causa
2629 893 2864 960 divitim,
2893 896 2987 950 sed
3016 897 3060 952 is
3086 899 3174 968 qui
3204 901 3268 954 ad
3298 902 3542 971 injuriam
3583 907 3785 966 divitiis

2196 990 2279 1034 est
2321 997 2466 1037 usus.
2523 982 2593 1038 Ita
2637 1002 2848 1057 quoque
2886 988 2952 1043 de
2998 1001 3309 1060 paupertate
3334 995 3437 1048 dici
3468 1007 3638 1065 potest
3666 1017 3680 1054 :
3707 1002 3784 1055 si-

2197 1069 2413 1139 quidem
2444 1072 2586 1128 illam
2615 1077 2878 1144 patieuter
2908 1079 3094 1134 tuleris
3124 1081 3347 1138 Domino
3372 1087 3569 1155 gratias
3593 1105 3785 1161 agens,

2197 1177 2284 1217 res
2311 1164 2404 1218 tibi
2428 1167 2639 1221 occasio
2657 1168 2748 1222 lict
2771 1185 2833 1223 ac
2859 1173 3079 1226 materia
3107 1188 3424 1231 coronarum
3457 1197 3470 1231 :
3494 1179 3575 1235 sin
3601 1193 3785 1241 autem

2197 1251 2396 1308 idcirco
2421 1253 2766 1325 blasphemus
2797 1259 2959 1316 fueris
2987 1263 3038 1316 in
3061 1264 3390 1335 Creatorem,
3411 1271 3631 1342 ejusque
3656 1293 3785 1344 pro-

2197 1343 2492 1400 videntiam
2539 1353 2872 1406 accusaveris
2895 1392 2913 1419 ,
2941 1369 3052 1408 rem
3091 1356 3157 1409 ad
3188 1358 3384 1413 malum
3415 1377 3566 1416 nsum
3594 1343 3783 1422 rursus

2194 1436 2492 1491 traduxisti.
2525 1438 2628 1494 Sed
2656 1443 3104 1511 quemadmodum
3129 1447 3234 1502 illic
3254 1452 3488 1506 avaritiae
3515 1455 3780 1514 fmudisto

2191 1525 2392 1582 divitia:
2417 1543 2577 1585 causa
2608 1547 2712 1586 non
2740 1544 2901 1597 sunt,
2930 1536 3025 1589 sed
3058 1537 3101 1590 is
3126 1539 3216 1606 qui
3255 1541 3394 1596 male
3441 1541 3638 1601 divitiis
3678 1551 3781 1604 uti-

2194 1626 2281 1672 tur
2313 1637 2328 1674 :
2355 1619 2434 1674 sic
2462 1620 2622 1676 etiam
2651 1623 2995 1694 blasphemiae
3023 1629 3231 1699 culpam
3258 1647 3362 1686 non
3391 1634 3693 1703 rejiciemus
3723 1642 3780 1696 in

2193 1720 2598 1781 paupertatem,
2647 1714 2742 1768 sed
2789 1716 2841 1769 in
2884 1731 3007 1772 eum
3035 1720 3123 1789 qui
3156 1736 3270 1776 rem
3319 1723 3592 1782 moderate
3637 1729 3780 1786 ferre

2193 1801 2382 1856 noluit.
2412 1801 2624 1875 Ubique
2658 1821 2888 1879 namque
2915 1824 3036 1864 cum
3065 1810 3201 1877 laus,
3232 1822 3345 1868 tum
3363 1815 3686 1886 vituperium
3711 1839 3777 1877 ex

2189 1893 2454 1948 sententia
2493 1903 2548 1948 et
2589 1896 2864 1954 voluntate
2893 1911 3075 1956 nostra
3108 1903 3320 1971 pendet.
3350 1905 3509 1963 Bonae
3546 1921 3670 1966 sunt
3698 1913 3777 1967 di-

2189 1981 2365 2049 vitias,
2397 1983 2491 2038 sed
2521 1999 2626 2039 non
2656 1987 3005 2058 simpliciter,
3032 2006 3218 2046 verum
3246 1993 3352 2058 illi,
3387 1997 3471 2050 cui
3497 2012 3779 2068 peccat-nn:

2189 2085 2296 2123 non
2321 2080 2407 2126 est
2434 2089 2450 2127 :
2478 2083 2532 2128 et
2551 2089 2736 2131 rursus
2760 2078 2904 2133 mala
2933 2090 3015 2135 est
3040 2093 3328 2152 paupertas
3344 2125 3361 2150 ,
3393 2088 3483 2142 sed
3507 2105 3610 2144 non
3633 2092 3774 2146 sim-

2188 2161 2414 2230 pliciter,
2446 2180 2629 2222 verum
2656 2169 2708 2222 in
2734 2185 2830 2234 ore
2855 2172 3022 2242 impii,
3050 2177 3299 2245 quoniam
3320 2193 3460 2248 a‘gre
3481 2180 3602 2250 fert,
3627 2202 3776 2255 que-

2188 2253 2330 2307 niam
2362 2254 2714 2326 blaspliemat,
2746 2264 2994 2330 quoniam
3019 2265 3326 2327 Creatorem
3344 2284 3577 2328 accusat.

2255 2345 2310 2399 5.
2329 2344 2439 2401 Nec
2469 2349 2658 2404 divitiae
2676 2368 2764 2406 ucc
2787 2365 3058 2424 paupertas
3077 2356 3593 2430 vituperandw.—Ne
3616 2368 3780 2439 igitur

2183 2437 2398 2502 divitias
2442 2456 2756 2505 accusemus
2782 2485 2798 2512 ,
2843 2463 3017 2518 neque
3065 2465 3427 2522 paupertatem
3457 2437 3774 2530 simpliciter

2185 2529 2550 2601 vituperemus
2567 2577 2583 2603 ,
2609 2537 2701 2592 sed
2729 2552 2824 2592 eos
2850 2541 2938 2608 qui
2969 2541 3054 2596 bis
3079 2545 3242 2600 rebus
3270 2558 3413 2604 recte
3439 2550 3516 2604 uti
3541 2529 3726 2608 nolunt
3754 2573 3773 2610 :

2188 2636 2277 2677 res
2305 2625 2449 2679 enim
2479 2626 2608 2696 ipsa:
2634 2638 2760 2684 sunt
2787 2630 2839 2685 in
2869 2632 3045 2687 medio
3071 2636 3281 2704 positae.
3313 2637 3422 2694 Sed
3446 2643 3591 2711 quod
3626 2643 3775 2700 dice.

2183 2715 2313 2771 bam.
2348 2719 2585 2788 (bonum
2609 2723 2752 2778 enim
2781 2735 2865 2780 est
2887 2735 2947 2781 ut
2972 2727 3037 2782 ad
3071 2730 3217 2798 prius
3244 2731 3371 2802 illud
3398 2747 3770 2804 argumentum

2182 2813 2589 2883 revertamur),
2620 2824 2675 2868 et
2704 2815 2859 2872 dives
2888 2827 2941 2872 et
2969 2835 3170 2890 panper
3196 2822 3385 2879 eadem
3418 2840 3539 2880 eum
3582 2829 3770 2884 liducia

2179 2907 2234 2952 et
2263 2898 2507 2957 libertate
2534 2903 2616 2958 his
2643 2909 2841 2962 nostris
2884 2909 3290 2968 medicamentis
3337 2913 3586 2971 fruuntur
3617 2937 3630 2971 :
3661 2934 3769 2974 su:-

2182 3004 2478 3059 penumero
2506 2994 2665 3050 etiam
2696 2999 2885 3068 majori
2913 3016 3034 3058 cum
3059 3004 3237 3062 studio
3263 3020 3485 3077 pauper.
3511 3009 3626 3065 Non
3655 3013 3772 3067 lia-c

2178 3080 2692 3140 medicamentorum
2734 3088 2958 3145 istorum
3004 3094 3267 3164 prmcipna
3319 3096 3436 3152 laus
3467 3109 3581 3168 est,
3624 3103 3769 3171 quod

2177 3171 2392 3228 animas
2435 3184 2668 3244 sonent,
2725 3179 2875 3250 quod
2922 3185 3176 3252 temporis
3225 3186 3607 3258 longinquitate
3660 3210 3768 3248 non

2176 3276 2594 3335 corrumpantur
2613 3309 2629 3333 ,
2673 3271 2815 3340 quod
2844 3286 2874 3326 a
2901 3273 3099 3329 morbis
3128 3293 3234 3330 non
3263 3279 3542 3336 vincantur
3566 3323 3581 3348 ,
3623 3285 3768 3354 quod

2174 3372 2362 3412 eorum
2405 3360 2605 3416 utilitas
2629 3364 2798 3433 gratis
2825 3368 3094 3438 proposita
3124 3370 3215 3435 sit,
3246 3371 3390 3440 quod
3411 3389 3475 3428 ex
3502 3391 3652 3444 :rqno
3678 3377 3764 3430 di-

2177 3448 2380 3505 vitibus
2415 3460 2473 3506 et-
2510 3455 2834 3524 pauperibus
2871 3466 3050 3527 pateat
3079 3459 3345 3516 medicina
3377 3463 3509 3518 :sed
3537 3473 3593 3518 et
3617 3466 3766 3521 aliud

2174 3541 2444 3612 quidpiam
2489 3545 2656 3602 nihilo
2685 3549 2862 3604 minus
2905 3550 2990 3606 his
3029 3551 3183 3608 bonis
3225 3553 3437 3610 habent.
3477 3555 3759 3624 Quodnam

2174 3631 2303 3686 illud
2333 3633 2546 3689 tandem
2585 3638 2704 3692 est?
2727 3637 2878 3706 Quod
2907 3656 3001 3696 cos
3027 3642 3118 3712 qui
3145 3643 3211 3697 ad
3241 3643 3370 3699 hanc
3399 3645 3587 3700 medici
3625 3648 3761 3701 olli-

2177 3721 2366 3776 ciuant
2389 3727 2610 3781 veniunt
2647 3743 2762 3782 non
2780 3729 3133 3801 divulgamus.
3161 3733 3296 3788 Nam
3325 3735 3398 3790 illi
3423 3736 3637 3806 quidem
3668 3741 3762 3808 qui

2172 3812 2239 3866 ad
2271 3813 2520 3883 profanas
2546 3817 2875 3874 medicorum
2911 3819 3155 3876 officinas
3179 3823 3416 3890 abeunt,
3444 3826 3638 3882 multos
3668 3829 3764 3882 ba-

2171 3902 2302 3960 bcnt
2350 3907 2628 3964 vulnerum
2671 3920 3002 3980 spectatores
3031 3929 3047 3968 :
3074 3928 3138 3968 ac
3181 3915 3282 3969 nisi
3331 3917 3480 3985 prius
3523 3918 3763 3975 medicus

2171 3999 2322 4054 ulcus
2347 4000 2593 4072 detegat,
2628 4002 3076 4062 medicamentum
3103 4023 3210 4062 non
3235 4007 3456 4065 adhibet
3481 4026 3497 4065 :
3523 4008 3612 4066 hic
3633 4027 3763 4068 vero

2172 4105 2279 4144 non
2307 4091 2378 4146 ita
2404 4093 2460 4147 lit
2485 4133 2502 4160 ,
2548 4094 2642 4149 sed
2683 4110 2804 4150 cum
2847 4097 3157 4154 innumeros
3185 4099 3465 4157 videamus
3492 4114 3753 4173 aegrotos,

2171 4185 2386 4254 occulte
2416 4183 2533 4239 illds
2561 4200 2831 4241 curamus.
2868 4187 3053 4258 Neque
3078 4191 3220 4246 enim
3251 4191 3303 4245 in
3334 4193 3568 4248 medium
3596 4195 3770 4248 addu-

2170 4272 2272 4326 ctis
2299 4273 2689 4342 peccatoribus,
2718 4289 2904 4330 eorum
2927 4277 3119 4334 deinde
3147 4293 3364 4348 peccata
3391 4281 3719 4354 divulgatnns
3742 4302 3755 4335 :

2170 4361 2266 4416 sed
2285 4363 2556 4417 communi
2575 4364 2822 4420 omnibus
2842 4365 3080 4423 doctrina
3104 4371 3392 4439 proposita,
3418 4373 3766 4428 conscientiae

2170 4452 2524 4522 relinquimus
2547 4455 2872 4524 auditorum,
2903 4466 2962 4512 ut
2989 4462 3399 4516 convenientem
3430 4476 3530 4517 suo
3557 4465 3766 4518 vulneri

2171 4558 2236 4600 ex
2265 4545 2331 4600 iis
2351 4561 2469 4616 qua:
2493 4545 2631 4601 dicta
2658 4558 2782 4604 sunt
2805 4548 3021 4606 eliciant
3047 4551 3389 4608 medicinam.
3411 4555 3594 4611 Prodit
3617 4557 3759 4614 enim

2172 4635 2243 4690 ab
2268 4638 2498 4693 oratoris
2523 4638 2699 4710 lingua
2728 4641 2985 4697 doctrina:
3005 4659 3184 4700 sermo
3206 4646 3294 4716 qui
3316 4647 3758 4719 vituperationem

2168 4727 2294 4786 vitii,
2311 4731 2572 4795 continet,
2601 4731 2811 4788 laudem
2838 4734 3070 4802 virtutis,
3102 4737 3574 4808 reprehensionem
3600 4740 3765 4797 luxu-

2167 4816 2296 4883 riae,
2342 4820 2863 4877 commendationem
2902 4826 3198 4894 castitatis,
3227 4831 3624 4886 accusationem
3664 4848 3763 4888 su-

2167 4909 2388 4980 perbiae,
2417 4912 2741 4980 prmconium
2771 4915 3068 4984 modeStitc,
3103 4927 3370 4990 tamquam
3391 4923 3595 4978 varium
3625 4926 3762 4980 mul-

2166 5001 2436 5073 tiplexque
2486 5003 2832 5074 pharmacum
2858 5023 2924 5062 ex
2949 5010 3196 5066 omnibus
3233 5013 3516 5082 speciebus
3543 5031 3760 5087 compo-

2166 5093 2330 5148 situm
2357 5109 2372 5150 :
2402 5105 2567 5164 porro
2593 5097 2918 5152 conveniens
2955 5099 3056 5154 sibi
3084 5109 3138 5154 et
3159 5102 3288 5157 utile
3317 5113 3374 5157 nt
3399 5107 3647 5176 accipiat,
3679 5118 3764 5162 cst

2169 5185 2589 5264 uniuscujusque
2654 5188 2980 5245 auditorum.
3049 5193 3296 5249 Procedit
3358 5196 3517 5266 igitur
3579 5209 3763 5270 aperte

2167 5287 2389 5338 sermo,
2433 5285 2485 5330 et
2529 5277 2788 5349 cujusque
2830 5281 3173 5338 conscientia:
3214 5284 3488 5353 insidens,
3536 5287 3765 5345 latenter

2165 5380 2314 5419 suam
2355 5366 2573 5423 exhibet
2616 5369 2935 5426 medicinam
2959 5414 2972 5438 ,
3024 5383 3078 5428 et
3109 5375 3262 5446 prius
3301 5393 3460 5447 quam
3501 5381 3765 5450 mgritndo

2165 5456 2486 5527 publicetur,
2515 5471 2660 5529 saepe
2687 5461 2920 5517 restituit
2945 5465 3248 5520 sanitatem.

2245 5549 2298 5603 4.
2343 5549 2469 5604 llcri
2491 5551 2706 5619 quidem
2747 5562 2895 5609 certe
2920 5555 3160 5610 audiistis
3187 5573 3293 5626 quo
3325 5567 3478 5627 pacto
3507 5560 3760 5614 virtutem

2170 5641 2430 5696 orationis
2480 5640 2778 5712 laudarim,
2816 5661 2923 5716 quo
2964 5657 3118 5717 pacto
3158 5662 3252 5703 cos
3297 5651 3386 5720 qui
3433 5652 3763 5727 ιιι-εϋοοίιιτετ
