  <div class='ocr_page' id='page_1' title='image "/cluster/home/n/w/nwhite01/storage/ocr_20150623/51/hvd.32044073501900/355.png"; bbox 0 0 4082 6212; ppageno 0'>
   <div class='ocr_carea' id='block_1_1' title="bbox 492 211 595 278">
    <p class='ocr_par' dir='ltr' id='par_1_1' title="bbox 492 211 595 278">
     <span class='ocr_line' id='line_1_1' title="bbox 492 211 595 278; baseline -0.029 0"><span class='ocrx_word' id='word_1_1' title='bbox 492 211 595 278; x_wconf 63' lang='grc'><strong>337</strong></span> 
     </span>
    </p>
   </div>
   <div class='ocr_carea' id='block_1_2' title="bbox 486 343 2060 417">
    <p class='ocr_par' dir='ltr' id='par_1_2' title="bbox 486 343 2060 417">
     <span class='ocr_line' id='line_1_2' title="bbox 486 343 2060 417; baseline 0.001 -17"><span class='ocrx_word' id='word_1_2' title='bbox 486 361 633 408; x_wconf 79' lang='grc' dir='ltr'><strong>νους,</strong></span> <span class='ocrx_word' id='word_1_3' title='bbox 663 343 856 398; x_wconf 77' lang='grc' dir='ltr'><strong>οὐδένα</strong></span> <span class='ocrx_word' id='word_1_4' title='bbox 897 343 1077 399; x_wconf 85' lang='grc' dir='ltr'><strong>αὐτῶν</strong></span> <span class='ocrx_word' id='word_1_5' title='bbox 1113 345 1496 416; x_wconf 87' lang='grc' dir='ltr'><strong>δημοσιεύσας.</strong></span> <span class='ocrx_word' id='word_1_6' title='bbox 1525 349 1587 399; x_wconf 86' lang='grc' dir='ltr'>Οἱ</span> <span class='ocrx_word' id='word_1_7' title='bbox 1620 347 1719 417; x_wconf 85' lang='grc' dir='ltr'><strong>μὲν</strong></span> <span class='ocrx_word' id='word_1_8' title='bbox 1763 344 1858 401; x_wconf 77' lang='grc' dir='ltr'><strong>οὐν</strong></span> <span class='ocrx_word' id='word_1_9' title='bbox 1889 366 2060 401; x_wconf 67' lang='grc' dir='ltr'><strong>συνεισ-</strong></span> 
     </span>
    </p>
   </div>
   <div class='ocr_carea' id='block_1_3' title="bbox 487 428 2060 504">
    <p class='ocr_par' dir='ltr' id='par_1_3' title="bbox 487 428 2060 504">
     <span class='ocr_line' id='line_1_3' title="bbox 487 428 2060 504; baseline 0.003 -22"><span class='ocrx_word' id='word_1_10' title='bbox 487 429 640 491; x_wconf 87' lang='grc' dir='ltr'><strong>δότες</strong></span> <span class='ocrx_word' id='word_1_11' title='bbox 690 428 904 491; x_wconf 81' lang='grc' dir='ltr'><strong>ἑαυτοῖς</strong></span> <span class='ocrx_word' id='word_1_12' title='bbox 948 428 1202 499; x_wconf 80' lang='grc' dir='ltr'><strong>σπουδὴν,</strong></span> <span class='ocrx_word' id='word_1_13' title='bbox 1238 428 1484 494; x_wconf 78' lang='grc' dir='ltr'><strong>ἐδέξαντο</strong></span> <span class='ocrx_word' id='word_1_14' title='bbox 1533 430 1594 483; x_wconf 84' lang='grc' dir='ltr'><strong>τδ</strong></span> <span class='ocrx_word' id='word_1_15' title='bbox 1649 430 1921 502; x_wconf 80' lang='grc' dir='ltr'><strong>ἐγκώμιον</strong></span> <span class='ocrx_word' id='word_1_16' title='bbox 1961 433 2060 504; x_wconf 88' lang='grc' dir='ltr'><strong>τῆς</strong></span> 
     </span>
    </p>
   </div>
   <div class='ocr_carea' id='block_1_4' title="bbox 488 510 2060 585">
    <p class='ocr_par' dir='ltr' id='par_1_4' title="bbox 488 510 2060 585">
     <span class='ocr_line' id='line_1_4' title="bbox 488 510 2060 585; baseline 0.003 -21"><span class='ocrx_word' id='word_1_17' title='bbox 488 514 671 582; x_wconf 86' lang='grc' dir='ltr'><strong>εὐχῆς,</strong></span> <span class='ocrx_word' id='word_1_18' title='bbox 699 513 794 565; x_wconf 75' lang='grc' dir='ltr'><strong>καὶ</strong></span> <span class='ocrx_word' id='word_1_19' title='bbox 833 510 1079 579; x_wconf 88' lang='grc' dir='ltr'><strong>ἐγένοντο</strong></span> <span class='ocrx_word' id='word_1_20' title='bbox 1121 512 1529 585; x_wconf 89' lang='grc' dir='ltr'><strong>σπουδαιότεροι</strong></span> <span class='ocrx_word' id='word_1_21' title='bbox 1565 517 1676 577; x_wconf 85' lang='grc' dir='ltr'><strong>τοῖς</strong></span> <span class='ocrx_word' id='word_1_22' title='bbox 1707 515 1947 578; x_wconf 72' lang='grc' dir='ltr'><strong>ἐπαίνοις</strong></span> <span class='ocrx_word' id='word_1_23' title='bbox 1966 532 1979 546; x_wconf 92' lang='grc'><strong>·</strong></span> <span class='ocrx_word' id='word_1_24' title='bbox 2010 517 2060 568; x_wconf 89' lang='grc' dir='ltr'><strong>οί</strong></span> 
     </span>
    </p>
   </div>
   <div class='ocr_carea' id='block_1_5' title="bbox 487 595 2062 668">
    <p class='ocr_par' dir='ltr' id='par_1_5' title="bbox 487 595 2062 668">
     <span class='ocr_line' id='line_1_5' title="bbox 487 595 2062 668; baseline 0.003 -20"><span class='ocrx_word' id='word_1_25' title='bbox 487 595 543 648; x_wconf 74' lang='grc' dir='ltr'><strong>δὲ</strong></span> <span class='ocrx_word' id='word_1_26' title='bbox 571 595 871 657; x_wconf 80' lang='grc' dir='ltr'><strong>συνειδότες</strong></span> <span class='ocrx_word' id='word_1_27' title='bbox 910 596 1123 660; x_wconf 79' lang='grc' dir='ltr'><strong>ἑαυτοῖς</strong></span> <span class='ocrx_word' id='word_1_28' title='bbox 1155 596 1451 668; x_wconf 79' lang='grc' dir='ltr'><strong>ρᾳθυμίαν,</strong></span> <span class='ocrx_word' id='word_1_29' title='bbox 1490 597 1736 662; x_wconf 85' lang='grc' dir='ltr'><strong>ἐδέξαντο</strong></span> <span class='ocrx_word' id='word_1_30' title='bbox 1769 599 1930 653; x_wconf 87' lang='grc' dir='ltr'><strong>πάλιν</strong></span> <span class='ocrx_word' id='word_1_31' title='bbox 1962 599 2062 668; x_wconf 73' lang='grc' dir='ltr'><strong>τὴν</strong></span> 
     </span>
    </p>
   </div>
   <div class='ocr_carea' id='block_1_6' title="bbox 489 677 2061 752">
    <p class='ocr_par' dir='ltr' id='par_1_6' title="bbox 489 677 2061 752">
     <span class='ocr_line' id='line_1_6' title="bbox 489 677 2061 752; baseline 0.003 -22"><span class='ocrx_word' id='word_1_32' title='bbox 489 677 827 747; x_wconf 75' lang='grc' dir='ltr'><strong>ἐπιτίμησιν,</strong></span> <span class='ocrx_word' id='word_1_33' title='bbox 858 679 953 731; x_wconf 72' lang='grc' dir='ltr'><strong>καὶ</strong></span> <span class='ocrx_word' id='word_1_34' title='bbox 987 679 1086 750; x_wconf 82' lang='grc' dir='ltr'><strong>τὴν</strong></span> <span class='ocrx_word' id='word_1_35' title='bbox 1120 680 1410 752; x_wconf 83' lang='grc' dir='ltr'>ὀλιγωρίαν</span> <span class='ocrx_word' id='word_1_36' title='bbox 1444 682 1727 736; x_wconf 90' lang='grc' dir='ltr'><strong>ἀπέθεντο.</strong></span> <span class='ocrx_word' id='word_1_37' title='bbox 1768 682 1908 736; x_wconf 78' lang='grc' dir='ltr'><strong>Ἀλλ’</strong></span> <span class='ocrx_word' id='word_1_38' title='bbox 1936 682 2061 735; x_wconf 79' lang='grc' dir='ltr'><strong>οὐτε</strong></span> 
     </span>
    </p>
   </div>
   <div class='ocr_carea' id='block_1_7' title="bbox 488 758 2063 837">
    <p class='ocr_par' dir='ltr' id='par_1_7' title="bbox 488 758 2063 837">
     <span class='ocr_line' id='line_1_7' title="bbox 488 758 2063 837; baseline 0.003 -26"><span class='ocrx_word' id='word_1_39' title='bbox 488 758 728 823; x_wconf 79' lang='grc' dir='ltr'><strong>τούτους,</strong></span> <span class='ocrx_word' id='word_1_40' title='bbox 746 759 870 814; x_wconf 81' lang='grc' dir='ltr'><strong>οῦτε</strong></span> <span class='ocrx_word' id='word_1_41' title='bbox 891 761 1132 827; x_wconf 88' lang='grc' dir='ltr'><strong>ἐκείνους</strong></span> <span class='ocrx_word' id='word_1_42' title='bbox 1161 764 1339 833; x_wconf 84' lang='grc' dir='ltr'><strong>ῖσμεν·</strong></span> <span class='ocrx_word' id='word_1_43' title='bbox 1372 765 1405 836; x_wconf 86' lang='grc' dir='ltr'><strong>ἡ</strong></span> <span class='ocrx_word' id='word_1_44' title='bbox 1429 764 1486 818; x_wconf 84' lang='grc' dir='ltr'><strong>δέ</strong></span> <span class='ocrx_word' id='word_1_45' title='bbox 1519 764 1710 832; x_wconf 78' lang='grc' dir='ltr'><strong>ἄγνοια</strong></span> <span class='ocrx_word' id='word_1_46' title='bbox 1733 764 2063 837; x_wconf 77' lang='grc' dir='ltr'><strong>ἀμφοτέροις</strong></span> 
     </span>
    </p>
   </div>
   <div class='ocr_carea' id='block_1_8' title="bbox 491 841 2061 916">
    <p class='ocr_par' dir='ltr' id='par_1_8' title="bbox 491 841 2061 916">
     <span class='ocr_line' id='line_1_8' title="bbox 491 841 2061 916; baseline -0.006 -9"><span class='ocrx_word' id='word_1_47' title='bbox 491 841 760 912; x_wconf 71' lang='grc' dir='ltr'><strong>χρήσιμος</strong></span> <span class='ocrx_word' id='word_1_48' title='bbox 790 843 950 914; x_wconf 77' lang='grc' dir='ltr'><strong>αὕτη.</strong></span> <span class='ocrx_word' id='word_1_49' title='bbox 983 842 1127 910; x_wconf 90' lang='grc' dir='ltr'><strong>Πῶς,</strong></span> <span class='ocrx_word' id='word_1_50' title='bbox 1167 843 1277 913; x_wconf 88' lang='grc' dir='ltr'><strong>ἐγὼ</strong></span> <span class='ocrx_word' id='word_1_51' title='bbox 1306 845 1471 912; x_wconf 88' lang='grc' dir='ltr'><strong>λέγω.</strong></span> <span class='ocrx_word' id='word_1_52' title='bbox 1514 846 1572 900; x_wconf 90' lang='lat'><strong>&#39;0</strong></span> <span class='ocrx_word' id='word_1_53' title='bbox 1624 846 1732 899; x_wconf 90' lang='grc' dir='ltr'><strong>τῶν</strong></span> <span class='ocrx_word' id='word_1_54' title='bbox 1769 847 2061 916; x_wconf 88' lang='grc' dir='ltr'><strong>ἐγκωμίων</strong></span> 
     </span>
    </p>
   </div>
   <div class='ocr_carea' id='block_1_9' title="bbox 488 923 2061 998">
    <p class='ocr_par' dir='ltr' id='par_1_9' title="bbox 488 923 2061 998">
     <span class='ocr_line' id='line_1_9' title="bbox 488 923 2061 998; baseline 0.003 -23"><span class='ocrx_word' id='word_1_55' title='bbox 488 923 728 988; x_wconf 86' lang='grc' dir='ltr'><strong>ἀκούσας</strong></span> <span class='ocrx_word' id='word_1_56' title='bbox 753 925 852 995; x_wconf 89' lang='grc' dir='ltr'><strong>τῆς</strong></span> <span class='ocrx_word' id='word_1_57' title='bbox 878 927 1063 997; x_wconf 86' lang='grc' dir='ltr'><strong>εὐχῆς,</strong></span> <span class='ocrx_word' id='word_1_58' title='bbox 1098 928 1192 980; x_wconf 77' lang='grc' dir='ltr'><strong>καὶ</strong></span> <span class='ocrx_word' id='word_1_59' title='bbox 1227 927 1482 991; x_wconf 87' lang='grc' dir='ltr'><strong>συνειδὼς</strong></span> <span class='ocrx_word' id='word_1_60' title='bbox 1513 927 1692 998; x_wconf 79' lang='grc' dir='ltr'><strong>ἐαυτῷ</strong></span> <span class='ocrx_word' id='word_1_61' title='bbox 1721 927 1982 998; x_wconf 80' lang='grc' dir='ltr'><strong>σπουδὴν,</strong></span> <span class='ocrx_word' id='word_1_62' title='bbox 2013 929 2061 980; x_wconf 88' lang='grc' dir='ltr'><strong>εί</strong></span> 
     </span>
    </p>
   </div>
   <div class='ocr_carea' id='block_1_10' title="bbox 489 1003 2062 1080">
    <p class='ocr_par' dir='ltr' id='par_1_10' title="bbox 489 1003 2062 1080">
     <span class='ocr_line' id='line_1_10' title="bbox 489 1003 2062 1080; baseline 0.003 -24"><span class='ocrx_word' id='word_1_63' title='bbox 489 1006 716 1069; x_wconf 79' lang='grc' dir='ltr'><strong>πολλοὺς</strong></span> <span class='ocrx_word' id='word_1_64' title='bbox 738 1003 850 1077; x_wconf 83' lang='grc' dir='ltr'><strong>εἶχε</strong></span> <span class='ocrx_word' id='word_1_65' title='bbox 871 1007 1154 1079; x_wconf 89' lang='grc' dir='ltr'><strong>μάρτυρας</strong></span> <span class='ocrx_word' id='word_1_66' title='bbox 1185 1008 1294 1063; x_wconf 88' lang='grc' dir='ltr'><strong>τῶν</strong></span> <span class='ocrx_word' id='word_1_67' title='bbox 1315 1010 1625 1080; x_wconf 89' lang='grc' dir='ltr'><strong>ἐγκωμίων,</strong></span> <span class='ocrx_word' id='word_1_68' title='bbox 1653 1010 1790 1080; x_wconf 70' lang='grc' dir='ltr'><strong>πρὸς</strong></span> <span class='ocrx_word' id='word_1_69' title='bbox 1807 1009 2062 1064; x_wconf 77' lang='grc' dir='ltr'><strong>ἀπόνοιαν</strong></span> 
     </span>
    </p>
   </div>
   <div class='ocr_carea' id='block_1_11' title="bbox 489 1086 2062 1160">
    <p class='ocr_par' dir='ltr' id='par_1_11' title="bbox 489 1086 2062 1160">
     <span class='ocr_line' id='line_1_11' title="bbox 489 1086 2062 1160; baseline 0.002 -20"><span class='ocrx_word' id='word_1_70' title='bbox 489 1087 555 1140; x_wconf 80' lang='grc' dir='ltr'><strong>ἀν</strong></span> <span class='ocrx_word' id='word_1_71' title='bbox 583 1086 909 1160; x_wconf 81' lang='grc' dir='ltr'><strong>ἐξωλίσθησε</strong></span> <span class='ocrx_word' id='word_1_72' title='bbox 931 1106 946 1121; x_wconf 97' lang='grc'><strong>·</strong></span> <span class='ocrx_word' id='word_1_73' title='bbox 979 1093 1098 1144; x_wconf 84' lang='grc' dir='ltr'><strong>νυνὶ</strong></span> <span class='ocrx_word' id='word_1_74' title='bbox 1139 1091 1196 1144; x_wconf 87' lang='grc' dir='ltr'><strong>δέ</strong></span> <span class='ocrx_word' id='word_1_75' title='bbox 1237 1092 1608 1155; x_wconf 85' lang='grc' dir='ltr'><strong>λανθανόντως</strong></span> <span class='ocrx_word' id='word_1_76' title='bbox 1644 1092 1934 1160; x_wconf 80' lang='grc' dir='ltr'><strong>δεξάμενος</strong></span> <span class='ocrx_word' id='word_1_77' title='bbox 1970 1090 2062 1143; x_wconf 74' lang='grc' dir='ltr'><strong>τὸν</strong></span> 
     </span>
    </p>
   </div>
   <div class='ocr_carea' id='block_1_12' title="bbox 490 1169 2064 1244">
    <p class='ocr_par' dir='ltr' id='par_1_12' title="bbox 490 1169 2064 1244">
     <span class='ocr_line' id='line_1_12' title="bbox 490 1169 2064 1244; baseline 0.004 -26"><span class='ocrx_word' id='word_1_78' title='bbox 490 1169 734 1233; x_wconf 76' lang='grc' dir='ltr'><strong>ἔπαινον,</strong></span> <span class='ocrx_word' id='word_1_79' title='bbox 758 1171 938 1242; x_wconf 85' lang='grc' dir='ltr'><strong>πάσης</strong></span> <span class='ocrx_word' id='word_1_80' title='bbox 963 1171 1280 1237; x_wconf 76' lang='grc' dir='ltr'><strong>ἀλαζονείας</strong></span> <span class='ocrx_word' id='word_1_81' title='bbox 1301 1174 1666 1244; x_wconf 71' lang='grc' dir='ltr'><strong>ἀπήλλακται.</strong></span> <span class='ocrx_word' id='word_1_82' title='bbox 1700 1174 1867 1227; x_wconf 85' lang='grc' dir='ltr'><strong>Πάλιν</strong></span> <span class='ocrx_word' id='word_1_83' title='bbox 1885 1173 1913 1224; x_wconf 85' lang='grc' dir='ltr'><strong>ό</strong></span> <span class='ocrx_word' id='word_1_84' title='bbox 1941 1189 2064 1225; x_wconf 85' lang='grc' dir='ltr'><strong>συν-</strong></span> 
     </span>
    </p>
   </div>
   <div class='ocr_carea' id='block_1_13' title="bbox 490 1249 2060 1327">
    <p class='ocr_par' dir='ltr' id='par_1_13' title="bbox 490 1249 2060 1327">
     <span class='ocr_line' id='line_1_13' title="bbox 490 1249 2060 1327; baseline 0.004 -25"><span class='ocrx_word' id='word_1_85' title='bbox 490 1249 650 1315; x_wconf 85' lang='grc' dir='ltr'><strong>ειδὼς</strong></span> <span class='ocrx_word' id='word_1_86' title='bbox 683 1253 860 1323; x_wconf 86' lang='grc' dir='ltr'><strong>ἐαυτῷ</strong></span> <span class='ocrx_word' id='word_1_87' title='bbox 915 1254 1224 1325; x_wconf 75' lang='grc' dir='ltr'><strong>ρᾳθυμίαν,</strong></span> <span class='ocrx_word' id='word_1_88' title='bbox 1275 1258 1373 1325; x_wconf 82' lang='grc' dir='ltr'><strong>τῆς</strong></span> <span class='ocrx_word' id='word_1_89' title='bbox 1434 1258 1764 1327; x_wconf 74' lang='grc' dir='ltr'><strong>κατηγορίας</strong></span> <span class='ocrx_word' id='word_1_90' title='bbox 1802 1255 2060 1318; x_wconf 85' lang='grc' dir='ltr'><strong>ἀκούσας,</strong></span> 
     </span>
    </p>
   </div>
   <div class='ocr_carea' id='block_1_14' title="bbox 491 1333 2062 1408">
    <p class='ocr_par' dir='ltr' id='par_1_14' title="bbox 491 1333 2062 1408">
     <span class='ocr_line' id='line_1_14' title="bbox 491 1333 2062 1408; baseline 0.002 -23"><span class='ocrx_word' id='word_1_91' title='bbox 491 1333 708 1400; x_wconf 84' lang='grc' dir='ltr'><strong>ἐγένετο</strong></span> <span class='ocrx_word' id='word_1_92' title='bbox 740 1335 962 1405; x_wconf 83' lang='grc' dir='ltr'><strong>βελτίων</strong></span> <span class='ocrx_word' id='word_1_93' title='bbox 991 1337 1096 1390; x_wconf 84' lang='grc' dir='ltr'><strong>ἀπὸ</strong></span> <span class='ocrx_word' id='word_1_94' title='bbox 1147 1337 1248 1408; x_wconf 89' lang='grc' dir='ltr'><strong>τῆς</strong></span> <span class='ocrx_word' id='word_1_95' title='bbox 1304 1340 1657 1408; x_wconf 80' lang='grc' dir='ltr'><strong>κατηγορίας,</strong></span> <span class='ocrx_word' id='word_1_96' title='bbox 1694 1338 1883 1391; x_wconf 86' lang='grc' dir='ltr'><strong>οὐδένα</strong></span> <span class='ocrx_word' id='word_1_97' title='bbox 1919 1336 2062 1406; x_wconf 85' lang='grc' dir='ltr'><strong>σχὼν</strong></span> 
     </span>
    </p>
   </div>
   <div class='ocr_carea' id='block_1_15' title="bbox 491 1417 2064 1492">
    <p class='ocr_par' dir='ltr' id='par_1_15' title="bbox 491 1417 2064 1492">
     <span class='ocr_line' id='line_1_15' title="bbox 491 1417 2064 1492; baseline 0.002 -25"><span class='ocrx_word' id='word_1_98' title='bbox 491 1417 587 1485; x_wconf 86' lang='grc' dir='ltr'><strong>τῆς</strong></span> <span class='ocrx_word' id='word_1_99' title='bbox 611 1417 764 1490; x_wconf 68' lang='grc'><strong>[547]</strong></span> <span class='ocrx_word' id='word_1_100' title='bbox 795 1419 1162 1489; x_wconf 79' lang='grc' dir='ltr'><strong>ἐπιτιμήσεως</strong></span> <span class='ocrx_word' id='word_1_101' title='bbox 1199 1421 1453 1488; x_wconf 78' lang='grc' dir='ltr'><strong>γνωστῶν</strong></span> <span class='ocrx_word' id='word_1_102' title='bbox 1483 1435 1508 1461; x_wconf 77' lang='grc' dir='ltr'><strong>ιι</strong></span> <span class='ocrx_word' id='word_1_103' title='bbox 1543 1419 1864 1492; x_wconf 85' lang='grc' dir='ltr'><strong>ἀνθρώπων·</strong></span> <span class='ocrx_word' id='word_1_104' title='bbox 1906 1418 2064 1472; x_wconf 87' lang='grc' dir='ltr'><strong>τοῦτο</strong></span> 
     </span>
    </p>
   </div>
   <div class='ocr_carea' id='block_1_16' title="bbox 491 1498 2062 1574">
    <p class='ocr_par' dir='ltr' id='par_1_16' title="bbox 491 1498 2062 1574">
     <span class='ocr_line' id='line_1_16' title="bbox 491 1498 2062 1574; baseline 0.002 -25"><span class='ocrx_word' id='word_1_105' title='bbox 491 1498 548 1549; x_wconf 81' lang='grc' dir='ltr'><strong>δέ</strong></span> <span class='ocrx_word' id='word_1_106' title='bbox 575 1500 735 1552; x_wconf 83' lang='grc' dir='ltr'><strong>αὐτὸν</strong></span> <span class='ocrx_word' id='word_1_107' title='bbox 769 1500 868 1570; x_wconf 85' lang='grc' dir='ltr'><strong>οὐχ</strong></span> <span class='ocrx_word' id='word_1_108' title='bbox 895 1500 968 1562; x_wconf 87' lang='grc' dir='ltr'><strong>ὼς</strong></span> <span class='ocrx_word' id='word_1_109' title='bbox 1001 1500 1189 1571; x_wconf 76' lang='grc' dir='ltr'><strong>ἔτυχεν</strong></span> <span class='ocrx_word' id='word_1_110' title='bbox 1220 1500 1420 1572; x_wconf 85' lang='grc' dir='ltr'><strong>ῶνησε.</strong></span> <span class='ocrx_word' id='word_1_111' title='bbox 1445 1502 1545 1555; x_wconf 90' lang='grc' dir='ltr'><strong>Διά</strong></span> <span class='ocrx_word' id='word_1_112' title='bbox 1579 1503 1689 1574; x_wconf 78' lang='grc' dir='ltr'><strong>γάρ</strong></span> <span class='ocrx_word' id='word_1_113' title='bbox 1715 1502 1774 1555; x_wconf 81' lang='grc' dir='ltr'><strong>τὸ</strong></span> <span class='ocrx_word' id='word_1_114' title='bbox 1800 1502 1937 1574; x_wconf 74' lang='grc' dir='ltr'><strong>πρὸς</strong></span> <span class='ocrx_word' id='word_1_115' title='bbox 1963 1502 2062 1571; x_wconf 78' lang='grc' dir='ltr'><strong>τὴν</strong></span> 
     </span>
    </p>
   </div>
   <div class='ocr_carea' id='block_1_17' title="bbox 489 1581 2063 1656">
    <p class='ocr_par' dir='ltr' id='par_1_17' title="bbox 489 1581 2063 1656">
     <span class='ocr_line' id='line_1_17' title="bbox 489 1581 2063 1656; baseline 0.001 -24"><span class='ocrx_word' id='word_1_116' title='bbox 489 1581 598 1634; x_wconf 84' lang='grc' dir='ltr'><strong>τῶν</strong></span> <span class='ocrx_word' id='word_1_117' title='bbox 631 1582 841 1637; x_wconf 83' lang='grc' dir='ltr'><strong>πολλῶν</strong></span> <span class='ocrx_word' id='word_1_118' title='bbox 871 1583 1166 1653; x_wconf 77' lang='grc' dir='ltr'><strong>ἐπτοῆσθαι</strong></span> <span class='ocrx_word' id='word_1_119' title='bbox 1188 1585 1364 1651; x_wconf 80' lang='grc' dir='ltr'><strong>δόξαν,</strong></span> <span class='ocrx_word' id='word_1_120' title='bbox 1417 1586 1521 1650; x_wconf 82' lang='grc' dir='ltr'><strong>ἓως</strong></span> <span class='ocrx_word' id='word_1_121' title='bbox 1556 1587 1653 1656; x_wconf 83' lang='grc' dir='ltr'><strong>μὲν</strong></span> <span class='ocrx_word' id='word_1_122' title='bbox 1683 1586 1748 1639; x_wconf 77' lang='grc' dir='ltr'><strong>ἂν</strong></span> <span class='ocrx_word' id='word_1_123' title='bbox 1782 1584 2063 1638; x_wconf 75' lang='grc' dir='ltr'><strong>λανθάνειν</strong></span> 
     </span>
    </p>
   </div>
   <div class='ocr_carea' id='block_1_18' title="bbox 491 1665 2062 1739">
    <p class='ocr_par' dir='ltr' id='par_1_18' title="bbox 491 1665 2062 1739">
     <span class='ocr_line' id='line_1_18' title="bbox 491 1665 2062 1739; baseline 0.001 -23"><span class='ocrx_word' id='word_1_124' title='bbox 491 1665 798 1736; x_wconf 74' lang='grc' dir='ltr'><strong>νομίζωμεν</strong></span> <span class='ocrx_word' id='word_1_125' title='bbox 827 1667 978 1730; x_wconf 80' lang='grc' dir='ltr'><strong>ὅντες</strong></span> <span class='ocrx_word' id='word_1_126' title='bbox 1018 1667 1197 1734; x_wconf 69' lang='grc' dir='ltr'><strong>κακοὶ,</strong></span> <span class='ocrx_word' id='word_1_127' title='bbox 1245 1667 1616 1739; x_wconf 76' lang='grc' dir='ltr'><strong>σπουδάζομεν</strong></span> <span class='ocrx_word' id='word_1_128' title='bbox 1663 1667 1909 1736; x_wconf 79' lang='grc' dir='ltr'><strong>γίνεσθαι</strong></span> <span class='ocrx_word' id='word_1_129' title='bbox 1940 1665 2062 1736; x_wconf 84' lang='grc' dir='ltr'><strong>βελ-</strong></span> 
     </span>
    </p>
   </div>
   <div class='ocr_carea' id='block_1_19' title="bbox 489 1747 2063 1822">
    <p class='ocr_par' dir='ltr' id='par_1_19' title="bbox 489 1747 2063 1822">
     <span class='ocr_line' id='line_1_19' title="bbox 489 1747 2063 1822; baseline 0.001 -24"><span class='ocrx_word' id='word_1_130' title='bbox 489 1748 657 1810; x_wconf 80' lang='grc' dir='ltr'><strong>τίους·</strong></span> <span class='ocrx_word' id='word_1_131' title='bbox 691 1747 910 1802; x_wconf 84' lang='grc' dir='ltr'><strong>ἐπειδὰν</strong></span> <span class='ocrx_word' id='word_1_132' title='bbox 940 1749 995 1802; x_wconf 79' lang='grc' dir='ltr'><strong>δὲ</strong></span> <span class='ocrx_word' id='word_1_133' title='bbox 1023 1752 1156 1803; x_wconf 79' lang='grc' dir='ltr'><strong>πᾶσι</strong></span> <span class='ocrx_word' id='word_1_134' title='bbox 1183 1750 1473 1822; x_wconf 83' lang='grc' dir='ltr'><strong>γενώμεθα</strong></span> <span class='ocrx_word' id='word_1_135' title='bbox 1500 1750 1812 1822; x_wconf 75' lang='grc' dir='ltr'><strong>κατάδηλοι,</strong></span> <span class='ocrx_word' id='word_1_136' title='bbox 1849 1749 1943 1802; x_wconf 55' lang='grc' dir='ltr'><strong>καί⁸</strong></span> <span class='ocrx_word' id='word_1_137' title='bbox 1963 1748 2063 1819; x_wconf 79' lang='grc' dir='ltr'><strong>τὴν</strong></span> 
     </span>
    </p>
   </div>
   <div class='ocr_carea' id='block_1_20' title="bbox 489 1831 2064 1906">
    <p class='ocr_par' dir='ltr' id='par_1_20' title="bbox 489 1831 2064 1906">
     <span class='ocr_line' id='line_1_20' title="bbox 489 1831 2064 1906; baseline -0.001 -23"><span class='ocrx_word' id='word_1_138' title='bbox 489 1832 554 1883; x_wconf 81' lang='grc' dir='ltr'><strong>ἐκ</strong></span> <span class='ocrx_word' id='word_1_139' title='bbox 588 1831 679 1884; x_wconf 89' lang='grc' dir='ltr'><strong>τοῦ</strong></span> <span class='ocrx_word' id='word_1_140' title='bbox 700 1832 983 1886; x_wconf 78' lang='grc' dir='ltr'><strong>λανθάνειν</strong></span> <span class='ocrx_word' id='word_1_141' title='bbox 1007 1833 1361 1904; x_wconf 79' lang='grc' dir='ltr'><strong>ἀπολέσωμεν</strong></span> <span class='ocrx_word' id='word_1_142' title='bbox 1379 1834 1756 1906; x_wconf 86' lang='grc' dir='ltr'><strong>παραμυθίαν,</strong></span> <span class='ocrx_word' id='word_1_143' title='bbox 1777 1834 2064 1902; x_wconf 83' lang='grc' dir='ltr'><strong>ἀναισχυν-</strong></span> 
     </span>
    </p>
   </div>
   <div class='ocr_carea' id='block_1_21' title="bbox 488 1918 2063 1992">
    <p class='ocr_par' dir='ltr' id='par_1_21' title="bbox 488 1918 2063 1992">
     <span class='ocr_line' id='line_1_21' title="bbox 488 1918 2063 1992; baseline 0 -21"><span class='ocrx_word' id='word_1_144' title='bbox 488 1919 697 1990; x_wconf 85' lang='grc' dir='ltr'><strong>τότεροι</strong></span> <span class='ocrx_word' id='word_1_145' title='bbox 721 1921 812 1972; x_wconf 73' lang='grc' dir='ltr'><strong>καὶ</strong></span> <span class='ocrx_word' id='word_1_146' title='bbox 847 1920 1209 1992; x_wconf 69' lang='grc' dir='ltr'><strong>ρᾳθυμότεροι</strong></span> <span class='ocrx_word' id='word_1_147' title='bbox 1230 1921 1430 1992; x_wconf 81' lang='grc' dir='ltr'><strong>μᾶλλον</strong></span> <span class='ocrx_word' id='word_1_148' title='bbox 1450 1922 1730 1992; x_wconf 78' lang='grc' dir='ltr'><strong>γινόμεθα.</strong></span> <span class='ocrx_word' id='word_1_149' title='bbox 1763 1921 1873 1974; x_wconf 82' lang='lat' dir='ltr'><strong><em>Kal</em></strong></span> <span class='ocrx_word' id='word_1_150' title='bbox 1892 1918 2063 1972; x_wconf 85' lang='grc' dir='ltr'><strong>καθά-</strong></span> 
     </span>
    </p>
   </div>
   <div class='ocr_carea' id='block_1_22' title="bbox 490 2000 2064 2077">
    <p class='ocr_par' dir='ltr' id='par_1_22' title="bbox 490 2000 2064 2077">
     <span class='ocr_line' id='line_1_22' title="bbox 490 2000 2064 2077; baseline 0.001 -25"><span class='ocrx_word' id='word_1_151' title='bbox 490 2015 597 2067; x_wconf 86' lang='grc' dir='ltr'><strong>περ</strong></span> <span class='ocrx_word' id='word_1_152' title='bbox 627 2001 692 2054; x_wconf 88' lang='grc' dir='ltr'><strong>τά</strong></span> <span class='ocrx_word' id='word_1_153' title='bbox 725 2001 856 2073; x_wconf 71' lang='grc' dir='ltr'><strong>ἕλκη</strong></span> <span class='ocrx_word' id='word_1_154' title='bbox 881 2002 1254 2074; x_wconf 77' lang='grc' dir='ltr'><strong>γυμνούμενα,</strong></span> <span class='ocrx_word' id='word_1_155' title='bbox 1299 2005 1394 2058; x_wconf 76' lang='grc' dir='ltr'><strong>καὶ</strong></span> <span class='ocrx_word' id='word_1_156' title='bbox 1457 2005 1580 2077; x_wconf 87' lang='grc' dir='ltr'><strong>ἀέρι</strong></span> <span class='ocrx_word' id='word_1_157' title='bbox 1617 2002 1810 2073; x_wconf 74' lang='grc' dir='ltr'><strong>ψυχρῷ</strong></span> <span class='ocrx_word' id='word_1_158' title='bbox 1854 2000 2064 2070; x_wconf 83' lang='grc' dir='ltr'><strong>συχνῶς</strong></span> 
     </span>
    </p>
   </div>
   <div class='ocr_carea' id='block_1_23' title="bbox 489 2080 2062 2157">
    <p class='ocr_par' dir='ltr' id='par_1_23' title="bbox 489 2080 2062 2157">
     <span class='ocr_line' id='line_1_23' title="bbox 489 2080 2062 2157; baseline 0.003 -21"><span class='ocrx_word' id='word_1_159' title='bbox 489 2082 800 2153; x_wconf 77' lang='grc' dir='ltr'><strong>ὁμιλοῦντα,</strong></span> <span class='ocrx_word' id='word_1_160' title='bbox 833 2084 1188 2157; x_wconf 80' lang='grc' dir='ltr'><strong>χαλεπώτερα</strong></span> <span class='ocrx_word' id='word_1_161' title='bbox 1225 2087 1486 2156; x_wconf 84' lang='grc' dir='ltr'><strong>γίνονται·</strong></span> <span class='ocrx_word' id='word_1_162' title='bbox 1547 2085 1691 2139; x_wconf 77' lang='grc' dir='ltr'><strong>οὕτω</strong></span> <span class='ocrx_word' id='word_1_163' title='bbox 1724 2085 1820 2138; x_wconf 70' lang='grc' dir='ltr'><strong>καὶ</strong></span> <span class='ocrx_word' id='word_1_164' title='bbox 1850 2085 1883 2154; x_wconf 87' lang='grc' dir='ltr'><strong>ἡ</strong></span> <span class='ocrx_word' id='word_1_165' title='bbox 1914 2080 2062 2152; x_wconf 77' lang='grc' dir='ltr'><strong>ψυχὴ</strong></span> 
     </span>
    </p>
   </div>
   <div class='ocr_carea' id='block_1_24' title="bbox 489 2161 2064 2239">
    <p class='ocr_par' dir='ltr' id='par_1_24' title="bbox 489 2161 2064 2239">
     <span class='ocr_line' id='line_1_24' title="bbox 489 2161 2064 2239; baseline 0.002 -22"><span class='ocrx_word' id='word_1_166' title='bbox 489 2166 861 2237; x_wconf 78' lang='grc' dir='ltr'><strong>ἡμαρτηκυῖα,</strong></span> <span class='ocrx_word' id='word_1_167' title='bbox 920 2166 986 2220; x_wconf 82' lang='grc' dir='ltr'><strong>ἀν</strong></span> <span class='ocrx_word' id='word_1_168' title='bbox 1039 2168 1240 2239; x_wconf 79' lang='grc' dir='ltr'><strong>μεταξύ</strong></span> <span class='ocrx_word' id='word_1_169' title='bbox 1292 2169 1502 2222; x_wconf 85' lang='grc' dir='ltr'><strong>πολλῶν</strong></span> <span class='ocrx_word' id='word_1_170' title='bbox 1543 2169 1829 2238; x_wconf 78' lang='grc' dir='ltr'><strong>ἐλέγχηται</strong></span> <span class='ocrx_word' id='word_1_171' title='bbox 1860 2166 1944 2234; x_wconf 77' lang='grc' dir='ltr'><strong>ἐφ’</strong></span> <span class='ocrx_word' id='word_1_172' title='bbox 1983 2161 2064 2227; x_wconf 77' lang='grc' dir='ltr'><strong>οἷς</strong></span> 
     </span>
    </p>
   </div>
   <div class='ocr_carea' id='block_1_25' title="bbox 491 2244 2062 2322">
    <p class='ocr_par' dir='ltr' id='par_1_25' title="bbox 491 2244 2062 2322">
     <span class='ocr_line' id='line_1_25' title="bbox 491 2244 2062 2322; baseline 0 -22"><span class='ocrx_word' id='word_1_173' title='bbox 491 2247 932 2318; x_wconf 73' lang='grc' dir='ltr'><strong>ἐπλημμέλησεν,</strong></span> <span class='ocrx_word' id='word_1_174' title='bbox 971 2249 1432 2322; x_wconf 81' lang='grc' dir='ltr'><strong>ἀναισχυντοτέρα</strong></span> <span class='ocrx_word' id='word_1_175' title='bbox 1480 2251 1710 2319; x_wconf 86' lang='grc' dir='ltr'><strong>γίνεται.</strong></span> <span class='ocrx_word' id='word_1_176' title='bbox 1744 2249 1840 2303; x_wconf 85' lang='grc' dir='ltr'><strong>Ἷν’</strong></span> <span class='ocrx_word' id='word_1_177' title='bbox 1866 2244 1960 2301; x_wconf 76' lang='grc' dir='ltr'><strong>οὖν</strong></span> <span class='ocrx_word' id='word_1_178' title='bbox 1987 2245 2062 2316; x_wconf 77' lang='grc' dir='ltr'><strong>μὴ</strong></span> 
     </span>
    </p>
   </div>
   <div class='ocr_carea' id='block_1_26' title="bbox 489 2330 2059 2404">
    <p class='ocr_par' dir='ltr' id='par_1_26' title="bbox 489 2330 2059 2404">
     <span class='ocr_line' id='line_1_26' title="bbox 489 2330 2059 2404; baseline -0.002 -22"><span class='ocrx_word' id='word_1_179' title='bbox 489 2330 646 2382; x_wconf 84' lang='grc' dir='ltr'><strong>τοῦτο</strong></span> <span class='ocrx_word' id='word_1_180' title='bbox 665 2331 908 2402; x_wconf 81' lang='grc' dir='ltr'><strong>γένηται,</strong></span> <span class='ocrx_word' id='word_1_181' title='bbox 922 2332 1292 2395; x_wconf 84' lang='grc' dir='ltr'><strong>λανθανόντως</strong></span> <span class='ocrx_word' id='word_1_182' title='bbox 1307 2334 1336 2384; x_wconf 86' lang='grc' dir='ltr'><strong>ό</strong></span> <span class='ocrx_word' id='word_1_183' title='bbox 1355 2334 1512 2402; x_wconf 85' lang='grc' dir='ltr'><strong>λόγος</strong></span> <span class='ocrx_word' id='word_1_184' title='bbox 1540 2335 1684 2404; x_wconf 81' lang='grc' dir='ltr'><strong>ὑμᾶς</strong></span> <span class='ocrx_word' id='word_1_185' title='bbox 1706 2331 2059 2402; x_wconf 85' lang='grc' dir='ltr'><strong>ἐθεράπευσε.</strong></span> 
     </span>
    </p>
   </div>
   <div class='ocr_carea' id='block_1_27' title="bbox 491 2410 2060 2487">
    <p class='ocr_par' dir='ltr' id='par_1_27' title="bbox 491 2410 2060 2487">
     <span class='ocr_line' id='line_1_27' title="bbox 491 2410 2060 2487; baseline -0.003 -19"><span class='ocrx_word' id='word_1_186' title='bbox 491 2417 602 2468; x_wconf 75' lang='lat' dir='ltr'><strong><em>Kal</em></strong></span> <span class='ocrx_word' id='word_1_187' title='bbox 622 2415 708 2468; x_wconf 78' lang='grc' dir='ltr'><strong>ἵνα</strong></span> <span class='ocrx_word' id='word_1_188' title='bbox 737 2415 967 2486; x_wconf 87' lang='grc' dir='ltr'><strong>μάθητε,</strong></span> <span class='ocrx_word' id='word_1_189' title='bbox 990 2416 1072 2469; x_wconf 84' lang='grc' dir='ltr'><strong>ὅτι</strong></span> <span class='ocrx_word' id='word_1_190' title='bbox 1095 2417 1127 2487; x_wconf 92' lang='grc' dir='ltr'><strong>ἡ</strong></span> <span class='ocrx_word' id='word_1_191' title='bbox 1150 2416 1485 2471; x_wconf 78' lang='grc' dir='ltr'><strong>λανθάνουσα</strong></span> <span class='ocrx_word' id='word_1_192' title='bbox 1523 2415 1663 2486; x_wconf 75' lang='grc' dir='ltr'><strong>αὕτη</strong></span> <span class='ocrx_word' id='word_1_193' title='bbox 1690 2415 1899 2486; x_wconf 74' lang='grc' dir='ltr'><strong>ἰατρεία</strong></span> <span class='ocrx_word' id='word_1_194' title='bbox 1927 2410 2060 2466; x_wconf 83' lang='grc' dir='ltr'><strong>πολύ</strong></span> 
     </span>
    </p>
   </div>
   <div class='ocr_carea' id='block_1_28' title="bbox 490 2496 2064 2572">
    <p class='ocr_par' dir='ltr' id='par_1_28' title="bbox 490 2496 2064 2572">
     <span class='ocr_line' id='line_1_28' title="bbox 490 2496 2064 2572; baseline -0.001 -22"><span class='ocrx_word' id='word_1_195' title='bbox 490 2498 550 2552; x_wconf 73' lang='grc' dir='ltr'><strong>τὸ</strong></span> <span class='ocrx_word' id='word_1_196' title='bbox 584 2499 772 2571; x_wconf 82' lang='grc' dir='ltr'><strong>κέρδος</strong></span> <span class='ocrx_word' id='word_1_197' title='bbox 803 2499 936 2571; x_wconf 74' lang='grc' dir='ltr'><strong>ἔχει,</strong></span> <span class='ocrx_word' id='word_1_198' title='bbox 975 2501 1245 2554; x_wconf 88' lang='grc' dir='ltr'><strong>ἀκούσατε</strong></span> <span class='ocrx_word' id='word_1_199' title='bbox 1276 2501 1327 2554; x_wconf 87' lang='grc' dir='ltr'><strong>τί</strong></span> <span class='ocrx_word' id='word_1_200' title='bbox 1362 2519 1527 2571; x_wconf 76' lang='grc' dir='ltr'><strong>φησιν</strong></span> <span class='ocrx_word' id='word_1_201' title='bbox 1561 2504 1590 2555; x_wconf 89' lang='grc' dir='ltr'><strong>ὁ</strong></span> <span class='ocrx_word' id='word_1_202' title='bbox 1633 2501 1888 2572; x_wconf 84' lang='grc' dir='ltr'><strong>Χριστός·</strong></span> <span class='ocrx_word' id='word_1_203' title='bbox 1929 2496 2064 2550; x_wconf 79' lang='grc' dir='ltr'><strong>Ἐὰν</strong></span> 
     </span>
    </p>
   </div>
   <div class='ocr_carea' id='block_1_29' title="bbox 491 2581 2059 2652">
    <p class='ocr_par' dir='ltr' id='par_1_29' title="bbox 491 2581 2059 2652">
     <span class='ocr_line' id='line_1_29' title="bbox 491 2581 2059 2652; baseline -0.001 -19"><span class='ocrx_word' id='word_1_204' title='bbox 491 2581 720 2651; x_wconf 71' lang='grc' dir='ltr'><strong>ἁμάρτῃ</strong></span> <span class='ocrx_word' id='word_1_205' title='bbox 749 2586 838 2649; x_wconf 82' lang='grc' dir='ltr'><strong>είς</strong></span> <span class='ocrx_word' id='word_1_206' title='bbox 877 2585 952 2636; x_wconf 83' lang='grc' dir='ltr'><strong>σὲ</strong></span> <span class='ocrx_word' id='word_1_207' title='bbox 980 2588 1012 2637; x_wconf 88' lang='lat' dir='ltr'><strong>o&#39;</strong></span> <span class='ocrx_word' id='word_1_208' title='bbox 1067 2583 1332 2652; x_wconf 69' lang='grc' dir='ltr'><strong>ἁδελφός</strong></span> <span class='ocrx_word' id='word_1_209' title='bbox 1364 2601 1507 2648; x_wconf 84' lang='grc' dir='ltr'><strong>σου,</strong></span> <span class='ocrx_word' id='word_1_210' title='bbox 1540 2583 1795 2652; x_wconf 76' lang='grc' dir='ltr'><strong>ἔλεγξον</strong></span> <span class='ocrx_word' id='word_1_211' title='bbox 1839 2581 2024 2636; x_wconf 79' lang='grc' dir='ltr'><strong>αὐτόν</strong></span> <span class='ocrx_word' id='word_1_212' title='bbox 2044 2596 2059 2610; x_wconf 89' lang='grc'><strong>·</strong></span> 
     </span>
    </p>
   </div>
   <div class='ocr_carea' id='block_1_30' title="bbox 493 2661 2064 2735">
    <p class='ocr_par' dir='ltr' id='par_1_30' title="bbox 493 2661 2064 2735">
     <span class='ocr_line' id='line_1_30' title="bbox 493 2661 2064 2735; baseline -0.002 -19"><span class='ocrx_word' id='word_1_213' title='bbox 493 2666 588 2718; x_wconf 69' lang='grc' dir='ltr'><strong>καὶ</strong></span> <span class='ocrx_word' id='word_1_214' title='bbox 625 2667 725 2718; x_wconf 89' lang='grc' dir='ltr'><strong>οὐκ</strong></span> <span class='ocrx_word' id='word_1_215' title='bbox 753 2661 892 2725; x_wconf 76' lang='grc' dir='ltr'><strong>εἷπε,</strong></span> <span class='ocrx_word' id='word_1_216' title='bbox 929 2665 1130 2734; x_wconf 80' lang='grc' dir='ltr'><strong>μεταξύ</strong></span> <span class='ocrx_word' id='word_1_217' title='bbox 1163 2665 1256 2718; x_wconf 90' lang='grc' dir='ltr'><strong>σοῦ</strong></span> <span class='ocrx_word' id='word_1_218' title='bbox 1296 2667 1391 2719; x_wconf 77' lang='grc' dir='ltr'><strong>καὶ</strong></span> <span class='ocrx_word' id='word_1_219' title='bbox 1418 2667 1517 2735; x_wconf 88' lang='grc' dir='ltr'><strong>τῆς</strong></span> <span class='ocrx_word' id='word_1_220' title='bbox 1549 2666 1776 2730; x_wconf 85' lang='grc' dir='ltr'><strong>πόλεως,</strong></span> <span class='ocrx_word' id='word_1_221' title='bbox 1809 2663 1929 2717; x_wconf 80' lang='grc' dir='ltr'><strong>οὐδὲ</strong></span> <span class='ocrx_word' id='word_1_222' title='bbox 1969 2678 2064 2732; x_wconf 74' lang='grc' dir='ltr'><strong>με-</strong></span> 
     </span>
    </p>
   </div>
   <div class='ocr_carea' id='block_1_31' title="bbox 491 2745 2063 2817">
    <p class='ocr_par' dir='ltr' id='par_1_31' title="bbox 491 2745 2063 2817">
     <span class='ocr_line' id='line_1_31' title="bbox 491 2745 2063 2817; baseline -0.001 -18"><span class='ocrx_word' id='word_1_223' title='bbox 491 2747 622 2811; x_wconf 76' lang='grc' dir='ltr'><strong>ταξύ</strong></span> <span class='ocrx_word' id='word_1_224' title='bbox 655 2746 747 2799; x_wconf 89' lang='grc' dir='ltr'><strong>σοῦ</strong></span> <span class='ocrx_word' id='word_1_225' title='bbox 776 2745 985 2800; x_wconf 75' lang='grc' dir='ltr'><strong>καὶτοῦ</strong></span> <span class='ocrx_word' id='word_1_226' title='bbox 1008 2748 1202 2817; x_wconf 79' lang='grc' dir='ltr'><strong>δήμου,</strong></span> <span class='ocrx_word' id='word_1_227' title='bbox 1232 2747 1389 2813; x_wconf 89' lang='grc' dir='ltr'><strong>ἀλλά,</strong></span> <span class='ocrx_word' id='word_1_228' title='bbox 1419 2747 1657 2811; x_wconf 80' lang='grc' dir='ltr'><strong>Μεταξὺ</strong></span> <span class='ocrx_word' id='word_1_229' title='bbox 1689 2745 1804 2800; x_wconf 88' lang='grc' dir='ltr'><strong>σοῦ</strong></span> <span class='ocrx_word' id='word_1_230' title='bbox 1832 2745 1926 2798; x_wconf 81' lang='grc' dir='ltr'><strong>καί</strong></span> <span class='ocrx_word' id='word_1_231' title='bbox 1957 2745 2063 2798; x_wconf 81' lang='grc' dir='ltr'><strong>αὺ-</strong></span> 
     </span>
    </p>
   </div>
   <div class='ocr_carea' id='block_1_32' title="bbox 491 2827 2061 2900">
    <p class='ocr_par' dir='ltr' id='par_1_32' title="bbox 491 2827 2061 2900">
     <span class='ocr_line' id='line_1_32' title="bbox 491 2827 2061 2900; baseline -0.002 -18"><span class='ocrx_word' id='word_1_232' title='bbox 491 2829 599 2882; x_wconf 81' lang='grc' dir='ltr'><strong>τοῦ</strong></span> <span class='ocrx_word' id='word_1_233' title='bbox 625 2830 839 2899; x_wconf 73' lang='grc' dir='ltr'><strong>μόνον.</strong></span> <span class='ocrx_word' id='word_1_234' title='bbox 886 2829 1228 2900; x_wconf 82' lang='grc' dir='ltr'><strong>’Δμάρτυρος</strong></span> <span class='ocrx_word' id='word_1_235' title='bbox 1257 2829 1416 2892; x_wconf 75' lang='grc' dir='ltr'><strong>ἔστω,</strong></span> <span class='ocrx_word' id='word_1_236' title='bbox 1455 2830 1641 2900; x_wconf 75' lang='grc' dir='ltr'><strong>φησὶν,</strong></span> <span class='ocrx_word' id='word_1_237' title='bbox 1673 2831 1706 2900; x_wconf 87' lang='grc' dir='ltr'><strong>ἡ</strong></span> <span class='ocrx_word' id='word_1_238' title='bbox 1735 2827 2061 2897; x_wconf 80' lang='grc' dir='ltr'><strong>κατηγορία,</strong></span> 
     </span>
    </p>
   </div>
   <div class='ocr_carea' id='block_1_33' title="bbox 492 2910 2059 2983">
    <p class='ocr_par' dir='ltr' id='par_1_33' title="bbox 492 2910 2059 2983">
     <span class='ocr_line' id='line_1_33' title="bbox 492 2910 2059 2983; baseline 0.001 -19"><span class='ocrx_word' id='word_1_239' title='bbox 492 2911 580 2964; x_wconf 82' lang='grc' dir='ltr'><strong>ἴνα</strong></span> <span class='ocrx_word' id='word_1_240' title='bbox 611 2911 830 2974; x_wconf 75' lang='grc' dir='ltr'><strong>εὔκολος</strong></span> <span class='ocrx_word' id='word_1_241' title='bbox 879 2911 1106 2982; x_wconf 88' lang='grc' dir='ltr'><strong>γένηται</strong></span> <span class='ocrx_word' id='word_1_242' title='bbox 1146 2912 1178 2982; x_wconf 92' lang='grc' dir='ltr'><strong>ἡ</strong></span> <span class='ocrx_word' id='word_1_243' title='bbox 1229 2910 1366 2983; x_wconf 80' lang='grc' dir='ltr'><strong>πρὸς</strong></span> <span class='ocrx_word' id='word_1_244' title='bbox 1427 2911 1711 2983; x_wconf 81' lang='grc' dir='ltr'><strong>διόρθωσιν</strong></span> <span class='ocrx_word' id='word_1_245' title='bbox 1766 2910 2059 2982; x_wconf 81' lang='grc' dir='ltr'><strong>μεταϐολή.</strong></span> 
     </span>
    </p>
   </div>
   <div class='ocr_carea' id='block_1_34' title="bbox 491 2993 2060 3068">
    <p class='ocr_par' dir='ltr' id='par_1_34' title="bbox 491 2993 2060 3068">
     <span class='ocr_line' id='line_1_34' title="bbox 491 2993 2060 3068; baseline -0.001 -20"><span class='ocrx_word' id='word_1_246' title='bbox 491 2995 650 3064; x_wconf 82' lang='grc' dir='ltr'><strong>Μέγα</strong></span> <span class='ocrx_word' id='word_1_247' title='bbox 674 2996 781 3066; x_wconf 84' lang='grc' dir='ltr'><strong>ἀρα</strong></span> <span class='ocrx_word' id='word_1_248' title='bbox 810 2996 1034 3064; x_wconf 76' lang='grc' dir='ltr'><strong>ἀγαθὸν,</strong></span> <span class='ocrx_word' id='word_1_249' title='bbox 1077 2997 1139 3049; x_wconf 83' lang='grc' dir='ltr'><strong>τὸ</strong></span> <span class='ocrx_word' id='word_1_250' title='bbox 1193 2995 1462 3050; x_wconf 86' lang='grc' dir='ltr'><strong>ποιεῖσθαι</strong></span> <span class='ocrx_word' id='word_1_251' title='bbox 1513 2995 1612 3068; x_wconf 79' lang='grc' dir='ltr'><strong>τὴν</strong></span> <span class='ocrx_word' id='word_1_252' title='bbox 1642 2993 1960 3065; x_wconf 89' lang='grc' dir='ltr'><strong>παραίνεσιν</strong></span> <span class='ocrx_word' id='word_1_253' title='bbox 1986 2993 2060 3065; x_wconf 77' lang='grc' dir='ltr'><strong>μὴ</strong></span> 
     </span>
    </p>
   </div>
   <div class='ocr_carea' id='block_1_35' title="bbox 490 3076 2064 3150">
    <p class='ocr_par' dir='ltr' id='par_1_35' title="bbox 490 3076 2064 3150">
     <span class='ocr_line' id='line_1_35' title="bbox 490 3076 2064 3150; baseline -0.001 -21"><span class='ocrx_word' id='word_1_254' title='bbox 490 3076 973 3150; x_wconf 85' lang='grc' dir='ltr'><strong>δημοσιευομένην.</strong></span> <span class='ocrx_word' id='word_1_255' title='bbox 1015 3079 1208 3150; x_wconf 80' lang='grc' dir='ltr'><strong>’Δρκεῖ</strong></span> <span class='ocrx_word' id='word_1_256' title='bbox 1229 3079 1288 3133; x_wconf 83' lang='grc' dir='ltr'><strong>τὸ</strong></span> <span class='ocrx_word' id='word_1_257' title='bbox 1324 3079 1585 3142; x_wconf 72' lang='grc' dir='ltr'><strong>συνειδὸς,</strong></span> <span class='ocrx_word' id='word_1_258' title='bbox 1621 3080 1782 3150; x_wconf 84' lang='grc' dir='ltr'><strong>ἀρκεῖ</strong></span> <span class='ocrx_word' id='word_1_259' title='bbox 1811 3079 1840 3129; x_wconf 98' lang='lat'><strong>6</strong></span> <span class='ocrx_word' id='word_1_260' title='bbox 1871 3077 2064 3147; x_wconf 76' lang='grc' dir='ltr'><strong>κριτὴς</strong></span> 
     </span>
    </p>
   </div>
   <div class='ocr_carea' id='block_1_36' title="bbox 492 3158 2062 3234">
    <p class='ocr_par' dir='ltr' id='par_1_36' title="bbox 492 3158 2062 3234">
     <span class='ocr_line' id='line_1_36' title="bbox 492 3158 2062 3234; baseline -0.001 -21"><span class='ocrx_word' id='word_1_261' title='bbox 492 3163 696 3225; x_wconf 81' lang='grc' dir='ltr'><strong>ἐκεῖνος</strong></span> <span class='ocrx_word' id='word_1_262' title='bbox 749 3160 778 3213; x_wconf 88' lang='grc' dir='ltr'><strong>ό</strong></span> <span class='ocrx_word' id='word_1_263' title='bbox 831 3161 1146 3227; x_wconf 82' lang='grc' dir='ltr'><strong>ἀδέκαστος.</strong></span> <span class='ocrx_word' id='word_1_264' title='bbox 1206 3164 1318 3234; x_wconf 87' lang='grc' dir='ltr'><strong>Οὐχ</strong></span> <span class='ocrx_word' id='word_1_265' title='bbox 1361 3162 1502 3216; x_wconf 77' lang='grc' dir='ltr'><strong>οὕτω</strong></span> <span class='ocrx_word' id='word_1_266' title='bbox 1559 3165 1624 3216; x_wconf 78' lang='grc' dir='ltr'><strong>σὺ</strong></span> <span class='ocrx_word' id='word_1_267' title='bbox 1672 3162 1934 3231; x_wconf 84' lang='grc' dir='ltr'><strong>ἐπιτιμᾷς</strong></span> <span class='ocrx_word' id='word_1_268' title='bbox 1985 3158 2062 3230; x_wconf 84' lang='grc' dir='ltr'><strong>τῷ</strong></span> 
     </span>
    </p>
   </div>
   <div class='ocr_carea' id='block_1_37' title="bbox 489 3245 2062 3318">
    <p class='ocr_par' dir='ltr' id='par_1_37' title="bbox 489 3245 2062 3318">
     <span class='ocr_line' id='line_1_37' title="bbox 489 3245 2062 3318; baseline -0.003 -19"><span class='ocrx_word' id='word_1_269' title='bbox 489 3246 857 3318; x_wconf 67' lang='grc' dir='ltr'><strong>ἡμαρτηκότι,</strong></span> <span class='ocrx_word' id='word_1_270' title='bbox 887 3246 963 3310; x_wconf 81' lang='grc' dir='ltr'><strong>ὡς</strong></span> <span class='ocrx_word' id='word_1_271' title='bbox 991 3247 1051 3300; x_wconf 82' lang='grc' dir='ltr'><strong>τὸ</strong></span> <span class='ocrx_word' id='word_1_272' title='bbox 1079 3247 1318 3312; x_wconf 83' lang='grc' dir='ltr'><strong>συνειδὸς</strong></span> <span class='ocrx_word' id='word_1_273' title='bbox 1342 3247 1534 3301; x_wconf 88' lang='grc' dir='ltr'><strong>ἐαυτοῦ</strong></span> <span class='ocrx_word' id='word_1_274' title='bbox 1551 3245 1896 3318; x_wconf 86' lang='grc' dir='ltr'><strong>(πικρότερός</strong></span> <span class='ocrx_word' id='word_1_275' title='bbox 1918 3247 2062 3297; x_wconf 90' lang='grc' dir='ltr'><strong>ἐστιν</strong></span> 
     </span>
    </p>
   </div>
   <div class='ocr_carea' id='block_1_38' title="bbox 489 3325 2064 3400">
    <p class='ocr_par' dir='ltr' id='par_1_38' title="bbox 489 3325 2064 3400">
     <span class='ocr_line' id='line_1_38' title="bbox 489 3325 2064 3400; baseline -0.001 -19"><span class='ocrx_word' id='word_1_276' title='bbox 489 3328 844 3400; x_wconf 79' lang='grc' dir='ltr'><strong>δκατὴγορος</strong></span> <span class='ocrx_word' id='word_1_277' title='bbox 877 3329 1148 3399; x_wconf 85' lang='grc' dir='ltr'><strong>ἐκεῖνος),</strong></span> <span class='ocrx_word' id='word_1_278' title='bbox 1199 3328 1323 3382; x_wconf 81' lang='grc' dir='ltr'><strong>οὐτε</strong></span> <span class='ocrx_word' id='word_1_279' title='bbox 1353 3329 1745 3400; x_wconf 87' lang='grc' dir='ltr'><strong>ἀκριϐέστερον</strong></span> <span class='ocrx_word' id='word_1_280' title='bbox 1794 3325 1952 3389; x_wconf 84' lang='grc' dir='ltr'><strong>εἰδὼς</strong></span> <span class='ocrx_word' id='word_1_281' title='bbox 1995 3325 2064 3380; x_wconf 86' lang='grc' dir='ltr'><strong>τά</strong></span> 
     </span>
    </p>
   </div>
   <div class='ocr_carea' id='block_1_39' title="bbox 492 3409 2063 3484">
    <p class='ocr_par' dir='ltr' id='par_1_39' title="bbox 492 3409 2063 3484">
     <span class='ocr_line' id='line_1_39' title="bbox 492 3409 2063 3484; baseline -0.002 -18"><span class='ocrx_word' id='word_1_282' title='bbox 492 3411 1023 3483; x_wconf 87' lang='grc' dir='ltr'><strong>πεπλημμελημένα.</strong></span> <span class='ocrx_word' id='word_1_283' title='bbox 1053 3411 1144 3482; x_wconf 83' lang='grc' dir='ltr'><strong>Μὴ</strong></span> <span class='ocrx_word' id='word_1_284' title='bbox 1171 3413 1350 3466; x_wconf 90' lang='grc' dir='ltr'><strong>τοίνυν</strong></span> <span class='ocrx_word' id='word_1_285' title='bbox 1375 3413 1615 3483; x_wconf 79' lang='grc' dir='ltr'><strong>προσθῇς</strong></span> <span class='ocrx_word' id='word_1_286' title='bbox 1645 3412 1864 3484; x_wconf 86' lang='grc' dir='ltr'><strong>τραῦμα</strong></span> <span class='ocrx_word' id='word_1_287' title='bbox 1894 3409 2063 3482; x_wconf 88' lang='grc' dir='ltr'><strong>τραύ-</strong></span> 
     </span>
    </p>
   </div>
   <div class='ocr_carea' id='block_1_40' title="bbox 497 3493 2063 3566">
    <p class='ocr_par' dir='ltr' id='par_1_40' title="bbox 497 3493 2063 3566">
     <span class='ocr_line' id='line_1_40' title="bbox 497 3493 2063 3566; baseline -0.001 -21"><span class='ocrx_word' id='word_1_288' title='bbox 497 3512 648 3563; x_wconf 80' lang='grc' dir='ltr'><strong>μασι,</strong></span> <span class='ocrx_word' id='word_1_289' title='bbox 679 3493 1017 3565; x_wconf 81' lang='grc' dir='ltr'><strong>δημοσιεύων</strong></span> <span class='ocrx_word' id='word_1_290' title='bbox 1062 3494 1151 3547; x_wconf 79' lang='grc' dir='ltr'><strong>τδν</strong></span> <span class='ocrx_word' id='word_1_291' title='bbox 1188 3497 1570 3566; x_wconf 83' lang='grc' dir='ltr'><strong>ἡμαρτηκότα,</strong></span> <span class='ocrx_word' id='word_1_292' title='bbox 1603 3494 1716 3549; x_wconf 78' lang='grc' dir='ltr'><strong>ἀλλ’</strong></span> <span class='ocrx_word' id='word_1_293' title='bbox 1750 3494 2063 3565; x_wconf 81' lang='grc' dir='ltr'><strong>ἀμάρτυρον</strong></span> 
     </span>
    </p>
   </div>
   <div class='ocr_carea' id='block_1_41' title="bbox 496 3574 2063 3648">
    <p class='ocr_par' dir='ltr' id='par_1_41' title="bbox 496 3574 2063 3648">
     <span class='ocr_line' id='line_1_41' title="bbox 496 3574 2063 3648; baseline -0.002 -19"><span class='ocrx_word' id='word_1_294' title='bbox 496 3577 648 3629; x_wconf 88' lang='grc' dir='ltr'><strong>ποιοῦ</strong></span> <span class='ocrx_word' id='word_1_295' title='bbox 665 3577 762 3646; x_wconf 75' lang='grc' dir='ltr'><strong>τὴν</strong></span> <span class='ocrx_word' id='word_1_296' title='bbox 777 3577 1119 3647; x_wconf 85' lang='grc' dir='ltr'><strong>παραίνεσιν.</strong></span> <span class='ocrx_word' id='word_1_297' title='bbox 1133 3577 1303 3629; x_wconf 86' lang='grc' dir='ltr'><strong>Τοῦτο</strong></span> <span class='ocrx_word' id='word_1_298' title='bbox 1323 3577 1503 3630; x_wconf 88' lang='grc' dir='ltr'><strong>τοίνυν</strong></span> <span class='ocrx_word' id='word_1_299' title='bbox 1522 3579 1616 3631; x_wconf 72' lang='grc' dir='ltr'><strong>καὶ</strong></span> <span class='ocrx_word' id='word_1_300' title='bbox 1632 3579 1790 3648; x_wconf 84' lang='grc' dir='ltr'><strong>ἡμεῖς</strong></span> <span class='ocrx_word' id='word_1_301' title='bbox 1803 3574 2063 3644; x_wconf 77' lang='grc' dir='ltr'><strong>ποιοῦμεν</strong></span> 
     </span>
    </p>
   </div>
   <div class='ocr_carea' id='block_1_42' title="bbox 494 3657 2065 3730">
    <p class='ocr_par' dir='ltr' id='par_1_42' title="bbox 494 3657 2065 3730">
     <span class='ocr_line' id='line_1_42' title="bbox 494 3657 2065 3730; baseline -0.001 -18"><span class='ocrx_word' id='word_1_302' title='bbox 494 3659 613 3722; x_wconf 82' lang='grc' dir='ltr'><strong>νῦν,</strong></span> <span class='ocrx_word' id='word_1_303' title='bbox 646 3659 782 3728; x_wconf 84' lang='grc' dir='ltr'><strong>ὅπερ</strong></span> <span class='ocrx_word' id='word_1_304' title='bbox 809 3659 902 3710; x_wconf 73' lang='grc' dir='ltr'><strong>καὶ</strong></span> <span class='ocrx_word' id='word_1_305' title='bbox 953 3657 1164 3721; x_wconf 82' lang='grc' dir='ltr'><strong>Παῦλος</strong></span> <span class='ocrx_word' id='word_1_306' title='bbox 1207 3659 1485 3728; x_wconf 89' lang='grc' dir='ltr'><strong>ἐποίησεν,</strong></span> <span class='ocrx_word' id='word_1_307' title='bbox 1530 3659 1846 3730; x_wconf 86' lang='grc' dir='ltr'><strong>ἀμάρτυρον</strong></span> <span class='ocrx_word' id='word_1_308' title='bbox 1895 3673 2065 3710; x_wconf 87' lang='grc' dir='ltr'><strong>κατα-</strong></span> 
     </span>
    </p>
   </div>
   <div class='ocr_carea' id='block_1_43' title="bbox 497 3737 2063 3811">
    <p class='ocr_par' dir='ltr' id='par_1_43' title="bbox 497 3737 2063 3811">
     <span class='ocr_line' id='line_1_43' title="bbox 497 3737 2063 3811; baseline -0.003 -17"><span class='ocrx_word' id='word_1_309' title='bbox 497 3738 778 3804; x_wconf 88' lang='grc' dir='ltr'><strong>σκευάζων</strong></span> <span class='ocrx_word' id='word_1_310' title='bbox 831 3738 922 3792; x_wconf 88' lang='grc' dir='ltr'><strong>τοῦ</strong></span> <span class='ocrx_word' id='word_1_311' title='bbox 975 3738 1124 3811; x_wconf 85' lang='grc' dir='ltr'><strong>παρά</strong></span> <span class='ocrx_word' id='word_1_312' title='bbox 1179 3740 1486 3810; x_wconf 81' lang='grc' dir='ltr'><strong>Κορινθίοις</strong></span> <span class='ocrx_word' id='word_1_313' title='bbox 1535 3739 1921 3810; x_wconf 82' lang='grc' dir='ltr'><strong>ἡμαρτηκότος</strong></span> <span class='ocrx_word' id='word_1_314' title='bbox 1964 3737 2063 3808; x_wconf 82' lang='grc' dir='ltr'><strong>τὴν</strong></span> 
     </span>
    </p>
   </div>
   <div class='ocr_carea' id='block_1_44' title="bbox 496 3821 2060 3894">
    <p class='ocr_par' dir='ltr' id='par_1_44' title="bbox 496 3821 2060 3894">
     <span class='ocr_line' id='line_1_44' title="bbox 496 3821 2060 3894; baseline -0.003 -18"><span class='ocrx_word' id='word_1_315' title='bbox 496 3821 846 3894; x_wconf 83' lang='grc' dir='ltr'><strong>κατηγορίαν.</strong></span> <span class='ocrx_word' id='word_1_316' title='bbox 901 3821 1011 3876; x_wconf 77' lang='grc' dir='ltr'><strong>Καὶ</strong></span> <span class='ocrx_word' id='word_1_317' title='bbox 1063 3821 1228 3876; x_wconf 78' lang='grc' dir='ltr'><strong>ἄκουε</strong></span> <span class='ocrx_word' id='word_1_318' title='bbox 1271 3822 1411 3884; x_wconf 83' lang='grc' dir='ltr'><strong>πῶς·</strong></span> <span class='ocrx_word' id='word_1_319' title='bbox 1467 3825 1565 3877; x_wconf 85' lang='grc' dir='ltr'><strong>Διά</strong></span> <span class='ocrx_word' id='word_1_320' title='bbox 1602 3821 1811 3886; x_wconf 81' lang='grc' dir='ltr'><strong>τοῦτο,</strong></span> <span class='ocrx_word' id='word_1_321' title='bbox 1864 3822 2060 3891; x_wconf 72' lang='grc' dir='ltr'><strong>φησὶν,</strong></span> 
     </span>
    </p>
   </div>
   <div class='ocr_carea' id='block_1_45' title="bbox 500 3902 2063 3975">
    <p class='ocr_par' dir='ltr' id='par_1_45' title="bbox 500 3902 2063 3975">
     <span class='ocr_line' id='line_1_45' title="bbox 500 3902 2063 3975; baseline -0.003 -15"><span class='ocrx_word' id='word_1_322' title='bbox 500 3905 767 3975; x_wconf 61' lang='grc' dir='ltr'><strong>ἀδελφοί,</strong></span> <span class='ocrx_word' id='word_1_323' title='bbox 792 3905 1285 3975; x_wconf 79' lang='grc' dir='ltr'><strong>μετεσχημάτισα</strong></span> <span class='ocrx_word' id='word_1_324' title='bbox 1327 3904 1511 3958; x_wconf 85' lang='grc' dir='ltr'><strong>ταῦτα</strong></span> <span class='ocrx_word' id='word_1_325' title='bbox 1547 3907 1631 3972; x_wconf 83' lang='grc' dir='ltr'><strong>είς</strong></span> <span class='ocrx_word' id='word_1_326' title='bbox 1669 3902 1929 3974; x_wconf 81' lang='grc' dir='ltr'><strong>ἐμαυτὸν</strong></span> <span class='ocrx_word' id='word_1_327' title='bbox 1965 3903 2063 3957; x_wconf 82' lang='grc' dir='ltr'><strong>καί</strong></span> 
     </span>
    </p>
   </div>
   <div class='ocr_carea' id='block_1_46' title="bbox 509 3981 2064 4058">
    <p class='ocr_par' dir='ltr' id='par_1_46' title="bbox 509 3981 2064 4058">
     <span class='ocr_line' id='line_1_46' title="bbox 509 3981 2064 4058; baseline -0.002 -15"><span class='ocrx_word' id='word_1_328' title='bbox 509 3987 801 4043; x_wconf 72' lang='grc' dir='ltr'><strong>Ἀπολλώ.</strong></span> <span class='ocrx_word' id='word_1_329' title='bbox 839 3989 947 4040; x_wconf 82' lang='lat' dir='ltr'><strong><em>Kal</em></strong></span> <span class='ocrx_word' id='word_1_330' title='bbox 983 3987 1088 4058; x_wconf 77' lang='grc' dir='ltr'><strong>μὴν</strong></span> <span class='ocrx_word' id='word_1_331' title='bbox 1114 3985 1230 4056; x_wconf 75' lang='grc' dir='ltr'><strong>οὐχὶ</strong></span> <span class='ocrx_word' id='word_1_332' title='bbox 1262 3986 1443 4050; x_wconf 80' lang='grc' dir='ltr'><strong>αὐτὸς,</strong></span> <span class='ocrx_word' id='word_1_333' title='bbox 1492 3987 1611 4041; x_wconf 82' lang='grc' dir='ltr'><strong>οὐδὲ</strong></span> <span class='ocrx_word' id='word_1_334' title='bbox 1659 3985 1900 4041; x_wconf 81' lang='grc' dir='ltr'><strong>’Λπολλὼ</strong></span> <span class='ocrx_word' id='word_1_335' title='bbox 1924 3981 2064 4057; x_wconf 83' lang='grc' dir='ltr'><strong>ἦσαν</strong></span> 
     </span>
    </p>
   </div>
   <div class='ocr_carea' id='block_1_47' title="bbox 495 4069 2066 4141">
    <p class='ocr_par' dir='ltr' id='par_1_47' title="bbox 495 4069 2066 4141">
     <span class='ocr_line' id='line_1_47' title="bbox 495 4069 2066 4141; baseline -0.001 -19"><span class='ocrx_word' id='word_1_336' title='bbox 495 4072 544 4122; x_wconf 87' lang='grc' dir='ltr'><strong>οί</strong></span> <span class='ocrx_word' id='word_1_337' title='bbox 577 4069 857 4141; x_wconf 90' lang='grc' dir='ltr'><strong>σχίσαντες</strong></span> <span class='ocrx_word' id='word_1_338' title='bbox 890 4069 982 4123; x_wconf 72' lang='grc' dir='ltr'><strong>τὸν</strong></span> <span class='ocrx_word' id='word_1_339' title='bbox 1009 4071 1181 4140; x_wconf 88' lang='grc' dir='ltr'><strong>δῆμον</strong></span> <span class='ocrx_word' id='word_1_340' title='bbox 1225 4070 1320 4122; x_wconf 75' lang='grc' dir='ltr'><strong>καὶ</strong></span> <span class='ocrx_word' id='word_1_341' title='bbox 1373 4069 1472 4140; x_wconf 80' lang='grc' dir='ltr'><strong>τὴν</strong></span> <span class='ocrx_word' id='word_1_342' title='bbox 1521 4069 1849 4139; x_wconf 82' lang='grc' dir='ltr'><strong>Ἐκκλησίαν</strong></span> <span class='ocrx_word' id='word_1_343' title='bbox 1887 4069 2066 4122; x_wconf 87' lang='grc' dir='ltr'><strong>διατε-</strong></span> 
     </span>
    </p>
   </div>
   <div class='ocr_carea' id='block_1_48' title="bbox 498 4150 2066 4225">
    <p class='ocr_par' dir='ltr' id='par_1_48' title="bbox 498 4150 2066 4225">
     <span class='ocr_line' id='line_1_48' title="bbox 498 4150 2066 4225; baseline -0.002 -19"><span class='ocrx_word' id='word_1_344' title='bbox 498 4155 710 4225; x_wconf 83' lang='grc' dir='ltr'><strong>μόντες·</strong></span> <span class='ocrx_word' id='word_1_345' title='bbox 746 4152 859 4205; x_wconf 81' lang='grc' dir='ltr'><strong>ἀλλ’</strong></span> <span class='ocrx_word' id='word_1_346' title='bbox 889 4153 1038 4222; x_wconf 82' lang='grc' dir='ltr'><strong>ὅμως</strong></span> <span class='ocrx_word' id='word_1_347' title='bbox 1081 4151 1403 4205; x_wconf 84' lang='grc' dir='ltr'><strong>συνεσκίασε</strong></span> <span class='ocrx_word' id='word_1_348' title='bbox 1443 4151 1540 4222; x_wconf 81' lang='grc' dir='ltr'><strong>την</strong></span> <span class='ocrx_word' id='word_1_349' title='bbox 1569 4153 1925 4222; x_wconf 87' lang='grc' dir='ltr'><strong>κατηγορίαν,</strong></span> <span class='ocrx_word' id='word_1_350' title='bbox 1971 4150 2066 4204; x_wconf 76' lang='grc' dir='ltr'><strong>καὶ</strong></span> 
     </span>
    </p>
   </div>
   <div class='ocr_carea' id='block_1_49' title="bbox 496 4233 2065 4307">
    <p class='ocr_par' dir='ltr' id='par_1_49' title="bbox 496 4233 2065 4307">
     <span class='ocr_line' id='line_1_49' title="bbox 496 4233 2065 4307; baseline -0.003 -16"><span class='ocrx_word' id='word_1_351' title='bbox 496 4236 752 4307; x_wconf 87' lang='grc' dir='ltr'><strong>καθάπερ</strong></span> <span class='ocrx_word' id='word_1_352' title='bbox 784 4235 1147 4306; x_wconf 86' lang='grc' dir='ltr'><strong>προσωπείοις</strong></span> <span class='ocrx_word' id='word_1_353' title='bbox 1175 4236 1305 4300; x_wconf 77' lang='grc' dir='ltr'><strong>τισὶ,</strong></span> <span class='ocrx_word' id='word_1_354' title='bbox 1343 4237 1454 4298; x_wconf 87' lang='grc' dir='ltr'><strong>τοῖς</strong></span> <span class='ocrx_word' id='word_1_355' title='bbox 1488 4234 1653 4288; x_wconf 86' lang='grc' dir='ltr'><strong>αὐτοῦ</strong></span> <span class='ocrx_word' id='word_1_356' title='bbox 1685 4237 1782 4288; x_wconf 76' lang='grc' dir='ltr'><strong>καὶ</strong></span> <span class='ocrx_word' id='word_1_357' title='bbox 1825 4233 2065 4287; x_wconf 85' lang='grc' dir='ltr'><strong>Ἀπολλὼ</strong></span> 
     </span>
    </p>
   </div>
   <div class='ocr_carea' id='block_1_50' title="bbox 493 4316 2066 4391">
    <p class='ocr_par' dir='ltr' id='par_1_50' title="bbox 493 4316 2066 4391">
     <span class='ocr_line' id='line_1_50' title="bbox 493 4316 2066 4391; baseline -0.001 -19"><span class='ocrx_word' id='word_1_358' title='bbox 493 4319 722 4391; x_wconf 79' lang='grc' dir='ltr'><strong>ὀνόμασι</strong></span> <span class='ocrx_word' id='word_1_359' title='bbox 757 4319 852 4382; x_wconf 89' lang='grc' dir='ltr'><strong>τάς</strong></span> <span class='ocrx_word' id='word_1_360' title='bbox 881 4317 988 4371; x_wconf 87' lang='grc' dir='ltr'><strong>τῶν</strong></span> <span class='ocrx_word' id='word_1_361' title='bbox 1018 4316 1333 4372; x_wconf 81' lang='grc' dir='ltr'><strong>ὑπευθύνων</strong></span> <span class='ocrx_word' id='word_1_362' title='bbox 1368 4316 1692 4388; x_wconf 71' lang='grc' dir='ltr'><strong>ἀποκρύψας</strong></span> <span class='ocrx_word' id='word_1_363' title='bbox 1717 4317 1888 4387; x_wconf 74' lang='grc' dir='ltr'><strong>ὄψεις,</strong></span> <span class='ocrx_word' id='word_1_364' title='bbox 1913 4317 2066 4384; x_wconf 78' lang='grc' dir='ltr'><strong>ἐξου·</strong></span> 
     </span>
    </p>
   </div>
   <div class='ocr_carea' id='block_1_51' title="bbox 499 4398 2065 4472">
    <p class='ocr_par' dir='ltr' id='par_1_51' title="bbox 499 4398 2065 4472">
     <span class='ocr_line' id='line_1_51' title="bbox 499 4398 2065 4472; baseline 0 -18"><span class='ocrx_word' id='word_1_365' title='bbox 499 4403 620 4454; x_wconf 88' lang='grc' dir='ltr'><strong>σίαν</strong></span> <span class='ocrx_word' id='word_1_366' title='bbox 657 4402 839 4463; x_wconf 88' lang='grc' dir='ltr'><strong>αὐτοῖς</strong></span> <span class='ocrx_word' id='word_1_367' title='bbox 872 4399 1043 4453; x_wconf 81' lang='grc' dir='ltr'><strong>ἐδίδου</strong></span> <span class='ocrx_word' id='word_1_368' title='bbox 1094 4398 1496 4470; x_wconf 88' lang='grc' dir='ltr'><strong>μεταϐαλέσθαι</strong></span> <span class='ocrx_word' id='word_1_369' title='bbox 1532 4401 1596 4452; x_wconf 82' lang='grc' dir='ltr'><strong>ὲκ</strong></span> <span class='ocrx_word' id='word_1_370' title='bbox 1644 4398 1744 4469; x_wconf 88' lang='grc' dir='ltr'><strong>τῆς</strong></span> <span class='ocrx_word' id='word_1_371' title='bbox 1799 4402 2065 4472; x_wconf 87' lang='grc' dir='ltr'><strong>πονηρίας</strong></span> 
     </span>
    </p>
   </div>
   <div class='ocr_carea' id='block_1_52' title="bbox 496 4481 2066 4556">
    <p class='ocr_par' dir='ltr' id='par_1_52' title="bbox 496 4481 2066 4556">
     <span class='ocr_line' id='line_1_52' title="bbox 496 4481 2066 4556; baseline 0 -18"><span class='ocrx_word' id='word_1_372' title='bbox 496 4483 731 4556; x_wconf 85' lang='grc' dir='ltr'><strong>ἐκείνης.</strong></span> <span class='ocrx_word' id='word_1_373' title='bbox 767 4483 873 4536; x_wconf 83' lang='lat' dir='ltr'><strong><em>Kal</em></strong></span> <span class='ocrx_word' id='word_1_374' title='bbox 923 4481 1114 4545; x_wconf 88' lang='grc' dir='ltr'><strong>πάλιν,</strong></span> <span class='ocrx_word' id='word_1_375' title='bbox 1174 4481 1396 4549; x_wconf 61' lang='lat' dir='ltr'><strong>Muisz</strong></span> <span class='ocrx_word' id='word_1_376' title='bbox 1444 4482 1698 4538; x_wconf 73' lang='grc' dir='ltr'><strong>ἐλθόντα</strong></span> <span class='ocrx_word' id='word_1_377' title='bbox 1729 4499 1806 4551; x_wconf 82' lang='grc' dir='ltr'><strong>με</strong></span> <span class='ocrx_word' id='word_1_378' title='bbox 1846 4487 1878 4538; x_wconf 88' lang='lat' dir='ltr'><strong>o’</strong></span> <span class='ocrx_word' id='word_1_379' title='bbox 1924 4485 2066 4551; x_wconf 76' lang='grc' dir='ltr'><strong>Θεὸς</strong></span> 
     </span>
    </p>
   </div>
   <div class='ocr_carea' id='block_1_53' title="bbox 497 4563 2066 4634">
    <p class='ocr_par' dir='ltr' id='par_1_53' title="bbox 497 4563 2066 4634">
     <span class='ocr_line' id='line_1_53' title="bbox 497 4563 2066 4634; baseline -0.001 -14"><span class='ocrx_word' id='word_1_380' title='bbox 497 4564 854 4634; x_wconf 78' lang='grc' dir='ltr'><strong>ταπεινώσῃ,</strong></span> <span class='ocrx_word' id='word_1_381' title='bbox 880 4564 977 4618; x_wconf 81' lang='grc' dir='ltr'><strong>καί</strong></span> <span class='ocrx_word' id='word_1_382' title='bbox 999 4564 1281 4633; x_wconf 79' lang='grc' dir='ltr'><strong>πενθήσω</strong></span> <span class='ocrx_word' id='word_1_383' title='bbox 1308 4563 1581 4630; x_wconf 71' lang='grc' dir='ltr'><strong>πολλοὺς</strong></span> <span class='ocrx_word' id='word_1_384' title='bbox 1612 4565 1730 4618; x_wconf 79' lang='grc' dir='ltr'><strong>τῶν</strong></span> <span class='ocrx_word' id='word_1_385' title='bbox 1765 4581 2066 4634; x_wconf 79' lang='grc' dir='ltr'><strong>προημαρ-</strong></span> 
     </span>
    </p>
   </div>
   <div class='ocr_carea' id='block_1_54' title="bbox 495 4646 2067 4719">
    <p class='ocr_par' dir='ltr' id='par_1_54' title="bbox 495 4646 2067 4719">
     <span class='ocr_line' id='line_1_54' title="bbox 495 4646 2067 4719; baseline -0.001 -15"><span class='ocrx_word' id='word_1_386' title='bbox 495 4650 759 4717; x_wconf 65' lang='grc' dir='ltr'><strong>τηκότων</strong></span> <span class='ocrx_word' id='word_1_387' title='bbox 792 4647 889 4702; x_wconf 78' lang='grc' dir='ltr'><strong>καί</strong></span> <span class='ocrx_word' id='word_1_388' title='bbox 912 4647 998 4716; x_wconf 76' lang='grc' dir='ltr'><strong>μὴ</strong></span> <span class='ocrx_word' id='word_1_389' title='bbox 1036 4646 1542 4717; x_wconf 73' lang='grc' dir='ltr'><strong>μετανοησάντων</strong></span> <span class='ocrx_word' id='word_1_390' title='bbox 1579 4648 1677 4701; x_wconf 78' lang='grc' dir='ltr'><strong>ἐπὶ</strong></span> <span class='ocrx_word' id='word_1_391' title='bbox 1708 4647 1784 4717; x_wconf 81' lang='grc' dir='ltr'><strong>τῇ</strong></span> <span class='ocrx_word' id='word_1_392' title='bbox 1807 4650 2067 4719; x_wconf 81' lang='grc' dir='ltr'><strong>ἀκαθαρ-</strong></span> 
     </span>
    </p>
   </div>
   <div class='ocr_carea' id='block_1_55' title="bbox 490 4728 2065 4802">
    <p class='ocr_par' dir='ltr' id='par_1_55' title="bbox 490 4728 2065 4802">
     <span class='ocr_line' id='line_1_55' title="bbox 490 4728 2065 4802; baseline 0.001 -18"><span class='ocrx_word' id='word_1_393' title='bbox 490 4731 602 4798; x_wconf 77' lang='grc' dir='ltr'><strong>σίᾳ</strong></span> <span class='ocrx_word' id='word_1_394' title='bbox 630 4729 728 4783; x_wconf 82' lang='grc' dir='ltr'><strong>καὶ</strong></span> <span class='ocrx_word' id='word_1_395' title='bbox 759 4730 1044 4799; x_wconf 71' lang='grc' dir='ltr'><strong>ἀσελγείᾳ</strong></span> <span class='ocrx_word' id='word_1_396' title='bbox 1076 4728 1113 4796; x_wconf 76' lang='grc' dir='ltr'><strong><em>ᾗ</em></strong></span> <span class='ocrx_word' id='word_1_397' title='bbox 1146 4729 1438 4798; x_wconf 75' lang='grc' dir='ltr'><strong>ἔπραξαν.</strong></span> <span class='ocrx_word' id='word_1_398' title='bbox 1491 4731 1634 4802; x_wconf 79' lang='grc' dir='ltr'><strong>Ὅρα</strong></span> <span class='ocrx_word' id='word_1_399' title='bbox 1685 4731 1803 4795; x_wconf 90' lang='grc' dir='ltr'><strong>πῶς</strong></span> <span class='ocrx_word' id='word_1_400' title='bbox 1853 4733 1944 4786; x_wconf 72' lang='grc' dir='ltr'><strong>καὶ</strong></span> <span class='ocrx_word' id='word_1_401' title='bbox 1978 4737 2065 4786; x_wconf 87' lang='grc' dir='ltr'><strong>ὲν-</strong></span> 
     </span>
    </p>
   </div>
   <div class='ocr_carea' id='block_1_56' title="bbox 494 4812 2067 4889">
    <p class='ocr_par' dir='ltr' id='par_1_56' title="bbox 494 4812 2067 4889">
     <span class='ocr_line' id='line_1_56' title="bbox 494 4812 2067 4889; baseline 0.002 -24"><span class='ocrx_word' id='word_1_402' title='bbox 494 4812 670 4867; x_wconf 81' lang='grc' dir='ltr'><strong>ταῦθα</strong></span> <span class='ocrx_word' id='word_1_403' title='bbox 716 4812 1032 4882; x_wconf 87' lang='grc' dir='ltr'><strong>ἀδιορίστως</strong></span> <span class='ocrx_word' id='word_1_404' title='bbox 1073 4812 1221 4881; x_wconf 85' lang='grc' dir='ltr'><strong>λέγει</strong></span> <span class='ocrx_word' id='word_1_405' title='bbox 1271 4815 1398 4876; x_wconf 75' lang='grc' dir='ltr'><strong>τοὺς</strong></span> <span class='ocrx_word' id='word_1_406' title='bbox 1427 4814 1837 4885; x_wconf 76' lang='grc' dir='ltr'><strong>ἡμαρτηκότας,</strong></span> <span class='ocrx_word' id='word_1_407' title='bbox 1867 4816 1952 4868; x_wconf 88' lang='grc' dir='ltr'><strong>ἴνα</strong></span> <span class='ocrx_word' id='word_1_408' title='bbox 1991 4817 2067 4889; x_wconf 73' lang='grc' dir='ltr'><strong>μὴ</strong></span> 
     </span>
    </p>
   </div>
   <div class='ocr_carea' id='block_1_57' title="bbox 494 4895 2066 4970">
    <p class='ocr_par' dir='ltr' id='par_1_57' title="bbox 494 4895 2066 4970">
     <span class='ocr_line' id='line_1_57' title="bbox 494 4895 2066 4970; baseline 0.003 -21"><span class='ocrx_word' id='word_1_409' title='bbox 494 4895 736 4967; x_wconf 57' lang='grc' dir='ltr'><strong>φανεράν</strong></span> <span class='ocrx_word' id='word_1_410' title='bbox 766 4895 995 4966; x_wconf 78' lang='grc' dir='ltr'><strong>ποιήσας</strong></span> <span class='ocrx_word' id='word_1_411' title='bbox 1033 4895 1132 4966; x_wconf 77' lang='grc' dir='ltr'><strong>την</strong></span> <span class='ocrx_word' id='word_1_412' title='bbox 1179 4896 1532 4966; x_wconf 75' lang='grc' dir='ltr'><strong>κατηγορίαν,</strong></span> <span class='ocrx_word' id='word_1_413' title='bbox 1582 4897 2066 4970; x_wconf 83' lang='grc' dir='ltr'><strong>ἀναισχυντοτέραν</strong></span> 
     </span>
    </p>
   </div>
   <div class='ocr_carea' id='block_1_58' title="bbox 495 4975 2066 5052">
    <p class='ocr_par' dir='ltr' id='par_1_58' title="bbox 495 4975 2066 5052">
     <span class='ocr_line' id='line_1_58' title="bbox 495 4975 2066 5052; baseline 0.003 -21"><span class='ocrx_word' id='word_1_414' title='bbox 495 4979 794 5049; x_wconf 77' lang='grc' dir='ltr'><strong>ἐργάσηται</strong></span> <span class='ocrx_word' id='word_1_415' title='bbox 818 4977 916 5048; x_wconf 83' lang='grc' dir='ltr'><strong>τὴν</strong></span> <span class='ocrx_word' id='word_1_416' title='bbox 946 4975 1052 5030; x_wconf 91' lang='grc' dir='ltr'><strong>τῶν</strong></span> <span class='ocrx_word' id='word_1_417' title='bbox 1084 4978 1484 5048; x_wconf 80' lang='grc' dir='ltr'><strong>ἡμαρτηκότων</strong></span> <span class='ocrx_word' id='word_1_418' title='bbox 1520 4978 1716 5049; x_wconf 77' lang='grc' dir='ltr'><strong>ψυχήν.</strong></span> <span class='ocrx_word' id='word_1_419' title='bbox 1738 4981 1948 5052; x_wconf 82' lang='grc' dir='ltr'><strong>Ὥσπερ</strong></span> <span class='ocrx_word' id='word_1_420' title='bbox 1972 4978 2066 5036; x_wconf 81' lang='grc' dir='ltr'><strong>οὖν</strong></span> 
     </span>
    </p>
   </div>
   <div class='ocr_carea' id='block_1_59' title="bbox 495 5059 2066 5133">
    <p class='ocr_par' dir='ltr' id='par_1_59' title="bbox 495 5059 2066 5133">
     <span class='ocr_line' id='line_1_59' title="bbox 495 5059 2066 5133; baseline 0.004 -21"><span class='ocrx_word' id='word_1_421' title='bbox 495 5064 657 5131; x_wconf 80' lang='grc' dir='ltr'><strong>ἡμεῖς</strong></span> <span class='ocrx_word' id='word_1_422' title='bbox 709 5059 847 5131; x_wconf 86' lang='grc' dir='ltr'><strong>μετά</strong></span> <span class='ocrx_word' id='word_1_423' title='bbox 873 5059 1140 5128; x_wconf 85' lang='grc' dir='ltr'><strong>τοσαύτης</strong></span> <span class='ocrx_word' id='word_1_424' title='bbox 1188 5060 1400 5128; x_wconf 77' lang='grc' dir='ltr'><strong>φειδοῦς</strong></span> <span class='ocrx_word' id='word_1_425' title='bbox 1444 5065 1568 5127; x_wconf 76' lang='grc' dir='ltr'><strong>τούς</strong></span> <span class='ocrx_word' id='word_1_426' title='bbox 1597 5064 1848 5133; x_wconf 79' lang='grc' dir='ltr'><strong>ἐλέγχους</strong></span> <span class='ocrx_word' id='word_1_427' title='bbox 1880 5066 2066 5119; x_wconf 87' lang='grc' dir='ltr'><strong>ποιού-</strong></span> 
     </span>
    </p>
   </div>
   <div class='ocr_carea' id='block_1_60' title="bbox 497 5141 2066 5221">
    <p class='ocr_par' dir='ltr' id='par_1_60' title="bbox 497 5141 2066 5221">
     <span class='ocr_line' id='line_1_60' title="bbox 497 5141 2066 5221; baseline 0.006 -26"><span class='ocrx_word' id='word_1_428' title='bbox 497 5143 668 5213; x_wconf 86' lang='grc' dir='ltr'><strong>μεθα,</strong></span> <span class='ocrx_word' id='word_1_429' title='bbox 702 5141 880 5204; x_wconf 74' lang='grc' dir='ltr'><strong>οὓτω,</strong></span> <span class='ocrx_word' id='word_1_430' title='bbox 941 5141 1279 5213; x_wconf 85' lang='grc' dir='ltr'><strong>παρακαλῶ,</strong></span> <span class='ocrx_word' id='word_1_431' title='bbox 1334 5145 1428 5200; x_wconf 72' lang='grc' dir='ltr'><strong>καὶ</strong></span> <span class='ocrx_word' id='word_1_432' title='bbox 1483 5145 1644 5215; x_wconf 81' lang='grc' dir='ltr'><strong>ὑμεῖς</strong></span> <span class='ocrx_word' id='word_1_433' title='bbox 1705 5148 1842 5218; x_wconf 88' lang='grc' dir='ltr'><strong>μετά</strong></span> <span class='ocrx_word' id='word_1_434' title='bbox 1885 5150 2066 5221; x_wconf 86' lang='grc' dir='ltr'><strong>πάσης</strong></span> 
     </span>
    </p>
   </div>
   <div class='ocr_carea' id='block_1_61' title="bbox 498 5223 2067 5302">
    <p class='ocr_par' dir='ltr' id='par_1_61' title="bbox 498 5223 2067 5302">
     <span class='ocr_line' id='line_1_61' title="bbox 498 5223 2067 5302; baseline 0.006 -24"><span class='ocrx_word' id='word_1_435' title='bbox 498 5225 733 5295; x_wconf 84' lang='grc' dir='ltr'><strong>σπουδῆς</strong></span> <span class='ocrx_word' id='word_1_436' title='bbox 770 5223 992 5291; x_wconf 78' lang='grc' dir='ltr'><strong>δέξασθε</strong></span> <span class='ocrx_word' id='word_1_437' title='bbox 1019 5225 1115 5296; x_wconf 72' lang='grc' dir='ltr'><strong>τὴν</strong></span> <span class='ocrx_word' id='word_1_438' title='bbox 1145 5224 1448 5295; x_wconf 81' lang='grc' dir='ltr'><strong>διόρθωσιν,</strong></span> <span class='ocrx_word' id='word_1_439' title='bbox 1478 5230 1572 5282; x_wconf 71' lang='grc' dir='ltr'><strong>καὶ</strong></span> <span class='ocrx_word' id='word_1_440' title='bbox 1620 5229 1762 5299; x_wconf 89' lang='grc' dir='ltr'><strong>μετά</strong></span> <span class='ocrx_word' id='word_1_441' title='bbox 1781 5231 2067 5302; x_wconf 83' lang='grc' dir='ltr'><strong>ἀκριϐείας</strong></span> 
     </span>
    </p>
   </div>
   <div class='ocr_carea' id='block_1_62' title="bbox 496 5307 1290 5378">
    <p class='ocr_par' dir='ltr' id='par_1_62' title="bbox 496 5307 1290 5378">
     <span class='ocr_line' id='line_1_62' title="bbox 496 5307 1290 5378; baseline 0.003 -17"><span class='ocrx_word' id='word_1_442' title='bbox 496 5311 608 5370; x_wconf 88' lang='grc' dir='ltr'><strong>τοῖς</strong></span> <span class='ocrx_word' id='word_1_443' title='bbox 629 5307 940 5378; x_wconf 87' lang='grc' dir='ltr'><strong>λεγομένοις</strong></span> <span class='ocrx_word' id='word_1_444' title='bbox 974 5307 1290 5378; x_wconf 81' lang='grc' dir='ltr'><strong>προσέχετε.</strong></span> 
     </span>
    </p>
   </div>
   <div class='ocr_carea' id='block_1_63' title="bbox 576 5411 2065 5490">
    <p class='ocr_par' dir='ltr' id='par_1_63' title="bbox 576 5411 2065 5490">
     <span class='ocr_line' id='line_1_63' title="bbox 576 5411 2065 5490; baseline 0.007 -27"><span class='ocrx_word' id='word_1_445' title='bbox 576 5419 637 5464; x_wconf 87' lang='grc' dir='ltr'><strong>ε’.</strong></span> <span class='ocrx_word' id='word_1_446' title='bbox 679 5411 1042 5483; x_wconf 87' lang='grc' dir='ltr'><strong>Διελέχθημεν</strong></span> <span class='ocrx_word' id='word_1_447' title='bbox 1076 5413 1204 5484; x_wconf 83' lang='grc' dir='ltr'><strong>ὑμῖν</strong></span> <span class='ocrx_word' id='word_1_448' title='bbox 1232 5414 1357 5485; x_wconf 88' lang='grc' dir='ltr'><strong>χθές</strong></span> <span class='ocrx_word' id='word_1_449' title='bbox 1383 5417 1510 5488; x_wconf 75' lang='grc' dir='ltr'><strong>περὶ</strong></span> <span class='ocrx_word' id='word_1_450' title='bbox 1544 5417 1644 5488; x_wconf 88' lang='grc' dir='ltr'><strong>τῆς</strong></span> <span class='ocrx_word' id='word_1_451' title='bbox 1665 5418 1944 5490; x_wconf 85' lang='grc' dir='ltr'><strong>δυνάμεως</strong></span> <span class='ocrx_word' id='word_1_452' title='bbox 1968 5419 2065 5490; x_wconf 90' lang='grc' dir='ltr'><strong>τῆς</strong></span> 
     </span>
    </p>
   </div>
   <div class='ocr_carea' id='block_1_64' title="bbox 496 5494 2058 5572">
    <p class='ocr_par' dir='ltr' id='par_1_64' title="bbox 496 5494 2058 5572">
     <span class='ocr_line' id='line_1_64' title="bbox 496 5494 2058 5572; baseline 0.008 -26"><span class='ocrx_word' id='word_1_453' title='bbox 496 5495 637 5548; x_wconf 80' lang='grc' dir='ltr'><strong>κατά</strong></span> <span class='ocrx_word' id='word_1_454' title='bbox 663 5494 760 5566; x_wconf 76' lang='grc' dir='ltr'><strong>τὴν</strong></span> <span class='ocrx_word' id='word_1_455' title='bbox 798 5496 983 5568; x_wconf 81' lang='grc' dir='ltr'><strong>εὐχήν.</strong></span> <span class='ocrx_word' id='word_1_456' title='bbox 1035 5495 1250 5561; x_wconf 81' lang='grc' dir='ltr'><strong>Ἔδειξα</strong></span> <span class='ocrx_word' id='word_1_457' title='bbox 1302 5499 1414 5561; x_wconf 85' lang='grc' dir='ltr'><strong>πῶς</strong></span> <span class='ocrx_word' id='word_1_458' title='bbox 1449 5502 1476 5552; x_wconf 86' lang='grc' dir='ltr'><strong>ὁ</strong></span> <span class='ocrx_word' id='word_1_459' title='bbox 1513 5501 1757 5564; x_wconf 80' lang='grc' dir='ltr'><strong>διάϐολος</strong></span> <span class='ocrx_word' id='word_1_460' title='bbox 1788 5505 1905 5557; x_wconf 86' lang='grc' dir='ltr'><strong>τότε</strong></span> <span class='ocrx_word' id='word_1_461' title='bbox 1963 5507 2058 5572; x_wconf 71' lang='grc' dir='ltr'><strong>ἐερ-</strong></span> 
     </span>
    </p>
   </div>
   <div class='ocr_carea' id='block_1_65' title="bbox 562 5638 1756 5700">
    <p class='ocr_par' dir='ltr' id='par_1_65' title="bbox 562 5638 1756 5700">
     <span class='ocr_line' id='line_1_65' title="bbox 562 5638 1756 5700; baseline 0.008 -13"><span class='ocrx_word' id='word_1_462' title='bbox 562 5638 579 5656; x_wconf 88' lang='grc'><strong>⁹</strong></span> <span class='ocrx_word' id='word_1_463' title='bbox 609 5641 758 5688; x_wconf 72' lang='lat' dir='ltr'><strong>Fortc</strong></span> <span class='ocrx_word' id='word_1_464' title='bbox 784 5643 1012 5700; x_wconf 73' lang='grc' dir='ltr'><strong>γνωστήν.</strong></span> <span class='ocrx_word' id='word_1_465' title='bbox 1039 5643 1152 5693; x_wconf 68' lang='lat' dir='ltr'><strong>Haec</strong></span> <span class='ocrx_word' id='word_1_466' title='bbox 1181 5657 1270 5694; x_wconf 68' lang='lat' dir='ltr'><strong>vox</strong></span> <span class='ocrx_word' id='word_1_467' title='bbox 1298 5645 1432 5695; x_wconf 74' lang='lat' dir='ltr'><strong>abest</strong></span> <span class='ocrx_word' id='word_1_468' title='bbox 1464 5663 1488 5695; x_wconf 71' lang='grc' dir='ltr'><strong>ει</strong></span> <span class='ocrx_word' id='word_1_469' title='bbox 1513 5648 1624 5698; x_wconf 80' lang='lat' dir='ltr'><strong>Cod.</strong></span> <span class='ocrx_word' id='word_1_470' title='bbox 1653 5648 1756 5697; x_wconf 63' lang='grc'><strong>748.</strong></span> 
     </span>
    </p>
   </div>
   <div class='ocr_carea' id='block_1_66' title="bbox 1151 222 2063 296">
    <p class='ocr_par' dir='ltr' id='par_1_66' title="bbox 1151 222 2063 293">
     <span class='ocr_line' id='line_1_66' title="bbox 1151 222 2063 293; baseline 0.011 -13"><span class='ocrx_word' id='word_1_471' title='bbox 1151 222 1220 283; x_wconf 84' lang='lat' dir='ltr'><strong>S.</strong></span> <span class='ocrx_word' id='word_1_472' title='bbox 1257 227 1538 289; x_wconf 71' lang='lat' dir='ltr'><strong>JOANNIS</strong></span> <span class='ocrx_word' id='word_1_473' title='bbox 1576 237 2063 293; x_wconf 71' lang='lat' dir='ltr'><strong>CIIHYSOSTOMI</strong></span> 
     </span>
    </p>
   </div>
   <div class='ocr_carea' id='block_1_67' title="bbox 2166 222 3020 296">
    <p class='ocr_par' dir='ltr' id='par_1_67' title="bbox 2166 236 3020 296">
     <span class='ocr_line' id='line_1_67' title="bbox 2166 236 3020 296; baseline 0.009 -8"><span class='ocrx_word' id='word_1_474' title='bbox 2166 236 2427 289; x_wconf 72' lang='grc' dir='ltr'><strong>ίὶίίΙΙΙί-ΣΡ.</strong></span> <span class='ocrx_word' id='word_1_475' title='bbox 2469 238 2632 290; x_wconf 63' lang='grc' dir='ltr'><strong>(ἷΟΝὲ</strong></span> <span class='ocrx_word' id='word_1_476' title='bbox 2653 239 3020 296; x_wconf 58' lang='grc' dir='ltr'><strong>ΤΑᾸΤΙΧΟΡ.</strong></span> 
     </span>
    </p>
   </div>
   <div class='ocr_carea' id='block_1_68' title="bbox 3619 236 3726 291">
    <p class='ocr_par' dir='ltr' id='par_1_68' title="bbox 3619 236 3726 291">
     <span class='ocr_line' id='line_1_68' title="bbox 3619 236 3726 291; baseline 0.009 -1"><span class='ocrx_word' id='word_1_477' title='bbox 3619 236 3726 291; x_wconf 65' lang='lat'><strong>338</strong></span> 
     </span>
    </p>
   </div>
   <div class='ocr_carea' id='block_1_69' title="bbox 2162 348 3729 422">
    <p class='ocr_par' dir='ltr' id='par_1_69' title="bbox 2162 348 3729 422">
     <span class='ocr_line' id='line_1_69' title="bbox 2162 348 3729 422; baseline 0.004 -23"><span class='ocrx_word' id='word_1_478' title='bbox 2162 348 2373 419; x_wconf 82' lang='grc' dir='ltr'><strong>εδρεύει</strong></span> <span class='ocrx_word' id='word_1_479' title='bbox 2393 351 2690 420; x_wconf 82' lang='grc' dir='ltr'><strong>κακοῦργος</strong></span> <span class='ocrx_word' id='word_1_480' title='bbox 2704 350 2796 404; x_wconf 81' lang='grc' dir='ltr'><strong>ῶν.</strong></span> <span class='ocrx_word' id='word_1_481' title='bbox 2817 351 3028 422; x_wconf 83' lang='grc' dir='ltr'><strong>Ἐπειδὴ</strong></span> <span class='ocrx_word' id='word_1_482' title='bbox 3055 349 3160 420; x_wconf 82' lang='grc' dir='ltr'><strong>γάρ</strong></span> <span class='ocrx_word' id='word_1_483' title='bbox 3179 348 3431 418; x_wconf 82' lang='grc' dir='ltr'><strong>μέγιστον</strong></span> <span class='ocrx_word' id='word_1_484' title='bbox 3453 349 3642 421; x_wconf 79' lang='grc' dir='ltr'><strong>κέρδος</strong></span> <span class='ocrx_word' id='word_1_485' title='bbox 3662 355 3729 405; x_wconf 75' lang='grc' dir='ltr'><strong>ἐκ</strong></span> 
     </span>
    </p>
   </div>
   <div class='ocr_carea' id='block_1_70' title="bbox 2163 431 3730 504">
    <p class='ocr_par' dir='ltr' id='par_1_70' title="bbox 2163 431 3730 504">
     <span class='ocr_line' id='line_1_70' title="bbox 2163 431 3730 504; baseline 0.003 -22"><span class='ocrx_word' id='word_1_486' title='bbox 2163 431 2260 500; x_wconf 87' lang='grc' dir='ltr'><strong>τῆς</strong></span> <span class='ocrx_word' id='word_1_487' title='bbox 2283 432 2450 502; x_wconf 80' lang='grc' dir='ltr'><strong>εὐχῆς</strong></span> <span class='ocrx_word' id='word_1_488' title='bbox 2474 434 2574 503; x_wconf 74' lang='grc' dir='ltr'><strong>δρᾷ</strong></span> <span class='ocrx_word' id='word_1_489' title='bbox 2603 435 2883 504; x_wconf 82' lang='grc' dir='ltr'><strong>γινόμενον</strong></span> <span class='ocrx_word' id='word_1_490' title='bbox 2909 437 3062 504; x_wconf 89' lang='grc' dir='ltr'><strong>ἡμῖν,</strong></span> <span class='ocrx_word' id='word_1_491' title='bbox 3080 435 3200 486; x_wconf 88' lang='grc' dir='ltr'><strong>τότε</strong></span> <span class='ocrx_word' id='word_1_492' title='bbox 3235 432 3472 504; x_wconf 86' lang='grc' dir='ltr'><strong>μάλιστα</strong></span> <span class='ocrx_word' id='word_1_493' title='bbox 3493 434 3730 487; x_wconf 76' lang='grc' dir='ltr'><strong>ἐπιτίθε-</strong></span> 
     </span>
    </p>
   </div>
   <div class='ocr_carea' id='block_1_71' title="bbox 2161 515 3733 590">
    <p class='ocr_par' dir='ltr' id='par_1_71' title="bbox 2161 515 3733 590">
     <span class='ocr_line' id='line_1_71' title="bbox 2161 515 3733 590; baseline 0.004 -26"><span class='ocrx_word' id='word_1_494' title='bbox 2161 529 2272 565; x_wconf 88' lang='grc' dir='ltr'><strong>ται·</strong></span> <span class='ocrx_word' id='word_1_495' title='bbox 2307 515 2390 567; x_wconf 79' lang='grc' dir='ltr'><strong>ἵνα</strong></span> <span class='ocrx_word' id='word_1_496' title='bbox 2412 518 2560 586; x_wconf 81' lang='grc' dir='ltr'><strong>ἡμᾶς</strong></span> <span class='ocrx_word' id='word_1_497' title='bbox 2583 517 2858 590; x_wconf 79' lang='grc' dir='ltr'><strong>ἐκκρούσῃ</strong></span> <span class='ocrx_word' id='word_1_498' title='bbox 2899 519 3000 586; x_wconf 89' lang='grc' dir='ltr'><strong>τῆς</strong></span> <span class='ocrx_word' id='word_1_499' title='bbox 3054 517 3382 585; x_wconf 87' lang='grc' dir='ltr'><strong>ἀπολογίας,</strong></span> <span class='ocrx_word' id='word_1_500' title='bbox 3419 517 3504 570; x_wconf 83' lang='grc' dir='ltr'><strong>ἴνα</strong></span> <span class='ocrx_word' id='word_1_501' title='bbox 3545 521 3733 583; x_wconf 86' lang='grc' dir='ltr'><strong>κεναῖς</strong></span> 
     </span>
    </p>
   </div>
   <div class='ocr_carea' id='block_1_72' title="bbox 2162 595 3736 672">
    <p class='ocr_par' dir='ltr' id='par_1_72' title="bbox 2162 595 3736 672">
     <span class='ocr_line' id='line_1_72' title="bbox 2162 595 3736 672; baseline 0.004 -25"><span class='ocrx_word' id='word_1_502' title='bbox 2162 595 2343 648; x_wconf 74' lang='grc' dir='ltr'><strong>οἶκαδε</strong></span> <span class='ocrx_word' id='word_1_503' title='bbox 2374 598 2674 672; x_wconf 73' lang='grc' dir='ltr'><strong>ἀποπέμψῃ</strong></span> <span class='ocrx_word' id='word_1_504' title='bbox 2720 600 2894 671; x_wconf 88' lang='grc' dir='ltr'><strong>χερσί.</strong></span> <span class='ocrx_word' id='word_1_505' title='bbox 2925 601 3035 654; x_wconf 78' lang='grc' dir='ltr'><strong>Καὶ</strong></span> <span class='ocrx_word' id='word_1_506' title='bbox 3073 599 3332 668; x_wconf 83' lang='grc' dir='ltr'><strong>καθάπερ</strong></span> <span class='ocrx_word' id='word_1_507' title='bbox 3357 599 3453 650; x_wconf 70' lang='grc' dir='ltr'><strong>ἐπὶ</strong></span> <span class='ocrx_word' id='word_1_508' title='bbox 3495 598 3601 652; x_wconf 89' lang='grc' dir='ltr'><strong>τῶν</strong></span> <span class='ocrx_word' id='word_1_509' title='bbox 3633 600 3736 670; x_wconf 82' lang='grc' dir='ltr'><strong>ἀρ-</strong></span> 
     </span>
    </p>
   </div>
   <div class='ocr_carea' id='block_1_73' title="bbox 2163 677 3739 752">
    <p class='ocr_par' dir='ltr' id='par_1_73' title="bbox 2163 677 3739 752">
     <span class='ocr_line' id='line_1_73' title="bbox 2163 677 3739 752; baseline 0.004 -24"><span class='ocrx_word' id='word_1_510' title='bbox 2163 677 2386 746; x_wconf 85' lang='grc' dir='ltr'><strong>χόντων,</strong></span> <span class='ocrx_word' id='word_1_511' title='bbox 2411 681 2631 734; x_wconf 88' lang='grc' dir='ltr'><strong>ἐπειδάν</strong></span> <span class='ocrx_word' id='word_1_512' title='bbox 2671 684 2719 734; x_wconf 85' lang='grc' dir='ltr'><strong>οί</strong></span> <span class='ocrx_word' id='word_1_513' title='bbox 2745 684 2842 752; x_wconf 85' lang='grc' dir='ltr'><strong>τῆς</strong></span> <span class='ocrx_word' id='word_1_514' title='bbox 2864 682 3070 746; x_wconf 76' lang='grc' dir='ltr'><strong>τάξεως</strong></span> <span class='ocrx_word' id='word_1_515' title='bbox 3097 683 3191 736; x_wconf 72' lang='grc' dir='ltr'><strong>καὶ</strong></span> <span class='ocrx_word' id='word_1_516' title='bbox 3223 682 3352 752; x_wconf 82' lang='grc' dir='ltr'><strong>περὶ</strong></span> <span class='ocrx_word' id='word_1_517' title='bbox 3385 679 3558 733; x_wconf 73' lang='grc' dir='ltr'><strong>αὐτὸν</strong></span> <span class='ocrx_word' id='word_1_518' title='bbox 3581 681 3739 744; x_wconf 73' lang='grc' dir='ltr'><strong>ὄντες</strong></span> 
     </span>
    </p>
   </div>
   <div class='ocr_carea' id='block_1_74' title="bbox 2163 760 3734 834">
    <p class='ocr_par' dir='ltr' id='par_1_74' title="bbox 2163 760 3734 834">
     <span class='ocr_line' id='line_1_74' title="bbox 2163 760 3734 834; baseline 0.004 -24"><span class='ocrx_word' id='word_1_519' title='bbox 2163 760 2254 811; x_wconf 79' lang='grc' dir='ltr'><strong>τδν</strong></span> <span class='ocrx_word' id='word_1_520' title='bbox 2281 761 2515 832; x_wconf 84' lang='grc' dir='ltr'><strong>ἄρχοντα</strong></span> <span class='ocrx_word' id='word_1_521' title='bbox 2535 764 2790 834; x_wconf 88' lang='grc' dir='ltr'><strong>ἀπεχθῶς</strong></span> <span class='ocrx_word' id='word_1_522' title='bbox 2809 765 2972 834; x_wconf 76' lang='grc' dir='ltr'><strong>ἔχωσι</strong></span> <span class='ocrx_word' id='word_1_523' title='bbox 2988 764 3120 834; x_wconf 79' lang='grc' dir='ltr'><strong>πρὸς</strong></span> <span class='ocrx_word' id='word_1_524' title='bbox 3137 764 3263 827; x_wconf 84' lang='grc' dir='ltr'><strong>τούς</strong></span> <span class='ocrx_word' id='word_1_525' title='bbox 3285 762 3734 832; x_wconf 79' lang='grc' dir='ltr'><strong>ἐντυγχάνοντας,</strong></span> 
     </span>
    </p>
   </div>
   <div class='ocr_carea' id='block_1_75' title="bbox 2162 841 3737 920">
    <p class='ocr_par' dir='ltr' id='par_1_75' title="bbox 2162 841 3737 920">
     <span class='ocr_line' id='line_1_75' title="bbox 2162 841 3737 920; baseline 0.004 -26"><span class='ocrx_word' id='word_1_526' title='bbox 2162 841 2255 895; x_wconf 68' lang='grc' dir='ltr'><strong>διὰ</strong></span> <span class='ocrx_word' id='word_1_527' title='bbox 2276 844 2384 899; x_wconf 90' lang='grc' dir='ltr'><strong>τῶν</strong></span> <span class='ocrx_word' id='word_1_528' title='bbox 2419 846 2628 918; x_wconf 78' lang='grc' dir='ltr'><strong>ῥάϐδων</strong></span> <span class='ocrx_word' id='word_1_529' title='bbox 2663 848 2945 920; x_wconf 74' lang='grc' dir='ltr'><strong>πόρρωθεν</strong></span> <span class='ocrx_word' id='word_1_530' title='bbox 2977 848 3172 912; x_wconf 73' lang='grc' dir='ltr'><strong>αὐτοὺς</strong></span> <span class='ocrx_word' id='word_1_531' title='bbox 3203 847 3598 908; x_wconf 73' lang='grc' dir='ltr'><strong>ἀπελαύνουσι,</strong></span> <span class='ocrx_word' id='word_1_532' title='bbox 3624 864 3737 900; x_wconf 73' lang='lat' dir='ltr'><strong>m-</strong></span> 
     </span>
    </p>
   </div>
   <div class='ocr_carea' id='block_1_76' title="bbox 2164 923 3736 1001">
    <p class='ocr_par' dir='ltr' id='par_1_76' title="bbox 2164 923 3736 1001">
     <span class='ocr_line' id='line_1_76' title="bbox 2164 923 3736 1001; baseline 0.003 -26"><span class='ocrx_word' id='word_1_533' title='bbox 2164 923 2381 990; x_wconf 76' lang='grc' dir='ltr'><strong>λύοντες</strong></span> <span class='ocrx_word' id='word_1_534' title='bbox 2403 928 2723 998; x_wconf 84' lang='grc' dir='ltr'><strong>προσελθεῖν</strong></span> <span class='ocrx_word' id='word_1_535' title='bbox 2757 932 2852 998; x_wconf 76' lang='grc' dir='ltr'><strong>καὶ</strong></span> <span class='ocrx_word' id='word_1_536' title='bbox 2889 929 3260 1001; x_wconf 86' lang='grc' dir='ltr'><strong>ἀποδύρασθαι</strong></span> <span class='ocrx_word' id='word_1_537' title='bbox 3294 930 3388 983; x_wconf 81' lang='grc' dir='ltr'><strong>καὶ</strong></span> <span class='ocrx_word' id='word_1_538' title='bbox 3429 927 3736 999; x_wconf 78' lang='grc' dir='ltr'><strong>φιλανθρω-</strong></span> 
     </span>
    </p>
   </div>
   <div class='ocr_carea' id='block_1_77' title="bbox 2165 1009 3737 1083">
    <p class='ocr_par' dir='ltr' id='par_1_77' title="bbox 2165 1009 3737 1083">
     <span class='ocr_line' id='line_1_77' title="bbox 2165 1009 3737 1083; baseline 0.003 -23"><span class='ocrx_word' id='word_1_539' title='bbox 2165 1009 2295 1072; x_wconf 87' lang='grc' dir='ltr'><strong>πίας</strong></span> <span class='ocrx_word' id='word_1_540' title='bbox 2324 1014 2526 1080; x_wconf 87' lang='grc' dir='ltr'><strong>τυχεῖν·</strong></span> <span class='ocrx_word' id='word_1_541' title='bbox 2562 1011 2703 1065; x_wconf 82' lang='grc' dir='ltr'><strong>οὐτω</strong></span> <span class='ocrx_word' id='word_1_542' title='bbox 2741 1013 2836 1067; x_wconf 67' lang='grc' dir='ltr'><strong>καὶ</strong></span> <span class='ocrx_word' id='word_1_543' title='bbox 2864 1015 2891 1067; x_wconf 88' lang='lat'><strong>6</strong></span> <span class='ocrx_word' id='word_1_544' title='bbox 2915 1012 3178 1078; x_wconf 88' lang='grc' dir='ltr'><strong>διάϐολος,</strong></span> <span class='ocrx_word' id='word_1_545' title='bbox 3213 1011 3432 1065; x_wconf 85' lang='grc' dir='ltr'><strong>ἐπειδάν</strong></span> <span class='ocrx_word' id='word_1_546' title='bbox 3466 1012 3553 1083; x_wconf 78' lang='grc' dir='ltr'><strong>ῖδῃ</strong></span> <span class='ocrx_word' id='word_1_547' title='bbox 3576 1028 3737 1082; x_wconf 88' lang='grc' dir='ltr'><strong>προσ-</strong></span> 
     </span>
    </p>
   </div>
   <div class='ocr_carea' id='block_1_78' title="bbox 2165 1091 3732 1167">
    <p class='ocr_par' dir='ltr' id='par_1_78' title="bbox 2165 1091 3732 1167">
     <span class='ocr_line' id='line_1_78' title="bbox 2165 1091 3732 1167; baseline 0.001 -25"><span class='ocrx_word' id='word_1_548' title='bbox 2165 1092 2344 1154; x_wconf 80' lang='grc' dir='ltr'><strong>ιόντας</strong></span> <span class='ocrx_word' id='word_1_549' title='bbox 2372 1092 2520 1164; x_wconf 71' lang='grc'><strong>[548]</strong></span> <span class='ocrx_word' id='word_1_550' title='bbox 2545 1093 2622 1163; x_wconf 87' lang='grc' dir='ltr'><strong>τῷ</strong></span> <span class='ocrx_word' id='word_1_551' title='bbox 2652 1093 3203 1167; x_wconf 79' lang='grc' dir='ltr'><strong>δικαστῇ,πόρρωθεν</strong></span> <span class='ocrx_word' id='word_1_552' title='bbox 3235 1093 3550 1156; x_wconf 85' lang='grc' dir='ltr'><strong>ἀπελαύνει,</strong></span> <span class='ocrx_word' id='word_1_553' title='bbox 3568 1095 3626 1146; x_wconf 92' lang='grc' dir='ltr'><strong>οὐ</strong></span> <span class='ocrx_word' id='word_1_554' title='bbox 3645 1091 3732 1144; x_wconf 88' lang='grc' dir='ltr'><strong>διά</strong></span> 
     </span>
    </p>
   </div>
   <div class='ocr_carea' id='block_1_79' title="bbox 2166 1170 3733 1249">
    <p class='ocr_par' dir='ltr' id='par_1_79' title="bbox 2166 1170 3733 1249">
     <span class='ocr_line' id='line_1_79' title="bbox 2166 1170 3733 1249; baseline 0.006 -23"><span class='ocrx_word' id='word_1_555' title='bbox 2166 1173 2386 1243; x_wconf 73' lang='grc' dir='ltr'><strong>ῥάϐδου,</strong></span> <span class='ocrx_word' id='word_1_556' title='bbox 2421 1175 2556 1230; x_wconf 85' lang='grc' dir='ltr'><strong>άλλά</strong></span> <span class='ocrx_word' id='word_1_557' title='bbox 2599 1177 2686 1230; x_wconf 83' lang='grc' dir='ltr'><strong>διὰ</strong></span> <span class='ocrx_word' id='word_1_558' title='bbox 2735 1177 3029 1249; x_wconf 65' lang='grc' dir='ltr'><strong>ῥᾳθυμίας.</strong></span> <span class='ocrx_word' id='word_1_559' title='bbox 3067 1174 3186 1232; x_wconf 77' lang='grc' dir='ltr'><strong>Οίδε</strong></span> <span class='ocrx_word' id='word_1_560' title='bbox 3221 1178 3356 1248; x_wconf 73' lang='grc' dir='ltr'><strong>γὰρ,</strong></span> <span class='ocrx_word' id='word_1_561' title='bbox 3381 1170 3489 1229; x_wconf 75' lang='grc' dir='ltr'><strong>οἶδε</strong></span> <span class='ocrx_word' id='word_1_562' title='bbox 3522 1174 3733 1243; x_wconf 67' lang='grc' dir='ltr'><strong>σαφῶς.</strong></span> 
     </span>
    </p>
   </div>
   <div class='ocr_carea' id='block_1_80' title="bbox 2163 1257 3738 1329">
    <p class='ocr_par' dir='ltr' id='par_1_80' title="bbox 2163 1257 3738 1329">
     <span class='ocr_line' id='line_1_80' title="bbox 2163 1257 3738 1329; baseline 0.005 -21"><span class='ocrx_word' id='word_1_563' title='bbox 2163 1257 2243 1308; x_wconf 85' lang='grc' dir='ltr'><strong>δτι</strong></span> <span class='ocrx_word' id='word_1_564' title='bbox 2277 1257 2341 1309; x_wconf 82' lang='grc' dir='ltr'><strong>ἂν</strong></span> <span class='ocrx_word' id='word_1_565' title='bbox 2365 1259 2703 1328; x_wconf 87' lang='grc' dir='ltr'><strong>προσέλθωσι</strong></span> <span class='ocrx_word' id='word_1_566' title='bbox 2731 1261 3010 1329; x_wconf 76' lang='grc' dir='ltr'><strong>νήφοντες,</strong></span> <span class='ocrx_word' id='word_1_567' title='bbox 3042 1261 3134 1312; x_wconf 69' lang='grc' dir='ltr'><strong>καὶ.</strong></span> <span class='ocrx_word' id='word_1_568' title='bbox 3156 1261 3348 1312; x_wconf 79' lang='grc' dir='ltr'><strong>εῖπωσι</strong></span> <span class='ocrx_word' id='word_1_569' title='bbox 3380 1258 3448 1311; x_wconf 77' lang='grc' dir='ltr'><strong>τά</strong></span> <span class='ocrx_word' id='word_1_570' title='bbox 3483 1260 3738 1327; x_wconf 73' lang='grc' dir='ltr'><strong>ἡμαρτη-</strong></span> 
     </span>
    </p>
   </div>
   <div class='ocr_carea' id='block_1_81' title="bbox 2167 1339 3737 1413">
    <p class='ocr_par' dir='ltr' id='par_1_81' title="bbox 2167 1339 3737 1413">
     <span class='ocr_line' id='line_1_81' title="bbox 2167 1339 3737 1413; baseline -0.001 -22"><span class='ocrx_word' id='word_1_571' title='bbox 2167 1342 2325 1409; x_wconf 88' lang='grc' dir='ltr'><strong>μένα,</strong></span> <span class='ocrx_word' id='word_1_572' title='bbox 2359 1343 2451 1393; x_wconf 75' lang='grc' dir='ltr'><strong>καὶ</strong></span> <span class='ocrx_word' id='word_1_573' title='bbox 2472 1341 2845 1412; x_wconf 87' lang='grc' dir='ltr'><strong>άποδύρωνται</strong></span> <span class='ocrx_word' id='word_1_574' title='bbox 2881 1342 3074 1413; x_wconf 81' lang='grc' dir='ltr'><strong>ζεούσῃ</strong></span> <span class='ocrx_word' id='word_1_575' title='bbox 3098 1345 3164 1413; x_wconf 78' lang='grc' dir='ltr'><strong>τῇ</strong></span> <span class='ocrx_word' id='word_1_576' title='bbox 3199 1341 3392 1411; x_wconf 66' lang='grc' dir='ltr'><strong>ψυχῇ,</strong></span> <span class='ocrx_word' id='word_1_577' title='bbox 3415 1339 3611 1410; x_wconf 74' lang='grc' dir='ltr'><strong>πολλὴν</strong></span> <span class='ocrx_word' id='word_1_578' title='bbox 3645 1339 3737 1391; x_wconf 87' lang='grc' dir='ltr'><strong>λα-</strong></span> 
     </span>
    </p>
   </div>
   <div class='ocr_carea' id='block_1_82' title="bbox 2164 1421 3736 1494">
    <p class='ocr_par' dir='ltr' id='par_1_82' title="bbox 2164 1421 3736 1494">
     <span class='ocr_line' id='line_1_82' title="bbox 2164 1421 3736 1494; baseline 0 -22"><span class='ocrx_word' id='word_1_579' title='bbox 2164 1421 2349 1485; x_wconf 84' lang='grc' dir='ltr'><strong>ϐόντες</strong></span> <span class='ocrx_word' id='word_1_580' title='bbox 2402 1422 2731 1494; x_wconf 80' lang='grc' dir='ltr'><strong>συγγνώμην</strong></span> <span class='ocrx_word' id='word_1_581' title='bbox 2776 1424 3143 1494; x_wconf 86' lang='grc' dir='ltr'><strong>ἀπέρχονται·</strong></span> <span class='ocrx_word' id='word_1_582' title='bbox 3197 1422 3575 1493; x_wconf 81' lang='grc' dir='ltr'><strong>φιλάνθρωπος</strong></span> <span class='ocrx_word' id='word_1_583' title='bbox 3623 1422 3736 1490; x_wconf 87' lang='grc' dir='ltr'><strong>γάρ</strong></span> 
     </span>
    </p>
   </div>
   <div class='ocr_carea' id='block_1_83' title="bbox 2164 1502 3734 1578">
    <p class='ocr_par' dir='ltr' id='par_1_83' title="bbox 2164 1502 3734 1578">
     <span class='ocr_line' id='line_1_83' title="bbox 2164 1502 3734 1578; baseline -0.002 -22"><span class='ocrx_word' id='word_1_584' title='bbox 2164 1506 2309 1557; x_wconf 88' lang='grc' dir='ltr'><strong>ἐστιν</strong></span> <span class='ocrx_word' id='word_1_585' title='bbox 2335 1507 2363 1557; x_wconf 91' lang='lat'><strong>6</strong></span> <span class='ocrx_word' id='word_1_586' title='bbox 2389 1505 2536 1570; x_wconf 85' lang='grc' dir='ltr'><strong>Θεός·</strong></span> <span class='ocrx_word' id='word_1_587' title='bbox 2563 1507 2656 1560; x_wconf 72' lang='grc' dir='ltr'><strong>καὶ</strong></span> <span class='ocrx_word' id='word_1_588' title='bbox 2677 1506 2764 1560; x_wconf 82' lang='grc' dir='ltr'><strong>διά</strong></span> <span class='ocrx_word' id='word_1_589' title='bbox 2791 1508 2948 1561; x_wconf 87' lang='grc' dir='ltr'><strong>τοῦτο</strong></span> <span class='ocrx_word' id='word_1_590' title='bbox 2978 1506 3368 1578; x_wconf 87' lang='grc' dir='ltr'><strong>προλαμϐάνει,</strong></span> <span class='ocrx_word' id='word_1_591' title='bbox 3398 1505 3490 1558; x_wconf 73' lang='grc' dir='ltr'><strong>καὶ</strong></span> <span class='ocrx_word' id='word_1_592' title='bbox 3527 1502 3734 1569; x_wconf 77' lang='grc' dir='ltr'><strong>ἀπάγει</strong></span> 
     </span>
    </p>
   </div>
   <div class='ocr_carea' id='block_1_84' title="bbox 2162 1583 3736 1662">
    <p class='ocr_par' dir='ltr' id='par_1_84' title="bbox 2162 1583 3736 1662">
     <span class='ocr_line' id='line_1_84' title="bbox 2162 1583 3736 1662; baseline -0.001 -24"><span class='ocrx_word' id='word_1_593' title='bbox 2162 1587 2262 1656; x_wconf 86' lang='grc' dir='ltr'><strong>τῆς</strong></span> <span class='ocrx_word' id='word_1_594' title='bbox 2293 1588 2583 1655; x_wconf 77' lang='grc' dir='ltr'><strong>ἐντεύξεως</strong></span> <span class='ocrx_word' id='word_1_595' title='bbox 2613 1591 2830 1655; x_wconf 76' lang='grc' dir='ltr'><strong>αὐτοὺς.</strong></span> <span class='ocrx_word' id='word_1_596' title='bbox 2869 1591 2955 1644; x_wconf 87' lang='grc' dir='ltr'><strong>ῖνα</strong></span> <span class='ocrx_word' id='word_1_597' title='bbox 2998 1589 3224 1662; x_wconf 78' lang='grc' dir='ltr'><strong>μηδενὸς</strong></span> <span class='ocrx_word' id='word_1_598' title='bbox 3256 1583 3336 1642; x_wconf 82' lang='grc' dir='ltr'><strong>ὧν</strong></span> <span class='ocrx_word' id='word_1_599' title='bbox 3371 1588 3577 1641; x_wconf 86' lang='grc' dir='ltr'><strong>δέονται</strong></span> <span class='ocrx_word' id='word_1_600' title='bbox 3621 1588 3736 1638; x_wconf 86' lang='grc' dir='ltr'><strong>ἐπι-</strong></span> 
     </span>
    </p>
   </div>
   <div class='ocr_carea' id='block_1_85' title="bbox 2163 1665 3737 1744">
    <p class='ocr_par' dir='ltr' id='par_1_85' title="bbox 2163 1665 3737 1744">
     <span class='ocr_line' id='line_1_85' title="bbox 2163 1665 3737 1744; baseline -0.003 -21"><span class='ocrx_word' id='word_1_601' title='bbox 2163 1669 2416 1738; x_wconf 85' lang='grc' dir='ltr'><strong>τύχωσιν.</strong></span> <span class='ocrx_word' id='word_1_602' title='bbox 2451 1672 2589 1724; x_wconf 79' lang='grc' dir='ltr'><strong>Ἀλλ’</strong></span> <span class='ocrx_word' id='word_1_603' title='bbox 2617 1675 2664 1726; x_wconf 87' lang='grc' dir='ltr'><strong>οἱ</strong></span> <span class='ocrx_word' id='word_1_604' title='bbox 2693 1673 2792 1744; x_wconf 88' lang='grc' dir='ltr'><strong>μέν</strong></span> <span class='ocrx_word' id='word_1_605' title='bbox 2819 1671 3272 1744; x_wconf 77' lang='grc' dir='ltr'><strong>στρατιῶταιτῶν</strong></span> <span class='ocrx_word' id='word_1_606' title='bbox 3297 1670 3571 1741; x_wconf 85' lang='grc' dir='ltr'><strong>ἀρχόντων</strong></span> <span class='ocrx_word' id='word_1_607' title='bbox 3594 1665 3737 1738; x_wconf 73' lang='grc' dir='ltr'><strong>μετά</strong></span> 
     </span>
    </p>
   </div>
   <div class='ocr_carea' id='block_1_86' title="bbox 2166 1749 3739 1827">
    <p class='ocr_par' dir='ltr' id='par_1_86' title="bbox 2166 1749 3739 1827">
     <span class='ocr_line' id='line_1_86' title="bbox 2166 1749 3739 1827; baseline 0.001 -23"><span class='ocrx_word' id='word_1_608' title='bbox 2166 1751 2287 1821; x_wconf 88' lang='grc' dir='ltr'><strong>βίας</strong></span> <span class='ocrx_word' id='word_1_609' title='bbox 2316 1754 2644 1810; x_wconf 85' lang='grc' dir='ltr'><strong>ἀποσοϐοῦσι</strong></span> <span class='ocrx_word' id='word_1_610' title='bbox 2677 1759 2805 1820; x_wconf 84' lang='grc' dir='ltr'><strong>τούς</strong></span> <span class='ocrx_word' id='word_1_611' title='bbox 2839 1757 3299 1827; x_wconf 85' lang='grc' dir='ltr'><strong>ἐντυγχάνοντας·</strong></span> <span class='ocrx_word' id='word_1_612' title='bbox 3359 1754 3387 1806; x_wconf 90' lang='grc' dir='ltr'><strong>ὁ</strong></span> <span class='ocrx_word' id='word_1_613' title='bbox 3416 1753 3472 1806; x_wconf 86' lang='grc' dir='ltr'><strong>δέ</strong></span> <span class='ocrx_word' id='word_1_614' title='bbox 3501 1753 3560 1805; x_wconf 89' lang='grc' dir='ltr'><strong>οὐ</strong></span> <span class='ocrx_word' id='word_1_615' title='bbox 3595 1749 3739 1820; x_wconf 72' lang='grc' dir='ltr'><strong>μετὰ</strong></span> 
     </span>
    </p>
   </div>
   <div class='ocr_carea' id='block_1_87' title="bbox 2165 1837 3735 1917">
    <p class='ocr_par' dir='ltr' id='par_1_87' title="bbox 2165 1837 3735 1917">
     <span class='ocr_line' id='line_1_87' title="bbox 2165 1837 3735 1917; baseline 0.005 -25"><span class='ocrx_word' id='word_1_616' title='bbox 2165 1841 2432 1912; x_wconf 85' lang='grc' dir='ltr'><strong>ἀνάγκης,</strong></span> <span class='ocrx_word' id='word_1_617' title='bbox 2457 1844 2571 1898; x_wconf 79' lang='grc' dir='ltr'><strong>ἀλλ’</strong></span> <span class='ocrx_word' id='word_1_618' title='bbox 2591 1844 2814 1900; x_wconf 86' lang='grc' dir='ltr'><strong>ἀπατῶν</strong></span> <span class='ocrx_word' id='word_1_619' title='bbox 2837 1848 2982 1917; x_wconf 82' lang='grc' dir='ltr'><strong>ἡμᾶς</strong></span> <span class='ocrx_word' id='word_1_620' title='bbox 3006 1846 3100 1900; x_wconf 72' lang='grc' dir='ltr'><strong>καὶ</strong></span> <span class='ocrx_word' id='word_1_621' title='bbox 3127 1847 3206 1905; x_wconf 86' lang='grc' dir='ltr'><strong>είς</strong></span> <span class='ocrx_word' id='word_1_622' title='bbox 3229 1842 3362 1914; x_wconf 67' lang='grc' dir='ltr'><strong>ραθυ</strong></span> <span class='ocrx_word' id='word_1_623' title='bbox 3371 1841 3496 1912; x_wconf 87' lang='grc' dir='ltr'><strong>μίαν</strong></span> <span class='ocrx_word' id='word_1_624' title='bbox 3526 1840 3551 1892; x_wconf 95' lang='grc' dir='ltr'><strong>ἐ</strong></span> <span class='ocrx_word' id='word_1_625' title='bbox 3560 1837 3735 1910; x_wconf 69' lang='grc' dir='ltr'><strong>μϐάλο</strong></span> 
     </span>
    </p>
   </div>
   <div class='ocr_carea' id='block_1_88' title="bbox 2163 1926 3736 2003">
    <p class='ocr_par' dir='ltr' id='par_1_88' title="bbox 2163 1926 3736 2003">
     <span class='ocr_line' id='line_1_88' title="bbox 2163 1926 3736 2003; baseline -0.002 -23"><span class='ocrx_word' id='word_1_626' title='bbox 2163 1927 2292 1984; x_wconf 87' lang='grc' dir='ltr'><strong>λων.</strong></span> <span class='ocrx_word' id='word_1_627' title='bbox 2316 1931 2415 1985; x_wconf 75' lang='grc' dir='ltr'><strong>Διά</strong></span> <span class='ocrx_word' id='word_1_628' title='bbox 2429 1931 2589 1986; x_wconf 88' lang='grc' dir='ltr'><strong>τοῦτο</strong></span> <span class='ocrx_word' id='word_1_629' title='bbox 2616 1933 2736 1986; x_wconf 87' lang='grc' dir='ltr'><strong>οὐδέ</strong></span> <span class='ocrx_word' id='word_1_630' title='bbox 2770 1931 3102 2003; x_wconf 82' lang='grc' dir='ltr'><strong>συγγνώμης</strong></span> <span class='ocrx_word' id='word_1_631' title='bbox 3131 1929 3298 2000; x_wconf 80' lang='grc' dir='ltr'><strong>ἐσμέν</strong></span> <span class='ocrx_word' id='word_1_632' title='bbox 3325 1926 3483 1991; x_wconf 74' lang='grc' dir='ltr'><strong>ἄξιοι,</strong></span> <span class='ocrx_word' id='word_1_633' title='bbox 3515 1926 3736 1987; x_wconf 74' lang='grc' dir='ltr'><strong>ἑκόντες</strong></span> 
     </span>
    </p>
   </div>
   <div class='ocr_carea' id='block_1_89' title="bbox 2164 2008 3736 2087">
    <p class='ocr_par' dir='ltr' id='par_1_89' title="bbox 2164 2008 3736 2087">
     <span class='ocr_line' id='line_1_89' title="bbox 2164 2008 3736 2087; baseline -0.001 -25"><span class='ocrx_word' id='word_1_634' title='bbox 2164 2011 2390 2076; x_wconf 74' lang='grc' dir='ltr'><strong>ἑαυτοὺς</strong></span> <span class='ocrx_word' id='word_1_635' title='bbox 2428 2014 2855 2087; x_wconf 86' lang='grc' dir='ltr'><strong>ἀποστεροῦντες</strong></span> <span class='ocrx_word' id='word_1_636' title='bbox 2893 2014 3000 2068; x_wconf 89' lang='grc' dir='ltr'><strong>τῶν</strong></span> <span class='ocrx_word' id='word_1_637' title='bbox 3037 2013 3280 2082; x_wconf 84' lang='grc' dir='ltr'><strong>ἀγαθῶν.</strong></span> <span class='ocrx_word' id='word_1_638' title='bbox 3323 2011 3441 2074; x_wconf 81' lang='grc' dir='ltr'><strong>Φῶς</strong></span> <span class='ocrx_word' id='word_1_639' title='bbox 3470 2012 3581 2062; x_wconf 81' lang='grc' dir='ltr'><strong>ἐστι</strong></span> <span class='ocrx_word' id='word_1_640' title='bbox 3611 2008 3736 2061; x_wconf 87' lang='grc' dir='ltr'><strong>δια-</strong></span> 
     </span>
    </p>
   </div>
   <div class='ocr_carea' id='block_1_90' title="bbox 2163 2089 3742 2168">
    <p class='ocr_par' dir='ltr' id='par_1_90' title="bbox 2163 2089 3742 2168">
     <span class='ocr_line' id='line_1_90' title="bbox 2163 2089 3742 2168; baseline -0.004 -22"><span class='ocrx_word' id='word_1_641' title='bbox 2163 2095 2310 2158; x_wconf 88' lang='grc' dir='ltr'><strong>νοίας</strong></span> <span class='ocrx_word' id='word_1_642' title='bbox 2330 2096 2422 2149; x_wconf 76' lang='grc' dir='ltr'><strong>καὶ</strong></span> <span class='ocrx_word' id='word_1_643' title='bbox 2445 2097 2621 2168; x_wconf 60' lang='grc' dir='ltr'><strong>ψυχῆς</strong></span> <span class='ocrx_word' id='word_1_644' title='bbox 2651 2099 2683 2168; x_wconf 90' lang='grc' dir='ltr'><strong>ἡ</strong></span> <span class='ocrx_word' id='word_1_645' title='bbox 2721 2097 2859 2168; x_wconf 89' lang='grc' dir='ltr'><strong>μετά</strong></span> <span class='ocrx_word' id='word_1_646' title='bbox 2888 2096 3120 2166; x_wconf 85' lang='grc' dir='ltr'><strong>σπουδῆς</strong></span> <span class='ocrx_word' id='word_1_647' title='bbox 3145 2095 3313 2165; x_wconf 55' lang='grc' dir='ltr'><strong>εὐχὴν</strong></span> <span class='ocrx_word' id='word_1_648' title='bbox 3331 2092 3446 2162; x_wconf 80' lang='grc' dir='ltr'><strong>φῶς</strong></span> <span class='ocrx_word' id='word_1_649' title='bbox 3471 2089 3742 2145; x_wconf 49' lang='grc' dir='ltr'><strong>ἄσϐεστον..</strong></span> 
     </span>
    </p>
   </div>
   <div class='ocr_carea' id='block_1_91' title="bbox 2164 2171 3733 2251">
    <p class='ocr_par' dir='ltr' id='par_1_91' title="bbox 2164 2171 3733 2251">
     <span class='ocr_line' id='line_1_91' title="bbox 2164 2171 3733 2251; baseline -0.003 -23"><span class='ocrx_word' id='word_1_650' title='bbox 2164 2177 2258 2229; x_wconf 76' lang='grc' dir='ltr'><strong>καὶ</strong></span> <span class='ocrx_word' id='word_1_651' title='bbox 2278 2179 2546 2248; x_wconf 88' lang='grc' dir='ltr'><strong>διηνεκές.</strong></span> <span class='ocrx_word' id='word_1_652' title='bbox 2575 2181 2674 2233; x_wconf 89' lang='grc' dir='ltr'><strong>Διά</strong></span> <span class='ocrx_word' id='word_1_653' title='bbox 2699 2181 2858 2234; x_wconf 84' lang='grc' dir='ltr'><strong>τοῦτο</strong></span> <span class='ocrx_word' id='word_1_654' title='bbox 2880 2180 3104 2251; x_wconf 89' lang='grc' dir='ltr'><strong>μυρίους</strong></span> <span class='ocrx_word' id='word_1_655' title='bbox 3139 2176 3436 2248; x_wconf 80' lang='grc' dir='ltr'><strong>συρφετούς</strong></span> <span class='ocrx_word' id='word_1_656' title='bbox 3459 2171 3733 2241; x_wconf 66' lang='grc' dir='ltr'><strong>λογισμῶν</strong></span> 
     </span>
    </p>
   </div>
   <div class='ocr_carea' id='block_1_92' title="bbox 2163 2252 3739 2334">
    <p class='ocr_par' dir='ltr' id='par_1_92' title="bbox 2163 2252 3739 2334">
     <span class='ocr_line' id='line_1_92' title="bbox 2163 2252 3739 2334; baseline -0.007 -23"><span class='ocrx_word' id='word_1_657' title='bbox 2163 2257 2421 2327; x_wconf 79' lang='grc' dir='ltr'><strong>ἐμϐάλλει</strong></span> <span class='ocrx_word' id='word_1_658' title='bbox 2451 2265 2571 2326; x_wconf 87' lang='grc' dir='ltr'><strong>ταῖς</strong></span> <span class='ocrx_word' id='word_1_659' title='bbox 2614 2263 2906 2334; x_wconf 73' lang='grc' dir='ltr'><strong>ἡμετέραις</strong></span> <span class='ocrx_word' id='word_1_660' title='bbox 2955 2262 2981 2300; x_wconf 71' lang='grc' dir='ltr'><strong>ι)</strong></span> <span class='ocrx_word' id='word_1_661' title='bbox 3028 2261 3305 2323; x_wconf 80' lang='grc' dir='ltr'><strong>διανοίαις,</strong></span> <span class='ocrx_word' id='word_1_662' title='bbox 3347 2258 3439 2312; x_wconf 73' lang='grc' dir='ltr'><strong>καὶ</strong></span> <span class='ocrx_word' id='word_1_663' title='bbox 3467 2257 3605 2325; x_wconf 77' lang='grc' dir='ltr'><strong>άπερ</strong></span> <span class='ocrx_word' id='word_1_664' title='bbox 3637 2252 3739 2306; x_wconf 60' lang='grc' dir='ltr'><strong>οὐ,</strong></span> 
     </span>
    </p>
   </div>
   <div class='ocr_carea' id='block_1_93' title="bbox 2163 2335 3736 2415">
    <p class='ocr_par' dir='ltr' id='par_1_93' title="bbox 2163 2335 3736 2415">
     <span class='ocr_line' id='line_1_93' title="bbox 2163 2335 3736 2415; baseline -0.002 -23"><span class='ocrx_word' id='word_1_665' title='bbox 2163 2339 2352 2396; x_wconf 86' lang='grc' dir='ltr'><strong>δέποτε</strong></span> <span class='ocrx_word' id='word_1_666' title='bbox 2386 2343 2771 2415; x_wconf 85' lang='grc' dir='ltr'><strong>ἐλογισάμεθα,</strong></span> <span class='ocrx_word' id='word_1_667' title='bbox 2823 2344 2996 2398; x_wconf 84' lang='grc' dir='ltr'><strong>ταῦτα</strong></span> <span class='ocrx_word' id='word_1_668' title='bbox 3058 2343 3306 2410; x_wconf 86' lang='grc' dir='ltr'><strong>συνάγων</strong></span> <span class='ocrx_word' id='word_1_669' title='bbox 3347 2342 3404 2394; x_wconf 86' lang='grc' dir='ltr'><strong>ἐν</strong></span> <span class='ocrx_word' id='word_1_670' title='bbox 3451 2338 3528 2408; x_wconf 81' lang='grc' dir='ltr'><strong>τῷ</strong></span> <span class='ocrx_word' id='word_1_671' title='bbox 3555 2335 3736 2406; x_wconf 79' lang='grc' dir='ltr'><strong>καιρῷ</strong></span> 
     </span>
    </p>
   </div>
   <div class='ocr_carea' id='block_1_94' title="bbox 2162 2420 3738 2498">
    <p class='ocr_par' dir='ltr' id='par_1_94' title="bbox 2162 2420 3738 2498">
     <span class='ocr_line' id='line_1_94' title="bbox 2162 2420 3738 2498; baseline -0.002 -23"><span class='ocrx_word' id='word_1_672' title='bbox 2162 2424 2262 2494; x_wconf 82' lang='grc' dir='ltr'><strong>τῆς</strong></span> <span class='ocrx_word' id='word_1_673' title='bbox 2293 2426 2456 2496; x_wconf 85' lang='grc' dir='ltr'><strong>εὐχῆς</strong></span> <span class='ocrx_word' id='word_1_674' title='bbox 2492 2430 2720 2498; x_wconf 89' lang='grc' dir='ltr'><strong>καταχεῖ</strong></span> <span class='ocrx_word' id='word_1_675' title='bbox 2743 2431 2862 2491; x_wconf 89' lang='grc' dir='ltr'><strong>ταῖς</strong></span> <span class='ocrx_word' id='word_1_676' title='bbox 2903 2427 3100 2497; x_wconf 72' lang='grc' dir='ltr'><strong>ψυχαῖς</strong></span> <span class='ocrx_word' id='word_1_677' title='bbox 3141 2427 3316 2495; x_wconf 86' lang='grc' dir='ltr'><strong>ἡμῶν.</strong></span> <span class='ocrx_word' id='word_1_678' title='bbox 3350 2422 3460 2476; x_wconf 83' lang='lat' dir='ltr'><strong><em>Kal</em></strong></span> <span class='ocrx_word' id='word_1_679' title='bbox 3484 2420 3738 2489; x_wconf 80' lang='grc' dir='ltr'><strong>καθάπερ</strong></span> 
     </span>
    </p>
   </div>
   <div class='ocr_carea' id='block_1_95' title="bbox 2162 2504 3747 2579">
    <p class='ocr_par' dir='ltr' id='par_1_95' title="bbox 2162 2504 3747 2579">
     <span class='ocr_line' id='line_1_95' title="bbox 2162 2504 3747 2579; baseline -0.007 -19"><span class='ocrx_word' id='word_1_680' title='bbox 2162 2505 2352 2576; x_wconf 78' lang='grc' dir='ltr'><strong>ἄνεμοι</strong></span> <span class='ocrx_word' id='word_1_681' title='bbox 2374 2508 2633 2573; x_wconf 87' lang='grc' dir='ltr'><strong>πολλάκις</strong></span> <span class='ocrx_word' id='word_1_682' title='bbox 2644 2511 2970 2573; x_wconf 82' lang='grc' dir='ltr'><strong>ἀπεναντίας</strong></span> <span class='ocrx_word' id='word_1_683' title='bbox 2999 2504 3747 2579; x_wconf 51' lang='grc' dir='ltr'><strong>προσπίπτοντεςνλυχνιαῖω.</strong></span> 
     </span>
    </p>
   </div>
   <div class='ocr_carea' id='block_1_96' title="bbox 2166 2584 3755 2664">
    <p class='ocr_par' dir='ltr' id='par_1_96' title="bbox 2166 2584 3755 2664">
     <span class='ocr_line' id='line_1_96' title="bbox 2166 2584 3755 2664; baseline -0.006 -18"><span class='ocrx_word' id='word_1_684' title='bbox 2166 2590 2276 2661; x_wconf 83' lang='grc' dir='ltr'><strong>πῦρ</strong></span> <span class='ocrx_word' id='word_1_685' title='bbox 2321 2591 2694 2662; x_wconf 86' lang='grc' dir='ltr'><strong>ἀναπτόμενον</strong></span> <span class='ocrx_word' id='word_1_686' title='bbox 2755 2594 3069 2664; x_wconf 78' lang='grc' dir='ltr'><strong>ριπίσαντες</strong></span> <span class='ocrx_word' id='word_1_687' title='bbox 3114 2591 3362 2644; x_wconf 77' lang='grc' dir='ltr'><strong>ἔσϐεσαν·</strong></span> <span class='ocrx_word' id='word_1_688' title='bbox 3395 2587 3539 2641; x_wconf 86' lang='grc' dir='ltr'><strong>οῦτω</strong></span> <span class='ocrx_word' id='word_1_689' title='bbox 3584 2585 3682 2639; x_wconf 68' lang='grc' dir='ltr'><strong>καὶ</strong></span> <span class='ocrx_word' id='word_1_690' title='bbox 3711 2584 3755 2635; x_wconf 83' lang='lat'><strong>6-</strong></span> 
     </span>
    </p>
   </div>
   <div class='ocr_carea' id='block_1_97' title="bbox 2161 2675 3750 2753">
    <p class='ocr_par' dir='ltr' id='par_1_97' title="bbox 2161 2675 3750 2753">
     <span class='ocr_line' id='line_1_97' title="bbox 2161 2675 3750 2753; baseline -0.003 -23"><span class='ocrx_word' id='word_1_691' title='bbox 2161 2675 2441 2742; x_wconf 84' lang='grc' dir='ltr'><strong>διάϐολος,</strong></span> <span class='ocrx_word' id='word_1_692' title='bbox 2488 2681 2710 2734; x_wconf 77' lang='grc' dir='ltr'><strong>ἐπειδάν</strong></span> <span class='ocrx_word' id='word_1_693' title='bbox 2762 2682 2848 2753; x_wconf 80' lang='grc' dir='ltr'><strong>ίδῃ</strong></span> <span class='ocrx_word' id='word_1_694' title='bbox 2892 2681 2989 2752; x_wconf 84' lang='grc' dir='ltr'><strong>τὴν</strong></span> <span class='ocrx_word' id='word_1_695' title='bbox 3029 2680 3199 2750; x_wconf 79' lang='grc' dir='ltr'><strong>φλόγα</strong></span> <span class='ocrx_word' id='word_1_696' title='bbox 3246 2678 3348 2748; x_wconf 86' lang='grc' dir='ltr'><strong>τῆς</strong></span> <span class='ocrx_word' id='word_1_697' title='bbox 3397 2676 3562 2746; x_wconf 87' lang='grc' dir='ltr'><strong>εὐχῆς</strong></span> <span class='ocrx_word' id='word_1_698' title='bbox 3604 2676 3750 2744; x_wconf 86' lang='grc' dir='ltr'><strong>ἡμῖν.</strong></span> 
     </span>
    </p>
   </div>
   <div class='ocr_carea' id='block_1_98' title="bbox 2164 2760 3738 2842">
    <p class='ocr_par' dir='ltr' id='par_1_98' title="bbox 2164 2760 3738 2842">
     <span class='ocr_line' id='line_1_98' title="bbox 2164 2760 3738 2842; baseline -0.002 -27"><span class='ocrx_word' id='word_1_699' title='bbox 2164 2762 2577 2838; x_wconf 85' lang='grc' dir='ltr'><strong>ἀναπτομένην,</strong></span> <span class='ocrx_word' id='word_1_700' title='bbox 2638 2769 2858 2839; x_wconf 83' lang='grc' dir='ltr'><strong>μυρίαις</strong></span> <span class='ocrx_word' id='word_1_701' title='bbox 2911 2769 3188 2842; x_wconf 83' lang='grc' dir='ltr'><strong>φροντίσιν</strong></span> <span class='ocrx_word' id='word_1_702' title='bbox 3243 2765 3394 2819; x_wconf 75' lang='grc' dir='ltr'><strong>ἔνθεν</strong></span> <span class='ocrx_word' id='word_1_703' title='bbox 3441 2764 3534 2817; x_wconf 76' lang='grc' dir='ltr'><strong>καὶ</strong></span> <span class='ocrx_word' id='word_1_704' title='bbox 3586 2760 3738 2815; x_wconf 75' lang='grc' dir='ltr'><strong>ἔνθεν</strong></span> 
     </span>
    </p>
   </div>
   <div class='ocr_carea' id='block_1_99' title="bbox 2165 2848 3742 2929">
    <p class='ocr_par' dir='ltr' id='par_1_99' title="bbox 2165 2848 3742 2929">
     <span class='ocr_line' id='line_1_99' title="bbox 2165 2848 3742 2929; baseline -0.013 -10"><span class='ocrx_word' id='word_1_705' title='bbox 2165 2852 2397 2922; x_wconf 67' lang='grc' dir='ltr'><strong>ῥιπίζων</strong></span> <span class='ocrx_word' id='word_1_706' title='bbox 2420 2893 2434 2917; x_wconf 93' lang='grc'><strong>,</strong></span> <span class='ocrx_word' id='word_1_707' title='bbox 2489 2855 2550 2907; x_wconf 84' lang='grc' dir='ltr'><strong>οὐ</strong></span> <span class='ocrx_word' id='word_1_708' title='bbox 2585 2856 2849 2929; x_wconf 87' lang='grc' dir='ltr'><strong>πρότερον</strong></span> <span class='ocrx_word' id='word_1_709' title='bbox 2890 2857 3186 2925; x_wconf 64' lang='grc' dir='ltr'><strong>ἀφίσταται</strong></span> <span class='ocrx_word' id='word_1_710' title='bbox 3223 2854 3330 2916; x_wconf 68' lang='grc' dir='ltr'><strong>ἕως</strong></span> <span class='ocrx_word' id='word_1_711' title='bbox 3378 2851 3444 2905; x_wconf 81' lang='grc' dir='ltr'><strong>ἂν</strong></span> <span class='ocrx_word' id='word_1_712' title='bbox 3477 2849 3648 2920; x_wconf 76' lang='grc' dir='ltr'><strong>σϐέσῃ</strong></span> <span class='ocrx_word' id='word_1_713' title='bbox 3679 2848 3742 2900; x_wconf 76' lang='grc' dir='ltr'><strong>τδ</strong></span> 
     </span>
    </p>
   </div>
   <div class='ocr_carea' id='block_1_100' title="bbox 2164 2937 3750 3012">
    <p class='ocr_par' dir='ltr' id='par_1_100' title="bbox 2164 2937 3750 3012">
     <span class='ocr_line' id='line_1_100' title="bbox 2164 2937 3750 3012; baseline -0.003 -21"><span class='ocrx_word' id='word_1_714' title='bbox 2164 2937 2298 3007; x_wconf 83' lang='grc' dir='ltr'><strong>φῶς.</strong></span> <span class='ocrx_word' id='word_1_715' title='bbox 2344 2940 2483 2993; x_wconf 81' lang='grc' dir='ltr'><strong>Ἀλλ’</strong></span> <span class='ocrx_word' id='word_1_716' title='bbox 2503 2942 2640 3012; x_wconf 80' lang='grc' dir='ltr'><strong>ὅπερ</strong></span> <span class='ocrx_word' id='word_1_717' title='bbox 2663 2943 2711 2996; x_wconf 90' lang='grc' dir='ltr'><strong>οί</strong></span> <span class='ocrx_word' id='word_1_718' title='bbox 2739 2943 2864 3006; x_wconf 79' lang='grc' dir='ltr'><strong>τοὺς</strong></span> <span class='ocrx_word' id='word_1_719' title='bbox 2882 2942 3105 3012; x_wconf 90' lang='grc' dir='ltr'><strong>λύχνους</strong></span> <span class='ocrx_word' id='word_1_720' title='bbox 3139 2940 3378 3002; x_wconf 85' lang='grc' dir='ltr'><strong>ἐκείνους</strong></span> <span class='ocrx_word' id='word_1_721' title='bbox 3407 2937 3750 2996; x_wconf 84' lang='grc' dir='ltr'><strong>ἀνάπτοντες.</strong></span> 
     </span>
    </p>
   </div>
   <div class='ocr_carea' id='block_1_101' title="bbox 2165 3025 3738 3102">
    <p class='ocr_par' dir='ltr' id='par_1_101' title="bbox 2165 3025 3738 3102">
     <span class='ocr_line' id='line_1_101' title="bbox 2165 3025 3738 3102; baseline -0.003 -23"><span class='ocrx_word' id='word_1_722' title='bbox 2165 3027 2402 3094; x_wconf 87' lang='grc' dir='ltr'><strong>ποιοῦσι,</strong></span> <span class='ocrx_word' id='word_1_723' title='bbox 2429 3029 2588 3083; x_wconf 90' lang='grc' dir='ltr'><strong>τοῦτο</strong></span> <span class='ocrx_word' id='word_1_724' title='bbox 2617 3032 2708 3084; x_wconf 78' lang='grc' dir='ltr'><strong>καὶ</strong></span> <span class='ocrx_word' id='word_1_725' title='bbox 2746 3033 2907 3102; x_wconf 81' lang='grc' dir='ltr'><strong>ἡμεῖς</strong></span> <span class='ocrx_word' id='word_1_726' title='bbox 2949 3035 3280 3102; x_wconf 79' lang='grc' dir='ltr'><strong>ποιήσωμεν.</strong></span> <span class='ocrx_word' id='word_1_727' title='bbox 3327 3026 3392 3080; x_wconf 88' lang='grc' dir='ltr'><strong>Τί</strong></span> <span class='ocrx_word' id='word_1_728' title='bbox 3440 3026 3496 3080; x_wconf 82' lang='grc' dir='ltr'><strong>δὲ</strong></span> <span class='ocrx_word' id='word_1_729' title='bbox 3539 3025 3738 3076; x_wconf 80' lang='grc' dir='ltr'><strong>ἐκεῖνοι</strong></span> 
     </span>
    </p>
   </div>
   <div class='ocr_carea' id='block_1_102' title="bbox 2163 3113 3740 3188">
    <p class='ocr_par' dir='ltr' id='par_1_102' title="bbox 2163 3113 3740 3188">
     <span class='ocr_line' id='line_1_102' title="bbox 2163 3113 3740 3188; baseline -0.004 -21"><span class='ocrx_word' id='word_1_730' title='bbox 2163 3114 2447 3183; x_wconf 86' lang='grc' dir='ltr'><strong>ποιοῦσιν;</strong></span> <span class='ocrx_word' id='word_1_731' title='bbox 2492 3118 2738 3173; x_wconf 83' lang='grc' dir='ltr'><strong>Ἐπειδὰν</strong></span> <span class='ocrx_word' id='word_1_732' title='bbox 2777 3119 2961 3172; x_wconf 73' lang='grc' dir='ltr'><strong>ἴδωσιν</strong></span> <span class='ocrx_word' id='word_1_733' title='bbox 3013 3119 3210 3188; x_wconf 79' lang='grc' dir='ltr'><strong>ἄνεμον</strong></span> <span class='ocrx_word' id='word_1_734' title='bbox 3263 3113 3558 3186; x_wconf 87' lang='grc' dir='ltr'><strong>προσιόντα</strong></span> <span class='ocrx_word' id='word_1_735' title='bbox 3606 3126 3740 3176; x_wconf 66' lang='grc' dir='ltr'><strong>σιρο-</strong></span> 
     </span>
    </p>
   </div>
   <div class='ocr_carea' id='block_1_103' title="bbox 2163 3197 3741 3276">
    <p class='ocr_par' dir='ltr' id='par_1_103' title="bbox 2163 3197 3741 3276">
     <span class='ocr_line' id='line_1_103' title="bbox 2163 3197 3741 3276; baseline -0.004 -22"><span class='ocrx_word' id='word_1_736' title='bbox 2163 3201 2310 3272; x_wconf 84' lang='grc' dir='ltr'><strong>δρὸν,</strong></span> <span class='ocrx_word' id='word_1_737' title='bbox 2355 3203 2448 3256; x_wconf 75' lang='grc' dir='ltr'><strong>τὸν</strong></span> <span class='ocrx_word' id='word_1_738' title='bbox 2501 3204 2764 3260; x_wconf 87' lang='grc' dir='ltr'><strong>δάκτυλον</strong></span> <span class='ocrx_word' id='word_1_739' title='bbox 2794 3205 3073 3270; x_wconf 87' lang='grc' dir='ltr'><strong>ἐπιθέντες</strong></span> <span class='ocrx_word' id='word_1_740' title='bbox 3121 3208 3188 3276; x_wconf 79' lang='grc' dir='ltr'><strong>τῇ</strong></span> <span class='ocrx_word' id='word_1_741' title='bbox 3244 3206 3352 3274; x_wconf 80' lang='grc' dir='ltr'><strong>ὁπῇ</strong></span> <span class='ocrx_word' id='word_1_742' title='bbox 3393 3199 3489 3254; x_wconf 85' lang='grc' dir='ltr'><strong>τοῦ</strong></span> <span class='ocrx_word' id='word_1_743' title='bbox 3539 3197 3741 3267; x_wconf 82' lang='grc' dir='ltr'><strong>λύχνου</strong></span> 
     </span>
    </p>
   </div>
   <div class='ocr_carea' id='block_1_104' title="bbox 2165 3285 3740 3364">
    <p class='ocr_par' dir='ltr' id='par_1_104' title="bbox 2165 3285 3740 3364">
     <span class='ocr_line' id='line_1_104' title="bbox 2165 3285 3740 3364; baseline -0.003 -23"><span class='ocrx_word' id='word_1_744' title='bbox 2165 3290 2567 3360; x_wconf 88' lang='grc' dir='ltr'><strong>ἀποτειχίζουσι</strong></span> <span class='ocrx_word' id='word_1_745' title='bbox 2620 3293 2698 3364; x_wconf 85' lang='grc' dir='ltr'><strong>τῷ</strong></span> <span class='ocrx_word' id='word_1_746' title='bbox 2753 3292 3025 3364; x_wconf 89' lang='grc' dir='ltr'><strong>πνεύματι</strong></span> <span class='ocrx_word' id='word_1_747' title='bbox 3070 3293 3168 3362; x_wconf 78' lang='grc' dir='ltr'><strong>τὴν</strong></span> <span class='ocrx_word' id='word_1_748' title='bbox 3212 3289 3437 3344; x_wconf 81' lang='grc' dir='ltr'><strong>εἴσοδον.</strong></span> <span class='ocrx_word' id='word_1_749' title='bbox 3467 3285 3612 3348; x_wconf 77' lang='grc' dir='ltr'><strong>Ἕως</strong></span> <span class='ocrx_word' id='word_1_750' title='bbox 3639 3286 3740 3355; x_wconf 82' lang='grc' dir='ltr'><strong>μὲν</strong></span> 
     </span>
    </p>
   </div>
   <div class='ocr_carea' id='block_1_105' title="bbox 2163 3373 3745 3454">
    <p class='ocr_par' dir='ltr' id='par_1_105' title="bbox 2163 3373 3745 3454">
     <span class='ocr_line' id='line_1_105' title="bbox 2163 3373 3745 3454; baseline -0.016 -6"><span class='ocrx_word' id='word_1_751' title='bbox 2163 3377 2272 3448; x_wconf 74' lang='grc' dir='ltr'><strong>γὰρ</strong></span> <span class='ocrx_word' id='word_1_752' title='bbox 2298 3376 2364 3431; x_wconf 61' lang='grc' dir='ltr'><strong>ἂν</strong></span> <span class='ocrx_word' id='word_1_753' title='bbox 2389 3378 2588 3443; x_wconf 74' lang='grc' dir='ltr'><strong>ἔξωθεν</strong></span> <span class='ocrx_word' id='word_1_754' title='bbox 2627 3380 2964 3454; x_wconf 79' lang='grc' dir='ltr'><strong>προσϐάλλῃ,</strong></span> <span class='ocrx_word' id='word_1_755' title='bbox 3011 3377 3350 3449; x_wconf 88' lang='grc' dir='ltr'><strong>δυνησόμεθα</strong></span> <span class='ocrx_word' id='word_1_756' title='bbox 3393 3373 3703 3442; x_wconf 85' lang='grc' dir='ltr'><strong>ἀντιστῆναι</strong></span> <span class='ocrx_word' id='word_1_757' title='bbox 3720 3387 3745 3401; x_wconf 87' lang='grc'><strong>··</strong></span> 
     </span>
    </p>
   </div>
   <div class='ocr_carea' id='block_1_106' title="bbox 2164 3459 3750 3539">
    <p class='ocr_par' dir='ltr' id='par_1_106' title="bbox 2164 3459 3750 3539">
     <span class='ocr_line' id='line_1_106' title="bbox 2164 3459 3750 3539; baseline 0.002 -21"><span class='ocrx_word' id='word_1_758' title='bbox 2164 3465 2381 3520; x_wconf 75' lang='grc' dir='ltr'><strong>ἐπειδάν</strong></span> <span class='ocrx_word' id='word_1_759' title='bbox 2415 3465 2472 3519; x_wconf 85' lang='grc' dir='ltr'><strong>δέ</strong></span> <span class='ocrx_word' id='word_1_760' title='bbox 2499 3467 2798 3539; x_wconf 83' lang='grc' dir='ltr'><strong>ἀνοίξωμεν</strong></span> <span class='ocrx_word' id='word_1_761' title='bbox 2835 3468 2982 3539; x_wconf 83' lang='grc' dir='ltr'><strong>αὐτῷ</strong></span> <span class='ocrx_word' id='word_1_762' title='bbox 3009 3469 3108 3530; x_wconf 87' lang='grc' dir='ltr'><strong>τάς</strong></span> <span class='ocrx_word' id='word_1_763' title='bbox 3142 3466 3312 3536; x_wconf 85' lang='grc' dir='ltr'><strong>θύρας</strong></span> <span class='ocrx_word' id='word_1_764' title='bbox 3335 3463 3437 3533; x_wconf 85' lang='grc' dir='ltr'><strong>τῆς</strong></span> <span class='ocrx_word' id='word_1_765' title='bbox 3464 3459 3699 3521; x_wconf 72' lang='grc' dir='ltr'><strong>διανοίας</strong></span> <span class='ocrx_word' id='word_1_766' title='bbox 3719 3498 3750 3520; x_wconf 74' lang='grc' dir='ltr'><strong>ν·</strong></span> 
     </span>
    </p>
   </div>
   <div class='ocr_carea' id='block_1_107' title="bbox 2167 3545 3734 3627">
    <p class='ocr_par' dir='ltr' id='par_1_107' title="bbox 2167 3545 3734 3627">
     <span class='ocr_line' id='line_1_107' title="bbox 2167 3545 3734 3627; baseline -0.006 -21"><span class='ocrx_word' id='word_1_767' title='bbox 2167 3553 2262 3606; x_wconf 73' lang='grc' dir='ltr'><strong>καὶ</strong></span> <span class='ocrx_word' id='word_1_768' title='bbox 2282 3553 2434 3608; x_wconf 76' lang='grc' dir='ltr'><strong>ἔνδον</strong></span> <span class='ocrx_word' id='word_1_769' title='bbox 2462 3553 2741 3626; x_wconf 80' lang='grc' dir='ltr'><strong>δεξώμεθα</strong></span> <span class='ocrx_word' id='word_1_770' title='bbox 2768 3556 2860 3610; x_wconf 78' lang='grc' dir='ltr'><strong>τὸν</strong></span> <span class='ocrx_word' id='word_1_771' title='bbox 2903 3555 3121 3627; x_wconf 81' lang='grc' dir='ltr'><strong>ἐχθρὸν,</strong></span> <span class='ocrx_word' id='word_1_772' title='bbox 3147 3556 3246 3608; x_wconf 85' lang='grc' dir='ltr'><strong>οὐκ</strong></span> <span class='ocrx_word' id='word_1_773' title='bbox 3283 3552 3361 3606; x_wconf 77' lang='grc' dir='ltr'><strong>ἐτι</strong></span> <span class='ocrx_word' id='word_1_774' title='bbox 3389 3549 3568 3605; x_wconf 78' lang='grc' dir='ltr'><strong>λοιπὸν</strong></span> <span class='ocrx_word' id='word_1_775' title='bbox 3602 3545 3734 3600; x_wconf 82' lang='grc' dir='ltr'><strong>οὐδέ</strong></span> 
     </span>
    </p>
   </div>
   <div class='ocr_carea' id='block_1_108' title="bbox 2168 3637 3732 3716">
    <p class='ocr_par' dir='ltr' id='par_1_108' title="bbox 2168 3637 3732 3716">
     <span class='ocr_line' id='line_1_108' title="bbox 2168 3637 3732 3716; baseline -0.005 -22"><span class='ocrx_word' id='word_1_776' title='bbox 2168 3641 2360 3712; x_wconf 76' lang='grc' dir='ltr'><strong>μικρὸν</strong></span> <span class='ocrx_word' id='word_1_777' title='bbox 2381 3643 2694 3714; x_wconf 87' lang='grc' dir='ltr'><strong>ἀντιστῆναι</strong></span> <span class='ocrx_word' id='word_1_778' title='bbox 2725 3643 3018 3716; x_wconf 87' lang='grc' dir='ltr'><strong>δυνάμεθα·</strong></span> <span class='ocrx_word' id='word_1_779' title='bbox 3054 3643 3188 3696; x_wconf 88' lang='grc' dir='ltr'><strong>ἀλλά</strong></span> <span class='ocrx_word' id='word_1_780' title='bbox 3211 3637 3531 3710; x_wconf 85' lang='grc' dir='ltr'><strong>πανταχόθεν</strong></span> <span class='ocrx_word' id='word_1_781' title='bbox 3554 3650 3732 3689; x_wconf 79' lang='grc' dir='ltr'><strong>κατα-</strong></span> 
     </span>
    </p>
   </div>
   <div class='ocr_carea' id='block_1_109' title="bbox 2167 3721 3748 3804">
    <p class='ocr_par' dir='ltr' id='par_1_109' title="bbox 2167 3721 3748 3804">
     <span class='ocr_line' id='line_1_109' title="bbox 2167 3721 3748 3804; baseline 0.005 -24"><span class='ocrx_word' id='word_1_782' title='bbox 2167 3729 2368 3794; x_wconf 81' lang='grc' dir='ltr'><strong>σϐέσας</strong></span> <span class='ocrx_word' id='word_1_783' title='bbox 2402 3731 2556 3800; x_wconf 87' lang='grc' dir='ltr'><strong>ἡμῶν</strong></span> <span class='ocrx_word' id='word_1_784' title='bbox 2589 3731 2687 3802; x_wconf 84' lang='grc' dir='ltr'><strong>τὴν</strong></span> <span class='ocrx_word' id='word_1_785' title='bbox 2726 3734 2967 3804; x_wconf 74' lang='grc' dir='ltr'><strong>μνήμην,</strong></span> <span class='ocrx_word' id='word_1_786' title='bbox 3014 3731 3203 3799; x_wconf 84' lang='grc' dir='ltr'><strong>ὥσπερ</strong></span> <span class='ocrx_word' id='word_1_787' title='bbox 3240 3728 3424 3798; x_wconf 82' lang='grc' dir='ltr'><strong>λύχνον</strong></span> <span class='ocrx_word' id='word_1_788' title='bbox 3463 3721 3748 3787; x_wconf 58' lang='grc' dir='ltr'><strong>καπνιζδσ</strong></span> 
     </span>
    </p>
   </div>
   <div class='ocr_carea' id='block_1_110' title="bbox 2168 3810 3753 3891">
    <p class='ocr_par' dir='ltr' id='par_1_110' title="bbox 2168 3810 3753 3891">
     <span class='ocr_line' id='line_1_110' title="bbox 2168 3810 3753 3891; baseline -0.003 -22"><span class='ocrx_word' id='word_1_789' title='bbox 2168 3833 2348 3888; x_wconf 86' lang='grc' dir='ltr'><strong>μενον,</strong></span> <span class='ocrx_word' id='word_1_790' title='bbox 2399 3817 2591 3890; x_wconf 78' lang='grc' dir='ltr'><strong>ἀφίησι</strong></span> <span class='ocrx_word' id='word_1_791' title='bbox 2635 3820 2695 3872; x_wconf 75' lang='grc' dir='ltr'><strong>τὸ</strong></span> <span class='ocrx_word' id='word_1_792' title='bbox 2746 3820 2918 3891; x_wconf 88' lang='grc' dir='ltr'><strong>στόμα</strong></span> <span class='ocrx_word' id='word_1_793' title='bbox 2962 3821 3186 3891; x_wconf 78' lang='grc' dir='ltr'><strong>ρὴματα</strong></span> <span class='ocrx_word' id='word_1_794' title='bbox 3244 3815 3538 3890; x_wconf 76' lang='grc' dir='ltr'><strong>προφέρειν</strong></span> <span class='ocrx_word' id='word_1_795' title='bbox 3579 3810 3753 3865; x_wconf 61' lang='grc' dir='ltr'><strong>κενά,</strong></span> 
     </span>
    </p>
   </div>
   <div class='ocr_carea' id='block_1_111' title="bbox 2181 3897 3753 3977">
    <p class='ocr_par' dir='ltr' id='par_1_111' title="bbox 2181 3897 3753 3977">
     <span class='ocr_line' id='line_1_111' title="bbox 2181 3897 3753 3977; baseline -0.005 -20"><span class='ocrx_word' id='word_1_796' title='bbox 2181 3904 2322 3957; x_wconf 77' lang='grc' dir='ltr'><strong>Ἀλλ’</strong></span> <span class='ocrx_word' id='word_1_797' title='bbox 2351 3905 2500 3958; x_wconf 87' lang='grc' dir='ltr'><strong>ῶσπε</strong></span> <span class='ocrx_word' id='word_1_798' title='bbox 2510 3924 2540 3977; x_wconf 90' lang='grc' dir='ltr'><strong>ρ</strong></span> <span class='ocrx_word' id='word_1_799' title='bbox 2569 3910 2766 3962; x_wconf 86' lang='grc' dir='ltr'><strong>ἐκεῖνοι</strong></span> <span class='ocrx_word' id='word_1_800' title='bbox 2793 3908 2887 3961; x_wconf 75' lang='grc' dir='ltr'><strong>τὸν</strong></span> <span class='ocrx_word' id='word_1_801' title='bbox 2917 3907 3178 3962; x_wconf 86' lang='grc' dir='ltr'><strong>δάκτυλον</strong></span> <span class='ocrx_word' id='word_1_802' title='bbox 3205 3901 3512 3957; x_wconf 81' lang='grc' dir='ltr'><strong>ἐπιτιθέασι</strong></span> <span class='ocrx_word' id='word_1_803' title='bbox 3535 3901 3601 3969; x_wconf 78' lang='grc' dir='ltr'><strong>τῇ</strong></span> <span class='ocrx_word' id='word_1_804' title='bbox 3627 3897 3753 3968; x_wconf 71' lang='grc' dir='ltr'><strong>ὁπῇ</strong></span> 
     </span>
    </p>
   </div>
   <div class='ocr_carea' id='block_1_112' title="bbox 2167 3987 3747 4066">
    <p class='ocr_par' dir='ltr' id='par_1_112' title="bbox 2167 3987 3747 4066">
     <span class='ocr_line' id='line_1_112' title="bbox 2167 3987 3747 4066; baseline -0.002 -21"><span class='ocrx_word' id='word_1_805' title='bbox 2167 3992 2260 4046; x_wconf 90' lang='grc' dir='ltr'><strong>τοῦ</strong></span> <span class='ocrx_word' id='word_1_806' title='bbox 2284 3993 2502 4064; x_wconf 85' lang='grc' dir='ltr'><strong>λύχνου,</strong></span> <span class='ocrx_word' id='word_1_807' title='bbox 2533 3994 2705 4058; x_wconf 75' lang='grc' dir='ltr'><strong>οὕτως</strong></span> <span class='ocrx_word' id='word_1_808' title='bbox 2736 3998 2900 4066; x_wconf 89' lang='grc' dir='ltr'><strong>ἡμεῖς</strong></span> <span class='ocrx_word' id='word_1_809' title='bbox 2938 3995 3212 4065; x_wconf 81' lang='grc' dir='ltr'><strong>ἐπιθῶμεν</strong></span> <span class='ocrx_word' id='word_1_810' title='bbox 3242 3992 3336 4045; x_wconf 81' lang='grc' dir='ltr'><strong>τὸν</strong></span> <span class='ocrx_word' id='word_1_811' title='bbox 3385 3987 3642 4059; x_wconf 79' lang='grc' dir='ltr'><strong>λογισμὸν</strong></span> <span class='ocrx_word' id='word_1_812' title='bbox 3673 3989 3747 4055; x_wconf 78' lang='grc' dir='ltr'><strong>τῇ</strong></span> 
     </span>
    </p>
   </div>
   <div class='ocr_carea' id='block_1_113' title="bbox 2163 4071 3752 4153">
    <p class='ocr_par' dir='ltr' id='par_1_113' title="bbox 2163 4071 3752 4153">
     <span class='ocr_line' id='line_1_113' title="bbox 2163 4071 3752 4153; baseline -0.008 -15"><span class='ocrx_word' id='word_1_813' title='bbox 2163 4081 2412 4153; x_wconf 75' lang='grc' dir='ltr'><strong>ἡμετέρᾳ</strong></span> <span class='ocrx_word' id='word_1_814' title='bbox 2432 4082 2659 4153; x_wconf 81' lang='grc' dir='ltr'><strong>διανοίᾳ·</strong></span> <span class='ocrx_word' id='word_1_815' title='bbox 2692 4083 3096 4153; x_wconf 77' lang='grc' dir='ltr'><strong>ἀποφράξωμεν</strong></span> <span class='ocrx_word' id='word_1_816' title='bbox 3117 4079 3208 4134; x_wconf 86' lang='grc' dir='ltr'><strong>τοῦ</strong></span> <span class='ocrx_word' id='word_1_817' title='bbox 3232 4076 3470 4148; x_wconf 85' lang='grc' dir='ltr'><strong>πονηροῦ</strong></span> <span class='ocrx_word' id='word_1_818' title='bbox 3500 4071 3752 4144; x_wconf 67' lang='grc' dir='ltr'><strong>πνεύμαρ</strong></span> 
     </span>
    </p>
   </div>
   <div class='ocr_carea' id='block_1_114' title="bbox 2164 4161 3754 4242">
    <p class='ocr_par' dir='ltr' id='par_1_114' title="bbox 2164 4161 3754 4242">
     <span class='ocr_line' id='line_1_114' title="bbox 2164 4161 3754 4242; baseline -0.014 -10"><span class='ocrx_word' id='word_1_819' title='bbox 2164 4186 2256 4233; x_wconf 78' lang='grc' dir='ltr'><strong>τος</strong></span> <span class='ocrx_word' id='word_1_820' title='bbox 2284 4170 2382 4239; x_wconf 82' lang='grc' dir='ltr'><strong>τὴν</strong></span> <span class='ocrx_word' id='word_1_821' title='bbox 2410 4169 2636 4234; x_wconf 81' lang='grc' dir='ltr'><strong>εἴσοδον,</strong></span> <span class='ocrx_word' id='word_1_822' title='bbox 2670 4170 2756 4223; x_wconf 84' lang='grc' dir='ltr'><strong>ἵνα</strong></span> <span class='ocrx_word' id='word_1_823' title='bbox 2780 4171 2854 4241; x_wconf 80' lang='grc' dir='ltr'><strong>μὴ</strong></span> <span class='ocrx_word' id='word_1_824' title='bbox 2897 4170 3066 4242; x_wconf 77' lang='grc' dir='ltr'><strong>σϐέσῃ</strong></span> <span class='ocrx_word' id='word_1_825' title='bbox 3101 4168 3258 4240; x_wconf 79' lang='grc' dir='ltr'><strong>ἡμῶν</strong></span> <span class='ocrx_word' id='word_1_826' title='bbox 3289 4166 3350 4220; x_wconf 82' lang='grc' dir='ltr'><strong>τὸ</strong></span> <span class='ocrx_word' id='word_1_827' title='bbox 3370 4165 3485 4235; x_wconf 77' lang='grc' dir='ltr'><strong>φῶς</strong></span> <span class='ocrx_word' id='word_1_828' title='bbox 3522 4166 3621 4233; x_wconf 76' lang='grc' dir='ltr'><strong>τῆς</strong></span> <span class='ocrx_word' id='word_1_829' title='bbox 3654 4161 3754 4214; x_wconf 74' lang='grc' dir='ltr'><strong>εὐ..</strong></span> 
     </span>
    </p>
   </div>
   <div class='ocr_carea' id='block_1_115' title="bbox 2166 4249 3755 4328">
    <p class='ocr_par' dir='ltr' id='par_1_115' title="bbox 2166 4249 3755 4328">
     <span class='ocr_line' id='line_1_115' title="bbox 2166 4249 3755 4328; baseline -0.003 -19"><span class='ocrx_word' id='word_1_830' title='bbox 2166 4255 2292 4326; x_wconf 87' lang='grc' dir='ltr'><strong>χῆς.</strong></span> <span class='ocrx_word' id='word_1_831' title='bbox 2317 4256 2613 4327; x_wconf 84' lang='grc' dir='ltr'><strong>Μέμνησθε</strong></span> <span class='ocrx_word' id='word_1_832' title='bbox 2641 4257 2846 4310; x_wconf 89' lang='grc' dir='ltr'><strong>τούτων</strong></span> <span class='ocrx_word' id='word_1_833' title='bbox 2871 4257 3197 4328; x_wconf 80' lang='grc' dir='ltr'><strong>ἀμφοτέρων</strong></span> <span class='ocrx_word' id='word_1_834' title='bbox 3219 4254 3324 4308; x_wconf 82' lang='grc' dir='ltr'><strong>τῶν</strong></span> <span class='ocrx_word' id='word_1_835' title='bbox 3360 4249 3755 4323; x_wconf 72' lang='grc' dir='ltr'><strong>παράδειγμά·</strong></span> 
     </span>
    </p>
   </div>
   <div class='ocr_carea' id='block_1_116' title="bbox 2165 4335 3758 4416">
    <p class='ocr_par' dir='ltr' id='par_1_116' title="bbox 2165 4335 3758 4416">
     <span class='ocr_line' id='line_1_116' title="bbox 2165 4335 3758 4416; baseline 0.004 -21"><span class='ocrx_word' id='word_1_836' title='bbox 2165 4359 2293 4408; x_wconf 90' lang='grc' dir='ltr'><strong>των,</strong></span> <span class='ocrx_word' id='word_1_837' title='bbox 2317 4344 2410 4397; x_wconf 80' lang='grc' dir='ltr'><strong>καὶ</strong></span> <span class='ocrx_word' id='word_1_838' title='bbox 2441 4344 2534 4398; x_wconf 87' lang='grc' dir='ltr'><strong>τοῦ</strong></span> <span class='ocrx_word' id='word_1_839' title='bbox 2565 4345 2674 4398; x_wconf 90' lang='grc' dir='ltr'><strong>τῶν</strong></span> <span class='ocrx_word' id='word_1_840' title='bbox 2699 4345 3066 4416; x_wconf 81' lang='grc' dir='ltr'><strong>στρατιωτῶν,</strong></span> <span class='ocrx_word' id='word_1_841' title='bbox 3098 4345 3192 4397; x_wconf 71' lang='grc' dir='ltr'><strong>καὶ</strong></span> <span class='ocrx_word' id='word_1_842' title='bbox 3221 4341 3314 4395; x_wconf 90' lang='grc' dir='ltr'><strong>τοῦ</strong></span> <span class='ocrx_word' id='word_1_843' title='bbox 3340 4340 3623 4412; x_wconf 63' lang='grc' dir='ltr'><strong>ἄρχοντας’</strong></span> <span class='ocrx_word' id='word_1_844' title='bbox 3652 4335 3758 4388; x_wconf 59' lang='grc' dir='ltr'><strong>καὶ</strong></span> 
     </span>
    </p>
   </div>
   <div class='ocr_carea' id='block_1_117' title="bbox 2165 4425 3762 4503">
    <p class='ocr_par' dir='ltr' id='par_1_117' title="bbox 2165 4425 3762 4503">
     <span class='ocr_line' id='line_1_117' title="bbox 2165 4425 3762 4503; baseline -0.001 -22"><span class='ocrx_word' id='word_1_845' title='bbox 2165 4429 2259 4483; x_wconf 86' lang='grc' dir='ltr'><strong>τοῦ</strong></span> <span class='ocrx_word' id='word_1_846' title='bbox 2290 4430 2434 4486; x_wconf 89' lang='grc' dir='ltr'><strong>κατά</strong></span> <span class='ocrx_word' id='word_1_847' title='bbox 2466 4431 2558 4484; x_wconf 80' lang='grc' dir='ltr'><strong>τὸν</strong></span> <span class='ocrx_word' id='word_1_848' title='bbox 2583 4431 2810 4503; x_wconf 86' lang='grc' dir='ltr'><strong>λύχνον;</strong></span> <span class='ocrx_word' id='word_1_849' title='bbox 2841 4433 2940 4486; x_wconf 91' lang='grc' dir='ltr'><strong>Διά</strong></span> <span class='ocrx_word' id='word_1_850' title='bbox 2977 4431 3088 4503; x_wconf 83' lang='grc' dir='ltr'><strong>γὰρ</strong></span> <span class='ocrx_word' id='word_1_851' title='bbox 3113 4430 3273 4484; x_wconf 85' lang='grc' dir='ltr'><strong>τοῦτο</strong></span> <span class='ocrx_word' id='word_1_852' title='bbox 3299 4426 3475 4482; x_wconf 89' lang='grc' dir='ltr'><strong>ταῦτα</strong></span> <span class='ocrx_word' id='word_1_853' title='bbox 3512 4425 3762 4492; x_wconf 76' lang='grc' dir='ltr'><strong>λέγομεν</strong></span> 
     </span>
    </p>
   </div>
   <div class='ocr_carea' id='block_1_118' title="bbox 2167 4508 3770 4590">
    <p class='ocr_par' dir='ltr' id='par_1_118' title="bbox 2167 4508 3770 4590">
     <span class='ocr_line' id='line_1_118' title="bbox 2167 4508 3770 4590; baseline 0.002 -20"><span class='ocrx_word' id='word_1_854' title='bbox 2167 4517 2296 4588; x_wconf 84' lang='grc' dir='ltr'><strong>ὑμῖν</strong></span> <span class='ocrx_word' id='word_1_855' title='bbox 2342 4517 2410 4572; x_wconf 81' lang='grc' dir='ltr'><strong>τά</strong></span> <span class='ocrx_word' id='word_1_856' title='bbox 2470 4519 2912 4590; x_wconf 87' lang='grc' dir='ltr'><strong>παραδείγματα,</strong></span> <span class='ocrx_word' id='word_1_857' title='bbox 2945 4520 3004 4572; x_wconf 81' lang='grc' dir='ltr'><strong>ἐν</strong></span> <span class='ocrx_word' id='word_1_858' title='bbox 3048 4513 3130 4582; x_wconf 76' lang='grc' dir='ltr'><strong>οἷς</strong></span> <span class='ocrx_word' id='word_1_859' title='bbox 3178 4513 3543 4588; x_wconf 82' lang='grc' dir='ltr'><strong>στρεφόμεθα.</strong></span> <span class='ocrx_word' id='word_1_860' title='bbox 3572 4512 3640 4564; x_wconf 80' lang='grc' dir='ltr'><strong>ἐν</strong></span> <span class='ocrx_word' id='word_1_861' title='bbox 3672 4508 3770 4573; x_wconf 74' lang='grc' dir='ltr'><strong>οἷς</strong></span> 
     </span>
    </p>
   </div>
   <div class='ocr_carea' id='block_1_119' title="bbox 2167 4601 3768 4678">
    <p class='ocr_par' dir='ltr' id='par_1_119' title="bbox 2167 4601 3768 4678">
     <span class='ocr_line' id='line_1_119' title="bbox 2167 4601 3768 4678; baseline -0.005 -19"><span class='ocrx_word' id='word_1_862' title='bbox 2167 4607 2357 4678; x_wconf 88' lang='grc' dir='ltr'><strong>ἐσμεν,</strong></span> <span class='ocrx_word' id='word_1_863' title='bbox 2383 4607 2468 4661; x_wconf 87' lang='grc' dir='ltr'><strong>ἵνα</strong></span> <span class='ocrx_word' id='word_1_864' title='bbox 2493 4609 2586 4662; x_wconf 73' lang='grc' dir='ltr'><strong>καὶ</strong></span> <span class='ocrx_word' id='word_1_865' title='bbox 2616 4607 2866 4662; x_wconf 82' lang='grc' dir='ltr'><strong>ἐντεῦθεν</strong></span> <span class='ocrx_word' id='word_1_866' title='bbox 2890 4609 3344 4678; x_wconf 75' lang='grc' dir='ltr'><strong>ἀναχωρήσαντες</strong></span> <span class='ocrx_word' id='word_1_867' title='bbox 3369 4603 3464 4657; x_wconf 66' lang='grc' dir='ltr'><strong>καὶ</strong></span> <span class='ocrx_word' id='word_1_868' title='bbox 3488 4601 3637 4654; x_wconf 74' lang='grc' dir='ltr'><strong>οἴκοι</strong></span> <span class='ocrx_word' id='word_1_869' title='bbox 3661 4617 3768 4668; x_wconf 63' lang='grc' dir='ltr'><strong>γε.</strong></span> 
     </span>
    </p>
   </div>
   <div class='ocr_carea' id='block_1_120' title="bbox 2167 4687 3772 4766">
    <p class='ocr_par' dir='ltr' id='par_1_120' title="bbox 2167 4687 3772 4766">
     <span class='ocr_line' id='line_1_120' title="bbox 2167 4687 3772 4766; baseline -0.004 -19"><span class='ocrx_word' id='word_1_870' title='bbox 2167 4693 2402 4764; x_wconf 91' lang='grc' dir='ltr'><strong>νόμενοι,</strong></span> <span class='ocrx_word' id='word_1_871' title='bbox 2451 4695 2560 4749; x_wconf 77' lang='grc' dir='ltr'><strong>ἀπὸ</strong></span> <span class='ocrx_word' id='word_1_872' title='bbox 2588 4696 2698 4748; x_wconf 91' lang='grc' dir='ltr'><strong>τῶν</strong></span> <span class='ocrx_word' id='word_1_873' title='bbox 2748 4696 2808 4749; x_wconf 89' lang='grc' dir='ltr'><strong>ἐν</strong></span> <span class='ocrx_word' id='word_1_874' title='bbox 2840 4696 2998 4766; x_wconf 74' lang='grc' dir='ltr'><strong>χερσὶ</strong></span> <span class='ocrx_word' id='word_1_875' title='bbox 3051 4692 3393 4764; x_wconf 86' lang='grc' dir='ltr'><strong>πραγμάτων</strong></span> <span class='ocrx_word' id='word_1_876' title='bbox 3430 4687 3772 4758; x_wconf 76' lang='grc' dir='ltr'><strong>ὑπόμνησιν</strong></span> 
     </span>
    </p>
   </div>
   <div class='ocr_carea' id='block_1_121' title="bbox 2168 4773 3776 4854">
    <p class='ocr_par' dir='ltr' id='par_1_121' title="bbox 2168 4773 3776 4854">
     <span class='ocr_line' id='line_1_121' title="bbox 2168 4773 3776 4854; baseline -0.004 -21"><span class='ocrx_word' id='word_1_877' title='bbox 2168 4779 2536 4853; x_wconf 87' lang='grc' dir='ltr'><strong>λαμϐάνωμεν</strong></span> <span class='ocrx_word' id='word_1_878' title='bbox 2566 4782 2677 4836; x_wconf 89' lang='grc' dir='ltr'><strong>τῶν</strong></span> <span class='ocrx_word' id='word_1_879' title='bbox 2699 4782 3024 4854; x_wconf 73' lang='grc' dir='ltr'><strong>εἰρημένων.</strong></span> <span class='ocrx_word' id='word_1_880' title='bbox 3068 4779 3226 4852; x_wconf 83' lang='grc' dir='ltr'><strong>Μέγα</strong></span> <span class='ocrx_word' id='word_1_881' title='bbox 3265 4777 3426 4834; x_wconf 80' lang='grc' dir='ltr'><strong>ὅπλον</strong></span> <span class='ocrx_word' id='word_1_882' title='bbox 3451 4773 3619 4844; x_wconf 73' lang='grc' dir='ltr'><strong>εὐχὴ,</strong></span> <span class='ocrx_word' id='word_1_883' title='bbox 3665 4776 3776 4828; x_wconf 74' lang='grc' dir='ltr'><strong>καὶ</strong></span> 
     </span>
    </p>
   </div>
   <div class='ocr_carea' id='block_1_122' title="bbox 2172 4868 2698 4941">
    <p class='ocr_par' dir='ltr' id='par_1_122' title="bbox 2172 4868 2698 4941">
     <span class='ocr_line' id='line_1_122' title="bbox 2172 4868 2698 4941; baseline 0.002 -20"><span class='ocrx_word' id='word_1_884' title='bbox 2172 4868 2380 4941; x_wconf 84' lang='grc' dir='ltr'><strong>μεγάλη</strong></span> <span class='ocrx_word' id='word_1_885' title='bbox 2411 4871 2698 4940; x_wconf 75' lang='grc' dir='ltr'><strong>ἀσφάλεια.</strong></span> 
     </span>
    </p>
   </div>
   <div class='ocr_carea' id='block_1_123' title="bbox 2240 4970 3783 5047">
    <p class='ocr_par' dir='ltr' id='par_1_123' title="bbox 2240 4970 3783 5047">
     <span class='ocr_line' id='line_1_123' title="bbox 2240 4970 3783 5047; baseline -0.001 -20"><span class='ocrx_word' id='word_1_886' title='bbox 2240 4973 2312 5039; x_wconf 83' lang='grc' dir='ltr'><strong>ς’.</strong></span> <span class='ocrx_word' id='word_1_887' title='bbox 2333 4974 2627 5030; x_wconf 83' lang='grc' dir='ltr'><strong>Ἠκούσατε</strong></span> <span class='ocrx_word' id='word_1_888' title='bbox 2648 4976 2794 5047; x_wconf 84' lang='grc' dir='ltr'><strong>χθὲς,</strong></span> <span class='ocrx_word' id='word_1_889' title='bbox 2811 4976 2926 5041; x_wconf 90' lang='grc' dir='ltr'><strong>πῶς</strong></span> <span class='ocrx_word' id='word_1_890' title='bbox 2941 4976 2989 5029; x_wconf 82' lang='grc' dir='ltr'><strong>οἱ</strong></span> <span class='ocrx_word' id='word_1_891' title='bbox 3005 4977 3151 5047; x_wconf 87' lang='grc' dir='ltr'><strong>τρεῖς</strong></span> <span class='ocrx_word' id='word_1_892' title='bbox 3168 4973 3356 5045; x_wconf 88' lang='grc' dir='ltr'><strong>παῖδες¹</strong></span> <span class='ocrx_word' id='word_1_893' title='bbox 3378 4970 3590 5040; x_wconf 75' lang='grc' dir='ltr'><strong>πεπεδη</strong></span> <span class='ocrx_word' id='word_1_894' title='bbox 3601 4973 3783 5042; x_wconf 75' lang='grc' dir='ltr'><strong>μένοε</strong></span> 
     </span>
    </p>
   </div>
   <div class='ocr_carea' id='block_1_124' title="bbox 2169 5059 3786 5136">
    <p class='ocr_par' dir='ltr' id='par_1_124' title="bbox 2169 5059 3786 5136">
     <span class='ocr_line' id='line_1_124' title="bbox 2169 5059 3786 5136; baseline -0.002 -23"><span class='ocrx_word' id='word_1_895' title='bbox 2169 5061 2469 5116; x_wconf 87' lang='grc' dir='ltr'><strong>κατέλυσαν</strong></span> <span class='ocrx_word' id='word_1_896' title='bbox 2498 5063 2597 5134; x_wconf 80' lang='grc' dir='ltr'><strong>τὴν</strong></span> <span class='ocrx_word' id='word_1_897' title='bbox 2617 5063 2709 5116; x_wconf 87' lang='grc' dir='ltr'><strong>τοῦ</strong></span> <span class='ocrx_word' id='word_1_898' title='bbox 2737 5063 2909 5136; x_wconf 81' lang='grc' dir='ltr'><strong>πυρὸς</strong></span> <span class='ocrx_word' id='word_1_899' title='bbox 2935 5063 3187 5133; x_wconf 88' lang='grc' dir='ltr'><strong>δύναμιν,</strong></span> <span class='ocrx_word' id='word_1_900' title='bbox 3212 5062 3327 5125; x_wconf 89' lang='grc' dir='ltr'><strong>πῶς</strong></span> <span class='ocrx_word' id='word_1_901' title='bbox 3352 5059 3786 5130; x_wconf 82' lang='grc' dir='ltr'><strong>κατεπάτησαν.</strong></span> 
     </span>
    </p>
   </div>
   <div class='ocr_carea' id='block_1_125' title="bbox 2168 5145 3780 5222">
    <p class='ocr_par' dir='ltr' id='par_1_125' title="bbox 2168 5145 3780 5222">
     <span class='ocr_line' id='line_1_125' title="bbox 2168 5145 3780 5222; baseline -0.002 -22"><span class='ocrx_word' id='word_1_902' title='bbox 2168 5149 2266 5219; x_wconf 73' lang='grc' dir='ltr'><strong>τὴν</strong></span> <span class='ocrx_word' id='word_1_903' title='bbox 2293 5149 2484 5219; x_wconf 80' lang='grc' dir='ltr'><strong>φλόγα.</strong></span> <span class='ocrx_word' id='word_1_904' title='bbox 2519 5149 2635 5214; x_wconf 91' lang='grc' dir='ltr'><strong>πῶς</strong></span> <span class='ocrx_word' id='word_1_905' title='bbox 2672 5150 3051 5222; x_wconf 82' lang='grc' dir='ltr'><strong>περιεγένοντο</strong></span> <span class='ocrx_word' id='word_1_906' title='bbox 3081 5149 3181 5219; x_wconf 89' lang='grc' dir='ltr'><strong>τῆς</strong></span> <span class='ocrx_word' id='word_1_907' title='bbox 3210 5147 3463 5218; x_wconf 89' lang='grc' dir='ltr'><strong>καμίνου,</strong></span> <span class='ocrx_word' id='word_1_908' title='bbox 3501 5145 3606 5198; x_wconf 72' lang='grc' dir='ltr'><strong>καὶ</strong></span> <span class='ocrx_word' id='word_1_909' title='bbox 3668 5149 3780 5217; x_wconf 79' lang='grc' dir='ltr'><strong>τῆς</strong></span> 
     </span>
    </p>
   </div>
   <div class='ocr_carea' id='block_1_126' title="bbox 2169 5233 3783 5308">
    <p class='ocr_par' dir='ltr' id='par_1_126' title="bbox 2169 5233 3783 5308">
     <span class='ocr_line' id='line_1_126' title="bbox 2169 5233 3783 5308; baseline -0.002 -21"><span class='ocrx_word' id='word_1_910' title='bbox 2169 5235 2447 5306; x_wconf 79' lang='grc' dir='ltr'><strong>ἐνεργείας</strong></span> <span class='ocrx_word' id='word_1_911' title='bbox 2468 5236 2774 5308; x_wconf 83' lang='grc' dir='ltr'><strong>ἐκράτησαν</strong></span> <span class='ocrx_word' id='word_1_912' title='bbox 2802 5237 2894 5292; x_wconf 91' lang='grc' dir='ltr'><strong>τοῦ</strong></span> <span class='ocrx_word' id='word_1_913' title='bbox 2924 5235 3224 5305; x_wconf 88' lang='grc' dir='ltr'><strong>στοιχείου;</strong></span> <span class='ocrx_word' id='word_1_914' title='bbox 3254 5233 3551 5287; x_wconf 78' lang='grc' dir='ltr'><strong>Ἀκούσατε</strong></span> <span class='ocrx_word' id='word_1_915' title='bbox 3577 5235 3783 5304; x_wconf 69' lang='grc' dir='ltr'><strong>σήμε-</strong></span> 
     </span>
    </p>
   </div>
   <div class='ocr_carea' id='block_1_127' title="bbox 2173 5319 3785 5399">
    <p class='ocr_par' dir='ltr' id='par_1_127' title="bbox 2173 5319 3785 5399">
     <span class='ocr_line' id='line_1_127' title="bbox 2173 5319 3785 5399; baseline -0.001 -24"><span class='ocrx_word' id='word_1_916' title='bbox 2173 5340 2261 5394; x_wconf 85' lang='grc' dir='ltr'><strong>ρον</strong></span> <span class='ocrx_word' id='word_1_917' title='bbox 2285 5323 2466 5390; x_wconf 85' lang='grc' dir='ltr'><strong>πάλιν,</strong></span> <span class='ocrx_word' id='word_1_918' title='bbox 2501 5324 2616 5399; x_wconf 85' lang='grc' dir='ltr'><strong>πῶς</strong></span> <span class='ocrx_word' id='word_1_919' title='bbox 2653 5327 2681 5378; x_wconf 94' lang='lat'><strong>6</strong></span> <span class='ocrx_word' id='word_1_920' title='bbox 2731 5327 2974 5392; x_wconf 88' lang='grc' dir='ltr'><strong>γενναῖος</strong></span> <span class='ocrx_word' id='word_1_921' title='bbox 3015 5325 3108 5378; x_wconf 76' lang='grc' dir='ltr'><strong>καὶ</strong></span> <span class='ocrx_word' id='word_1_922' title='bbox 3147 5324 3322 5395; x_wconf 85' lang='grc' dir='ltr'><strong>μέγας</strong></span> <span class='ocrx_word' id='word_1_923' title='bbox 3359 5319 3548 5373; x_wconf 81' lang='grc' dir='ltr'><strong>Ίσαάκ</strong></span> <span class='ocrx_word' id='word_1_924' title='bbox 3579 5321 3785 5394; x_wconf 79' lang='grc' dir='ltr'><strong>αὐτῆς</strong></span> 
     </span>
    </p>
   </div>
   <div class='ocr_carea' id='block_1_128' title="bbox 2170 5407 3786 5482">
    <p class='ocr_par' dir='ltr' id='par_1_128' title="bbox 2170 5407 3786 5482">
     <span class='ocr_line' id='line_1_128' title="bbox 2170 5407 3786 5482; baseline -0.001 -19"><span class='ocrx_word' id='word_1_925' title='bbox 2170 5411 2518 5482; x_wconf 82' lang='grc' dir='ltr'><strong>περιεγένετο</strong></span> <span class='ocrx_word' id='word_1_926' title='bbox 2564 5412 2662 5480; x_wconf 88' lang='grc' dir='ltr'><strong>τῆς</strong></span> <span class='ocrx_word' id='word_1_927' title='bbox 2705 5412 2812 5464; x_wconf 88' lang='grc' dir='ltr'><strong>τῶν</strong></span> <span class='ocrx_word' id='word_1_928' title='bbox 2869 5411 3136 5482; x_wconf 90' lang='grc' dir='ltr'><strong>σωμάτων</strong></span> <span class='ocrx_word' id='word_1_929' title='bbox 3190 5409 3405 5480; x_wconf 80' lang='grc' dir='ltr'><strong>φύσεως</strong></span> <span class='ocrx_word' id='word_1_930' title='bbox 3460 5407 3529 5460; x_wconf 80' lang='grc' dir='ltr'><strong>δι’</strong></span> <span class='ocrx_word' id='word_1_931' title='bbox 3553 5410 3786 5480; x_wconf 71' lang='grc' dir='ltr'><strong>εὐχῆς.</strong></span> 
     </span>
    </p>
   </div>
   <div class='ocr_carea' id='block_1_129' title="bbox 2179 5487 3794 5572">
    <p class='ocr_par' dir='ltr' id='par_1_129' title="bbox 2179 5487 3794 5572">
     <span class='ocr_line' id='line_1_129' title="bbox 2179 5487 3794 5572; baseline 0.002 -22"><span class='ocrx_word' id='word_1_932' title='bbox 2179 5499 2402 5551; x_wconf 83' lang='grc' dir='ltr'><strong>Ἐκεῖνοι</strong></span> <span class='ocrx_word' id='word_1_933' title='bbox 2435 5498 2733 5552; x_wconf 85' lang='grc' dir='ltr'><strong>κατέλυσαν</strong></span> <span class='ocrx_word' id='word_1_934' title='bbox 2765 5498 2858 5550; x_wconf 90' lang='grc' dir='ltr'><strong>τοῦ</strong></span> <span class='ocrx_word' id='word_1_935' title='bbox 2883 5498 3052 5570; x_wconf 77' lang='grc' dir='ltr'><strong>πυρὸς</strong></span> <span class='ocrx_word' id='word_1_936' title='bbox 3077 5498 3176 5570; x_wconf 80' lang='grc' dir='ltr'><strong>τὴν</strong></span> <span class='ocrx_word' id='word_1_937' title='bbox 3199 5496 3446 5568; x_wconf 83' lang='grc' dir='ltr'><strong>δύναμιν,</strong></span> <span class='ocrx_word' id='word_1_938' title='bbox 3469 5487 3650 5560; x_wconf 71' lang='grc' dir='ltr'><strong>οὗτος</strong></span> <span class='ocrx_word' id='word_1_939' title='bbox 3679 5501 3794 5572; x_wconf 49' lang='lat' dir='ltr'><strong>cf:</strong></span> 
     </span>
    </p>
   </div>
   <div class='ocr_carea' id='block_1_130' title="bbox 2233 5650 2964 5717">
    <p class='ocr_par' dir='ltr' id='par_1_130' title="bbox 2233 5650 2964 5717">
     <span class='ocr_line' id='line_1_130' title="bbox 2233 5650 2964 5717; baseline -0.003 -17"><span class='ocrx_word' id='word_1_940' title='bbox 2233 5650 2257 5687; x_wconf 69' lang='grc' dir='ltr'><strong>ιν</strong></span> <span class='ocrx_word' id='word_1_941' title='bbox 2288 5652 2433 5702; x_wconf 74' lang='lat' dir='ltr'><strong>Addit</strong></span> <span class='ocrx_word' id='word_1_942' title='bbox 2457 5653 2569 5704; x_wconf 77' lang='lat' dir='ltr'><strong>Cod.</strong></span> <span class='ocrx_word' id='word_1_943' title='bbox 2595 5653 2683 5701; x_wconf 62' lang='grc' dir='ltr'><strong>τις</strong></span> <span class='ocrx_word' id='word_1_944' title='bbox 2704 5655 2727 5701; x_wconf 87' lang='grc' dir='ltr'>ὁ</span> <span class='ocrx_word' id='word_1_945' title='bbox 2753 5653 2964 5717; x_wconf 68' lang='grc' dir='ltr'><strong>πονηρός.</strong></span> 
     </span>
    </p>
   </div>
  </div>
