4082 6212
373 264 474 320 δτι

368 380 616 445 orabant,
649 373 1014 448 vituperarim,
1047 385 1146 427 nec
1177 371 1338 424 ullum
1367 379 1547 424 tamen
1565 384 1749 425 eorum
1776 366 1956 438 palam

372 472 575 528 notavi.
604 471 879 540 Quotquot
911 466 1070 536 igitur
1107 462 1302 518 conscii
1345 461 1556 516 fuerttnt
1588 475 1699 514 stne
1728 459 1958 528 diligen-

366 569 455 623 tia:
479 607 497 630 ,
542 563 752 618 laudem
803 557 1062 614 orat-tonis
1085 562 1428 625 exceperunt,
1475 563 1528 606 et
1563 551 1807 606 laudibus
1835 549 1954 603 dili-

367 657 643 727 gentiores
681 662 802 709 sunt
836 649 957 704 facti
988 649 1116 720 :qui
1149 662 1276 701 vero
1303 661 1412 700 sua;
1438 643 1644 700 conscii
1685 642 1954 712 negligen-

370 751 457 804 ti:e
485 751 696 802 fuerunt
721 784 740 810 ,
784 755 973 796 rursus
1001 737 1472 808 reprehensionem
1517 743 1842 804 exceperunt
1863 773 1880 796 ,
1907 741 1960 786 et

371 841 632 896 desidiam
658 844 1032 892 excusserunt.
1069 832 1446 887 Verumtamen
1471 845 1642 901 neque
1680 828 1730 882 lti
1760 827 1916 882 nobis
1938 866 1959 890 ,

371 947 548 1002 neque
595 929 668 983 illi
707 933 834 981 sunt
877 925 1020 989 noti,
1065 931 1224 993 atque
1269 922 1382 977 luce
1420 920 1712 991 ignorantia
1744 918 1958 989 prodest

370 1024 629 1091 utrisque.
682 1019 802 1084 Quo
857 1024 1013 1085 pacto
1063 1013 1114 1068 id
1163 1012 1273 1074 flat.
1319 1027 1603 1081 exponam.
1632 1009 1730 1076 Qui
1776 1007 1959 1063 laudes

369 1113 630 1167 orationis
674 1108 916 1174 audivit,
961 1114 1016 1162 et
1058 1120 1170 1160 sua:
1194 1104 1480 1174 diligentia:
1503 1106 1751 1158 conscius
1769 1111 1848 1156 est
1868 1141 1883 1165 ,
1913 1100 1957 1154 si

373 1205 574 1258 multos
599 1201 820 1256 haberet
844 1198 1058 1254 laudum
1091 1205 1252 1250 testes
1276 1237 1291 1261 ,
1324 1196 1378 1249 in
1403 1195 1707 1265 superbiam
1755 1193 1960 1248 labere-

375 1308 462 1349 tur
490 1311 504 1348 :
527 1295 637 1364 jam
668 1307 796 1346 vero
820 1289 1029 1344 laudern
1055 1289 1192 1342 clam
1220 1286 1492 1354 excipiens
1519 1284 1587 1339 ab
1607 1285 1749 1338 omni
1775 1292 1961 1339 osten-

377 1391 576 1440 tatione
600 1393 682 1439 est
711 1381 981 1437 itmnunis.
1013 1380 1218 1435 Rursus
1261 1379 1306 1433 is
1349 1378 1439 1448 qui
1466 1377 1565 1432 sibi
1595 1376 1841 1432 conscius
1878 1387 1962 1432 est

378 1477 735 1550 negligentitr,
767 1475 894 1530 dum
925 1473 1370 1544 vituperationem
1413 1470 1589 1532 audit,
1624 1470 1722 1524 hac
1751 1471 1962 1538 vitupe-

379 1547 585 1624 ratione
602 1547 673 1621 ἀι
707 1567 919 1630 melior,
950 1579 1070 1619 cum
1097 1562 1363 1618 neminem
1391 1577 1502 1616 suae
1531 1560 1964 1630 reprehensionis

381 1663 576 1718 habeat
614 1668 974 1730 Spectatorem
1010 1655 1155 1711 :hoc
1195 1670 1323 1710 vero
1367 1669 1472 1708 non
1522 1653 1860 1708 mediocriter
1887 1653 1960 1707 illi

382 1753 618 1824 prodest.
651 1751 782 1807 Nam
814 1766 934 1806 cum
959 1749 1099 1820 vulgi
1127 1746 1514 1803 existimationi
1540 1747 1706 1800 simus
1729 1745 1923 1800 addicti
1943 1785 1962 1810 ,

378 1845 634 1917 quamdiu
683 1843 896 1914 quidem
944 1842 1111 1896 latere
1155 1854 1256 1895 nos
1282 1847 1534 1910 putamus
1555 1878 1571 1902 ,
1601 1838 1692 1908 qui
1721 1836 1848 1890 tnali
1874 1853 1966 1891 su-

379 1951 528 2002 mus,
563 1934 676 1990 fieri
700 1935 950 1989 meliores
985 1930 1263 1987 studemus
1293 1945 1308 1983 :
1336 1938 1616 1998 postquam
1645 1935 1823 1982 autem
1845 1943 1966 1981 nm-

379 2027 535 2082 nibus
560 2027 887 2081 innotuimns
909 2066 922 2088 ,
968 2034 1022 2079 ct
1066 2022 1314 2077 solatium
1359 2021 1487 2075 illud
1518 2035 1582 2074 ex
1611 2019 1969 2074 occultatione

380 2117 726 2187 perdidimus,
753 2131 820 2172 eo
844 2115 1012 2184 magis
1035 2112 1370 2183 impudentes
1396 2127 1459 2165 ac
1486 2109 1812 2180 negligentes
1838 2124 1967 2164 eva-

378 2211 576 2264 dimus.
619 2209 684 2264 Et
728 2205 1176 2277 quemadmodum
1223 2220 1342 2274 qua:
1391 2203 1710 2271 deteguntur
1755 2203 1967 2265 ulcera,

379 2313 696 2368 semperque
715 2296 1027 2368 frigidoaeri
1049 2303 1408 2364 exponuntur,
1428 2293 1697 2347 acerbiora
1719 2292 1876 2346 fiunt:
1898 2293 1966 2346 ita

378 2405 592 2460 quoque
638 2389 816 2444 anima
863 2387 1062 2458 peccati
1111 2402 1200 2440 rea
1223 2427 1238 2452 ,
1267 2385 1311 2440 si
1339 2399 1518 2438 coram
1559 2385 1739 2438 multis
1763 2425 1778 2448 ,
1811 2384 1880 2439 ob
1906 2400 1967 2438 ea

379 2497 498 2551 qua:
525 2480 768 2549 deliquit,
800 2477 1252 2547 reprehendatur,
1287 2475 1644 2544 impudentior
1667 2474 1860 2529 evadit.
1891 2473 1971 2528 Ne

379 2572 536 2640 igitur
560 2569 660 2625 hoc
683 2569 949 2624 accideret
975 2610 990 2634 ,
1022 2569 1158 2622 clam
1204 2581 1300 2621 vos
1335 2581 1513 2620 sermo
1542 2564 1765 2619 curavit.
1798 2566 1970 2634 Atque

378 2669 434 2714 nt
481 2659 786 2730 intelligatis
818 2657 1122 2712 -admodum
1163 2656 1346 2712 utilem
1390 2655 1525 2710 hanc
1552 2655 1812 2710 occultam
1849 2669 1971 2710 esse

379 2749 626 2806 medendi
673 2751 930 2805 rationem
956 2791 972 2815 ,
1017 2747 1198 2804 audite
1240 2747 1365 2818 quid
1413 2747 1654 2802 Christus
1696 2746 1874 2801 dicat:
1908 2746 1969 2800 Si

378 2842 650 2909 peccaverit
679 2841 730 2894 in
756 2851 803 2894 te
823 2843 982 2912 frater
1011 2850 1124 2894 tuus
1143 2880 1157 2904 ,
1188 2839 1386 2906 corripe
1414 2854 1525 2892 eum
1555 2852 1575 2892 :
1593 2826 1652 2892 et
1681 2853 1786 2892 non
1813 2837 1972 2902 dixit,

378 2931 516 2986 inter
540 2941 594 2987 te
617 2939 671 2987 et
696 2931 963 2986 civitatem
989 2970 1004 2997 ,
1037 2945 1208 3000 neque
1231 2930 1370 2984 inter
1401 2935 1450 2983 te
1476 2937 1526 2982 et
1554 2927 1804 2997 populum
1830 2969 1848 2994 ,
1876 2927 1974 2981 sed

376 3022 519 3077 Inter
566 3032 615 3077 te
654 3031 702 3076 et
747 3022 915 3090 ipsum
968 3021 1132 3075 solum
1176 3019 1400 3092 (Matth.
1431 3019 1519 3075 18.
1561 3020 1684 3087 l5).
1721 3017 1803 3074 Sit
1851 3019 1970 3076 sine

385 3112 612 3166 testibus
648 3113 938 3178 accusatio,
979 3112 1182 3181 inquit,
1215 3120 1276 3166 ut
1302 3110 1510 3166 facilior
1553 3112 1622 3165 sit
1665 3112 1890 3166 mutatio
1915 3112 1968 3167 in

378 3204 594 3256 melius.
626 3202 870 3272 Magnum
910 3217 1038 3272 ergo
1066 3203 1261 3256 bonum
1289 3213 1370 3258 est
1395 3243 1409 3268 ,
1440 3202 1485 3256 si
1511 3218 1614 3257 non
1645 3203 1851 3271 publice
1881 3204 1971 3258 fiat

378 3295 700 3350 cohortatio.
757 3295 964 3350 Sufficit
1003 3295 1586 3350 conscientia:suflicit
1632 3295 1972 3365 incorruptus

379 3371 674 3459 ille‘judcs.
727 3387 844 3444 Non
893 3387 962 3442 ita
1011 3397 1067 3443 tu
1112 3397 1445 3458 peccatorem
1477 3388 1866 3459 reprehendis,
1912 3399 1965 3444 ut

377 3480 548 3549 ipsius
587 3479 912 3536 conscientia
943 3478 1170 3552 (quippe
1205 3477 1347 3550 quod
1395 3479 1636 3550 asperior
1666 3479 1755 3534 ille
1779 3480 1849 3533 sit
1874 3493 1968 3534 ac-

374 3570 628 3644 cusator)
657 3614 672 3638 ,
705 3587 880 3642 neque
908 3571 1099 3626 delicta
1141 3571 1260 3641 ejus
1306 3571 1614 3627 accuratius
1657 3571 1816 3626 nosti.
1847 3569 1969 3626 Noli

375 3681 502 3735 ergo
533 3666 724 3720 vulnus
768 3665 1077 3719 vulneribus
1106 3664 1302 3718 addere
1323 3704 1338 3728 ,
1369 3663 1496 3717 dum
1538 3671 1811 3718 auctorem
1841 3678 1967 3732 pec-

375 3755 476 3808 cati
508 3754 770 3824 divulgas,
803 3755 896 3808 sed
924 3754 1148 3808 semotis
1175 3753 1392 3806 arbitris
1422 3754 1841 3808 admonitionem
1873 3755 1968 3809 ad-

377 3842 578 3898 hibeto.
613 3843 725 3897 lloc
770 3843 928 3912 igitur
973 3856 1113 3896 nunc
1157 3856 1370 3911 quoque
1407 3856 1507 3894 nos
1544 3841 1750 3910 aginms
1774 3882 1789 3906 ,
1826 3842 1966 3912 quod

377 3935 571 3990 Paulus
610 3934 719 4004 egit
742 3975 758 3999 ,
789 3934 917 3989 dum
949 3933 1066 3988 sine
1095 3933 1322 3988 testibus
1347 3933 1485 4002 apud
1514 3932 1824 3988 Corinthios
1851 3931 1970 4000 ejus

375 4025 467 4095 qui
508 4035 757 4096 peccarat
788 4025 1015 4080 instituit
1055 4025 1474 4081 accusationem.
1509 4023 1644 4078 Audi
1688 4039 1820 4078 vero
1861 4038 1970 4094 quo

377 4127 549 4187 pacto.
583 4115 881 4186 l’r0pterea,
907 4120 1107 4186 fratres,
1131 4115 1492 4185 trans/igurari
1518 4115 1626 4168 lucc
1645 4114 1697 4168 in
1721 4114 1965 4184 meipstmt

374 4219 420 4262 et
453 4207 634 4279 Apollo
660 4207 722 4280 (l
754 4207 872 4262 Cor.
902 4209 954 4262 4.
983 4207 1076 4276 6).
1106 4206 1265 4277 Atqui
1293 4223 1399 4261 non
1423 4207 1554 4276 ipse,
1586 4221 1756 4278 neque
1777 4205 1971 4275 Apollo

375 4307 562 4362 erant,
608 4299 698 4368 qui
749 4299 1000 4369 populum
1027 4298 1327 4363 seiderant,
1360 4307 1414 4352 et
1438 4297 1736 4355 Ecclesiam
1767 4299 1966 4354 divise-

374 4399 497 4444 rant
536 4391 974 4446 :accusationem
1022 4399 1196 4445 tamen
1239 4391 1544 4457 occultavit,
1598 4399 1653 4446 ct
1697 4401 1966 4462 tamquam

375 4481 534 4536 larvis
571 4479 887 4551 quibusdam
933 4496 1034 4535 suo
1087 4489 1142 4536 et
1179 4481 1374 4549 Apollo
1417 4481 1720 4537 nominibus
1751 4498 1964 4537 reorum

372 4573 549 4626 vultus
569 4571 848 4642 obtegens,
875 4569 1181 4627 facultatem
1207 4572 1312 4626 illis
1333 4572 1516 4626 tribuit
1535 4587 1602 4626 ex
1623 4572 1708 4627 illa
1732 4573 1964 4642 nequitia

375 4662 705 4732 cmergendi.
735 4663 798 4716 Et
828 4677 1012 4717 rursus
1044 4681 1057 4717 :
1089 4662 1172 4718 Ne
1190 4667 1322 4734 forte
1349 4679 1463 4717 cum
1493 4678 1669 4717 venero
1689 4704 1704 4730 ,
1733 4664 1961 4720 Innuiliut

375 4773 455 4809 me
486 4753 646 4822 Deus,
680 4765 726 4810 et
747 4756 946 4825 lugeant
968 4757 1151 4810 multos
1176 4772 1240 4810 es:
1275 4756 1337 4809 iis
1357 4797 1372 4822 ,
1398 4756 1486 4826 qni
1518 4765 1634 4810 ante
1672 4768 1961 4826 peccaram,

368 4860 415 4900 et
451 4864 553 4902 non
581 4858 786 4919 egerunt
815 4849 1159 4917 patuitentitmt
1202 4865 1355 4918 super
1381 4848 1698 4901 immanditia
1720 4859 1766 4901 et
1791 4855 1963 4918 impu-

369 4939 562 5002 dicitia,
586 4955 736 5008 quant
756 4949 1015 5010 gesserunt
1035 4938 1124 5008 (2.
1151 4941 1270 4994 Cor.
1291 4937 1506 5011 11%|).
1537 4938 1664 4993 \‘ide
1682 4955 1788 5008 quo
1811 4949 1964 5008 pacto

372 5031 647 5087 indefinite
675 5031 818 5086 dicat
843 5045 941 5085 eos
968 5030 1058 5101 qui
1090 5039 1379 5101 pcccarunt
1400 5073 1415 5094 ,
1447 5046 1514 5084 ne
1553 5030 1596 5083 si
1630 5029 1963 5084 manifestam

369 5121 761 5177 accusationem
785 5121 1109 5186 institueret,
1135 5121 1514 5190 impudentiam
1537 5129 1757 5189 augeret
1777 5134 1960 5174 eorum

369 5213 564 5266 animm
592 5212 682 5281 qui
710 5221 1016 5282 peccarant.
1050 5211 1232 5283 Itaque
1257 5212 1396 5268 sicut
1421 5227 1518 5266 nos
1545 5219 1688 5266 tanta
1717 5210 1963 5264 cautione

369 5302 818 5371 reprehensiones
849 5303 1074 5358 facimus
1093 5344 1108 5369 ,
1138 5305 1218 5358 sic
1241 5343 1255 5369 ,
1280 5303 1546 5357 admoneo
1566 5343 1581 5362 .
1610 5312 1664 5357 et
1693 5314 1790 5354 vos
1816 5303 1959 5355 omni

367 5410 488 5448 cttnt
520 5394 697 5449 studio
720 5395 1148 5450 emendationem
1167 5392 1480 5461 adunttatis,
1507 5408 1570 5448 ac
1590 5392 1872 5464 diligenter
1898 5393 1961 5448 iis

365 5499 484 5555 qua:
512 5485 780 5549 dicuntur,
809 5485 1114 5540 attendatis.

444 5575 494 5628 5.
540 5573 674 5629 Tum
715 5576 970 5644 praecipue
1005 5591 1094 5629 nos
1125 5584 1267 5629 mut
1311 5575 1508 5629 daemon
1535 5614 1550 5640 ο
1578 5590 1690 5628 cum
1715 5589 1958 5638 oramus;

371 5667 620 5739 quo-uado
665 5667 881 5720 dnmoni
929 5666 1368 5721 rrsislcwdttnt.—
1405 5666 1761 5722 Disseruitnus
1813 5663 1953 5736 apttd

1341 249 1653 310 l‘EtEATA
1702 246 2034 306 FRATREM
2075 251 2206 308 NON
2249 254 2688 316 EVIILCANDA.

3545 275 3655 334 553

2073 382 2168 422 vos
2209 371 2459 428 hesterno
2502 376 2588 431 die
2635 378 2703 433 tle
2743 379 3002 436 orationis
3044 381 3258 439 virtute.
3306 387 3520 444 Ostendi
3545 409 3653 462 quo

2075 473 2229 531 pacto
2261 474 2370 520 tum
2402 478 2658 538 temporis
2686 471 2933 528 diabolus
2956 515 2970 538 ,
3021 484 3078 528 ut
3122 479 3392 533 malo-licus
3416 492 3497 536 est
3521 525 3536 549 ,
3569 487 3651 540 itt-

2071 554 2238 610 sidias
2279 566 2471 613 struat.
2499 559 2630 615 Cum
2669 564 2817 616 enim
2854 566 3142 620 maximum
3185 568 3336 624 nobis
3363 573 3560 629 lucrum
3589 593 3653 631 ex

2072 649 2314 706 oratione
2365 662 2552 708 cernat
2601 655 2892 722 obvenire,
2944 668 3068 716 tunc
3117 663 3346 718 maxime
3402 666 3656 736 impetum

2073 741 2240 796 facit:
2271 753 2329 798 ιιι
2349 747 2690 802 excusatiOne
2729 765 2826 804 nos
2867 751 3067 820 privet,
3115 761 3172 807 ut
3208 756 3387 810 vacuis
3413 759 3658 814 manibus

2073 848 2171 887 nos
2213 833 2430 890 domum
2479 839 2734 894 remittat.
2768 840 2833 895 Et
2859 843 3306 913 quemadmodum
3359 849 3496 918 apud
3547 867 3665 903 tua-

2073 925 2328 992 gistratus
2352 967 2364 990 ,
2395 927 2440 981 si
2474 927 2610 982 forte
2638 932 2896 987 satellites
2917 974 2930 997 ,
2963 944 3015 990 et
3039 936 3127 1005 qui
3157 938 3491 1007 magistratus
3521 940 3660 997 latus

2073 1016 2309 1084 stipant,
2351 1033 2444 1073 eos
2465 1021 2551 1090 qui
2582 1021 2752 1090 ipsmn
2780 1027 3139 1096 conveniunt,
3172 1030 3296 1084 odio
3327 1047 3658 1102 prosequan-

2074 1116 2178 1172 tur,
2207 1109 2370 1180 virgis
2399 1113 2581 1181 procul
2607 1123 2792 1169 arcent
2823 1115 2963 1183 illos,
2994 1128 3152 1189 atque
3177 1123 3433 1180 accedere
3459 1137 3663 1192 vetant,

2072 1210 2125 1255 et
2154 1203 2432 1270 conqueri,
2465 1203 2685 1274 ejusque
2713 1207 3055 1264 clementiam
3081 1214 3309 1281 experiri
3343 1233 3356 1269 :
3388 1218 3464 1272 sic
3499 1219 3663 1273 nitui-

2074 1311 2188 1348 rum
2225 1303 2279 1349 et
2309 1295 2552 1350 diabolus
2579 1313 2698 1352 cum
2725 1301 3041 1358 accedentes
3065 1303 3130 1356 ad
3151 1303 3385 1374 judicem
3415 1307 3663 1367 homines

2075 1385 2288 1454 viderit,
2314 1389 2493 1456 procul
2524 1401 2668 1445 arcet
2697 1408 2800 1446 non
2831 1394 2995 1465 virga,
3027 1397 3120 1450 sed
3145 1399 3477 1470 negligentia.
3507 1403 3663 1459 Novit

2072 1479 2288 1549 quippe,
2314 1481 2479 1550 probe
2504 1485 2670 1549 novit,
2699 1486 2742 1539 si
2767 1488 2969 1555 providi
2997 1489 3287 1562 v'igilcSquc
3310 1497 3658 1563 acet-sscrint,

2073 1583 2120 1622 et
2153 1580 2365 1639 peccata
2397 1587 2491 1628 sua
2511 1574 2741 1630 confessi
2771 1578 2982 1645 fuerint,
3007 1583 3289 1655 animaque
3310 1585 3535 1642 ferventi
3564 1589 3660 1644 dc-

2074 1662 2362 1730 lleverint,
2415 1665 2636 1721 multatn
2685 1667 2804 1724 illos
2857 1672 3064 1727 veniant
3119 1675 3660 1744 impetraturoszbe-

2077 1757 2268 1827 nignus
2293 1759 2435 1814 enim
2457 1771 2540 1816 est
2567 1762 2705 1817 Deus
2739 1782 2751 1818 :
2775 1775 2933 1834 atque
2961 1767 3158 1823 idcirco
3184 1787 3515 1844 prmoccnpat
3545 1777 3662 1833 illos

2075 1858 2127 1902 et
2157 1849 2224 1902 ab
2253 1848 2488 1920 alloquio
2515 1853 2744 1922 repellit,
2777 1865 2830 1908 ut
2861 1857 2989 1910 nihil
3016 1873 3202 1915 eorum
3224 1878 3344 1932 qua:
3370 1867 3663 1934 postulant,

2077 1952 2491 2010 Consequantur.
2520 1944 2624 1999 Sed
2656 1946 2851 2002 milites
2880 1949 3094 2018 quidem
3124 1955 3529 2024 magistratuum
3551 1959 3665 2014 vio-

2079 2031 2252 2087 lenter
2283 2033 2401 2087 illos
2429 2049 2785 2106 summovent,
2813 2041 2901 2110 qni
2923 2057 3016 2097 eos
3033 2046 3356 2101 conveniunt
3386 2067 3398 2102 :
3425 2049 3512 2106 hic
3537 2067 3671 2108 vero

2080 2143 2183 2179 non
2215 2126 2316 2181 vim
2347 2127 2595 2194 alfercns,
2629 2131 2720 2186 sed
2747 2149 2844 2188 nos
2869 2133 3175 2206 decipiens,
3209 2149 3259 2194 et
3298 2143 3363 2194 ad
3394 2145 3666 2216 negligen-

2081 2220 2206 2272 tiam
2251 2220 2550 2289 intpellens.
2582 2221 2920 2294 Quapropter
2949 2243 3048 2281 nec
3079 2230 3230 2283 venia
3258 2231 3399 2301 digni
3431 2249 3616 2290 smnus
3646 2277 3667 2302 ,

2079 2330 2199 2368 emn
2224 2331 2320 2368 nos
2348 2315 2492 2385 ipsos
2517 2315 2672 2372 bonis
2695 2327 2886 2388 sponte
2917 2321 3204 2389 privemus.
3236 2324 3345 2380 Lux
3369 2336 3450 2381 est
3471 2331 3667 2387 mentis

2080 2417 2131 2461 ct
2161 2407 2356 2462 anima:
2395 2424 2516 2463 cum
2562 2409 2739 2464 studio
2766 2410 2878 2464 fusa
2911 2413 3080 2468 oratio
3101 2455 3116 2479 ,
3155 2415 3242 2473 lux
3272 2417 3586 2476 inexstincza
3613 2433 3666 2478 et

2083 2500 2349 2567 perennis.
2382 2500 2668 2572 Propterea
2714 2503 3024 2560 innumeras
3053 2509 3249 2563 nostris
3278 2512 3544 2568 mentibus
3574 2530 3668 2570 co-

2079 2593 2392 2663 gitationum
2421 2595 2610 2650 sordes
2639 2596 2835 2667 injicit,
2881 2609 2935 2653 et
2974 2615 3092 2668 qua:
3143 2616 3430 2673 numquam
3461 2608 3666 2676 cogita-

2082 2688 2254 2741 vimus
2279 2729 2292 2751 ,
2351 2687 2466 2743 lucc
2503 2689 2726 2744 collecta
2776 2699 3015 2762 tempore
3049 2694 3306 2748 oratiOnis
3352 2696 3402 2750 itt
3433 2699 3666 2754 animant

2083 2787 2318 2833 nostram
2369 2779 2615 2834 infundit.
2653 2781 2716 2836 Et
2745 2781 3194 2851 quemadmodum
3243 2787 3386 2841 venti
3427 2804 3670 2861 s:t~pentt-

2081 2886 2231 2924 mero
2257 2887 2321 2924 ex
2350 2870 2576 2926 adverso
2597 2872 2904 2941 ingruentcs
2923 2889 3207 2930 accensum
3237 2876 3411 2947 ignem
3437 2879 3669 2936 lucerna:

2079 2960 2206 3014 flatu
2233 2960 2600 3016 diventilatum
2622 2962 2961 3032 exstinguunt
2992 2983 3004 3018 :
3028 2967 3105 3019 sic
3127 2976 3176 3020 et
3201 2965 3443 3022 diabolus
3465 2984 3584 3024 cum
3613 2970 3668 3026 itt

2081 3052 2236 3108 nobis
2256 3066 2535 3107 accensam
2559 3053 2815 3107 orationis
2842 3053 3107 3108 ll.umnam
3133 3057 3343 3125 viderit,
3377 3060 3668 3116 innumeris

2081 3160 2179 3199 nos
2205 3142 2650 3199 sollicitudinibus
2673 3143 2797 3198 hinc
2819 3144 2940 3199 inde
2965 3145 3213 3214 perflatus
3239 3165 3342 3201 non
3372 3150 3514 3217 prius
3539 3151 3669 3206 sinit

2079 3237 2354 3307 quiescere
2375 3277 2388 3301 ,
2425 3252 2584 3307 quam
2614 3236 2786 3292 lucent
2815 3238 3150 3292 exstinxerit.
3184 3237 3289 3293 Sed
3318 3240 3458 3310 quod
3492 3241 3563 3295 illi
3592 3245 3669 3301 fa-

2079 3331 2226 3383 ciunt
2246 3371 2261 3397 ,
2291 3329 2380 3400 qui
2411 3330 2661 3384 lucernas
2702 3329 2818 3383 illas
2853 3331 3150 3384 accendunt
3170 3374 3184 3396 ,
3228 3347 3325 3385 nos
3353 3349 3564 3402 quoque
3593 3337 3670 3388 fac

2077 3423 2302 3478 ciamus.
2355 3423 2492 3492 Quid
2539 3423 2611 3478 illi
2659 3439 2786 3479 vero
2835 3425 3071 3479 faciunt?
3117 3425 3251 3481 Cum
3295 3427 3665 3484 vehementem

2080 3515 2332 3585 ingruere
2365 3524 2582 3572 ventum
2612 3515 2793 3571 vident
2814 3557 2828 3580 ,
2862 3516 3111 3586 imposito
3136 3514 3302 3585 digito
3334 3518 3563 3573 lucerna:
3590 3520 3667 3573 fo-

2078 3606 2269 3662 ramini
2309 3606 2521 3677 spiritui
2550 3605 2753 3662 aditum
2781 3605 3163 3662 intercludant.
3191 3606 3456 3675 Quamdiu
3501 3609 3668 3679 siqui-

2077 3697 2198 3753 dem
2239 3699 2479 3754 exterius
2519 3697 2775 3769 impetum
2815 3698 2992 3766 faciet,
3033 3699 3285 3754 resistere
3323 3701 3616 3756 valebimus
3651 3719 3664 3756 :

2078 3789 2168 3842 ubi
2200 3805 2327 3843 vero
2355 3789 2550 3843 mentis
2576 3789 2650 3843 illi
2679 3789 2822 3843 fores
2842 3789 3214 3859 aperuerimus
3234 3830 3250 3855 ,
3298 3802 3350 3845 et
3392 3792 3666 3846 inimicum

2079 3878 2220 3932 intus
2248 3877 2646 3943 admiscrimus,
2679 3886 2788 3931 tum
2834 3895 2940 3932 non
2976 3879 3202 3948 amplius
3227 3921 3242 3940 ,
3275 3896 3343 3935 ne
3387 3882 3663 3937 minimum

2077 3970 2292 4039 quidem
2324 3969 2575 4024 resistere
2605 3985 2923 4039 possumus:
2952 3970 3044 4025 scd
3069 3971 3327 4026 memoria
3352 3984 3532 4030 nostra
3562 3992 3663 4030 un-

2077 4061 2238 4131 dique
2281 4060 2550 4116 exstincta
2595 4071 2653 4115 ut
2692 4060 2908 4116 lucerna
2939 4061 3206 4132 fumigans
3232 4103 3246 4126 .
3289 4063 3464 4118 inania
3505 4065 3666 4122 verba

2077 4153 2202 4208 sinit
2231 4167 2291 4207 os
2318 4160 2558 4207 nostrum
2579 4152 2876 4208 cﬂ'undere.
2908 4153 3100 4208 Verum
3134 4165 3188 4209 ιιι
3220 4155 3290 4209 illi
3319 4156 3548 4212 lucerna:
3577 4157 3662 4212 fo-

2077 4246 2267 4300 ramini
2313 4243 2536 4315 digitum
2581 4245 2900 4316 itnponunt,
2940 4246 3010 4300 ita
3055 4261 3155 4301 nos
3196 4249 3456 4303 rati0ncm
3496 4251 3663 4306 menti

2077 4339 2451 4408 praeliciantus,
2484 4339 2720 4410 maligno
2747 4339 2954 4408 spiritui
2984 4339 3182 4394 aditum
3211 4341 3625 4397 intercludatnus
3646 4387 3665 4414 ,

2077 4452 2146 4492 ne
2194 4437 2454 4490 orationis
2504 4445 2702 4489 nostrae
2755 4432 2933 4486 lumen
2979 4433 3298 4503 exstinguat.
3350 4433 3662 4490 Meministis

2077 4529 2235 4599 hujus
2275 4526 2508 4596 exempli
2550 4526 2846 4596 utriusque,
2879 4533 2934 4580 ct
2960 4525 3184 4580 militum
3213 4542 3277 4581 ac
3300 4523 3684 4598 magistratus,'

2074 4631 2128 4676 et
2157 4621 2386 4676 lucerna:
2411 4619 2435 4673 ?
2483 4617 2770 4690 Propterea
2817 4631 3046 4688 namque
3098 4616 3250 4673 vobis
3278 4617 3390 4673 haec
3416 4618 3660 4690 exempla

2075 4712 2398 4778 recitantus,
2428 4711 2480 4765 in
2510 4709 2704 4780 quibus
2736 4724 3037 4774 versamur,
3090 4708 3144 4763 itt
3193 4709 3386 4781 quibus
3428 4725 3616 4765 sumus
3644 4750 3659 4774 ,

2078 4817 2134 4860 ιιι
2161 4805 2322 4859 etiant
2346 4818 2467 4859 cum
2500 4803 2624 4857 hinc
2652 4801 3052 4865 recesserimus,
3081 4816 3143 4855 ac
3173 4800 3318 4856 domi
3352 4803 3608 4857 fuerimus
3647 4840 3665 4869 ,

2075 4912 2169 4968 per
2193 4913 2285 4953 cas
2310 4912 2399 4952 res
2424 4911 2558 4966 quas
2587 4894 2845 4950 habemus
2875 4911 2981 4964 prae
3012 4893 3256 4948 manilius
3279 4935 3294 4961 ,
3324 4911 3508 4950 eorunt
3536 4911 3658 4967 qua-

2073 4988 2211 5045 dicta
2239 4997 2365 5042 sunt
2385 4987 2539 5042 nobis
2561 4986 2814 5042 n'tctnoria
2845 4986 3146 5040 rcfricetur.
3714 4987 3719 4992 ’

2144 5081 2197 5136 6.
2241 5081 2488 5152 Magnum
2538 5082 2690 5133 telum
2736 5079 2977 5152 precatio.
3018 5075 3220 5131 Orbitas
3251 5074 3519 5130 liberorum
3549 5094 3651 5131 non

2071 5185 2143 5228 est
2181 5191 2328 5245 plena
2370 5172 2594 5244 peccati;
2623 5187 2775 5240 quant
2819 5186 3028 5224 causam
3073 5167 3283 5230 habent;
3326 5176 3500 5237 partus
3549 5178 3654 5222 ste.

2069 5265 2179 5319 rilts
2228 5277 2406 5335 portus
2460 5262 2667 5332 virginis
2718 5261 2870 5329 [idem
2914 5259 3057 5327 facit.
3089 5287 3160 5301 ——
3203 5257 3387 5327 Magna
3437 5265 3520 5311 ost
3567 5273 3656 5312 ar-

2071 5365 2277 5410 matura
2325 5354 2529 5419 oratio,
2580 5366 2829 5422 magnum
2877 5348 3203 5419 przesidium.
3256 5347 3493 5403 Audistis
3537 5343 3654 5402 beri

2069 5464 2174 5518 quo
2216 5455 2371 5517 pacto
2417 5453 2524 5500 tres
2556 5443 2703 5516 pueri
2746 5441 2905 5496 vincti
2952 5441 3207 5510 impetum
3251 5437 3389 5510 ignis
3436 5453 3649 5509 repres-

2069 5541 2275 5605 scrint,
2313 5555 2418 5611 quo
2478 5546 2631 5609 pacto
2693 5536 2959 5590 flammam
3018 5531 3316 5596 calcat-int,
3347 5544 3456 5602 quo
3500 5539 3655 5598 [tacto

2070 5633 2339 5689 fornacem
2387 5629 2776 5702 superaverint,
2808 5642 2914 5701 quo
2946 5634 3100 5699 pacto
3130 5628 3378 5682 virtutcnt
3417 5623 3650 5680 clemen-
