4082 6212
437 238 545 294 359
1154 233 1208 285 5.
1233 229 1518 296 JOANNIS
1555 216 2027 282 (IllllYSOS'l‘Olll

439 352 478 404 ti
509 345 845 402 devicerint?
877 344 1067 399 .-\udite
1113 358 1298 396 rursus
1328 342 1502 398 hodie.
1534 355 1639 408 quo
1671 343 1822 406 pacto
1847 348 2016 402 genca

444 455 598 494 rosus
640 453 703 492 ac
733 452 952 504 magnus
991 433 1133 487 Isaac
1171 433 1337 500 ipsam
1357 429 1600 500 corporis
1628 437 1868 481 naturam
1895 438 2020 476 ora—

442 532 586 585 tione
612 528 894 597 superarit.
946 525 1023 578 Illi
1061 525 1310 578 virtutem
1351 523 1485 592 ignis
1523 520 1906 583 dissolvet-unt,
1935 516 2022 570 llic

441 621 698 674 ltodicruo
753 617 841 671 die
893 615 1099 669 vincula
1157 614 1315 668 solvit
1367 613 1622 666 mutilata:
1668 620 1890 664 naturm.
1946 610 2024 659 Ac

437 713 585 765 disce
630 726 732 779 qua
768 709 972 762 ratione
1016 706 1064 762 id
1090 708 1278 776 egerit.
1325 703 1589 776 Ilogobut,
1627 703 1826 771 inquit,
1870 700 2026 754 Istmc

436 819 529 870 pro
590 816 748 853 uxore
807 816 900 852 sua
922 839 936 861 ,
998 799 1236 866 quoniam
1293 797 1479 850 sterilis
1531 804 1638 848 erat
1704 791 1879 862 (Gen.
1929 791 2018 846 95.

436 893 552 964 2t).
601 893 724 946 Illuc
755 891 904 945 vobis
934 891 1093 946 ltttdie
1137 899 1263 943 sunt
1301 889 1434 944 lecta
1466 905 1479 940 :
1513 887 1624 941 lteri
1664 887 1734 941 de
1781 885 2022 940 oratione

435 996 617 1036 sermo
647 990 735 1035 est
761 981 991 1044 habitus,
1031 993 1083 1035 et
1110 979 1268 1033 ltodie
1297 994 1482 1033 rursus
1507 977 1888 1032 demonstratio
1913 977 2017 1028 vir-

435 1073 568 1126 tutis
597 1073 771 1126 oratio
798 1072 857 1125 .is
886 1072 1138 1124 occurrit.
1172 1069 1374 1124 Videtis
1402 1079 1458 1122 ut
1498 1069 1566 1122 ita
1597 1067 1827 1136 Spiritus
1852 1067 2021 1134 gratia

432 1164 755 1232 disponente
784 1165 853 1216 sit
880 1162 1097 1224 factum,
1127 1172 1181 1214 ut
1211 1161 1274 1214 iis
1299 1175 1558 1221 consona,
1591 1174 1711 1228 quae
1730 1158 1868 1210 dicta
1896 1164 2024 1209 sunt

435 1253 574 1320 lli-ri,
625 1253 884 1308 hodierno
921 1253 1006 1306 die
1041 1253 1380 1322 legerentur?
1445 1249 1673 1319 Rogulmt
1697 1247 1796 1318 (α),
1831 1247 2022 1315 inquit,

438 1363 530 1414 pro
559 1345 780 1399 Rebecca
810 1360 966 1397 uxore
1012 1361 1123 1404 sua,
1167 1343 1407 1411 quoniam
1446 1341 1632 1394 sterilis
1673 1348 1800 1393 erat.
1825 1338 1942 1394 .lloc
1970 1338 2022 1390 in

439 1437 620 1504 primis
642 1452 816 1503 opera:
841 1434 1064 1502 pretium
1092 1443 1175 1487 est
1200 1448 1461 1500 quaerere,
1489 1448 1590 1500 qua
1627 1431 1696 1486 tle
1724 1445 1883 1484 causa
1915 1438 2026 1484 ste-

437 1527 550 1580 l‘ilis
584 1535 748 1580 esset.
778 1523 1119 1578 Adtuirabtlis
1148 1521 1423 1589 cujusdam
1449 1523 1566 1574 vita:
1595 1536 1904 1591 magna-que
1929 1535 2019 1573 ca-

435 1619 630 1673 stitatis
657 1617 809 1687 plena
835 1632 957 1670 cum
988 1616 1097 1683 ipsa
1129 1623 1263 1680 crat,
1289 1622 1398 1667 tum
1418 1615 1497 1667 vir
1515 1613 1652 1680 ejus.
1685 1611 1804 1666 Non
1834 1627 2023 1681 possu-

436 1725 557 1762 nttts
580 1723 800 1777 carpere
824 1717 1128 1760 sanctorum
1159 1707 1340 1769 vitam,
1379 1720 1442 1758 ac
1475 1705 1652 1758 dicere
1684 1712 2022 1772 peccatorum

433 1801 682 1856 ellectunt
708 1815 826 1852 esse
857 1797 1214 1850 sterilitatettt.
1245 1797 1350 1849 Nec
1399 1796 1497 1849 ista
1527 1796 1724 1848 sterilis
1750 1793 1843 1847 fuit
1884 1793 2023 1857 sola,

435 1893 529 1947 sed
555 1902 608 1946 ct
637 1903 806 1946 mater
835 1891 998 1960 ipsius
1028 1892 1210 1946 Sarra.
1243 1905 1362 1959 qua:
1394 1888 1544 1942 illttltl
1585 1887 1824 1957 peperit;
1854 1903 2024 1954 neque

437 1999 564 2037 vero
595 1993 767 2036 lnater
785 1982 901 2048 ejus
929 1993 1128 2034 tantutlt
1170 1981 1366 2033 sterilis
1398 1979 1515 2044 fuit,
1541 1994 1712 2047 neque
1737 1993 1895 2042 uxor,
1930 1977 2025 2031 sed

435 2084 489 2128 ct
532 2090 716 2139 nurus,
759 2073 935 2128 Jacobi
977 2089 1108 2127 ttht‘
1153 2070 1374 2125 llacltel.
1416 2069 1550 2138 Quid
1597 2070 1699 2124 sibi
1751 2071 1858 2123 vult
1908 2069 2025 2124 inre

438 2169 592 2221 turba
623 2166 926 2219 steriliuln?
955 2166 1152 2219 Omnes
1177 2163 1330 2233 jll'sli,
1357 2179 1545 2216 omnes
1572 2163 1765 2216 virtute
1795 2161 2020 2231 pm-dtti,

435 2274 621 2312 omnes
651 2257 742 2311 Dei
776 2256 1079 2310 testimonio
1105 2271 1190 2323 ap-I
1213 2255 1381 2308 roltati
1412 2263 1584 2308 erant.
1631 2254 1703 2308 De
1742 2254 1845 2306 illis
1883 2253 2022 2306 enim

435 2349 684 2403 dixerat:
717 2347 824 2417 Ego
867 2365 974 2401 sum
1006 2346 1146 2398 Deus
1177 2346 1450 2409 Abraham,
1495 2357 1540 2397 et
1585 2343 1718 2397 Deus
1765 2342 1935 2404 Isaac,
1979 2353 2026 2396 et

440 2441 574 2494 Deus
598 2439 758 2492 lucob
787 2438 976 2507 (Exod.
1005 2438 1058 2492 3.
1088 2439 1166 2507 ϋ).
1195 2438 1266 2490 De
1294 2437 1479 2490 ἱίμώπιι
1510 2437 1668 2489 etiam
1694 2436 1769 2488 sic
1796 2435 2025 2503 loquitur

438 2532 632 2587 Paulus
666 2550 678 2584 :
717 2533 878 2598 Quum
922 2532 981 2584 ob
1011 2547 1216 2584 causam
1259 2547 1358 2582 non
1400 2529 1726 2595 confunditur
1761 2528 1892 2581 Deus
1943 2543 2028 2580 vo-

436 2626 542 2676 curi
575 2622 709 2676 Deus
740 2641 910 2674 eorum
940 2621 1103 2691 (Hebr
1160 2622 1243 2675 ll.
1282 2621 1370 2687 lli)
1425 2620 1584 2672 Multa
1613 2635 1796 2672 eorum
1827 2634 2027 2686 pra-co-

439 2716 523 2770 nia
563 2715 616 2768 ill
645 2715 810 2776 Novo,
854 2715 1033 2766 multa:
1073 2714 1281 2766 illorqu
1315 2711 1497 2764 laudes
1541 2712 1592 2763 ill
1639 2711 1811 2764 Veteri
1839 2711 2025 2764 'l'esta-

439 2816 621 2862 lncuto
649 2824 663 2862 :
693 2805 835 2859 omni
885 2821 948 2858 ex
997 2815 1146 2875 parte
1192 2803 1317 2857 clari
1367 2812 1420 2856 et
1465 2802 1717 2866 illustrt-s,
1763 2811 1810 2856 et
1841 2816 2028 2856 omnes

438 2898 650 2953 steriles
680 2897 942 2950 ltalteltattt
975 2911 1190 2961 uxores,
1221 2911 1284 2950 ac
1327 2895 1444 2949 sine
1475 2894 1654 2948 liberis
1687 2896 1856 2948 tttulto
1884 2904 2026 2948 tent-

439 3007 570 3060 pore
583 2990 848 3044 vixerunt.
879 2987 1010 3042 Cum
1042 2989 1198 3058 igitur
1223 2988 1390 3040 virum
1413 2996 1462 3041 et
1492 3001 1711 3040 uxorem
1735 2985 1931 3040 videris
1957 3000 2023 3040 ex

441 3083 649 3136 virtutis
701 3084 1008 3152 pra-scripto
1051 3081 1212 3132 vitam
1243 3078 1517 3147 degentes,
1562 3093 1683 3132 eum
1729 3077 2026 3146 religiosos,

442 3173 650 3243 pit-tatis
677 3171 943 3225 studiosos
971 3179 1025 3223 et
1053 3169 1230 3223 liberis
1259 3168 1560 3230 destitutos.
1591 3184 1657 3221 ne
1689 3175 2026 3236 peccatorum

439 3265 844 3321 retributionem
877 3262 1096 3316 omnino
1125 3277 1244 3316 esse
1267 3260 1553 3315 liberorum
1581 3261 1852 3314 existimes
1881 3259 2026 3313 orbi-

445 3366 628 3410 tatem.
662 3355 839 3410 Multa:
867 3355 1062 3425 quippe
1089 3364 1214 3408 sunt
1255 3353 1489 3406 rationes
1521 3351 1866 3421 providentia:
1896 3349 2031 3405 divt-

445 3463 528 3502 tne
567 3462 629 3500 ae
668 3445 819 3498 uoltis
849 3446 1092 3508 Ot't'ttlllc,
1134 3453 1186 3498 et
1233 3458 1328 3510 pro
1372 3443 1619 3496 omnibus
1649 3440 1868 3511 agenda:
1908 3448 2034 3494 sunt

445 3538 650 3610 gratim,
696 3537 903 3601 solique
931 3535 1002 3588 illi
1042 3535 1220 3587 miseri
1255 3533 1504 3588 censendi
1548 3532 1636 3601 qui
1668 3532 1809 3585 vitiis
1849 3541 2030 3586 conta-

448 3629 632 3685 minati
679 3631 878 3692 vivunt,
913 3643 1016 3680 non
1048 3627 1133 3693 qui
1179 3625 1359 3679 liberis
1403 3634 1608 3678 carent.
1652 3623 2032 3692 Szrpemtntere

451 3724 591 3775 Deus
637 3719 838 3774 utiliter
884 3717 934 3772 id
977 3718 1122 3785 agit:
1161 3732 1256 3770 nos
1294 3725 1469 3769 autem
1520 3731 1705 3770 eorum
1755 3731 1873 3785 qua:
1903 3715 2034 3768 litmt

448 3826 660 3867 causam
708 3809 1031 3879 ignoramus.
1079 3806 1280 3861 Idcirco
1315 3807 1626 3876 sapientiam
1678 3805 1795 3874 ejus
1840 3806 2036 3874 ultique

451 3901 650 3957 laudari
687 3917 781 3972 par
803 3909 905 3967 est,
937 3909 991 3954 et
1027 3899 1332 3969 benignitati
1373 3899 1484 3968 leh
1518 3899 1769 3952 inrﬂ'abili
1809 3898 2032 3968 gloriam

443 3995 660 4050 tlwl'erri.

521 4088 575 4142 7.
617 4087 788 4154 Atque
809 4083 895 4136 llic
925 4081 1136 4150 quidem
1173 4098 1350 4136 sermo
1379 4092 1588 4134 nostros
1615 4079 1883 4135 instruere
1914 4096 2021 4133 lno-

450 4196 540 4234 rt-s
591 4189 765 4250 potest
797 4194 810 4230 :
842 4176 936 4232 sed
985 4185 1039 4229 et
1090 4175 1349 4242 tangenda
1405 4174 1558 4226 nobis
1599 4182 1682 4226 est
1730 4189 1910 4238 causa,
1967 4173 2039 4228 ob

451 4287 612 4340 quam
649 4269 860 4324 steriles
899 4268 1006 4321 illa:
1048 4266 1299 4321 mulieres
1327 4265 1560 4319 fuerunt.
1590 4266 1842 4331 Qut-nant
1881 4264 2043 4334 igitur

449 4365 548 4417 fuit
575 4363 774 4418 causa?
804 4359 890 4426 Ut,
922 4377 1042 4416 cum
1075 4359 1330 4429 Vlrglnt'lll
1377 4359 1668 4428 parientem
1699 4371 2036 4411 communem

452 4464 696 4508 nosti-unt
727 4452 1005 4507 Dominum
1034 4449 1246 4511 videris,
1275 4449 1431 4502 lidetn
1455 4447 1652 4502 haltere
1682 4463 1787 4501 non
1821 4462 2034 4501 renuas.

455 4543 596 4613 l‘lrgo
630 4553 862 4599 mentem
906 4553 1048 4597 tuam
1093 4538 1143 4595 ill
1190 4540 1449 4593 stcrilium
1488 4549 1644 4594 utero
1687 4552 1877 4591 exerce
1911 4557 1924 4592 :
1958 4547 2034 4602 ltt,

452 4655 579 4694 cum
617 4635 958 4692 infecundum
1010 4649 1072 4688 ac
1109 4634 1341 4687 vinctum
1391 4641 1595 4686 ttteruttt
1636 4631 1831 4686 videris
1859 4631 2036 4684 divina

454 4727 624 4799 gratia
665 4725 730 4779 ad
769 4725 961 4777 liberos
987 4722 1278 4792 gignendos
1317 4724 1651 4790 adapertum,
1693 4739 1759 4777 tte
1806 4723 2037 4789 mireris,

455 4818 584 4872 dunt
618 4815 886 4888 peperi-sc
915 4816 1169 4886 virginem
1201 4816 1373 4870 audis.
1405 4815 1514 4869 Iulo
1542 4832 1666 4870 vero
1689 4824 1742 4868 et
1768 4815 1959 4868 mirare
1986 4825 2042 4868 et

452 4912 794 4982 oltsttlpescc,
834 4920 1197 4962 verumtamen
1228 4910 1446 4962 credere
1487 4908 1797 4962 miraculum
1841 4923 1907 4962 ne
1950 4922 2036 4961 re-

455 5014 604 5053 cusa.
653 4997 784 5052 Cum
834 4996 1027 5049 dixerit
1068 4996 1158 5049 lilti
1207 4995 1440 5055 Judaeus,
1473 4995 1588 5063 Q-to
1637 5007 1791 5065 parto
1837 4995 2043 5064 peperit

463 5090 654 5162 virgo?
682 5099 735 5143 tu
772 5089 854 5142 tiic
893 5089 986 5153 illi,
1019 5087 1135 5153 Quo
1168 5097 1320 5156 parto
1351 5088 1548 5156 peperit
1577 5087 1770 5140 sterilis
1795 5097 1849 5139 et
1884 5103 2042 5140 sene-

455 5195 601 5237 ctttte
644 5180 927 5234 conlecta?
962 5181 1075 5233 Dtto
1106 5179 1481 5246 ilttpetlitnenta
1531 5188 1655 5232 tunc
1694 5190 1865 5240 erant,
1915 5189 2044 5232 atlas

458 5276 689 5335 exoleta,
713 5283 764 5327 el
795 5273 966 5339 inepta
997 5283 1180 5323 natura
1211 5289 1222 5322 :
1255 5270 1304 5322 itt
1331 5269 1540 5346 virgine
1566 5279 1739 5324 autent
1765 5285 1926 5322 unum
1951 5269 2044 5322 fuit

462 5365 940 5436 inqteditnentutn,
1006 5361 1148 5429 quod
1195 5361 1402 5428 nuptias
1447 5369 1666 5429 experta
1723 5375 1826 5412 non
1882 5368 2042 5412 esset.

462 5455 612 5527 Viam
641 5458 796 5526 igitur
822 5456 1011 5510 sternit
1042 5454 1226 5524 virgini
1251 5453 1468 5508 sterilis.
1503 5454 1676 5522 Atque
1701 5461 1760 5506 ut
1787 5451 2044 5522 intelligas

459 5548 659 5603 ideirco
688 5547 896 5602 steriles
924 5547 1277 5616 prmctrssisse,
1309 5556 1364 5599 ttt
1408 5555 1590 5616 partus
1619 5545 1834 5616 virginis
1864 5545 2048 5601 crede-

517 5660 593 5721 (a)
619 5665 727 5707 tunc
759 5657 861 5718 ijsa
880 5659 1120 5710 habentur
1144 5657 1342 5710 tlomilia
1371 5659 1430 5711 49
1467 5659 1516 5710 in
1539 5659 1782 5720 (leuesim,
1807 5668 1840 5710 t.
1868 5660 1904 5710 l.

2072 219 2105 269 .\
2118 217 2158 270 il
2171 212 2394 273 CIIIEP.
2435 222 2966 280 CONSTANTINOP.

3612 226 3725 285 ΜΟ

2135 343 2308 399 retur,
2353 334 2478 389 audi
2507 337 2700 404 quibus
2754 353 2873 392 eam
2920 338 3096 394 verbis
3136 338 3350 394 Gabriel
3391 340 3461 394 sit
3504 340 3717 397 affatus.

2131 424 2261 478 Cum
2286 424 2428 478 enim
2453 432 2711 486 venisset.
2730 430 2882 498 eique
2908 429 3157 495 dixisset,
3181 429 3444 498 Concipis:
3472 432 3526 483 in
3551 441 3716 497 utero,

2130 527 2180 570 et
2205 518 2373 587 paries
2401 518 2584 587 ﬁlium,
2624 530 2670 572 et
2697 522 2892 575 vocabis
2921 537 3102 575 nomen
3144 522 3254 592 ejus
3275 518 3450 576 Iesum
3476 521 3625 592 (Luc.
3657 526 3684 578 1

2131 611 2244 682 51),
2287 612 2555 682 obstupuit
2583 613 2751 682 virgo.
2797 623 2853 668 et
2903 615 3087 668 mirata
3129 623 3233 679 est,
3276 615 3720 682 dixitque:Quo-

2131 704 2281 757 modo
2299 705 2382 771 [iet
2405 705 2556 765 istud,
2577 706 2814 774 quoniam
2829 705 2988 757 virum
3006 722 3104 758 non
3125 722 3372 775 cogitasco
3393 705 3495 774 (Ib.
3522 723 3566 760 tt.
3589 709 3725 775 54η

2131 794 2267 858 Ouid
2302 795 2458 864 igitur
2477 795 2737 865 angelus“!
2765 797 2989 864 Spiritus
3023 806 3225 850 sanctus
3250 799 3562 866 superveniet
3590 802 3640 854 in
3668 812 3712 856 te

2131 885 2239 956 (Ib.
2275 901 2321 938 ο.
2354 886 2466 957 533).
2512 886 2629 941 Noli
2678 887 2921 941 ordinem
2968 903 3207 956 quatrere
3246 899 3470 954 naturas,
3513 891 3716 960 inquit,

2129 993 2251 1032 eum
2280 993 2440 1046 supra
2480 987 2720 1031 naturam
2749 986 2834 1032 est
2879 978 2928 1032 id
2957 978 3096 1047 quod
3123 981 3330 1047 geritur
3355 995 3369 1033 :
3399 996 3466 1034 ne
3505 983 3720 1051 nuptias

2132 1079 2189 1126 et
2228 1070 2441 1124 dolores
2471 1079 2652 1139 partus
2694 1070 3062 1138 circumspice,
3098 1085 3217 1123 cum
3251 1071 3448 1138 nuptiis
3473 1074 3722 1140 superior

2129 1163 2488 1234 generationis
2513 1165 2700 1217 modus
2727 1163 2898 1217 fuerit.
2933 1163 3198 1229 Quomodo
3224 1164 3308 1231 ﬁet
3339 1163 3496 1230 istud,
3524 1165 3716 1234 inquit,

2129 1254 2365 1324 quoniam
2405 1255 2566 1308 virum
2609 1271 2710 1307 non
2755 1254 3048 1324 cognosco?
3089 1255 3245 1320 Atqui
3297 1263 3573 1324 propterea
3625 1258 3722 1310 lict

2131 1343 2292 1409 isltttl,
2326 1344 2444 1412 quia
2484 1344 2654 1397 virum
2690 1360 2792 1396 non
2825 1344 3123 1413 cognoscis.
3155 1343 3208 1400 Si
3241 1344 3383 1399 enim
3425 1345 3590 1399 virum
3617 1362 3719 1398 eo-

2129 1435 2431 1504 gnovisses,
2461 1434 2636 1488 habita
2667 1433 2825 1504 digna
2847 1451 2949 1489 non
2981 1451 3149 1499 esses,
3179 1422 3447 1506 qumbuie
3475 1439 3722 1493 ministe-

2131 1527 2214 1580 rio
2243 1526 2550 1582 inservires.
2583 1526 2762 1596 Itaque
2787 1529 2856 1580 ob
2887 1528 2985 1582 ltoc.
3026 1529 3196 1597 ipsum
3243 1528 3420 1595 crede,
3462 1529 3534 1582 ob
3573 1531 3720 1600 quod

2133 1616 2288 1671 lldem
2321 1620 2500 1672 renuis
2535 1617 2749 1672 habere.
2791 1617 2962 1672 Porro
2987 1620 3247 1686 ejusmodi
3280 1621 3536 1675 inservire
3561 1622 3719 1676 mini-

2129 1710 2292 1764 sterio
2316 1710 2474 1780 digna
2514 1726 2617 1764 ltuit
2657 1725 2805 1765 esses
2851 1710 3050 1775 Italtita,
3081 1727 3188 1765 non
3227 1711 3369 1781 quod
3413 1710 3610 1766 malum
3648 1713 3726 1767 sit

2130 1801 2455 1870 conjugium,
2486 1801 2580 1855 sed
2613 1804 2732 1872 quia
2764 1804 2950 1858 melior
2983 1813 3064 1857 est
3091 1804 3368 1873 virginitas
3397 1821 3409 1854 :
3439 1806 3720 1874 augustio-

2132 1907 2243 1946 rem
2277 1892 2418 1947 enint
2451 1907 2572 1946 esse
2617 1901 2802 1946 nostro
2834 1894 3130 1963 ingressum
3165 1894 3374 1948 Domini
3400 1896 3714 1964 oportebat;

2133 1984 2314 2054 regius
2347 1984 2542 2053 quippe
2563 1993 2679 2038 erat
2706 2001 2720 2037 :
2746 1986 2890 2053 atqui
2923 2002 3017 2040 rex
3061 2001 3155 2056 per
3190 1987 3537 2056 augustiorem
3563 1989 3708 2042 viam

2132 2075 2444 2144 ingreditur.
2489 2075 2735 2147 Oportuil
2778 2078 2921 2133 illum
2967 2088 3019 2132 et
3049 2080 3378 2148 generationi
3417 2082 3716 2134 communi-

2131 2183 2276 2228 care.
2307 2177 2360 2222 ct
2382 2185 2409 2221 a
2445 2179 2623 2223 nostra
2645 2169 2879 2224 dili‘erre.
2909 2169 3088 2240 itaque
3114 2169 3228 2224 luce
3253 2171 3414 2224 ambo
3429 2171 3720 2238 ἁὶςιγοιιιιιιο

2136 2269 2238 2313 tttr.
2272 2261 2402 2314 Nam
2435 2278 2500 2314 ex
2533 2271 2686 2316 utero
2735 2263 2901 2328 nasci,
2945 2277 3230 2316 commune
3276 2263 3547 2316 nobiscum
3586 2271 3718 2316 est:

2131 2352 2226 2408 sed
2261 2353 2463 2422 absque
2502 2353 2750 2423 eoltjugio
2779 2356 2947 2419 nasci,
2971 2354 3329 2408 conditionem
3363 2365 3596 2408 nostram
3622 2371 3721 2408 ex-

2131 2444 2290 2499 cedit.
2327 2447 2501 2514 Atque
2533 2445 2583 2499 ilt
2614 2455 2768 2501 utero
2795 2445 3009 2515 quidem
3037 2447 3232 2516 gestari
3280 2457 3334 2500 et
3363 2447 3588 2515 concipi,
3625 2463 3726 2498 na-

2136 2543 2265 2586 tum:
2290 2545 2366 2588 est
2404 2536 2676 2596 lntlnanze;
2701 2536 2839 2604 quod
2865 2548 3042 2590 autem
3085 2537 3203 2590 sine
3231 2537 3374 2590 coitu
3404 2537 3492 2589 liat
3521 2553 3719 2590 conec-

2135 2628 2264 2694 ptio,
2316 2635 2500 2679 natura
2549 2627 2778 2681 ltumana
2823 2637 2906 2682 est
2955 2629 3249 2698 augustius.
3285 2629 3572 2696 Promerea
3605 2629 3720 2682 lta-c

2131 2715 2292 2770 ambo
2319 2717 2648 2782 acciderunt,
2693 2727 2748 2771 ut
2787 2727 2842 2772 et
2883 2729 3082 2788 quanto
3127 2729 3178 2773 te
3206 2720 3543 2788 prmstanlior
3566 2720 3631 2771 sil
3675 2721 3723 2772 is

2133 2808 2220 2876 qui
2253 2809 2476 2878 paritur,
2505 2809 2698 2875 discas,
2731 2817 2786 2864 et
2810 2821 3064 2879 quantmn
3111 2823 3316 2864 naturtc
3347 2820 3451 2865 tua:
3481 2827 3725 2865 contmn-

2135 2897 2296 2951 nicct.

2206 2989 2258 3042 8.
2293 2989 2368 3042 Ac
2399 2990 2527 3043 ntilti
2569 2992 2883 3061 sapientiam
2930 2992 3242 3053 considera.
3275 3011 3392 3062 qum
3432 2995 3481 3048 in
3509 2994 3573 3048 iis
3598 3011 3724 3064 qua:

2135 3091 2412 3150 geruntur.
2441 3084 2636 3138 elucet.
2666 3083 2850 3155 Neque
2877 3085 3184 3154 praestantia
3208 3085 3293 3138 illa
3318 3085 3725 3140 similitudinem

2134 3181 2188 3224 et
2217 3172 2611 3239 cognationem,
2630 3189 2731 3243 qua
2756 3174 3030 3229 nobiscum
3057 3175 3274 3244 junctus
3299 3185 3401 3236 est,
3429 3177 3592 3239 laesit;
3627 3193 3728 3230 ne-

2133 3277 2236 3330 que
2265 3263 2510 3331 cognatio
2533 3274 2711 3317 nostra
2739 3266 3098 3333 pl‘1135lanll3llt
3134 3266 3250 3334 ejus
3277 3265 3599 3330 ob<curavit,
3625 3267 3725 3321 sed

2138 3363 2362 3420 utraque
2400 3355 2558 3408 rebus
2583 3356 2834 3408 omnibus
2858 3354 3127 3409 declarata
3155 3365 3266 3419 est;
3295 3367 3350 3411 et
3374 3357 3476 3410 alia
3503 3357 3722 3424 quidem

2139 3454 2316 3498 nostra
2361 3445 2587 3498 Italtettat
2636 3447 2838 3515 integra
2862 3488 2877 3508 ,
2907 3447 3007 3500 alia
3037 3461 3166 3500 vero
3206 3462 3234 3498 a
3286 3447 3435 3500 nobis
3476 3447 3710 3499 diversa.

2137 3535 2240 3588 Sed
2277 3533 2417 3603 quod
2463 3535 2725 3598 dicebant,
2760 3547 3039 3604 propterea
3077 3536 3286 3590 steriles
3311 3545 3711 3604 pra-cesserunt,

2139 3634 2196 3678 ttt
2235 3634 2417 3694 partus
2445 3626 2664 3695 virginis
2687 3627 3017 3691 crederetur,
3043 3639 3099 3680 ut
3132 3627 3230 3680 ista
3259 3626 3396 3696 quasi
3426 3641 3584 3679 manu
3609 3626 3721 3679 llu-

2138 3726 2349 3770 cerctur
2371 3717 2436 3770 ad
2470 3717 2625 3771 [idem
2657 3719 2919 3786 promisso
2938 3735 3000 3773 ac
3031 3719 3392 3788 pollicitationi
3417 3719 3487 3772 illi
3515 3718 3724 3773 haben-

2139 3809 2282 3875 datu,
2313 3825 2469 3878 quam
2513 3812 2704 3878 augt-Io
2745 3811 2946 3865 audivit
2989 3811 3231 3875 dicente,
3260 3811 3483 3880 Spiritus
3519 3821 3728 3864 sanctus

2142 3901 2450 3969 superveniet
2488 3901 2539 3953 iu
2586 3910 2652 3966 te,
2681 3910 2724 3953 et
2766 3903 2924 3954 virtus
2961 3902 3208 3955 Altissimi
3252 3902 3563 3956 obunlbrabit
3588 3903 3680 3955 tibi
3710 3919 3731 3956 :

2140 3992 2239 4053 sic,
2271 3991 2460 4060 inquit,
2493 3991 2724 4060 paritura
2757 4008 2835 4045 es.
2861 3991 2934 4047 Ne
2957 3993 3214 4061 respicias
3242 4003 3470 4056 terram;
3502 3993 3570 4047 de
3593 3995 3734 4047 caelo

2143 4081 2287 4134 venit
2307 4080 2616 4133 eflicacitas.
2646 4081 2876 4148 Spiritus
2901 4091 2983 4134 est
3017 4083 3183 4151 gratia
3226 4081 3365 4150 quod
3405 4083 3627 4152 geritur,
3664 4098 3735 4138 ne

2143 4171 2270 4225 lttilti
2303 4187 2511 4241 qumras
2537 4181 2778 4226 naturam
2824 4182 2880 4227 et
2919 4173 3063 4243 leges
3094 4174 3416 4242 nuptiarum.
3451 4173 3555 4228 Sed
3592 4189 3737 4242 quo-

2143 4267 2283 4317 niam
2316 4263 2452 4317 illius
2477 4275 2689 4333 captum
2711 4265 3042 4320 excedebant
3071 4264 3186 4319 ha‘c
3211 4265 3391 4325 verba,
3427 4265 3541 4317 vttlt
3566 4266 3736 4318 etiam

2142 4357 2363 4409 alteram
2407 4356 2916 4412 demonstrationem
2966 4359 3225 4428 pra'bere.
3258 4359 3333 4410 'l'tl
3375 4373 3503 4410 vero
3545 4360 3740 4409 consi-

2142 4451 2269 4507 dera
2289 4493 2304 4516 ,
2337 4467 2443 4518 quo
2469 4461 2626 4518 pacto
2651 4451 2850 4506 sterilis
2878 4455 2943 4508 ad
2984 4449 3140 4505 ﬁdem
3174 4449 3296 4504 huic
3323 4450 3398 4504 rei
3429 4449 3740 4502 ltaltentlaut

2144 4542 2390 4596 deducat.
2443 4540 2574 4596 Nam
2621 4543 2872 4612 quoniant
2931 4543 3015 4596 illa
3069 4541 3456 4596 demonstratio
3497 4549 3744 4593 utentem

2146 4636 2363 4704 virginis
2387 4633 2696 4698 excedebat,
2711 4635 2832 4690 audi
2850 4649 2956 4704 quo
2979 4644 3131 4704 pacto
3154 4633 3218 4687 ad
3238 4632 3516 4686 ltuntiliora
3533 4646 3750 4684 scruto-

2147 4743 2268 4783 nent
2289 4728 2574 4784 demittens
2602 4745 2696 4798 per
2721 4744 2806 4782 res
2831 4727 3096 4797 subjectas
3121 4725 3366 4780 sensibus
3401 4723 3547 4778 illam
3579 4723 3747 4791 quasi

2148 4835 2307 4873 manu
2368 4819 2543 4874 ducat.
2593 4817 2727 4872 Ecce
2778 4819 2955 4880 enim.
2999 4817 3204 4886 inquit,
3247 4813 3474 4868 Elisobet
3517 4824 3752 4884 cognata

2148 4920 2256 4975 tua,
2286 4921 2332 4964 et
2358 4912 2471 4980 ipsa
2491 4911 2720 4977 concepit
2743 4910 2905 4978 [ilium
2927 4909 2978 4961 in
2999 4917 3252 4962 senectute
3271 4923 3362 4960 sun
3386 4922 3406 4958 :
3426 4915 3472 4957 et
3500 4905 3588 4957 hic
3611 4921 3757 4956 meno

2147 5004 2216 5058 sis
2261 5012 2430 5056 sextus
2468 5011 2540 5055 est
2589 5000 2700 5065 illi,
2737 5017 2851 5071 qua:
2891 5010 3098 5055 rocatur
3141 4998 3324 5051 sterilis
3352 4994 3499 5062 (Luc.
3540 4997 3592 5048 ί.
3627 4995 3749 5063 56).

2155 5097 2312 5150 \itles
2358 5097 2592 5150 sterilem
2632 5112 2755 5150 esse
2801 5103 3015 5164 propter
3049 5089 3347 5161 Virginem?
3377 5088 3507 5143 Nam
3541 5086 3755 5156 alimttli

2151 5203 2247 5242 cur
2277 5187 2350 5240 illi
2379 5188 2592 5255 protulit
2612 5186 2662 5239 ill
2687 5186 2920 5239 medium
2943 5192 3183 5252 cognata:
3206 5179 3452 5249 partum?
3478 5192 3647 5244 quam
3680 5178 3758 5227 ob

2151 5287 2366 5334 causam
2395 5278 2529 5332 dixit
2557 5295 2572 5330 :
2605 5276 2665 5330 Ill
2685 5286 2938 5330 senectute
2965 5274 3096 5327 sua?
3117 5289 3216 5325 l-ur
3239 5270 3501 5338 adjunxit.
3539 5269 3604 5320 I-fi
3636 5284 3759 5339 quis

2153 5382 2360 5425 uocatur
2379 5370 2606 5423 sterilis?
2629 5368 2773 5422 Illam
2805 5368 3054 5421 nimirum
3106 5365 3188 5418 Itis
3213 5363 3461 5415 munibus
3486 5360 3552 5413 ad
3585 5361 3760 5412 lidenl

2154 5461 2544 5517 annuntiatiolti
2585 5460 2878 5515 habendam
2915 5456 3189 5513 incitabat.
3219 5455 3502 5523 Propterea
3531 5462 3590 5504 et
3619 5460 3762 5504 a-ta-

2157 5567 2260 5612 teut
2309 5565 2360 5610 et
2406 5567 2607 5609 ltatur:e
2662 5553 3077 5608 imbecillitatem
3135 5547 3366 5604 narravit
3409 5561 3422 5598 :
3462 5556 3761 5613 propterea

2157 5663 2368 5720 quoque
2389 5662 2416 5700 a
2445 5646 2530 5702 die
2558 5646 2922 5716 conccplionis
2945 5643 3182 5714 elapsum
3221 5631 3430 5708 tempus
3459 5650 3753 5704 exspecta-
