4082 6212
415 282 508 338 stu
1673 263 1764 320 DE
1802 261 1942 319 non
1981 263 2454 321 DESPERANDO.

419 397 509 450 vit.
536 392 649 449 Non
675 390 818 444 enim
850 405 875 441 τι
909 386 1171 460 principio
1206 385 1382 438 statim
1412 384 1488 438 »ιλιι
1520 380 1876 441 amittutiavil,
1905 374 1998 429 sed

417 499 469 538 ut
509 493 766 538 semestre
812 491 1022 548 tempus
1060 477 1226 530 sterili
1275 476 1594 540 elaberetur,
1621 474 1994 544 exspectavit:

419 588 472 627 ιιι
508 574 708 629 ventris
748 581 922 624 tumor
961 566 1363 635 t-iitzctqitit\tiettt
1403 565 1682 632 iudicaret,
1711 575 1764 619 et
1794 575 2000 617 uterum

420 667 562 719 illam
591 674 797 734 gestare
837 661 1085 715 dubitare
1131 659 1348 712 minime
1394 668 1587 726 posset.
1622 660 1695 712 Ae
1723 657 1849 710 mihi
1882 672 2002 710 rur-

419 772 511 810 sus
548 754 879 818 prudentiam
909 751 1172 804 Gabrielis
1217 750 1518 804 considera.
1550 749 1732 818 Neque
1757 749 1896 801 enim
1929 747 2000 800 illi

420 847 690 905 revocavit
719 847 770 900 in
803 845 1119 900 memoriam
1162 846 1400 908 Sarram,
1428 858 1530 898 nec
1556 843 1870 902 Rebeccam,
1906 855 2003 893 nec

419 938 730 999 Rachelem,
747 935 954 989 tametsi
972 935 1182 990 steriles
1198 935 1356 988 etiam
1370 942 1519 988 erant
1536 933 1670 999 isne,
1687 949 1749 987 ac
1761 941 2004 986 senet-tu-

421 1042 472 1086 te
492 1031 771 1096 coniectat,
796 1046 968 1100 neque
995 1044 1082 1083 res
1109 1028 1328 1082 carebat
1352 1027 1609 1082 miraculo
1637 1045 1650 1080 :
1675 1024 1769 1080 sed
1798 1037 2004 1078 veteres

419 1132 576 1179 erant
605 1123 708 1177 illa:
737 1122 991 1176 historia}.
1015 1121 1182 1175 Porro
1209 1137 1326 1191 qua:
1350 1135 1486 1174 nova
1517 1129 1640 1174 sunt
1667 1131 1718 1173 et
1746 1119 1999 1180 recentia,

420 1229 541 1284 qua:
568 1224 746 1268 nostra
775 1220 931 1265 astate
954 1211 1283 1272 acciderunt,
1318 1209 1484 1264 nmlto
1529 1209 1696 1278 magis
1725 1225 1882 1279 quam
1911 1225 2001 1260 au-

426 1304 566 1374 quua
600 1319 698 1356 nos
741 1301 916 1356 solent
953 1302 1019 1356 ad
1063 1302 1218 1355 fidem
1251 1301 1546 1356 habendam
1575 1300 1841 1355 miraculis
1871 1301 2004 1355 inei-

427 1412 560 1456 tare.
591 1400 758 1467 Quam
779 1396 850 1452 ob
871 1409 1109 1458 causam,
1144 1393 1244 1447 illis
1276 1410 1366 1462 pra
1386 1394 1665 1460 tenuissis,
1701 1393 2004 1461 exemplum

427 1493 528 1562 ipsi
558 1500 798 1560 cognata.-
851 1503 960 1541 suae
1008 1485 1244 1540 Elixabet
1290 1485 1641 1554 preponebat,
1675 1494 1731 1537 ut
1752 1500 1815 1537 ex
1838 1483 2002 1549 eoid,

423 1583 565 1656 quod
597 1583 669 1638 illi
704 1594 1020 1638 eventurum
1062 1587 1199 1647 erat,
1235 1578 1572 1648 intelligeret,
1601 1587 1659 1632 ut
1684 1577 1826 1631 illius
1853 1587 2004 1646 partu

423 1677 669 1734 adsuum
715 1677 862 1730 illum
907 1675 1135 1729 maxime
1181 1673 1518 1728 trememlum
1561 1684 1718 1742 atque
1747 1687 2007 1726 veneran-

425 1771 553 1824 dum
582 1779 731 1824 certo
755 1767 1072 1821 credendum
1098 1765 1459 1820 induceretur.
1489 1764 1690 1818 Medius
1713 1763 1908 1833 quippe
1935 1763 2007 1816 in-

426 1873 506 1917 ter
530 1871 768 1916 nostrum
793 1870 847 1916 et
879 1860 1084 1914 Domini
1117 1871 1323 1929 partum
1355 1859 1450 1912 fuit
1473 1858 1560 1912 ille
1586 1857 1781 1912 sterilis
1811 1856 2003 1909 mulie-

423 1955 514 2017 ris,
582 1953 756 2006 miunr
818 1951 1031 2021 quidem
1091 1949 1346 2020 virgineo,
1415 1947 1509 2002 sed
1569 1947 1742 2016 major
1796 1954 2002 1999 nostro.

426 2045 706 2114 Propterea
737 2054 1002 2113 tamquam
1035 2057 1131 2113 per
1152 2042 1433 2112 quemdam
1467 2049 1680 2110 pontem
1712 2053 1808 2108 per
1833 2036 2005 2090 Eliza-

425 2135 530 2192 het.
557 2151 677 2205 qua:
704 2135 876 2188 media
905 2144 1054 2194 erat,
1087 2148 1117 2186 a
1151 2133 1376 2186 naturali
1418 2143 1569 2200 partu
1613 2135 1676 2183 ad
1719 2129 1867 2183 illum
1918 2126 2005 2197 qui

426 2237 667 2279 naturam
699 2225 927 2288 excedit,
957 2223 1199 2278 subvehit
1225 2233 1455 2277 mentem
1487 2222 1721 2290 virginis.

494 2320 548 2370 9.
580 2317 714 2383 Quot
734 2333 893 2368 annos
911 2324 1139 2384 precatus
1155 2314 1216 2368 sit
1250 2312 1418 2368 Isaac.
1439 2343 1508 2352 -—
1531 2312 1828 2366 Vului~sem
1856 2310 2006 2380 cqui-

422 2409 543 2462 deut
587 2408 736 2478 plura
773 2407 971 2471 dicere,
1002 2421 1202 2472 vosque
1245 2405 1378 2460 alias
1416 2404 1614 2460 docere
1653 2404 1905 2469 rationes,
1939 2401 2009 2456 ob

422 2516 553 2570 quas
576 2500 774 2554 sterilis
801 2509 912 2553 erat
942 2499 1209 2562 Rebecca,
1243 2509 1295 2551 et
1328 2497 1527 2552 Rachel
1561 2497 1692 2551 :sed
1736 2511 1840 2550 non
1881 2494 2009 2549 sinit

425 2602 653 2661 tempus.
683 2590 822 2659 quin]
850 2591 1144 2644 orationem
1174 2589 1312 2659 cogit
1346 2588 1411 2642 ad
1440 2587 1826 2643 ostendendam
1847 2587 2010 2640 virtu-

425 2693 527 2735 tem
555 2697 770 2753 precum
798 2682 1065 2735 festinare.
1089 2680 1289 2734 Idcirco
1313 2695 1538 2754 namque
1563 2679 1630 2732 de
1657 2678 1737 2732 his
1760 2677 2006 2733 omnibus

423 2789 722 2826 sermonem
775 2774 1116 2837 instituimus,
1161 2782 1213 2824 ut
1242 2771 1636 2840 intelligeretis.
1671 2784 1772 2838 qua
1804 2768 2006 2822 ratione

426 2879 608 2932 preces
638 2864 779 2916 Isaae
825 2864 1158 2916 sterilitatem
1206 2864 1388 2915 uxoiis
1431 2861 1707 2922 solverint,
1737 2869 1789 2912 et
1821 2875 2006 2930 preces

425 2954 681 3023 temporis
728 2966 831 3006 tam
880 2955 1136 3007 diuturni.
1187 2953 1581 3022 Dcprerabatur,
1635 2951 1825 3022 inquit,
1856 2949 2007 3006 Isaac

427 3063 516 3113 pro
527 3047 748 3100 Rebecca
776 3062 932 3099 uxore
953 3062 1066 3110 sua,
1099 3056 1144 3098 et
1170 3045 1421 3100 exaudivit
1443 3062 1554 3098 eum
1576 3044 1708 3098 Deus
1732 3042 1891 3112 (Gen.

423 3138 536 3204 21).
567 3139 681 3193 Noli
709 3139 850 3191 enim
885 3147 1069 3206 putare
1102 3137 1265 3191 Deum
1297 3140 1442 3194 illum
1475 3141 1772 3203 invocasse,
1799 3152 1862 3191 ac
1887 3147 1998 3191 sta-

425 3230 516 3283 tim
561 3227 866 3283 exauditum
895 3227 1057 3283 fuisse
1085 3229 1340 3283 :niultmn
1373 3230 1514 3283 enim
1559 3229 1813 3298 temporis
1837 3228 2003 3283 Deum

425 3321 628 3374 orando
654 3321 1003 3390 eunsuntpsit.
1031 3323 1105 3373 Ac
1131 3319 1394 3374 sidiscere
1416 3319 1588 3374 velitis
1611 3331 1886 3390 quantum,
1907 3335 2007 3390 ego

425 3411 574 3465 vobis
609 3409 734 3464 illud
777 3419 962 3464 exacte
1005 3409 1255 3463 narrabo.
1283 3408 1479 3477 Viginti
1513 3425 1774 3464 annorum
1814 3425 2003 3463 nume-

425 3519 538 3556 rum
574 3503 737 3556 Deum
788 3501 990 3556 orando
1016 3501 1364 3574 consumpsit.
1391 3502 1541 3557 llnde
1579 3503 1629 3557 id
1656 3501 1901 3556 constat?
1929 3502 2002 3554 lix

425 3595 535 3664 ipsa
558 3595 695 3650 serie
733 3593 1070 3648 narrationis.
1104 3593 1301 3649 Volens
1338 3595 1480 3648 enim
1521 3594 1792 3665 Scriptura
1822 3593 2000 3656 tidem,

426 3677 730 3745 patientiam
756 3687 809 3731 et
839 3677 1226 3746 phil050phiam
1250 3677 1375 3746 justi
1411 3678 1668 3743 iudicare,
1704 3694 1769 3732 ne
1795 3687 2002 3748 tempus

423 3770 634 3837 quidem
672 3770 834 3832 siluit,
859 3769 951 3823 sed
998 3778 1052 3823 et
1085 3770 1256 3839 ipsmu
1305 3771 1620 3834 declaravit,
1659 3773 1778 3825 licet
1807 3773 2003 3826 subob-

424 3877 599 3927 scure,
647 3873 701 3915 ut
743 3862 1113 3932 negligentiam
1159 3872 1395 3916 nostram
1441 3864 1730 3926 excitaret;
1769 3873 2001 3916 attamen

352 3939 354 3942 i
425 3954 656 4023 ignotum
686 3968 805 4008 esse
846 3971 948 4006 non
977 3954 1119 4007 sivit.
1156 3952 1287 4006 Audi
1320 3969 1468 4022 ergo,
1500 3968 1604 4022 quo
1635 3961 1788 4021 pacto
1815 3952 2004 4006 SllbOh-

424 4057 578 4098 scure
609 4043 758 4096 nobis
788 4052 992 4112 tempus
1037 4043 1297 4097 iudicarit.
1329 4040 1480 4094 Isaac
1517 4052 1683 4094 autem
1738 4051 1846 4094 erat
1877 4059 2004 4112 qna-

422 4134 658 4205 dmginla
712 4151 979 4195 annorum,
1015 4133 1215 4203 inquit,
1244 4133 1447 4203 quando
1492 4133 1685 4201 accepit
1729 4131 2002 4186 Rebeccam

422 4226 580 4293 ﬁliam
622 4223 840 4278 But/mc!
886 4225 1005 4294 Syri
1045 4223 1193 4295 (Cen.
1223 4225 1312 4278 25.
1345 4221 1456 4294 20).
1489 4224 1724 4278 Didicisti
1755 4232 1882 4294 quot.
1911 4239 2004 4276 att-

425 4333 614 4371 norum
652 4327 788 4370 csSet
819 4317 1032 4386 quando
1059 4316 1203 4368 duxit
1237 4314 1497 4368 uxorem?
1522 4316 1880 4385 Quadraginta
1909 4333 2003 4367 au-

424 4424 636 4473 uorum,
662 4407 849 4477 inquit,
879 4418 1016 4473 erat,
1045 4406 1261 4477 quando
1299 4405 1596 4461 Rebeccam
1645 4409 1868 4476 accepit.
1897 4407 2001 4461 Sed

426 4499 671 4569 quoniam
704 4498 774 4569 (ιι)
804 4506 933 4568 quot
966 4513 1228 4551 annorum
1257 4505 1399 4550 esset
1427 4496 1726 4559 didicimus,
1754 4513 1871 4551 cum
1901 4498 2001 4549 sibi

424 4589 762 4643 matrimonio
783 4586 962 4658 junxit
988 4602 1230 4651 uxorein,
1258 4586 1529 4642 discamus
1566 4598 1616 4641 et
1647 4586 1859 4657 quando
1887 4596 2000 4640 tau.

424 4680 546 4734 dem
577 4679 870 4749 susceperit
906 4678 1122 4740 liberos,
1153 4685 1208 4733 et
1235 4688 1359 4747 quot
1392 4694 1650 4732 annorum
1681 4687 1855 4741 esset,
1881 4693 2002 4730 cum

422 4769 589 4824 Jacob
611 4769 824 4838 genuit;
857 4777 965 4822 tum
1008 4768 1187 4823 videre
1219 4769 1508 4837 poterimus
1538 4777 1736 4837 quanto
1761 4776 2003 4836 tempore

423 4860 618 4914 sterilis
659 4873 794 4912 uxor
842 4860 1118 4921 manserit,
1147 4873 1208 4913 ac
1233 4868 1345 4913 tutu
1379 4859 1468 4912 illo
1497 4869 1733 4926 tempore
1764 4858 2002 4912 lsaacum

428 4950 592 5003 Deum
637 4963 756 5003 esse
796 4948 1160 5019 deprecatum.
1201 4951 1337 5017 Quot
1388 4951 1544 5018 igitur
1586 4963 1846 5003 annorum
1890 4959 2006 5002 erat

423 5043 636 5114 qraudo
669 5043 924 5099 Jacobum
960 5044 1178 5112 genuit?
1206 5042 1368 5106 Exin,
1402 5043 1587 5112 inquit,
1609 5040 1770 5096 Iacob
1795 5043 2000 5095 dextera

423 5145 591 5188 (metu
628 5136 921 5190 mirantum
967 5136 1139 5206 fratris
1181 5140 1262 5190 sui
1292 5153 1310 5191 :
1340 5147 1602 5208 propterea
1651 5139 1841 5192 vocavit
1890 5155 2000 5191 eum

421 5226 601 5286 Jac-ob,
635 5227 778 5280 illum
815 5237 980 5282 autent
1020 5225 1182 5282 Esau.
1211 5226 1363 5280 Isaac
1401 5240 1565 5281 niuem
1611 5243 1718 5283 erat
1751 5246 2001 5283 annorum

421 5319 705 5388 semgiuta,
732 5319 935 5385 quando
961 5318 1130 5389 genuit
1159 5335 1242 5372 eos
1265 5317 1413 5388 (Gen.
1438 5319 1527 5374 25.
1547 5319 1637 5372 9.33.
1660 5322 1772 5389 26).
1797 5321 1851 5375 Si
1873 5336 2002 5389 ergo

423 5427 544 5462 cum
591 5410 740 5462 duxit
784 5408 1103 5473 Rcbcccam,
1150 5409 1494 5478 quadraginta
1545 5421 1662 5464 erat
1715 5425 1998 5477 annorum,

424 5501 635 5572 quando
689 5517 850 5572 poiro
900 5503 1036 5557 lilios
1078 5504 1598 5574 genuit,scxaginta,
1629 5505 1792 5576 liquet
1820 5505 1998 5576 viginti

485 5657 559 5720 (α)
584 5663 821 5708 Hactenus
845 5658 890 5708 la
915 5659 1112 5708 ttomitia
1136 5661 1194 5707 4)
1220 5673 1267 5709 m
1292 5667 1534 5712 Cenesuu.

3587 275 3692 330 562

2107 392 2278 433 annos
2313 378 2522 435 interim
2553 383 2787 438 slt‘t'ilt‘ttt
2813 403 3032 442 nitorem
3055 388 3335 447 mansisse.
3359 399 3572 462 totoque
3593 399 3693 448 hoc

2110 479 2350 540 tempore
2379 472 2616 529 lsaacum
2647 476 2813 531 Deum
2839 494 3040 534 orasse.

2181 560 2268 614 lt).
2306 561 2498 617 Annon
2555 564 2714 634 igitur
2766 569 3130 624 erubescimus
3184 580 3238 626 et
3291 573 3686 636 confundimur,

2107 668 2228 706 cum
2264 654 2466 722 justum
2505 658 2745 714 videmus
2789 677 2958 716 annos
2989 663 3170 733 viginti
3197 678 3560 736 exspectasse,
3593 685 3691 722 nec

2108 742 2379 800 obstitisse
2401 764 2413 798 :
2436 764 2532 800 nos
2551 765 2677 803 vero
2701 763 2818 819 post
2844 769 3000 807 unam
3025 755 3105 808 vel
3128 755 3346 808 alteram
3381 758 3690 824 petitionem

2108 849 2248 904 sape
2271 837 2571 904 deficimus,
2599 853 2649 894 et
2683 843 3054 912 indignantur?
3094 847 3323 902 Tametsi
3355 849 3438 905 hic
3469 851 3691 906 multam

2108 925 2247 994 apud
2303 927 2470 982 llettm
2516 929 2762 987 fiduciam
2799 933 3047 1000 habeb..t,
3082 949 3133 990 et
3165 948 3339 994 tatnen
3378 939 3691 996 dilationem

2110 1018 2232 1074 doni
2265 1037 2368 1074 non
2401 1039 2540 1092 (egre
2568 1025 2789 1093 ferebat,
2818 1030 2908 1082 sed
2937 1033 3200 1100 patienter
3221 1038 3563 1105 exspecmbat
3596 1055 3611 1094 :
3639 1051 3694 1093 at

2110 1126 2206 1166 nos
2252 1120 2543 1168 innumeris
2588 1120 2792 1172 onerati
2848 1124 3118 1188 pet-eatis,
3165 1140 3322 1194 prava
3366 1130 3689 1185 conscientia

2113 1201 2255 1267 torti,
2287 1205 2558 1260 necullam
2592 1222 2716 1278 erga
2763 1209 3040 1266 Dominum
3089 1217 3511 1274 beneVolcutiam
3540 1223 3690 1276 exhi-

2111 1293 2318 1360 bentes,
2344 1297 2442 1352 nisi
2471 1299 2615 1366 prius
2641 1317 2796 1371 quant
2824 1304 3058 1374 eloquuti
3083 1306 3360 1375 fuerimus,
3389 1312 3688 1381 audiamur,

2108 1387 2289 1441 animo
2317 1391 2666 1454 concidimus,
2712 1412 2850 1465 :t-gre
2896 1399 3132 1463 ferimus,
3161 1418 3188 1454 a
3217 1405 3520 1472 precatione
3545 1406 3691 1460 absi-

2110 1478 2300 1534 stimus
2329 1496 2345 1533 :
2375 1498 2480 1550 quo
2513 1485 2568 1538 lit
2611 1495 2665 1539 ut
2708 1491 2886 1542 vacuis
2934 1506 3148 1561 semper
3190 1495 3436 1550 manibus
3466 1499 3689 1552 receda-

2111 1585 2248 1622 mus.
2277 1571 2406 1636 Quis
2425 1576 2596 1643 Spatio
2622 1578 2801 1645 viginti
2823 1598 3084 1638 annorum
3132 1599 3228 1654 pro
3277 1603 3380 1642 una
3425 1604 3484 1644 re
3525 1590 3689 1646 Deum

2113 1671 2358 1728 precatus
2407 1673 2490 1718 est
2545 1668 2677 1723 sicut
2733 1671 2816 1725 hic
2859 1673 3077 1742 justus?
3111 1677 3192 1732 vel
3243 1680 3439 1748 potius,
3467 1682 3585 1752 quis
3611 1685 3690 1737 vi-

2109 1755 2238 1822 ginti
2275 1757 2419 1811 solos
2448 1761 2698 1815 menses?

2183 1845 2490 1928 Citisiniiles
2517 1851 2639 1916 sint,
2667 1854 2754 1922 qui
2795 1866 2970 1909 contra
3013 1858 3243 1914 inimicos
3277 1873 3446 1918 orant.
3467 1894 3539 1907 —
3566 1864 3689 1918 Ili-ri

2110 1939 2323 2006 quidem
2347 1941 2586 1997 dicebam
2611 1947 2805 2000 multus
2825 1965 2944 2004 esse
2972 1950 3063 2021 qui
3090 1952 3420 2024 negligenter
3446 1965 3691 2022 orant,et

2109 2031 2337 2084 oscitaut
2372 2047 2418 2098 s,
2450 2050 2507 2088 se
2534 2037 2898 2105 extendentes,
2929 2056 2993 2096 ac
3036 2052 3294 2112 perpetuo
3335 2059 3394 2100 se
3424 2045 3526 2100 huc
3563 2048 3691 2103 illuc

2110 2135 2402 2190 vertentes,
2441 2141 2656 2182 omnem
2712 2131 2968 2187 incuriam
3018 2150 3126 2203 prae
3173 2151 3232 2192 se
3285 2135 3691 2194 feruntzhodie

2115 2231 2238 2269 vero
2293 2218 2476 2272 vitium
2521 2221 2662 2274 aliud
2703 2223 2844 2292 quod
2899 2225 3147 2293 precibus
3189 2227 3475 2284 intervenit
3521 2231 3691 2284 multo

2111 2309 2463 2377 perniciosius
2517 2311 2606 2366 illo
2656 2315 2849 2382 reperi.
2891 2315 3036 2370 Multi
3087 2319 3228 2371 enim
3268 2334 3464 2386 pronos
3496 2321 3546 2375 iu
3576 2332 3683 2376 ter-

2111 2416 2224 2454 ram
2261 2417 2319 2456 se
2361 2403 2720 2472 projieieutes,
2748 2416 2944 2462 terram
2983 2408 3158 2465 fronte
3185 2408 3458 2479 ferientes,
3490 2416 3689 2471 calidas

2111 2490 2393 2548 fundentes
2438 2496 2725 2566 lac-rvinas,
2769 2500 2961 2555 acerbe
3001 2501 3224 2556 interius
3262 2505 3686 2575 ingemiscentes,

2110 2585 2343 2638 extensis
2368 2587 2632 2654 manibus,
2666 2591 2996 2659 nmltumque
3032 2592 3264 2648 studium
3291 2610 3400 2665 pra:
3425 2611 3483 2650 se
3515 2595 3689 2651 feren-

2111 2686 2208 2739 tes.
2236 2679 2333 2733 hoc
2351 2677 2558 2735 fervore
2581 2698 2642 2734 ac
2666 2684 3078 2753 promptitudiue
3099 2687 3261 2740 animi
3287 2687 3352 2741 ad
3363 2702 3473 2744 ver:
3486 2703 3549 2744 us
3575 2706 3693 2759 pro-

2115 2768 2526 2838 priaiusalutein
2558 2786 2794 2829 uttttttttr.
2821 2774 2954 2831 Nam
2981 2778 3089 2833 Deo
3125 2794 3310 2849 preces
3333 2779 3562 2836 oti‘erunt
3585 2799 3689 2838 non

2114 2879 2206 2930 pro
2237 2865 2347 2918 suis
2377 2865 2605 2930 delictis,
2639 2885 2809 2938 neque
2851 2880 2905 2924 ut
2944 2872 3152 2925 veniam
3193 2882 3530 2941 peccatorum
3562 2889 3690 2928 suo-

2112 2967 2227 3005 rum
2257 2962 2458 3021 petant.
2486 2957 2579 3011 sed
2609 2956 2709 3010 huc
2739 2959 2974 3013 studium
3003 2976 3162 3015 omne
3187 2963 3472 3018 coaferunt
3497 2964 3690 3018 adver-

2111 3056 2202 3095 sus
2245 3042 2488 3099 inimicos
2516 3059 2531 3098 :
2559 3060 2620 3099 ac
2653 3049 2871 3116 perinde
2903 3049 3125 3115 faciunt,
3156 3067 3220 3106 ac
3262 3054 3306 3106 si
3346 3055 3464 3123 quis
3504 3071 3690 3110 ensem

2109 3147 2291 3198 at'ual.
2315 3150 2413 3190 nec
2439 3135 2696 3193 adversus
2725 3139 2906 3194 hostes
2934 3140 3025 3196 illo
3047 3157 3245 3212 genere
3270 3160 3540 3200 armorum
3573 3156 3688 3201 uta-

2111 3236 2212 3291 tur,
2247 3227 2340 3282 sed
2371 3243 2438 3284 eo
2459 3229 2701 3299 jugulum
2732 3245 2883 3286 suum
2917 3232 3162 3299 trajiciat.
3187 3234 3275 3290 Sic
3301 3246 3356 3290 et
3383 3236 3469 3290 isti
3490 3253 3595 3290 non
3622 3238 3687 3290 ad

2109 3318 2450 3372 obtinendam
2477 3335 2693 3375 suarum
2729 3321 2934 3376 veniam
2965 3321 3305 3388 delictorum,
3329 3325 3422 3380 sed
3447 3326 3514 3380 ad
3539 3342 3693 3382 accc-

2111 3411 2384 3465 leranduin
2427 3411 2762 3468 inimicorqu
2800 3416 3115 3487 supplicium
3146 3420 3392 3488 precibus
3419 3430 3639 3477 utuntur
3671 3438 3684 3474 :

2109 3502 2248 3570 qiiod
2287 3512 2369 3556 est
2416 3504 2622 3574 seipsos
2671 3506 2848 3575 gladio
2886 3523 2985 3562 suo
3020 3511 3350 3580 transﬁgere.
3377 3512 3487 3567 lloc
3510 3522 3686 3569 autem

2110 3594 2374 3661 malignus
2433 3595 2519 3651 ille
2544 3599 2884 3669 excogitavit,
2917 3609 2975 3654 ut
2997 3615 3094 3655 nos
3117 3602 3262 3656 onmi
3291 3618 3356 3656 ex
3382 3612 3531 3673 parte
3559 3620 3683 3673 per-

2108 3686 2327 3752 damus,
2352 3697 2406 3741 et
2437 3687 2562 3742 dum
2603 3690 2934 3760 negligentes
2967 3706 3171 3759 sumus,
3201 3702 3254 3747 et
3290 3692 3416 3748 dum
3457 3695 3691 3750 studium

2107 3779 2318 3847 aliquod
2343 3779 2678 3835 adhibemus.
2715 3782 2776 3835 lli
2803 3784 2946 3837 enim
2979 3784 3077 3838 hac
3101 3800 3198 3839 sua
3252 3787 3303 3840 in
3353 3787 3599 3856 precibus
3621 3789 3692 3842 iu-

2110 3869 2254 3920 curia
2285 3869 2447 3922 Deum
2478 3870 2850 3933 irritant,dum
2881 3889 2975 3941 per
3000 3874 3138 3929 hanc
3163 3877 3538 3944 negligentiam
3559 3894 3689 3934 eon-

2112 3965 2366 4025 temptmn
2399 3973 2505 4023 pra:
2526 3973 2585 4012 se
2625 3958 2800 4014 ferunt
2837 3979 2850 4014 :
2887 3963 2959 4015 illi
2989 3978 3116 4016 vero
3145 3967 3377 4020 studium
3409 3969 3690 4034 exhibent,

2111 4049 2203 4102 sed
2247 4049 2298 4102 in
2347 4050 2534 4104 salutis
2581 4066 2690 4106 sua:
2735 4053 3023 4121 perniciem
3053 4055 3324 4111 exhibent.
3352 4056 3468 4122 Ille,
3499 4059 3689 4130 inquit.

2112 4141 2383 4210 negligens
2409 4152 2524 4208 est;
2558 4143 2658 4198 hoc
2688 4145 2814 4197 mihi
2841 4146 3036 4199 sufficit
3067 4156 3119 4200 ut
3149 4147 3276 4200 nihil
3305 4149 3543 4204 obtineat
3568 4167 3581 4203 :
3604 4149 3690 4205 bu:

2110 4232 2335 4302 diligens
2367 4242 2450 4288 est
2489 4245 2543 4288 et
2570 4243 2839 4300 attentus;
2866 4237 2990 4305 quid
3019 4254 3148 4308 ergo
3174 4237 3402 4293 faciam?
3423 4239 3540 4294 Non
3571 4255 3694 4310 pos-

2109 4340 2226 4380 sum
2248 4326 2480 4380 studium
2508 4327 2622 4396 ejus
2650 4327 2955 4398 infringere,
2981 4346 3152 4399 neque
3179 4331 3230 4383 in
3279 4347 3399 4384 eum
3425 4340 3692 4400 torpOi-em

2112 4417 2431 4484 immittere;
2463 4421 2563 4474 alia
2611 4421 2816 4475 ratione
2859 4421 3146 4491 perniciem
3181 4422 3230 4475 in
3260 4437 3380 4475 eum
3409 4423 3683 4476 machina-

2113 4512 2228 4565 bor.
2257 4513 2373 4579 Quo
2395 4514 2606 4566 tandem
2629 4511 2825 4566 modo?
2855 4513 3092 4568 [illiciat]!
3116 4525 3170 4568 ut
3195 4513 3371 4568 smdio
3391 4513 3695 4582 diligentia-

2111 4622 2213 4674 que
2243 4606 2308 4660 ad
2339 4607 2667 4675 iniquitatem
2698 4615 2874 4660 utatur
2908 4623 2920 4658 :
2954 4606 3186 4676 iniqumn
3214 4607 3357 4661 enim
3399 4615 3476 4660 cst
3501 4608 3694 4660 adver-

2114 4713 2206 4751 sus
2254 4697 2496 4752 ἰιιίιιιίουδ
2546 4713 2730 4765 preci-5
2775 4697 3012 4752 fundere.
3045 4701 3120 4756 Ita
3157 4700 3264 4760 fiet,
3304 4709 3360 4752 ut
3403 4715 3507 4754 non
3538 4699 3695 4751 modo

2116 4790 2260 4844 nullo
2283 4798 2552 4859 repet-tatu
2581 4793 2728 4846 luem
2749 4808 2814 4846 ex
2841 4792 3018 4846 studio
3043 4807 3142 4845 suo
3167 4790 3428 4855 discedat,
3455 4792 3548 4846 sed
3578 4792 3694 4860 plus

2111 4881 2415 4938 detrimenti
2474 4885 2732 4954 patiatur,
2786 4899 2944 4954 quam
3019 4884 3335 4954 negligentia
3384 4883 3691 4937 invexisset.

2116 4974 2386 5041 Ejusmodi
2432 4987 2552 5028 sunt
2598 4975 2796 5030 diaboli
2846 4975 3299 5030 tnacltiumzalios
3371 4988 3466 5043 per
3519 4974 3685 5041 negli-

2113 5070 2367 5137 gentiam,
2391 5069 2525 5122 alios
2548 5083 2640 5137 per
2666 5068 2836 5138 ipsum
2859 5066 3090 5121 studium
3119 5064 3312 5135 perdit,
3340 5078 3460 5119 cum
3495 5079 3598 5116 non
3625 5077 3692 5114 ex

2118 5159 2425 5228 pra-scripto
2453 5158 2625 5230 legum
2653 5160 2958 5213 adhibetur.

2189 5253 2270 5306 ll.
2301 5253 2476 5305 Oratio
2488 5268 2654 5305 eorum
2672 5251 2759 5323 qui
2772 5250 2986 5304 uindicta
3008 5247 3415 5312 delectantur.-
3437 5241 3541 5296 Sed
3563 5256 3696 5310 ope-

2119 5365 2190 5402 rm
2219 5347 2441 5419 pretium
2463 5347 2617 5401 fuerit
2642 5345 2802 5399 verba
2822 5343 3078 5398 orationis
3094 5341 3296 5402 audire,
3331 5349 3379 5393 et
3410 5352 3515 5406 quo
3543 5346 3696 5404 pacto

2115 5444 2333 5514 puerilis
2357 5443 2512 5495 verba
2552 5441 2658 5494 sint
2711 5438 2924 5501 mentis,
2953 5445 3007 5490 et
3057 5433 3219 5488 animi
3273 5429 3549 5484 infantilis.
3613 5427 3696 5482 Me

2113 5535 2329 5606 quidem
2360 5535 2520 5603 pudet
2551 5533 2639 5586 illa
2669 5531 2869 5597 dicere,
2903 5540 3125 5582 necesse
3153 5532 3236 5578 est
3266 5530 3442 5575 tamen
3470 5518 3690 5572 omnino

2123 5647 2185 5689 ea
2211 5639 2267 5688 ut
2292 5629 2558 5694 dicamus,
2593 5635 2642 5681 et
2672 5622 2937 5679 indoctam
2968 5618 3200 5690 linguam
3228 5612 3371 5669 illam
3403 5611 3688 5668 imitemur.
