4082 6212
450 305 556 365 365
1147 298 1204 353 S.
1245 294 1521 354 JOANNIS
1557 287 2032 351 CllRYSOSTOMl
2070 285 2386 348 ARCHIEP.
2426 286 2960 351 CONSTANTINOP.
3599 306 3705 365 δα

445 427 699 491 Qnmuam
723 418 880 487 igitur
905 416 989 470 illa
1020 422 1140 469 sunt
1173 410 1371 466 verba!
1397 408 1616 464 Vindica
1642 423 1728 462 me
1753 405 1821 460 de
1844 404 2019 460 inimi-

442 518 523 571 cis
547 515 717 568 meis:
746 508 968 564 ostende
995 507 1100 560 illis
1128 520 1214 560 me
1241 517 1451 573 quoque
1478 502 1642 555 Deum
1665 498 1884 555 habere.
1906 495 2019 551 Non

445 616 556 661 tum
604 605 768 659 Deum
810 614 909 653 nos
951 596 1147 652 habere
1185 594 1418 654 discunt.
1448 591 1517 645 mi
1566 589 1746 652 homo,
1774 602 1893 642 cum
1922 601 2022 640 nos

445 695 805 763 indignamur,
835 699 890 742 et
915 686 1213 748 irascimur,
1243 692 1297 738 et
1325 697 1467 751 :ngre
1492 680 1710 734 ferimus
1741 676 1869 731 :sed
1897 692 2018 729 cum

445 785 584 841 ιιιιιιιι
604 784 671 839 sti
710 797 892 835 sumus
912 822 927 843 ,
957 779 1117 833 mites
1143 786 1197 830 et
1242 773 1481 835 immani,
1502 784 1823 840 otttnemque
1849 766 2023 838 philo.

441 876 683 947 wphiam
710 886 1047 928 exercemus.
1078 869 1151 924 Ita
1179 882 1395 938 qttoque
1427 864 1560 919 dixit
1591 864 1730 918 Deus
1772 877 1786 915 :
1830 859 2021 915 Lureut

441 969 534 1022 Ιιιει·
565 975 727 1018 reum
764 979 934 1015 eorum
979 959 1300 1020 hominibus,
1335 965 1386 1009 ut
1432 953 1632 1009 videant
1675 967 1829 1022 opera
1858 958 2020 1003 ucstra

443 1062 595 1124 bona,
626 1068 672 1110 et
715 1055 995 1125 glori/inut
1021 1051 1227 1105 Putrem
1272 1060 1488 1102 vestrum
1538 1045 1626 1115 qui
1664 1043 1716 1097 in
1760 1041 1901 1097 aclis
1949 1048 2022 1094 est

442 1154 655 1226 (.lluttli.
687 1152 741 1213 5,
776 1148 883 1217 lli).
909 1146 1023 1203 Non
1053 1141 1431 1200 animadvertis
1468 1137 1715 1226 iniuriam
1758 1145 1811 1226 le
1844 1133 2022 1190 facere

444 1225 577 1310 Deo,
605 1258 726 1295 ('Illtl
761 1241 926 1294 lteum
970 1235 1228 1291 adversus
1257 1231 1502 1286 inimicos
1527 1225 1725 1297 rogas?
1747 1225 1864 1294 Quo
1899 1234 2021 1279 tan-

441 1337 564 1389 dem
589 1344 761 1403 pacto,
786 1329 975 1398 inquit,
994 1327 1101 1380 Deo
1121 1325 1177 1377 lit
1199 1322 1428 1392 injuria?
1451 1319 1710 1386 Quoniam
1729 1317 1842 1386 ipse
1861 1314 2018 1370 dixit:

361 1468 368 1475 .
444 1428 602 1482 Orate
626 1440 717 1495 pro
754 1421 966 1474 inimicis
995 1417 1166 1471 vestris
1187 1416 1296 1484 (Ib.
1330 1430 1377 1467 ιο.
1401 1410 1512 1481 4i),
1544 1419 1598 1464 et
1624 1409 1856 1464 divinant
1883 1405 2022 1461 hanc

442 1524 609 1591 Ιυς‹·ιιι
640 1516 856 1572 invexit.
881 1512 1013 1568 Cum
1043 1510 1200 1578 igitur
1227 1506 1586 1576 legislaturem
1611 1516 1788 1571 rogas,
1820 1508 1877 1554 ut
1896 1514 2022 1555 suas

440 1590 599 1667 violet
625 1612 788 1678 leges.
818 1617 871 1660 et
895 1601 1145 1666 hortaris,
1165 1607 1224 1653 ιιι
1248 1597 1360 1653 suis
1378 1594 1676 1651 contrarias
1696 1592 1840 1662 lc-ges
1862 1590 2018 1658 ferat,

439 1717 491 1760 et
520 1720 640 1758 eum
669 1699 757 1770 qui
791 1696 1154 1767 prohibuerat,
1185 1706 1252 1745 ne
1266 1691 1523 1743 adversus
1552 1684 1794 1739 inimicos
1813 1698 2019 1749 orares,

442 1795 699 1867 pret-mis,
726 1800 782 1844 ut
822 1800 874 1843 te
917 1787 1175 1839 adversus
1214 1782 1460 1835 inimicos
1512 1785 1754 1829 orantem
1801 1773 2020 1827 audiat:

440 1863 545 1942 non
568 1897 712 1944 oras.
743 1881 870 1934 dum
901 1876 951 1931 id
983 1874 1143 1938 facis,
1176 1887 1348 1940 tthue
1389 1866 1638 1926 hortaris.
1669 1865 1762 1919 sed
1812 1863 2022 1932 legisla-

441 1975 543 2031 turi
588 1969 966 2027 contumeliam
1011 1965 1196 2028 infers,
1228 1971 1283 2015 et
1338 1960 1390 2014 in
1431 1973 1552 2011 eum
1596 1953 1898 2019 insolescis,
1930 1951 2019 2022 qui

440 2067 577 2121 bona
613 2062 705 2117 tibi
734 2059 1018 2129 largiturus
1046 2062 1191 2113 erat.
1224 2067 1343 2121 qua:
1373 2046 1654 2103 occasione
1683 2060 1756 2115 pra
1777 2059 1898 2098 cum
1926 2042 2021 2097 ub-

439 2155 677 2209 veuiuut.
709 2151 773 2204 Et
805 2163 911 2219 quo
951 2155 1105 2215 pacto
1135 2144 1268 2205 lteri,
1298 2152 1503 2210 qua‘so,
1537 2144 1729 2206 potest,
1755 2141 1814 2187 ιιι
1837 2131 2020 2187 audia-

440 2247 513 2302 ris
540 2243 666 2299 dum
696 2255 841 2304 oras,
873 2239 918 2293 si
959 2252 1080 2289 eum
1120 2233 1209 2303 qui
1236 2240 1318 2287 est
1348 2230 1627 2284 auditurus
1650 2227 1864 2282 irritos?
1896 2224 2021 2279 llaec

437 2337 580 2394 enim
610 2334 735 2388 dum
759 2331 913 2394 facis,
945 2328 995 2382 in
1019 2326 1326 2379 barathrum
1352 2320 1580 2375 salutem
1612 2327 1755 2372 tuam
1785 2315 2021 2384 compel-

442 2429 529 2491 lis,
556 2435 611 2480 et
639 2424 690 2477 in
721 2418 1070 2492 praecipitium
1100 2415 1232 2479 ruis,
1250 2412 1377 2467 dum
1404 2409 1677 2465 inimicum
1717 2407 1769 2461 iu
1796 2420 2022 2475 conSpe-

437 2530 526 2574 ctu
581 2517 738 2587 llegis
782 2510 1034 2583 percutis.
1065 2507 1317 2576 Quamvis
1339 2505 1480 2560 enim
1528 2500 1772 2557 manibus
1818 2499 1868 2554 id
1911 2513 2017 2553 non

439 2613 624 2675 facias,
656 2608 833 2663 verbis
868 2616 1047 2658 taun-u
1094 2616 1217 2655 eum
1252 2596 1526 2667 percutis:
1556 2592 1698 2664 quod
1737 2605 1862 2661 erga
1898 2605 2021 2646 eun-

439 2715 626 2759 servos
665 2705 921 2768 prazstarc
964 2708 1068 2746 non
1110 2689 1294 2743 audes.
1324 2687 1487 2758 igitur
1530 2685 1581 2739 id
1628 2698 1787 2754 agere
1822 2682 2020 2736 audeas

440 2795 750 2866 magistratu
796 2795 1071 2858 spectante
1100 2801 1114 2837 :
1142 2784 1271 2838 licet
1316 2782 1592 2834 innumera
1619 2786 1706 2831 tua
1736 2776 1840 2831 sint
1871 2782 2020 2830 recte

439 2889 596 2948 beta.
619 2881 836 2937 oumino
854 2875 1134 2931 confestim
1166 2870 1231 2926 ad
1259 2881 1485 2926 mortem
1512 2868 1811 2923 abduceris.
1846 2867 2017 2937 Ergo-

441 2992 508 3032 ne
549 2977 736 3028 'curam
788 2968 1094 3037 magistratu
1142 2979 1247 3019 non
1285 2961 1451 3015 audes
1495 2959 1755 3029 a-qualem
1804 2957 2020 3013 aflicere

437 3061 1005 3121 contumeliamoram
1053 3056 1161 3109 Deo
1204 3063 1379 3107 autem
1432 3051 1521 3121 qui
1573 3049 1623 3103 id
1677 3048 1844 3114 facis,
1887 3063 2016 3114 non,

438 3169 641 3228 qumso,
670 3151 873 3217 tremis,
899 3166 1003 3204 non
1037 3147 1191 3201 times
1226 3143 1352 3199 dum
1388 3142 1646 3196 orationis
1687 3149 1927 3210 tempore
1954 3153 2019 3195 ac

439 3262 654 3319 precum
683 3245 763 3299 sic
791 3239 1134 3298 excandescis
1163 3246 1216 3293 ct
1239 3235 1498 3300 eﬂ'eraris,
1529 3248 1592 3287 ac
1621 3233 1875 3300 majorem
1908 3247 2017 3301 prae

438 3348 492 3393 te
526 3336 631 3390 fers
664 3334 992 3403 iniquitatem
1039 3330 1130 3382 illo
1165 3328 1253 3396 qui
1282 3335 1496 3380 centum
1524 3323 1773 3378 denarios
1804 3333 2019 3393 repete-

442 3427 570 3483 bat?
597 3424 749 3494 Quod
781 3423 923 3476 enim
969 3433 1021 3473 ιιι
1057 3418 1311 3487 majorem
1361 3415 1607 3484 iniuriam
1647 3413 1866 3479 inferas,
1894 3415 2016 3469 audi

437 3533 545 3591 quo
562 3525 715 3588 pacto
743 3524 969 3569 testetur
997 3512 1236 3565 historia.
1270 3509 1455 3587 Decies
1481 3507 1624 3562 mille
1646 3507 1840 3561 talenta
1866 3507 2014 3576 quis-

438 3612 578 3682 piam
599 3609 815 3663 domino
834 3606 1061 3659 debebat
1093 3620 1106 3656 :
1139 3602 1333 3658 deinde
1351 3617 1470 3654 cum
1495 3617 1598 3653 non
1629 3599 1850 3653 haberet
1878 3599 2017 3652 unde

438 3700 683 3757 redderet
707 3740 721 3762 ,
752 3696 937 3751 orabat
965 3705 1021 3747 ut
1062 3693 1278 3764 patienti
1307 3690 1482 3744 :mimo
1506 3705 1629 3759 erga
1669 3704 1728 3744 se
1762 3698 1900 3743 esset
1918 3729 1933 3753 ,
1961 3697 2018 3742 ut

437 3791 648 3848 vendita
683 3801 864 3849 uxore,
896 3786 1072 3849 ιῑιιιιιιι,
1102 3798 1166 3838 ac
1209 3782 1330 3837 filiis
1375 3781 1611 3835 debitum
1659 3779 1877 3833 domino
1917 3792 2017 3832 suo

438 3883 765 3956 persolveret
806 3877 1028 3949 (Matth.
1074 3876 1155 3931 l8.
1196 3876 1289 3930 24.
1327 3875 1464 3945 sqq.)
1488 3872 1622 3929 Cum
1652 3880 1828 3926 autem
1864 3871 2014 3926 illum

435 3974 683 4031 dominus
712 3974 1087 4025 lamentantem
1114 3967 1317 4022 videret
1344 3964 1684 4019 miseratione
1710 3972 2014 4016 commotus

436 4077 541 4134 est,
574 4075 629 4120 et
662 4065 798 4119 dena
842 4063 1004 4117 millia
1035 4061 1351 4115 talentorum
1385 4055 1608 4112 remisit.
1639 4056 1896 4128 Egressus
1926 4054 2016 4112 ille

435 4173 558 4213 cum
585 4156 808 4210 alterum
839 4169 1050 4210 servum
1078 4151 1385 4210 invenisset.
1411 4164 1500 4221 qm
1529 4161 1743 4206 centum
1768 4149 2016 4205 denarius

436 4249 536 4322 ipsi
577 4245 826 4308 debebat,
852 4243 1117 4298 sul'focaus
1163 4258 1283 4297 eum
1337 4242 1497 4295 multa
1543 4256 1663 4294 cum
1703 4240 2016 4294 crudelitate

435 4350 598 4408 atque
640 4335 970 4390 immanitate
1025 4332 1318 4400 repetebat.
1353 4331 1445 4384 llis
1468 4331 1662 4385 auditis
1686 4330 1934 4384 dominus
1959 4331 2012 4384 iu

432 4443 705 4484 carcerem
742 4441 863 4481 eum
889 4424 1140 4493 coniecit,
1169 4429 1225 4478 et
1248 4421 1389 4491 quod
1417 4422 1562 4491 prius
1588 4421 1889 4484 remiserat,
1916 4421 2015 4475 de-

433 4520 602 4575 bitum
641 4517 836 4573 denutu
883 4515 1107 4568 millium
1140 4513 1457 4567 talentorum
1480 4551 1496 4576 ,
1527 4511 1601 4566 illi
1632 4526 1817 4567 rursus
1840 4510 2014 4580 impo-

430 4617 558 4673 sut,
604 4616 660 4662 et
700 4607 789 4661 ille
829 4620 941 4660 sua:
996 4604 1049 4658 iu
1100 4616 1416 4657 conservum
1463 4599 1791 4655 crudelitatis
1822 4614 2016 4671 poenas

430 4697 599 4751 dedit.

504 4787 595 4843 η.
623 4786 692 4839 At
712 4793 767 4839 tu
786 4792 985 4855 quanto
1011 4783 1240 4854 iniquior
1255 4783 1346 4838 illo
1370 4797 1432 4838 ac
1459 4782 1719 4854 stupidior
1743 4784 1980 4841 evaseris
1995 4826 2014 4854 ,

2129 411 2218 482 qui
2235 412 2492 468 adversus
2517 412 2758 468 inimicos
2771 414 3028 485 precaris,
3044 412 3186 472 vide.
3209 413 3295 471 Ill»
3311 412 3583 473 dominum
3599 437 3704 477 nou

2129 504 2378 575 rogabat,
2408 515 2463 558 ut
2487 504 2736 559 denarios
2775 514 2988 560 centum
3028 514 3315 575 repeteret,
3338 508 3431 563 sed
3459 510 3570 578 ipse
3620 529 3706 568 ro-

2129 595 2342 663 petebat
2361 602 2574 649 centum
2601 593 2885 649 denarios:
2910 605 2963 648 ιιι
2980 610 3108 651 vero
3135 595 3412 651 Dominum
3438 597 3503 652 ad
3531 600 3707 668 impu-

2125 687 2341 742 dentem
2363 702 2428 742 ac
2455 685 2771 758 prohibitam
2799 689 3163 757 repetitionem
3191 689 3507 748 cohortaris.
3536 694 3707 763 Atque

2127 775 2217 831 ille
2244 777 2457 848 quidem
2488 792 2593 831 non
2644 778 2695 831 in
2723 779 2891 832 oculis
2918 779 3119 834 domini
3142 822 3156 843 ,
3186 781 3280 835 sed
3335 781 3465 837 foris
3488 800 3709 841 comer-

2132 882 2255 920 vum
2286 868 2572 922 suffocabat
2597 884 2612 921 :
2635 876 2690 923 at
2720 876 2773 923 tu
2803 869 2852 923 iu
2880 869 2996 939 ipso
3022 874 3532 940 temporeoratiouis
3559 871 3709 931 stans

2125 973 2306 1014 coram
2351 960 2499 1032 Rege
2528 960 2579 1015 id
2612 961 2759 1017 facis.
2805 958 2957 1030 Quod
2980 962 3027 1018 si
3056 963 3146 1019 illc
3183 980 3303 1019 cum
3330 982 3502 1037 neun
3529 966 3706 1023 domi-

2126 1064 2254 1104 num
2306 1046 2375 1105 ad
2423 1053 2768 1122 repetendum
2816 1063 2959 1108 esset
3007 1053 3285 1115 hortatus.
3326 1064 3382 1111 et
3429 1068 3704 1129 [toslqttuttt

2125 1156 2371 1212 egressus
2399 1140 2607 1211 fuisset,
2634 1138 2735 1199 hoc
2757 1145 2976 1211 faceret,
3009 1145 3208 1200 nullam
3231 1156 3313 1201 est
3340 1149 3548 1203 veniam
3571 1165 3705 1204 cono

2125 1245 2382 1306 sequutus
2403 1278 2419 1301 ,
2453 1246 2506 1290 tu
2532 1238 2621 1308 qui
2649 1238 2932 1293 Dominum
2975 1237 3042 1293 ad
3069 1237 3205 1294 lianc
3234 1240 3449 1294 vetitam
3478 1240 3706 1297 solutio-

2126 1343 2246 1383 nem
2296 1329 2631 1398 impellis.et
2676 1328 2864 1398 ineius
2913 1339 3203 1399 conspectu
3252 1329 3366 1385 lucc
3405 1331 3559 1402 agis.
3597 1349 3706 1405 quo

2126 1434 2232 1474 non
2270 1420 2550 1489 supplicio.
2583 1436 2764 1489 qua-so
2784 1461 2798 1485 ,
2825 1420 3204 1475 anuli-Laberis?
3229 1423 3298 1475 At
3341 1420 3701 1479 inflammatur

2124 1508 2334 1564 auiums
2365 1519 2484 1564 tuus
2511 1508 2589 1565 ira
2619 1527 2684 1565 ex
2719 1509 3086 1565 recerdatioue
3117 1510 3404 1566 inimicitia:
3426 1555 3441 1579 ,
3469 1524 3523 1568 et
3563 1516 3706 1568 into-‘-

2126 1600 2333 1666 mescit,
2361 1608 2413 1655 et
2443 1616 2539 1655 cor
2558 1616 2749 1655 comun
2772 1611 2946 1664 vetur,
2977 1616 3040 1655 ac
3080 1599 3205 1656 dum
3236 1610 3464 1672 acceptae
3494 1602 3709 1672 injuria:

2125 1688 2434 1752 meministi,
2466 1688 2626 1742 animi
2658 1698 2919 1742 tumorem
2950 1703 3053 1741 non
3083 1696 3234 1758 potes
3262 1690 3597 1759 reprimere?
3627 1694 3704 1748 Tu

2127 1794 2257 1834 vero
2285 1779 2368 1833 isti
2398 1792 2611 1849 oppone
2635 1777 3097 1832 excandescentia:
3128 1788 3463 1846 peccaturum
3491 1786 3702 1840 tuorum

2125 1869 2470 1934 memoriam,
2519 1884 2583 1924 ac
2628 1867 2788 1923 futuri
2839 1867 3023 1938 judicii
3079 1868 3347 1925 timorem.
3399 1870 3707 1931 Recordare

2122 1976 2281 2031 quam
2310 1961 2595 2014 multorum
2625 1959 2763 2030 apud
2794 1959 3076 2014 Dominum
3106 1976 3231 2016 reus
3252 1962 3347 2028 sis,
3381 1971 3536 2034 thuc
3563 1966 3702 2021 istoc

2124 2067 2241 2107 rum
2268 2054 2504 2107 omnium
2537 2054 2707 2123 pomis
2732 2051 3019 2108 obnoxium
3046 2052 3188 2119 esse,
3213 2063 3323 2108 tttm
3348 2055 3562 2110 omnino
3585 2073 3697 2113 mc-

2124 2151 2209 2199 tus
2235 2145 2334 2200 iste
2365 2145 2692 2199 iracundiam
2722 2144 2863 2199 illam
2895 2144 3103 2210 vincet,
3133 2143 3554 2216 quandoquidem
3582 2147 3701 2203 lure

2123 2250 2335 2306 quoque
2361 2236 2549 2306 passio
2577 2236 2732 2305 longe
2753 2244 2836 2291 est
2863 2235 2948 2290 illa
2974 2236 3257 2305 potentior.
3284 2235 3589 2294 Recordare
3616 2255 3707 2309 ge—

2125 2327 2318 2384 hennae
2344 2343 2620 2397 poenarum
2659 2343 2723 2384 ac
2749 2328 3129 2398 suppliciorum
3156 2337 3395 2400 tempore
3418 2331 3700 2398 orationis,

2122 2432 2185 2472 ac
2233 2432 2300 2472 ne
2328 2417 2380 2472 in
2413 2430 2643 2474 mentem
2683 2419 2896 2489 quidem
2937 2420 3111 2473 veniet
3159 2420 3424 2476 inimicus.
3475 2420 3705 2478 Conteris

2123 2508 2359 2562 animum
2394 2522 2560 2575 tuum,
2591 2521 2822 2566 mentem
2853 2510 3066 2564 humilia
3098 2520 3305 2566 tuorum
3332 2513 3705 2572 recordatione

2123 2598 2438 2654 delictorum
2459 2643 2473 2662 ,
2501 2615 2565 2655 ac
2592 2614 2658 2654 ne
2680 2601 2975 2656 molestiam
3003 2602 3215 2672 quidem
3240 2601 3398 2657 ullam
3426 2605 3697 2662 iracundia

2122 2691 2420 2747 exhibebit.
2450 2691 2552 2747 Sed
2586 2691 2684 2748 hoc
2709 2693 2836 2747 illud
2882 2702 2998 2759 est,
3030 2694 3169 2749 unde
3214 2706 3403 2751 ctmcta
3437 2699 3576 2753 mala
3605 2716 3703 2755 na-

2123 2790 2361 2847 scuntur,
2392 2782 2531 2852 quod
2560 2783 2612 2836 in
2653 2782 2877 2837 aliorum
2908 2783 3122 2853 quidem
3178 2795 3391 2853 peccata
3424 2788 3703 2858 diligenter

2124 2871 2455 2942 iuqniramus
2474 2915 2489 2939 ,
2517 2884 2697 2927 nostra
2729 2883 2855 2928 vero
2904 2874 3231 2944 negligenter
3253 2875 3539 2932 aditu-dum
3562 2895 3671 2950 pra:
3690 2914 3704 2924 ο

2125 2972 2414 3018 tereamus.
2461 2967 2527 3018 At
2568 2966 2893 3019 contrarium
2935 2966 3196 3035 agendum
3240 2977 3423 3021 esset:
3458 2971 3700 3040 proprio-

2123 3069 2241 3109 ruut
2270 3054 2481 3124 quidem
2534 3069 2822 3126 numquam
2869 3055 3287 3110 obliviscendum
3315 3067 3489 3121 esset,
3531 3061 3703 3116 aliena

2123 3160 2408 3218 numquam
2436 3156 2704 3217 oporteret
2726 3155 2904 3203 mente
2927 3163 3162 3203 versare.
3189 3148 3241 3202 ld
3270 3149 3312 3203 si
3342 3150 3617 3216 faciamus,
3649 3163 3703 3208 et

2125 3237 2266 3294 Deus
2293 3238 2553 3307 propitius
2583 3238 2734 3293 nobis
2775 3239 2876 3293 erit
2895 3281 2910 3303 ,
2939 3248 2995 3294 et
3023 3240 3306 3294 immortali
3344 3242 3468 3297 odio
3520 3245 3701 3313 proxi-

2123 3344 2267 3383 mum
2309 3329 2556 3399 prosequi
2587 3330 2893 3384 desinemus
2917 3371 2931 3392 ,
2956 3339 3011 3385 et
3032 3332 3233 3384 nullum
3262 3347 3509 3402 umquam
3536 3335 3703 3389 habe-

2122 3421 2295 3475 bimus
2318 3422 2603 3475 iuimicum.
2626 3423 2777 3489 Quod
2805 3432 2859 3476 et
2884 3422 2926 3475 si
2958 3423 3168 3491 quando
3191 3422 3501 3486 habeamus.
3520 3426 3699 3480 odium

2121 3513 2228 3565 cito
2255 3511 2602 3581 deponemus,
2626 3522 2679 3566 et
2699 3514 2926 3567 celi-rem
2961 3525 3295 3582 peccaturum
3327 3515 3533 3568 veniam
3559 3515 3695 3569 obti-

2123 3603 2387 3658 uebimus.
2418 3605 2546 3657 Nam
2586 3604 3033 3673 quemadmodum
3063 3605 3106 3657 is
3126 3647 3142 3671 ,
3170 3605 3258 3675 qui
3284 3617 3614 3674 acceptarum
3660 3622 3691 3658 a

2122 3698 2365 3765 proximo
2418 3696 2730 3765 iujuriarum
2764 3712 2970 3750 metuor
2994 3706 3076 3750 est
3100 3738 3114 3759 ,
3152 3695 3336 3750 dimitti
3366 3711 3549 3772 pugnas
3592 3698 3697 3756 ini-

2122 3785 2266 3841 nime
2294 3787 2441 3852 sinit,
2460 3801 2590 3855 quas
2612 3786 2721 3841 suis
2752 3787 2982 3856 peccatis
3010 3803 3245 3848 metetur
3278 3812 3291 3846 :
3321 3795 3390 3847 ita
3414 3795 3501 3865 qui
3532 3794 3600 3849 ab
3621 3795 3697 3849 ira

2122 3877 2373 3933 immunis
2399 3886 2514 3943 est.
2543 3880 2650 3938 cito
2694 3878 2853 3939 etiam
2883 3885 3136 3941 immunis
3162 3888 3264 3941 erit
3301 3902 3330 3940 a
3361 3888 3611 3955 peccatis.
3643 3886 3697 3942 Si

2119 3969 2261 4030 enim
2288 3986 2386 4029 nos
2416 3970 2640 4045 improbi
2662 4020 2676 4043 ,
2708 3986 2758 4032 et
2792 3992 2883 4031 ira:
2913 3977 3205 4031 servientes
3226 4018 3241 4044 ,
3271 3974 3342 4029 ob
3365 3976 3455 4031 Dei
3486 3978 3701 4031 manda.

2123 4073 2232 4119 tum
2276 4066 2453 4122 omnia
2485 4067 2537 4121 in
2590 4081 2689 4121 nos
2741 4068 3023 4121 commissa
3073 4078 3289 4137 peccata
3328 4066 3696 4136 despicimus:

2123 4157 2292 4212 multo
2338 4159 2507 4229 magis
2555 4158 2817 4228 benignus
2857 4175 2917 4211 ae
2951 4160 3122 4213 buuus
3160 4156 3417 4213 Dominus
3442 4202 3454 4221 .
3481 4174 3600 4213 cum
3630 4156 3698 4211 ah

2121 4249 2265 4304 omni
2300 4250 2695 4320 perturbatione
2719 4250 2787 4303 sit
2818 4262 3000 4319 purus,
3030 4251 3219 4305 delicta
3250 4262 3431 4304 nostra
3453 4249 3700 4305 dissimu-

2122 4339 2284 4406 labit,
2315 4348 2369 4394 et
2398 4349 2699 4395 nostrorum
2727 4341 3040 4396 remissione
3082 4349 3442 4411 peccatorum,
3485 4341 3699 4395 exhibi-

2121 4437 2230 4484 tam
2275 4429 2519 4501 proximo
2563 4432 2867 4485 comitatem
2905 4441 2959 4486 et
2983 4430 3363 4486 humanitatem
3392 4446 3701 4486 remunera-

2121 4520 2280 4577 bitur.
2332 4521 2502 4590 Quam
2570 4523 2770 4577 utinam
2826 4522 2978 4577 nobis
3022 4523 3267 4577 omnibus
3313 4524 3521 4591 assequi
3573 4536 3703 4578 eon-

2123 4611 2309 4682 lingat,
2336 4613 2503 4683 gratia
2531 4623 2586 4669 et
2608 4614 2933 4684 benignitate
2966 4614 3171 4668 Domini
3198 4614 3363 4668 nostri
3392 4612 3518 4669 Jesu
3545 4613 3702 4667 Chri-

2120 4702 2224 4766 sti,
2254 4702 2339 4756 cui
2374 4703 2542 4773 gloria
2584 4711 2641 4759 et
2680 4703 2962 4774 imperium
3015 4705 3066 4759 in
3117 4704 3311 4759 saecula
3355 4703 3697 4759 saeculorum.

2122 4792 2315 4846 Amen.

428 5059 557 5104 l0!
597 5056 932 5102 θνοιιτιιιιιζ
973 5053 1332 5108 008110οΔ1
1384 5054 1468 5097 DE
1536 5053 1748 5099 SEIPSO
1816 5055 2018 5101 ηερε

2123 5058 2181 5100 ut
2219 5086 2236 5115 ,
2282 5059 2410 5103 Αυτ
2449 5027 2683 5104 pascas
2722 5060 2970 5104 comm
3028 5057 3316 5105 truncos
3374 5056 3700 5112 resonae

510 5159 638 5204 AU'I'
678 5156 880 5201 ΑἴςιΜο
922 5154 1261 5210 υειτιοειιε,
1304 5152 1581 5206 QUAMVIS
1621 5154 1856 5199 PBTENS
1902 5157 2018 5203 NON

2123 5160 2406 5217 SCIPIAT;
2451 5160 2532 5204 ΕΤ
2574 5162 2655 5205 ΔΙ)
2696 5160 2970 5206 ιιΑιιιτοε
3016 5162 3099 5205 ΒΕ
3141 5160 3301 5206 ΡΔΟΕ
3343 5158 3506 5204 ERGA
3533 5155 3706 5201 σιο-

511 5257 625 5301 BES
664 5254 1145 5300 CONSIRVANDA.

1793 5403 2030 5416 -——___

505 5508 557 5561 ι.
613 5505 832 5562 Fructus
873 5518 1158 5559 ιπιιιοιιιιιιι
1193 5510 1343 5556 antea
1367 5500 1672 5557 habitorum.
1707 5499 2016 5556 Publicanus

429 5596 576 5675 limes
599 5594 807 5649 ultimus
838 5591 1066 5648 malitia.
1095 5621 1167 5635 —
1206 5591 1423 5662 Magnas
1446 5591 1597 5647 vobis
1637 5606 1738 5663 ago
1775 5591 1972 5663 gratias
1995 5633 2012 5657 ,

424 5682 576 5750 quod
591 5696 714 5736 cum
739 5682 902 5737 animi
926 5682 1198 5739 alacritate
1222 5680 1433 5741 habitos
1448 5682 1516 5738 de
1530 5681 1776 5753 precibus
1801 5695 2007 5736 sermo-

2036 5392 2130 5434 60

2137 5407 2387 5422 -—————

2121 5518 2217 5559 nos
2263 5505 2343 5577 (α)
2380 5508 2725 5579 exceperitis,
2755 5509 2897 5582 quod
2944 5510 3158 5568 beatum
3206 5492 3293 5567 me
3339 5509 3702 5568 reddideritis.

2179 5708 2254 5774 (ιι)
2276 5708 2637 5777 αιηεοειοιιιιιε
2659 5722 2917 5762 sermones
2937 5709 3002 5760 de
3017 5708 3247 5774 precibus
3265 5707 3519 5760 inbuerat.
