4082 6212
466 265 571 324 665

467 381 647 459 μόνον,
687 383 824 438 άλλά
863 376 957 438 καὶ
996 382 1089 451 ἀφ’
1130 377 1204 434 ὧν
1240 379 1530 442 ποιοῦντας
1559 375 1721 444 εἶδον,
1755 377 2034 447 ἐπείσθην.
2084 418 2091 426 κ

463 477 615 552 {555]
645 478 774 531 Ὅτε
818 476 927 547 γάρ
957 477 1086 544 ὑμῖν
1118 474 1392 545 παρῄνουν
1422 471 1498 544 μὴ
1537 469 1900 540 κατεύχεσθαι
1932 467 2040 523 τῶν

463 569 694 642 ἐχθρῶν,
733 568 828 622 καὶ
855 567 1040 635 ἐλεγον
1065 567 1147 618 ὅτι
1179 565 1270 617 τὸν
1301 564 1434 617 Θεὸν
1472 560 1849 632 παροξύνομεν
1883 556 2042 612 τοῦτο

463 663 772 722 ποιοῦντες,
800 657 897 710 καὶ
931 655 1448 727 ἀντινομοθετοῦμεν
1497 653 1646 724 αὐτῷ
1683 655 1701 723 (
1731 651 1894 714 αὐτὸς
1933 650 2040 722 γὰρ

462 743 936 818 εἶπεν,ίΕὔ.χεσθε
964 746 1116 814 ὑπὲρ
1151 744 1270 800 τῶν
1296 743 1546 814 ἐχθρῶν,
1579 747 1742 818 ἡμεῖς
1771 743 1828 797 δὲ
1853 760 2041 796 κατευ-

451 837 533 914 .16
540 852 690 914 μενοι
717 841 827 894 τῶν
850 840 1082 910 ἐχθρῶν,
1097 839 1258 907 ’ἀξιοῦ
1269 856 1364 910 μεν
1385 838 1546 891 αὐτὸν
1562 837 1651 891 τὸν
1668 835 1861 889 ἐαυτοῦ
1881 835 2040 889 λῦσαι

461 933 686 1003 νόμον),
721 931 811 984 ὅτε
847 928 944 984 οὖν
972 928 1143 984 ταῦτα
1173 930 1268 984 καὶ
1303 929 1371 982 τά
1400 928 1626 982 τοιαῦτα
1658 927 1842 996 ἔλεγον
1861 967 1876 993 ,
1908 926 2039 980 πολ-

442 1022 586 1085 -λούς
618 1023 677 1075 ἐν
717 1022 847 1092 ὑμῖν
877 1017 1018 1074 εἶδον
1047 1019 1316 1090 πρόσωπα
1354 1019 1657 1082 τύπτοντας
1690 1019 1785 1070 καὶ
1828 1019 2001 1089 στήθη
2021 1055 2037 1081 ,

453 1114 821 1179 -στενάζοντας
850 1110 1080 1182 πικρῶς,
1102 1113 1187 1173 εἰς
1211 1110 1302 1164 τὸν
1328 1109 1556 1181 οὐρανὸν
1571 1108 1668 1172 τὰς
1700 1109 1888 1179 χεῖρας
1907 1108 2040 1161 ἀνα-

460 1208 757 1269 τείνοντας,
797 1201 1128 1272 συγγνώμην
1161 1200 1446 1264 αἰτοῦντας
1481 1199 1610 1270 περὶ
1641 1197 1751 1252 τῶν
1785 1195 2040 1250 τοιούτων

453 1297 662 1367 ξύχῶν.
678 1296 816 1348 Τότε
836 1296 894 1349 δὲ
914 1292 1142 1362 καὶέγὼ
1155 1292 1278 1355 τοὺς
1291 1291 1601 1361 ὀφθαλμοὺς
1617 1292 1696 1354 είς
1714 1289 1803 1342 τὸν
1815 1287 2042 1360 οὐρανὸν

458 1389 770 1451 ἀνατείνας,
808 1385 1192 1458 ηὐχαρίστησα
1214 1381 1291 1453 τῷ
1319 1382 1457 1451 Θεῷ,
1495 1382 1576 1434 ὅτι
1606 1381 1747 1434 οὕτω
1775 1381 1986 1451 ταχέως
2013 1380 2041 1433 6

465 1477 618 1547 λόγος
662 1478 758 1547 τῆς
816 1474 1169 1537 διδασκαλίας
1216 1471 1309 1526 τὸν
1363 1470 1575 1543 καρπὸν
1633 1470 1766 1541 ἡμῖν
1817 1469 2038 1542 ἤνεγκε.

463 1568 715 1634 Τοιοῦτον
754 1568 863 1638 γάρ
916 1567 945 1620 6
995 1559 1197 1636 σπόρος
1249 1565 1278 1616 6
1323 1561 1723 1633 πνευματικός·
1761 1561 1820 1614 οὐ
1872 1561 2044 1615 δεῖται

463 1660 753 1726 ἐνιαυτῶν,
783 1660 904 1713 οὐδέ
942 1658 1173 1732 χρόνων,
1210 1650 1332 1712 οὐδὲ
1387 1653 1633 1725 ἡμερῶν,
1661 1653 1796 1708 ἀλλά
1823 1653 1888 1709 ἂν
1920 1654 2044 1707 ἐπι-

451 1748 694 1821 -λάϐηται
732 1748 912 1818 ψυχῆς
941 1747 1234 1816 γενναίας,
1267 1744 1478 1807 εὐθέως
1509 1744 1601 1797 τὸν
1633 1743 1834 1814 στάχυν
1873 1742 2050 1814 ἀκμά-

449 1842 625 1908 ζοντα
669 1843 767 1896 καὶ
814 1838 1229 1910 ἀπηρτισμένον
1267 1836 1544 1890 δείκνυσιν
1573 1851 1587 1866 ·
1626 1835 1655 1888 6
1693 1834 1749 1887 δέ
1793 1835 1887 1888 καὶ
1919 1835 2046 1905 χθὲς

456 1933 682 2002 ’γέγονεν
706 1931 796 2002 ὐφ’
823 1931 854 1983 ὑ
863 1931 1000 2000 μῶν.
1046 1926 1352 1982 Κατέϐαλον
1377 1926 1533 1994 λόγον
1561 1925 1922 1990 κατανύξεως,
1953 1926 2046 1978 καὶ⁸

463 2025 762 2096 ἐϐλάστησε
794 2020 1096 2093 στεναγμὸς
1123 2018 1563 2090 ἐξομολογήσεως
1585 2059 1600 2084 ,
1628 2017 1926 2088 στεναγμὸς
1952 2035 2045 2070 πο·

461 2117 562 2171 ’λὺν
591 2116 730 2186 ἔχων
760 2114 850 2168 τὸν
877 2113 1107 2167 πλοῦτον
1128 2111 1235 2164 τῶν
1265 2108 1505 2179 ἀγαθῶν.
1536 2109 1599 2161 Εἰ
1627 2108 1778 2178 γάρό
1807 2106 2046 2179 τελώνης

460 2211 702 2273 ἐκεῖνος,
734 2208 821 2260 ῖνα
849 2206 910 2260 τὸ
939 2205 1133 2276 στῆθος
1165 2202 1386 2256 τύπτων
1424 2201 1576 2274 εἴπῃ,
1612 2199 1918 2269 Ἰλάσθητί
1941 2216 2046 2270 μοι

464 2296 542 2363 τῷ
566 2295 928 2368 ἁμαρτωλῷ,
964 2294 1176 2367 ἀπῆλθε
1202 2292 1622 2362 δεδικαιωμένος
1654 2292 1792 2365 ὑπὲρ
1819 2292 1912 2346 τὸν
1938 2293 2045 2344 Φα-

451 2393 695 2464 ρισαῖον,
730 2390 902 2462 πόσην
930 2388 1075 2452 εἰκὸς
1103 2389 1252 2460 ἡμᾶς
1281 2385 1587 2458 κτήσασθαι
1619 2385 1956 2458 παρρησίαν,
1983 2385 2040 2438 ἐν

467 2483 656 2556 βραχεῖ
693 2481 870 2552 χρόνῳ
923 2479 1194 2552 τοσαύτην
1227 2477 1517 2544 κατάνυξιν
1558 2476 2038 2548 ἐταδειξαμένουςς

454 2571 658 2624 Καίτοι
681 2567 917 2622 τελώνου
940 2570 1124 2638 χεῖρον
1144 2566 1296 2627 οὐδέν
1315 2581 1328 2595 ·
1361 2559 1515 2628 οὗτος
1537 2563 1648 2634 γάρ
1669 2563 1895 2634 ἔσχατος
1924 2565 2050 2636 ὄρος

455 2661 666 2723 κακίας
707 2658 879 2712 ἐστίν·
926 2658 1065 2728 ὅπερ
1102 2652 1196 2710 οὖν
1229 2655 1324 2709 καὶ
1357 2657 1385 2708 6
1419 2653 1651 2726 Χριστὸς
1697 2653 2046 2725 παραδηλῶν,

453 2752 549 2814 εἰς
572 2748 924 2820 παράδειγμα
951 2748 1058 2799 τῶν
1091 2746 1337 2816 ἐσχάτων
1364 2743 1551 2798 κακῶν
1582 2743 1682 2807 τάς
1715 2744 1920 2816 πόρνας
1953 2747 2049 2799 καὶ⁵

453 2843 594 2906 ’τοὺς
619 2839 856 2904 τελώνας
895 2840 1020 2908 ἄγει
1050 2837 1311 2910 συνεχῶς.
1356 2838 1894 2910 Πεπαρρησιασμένη
1941 2837 2050 2909 γάρ

469 2935 587 2986 ἐστι
627 2932 749 3003 βία,
785 2930 1176 3001 ἀνεπιτίμητος
1206 2927 1460 3001 ἁρπαγὴ,
1506 2929 1860 3000 ἀναίσχυντος
1890 2928 2051 2982 πλεο-ι

471 3022 652 3090 νεξίας
684 3021 904 3093 τρόπος,
940 3018 1291 3091 πραγματεία
1333 3018 1491 3087 λόγον
1519 3020 1617 3072 οὐκ
1650 3019 1868 3090 ἔχουσα,
1892 3021 2049 3075 ἀναι-

471 3114 567 3188 δὴς
606 3112 846 3188 ἐμπορία
866 3127 879 3143 ·
915 3111 1028 3166 ἀλλ’
1063 3112 1212 3181 ὅμως
1243 3112 1272 3163 6
1298 3108 1574 3173 τοσούτοις
1604 3108 1780 3174 συζῶν
1826 3113 2014 3173 κακοῖς
2033 3149 2048 3175 ,

471 3206 689 3276 ἴσχυσεν
718 3202 826 3258 ἀπὸ
845 3201 1016 3274 ψιλῶν
1039 3200 1300 3273 ῥημάτων
1323 3199 1730 3272 ἁπορρίψασθαι
1759 3200 1828 3253 τά
1852 3201 2050 3272 ὀνείδη,

463 3299 566 3352 ’καὶ
608 3297 769 3351 πλέον
824 3287 898 3349 ὧν
931 3294 1099 3366 ᾔτησε
1135 3292 1338 3347 λαϐεῖν.
1393 3291 1567 3354 Αὐτὸς
1601 3291 1698 3363 μὲν
1747 3292 1855 3366 γάρ
1898 3292 2050 3363 ἠξίου

458 3392 664 3462 λέγων,
704 3387 1002 3454 Ἱλάσθητί
1015 3403 1118 3456 μοι
1152 3384 1230 3450 τῷ
1254 3383 1577 3454 ἁμαρτω.ῖῷ
1602 3401 1614 3413 ⁸
1647 3384 1675 3436 6
1712 3383 1769 3437 δὲ
1795 3385 1926 3449 Θεὸς
1955 3386 2053 3457 οὐχ

463 3487 630 3548 ἵλεως
670 3485 850 3555 μόνον,
902 3480 1039 3535 ἀλλὰ
1091 3478 1186 3531 καὶ
1234 3477 1551 3530 ἐδικαίωσεν
1595 3477 1754 3531 αὐτὸν
1788 3479 1927 3550 ὑπὲρ
1959 3478 2054 3534 τὸν

468 3588 782 3656 Φαρισαῖον.
819 3580 918 3634 Διά
950 3579 1108 3633 τοῦτό
1137 3595 1301 3647 φησιν
1326 3578 1354 3629 6
1391 3577 1620 3642 Παῦλος·
1659 3578 1742 3644 Τῷ
1770 3579 1839 3632 δὲ
1867 3582 2052 3636 ὃυνα.

458 3689 628 3759 μένῳ
647 3685 845 3738 πάντα
866 3679 1113 3749 ποιῆσαι
1142 3678 1294 3747 ὑπὲρ
1316 3678 1384 3730 ἐκ
1408 3679 1703 3746 περισσοῦ
1740 3674 1828 3733 ὧν
1860 3684 2053 3738 αἰτού-

464 3792 620 3860 μεθα
649 3787 687 3855 ἦ
722 3785 1001 3854 νοοῦμεν.
1033 3782 1227 3837 Καίτοι
1254 3782 1282 3834 6
1305 3782 1599 3853 Φαρισαῖος
1618 3781 1836 3854 ηὔξατο,
1867 3785 1963 3838 καὶ
1994 3783 2052 3838 ἐν

469 3883 548 3956 τῷ
586 3887 717 3961 ἱερῷ
769 3888 934 3959 ἔστη,
983 3887 1078 3940 καὶ
1130 3885 1222 3938 τὸν
1264 3881 1426 3956 αὐτὸν
1476 3883 1700 3937 ἐκάλεσε
1743 3883 1898 3950 Θεὸν,
1959 3883 2056 3938 καὶ

471 3990 691 4044 πλείονα
719 3985 838 4044 εἷπε
862 3989 1078 4060 ῥήματα
1105 4025 1120 4050 ,
1149 3987 1244 4042 καὶ
1265 3986 1374 4041 ἀπὸ
1405 3985 1752 4058 εὐχαριστίας
1784 3986 1844 4040 τὸ
1870 3986 2056 4057 προοί-

469 4107 598 4161 μιον
627 4089 920 4157 ἐποιήσατο
948 4087 1049 4156 τῆς
1071 4086 1254 4156 εὐχῆς.
1285 4085 1454 4140 Πόθεν
1482 4081 1574 4140 οὖν
1601 4086 1808 4150 ἐκεῖνος
1839 4086 1936 4156 μὲν
1959 4085 2054 4139 καὶ⁵

467 4199 504 4250 δι
535 4186 677 4262 εἶχεν
698 4187 946 4243 ἀπώλεσε
966 4186 1126 4252 καλά,
1155 4176 1310 4251 οὗτος
1331 4187 1388 4240 δὲ
1418 4186 1510 4240 καὶ
1543 4187 1608 4258 ἣν
1633 4185 1733 4239 οὐκ
1759 4182 1868 4256 εἶχε
1893 4205 2056 4260 προσ-

471 4290 634 4346 έλαϐε
658 4287 1000 4362 παρῤησίαν;
1038 4288 1162 4340 Ὀτι
1193 4286 1255 4340 οὐ
1280 4285 1379 4358 τῆς
1408 4284 1574 4364 εὐχῆς
1607 4286 1636 4338 6
1669 4285 1831 4349 αὐτὸς
1856 4287 2055 4358 τρόπος

472 4387 564 4462 ἦν.
605 4390 664 4443 '0
689 4390 787 4460 μὲν
812 4387 922 4460 γὰρ
948 4385 1264 4451 ἀλαζονείας
1292 4384 1456 4456 ἔγεμε
1484 4384 1578 4437 καὶ
1607 4383 1776 4455 τύφου
1801 4386 1895 4438 καὶ
1921 4386 2056 4439 ἀπο·

473 4490 642 4555 νοίας,
672 4483 824 4552 οὗτος
852 4486 910 4544 δὲ
941 4482 1361 4558 εὐγνωμοσύνης
1391 4483 1612 4554 πολλῆςο
1651 4481 1739 4536 διά
1769 4482 1927 4536 τοῦτο
1960 4477 2055 4537 οῦ-

473 4608 566 4653 τος
616 4590 713 4661 μὲν
752 4588 921 4659 μυρία
967 4585 1382 4656 ἁμαρτημάτων
1433 4583 1629 4658 φορτία
1676 4583 1834 4654 ἔχων,
1877 4583 2055 4639 πάντα

471 4688 739 4751 ἀπέθετο,
774 4688 870 4741 καὶ
901 4683 1246 4755 δικαιοσύνην
1279 4682 1469 4737 ἐλαόεν
1488 4699 1503 4715 ο
1538 4684 1744 4746 ἐκεῖνος
1773 4682 1829 4735 δέ
1873 4683 2051 4757 πλήρη

467 4788 573 4860 τὴν
595 4785 727 4840 ναῦν
747 4784 1187 4855 κατορθωμάτων
1207 4783 1520 4852 ἀναγαγὼν,
1543 4785 1638 4837 καὶ
1662 4783 2051 4855 ἐλεημοσύνης.

475 4889 571 4943 καὶ
598 4886 850 4960 νηστείας
871 4928 886 4953 ,
919 4885 1171 4958 καθάπερ
1197 4885 1304 4939 τινὶ
1335 4885 1577 4954 σκοπέλῳ
1607 4885 1957 4956 προσαράξας
1977 4884 2054 4956 τῷ

473 4991 576 5062 τῆς
608 4987 913 5055 κενοδοξίας
941 4986 1034 5040 καὶ
1059 4987 1315 5049 ἀπονοίας
1347 4985 1672 5056 φρονήματι,
1707 4985 1767 5038 ἐν
1804 4984 1952 5056 αὐτῷ
1977 4985 2055 5056 τῷ

474 5087 656 5158 λιμένι
689 5087 750 5142 τὸ
779 5085 1033 5155 ναυάγιον
1055 5085 1314 5156 ὑπέμεινε
1335 5101 1349 5117 ο
1374 5084 1435 5138 τὸ
1460 5085 1571 5154 γὰρ
1600 5084 1658 5138 ἐν
1679 5083 1810 5155 εὐχῇ
1847 5083 2057 5155 ζημιω-

477 5186 656 5258 θῆναι,
685 5187 743 5241 ἐν
769 5186 946 5257 λιμένι
973 5185 1228 5254 ναυάγιόν
1269 5186 1416 5238 ἐστιν
1455 5184 1768 5253 ὑπομεῖναι.
1819 5183 1958 5237 Ἀλλ’
1993 5185 2054 5238 οὐ

476 5286 630 5356 ’παρά
660 5288 758 5360 τὴν
792 5285 951 5358 φύσιν
972 5288 1070 5358 τῆς
1101 5287 1268 5358 εὐχῆς
1294 5285 1452 5339 τοῦτο
1477 5285 1719 5354 γέγονεν,
1744 5283 1879 5339 ἀλλά
1907 5285 2056 5358 παρά

478 5384 577 5455 τὴν
606 5386 921 5456 προαίρεσιν
948 5386 1045 5455 τὴν
1073 5384 1260 5439 αὐτοῦ.

552 5484 618 5555 β’.
651 5486 816 5558 Ὀρᾷς
833 5486 950 5550 πῶς
963 5487 1062 5540 οὐκ
1083 5486 1244 5557 ἀρκεῖ
1260 5481 1394 5556 πρὸς
1412 5482 1684 5555 σωτηρίαν
1704 5483 1882 5555 ἡμῖνὴ
1899 5483 2053 5556 εὐχὴ,

471 5580 577 5634 -ἐάν
614 5582 686 5655 μὴ
715 5586 890 5657 προσῇ
911 5583 973 5636 τὸ
998 5583 1117 5636 κατ’
1137 5583 1375 5646 ἐκείνους
1403 5579 1662 5648 εὔξασθαι
1681 5581 1804 5645 τοὺς
1835 5581 2053 5652 νόμους,

483 5689 576 5743 οὓς
603 5679 854 5738 ,τέθεικεν
897 5684 926 5736 6
956 5683 1222 5754 Χριστός;
1272 5680 1434 5746 Τίνας
1480 5681 1536 5735 δέ
1570 5679 1778 5734 τέθεικε
1821 5679 2051 5749 νόμους;

1159 272 1231 326 ’S.
1272 269 1556 326 JOANNIS
1592 269 2048 326 CIIRYSOSTOM

2149 265 2433 322 ιιιειιιιῖι).
2474 233 3009 320 οοΝετΑκτιΝόιτ.

2144 369 2295 447 [556]
2337 370 2510 442 ’Υπὲρ
2550 371 2658 428 τῶν
2695 369 2904 441 ἐχθρῶν
2951 364 3228 439 εὔχεσθαι,
3274 367 3369 422 καὶ
3413 365 3520 421 τῶν
3549 366 3737 425 πολλὰ·

2141 464 2471 519 λυπούντων.
2501 463 2620 516 Κᾶν
2645 462 2720 532 μὴ
2742 460 2900 514 τοῦτο
2921 461 3187 530 ποιῶμεν,
3211 457 3559 528 ἀπολλύμεθα
3585 459 3721 514 πάν-

2140 573 2268 620 τωςο
2300 556 2396 610 καὶ
2425 555 2584 623 δῆλον
2614 555 2678 606 ἐκ
2707 552 2800 606 τοῦ
2840 550 3282 622 παραδείγματος
3319 548 3412 602 τοῦ
3443 548 3586 603 κατά
3627 550 3722 603 τὸν

2139 649 2449 719 Φαρισαῖον.
2485 647 2550 699 Εἰ
2593 643 2701 714 γάρ
2725 638 2899 706 οὗτος,
2929 642 3054 712 οὐχὶ
3084 641 3194 695 τῶν
3216 639 3424 711 ἐχθρῶν
3455 638 3723 705 κατευξά-

2145 756 2324 812 μενος,
2358 739 2492 792 άλλά
2519 735 2873 806 κενοδοξήσας
2921 733 3100 804 μόνον,
3135 729 3402 799 τοσαύτην
3432 729 3602 782 ἔδωκε
3633 729 3712 782 δί-

2139 849 2264 903 κην,
2306 831 2390 893 τίς
2441 829 2589 900 μένει
2634 825 2875 898 τιμωρία
2913 825 3038 887 τούς
3087 823 3328 893 μακροὺς
3365 821 3459 875 καὶ
3493 820 3725 885 πολλοὺς

2141 924 2281 981 κατὰ
2323 921 2432 976 τῶν
2475 919 2684 991 ἐχθρῶν
2741 915 3122 977 ἀποτείνοντας
3162 913 3387 980 λόγους;
3421 912 3486 964 Τί
3525 914 3720 979 ποιεῖς,

2141 1016 2434 1088 ἀνθρωπες
2474 1013 2713 1081 ἕστηκας
2741 1007 3068 1079 συγγνώμην
3096 1006 3262 1060 αἰτῶν
3293 1005 3722 1076 ἁμαρτημάτων,

2141 1109 2235 1164 καὶ
2264 1106 2435 1179 θυμοῦ
2464 1106 2692 1176 πληροῖς
2721 1103 2818 1175 τὴν
2860 1102 3096 1156 διάνοιαν
3122 1116 3137 1164 ;
3169 1099 3297 1152 Ὅτε
3339 1099 3556 1151 πάντων
3583 1098 3726 1168 ἠμε-

2145 1198 2415 1268 ρωτέρους
2442 1190 2581 1248 εἶναι
2627 1192 2769 1264 χρὴ,
2817 1192 3060 1262 Δεσπότη
3089 1188 3504 1259 διαλεγομένους
3525 1227 3542 1250 ,
3583 1187 3726 1260 ὐπέρ

2141 1291 2356 1345 οἰκείων
2393 1285 2882 1358 πλημμελημάτων
2917 1279 3404 1354 παρακαλοῦντας,
3452 1277 3599 1331 ἔλεον
3631 1280 3724 1332 καὶ

2142 1377 2553 1451 φιλανθρωπίαν
2623 1375 2719 1428 καὶ
2791 1369 3124 1439 συγγνώμην
3203 1365 3459 1420 αἰτοῦντα
3471 1383 3520 1429 ς,
3600 1365 3725 1420 τότε

2141 1468 2483 1544 ἀγριούμεθα
2505 1507 2520 1531 ,
2559 1465 2654 1519 καὶ
2701 1462 2839 1533 πρὸς
2886 1458 3182 1532 θηριωδίαν
3218 1453 3578 1526 ἐκπίπτομεν,
3627 1455 3727 1508 καὶ

2143 1560 2368 1630 πικρίας
2395 1558 2457 1611 τὸ
2483 1555 2660 1626 στόμα
2689 1551 3038 1624 πληροῦμεν;
3069 1549 3180 1602 Καὶ
3209 1547 3327 1611 πῶς
3355 1546 3717 1618 δυνησόμεθα,

2143 1649 2265 1704 είπέ
2289 1667 2400 1721 μοι,
2424 1644 2523 1717 τῆς
2552 1641 2827 1716 σωτηρίας
2860 1642 3157 1712 ἐπιτυχεῖν,
3186 1639 3370 1709 σχῆμα
3400 1637 3500 1708 μὲν
3533 1637 3726 1691 ἱκετῶν

2145 1740 2570 1816 προϐαλλόμενοι
2593 1778 2610 1802 ,
2648 1738 2868 1808 ῥήματα
2912 1732 2969 1787 δὲ
3012 1731 3268 1794 ἀπονοίας
3301 1729 3587 1802 φέροντες,
3631 1730 3726 1784 καὶ

2145 1833 2269 1888 καθ’
2312 1829 2518 1886 ἑαυτῶν
2550 1825 2942 1900 παροξύνοντες
2975 1823 3065 1876 τὸν
3113 1819 3427 1891 Δεσπότην;
3461 1817 3728 1888 Είσῆλθες

2143 1927 2213 1980 τά
2254 1925 2432 1978 οἰκεῖα
2474 1919 2812 1992 θεραπεῦσαι
2861 1913 3152 1987 τραύματα
3173 1952 3187 1977 ,
3215 1911 3336 1982 οὐχὶ
3359 1911 3427 1964 τά
3463 1910 3559 1992 1:96
3589 1911 3731 1983 πλη.-

2149 2017 2263 2072 σίον
2291 1984 2648 2088 χαλεπώτερα
2685 1984 3024 2081 ἐργάσασθαι
3043 2018 3059 2036 ο
3085 2001 3312 2073 ίλασμοῦ
3343 1984 3529 2073 καιρός
3552 2004 3722 2064 ἐστιν,

2147 2107 2314 2178 εὐχῆς
2382 2103 2572 2176 καιρὸς
2637 2101 2735 2154 καὶ
2803 2093 3108 2166 στεναγμοῦ
3132 2132 3148 2158 ,
3211 2094 3332 2164 οὐχὶ
3385 2093 3568 2164 ὀργῆςο
3625 2092 3722 2146 δα-

2147 2198 2353 2269 κρύων,
2402 2194 2521 2264 οὐχὶ
2565 2188 2772 2261 θυμοῦ,
2815 2185 3158 2250 κατανύξεως
3187 2222 3202 2248 ,
3253 2182 3372 2253 οὐχὶ
3412 2183 3726 2254 άγανακτὴ.

2150 2306 2307 2351 σεως.
2357 2287 2423 2339 Τί
2455 2285 2704 2355 συγχέεις
2750 2281 2849 2352 τὴν
2880 2279 3068 2344 τάξινς
3099 2277 3150 2331 τί
3199 2275 3383 2346 σαυτῷ
3425 2275 3680 2345 πολεμεῖς
3707 2293 3732 2342 ;

2147 2379 2201 2432 τί
2258 2374 2546 2438 καταλύεις
2603 2389 2696 2426 σου
2756 2371 2854 2441 τὴν
2906 2368 3226 2437 οίκοδομήν;
3277 2366 3381 2418 Τὸν
3433 2365 3730 2436 εὐχόμενον

2150 2471 2257 2542 πρὸ
2282 2468 2392 2522 τῶν
2434 2465 2609 2521 ἀλλων
2634 2462 2888 2518 ἀπάντων
2921 2461 3127 2532 ⁴’ἥμερον
3153 2459 3298 2530 ἔχειν
3325 2459 3430 2530 χρὴ
3463 2458 3730 2524 διάνοιαν,

2149 2557 2582 2628 κατεσταλμένον
2638 2553 2788 2618 νοῦν,
2845 2553 3314 2622 συντετριμμένην
3378 2550 3602 2620 καρδίαν
3631 2567 3648 2582 ·
3697 2551 3730 2604 6

2151 2645 2212 2700 δὲ
2254 2646 2364 2700 τῶν
2425 2642 2636 2715 ἐχθρῶν
2678 2641 2957 2696 καταϐοῶν
3007 2643 3110 2692 οὐκ
3163 2639 3229 2693 ἂν
3279 2639 3529 2711 δυνηθείη
3571 2640 3734 2694 τοῦτο

2150 2737 2490 2810 κατορθῶσαί
2523 2751 2674 2788 ποτε·
2724 2731 2897 2802 θυμοῦ
2943 2731 3051 2804 γάρ
3107 2733 3222 2785 ἐστι
3270 2731 3726 2803 πεπληρωμένος,

2151 2834 2244 2886 καὶ
2267 2832 2365 2902 οὐχ
2386 2825 2497 2893 οἷός
2519 2828 2580 2882 τέ
2601 2830 2748 2882 ἐστιν
2779 2839 2806 2868 ι
2835 2825 2980 2895 ἔχειν
3004 2823 3444 2894 κατεσταλμένην
3467 2824 3725 2880 διάνοιαν.

2221 2923 2311 2996 Μὴ
2337 2922 2513 2976 τοίνυν
2545 2916 2939 2989 κατευχώμεθα
2971 2916 3080 2970 τῶν
3133 2913 3364 2987 ἐχθρῶν,
3413 2913 3552 2967 ἀλλά
3595 2914 3731 2985 μηδι

2149 3016 2259 3069 τῶν
2314 3010 2750 3082 κατορθωμάτων
2785 3007 2892 3059 τῶν
2944 3005 3225 3077 ἡμετέρων
3278 3004 3726 3075 μνημονεύωμεν,

2151 3105 2240 3159 ἵνα
2292 3103 2366 3175 μὴ
2426 3099 2690 3169 πάθωμεν
2735 3098 2872 3166 ὅπερ
2919 3097 2948 3148 6
2989 3095 3304 3164 Φαρισαῖος.
3351 3094 3564 3164 ’Ὥσπερ
3620 3093 3736 3165 γὰρ

2157 3193 2568 3269 ἁμαρτημάτων
2601 3188 2909 3262 μεμνῆσθαι
2929 3227 2944 3252 ,
2988 3186 3172 3248 καλὸν,
3208 3185 3350 3238 οὐτω
3378 3185 3735 3255 κατορθωμά-

2151 3305 2260 3349 των
2305 3285 2687 3356 ἐπιλελῆσθαι,
2723 3281 2906 3336 καλόν.
2940 3279 3096 3342 Τίνος
3143 3277 3365 3343 ἐνεκενς
3400 3277 3522 3331 Ὀτι
3567 3277 3600 3346 ἡ
3633 3277 3736 3346 μὲν

2151 3380 2260 3435 τῶν
2311 3376 2752 3449 κατορθωμάτων
2800 3373 2985 3443 μνήμη
3041 3369 3177 3441 πρὸς
3212 3369 3533 3449 ’ἀλαζονείαν
3583 3370 3734 3440 ἡμᾶς

2153 3471 2404 3542 ἐπαίρει,
2572 3467 2680 3520 τῶν
2713 3463 3122 3536 ἁμαρτημάτων
3160 3446 3347 3531 μνήμη
3379 3461 3732 3518 καταστέλλει

2153 3565 2252 3636 τὴν
2279 3563 2516 3617 διάνοιαν
2539 3560 2632 3612 καὶ
2660 3557 2920 3611 ταπεινοῖ·
2955 3553 3051 3607 καὶ
3076 3552 3259 3622 ἐκείνη
3296 3552 3395 3622 μὲν
3425 3550 3730 3622 ῥᾳθυμοτέ-

2158 3673 2284 3728 pou;
2322 3653 2497 3716 ποιεῖ,
2526 3649 2665 3721 αὕτη
2701 3648 2758 3701 δέ
2794 3644 3238 3715 σπουδαιοτέρους
3267 3641 3576 3712 ἐργάζεται.
3613 3641 3731 3695 Καὶ

2154 3749 2262 3820 γὰρ
2293 3747 2407 3800 ὅσοι
2448 3743 2613 3816 μηδὲν
2637 3741 2950 3813 νομίζουσιν
2991 3738 3137 3809 ἔχειν
3178 3735 3360 3797 καλὸν,
3388 3733 3734 3805 προθυμότε-

2157 3856 2241 3912 ροι
2273 3838 2514 3907 γίνονται
2549 3833 2687 3905 πρὸς
2713 3834 2775 3885 τὸ
2806 3829 3111 3902 κτήσασθαι
3138 3827 3208 3882 τά
3241 3826 3408 3881 καλά·
3435 3827 3483 3880 οἱ
3520 3825 3580 3879 δέ
3605 3825 3736 3879 πολ-

2155 3929 2252 4001 λὴν
2285 3930 2498 3991 ἐαυτοῖς
2544 3922 2927 3979 ἀποτεθεῖσθαι
2969 3921 3068 3992 τὴν
3107 3919 3376 3992 ἐμπορίαν
3405 3917 3730 3988 ἡγούμενοι,

2157 4020 2484 4093 θαρροῦντες
2513 4020 2579 4089 τῇ
2611 4015 2816 4087 ταύτης
2843 4012 3150 4086 περιουσίᾳ,
3178 4011 3278 4065 οὐκ
3305 4011 3371 4064 ἂν
3400 4008 3597 4080 πολλὴν
3621 4009 3737 4062 ἐπι-

2153 4112 2420 4177 δείξαιντο
2470 4108 2702 4178 σπουδὴν
2761 4105 2898 4178 πρὸς
2953 4104 3016 4159 τὸ
3071 4103 3292 4157 πλείονα
3347 4101 3736 4172 περιλαὸέσθαι

2155 4202 2339 4256 πάλιν.

2226 4344 2300 4407 γ’.
2315 4337 2406 4410 Μὴ
2421 4335 2600 4388 τοίνυν
2622 4334 2866 4411 μνησθῇς
2883 4333 2990 4387 τῶν
3014 4330 3471 4404 κατορθωμάτων,
3492 4331 3577 4386 ἵνα
3595 4350 3734 4402 μνη-

2157 4430 2257 4503 σθῇ
2285 4428 2463 4484 αὐτῶν
2500 4429 2529 4480 6
2575 4425 2724 4490 Θεός.
2759 4425 2909 4496 Λέγε
2943 4426 3085 4497 γὰρ,
3125 4424 3278 4497 φησὶ,
3309 4428 3416 4498 τὰς
3446 4425 3736 4494 ἁμαρτίας

2153 4537 2273 4577 σου
2320 4519 2589 4589 πρῶτος,
2617 4518 2718 4572 ἵνα
2769 4513 3106 4583 δικαιωθῇς.
3147 4515 3257 4567 Καὶ
3285 4514 3477 4568 πάλιν
3519 4515 3603 4566 οὐ
3645 4513 3734 4584 μὴ

2149 4611 2400 4684 μνησθῶ
2421 4609 2539 4663 τῶν
2559 4605 2820 4679 ἀνομιῶν
2847 4622 2985 4672 σου,
3012 4604 3176 4678 φησί·
3199 4604 3282 4658 σὺ
3312 4591 3377 4657 66
3402 4603 3730 4672 μνήσθητι.

2166 4701 2326 4756 Ἀλλά
2349 4700 2492 4763 τίνος
2511 4699 2698 4752 ³ἐνεκεν
2726 4697 2818 4751 τοῦ
2847 4695 3078 4750 τελώνου
3103 4694 3476 4764 οὕτωταχέως
3504 4695 3738 4764 ἐπήκου-

2157 4809 2248 4846 σεν
2276 4793 2305 4844 6
2333 4789 2484 4854 Θεὸς,
2513 4788 2604 4842 τὸν
2627 4788 2684 4841 δέ
2723 4788 2908 4841 Ἰσαὰκ
2941 4787 3152 4856 ἀφῆκεν
3173 4784 3377 4839 εῖκοσιν
3401 4783 3494 4854 ἐτη
3517 4783 3734 4837 δέεσθαι

2154 4883 2247 4938 καὶ
2285 4880 2619 4952 παρακαλεῖν
2659 4877 2819 4932 αὐτὸν
2851 4878 2979 4948 περὶ
3005 4878 3103 4948 τῆς
3138 4877 3392 4945 γυναικὸς
3418 4874 3606 4939 αὐτοῦ,
3638 4873 3737 4928 καὶ

2152 4975 2273 5028 τότε
2299 4973 2555 5026 ἐπένευσε
2578 4973 2699 5034 ταῖς
2728 4971 2916 5040 εὐχαῖς
2938 4967 3032 5022 τοῦ
3066 4967 3275 5022 δικαίου
3298 4985 3311 5030 ;
3346 4967 3582 5037 Ἀνάγκη
3624 4967 3736 5037 γὰρ

2151 5066 2251 5138 τῆς
2271 5064 2397 5136 χθὲς
2411 5062 2754 5126 διδασκαλίας
2766 5059 3058 5116 ἀποδοῦναι
3075 5061 3105 5114 ύ
3114 5062 3202 5131 μῖν
3223 5057 3292 5113 τά
3306 5058 3554 5128 λείψανα.
3575 5057 3738 5121 Τίνος

2152 5151 2246 5209 οὖν
2269 5155 2456 5208 ἕνεκεν
2477 5154 2632 5207 τοῦτο
2651 5154 2908 5223 γέγονεν;
2933 5152 3052 5205 ’Ἰνα
3076 5151 3181 5205 ἀπὸ
3210 5151 3308 5220 μὲν
3329 5148 3440 5202 τῶν
3473 5147 3615 5201 κατᾶ
3638 5146 3736 5198 τὸν

2152 5247 2390 5318 τελώνην
2426 5246 2604 5320 μάθῃς
2635 5246 2733 5318 τὴν
2767 5245 3179 5317 φιλανθρωπίαν
3204 5241 3296 5296 τοῦ
3331 5241 3605 5294 Δεσπότου
3632 5257 3735 5293 τα-

2153 5339 2296 5412 χέως
2307 5337 2730 5400 ἐπακούσαντος,
2751 5337 2858 5390 άπὸ
2877 5336 2935 5391 δὲ
2959 5335 3066 5389 τῶν
3080 5333 3220 5388 κατά
3234 5332 3324 5386 τὸν
3351 5331 3533 5385 Ἰσαὰκ
3556 5328 3736 5400 μάθῃς

2152 5431 2251 5502 τὴν
2281 5429 2556 5502 ὑπομονὴν
2587 5429 2678 5483 τοῦ
2705 5429 2891 5482 δούλου
2925 5427 3168 5501 βραδέως
3193 5424 3472 5488 λαϐόντος,
3508 5422 3601 5476 καλ⁵
3633 5420 3737 5474 οὐκ

2155 5519 2488 5584 ἀποστάντος
2521 5519 2618 5590 τῆς
2652 5518 2961 5589 ἱκετηρίας·
3001 5519 3110 5585 ῖνα,
3149 5515 3254 5572 κάν
3284 5511 3609 5586 ἁμαρτωλὸς
3645 5505 3732 5586 ᾖς»

2221 5689 2248 5721 ⁸
2273 5690 2428 5742 Savil.
2466 5691 2554 5755 οὐχ
2575 5691 2672 5741 οῐὸν
2695 5693 2746 5740 τέ
2780 5691 2926 5742 ἐστιν.
2950 5688 3025 5742 lla
3052 5693 3104 5740 ει
3121 5687 3237 5740 Cod.
3265 5685 3375 5737 768.
