4082 6212
411 292 518 358 868

413 409 598 470 Beatus
625 415 822 487 quippe
843 458 857 481 ,
893 415 981 488 qui
1005 419 1178 470 narrat
1207 416 1258 470 in
1285 431 1431 470 aures
1467 415 1778 470 audientium
1804 415 1991 488 (Ereti.

409 505 501 561 ιιι.
531 505 647 576 12).
672 505 727 561 id
753 507 882 561 mihi
913 522 1018 561 non
1048 522 1110 562 ex
1145 507 1742 577 plausibuslaudibusve
1771 519 1994 577 tantum,

410 595 506 651 sed
535 605 591 652 et
619 611 684 652 ex
709 596 774 652 iis
802 611 922 667 quae
947 595 1060 651 fieri
1091 611 1119 650 a
1142 597 1298 652 vobis
1328 599 1610 654 cernebam
1633 641 1647 666 ,
1681 615 1994 670 persuasum

309 706 312 708 τ
411 695 513 745 est.
543 685 675 744 Cum
701 686 875 753 enim,
907 695 965 742 ut
988 687 1245 744 adversus
1286 690 1527 745 inimicos
1554 705 1740 761 preces
1779 692 1992 748 minime

414 775 705 832 funderetis
723 818 739 843 ,
760 791 856 831 vos
884 775 1230 846 cohortarer,
1259 792 1321 835 ac
1347 779 1580 836 dicerem
1624 795 1722 836 nos
1741 823 1755 848 ,
1785 780 1912 836 dum
1943 782 1996 838 id

410 872 637 941 agimus,
665 869 829 926 Deum
861 870 1074 926 irritare
1094 913 1110 937 ,
1135 887 1198 928 ac
1236 874 1442 946 legibus
1476 876 1593 945 ejus
1627 877 1759 931 alias
1782 887 1997 932 contra-

413 960 519 1014 rias
543 959 852 1032 ferre(dixit
872 961 1014 1018 enim
1045 963 1178 1034 ipse,
1202 962 1358 1020 Orate
1398 982 1491 1036 pro
1523 967 1736 1022 inimicis
1779 965 1991 1040 [ΜαιιΙι.

411 1051 463 1106 5.
494 1049 606 1124 44],
633 1061 689 1108 at
721 1068 820 1108 nos
843 1053 969 1108 dum
999 1054 1257 1112 adversus
1303 1057 1546 1113 inimicos
1586 1073 1832 1126 oramus,
1857 1061 1996 1128 peti-

411 1159 532 1199 mus
557 1145 624 1201 ab
649 1161 715 1202 eo
743 1156 800 1202 ut
828 1163 977 1203 suam
1010 1149 1181 1219 legem
1205 1150 1318 1220 ipse
1343 1149 1622 1226 dissolvat)
1646 1193 1662 1219 ,
1694 1166 1813 1207 cum
1839 1153 1997 1224 igitur

414 1235 528 1291 inec
548 1247 598 1291 et
617 1237 738 1292 talia
756 1238 1012 1306 dicerem,
1033 1240 1226 1296 multos
1244 1240 1383 1297 inter
1397 1257 1491 1297 vos
1507 1243 1789 1298 cernebam
1805 1243 1994 1298 faciem

416 1328 773 1396 percutientes
797 1338 850 1384 et
869 1339 1076 1400 pectus,
1092 1333 1324 1403 graviter
1351 1334 1781 1405 ingemiscentes,
1807 1348 1996 1390 manus

415 1415 468 1471 in
497 1419 685 1473 caelum
717 1421 999 1478 tendentes
1017 1464 1032 1489 ,
1065 1423 1272 1478 veniam
1296 1438 1324 1477 a
1360 1424 1468 1480 Deo
1488 1435 1705 1496 propter
1733 1425 1994 1494 ejusmodi

414 1522 602 1578 preces
641 1509 782 1566 fusas
823 1513 1174 1582 postulantes.
1215 1511 1349 1570 Tum
1380 1532 1509 1572 vero
1551 1531 1650 1589 ego
1679 1517 1901 1572 sublatis
1941 1518 1994 1572 in

413 1599 604 1655 calum
629 1602 796 1657 oetilis
822 1602 931 1660 Deo
970 1605 1177 1675 gratias.
1210 1608 1334 1678 egi,
1361 1607 1504 1679 quod
1544 1617 1649 1664 tam
1691 1609 1798 1664 cito
1841 1609 1996 1664 nobis

414 1691 672 1754 doctrinae
697 1710 874 1752 sermo
903 1696 1127 1753 fructum
1150 1700 1478 1769 protulisset.
1512 1699 1587 1754 Ea
1617 1701 1813 1771 quippe
1836 1701 1996 1771 spiri-

416 1785 576 1841 tualis
596 1787 815 1842 seminis
861 1797 944 1844 est
980 1789 1216 1846 conditio
1244 1806 1258 1845 :
1284 1806 1390 1845 non
1435 1793 1590 1846 annis
1629 1791 1863 1863 indiget,
1897 1805 1998 1847 nec

416 1876 764 1946 temporibus,
788 1894 888 1933 nec
911 1877 1118 1946 diebus,
1136 1880 1231 1936 sed
1253 1881 1295 1936 si
1317 1881 1547 1936 animam
1573 1895 1887 1952 generosam
1914 1881 1996 1935 in-

415 1967 612 2022 vaserit
630 2010 646 2035 ,
675 1969 953 2025 confestim
983 1971 1184 2041 spicam
1211 1973 1471 2028 virentem
1509 1982 1564 2028 et
1587 1971 1876 2042 perfectam
1904 1986 1995 2026 os-

417 2057 587 2114 tendit
614 2077 627 2113 :
659 2060 801 2131 quod
839 2071 892 2117 et
921 2076 950 2115 a
981 2062 1133 2118 vobis
1181 2064 1434 2119 hesterno
1476 2061 1564 2117 die
1591 2069 1863 2132 peractum
1890 2069 1992 2115 est.

414 2147 849 2219 Compnnctionis
878 2167 1180 2208 sermonem
1208 2166 1506 2222 sparseram
1527 2190 1544 2218 ,
1562 2160 1617 2206 et
1645 2149 1998 2206 confessionis

415 2241 644 2307 gemitus
662 2241 998 2311 germinavit,
1024 2242 1253 2312 gemitus
1282 2242 1476 2296 multas
1500 2241 1762 2295 bonorum
1784 2238 1997 2294 divitias

417 2342 599 2383 secum
652 2331 846 2386 ferens.
874 2329 1005 2386 Nam
1051 2331 1097 2386 si
1141 2331 1452 2402 publicanus
1499 2331 1617 2394 ille,
1648 2344 1768 2384 eum
1813 2338 1999 2399 pectus

417 2421 764 2490 percutieudo
805 2422 1059 2491 dixisset,
1109 2423 1376 2495 Propitius
1416 2434 1521 2479 esto
1567 2423 1692 2477 mihi
1747 2421 1999 2493 percolari

419 2511 568 2583 (an.
603 2514 690 2570 i8.
725 2515 838 2587 13).
871 2517 990 2586 plus
1015 2531 1172 2586 quam
1222 2517 1523 2572 Pharisasus
1558 2514 1880 2585 justifieatus
1905 2529 1997 2570 re-

417 2605 612 2671 cessit,
657 2616 908 2676 quantam
957 2621 1055 2663 nos
1083 2607 1222 2678 apud
1262 2607 1430 2663 Deum
1473 2606 1628 2662 nobis
1681 2605 1998 2662 conciliasse

416 2695 637 2764 gratiam
679 2697 968 2753 verisimile
1009 2705 1120 2764 est,
1151 2711 1272 2754 cum
1321 2700 1456 2754 intra
1492 2699 1747 2770 perbreve
1787 2707 1999 2767 tempus

418 2793 616 2841 tantam
645 2791 1108 2858 compunctionem
1152 2791 1581 2848 ostenderimus?
1618 2790 1851 2850 Tametsi
1899 2807 2000 2861 pu-

416 2875 626 2932 blicano
652 2878 780 2935 nihil
804 2891 880 2936 est
914 2883 1064 2953 pejus
1093 2900 1106 2938 ι
1140 2898 1259 2938 cum
1285 2885 1331 2939 is
1359 2885 1715 2954 improbitatis
1745 2885 1899 2939 limes
1928 2885 1999 2938 sit

417 2965 674 3024 ultimus:
704 2973 846 3042 quod
879 2975 1059 3044 utique
1098 2973 1339 3031 Christus
1366 2975 1604 3030 indicans
1648 2975 1700 3029 in
1728 2984 1996 3030 extremo.

415 3070 534 3111 rum
561 3058 824 3115 malorum
873 3064 1174 3134 exemplum
1227 3067 1539 3121 meretrices
1581 3081 1644 3121 ac
1685 3066 1997 3136 publicanos

415 3159 628 3230 semper
653 3149 705 3204 in
749 3151 985 3208 medium
1023 3154 1256 3210 adducit.
1288 3156 1386 3212 Est
1427 3159 1566 3213 enim
1596 3157 1848 3214 violentia
1876 3173 1998 3230 quae

417 3229 585 3293 libere
635 3239 1068 3314 confidenterque
1095 3255 1384 3315 grassatur,
1415 3248 1600 3318 rapina
1645 3249 1762 3304 sine
1809 3265 1996 3320 repre-

417 3321 678 3384 hensione
699 3369 714 3394 ,
744 3330 1025 3402 impudens
1058 3337 1292 3392 avaritize
1319 3353 1507 3408 genus,
1539 3340 1827 3410 negotiatio
1851 3355 1880 3396 a
1909 3355 1998 3395 ra-

423 3416 568 3474 tione
594 3418 785 3487 alieua,
820 3423 1054 3480 insolens
1092 3436 1428 3484 mercatura:
1456 3438 1690 3486 attamen
1725 3431 1770 3486 is
1789 3431 1878 3501 qui
1909 3431 1996 3486 in-

417 3513 501 3562 ter
528 3517 606 3565 tot
647 3512 783 3568 mala
811 3515 1049 3583 vixerat,
1084 3518 1240 3574 nudis
1260 3519 1439 3576 verbis
1483 3523 1652 3592 potuit
1680 3531 1759 3577 tot
1802 3523 1995 3592 probra

414 3598 626 3666 delere,
652 3615 716 3658 ac
741 3603 891 3675 plura
920 3621 1075 3677 quam
1107 3611 1401 3681 postularat
1427 3610 1692 3682 accipere.
1713 3610 1850 3668 Nam
1896 3628 1994 3684 pe-

417 3689 571 3746 tierat
590 3694 804 3763 quidem
831 3696 938 3763 ille,
976 3697 1237 3770 Pmpitius
1256 3711 1362 3755 esto
1387 3701 1512 3755 mihi
1532 3705 1780 3769 peccatori
1805 3746 1822 3770 ,
1853 3705 1996 3761 Deus

413 3787 590 3836 autem
617 3798 722 3838 non
750 3787 1008 3856 propitius
1033 3797 1234 3843 tantum
1266 3789 1362 3843 fuit
1382 3827 1397 3854 ,
1426 3791 1518 3845 sed
1548 3794 1706 3847 etiam
1731 3794 1879 3848 illum
1908 3810 1998 3849 su-

416 3886 510 3942 pra
537 3873 862 3932 Pharisaeum
885 3878 1215 3948 jnstilicavit.
1244 3879 1532 3951 Propterea
1562 3883 1731 3955 inquit
1758 3885 1993 3942 Paulus:

413 3961 482 4018 Ei
507 3974 677 4020 autem
697 4008 713 4033 ,
739 3971 825 4040 qui
876 3978 1036 4040 potest
1076 3973 1245 4026 omnia
1282 3974 1448 4043 facere
1492 3977 1960 4046 superabundanter
1979 4019 1994 4042 ,

413 4069 566 4126 quam
589 4057 837 4128 petimus,
865 4070 954 4114 aut
995 4062 1323 4136 intelligimus
1351 4062 1565 4137 (Ep/tes.
1595 4069 1648 4123 5.
1685 4067 1798 4140 20).
1836 4069 1996 4140 Atqui

414 4159 660 4216 precatus
687 4161 767 4205 est
787 4152 946 4208 etiam
977 4153 1277 4212 Phariszeus
1297 4196 1312 4223 ,
1341 4165 1396 4214 et
1429 4159 1482 4213 in
1511 4161 1707 4230 templo
1733 4162 1914 4226 stetit,
1941 4171 1996 4218 et

413 4238 662 4296 eudem
691 4242 856 4299 Deum
883 4244 1182 4314 invocavit,
1213 4257 1262 4305 et
1290 4250 1439 4320 plura
1466 4253 1625 4309 verba
1656 4253 1920 4324 profudit,
1944 4263 1998 4310 et

413 4340 479 4383 ex
497 4331 785 4400 gratiarum
808 4335 1017 4392 actione
1043 4339 1298 4395 orationis
1326 4341 1604 4398 exordium
1626 4345 1811 4400 texuit.
1846 4345 1996 4402 Unde

413 4412 573 4488 igitur
590 4419 784 4477 factum
813 4435 914 4491 est,
942 4436 1000 4482 ut
1025 4428 1114 4484 ille
1137 4430 1352 4500 quidem
1375 4446 1438 4488 ea
1466 4449 1586 4504 quae
1606 4434 1834 4493 habebat
1858 4438 1995 4493 bona

413 4508 724 4580 perdiderit,
755 4511 845 4570 hic
867 4527 1045 4573 autem
1072 4533 1189 4575 eam
1211 4523 1433 4592 gratiam
1459 4538 1521 4579 ac
1546 4525 1813 4594 fiduciam,
1835 4543 1993 4599 quam

414 4614 521 4657 non
547 4602 776 4660 habebat
798 4606 899 4663 sibi
927 4611 1332 4668 conciliaverit?
1356 4614 1512 4682 Quod
1537 4616 1784 4672 nimirum
1808 4621 1994 4678 orandi

414 4695 608 4753 modus
628 4696 766 4754 idem
798 4715 904 4756 non
929 4711 1090 4758 esset.
1124 4703 1255 4760 Nam
1289 4705 1378 4762 ille
1407 4707 1622 4778 quidem
1643 4713 1993 4781 arrogantius,

415 4784 602 4854 fastus,
627 4789 1000 4863 superbiaeque
1017 4802 1156 4848 totus
1181 4795 1370 4866 plenus
1386 4807 1520 4864 erat,
1542 4797 1630 4854 hic
1656 4813 1788 4854 vero
1813 4803 1996 4856 multa:

413 4877 693 4945 probitatis
719 4890 774 4936 et
815 4884 1078 4953 tequitatis
1110 4903 1124 4939 :
1159 4886 1358 4942 idcirco
1401 4887 1528 4944 licet
1570 4887 1657 4944 hic
1702 4890 1996 4947 innumeris

401 4979 749 5039 peccatorum
797 4974 1027 5030 sarcinis
1073 4987 1402 5047 gravaretur,
1442 4993 1630 5035 omnes
1681 4980 1916 5050 abiecit,
1943 4992 1997 5039 et

408 5059 668 5132 iustitiam
695 5067 1003 5138 assumpsit;
1032 5068 1120 5124 ille
1135 5077 1310 5124 autem
1329 5070 1420 5140 qui
1441 5071 1649 5142 plenam
1670 5080 1815 5128 recte
1833 5072 1997 5128 facto.

412 5160 554 5214 rum,
577 5147 1037 5223 eieemosynarum
1055 5195 1070 5217 ,
1095 5154 1438 5225 ieiuniorum,
1468 5171 1656 5213 navem
1687 5158 1984 5227 reduxerat,

413 5244 679 5309 tamquam
708 5243 931 5312 scopulo
953 5244 1180 5316 cuipiam
1209 5246 1380 5302 inanis
1417 5249 1600 5319 gloria:
1628 5249 1994 5322 superbiaeque

411 5330 608 5385 tumori
636 5331 863 5388 allidens
882 5335 934 5389 in
965 5336 1081 5406 ipso
1105 5347 1261 5408 portu
1290 5339 1620 5410 naufragium
1644 5338 1799 5396 fecit:
1829 5341 1995 5412 siqui-

411 5417 533 5474 dem
562 5421 616 5476 in
663 5424 906 5480 oratione
933 5425 1187 5484 damnum
1219 5431 1362 5499 pati,
1391 5431 1443 5486 id
1469 5445 1598 5487 vero
1622 5439 1706 5487 est
1752 5432 1804 5487 in
1837 5442 1992 5502 portu

411 5509 744 5584 naufragium
770 5515 966 5574 facere.
990 5519 1107 5576 Non
1129 5531 1306 5578 tamen
1333 5523 1384 5579 id
1409 5539 1474 5580 ex
1497 5534 1682 5580 natura
1712 5524 1992 5594 orationis,

409 5601 504 5658 sed
527 5618 594 5660 ex
619 5605 772 5677 culpa
800 5608 1085 5668 voluntatis
1110 5613 1226 5684 ejus
1249 5616 1446 5672 evenit.

479 5697 536 5755 Ω.
561 5697 876 5762 Precationis
896 5707 1076 5766 modus
1096 5709 1226 5782 quis.
1256 5740 1320 5754 —
1355 5709 1514 5770 Vides
1552 5710 1618 5768 ad
1640 5711 1867 5770 salutem
1893 5727 1992 5771 uo-

1590 295 1725 358 NON
1769 301 1930 358 ESSE
1970 292 2502 355 DESPERANDUM.

3586 302 3688 363 366

2107 413 2190 469 bis
2213 414 2508 469 orationem
2559 426 2664 470 non
2691 411 2937 472 sufficere
2959 458 2974 483 ,
3007 411 3110 472 nisi
3149 416 3308 473 simul
3351 431 3416 472 ex
3448 417 3651 488 legibus
3676 454 3691 483 ,

2105 519 2239 576 quas
2277 506 2397 561 tulit
2435 506 2698 572 Christus,
2727 509 2984 565 oremus?
3014 508 3158 576 Quas
3199 525 3360 580 porro
3410 511 3554 583 leges
3601 514 3691 569 ille

2105 596 2270 652 tulit?
2292 597 2357 653 Ut
2385 613 2482 668 pro
2511 598 2740 654 inimicis
2778 614 3023 667 oremus,
3061 603 3268 656 tametsi
3301 604 3482 658 multis
3522 605 3691 661 molco

2109 685 2223 741 stiis
2269 701 2368 742 nos
2413 687 2708 744 affecerint.
2743 691 2821 745 Ac
2862 690 2961 744 nisi
3009 689 3112 745 hoc
3138 701 3489 760 pnestemus,
3531 693 3691 764 plane

2106 778 2381 848 perimus:
2413 779 2467 834 id
2514 781 2654 851 quod
2702 796 2768 836 ex
2799 781 3053 837 Pharisaei
3095 791 3304 838 constat
3328 787 3597 855 exemplo.
3634 786 3691 842 Si

2103 870 2246 925 enim
2278 871 2377 925 istc
2402 885 2524 926 cum
2554 887 2658 927 non
2690 873 2947 928 adversus
2972 873 3215 929 inimicos
3241 883 3470 941 orasset,
3498 889 3683 930 verum

2105 962 2276 1017 inanis
2305 962 2487 1032 gloria:
2516 963 2788 1033 cupiditati
2817 966 2988 1019 solum
3027 965 3269 1020 addictus
3305 966 3532 1032 fuisset,
3565 977 3689 1022 tan-

2107 1063 2213 1107 tam
2242 1068 2451 1122 pcenam
2481 1055 2767 1119 sustinuit,
2808 1055 2948 1125 quod
2985 1056 3298 1125 supplicium
3329 1057 3448 1112 illos
3473 1068 3688 1123 manet,

2101 1143 2192 1213 qui
2223 1143 2410 1213 longos
2450 1145 2751 1215 multosque
2794 1159 3070 1200 sermones
3097 1147 3393 1216 producunt
3431 1150 3701 1207 adversus

2104 1235 2372 1292 inimicos?
2392 1237 2526 1305 Quid
2547 1237 2697 1304 facis,
2717 1239 2787 1292 mi
2817 1238 3004 1293 homo?
3025 1238 3238 1304 Adstas,
3259 1248 3316 1293 ut
3337 1240 3542 1295 veniam
3570 1256 3694 1309 pec-

2103 1338 2344 1383 catorum
2361 1327 2620 1398 postules,
2641 1340 2694 1385 et
2711 1331 2941 1386 animam
2959 1331 3229 1386 iracundia
3248 1332 3450 1400 reples?
3465 1317 3691 1398 Quando

2101 1421 2338 1476 omnium
2371 1423 2679 1478 mitissimos
2699 1439 2821 1480 esse
2850 1439 2948 1478 nos
2969 1432 3197 1495 oportet,
3220 1423 3346 1478 dum
3372 1425 3693 1495 alloquimur

2102 1511 2410 1580 Dominum,
2425 1513 2548 1568 dum
2566 1529 2661 1582 pro
2677 1513 2884 1570 delictis
2900 1513 3693 1581 oramus,misericordiam,clc-

2101 1606 2376 1672 mentium,
2395 1622 2458 1662 ac
2470 1611 2678 1663 veniam
2702 1608 3066 1679 implorantes,
3095 1616 3203 1662 tum
3230 1607 3688 1670 excandescimus,

2103 1695 2156 1750 in
2184 1695 2445 1752 feritatem
2485 1697 2840 1764 devolvimur,
2868 1707 2924 1753 et
2947 1713 3008 1752 os
3035 1707 3272 1752 nostrum
3301 1696 3424 1753 felle
3445 1697 3687 1766 complc-

2101 1784 2246 1839 mus?
2274 1783 2392 1852 Quo
2417 1795 2592 1856 pacto,
2618 1801 2818 1857 qumso,
2849 1787 3140 1856 poterimus
3169 1787 3394 1841 salutem
3425 1785 3686 1856 adipisci,

2100 1887 2224 1930 cum
2245 1876 2559 1946 supplicium
2582 1876 2814 1946 Speciem
2839 1892 2946 1946 prae
2974 1877 3128 1931 nobis
3147 1875 3399 1940 feramus,
3417 1877 3576 1930 verba
3599 1889 3694 1930 su-

2103 1966 2385 2036 perborum
2407 1966 2707 2034 efferamus,
2729 1976 2782 2022 et
2799 1970 2849 2022 in
2866 1981 2964 2023 nos
2985 1967 3268 2022 Dominum
3294 1965 3586 2021 irritcmus?
3603 1967 3688 2020 ln-

2101 2071 2318 2126 gressus
2341 2072 2419 2124 es,
2443 2066 2501 2112 ut
2529 2062 2740 2128 propria
2756 2061 2972 2114 vulnera
2989 2073 3233 2121 curares,
3250 2073 3357 2113 non
3383 2066 3442 2113 ut
3469 2059 3688 2128 propin-

2100 2148 2192 2220 qui
2217 2149 2436 2204 vulnera
2467 2149 2716 2206 redderes
2745 2151 3041 2206 acerbiora.
3064 2149 3465 2221 Propitiationis
3483 2160 3692 2219 tempus

2102 2245 2204 2301 est.
2226 2239 2482 2294 orationis
2503 2250 2734 2310 tempus,
2759 2255 2821 2295 ac
2846 2239 3072 2310 gemitus
3092 2280 3106 2303 ,
3132 2255 3238 2293 non
3267 2239 3550 2293 iracundiae
3577 2255 3590 2291 :
3622 2240 3694 2292 la-

2102 2340 2427 2399 crymarum,
2457 2346 2561 2386 non
2583 2330 3073 2386 excandescentia:
3103 2328 3549 2400 compunctionis,
3579 2343 3687 2383 non

2103 2417 2496 2490 indignationis.
2516 2422 2622 2477 Cur
2646 2420 2928 2476 confundis
2955 2420 3226 2475 ordinem?
3240 2435 3337 2475 cur
3357 2419 3448 2475 tibi
3476 2419 3572 2489 ipsi
3599 2435 3686 2475 rc-

2102 2511 2332 2580 pugnus?
2352 2526 2450 2566 cur
2465 2511 2746 2567 :ediiicium
2766 2519 2912 2567 tuum
2930 2511 3122 2567 diruis?
3145 2511 3422 2565 Hominem
3441 2511 3531 2580 qui
3547 2519 3686 2573 orat,

2101 2609 2227 2656 ante
2268 2602 2373 2657 alia
2410 2603 2589 2658 omnia
2636 2603 2750 2658 miti
2786 2604 2966 2658 animo
3013 2616 3132 2658 esse
3169 2608 3420 2672 Oportet,
3450 2600 3688 2656 modesta

2103 2701 2304 2757 mente,
2333 2694 2496 2750 corde
2523 2693 2753 2749 contrito
2782 2711 2794 2749 :
2818 2694 2908 2765 qui
2931 2708 3060 2750 vero
3080 2692 3274 2749 clamat
3299 2691 3555 2748 adversus
3584 2692 3690 2747 ini-

2102 2784 2294 2850 mices,
2322 2802 2610 2858 numquam
2657 2786 2784 2843 illud
2817 2788 3014 2858 poterit
3049 2785 3332 2841 oblinere:
3361 2786 3557 2857 quippe
3598 2786 3687 2856 qui

2102 2877 2174 2931 sit
2202 2877 2295 2931 irae
2325 2879 2512 2946 plenus
2535 2919 2551 2944 ,
2584 2893 2758 2949 neque
2781 2878 3042 2935 modestia
3065 2878 3234 2949 possit
3267 2886 3502 2933 mentem
3530 2876 3583 2932 iu
3604 2875 3688 2932 of-

2105 2969 2226 3024 ficio
2249 2970 2545 3025 continere.

2175 3056 2510 3113 Peccatorum
2531 3060 2829 3122 meminisse,
2860 3067 2993 3112 recte
3014 3061 3264 3128 factorum
3287 3057 3512 3112 obliuisci
3537 3074 3690 3126 opor-

2102 3160 2198 3209 tet.
2227 3151 2330 3208 Cur
2373 3160 2499 3208 esset
2519 3154 2704 3208 sterilis
2749 3169 2879 3207 uxor
2923 3151 3112 3214 Isaac;
3161 3165 3252 3204 cur
3283 3153 3480 3205 sterilis
3515 3162 3692 3219 partus

2102 3245 2432 3314 praeesset-it.
2463 3244 2634 3300 —Ne
2684 3244 2844 3316 igitur
2898 3241 3155 3297 adversus
3203 3240 3446 3296 inimicos
3497 3255 3688 3311 preces

2103 3332 2422 3400 fundamus,
2447 3334 2542 3391 sed
2586 3349 2759 3406 neque
2801 3341 2951 3388 recte
2978 3331 3236 3386 factorum
3278 3345 3546 3386 memores
3585 3345 3688 3386 no-

2099 3433 2336 3483 stt-orum
2362 3428 2530 3483 simus
2553 3467 2569 3496 ,
2601 3442 2672 3482 ne
2708 3425 2861 3481 nobis
2883 3424 2935 3480 id
2960 3423 3165 3478 accidat
3181 3456 3197 3488 ,
3219 3423 3361 3493 quod
3389 3421 3681 3476 Pharisao.

2098 3518 2231 3574 Nam
2275 3519 2724 3590 quemadmodum
2773 3525 3111 3588 peccatorum
3163 3515 3432 3570 recordari
3483 3515 3682 3570 bonum

2099 3619 2213 3675 est,
2239 3611 2314 3665 ita
2357 3619 2504 3666 recte
2535 3610 2795 3666 factorum
2836 3609 3033 3663 bonum
3083 3612 3168 3661 est
3204 3605 3465 3660 oblivisci.
3515 3604 3684 3672 Quam

2101 3701 2316 3758 tandem
2341 3702 2410 3758 ob
2436 3701 2679 3756 causam?
2703 3699 2968 3768 Quoniam
3004 3704 3152 3753 recte
3181 3695 3442 3752 factorum
3467 3696 3683 3766 quidem

2100 3792 2358 3846 memoria
2384 3807 2484 3846 nos
2508 3793 2562 3846 in
2584 3791 2885 3860 superbiam
2916 3789 3091 3858 erigit,
3123 3797 3464 3857 peccatorum
3503 3797 3682 3841 autem

2102 3881 2360 3935 memoria
2403 3890 2636 3935 mentem
2681 3879 2934 3947 deprimit
2977 3887 3139 3947 atque
3183 3877 3439 3931 humilem
3463 3879 3683 3933 reddit:

2099 3978 2261 4040 atque
2287 3968 2375 4023 illa
2401 3969 2613 4039 quidem
2640 3968 3053 4039 negligentiores
3079 3965 3274 4033 efficit,
3305 3967 3403 4022 ista
3432 3983 3559 4023 vero
3596 3970 3682 4024 di-

2100 4058 2410 4130 ligentiores
2438 4074 2538 4116 nos
2576 4059 2768 4116 reddit.
2812 4058 2944 4114 Nam
2975 4057 3066 4130 qui
3101 4057 3234 4112 nihil
3271 4058 3372 4112 sibi
3397 4072 3519 4115 esse
3559 4059 3684 4116 boni

2101 4151 2452 4216 arbitrantur,
2476 4150 2768 4207 alacriores
2788 4149 2854 4204 ad
2875 4147 3202 4220 acquirenda
3230 4147 3365 4203 bona
3394 4148 3526 4204 fiunt
3555 4152 3683 4221 :qui

2100 4257 2229 4297 vero
2273 4243 2499 4300 multum
2553 4243 2654 4298 sibi
2683 4242 2978 4313 repositqu
3031 4251 3293 4310 quaestum
3340 4242 3680 4309 existimant,

2102 4333 2184 4387 his
2211 4334 2408 4402 opibus
2445 4332 2775 4389 confidentes
2801 4347 2906 4387 non
2938 4346 3185 4402 magnum
3210 4331 3444 4386 stndimn
3473 4349 3583 4403 pra:
3623 4350 3685 4392 se

2100 4422 2278 4480 ferunt
2303 4425 2367 4480 ad
2399 4427 2548 4497 plura
2573 4426 2672 4481 sibi
2700 4425 2955 4495 deinceps
2979 4423 3356 4493 comparanda.

2171 4512 2226 4572 3.
2255 4515 2374 4571 Noli
2400 4532 2528 4589 ergo
2553 4526 2702 4573 recte
2735 4516 2996 4571 factorum
3037 4515 3344 4571 meminisse
3365 4558 3379 4582 ,
3410 4525 3471 4571 ut
3497 4519 3684 4573 memi-

2100 4609 2241 4664 nerit
2277 4610 2487 4666 illorum
2531 4610 2694 4665 Deus.
2725 4609 2820 4663 Dic
2859 4610 2994 4663 enim
3042 4619 3246 4678 peccata
3271 4609 3591 4678 tuaprimus,
3625 4623 3684 4666 ιιι

2087 4701 2388 4771 justi/iceris
2413 4700 2618 4772 (Hesai.
2644 4702 2733 4756 43.
2759 4700 2873 4771 26),
2897 4709 2950 4756 et
2971 4713 3190 4756 rursus:
3213 4697 3546 4771 Iniquitatum
3571 4709 3683 4756 tuna

2098 4808 2212 4844 rum
2253 4807 2355 4845 non
2400 4792 2722 4858 recordabar,
2747 4790 2950 4862 inquit:
2989 4799 3040 4844 at
3076 4799 3130 4844 tu
3181 4789 3449 4844 recordare
3475 4789 3580 4860 (Ιὸ.
3627 4806 3678 4844 ιι.

2096 4883 2209 4956 23).
2255 4883 2363 4940 Sed
2413 4899 2572 4954 quam
2605 4883 2818 4939 tandem
2867 4882 2939 4939 ob
2961 4896 3176 4938 causam
3201 4881 3538 4951 publicanum
3571 4889 3680 4936 tant

2097 4980 2205 5034 cito
2233 4977 2510 5034 exaudivit
2529 4977 2668 5032 Deus
2689 5017 2704 5042 ,
2734 4974 2882 5032 lsaac
2909 4984 3088 5030 autem
3116 4972 3301 5045 viginti
3326 4987 3496 5028 annos
3522 4987 3679 5027 orare

2099 5070 2360 5138 penuisit,
2389 5070 2545 5140 eique
2571 5084 2666 5139 pro
2687 5084 2852 5124 uxore
2873 5083 2968 5123 sua
2997 5067 3296 5138 supplicare
3314 5105 3330 5128 ,
3359 5080 3419 5120 ac
3449 5073 3557 5118 tum
3584 5065 3678 5120 de-

2097 5177 2244 5216 mum
2264 5161 2387 5232 justi
2413 5161 2658 5231 precibus
2677 5161 2901 5216 annuit?
2926 5160 3059 5216 Sunt
3073 5157 3218 5213 enim
3235 5157 3388 5212 vobis
3415 5156 3674 5212 hesterna!

2097 5255 2352 5310 doctrinae
2376 5254 2613 5324 reliquias
2635 5251 3022 5324 persolvendas.
3055 5251 3224 5318 Quam
3252 5249 3415 5320 igitur
3441 5248 3514 5302 ob
3545 5263 3672 5303 cau-

2097 5361 2210 5403 sam
2244 5346 2295 5400 id
2321 5345 2553 5402 accidit?
2581 5341 2653 5402 Ut
2697 5359 2762 5401 ex
2793 5346 2859 5400 iis
2883 5359 3001 5416 quae
3030 5341 3312 5413 publicano
3340 5347 3633 5393 evenerunt
3655 5380 3671 5402 ,

2097 5436 2304 5492 Domini
2349 5435 2730 5507 benignitatem
2772 5446 3069 5504 cognoscas
3096 5449 3110 5486 :
3135 5446 3200 5485 ex
3231 5428 3296 5484 iis
3321 5438 3528 5494 autem,
3559 5441 3678 5498 qum

2097 5526 2244 5584 lsaac
2293 5536 2622 5594 evenerunt,
2669 5525 2979 5597 patientiam
3025 5523 3164 5578 servi
3214 5533 3541 5591 cognoscas,
3586 5518 3675 5589 qui

2099 5619 2250 5676 tarde
2271 5619 2476 5689 accepit
2499 5661 2514 5686 ,
2540 5627 2596 5675 et
2623 5617 2833 5690 precari
2859 5631 2968 5672 non
2985 5613 3221 5676 destitit;
3249 5621 3306 5666 ut
3334 5610 3459 5665 licet
3485 5623 3677 5682 pecca‘

2101 5721 2185 5770 tor
2211 5711 2286 5768 sis
2305 5752 2322 5780 ,
2352 5726 2460 5768 non
2486 5710 2742 5784 desperes
2767 5727 2782 5766 :
2806 5709 2931 5766 licet
2947 5705 3125 5779 justus
3143 5703 3254 5770 sis,
3285 5715 3392 5758 non
3417 5699 3676 5756 efferari!-
