4082 6212
427 242 553 300 ’τίϐτ

453 359 570 415 Non
595 369 670 416 est
698 378 824 426 opus
861 361 1146 417 valentibus
1189 363 1381 418 medico
1401 404 1417 428 ,
1448 363 1539 418 sed
1563 362 1696 418 male
1735 361 2029 416 habentibus

449 449 665 521 (Matth.
689 451 743 506 9.
777 451 890 522 η).
931 452 1068 508 Male
1107 451 1338 507 habebat
1378 453 1723 522 publicanus;
1754 463 2034 523 propterea

449 542 558 597 cito
585 557 803 597 manum
830 541 903 598 illi
930 543 1202 612 porrexit:
1234 544 1378 598 lsaac
1399 553 1576 600 autem
1602 543 1873 600 robustior
1896 553 2032 610 erat;

452 641 734 703 propterea
760 633 975 703 reliquit
997 634 1194 704 ipsum,
1226 643 1284 689 ut
1305 636 1612 704 patientiam
1651 635 1767 704 ejus
1795 644 2034 705 augeret.

451 724 558 780 Sed
587 724 704 780 haec
732 725 947 796 quidem
975 742 1038 782 ex
1055 727 1344 784 abundanti
1367 744 1396 781 a
1425 729 1580 784 nobis
1605 728 1714 783 sint
1741 728 1906 783 dicta.
1930 727 2036 782 Cur

448 827 628 872 autem
656 831 792 872 uxor
819 819 1023 878 sterilis
1051 828 1212 884 esset,
1235 835 1411 890 operae
1437 821 1665 890 pretium
1695 820 1854 876 fuerit
1883 833 2039 874 enar-

449 920 573 962 rare
601 924 614 961 :
647 915 724 974 ut,
755 922 878 964 cum
905 909 1166 981 virginem
1195 910 1393 967 videris
1415 910 1607 966 iactam
1637 926 1759 967 esse
1785 920 2033 979 matrem,

449 997 672 1053 credere
699 1014 806 1055 non
852 1015 1109 1056 recuses:
1140 1009 1218 1068 ut,
1252 1017 1374 1056 cum
1401 1001 1595 1057 dixerit
1638 1003 1732 1058 tibi
1771 1001 2034 1070 Juda-us,

451 1083 567 1152 Quo
591 1097 751 1157 pacto
779 1091 986 1160 peperit
1013 1091 1218 1146 Maria?
1241 1092 1390 1147 dicas
1421 1092 1518 1156 illi,
1543 1093 1658 1161 Quo
1689 1104 1844 1164 pacto
1871 1108 2036 1164 pepe-

457 1178 529 1231 rit
554 1177 736 1246 Sarra,
762 1189 816 1235 et
843 1180 1107 1249 Rebecca,
1130 1193 1186 1238 et
1209 1182 1444 1240 Rachel?
1468 1183 1600 1239 Cum
1625 1186 1767 1240 enim
1795 1185 2039 1240 mirabile

453 1270 722 1339 quidpiam
753 1287 1118 1342 magnumque
1143 1275 1302 1330 fuerit
1326 1285 1663 1339 eventurum,
1694 1277 1876 1332 multm
1903 1293 2039 1348 pra:-

453 1371 676 1416 currunt
719 1361 925 1432 ﬁgurae.
946 1364 1010 1419 Et
1030 1367 1477 1436 quemadmodum
1495 1384 1615 1422 cum
1639 1368 1931 1439 Imperator
1951 1369 2037 1424 in-

452 1441 1080 1522 greditur,.prmcurrunt
1102 1458 1300 1514 milites
1321 1501 1336 1524 ,
1376 1474 1445 1514 ne
1475 1460 1650 1514 subito
1675 1460 1743 1515 ab
1769 1461 2040 1530 imparatis

449 1540 751 1612 excipiatur
767 1561 779 1594 :
793 1543 864 1598 ita
876 1559 995 1600 cum
1009 1546 1280 1603 insolitum
1297 1548 1528 1605 futurum
1542 1559 1686 1606 esset
1701 1551 2035 1617 miraculum,

455 1629 765 1695 prmeedunt
790 1629 994 1701 ﬁgurae,
1019 1641 1073 1688 ut
1102 1649 1200 1689 nos
1225 1635 1374 1705 prius
1400 1636 1676 1692 exercitati
1705 1651 1769 1692 ac
1795 1637 2038 1708 dispositi

459 1732 560 1771 non
584 1720 762 1776 subito
782 1723 1002 1778 attoniti
1030 1723 1346 1793 haereamus,
1372 1743 1470 1783 nec
1489 1729 1574 1783 rei
1594 1737 1791 1799 praeter
1813 1743 2038 1800 exSpec-

456 1810 713 1867 tationem
747 1814 876 1869 visa:
899 1816 1068 1870 territi
1087 1819 1328 1873 «novitate
1363 1820 1824 1890 obstupescamus.
1845 1822 1958 1876 Hoc
1987 1829 2042 1877 et

453 1899 507 1954 in
535 1915 727 1958 morte.
754 1904 1041 1962 Praecessit
1064 1907 1246 1975 Jonas,
1275 1920 1330 1966 et
1359 1920 1593 1967 mentem
1621 1921 1860 1968 nostram
1886 1928 2041 1968 exer-

453 1992 585 2048 cuit.
618 1993 684 2049 Ut
699 1996 840 2050 enim
862 1997 1014 2053 illum
1041 2010 1165 2070 post
1185 2011 1296 2057 tres
1321 2002 1436 2058 dies
1457 2012 1606 2060 cetus
1625 2005 1890 2074 evomuit,
1916 2019 2039 2061 cum

453 2082 507 2136 in
539 2099 603 2139 eo
631 2088 903 2156 proprium
925 2098 992 2144 et.
1003 2092 1328 2149 conveniens
1348 2110 1465 2149 non
1493 2097 1782 2166 reperisset
1818 2097 2042 2153 alimen-

455 2181 565 2227 tum
596 2190 610 2228 :
642 2177 1586 2256 proprium—quippeconveniensque
1602 2187 1793 2243 mortis
1812 2187 2039 2245 alimen-

455 2273 566 2319 tum
609 2275 692 2322 est
721 2271 924 2339 peccati
959 2281 1203 2330 natura:
1245 2275 1368 2332 inde
1396 2286 1519 2334 nata
1557 2287 1673 2347 est,
1703 2279 1828 2337 inde
1855 2295 2042 2336 corro-

457 2357 639 2413 b0rata
670 2371 782 2424 est,
812 2361 936 2418 inde
959 2365 1120 2419 etiam
1163 2367 1343 2422 alitur.
1367 2368 1446 2426 θυι
1479 2369 1646 2440 igitur
1684 2372 1740 2426 in
1781 2373 1932 2428 nobis
1955 2413 1970 2439 ,
1997 2373 2043 2428 si

453 2449 666 2518 quando
689 2449 918 2522 lapidem
947 2452 1319 2526 deglutivimus
1355 2459 1718 2530 imprudentes
1739 2504 1756 2531 ,
1781 2472 1891 2519 tum
1921 2465 2044 2535 qui-

455 2538 577 2594 dem
605 2541 836 2610 primum
863 2543 1010 2599 illum
1035 2547 1113 2602 vis
1142 2551 1406 2605 stomachi
1434 2567 1771 2624 concoquere
1793 2555 2043 2625 aggredi-

455 2629 543 2684 tur
573 2648 587 2685 :
617 2646 737 2686 cum
767 2648 896 2689 vero
931 2635 1110 2692 cibum
1152 2640 1376 2695 minime
1399 2642 1500 2697 sibi
1525 2643 1798 2713 proprium
1821 2659 2043 2716 compe-

457 2722 606 2788 rerit,
635 2723 721 2778 ubi
754 2724 952 2781 diutius
969 2729 1073 2782 vim
1095 2733 1629 2802 suamsconcoquendi
1659 2735 1734 2790 illi
1762 2736 2041 2808 applicuit,

457 2826 562 2866 non
590 2813 738 2868 illum
757 2817 1073 2888 corrumpit,
1100 2819 1195 2876 sed
1225 2822 1470 2878 virtutem
1497 2839 1646 2880 suam
1679 2827 1884 2896 perdit:
1905 2827 2046 2886 unde

457 2919 557 2960 nec
599 2907 828 2975 priorem
859 2909 1034 2964 cibum
1057 2921 1230 2982 potest
1249 2915 1544 2984 continere,
1567 2917 1662 2972 sed
1691 2917 1900 2976 defessa
1924 2936 2044 2977 cum

458 2997 576 3066 ipso
621 3000 768 3056 illum
795 3017 1006 3075 quoque
1032 3019 1139 3061 non
1165 3006 1280 3062 sine
1308 3009 1453 3078 gravi
1484 3009 1670 3066 dolore
1709 3013 1906 3068 evomit
1933 3032 1949 3068 :
1972 3015 2045 3070 ita

455 3106 670 3165 quoque
697 3095 752 3150 in
774 3106 946 3154 morte
965 3100 1174 3156 accidit.
1201 3101 1457 3172 Lapidem
1487 3105 1794 3175 angularem
1818 3105 2047 3177 dcgluti-

459 3185 554 3250 vit,
587 3201 759 3257 neque
785 3203 1120 3260 concoquere
1145 3192 1316 3262 ipsum
1339 3196 1526 3264 potuit;
1550 3197 1724 3253 omnis
1747 3203 1864 3268 ejus
1879 3199 2046 3254 virtus

445 3277 733 3349 elanguit:
761 3291 1041 3352 propterea
1074 3300 1194 3340 cum
1225 3285 1340 3356 ipso
1379 3288 1640 3359 reliquum
1687 3305 1846 3360 quem
1874 3289 2044 3348 habe-

458 3368 548 3423 bat
572 3370 749 3426 cibum
771 3373 929 3443 ejecit
951 3415 968 3441 ,
1001 3375 1126 3430 dum
1151 3378 1424 3432 hominum
1454 3387 1696 3434 naturam
1723 3382 1883 3437 simul
1913 3398 2043 3438 evo-

453 3461 834 3534 muit.-Neque
879 3467 1021 3521 enim
1067 3467 1323 3540 deinceps
1369 3471 1511 3526 illam
1564 3471 1618 3527 in
1646 3472 1806 3529 ﬁnem
1847 3477 2045 3545 poterit

457 3554 1062 3626 continereaPropterea
1085 3561 1292 3616 steriles
1309 3579 1520 3631 quoque
1549 3576 1956 3634 prmcesscruut,
1988 3576 2043 3622 ιιι

457 3643 620 3698 etiam
649 3654 829 3715 partus
856 3648 987 3703 ﬁdes
1014 3649 1182 3717 ﬁeret;
1201 3652 1283 3706 vel
1311 3654 1487 3722 potius
1514 3669 1620 3709 non
1648 3655 1807 3711 modo
1832 3665 1887 3710 ιιι
1913 3657 2044 3713 fides

451 3743 646 3802 partus
670 3736 859 3804 ﬁeret;
882 3740 1040 3796 sedsi
1068 3751 1254 3798 exacte
1277 3745 1584 3800 examinare
1602 3746 1848 3812 velimus,
1880 3747 2044 3818 ipsius

459 3827 618 3882 etiam
665 3831 848 3886 mortis
877 3832 1096 3903 ﬁguram
1130 3836 1468 3892 sterilitatem
1501 3837 1661 3895 fuisse
1693 3841 2040 3911 reperiemus.

530 3919 584 3973 4.
626 3919 734 3976 Sed
782 3925 1040 3980 attendite
1079 3941 1092 3980 :
1133 3927 1326 3983 subtile
1356 3944 1586 4000 namque
1615 3939 1698 3986 est
1721 3932 1863 4002 quod
1891 3933 2042 3988 dice-

455 4025 580 4067 tnus
609 4030 622 4066 :
651 4015 849 4086 quippe
875 4016 1064 4074 dicturi
1097 4035 1282 4076 sumus
1323 4037 1429 4091 quo
1449 4033 1610 4092 .pacto
1645 4024 1712 4078 ad
1762 4025 1920 4081 ﬁdem
1957 4042 2044 4082 re-

451 4106 811 4160 surreclionis
851 4123 949 4163 nos
994 4109 1131 4165 uteri
1173 4109 1348 4167 Sarra:
1388 4113 1642 4168 sterilitas
1683 4116 1832 4184 quasi
1883 4132 2041 4172 manu

462 4197 642 4254 ducat.
668 4198 908 4265 Quonam
937 4201 1095 4270 igitur
1120 4212 1275 4272 pacto
1294 4219 1453 4258 manu
1476 4204 1659 4259 ducit?
1687 4206 2044 4274 Quemadmo-

460 4289 586 4342 dum
605 4289 698 4344 illa
725 4305 844 4345 cum
871 4301 1014 4347 esset
1039 4303 1248 4348 mortua
1265 4294 1639 4352 heueﬁcioDei
1664 4298 1912 4352 suscitata
1937 4311 2038 4368 est,

461 4389 515 4433 et
552 4379 714 4436 Isaaci
761 4397 958 4454 corpus
999 4384 1180 4439 vivum
1202 4387 1528 4456 germinavit
1566 4406 1579 4442 :
1621 4389 1698 4444 sic
1736 4405 1855 4443 cum
1900 4402 2043 4447 esset

463 4481 706 4529 mortuus
749 4474 1014 4542 Christus,
1045 4478 1256 4546 propria
1291 4478 1486 4534 virtute
1516 4483 1828 4537 resurrexit.
1858 4483 2044 4554 Neque

427 4610 429 4613 .
467 4564 750 4620 violentam
775 4580 895 4622 esse
925 4576 1160 4622 nostram
1217 4571 1625 4639 expositionem,
1657 4573 1790 4628 .audi
1821 4590 1921 4645 qua
1943 4593 2041 4631 ra-

467 4654 614 4709 tione
642 4655 837 4710 Paulus
861 4665 1104 4712 testetur.
1132 4656 1264 4714 Cum
1295 4661 1437 4716 enim
1461 4662 1530 4718 de
1551 4663 1855 4720 Abrahamo
1881 4666 2045 4722 dixis-

465 4755 548 4800 set
577 4762 591 4799 :
626 4745 748 4801 Non
784 4750 1116 4804 consideravit
1161 4762 1439 4808 emortuam
1465 4755 1678 4812 uuluam
1720 4758 1916 4826 Sarrae,
1956 4761 2045 4816 sed

449 4841 783 4910 confortatus
803 4853 874 4894 est
894 4841 996 4910 ﬁde
1011 4843 1138 4898 dans
1159 4843 1374 4914 gloriam
1394 4845 1521 4912 Deo,
1552 4848 1842 4917 plenissime
1859 4852 2042 4921 sciens,

448 4931 592 4998 quia
607 4946 935 5002 quaecumque
954 4935 1200 5002 promisit,
1230 4944 1405 5005 potens
1433 4946 1507 4992 est
1533 4947 1581 4992 et
1601 4939 1964 5013 facere-(Rom.
1988 4944 2041 4998 4.

469 5021 664 5094 19-2!)
695 5021 840 5078 :boc
859 5031 979 5091 est,
1007 5023 1223 5080 efﬁcere
1265 5034 1324 5080 ut
1377 5041 1454 5092 ex,
1485 5029 1796 5100 corporibus
1822 5033 2046 5086 mortuis

453 5113 795 5168 -ﬁlius~vivus
817 5123 1136 5171 enascatur;
1157 5114 1354 5170 deinde
1379 5116 1446 5172 ab
1467 5117 1555 5172 illa
1583 5118 1706 5185 ﬁde,
1735 5119 1878 5174 utad
1907 5120 2046 5176 hanc

455 5220 569 5261 nos
597 5205 904 5273 deduceret,
927 5205 1121 5277 adjecit
1151 5224 1166 5263 :
1199 5206 1421 5262 Nonest
1445 5209 1688 5278 scriptum
1712 5219 1907 5264 tantum
1927 5228 2046 5282 pro-

475 5307 587 5370 pter
609 5297 797 5371 ipsum,
817 5299 936 5369 quia
960 5308 1245 5370 reputatum
1281 5309 1356 5354 est
1393 5299 1516 5354 illi:
1543 5301 1631 5355 sed
1659 5311 1707 5355 et
1727 5311 1933 5370 prapter
1955 5319 2048 5357 nos

478 5391 652 5453 (Rom.
703 5391 760 5446 4.
787 5391 878 5446 25.
908 5391 1025 5462 24).
1065 5391 1148 5447 Ad
1183 5391 1346 5462 quid?
1378 5391 1570 5458 Quibus
1603 5393 1932 5465 reputabitur,
1963 5394 2046 5449 ἰιι-

456 5483 606 5551 ιιιιιὶι,
638 5481 951 5537 credentibus
975 5483 1029 5536 in
1057 5499 1192 5552 eum,
1232 5484 1319 5554 qui
1351 5484 1611 5539 suscitauit
1647 5482 1824 5539 Jesum
1864 5484 2045 5539 Domi-

459 5589 599 5626 mum
639 5585 865 5628 nostrum
893 5592 925 5628 a
948 5575 1179 5630 mortuis.
1223 5574 1377 5644 Quod
1410 5585 1586 5631 autem
1616 5575 1768 5640 dicit,
1794 5584 1877 5631 est
1901 5575 2045 5647 ejus-

463 5663 650 5720 modi.
681 5663 916 5722 Isaacum
944 5681 1012 5723 ex
1037 5667 1261 5725 mortuis
1307 5666 1620 5739 corporibus
1645 5667 1896 5725 excitavit
1928 5686 1940 5724 :
1971 5669 2049 5727 sic

1193 243 1251 300 S.
1289 242 1568 300 JOANN'lS
1606 238 2080 300 CllRYSOSTOlll
2117 239 2440 298 ARCHIEP.
2470 244 3007 306 CONSTANTINOP.

3606 256 3715 316 368

2148 361 2309 415 etiam
2341 360 2529 416 Filium
2559 379 2713 419 suum
2735 365 2824 433 qui
2850 375 3090 420 mortuus
3109 374 3229 422 erat
3245 366 3546 422 suscitavit.
3562 367 3722 426 Visne

2139 451 2359 506 alterius
2386 453 2545 506 etiam
2578 455 2654 508 rei
2700 455 2998 524 symbolum
3046 455 3210 512 fuisse
3255 457 3589 514 sterilitatem
3633 476 3722 515 eo-

2144 544 2444 611 guoscere?
2472 544 2863 600 Multitudincm
2892 546 3125 600 ﬁdeliutu
3158 547 3526 616 parituraerat
3551 549 3725 605 Eccle-

2140 633 2216 686 sia
2254 647 2271 688 :
2303 642 2360 686 ut
2404 633 2562 703 igitur
2600 635 2824 689 credere
2862 637 3084 691 minime
3131 650 3408 692 recusares
3437 652 3544 707 quo
3572 651 3722 708 pacto

2143 720 2445 787 infecunda,
2492 724 2823 794 infrugifcra,
2871 726 3067 783 sterilis
3112 727 3426 798 peperisset,
3455 733 3724 799 prtecessit

2141 827 2226 878 ea,
2271 831 2389 884 quae
2430 826 2614 870 natura
2658 818 2858 872 sterilis
2903 827 3018 873 erat
3046 836 3060 871 :
3092 833 3210 888 quae
3259 817 3431 879 sterili
3468 821 3722 876 voluntati

2143 905 2280 959 viam
2305 909 2671 976 praemuniret,
2701 919 2753 964 et
2777 909 2936 965 Sarra
2980 909 3119 965 facta
3147 921 3229 966 est
3255 911 3506 966 Ecclesia:
3536 911 3716 982 ﬁgura.

2143 995 2276 1051 Nam
2302 1008 2357 1052 ut
2379 998 2469 1053 illa
2500 1015 2622 1054 cum
2655 1001 2858 1055 sterilis
2887 1010 3050 1068 esset,
3073 1003 3278 1072 peperit
3307 1001 3359 1056 iu
3382 1013 3595 1057 senecta
3616 1021 3629 1056 :
3649 1019 3725 1058 διο

2143 1097 2198 1144 et
2223 1090 2322 1144 ista
2355 1105 2474 1144 cum
2507 1092 2706 1146 sterilis
2732 1101 2895 1159 esset,
2943 1092 3245 1147 novissimis
3283 1094 3608 1162 temporibus
3634 1110 3724 1164 pc-

2142 1181 2299 1250 perit.
2331 1182 2505 1252 Atque
2529 1181 2629 1237 hoc
2655 1198 2837 1238 verum
2866 1197 3007 1247 esse,
3036 1198 3142 1253 quo
3167 1191 3321 1252 pacto
3349 1183 3542 1238 Paulus
3559 1192 3718 1239 teste-

2144 1281 2230 1329 tur
2257 1273 2380 1328 audi
2410 1291 2424 1327 :
2460 1272 2572 1328 Nos
2614 1285 2784 1328 autem
2809 1291 2988 1328 sumus
3015 1274 3184 1328 liberte
3210 1275 3306 1343 ﬁlii
3347 1271 3485 1343 (Gal.
3519 1274 3570 1328 4.
3603 1271 3709 1345 3|).

2142 1363 2276 1420 Cum
2308 1365 2450 1420 enim
2486 1365 2652 1435 ﬁgura
2683 1368 2753 1420 sit
2781 1365 3035 1421 Ecclesia:
3063 1363 3244 1432 Sarra,
3276 1380 3395 1434 qua:
3433 1364 3593 1419 Libera
3619 1374 3720 1430 est,

2143 1457 2342 1513 idcirco
2383 1456 2603 1523 addidit,
2653 1473 2750 1513 nos
2789 1458 2970 1512 libera:
3021 1457 3159 1512 ﬁlios
3203 1472 3341 1512 esse.
3387 1456 3456 1511 Et
3495 1472 3719 1512 rursus:

2143 1545 2346 1617 Itaque,
2371 1550 2573 1619 fratres,
2596 1547 2874 1602 secundum
2893 1545 3045 1601 Isaac
3072 1547 3417 1617 promissionis
3437 1546 3534 1616 ﬁlii
3555 1563 3725 1600 sumus

2149 1637 2290 1710 (Gal.
2322 1641 2375 1694 4.
2416 1639 2530 1710 28).
2570 1639 2709 1708 Quid
2747 1648 2830 1694 est
2870 1639 2991 1705 hoc,
3038 1639 3400 1694 Promissionis
3459 1640 3483 1693 .7
3531 1639 3725 1706 Quem-

2143 1728 2436 1784 admodum
2481 1729 2630 1784 illum
2675 1739 2865 1784 natura
2917 1744 3021 1784 non
3072 1730 3298 1800 peperit,
3328 1730 3406 1784 sic
3435 1745 3605 1800 neque
3631 1745 3726 1784 nos

2144 1829 2332 1876 natura
2358 1821 2585 1890 peperit,
2617 1821 2709 1876 sed
2727 1820 2892 1892 gratia
2918 1820 3033 1876 Dei.
3066 1821 3132 1875 Et
3158 1834 3346 1875 rursus
3372 1838 3386 1874 :
3413 1820 3542 1885 Qua:
3560 1829 3726 1874 autent

2143 1926 2346 1964 sursum
2376 1919 2449 1965 est
2478 1909 2767 1964 Jerusalem
2817 1910 2972 1964 libera
3007 1920 3101 1977 est,
3132 1926 3245 1981 qua:
3271 1920 3343 1964 est
3375 1919 3534 1963 mater
3558 1918 3729 1964 nostra

2146 1997 2291 2070 (Gal.
2321 2002 2375 2055 4.
2440 1999 2578 2072 26),
2631 2000 2748 2056 lucc
2791 2011 2874 2056 est
2913 2011 3091 2076 autem
3139 2001 3399 2056 Ecclesia.
3441 2001 3727 2055 Accessistis

2145 2107 2282 2146 enim
2305 2093 2374 2145 ad
2400 2093 2529 2148 Sion
2551 2103 2790 2158 montem,
2819 2094 3011 2164 inquit,
3039 2105 3086 2148 et
3109 2094 3361 2148 civitatem
3384 2094 3477 2148 Dei
3493 2094 3720 2158 uirentis,

2146 2181 2436 2237 Jerusalem
2461 2184 2729 2251 caelestem,
2753 2193 2803 2238 et
2836 2181 3116 2240 Ecclesium
3147 2185 3510 2255 primitivorum
3535 2183 3723 2254 (Hebr.

2149 2273 2238 2329 i2.
2269 2273 2388 2344 9.2).
2417 2275 2473 2330 Si
2499 2289 2629 2345 ergo
2654 2290 2886 2345 superna
2908 2275 3203 2332 Jerusalem
3223 2287 3306 2332 est
3329 2275 3588 2341 Ecclesia,
3613 2289 3729 2344 por-

2149 2380 2212 2422 ro
2240 2364 2539 2420 Jerusalem
2567 2381 2816 2436 superate
2860 2366 3027 2437 ﬁgura
3067 2375 3153 2422 est
3180 2367 3362 2433 Sarra,
3386 2379 3548 2438 prout
3569 2365 3728 2430 dixit,

2152 2453 2281 2509 Date
2301 2465 2442 2520 sunt,
2465 2472 2574 2510 una
2602 2457 2805 2527 quidem
2836 2457 2890 2511 in
2933 2458 3222 2512 servitutem
3237 2474 3503 2529 generatis,
3518 2471 3636 2528 qua
3657 2466 3730 2510 est

2147 2547 2288 2618 Agar
2307 2565 2327 2602 :
2349 2564 2463 2618 qua:
2491 2558 2660 2603 autem
2686 2566 2887 2605 sursum
2908 2559 2981 2604 est
3006 2550 3298 2605 Jerusalem
3324 2550 3482 2604 libera
3503 2559 3592 2614 est,
3619 2563 3730 2618 qua

2149 2646 2221 2692 est
2248 2648 2410 2692 mater
2431 2650 2606 2694 nostra
2634 2640 2778 2705 (Gal.
2812 2643 2865 2696 4.
2896 2641 3085 2713 24-26,)
3112 2661 3127 2698 :
3180 2642 3519 2697 manifestum
3546 2640 3729 2696 cstJe-

2149 2729 2402 2796 rusalem,
2435 2746 2554 2802 qua:
2583 2746 2794 2787 sursum
2833 2742 2940 2800 est,
2969 2733 3192 2804 ﬁguram
3227 2748 3348 2790 esse
3378 2732 3588 2790 Sarram
3628 2731 3726 2786 ha-

2148 2822 2259 2878 bita
2289 2823 2495 2880 ratione
2518 2833 2706 2894 partus
2735 2839 2797 2880 ac
2817 2824 3133 2881 sterilitatis.

2227 2914 2284 2970 5.
2326 2914 2452 2969 Scio
2477 2914 2754 2969 subtiliora
2784 2929 2905 2970 esse
2929 2931 3046 2985 qutc
3067 2914 3299 2970 diximus
3322 2913 3454 2970 :sod
3483 2913 3528 2969 si
3554 2922 3720 2967 atten-

2149 3003 2358 3073 damus,
2389 3004 2520 3059 nihil
2555 3020 2740 3060 eorum
2780 3021 2876 3061 nos
2904 3006 3137 3077 etiugiet,
3187 3021 3306 3076 quae
3342 3005 3612 3061 dicuntur.
3646 3005 3710 3060 lli

2149 3112 2278 3168 ergo
2303 3097 2569 3167 pleniores
2589 3098 2960 3169 mysteriorum
2991 3107 3113 3153 sunt
3159 3097 3570 3169 dogmatumque
3596 3113 3711 3154 sero

2152 3204 2374 3245 mones:
2401 3191 2493 3245 sed
2523 3191 2568 3244 si
2589 3190 2737 3245 lubet
2762 3190 3299 3246 accommodatiorem
3321 3190 3386 3246 ad
3414 3205 3590 3247 mores
3609 3206 3731 3246 cum
3833 3232 3840 3240 .

2152 3281 2257 3336 illis
2279 3280 2631 3351 proferemus.
2659 3281 2872 3337 Stcrilis
2895 3290 3013 3336 erat
3035 3297 3188 3348 uxor,
3218 3291 3276 3336 ut
3303 3283 3595 3338 castitatem
3619 3298 3731 3334 ma-

2151 3373 2238 3427 riti
2265 3387 2594 3444 cognoscas:
2620 3372 2760 3442 quod
2783 3388 2881 3428 nec
2907 3373 3047 3427 illam
3077 3373 3359 3442 expulerit,
3390 3373 3595 3428 tametsi
3621 3383 3732 3428 tum

2149 3469 2204 3524 id
2233 3469 2317 3523 lex
2347 3469 2490 3522 nulla
2523 3467 2853 3538 prohiberet,
2887 3483 3058 3535 neque
3087 3467 3304 3522 alteram
3333 3467 3543 3520 ductam
3583 3481 3734 3535 prae-

2151 3566 2234 3613 ter
2277 3556 2496 3612 liberam
2541 3555 2831 3611 introduxit
2867 3573 2880 3610 :
2910 3556 3053 3627 quod
3118 3566 3291 3610 tatnen
3334 3554 3532 3610 faciunt
3571 3554 3728 3609 multi

2149 3647 2559 3720 qumrendorum
2599 3647 2778 3717 specie
2823 3645 3137 3711 liberorum,
3182 3655 3236 3698 ut
3271 3628 3730 3698 luxuriam'suam
3777 3693 3780 3695 Α

2157 3742 2426 3811 expleant,
2460 3749 2514 3794 et
2542 3739 2638 3793 has
2667 3738 2902 3809 ejiciunt,
2938 3738 3054 3792 illas
3082 3736 3451 3793 introducunt:
3480 3736 3570 3789 alii
3595 3751 3734 3806 quo-

2149 3848 2251 3903 que
2281 3833 2496 3903 pelliccs
2522 3832 2574 3886 in
2595 3846 2693 3887 eas
2722 3837 2951 3896 armant,
2975 3837 3028 3884 et
3059 3829 3279 3884 inﬁnitis
3299 3829 3485 3899 pugnis
3508 3842 3574 3882 ac
3598 3829 3734 3883 rixis

2149 3924 2337 3980 domos
2368 3924 2654 3993 complent.
2681 3925 2750 3977 At
2775 3937 2879 3977 non
2912 3923 2981 3976 ita
3016 3922 3190 3991 justus
3217 3922 3305 3976 ille
3337 3938 3351 3975 :
3378 3921 3474 3976 sed
3502 3921 3718 3990 quietus

2151 4025 2267 4071 erat
2290 4015 2412 4068 data
2441 4014 2542 4068 sibi
2574 4028 2603 4066 a
2636 4013 2744 4067 Deo
2769 4028 2932 4066 uxore
2959 4021 3261 4079 contentus,
3299 4027 3362 4066 ac
3391 4019 3594 4066 natura:
3621 4011 3734 4065 Do-

2149 4107 2350 4160 minum
2374 4104 2708 4175 precabatur,
2735 4112 2790 4156 ut
2821 4112 3021 4158 natura:
3042 4103 3249 4157 vincula
3280 4102 3532 4166 solveret,
3556 4116 3736 4169 neque

2149 4195 2301 4250 uxori
2324 4193 2682 4264 exprobravit.
2710 4191 2864 4248 Unde
2888 4208 3016 4248 vero
3042 4200 3247 4247 conSIat
3270 4207 3390 4246 eum
3411 4207 3516 4246 non
3533 4206 3734 4262 expro-

2151 4287 2376 4342 brassc?
2417 4286 2495 4341 Ex
2519 4285 2632 4356 ipsa
2661 4284 2956 4355 Scriptura.
2982 4285 3036 4340 Si
3057 4283 3452 4355 exprobrasset,
3477 4283 3577 4338 hoc
3596 4300 3736 4354 quo-

2148 4394 2252 4447 que
2288 4378 2558 4448 Scriptura
2581 4376 2823 4442 dixisset,
2850 4392 3023 4447 neque
3061 4377 3311 4432 tacuisset
3336 4393 3350 4430 :
3379 4376 3643 4446 siquidem
3677 4385 3736 4430 et

2147 4473 2402 4544 prmclara
2435 4471 2690 4538 facinora,
2719 4479 2774 4526 et
2803 4471 2927 4525 vitia
2947 4471 3216 4541 justorum
3244 4477 3646 4534 commemorat,
3675 4478 3740 4522 ut

2150 4565 2266 4621 haec
2295 4565 2579 4636 fugiamus,
2605 4565 2690 4619 illa
2722 4564 3056 4640 aemulemur.
3077 4564 3211 4618 Cum
3230 4563 3386 4633 igitur
3403 4561 3541 4630 apud
3562 4561 3736 4614 filium

2149 4658 2264 4728 ejus
2293 4673 2455 4712 nurus
2485 4657 2653 4726 ipsius
2681 4655 2881 4710 Rachel
2911 4654 3312 4718 lamentaretur,
3352 4662 3406 4707 et
3432 4652 3517 4707 ille
3541 4651 3736 4721 objur-

2149 4758 2318 4819 garet,
2339 4747 2610 4818 expressit
2625 4756 2928 4816 utrumque,
2958 4760 3056 4800 nec
3075 4745 3268 4800 celavit
3283 4742 3573 4815 Scriptura.
3594 4744 3735 4796 Cum

2150 4842 2291 4896 enim
2317 4841 2540 4896 dixisset
2568 4837 2686 4893 :Da
2709 4839 2838 4892 mihi
2859 4838 3040 4893 liberos
3061 4837 3140 4891 :si
3164 4846 3330 4890 autem
3349 4852 3472 4900 non,
3499 4834 3695 4886 moriar
3718 4850 3738 4886 :

2149 4935 2275 5004 quid
2297 4935 2387 4990 ille
2411 4935 2520 4988 ait?
2544 4932 2806 5003 Numquid
2833 4930 2973 4985 Deus
3002 4946 3112 5002 ego,
3141 4929 3228 5000 qui
3255 4928 3463 4998 priuauit
3489 4936 3536 4979 te
3559 4930 3738 4996 {ructu

2149 5025 2371 5081 uentris?
2419 5023 2499 5077 Da
2540 5023 2662 5077 mihi
2708 5022 2889 5077 liberos
2944 5020 3093 5091 (Gen.
3123 5019 3212 5075 30.
3247 5018 3299 5072 1.
3338 5016 3418 5088 2).
3446 5015 3727 5070 Muliebris

2153 5115 2453 5186 postulatio,
2479 5123 2534 5170 et
2561 5131 2590 5170 a
2621 5115 2826 5170 ratione
2855 5113 3048 5168 aliena.
3088 5109 3278 5165 Marito
3303 5107 3461 5174 dicis,
3495 5105 3577 5160 Da
3601 5107 3733 5160 mihi

2151 5206 2352 5273 liberos,
2375 5214 2430 5261 et
2457 5215 2660 5260 natura:
2686 5204 2969 5259 Dominum
3015 5198 3416 5272 praetermittis?
3446 5196 3649 5251 Idcirco
3680 5205 3738 5250 et

2143 5301 2242 5356 ille
2260 5315 2386 5355 cum
2409 5298 2549 5354 illam
2572 5296 2898 5368 increpando
2919 5292 3301 5364 respondisset,
3317 5287 3600 5345 absurdam
3615 5288 3737 5357 ejus

2153 5392 2460 5462 petitionem
2479 5390 2760 5460 repressit,
2783 5397 2838 5443 et
2855 5403 2885 5440 a
2905 5402 3010 5458 quo
3027 5384 3312 5457 petendum
3326 5389 3472 5439 esset
3489 5379 3733 5436 edocuit.

2152 5486 2223 5540 At
2257 5498 2362 5539 non
2405 5483 2476 5536 ita
2506 5481 2629 5545 iste,
2655 5493 2830 5550 neque
2860 5478 2963 5534 tale
2997 5475 3286 5548 quidquam
3319 5474 3434 5543 ipse
3460 5471 3614 5538 dixit,
3646 5483 3736 5525 no-

2153 5593 2255 5648 que
2280 5574 2420 5646 apud
2444 5575 2602 5629 istum
2629 5572 2714 5627 illa
2741 5576 3030 5641 conquesta
3049 5577 3133 5625 est
3159 5575 3249 5622 aut
3269 5565 3582 5620 lamentata.

2234 5667 2370 5738 Quid
2399 5666 2639 5740 prtedicta
2654 5681 2744 5721 nos
2767 5665 2995 5720 doceant.
3019 5662 3063 5717 Α
3088 5659 3337 5731 veneﬁciis
3351 5669 3506 5724 atque
3521 5650 3740 5723 praesti-
