4082 6212
416 372 523 432 δϐῦ

417 474 516 541 giis
561 470 940 526 declinandum.
973 469 1222 542 Conjuges
1245 472 1528 527 seineicens
1568 472 1785 541 diligant
1809 487 2004 527 necesse

421 564 730 620 est—Hinc
764 563 1065 619 castitatem
1089 564 1349 622 docemur.
1387 566 1556 620 simul
1579 576 1632 622 et
1664 566 1846 621 ﬁdem.
1871 565 2003 621 Nam

421 674 544 714 cum
595 659 762 713 Deum
803 667 1071 728 precetur,
1113 659 1270 714 fidem
1312 660 1428 730 ejus
1471 660 1573 715 hoc
1608 661 1805 715 indicat
1836 677 1850 712 :
1881 673 2004 712 eum

429 765 558 805 vero
587 764 924 820 nequaquam
953 766 1173 807 uxorem
1204 752 1403 821 ejiciat,
1452 752 1504 806 id
1527 753 1644 822 ejus
1672 751 2006 805 manifestam

425 841 601 897 reddit
628 842 926 897 castitatem
961 861 976 897 :
1009 859 1131 899 cum
1167 853 1344 908 autem
1372 861 1478 899 non
1503 844 1809 914 exprobret,
1834 856 2006 913 neque

423 932 696 1001 desperet,
729 932 784 988 id
810 934 1122 1003 patientiam
1153 935 1270 1004 ejus
1295 944 1351 990 et
1378 935 1541 989 animi
1566 933 2004 998 moderationem,

424 1023 752 1093 multamque
777 1024 1092 1080 modestiam
1117 1034 1172 1080 et
1191 1040 1428 1080 amorem
1450 1040 1572 1096 erga
1593 1039 1816 1081 uxorem,
1837 1032 2010 1076 esten.

425 1111 524 1167 dit.
552 1113 736 1184 Neque
755 1115 922 1182 enim,
940 1117 1388 1186 quemadmodum
1409 1131 1550 1170 nunc
1571 1115 1722 1170 multi
1747 1114 2006 1180 factitant,

423 1204 513 1270 qui
546 1205 598 1258 in
626 1205 889 1275 ejusmodi
928 1208 1184 1263 :erumnis
1213 1207 1281 1263 ad
1313 1206 1567 1262 veneficia
1612 1206 2011 1276 praastigiasque

429 1294 766 1366 confugiunt,
802 1299 887 1353 illa
909 1299 1202 1369 superﬂua,
1233 1299 1462 1364 inutilia,
1496 1299 1672 1364 noxia,
1715 1299 2012 1366 animaeque

427 1385 636 1442 letifera
666 1387 754 1444 ille
773 1387 921 1455 fecit,
940 1391 1035 1445 sed
1062 1392 1277 1446 omissis
1303 1391 1551 1446 omnibus
1568 1389 1672 1454 his,
1699 1387 2011 1456 cunctisque

429 1479 752 1548 contemptis
775 1480 936 1535 rebus
961 1480 1226 1546 humanis,
1253 1481 1321 1535 ad
1365 1489 1565 1535 naturze
1594 1479 1898 1544 Dominum,
1920 1478 2012 1548 qui

430 1580 641 1648 poterat
669 1570 752 1627 bis
779 1573 927 1628 solus
954 1574 1177 1642 mederi,
1201 1574 1446 1630 recurrit.

505 1661 559 1716 6.
601 1662 796 1721 Audite
836 1665 971 1730 haec,
1011 1667 1208 1734 mariti,
1247 1666 1458 1732 discite,
1497 1679 1712 1732 uxores,
1746 1663 2015 1718 imitemur

431 1755 634 1822 justum
664 1770 878 1815 omnes.
903 1756 1043 1810 Nihil
1071 1758 1240 1828 pluris
1266 1757 1422 1813 faciat
1448 1773 1601 1822 uxor,
1620 1771 1777 1825 quam
1800 1757 1969 1810 virum
1995 1771 2010 1808 :

437 1845 568 1905 nihil
596 1847 765 1915 magis
793 1847 873 1902 vir
906 1847 1110 1919 diligat,
1141 1864 1301 1918 quam
1342 1864 1583 1904 uxorem.
1618 1848 1730 1902 Hoc
1773 1847 2012 1900 omnium

437 1946 682 1992 nostrum
714 1939 874 1993 vitam
903 1948 1097 2004 tuetur,
1119 1955 1338 1994 uxorem
1366 1955 1486 1994 cum
1508 1939 1624 1994 viro
1648 1937 2011 1993 concordare:

435 2028 537 2087 hoc
566 2029 820 2084 mundum
863 2031 1101 2086 continet
1147 2031 1474 2085 universum.
1505 2029 1638 2084 Nam
1664 2027 2019 2098 quemadmoo

432 2120 560 2178 dum
590 2136 853 2178 concusso
881 2122 1228 2182 fundamento
1258 2133 1424 2178 totum
1453 2122 1655 2177 corruit
1683 2120 1962 2176 :edilieium
1996 2137 2012 2174 :

431 2211 511 2264 sic
536 2211 698 2266 etiam
723 2226 846 2270 eum
874 2213 1094 2268 dissidia
1133 2213 1272 2267 inter
1309 2213 1565 2282 coniuges
1607 2213 1871 2274 oriuntur,
1905 2219 2015 2266 tota

433 2299 542 2352 vita
587 2311 768 2354 nostra
812 2301 1158 2356 subvertitur.
1197 2301 1332 2357 Vide
1368 2317 1597 2372 namque
1640 2320 1655 2356 :
1689 2301 1916 2357 mundus
1945 2316 2016 2356 ex

434 2393 658 2448 urbibus
687 2404 916 2461 constat,
960 2396 1123 2452 urbes
1151 2411 1218 2451 ex
1250 2397 1613 2464 domibus,_ex
1645 2399 1780 2454 uiris
1795 2414 1858 2455 ac
1887 2415 2019 2456 uxo-

437 2485 587 2540 ribus
615 2486 828 2540 domus.
859 2487 913 2543 Si
945 2489 1106 2558 igitur
1146 2489 1288 2544 inter
1323 2491 1472 2545 viros
1508 2500 1563 2547 et
1606 2507 1798 2547 uxores
1843 2508 2013 2564 pugna

435 2585 743 2646 consurgat,
776 2578 901 2634 dum
933 2580 1032 2633 ista
1061 2581 1357 2646 turbantur,
1390 2582 1551 2636 etiam
1579 2583 1741 2638 urbes
1769 2593 2014 2639 evertun-

437 2674 521 2720 tur
548 2685 563 2719 :
592 2667 734 2736 quod
757 2669 801 2721 si
820 2669 978 2724 urbes
997 2670 1293 2733 turbentur,
1321 2673 1624 2729 universum
1645 2675 1804 2729 etiam
1829 2675 2014 2732 orbem

435 2756 654 2811 omnino
701 2771 920 2814 necesse
967 2769 1052 2814 est
1101 2760 1448 2827 tumultibus,
1494 2762 1670 2830 bellis,
1720 2769 2017 2836 pugnisque

434 2844 713 2914 compleri.
762 2847 1052 2918 Proiiterea
1080 2849 1221 2905 Deus
1251 2851 1404 2906 istius
1444 2853 1520 2907 rei
1560 2835 2014 2911 maxitneicuram

433 2937 606 3006 gerit;
639 2949 923 3009 propterea
947 2957 1169 2997 uxorem
1191 2943 1313 3011 ejici
1336 2960 1442 2999 non
1467 2945 1614 3013 sinit,
1662 2957 2014 3021 praeterquam

433 3025 502 3080 ob
530 3027 699 3082 solam
747 3031 1171 3088 fornicationem.
1201 3034 1339 3102 Quid
1373 3036 1532 3106 igitur
1555 3039 1599 3092 si
1625 3042 2010 3098 contumeliosa

433 3118 522 3185 sit,
552 3119 694 3174 dicet
713 3122 925 3192 aliquis,
950 3124 994 3178 si
1015 3125 1230 3194 profusa
1259 3128 1328 3182 sit
1348 3139 1400 3184 et
1429 3139 1761 3201 sumptuosa,
1781 3144 1835 3189 et
1855 3135 2016 3192 innu-

434 3209 598 3267 meris
627 3211 746 3266 aliis
776 3214 919 3269 vitiis
946 3218 1183 3272 scateat?
1210 3219 1480 3276 Patienter
1511 3223 1588 3280 fer
1615 3226 1815 3294 omnia,
1845 3243 2019 3300 neque

437 3311 658 3372 propter
680 3303 804 3358 vitia
831 3305 987 3375 ejice,
1013 3319 1377 3366 verumtamen
1401 3314 1525 3369 vitia
1545 3319 1772 3387 corrige.
1795 3319 2019 3391 Propte-

437 3407 527 3447 rea
557 3404 612 3448 tu
640 3397 829 3465 capitis
869 3397 1046 3456 locum
1072 3408 1240 3469 tenes,
1273 3414 1330 3459 ut
1369 3409 1578 3478 corpori
1625 3411 1764 3466 scias
1792 3413 2014 3470 mederi.

435 3483 567 3538 Nam
599 3502 771 3557 neque
798 3490 842 3544 si
873 3505 1065 3561 corpus
1095 3507 1334 3551 nostrum
1383 3498 1673 3557 innumeris
1711 3503 1780 3558 sit
1805 3504 2016 3562 confos-

437 3588 555 3631 sum
586 3578 919 3648 vulneribus,
959 3583 1088 3640 illud
1129 3601 1159 3640 a
1199 3589 1372 3657 capite
1395 3606 1725 3661 separamus.
1755 3595 1834 3652 Ne
1859 3598 2018 3668 igitur

437 3681 656 3724 uxorem
686 3687 900 3743 quoque
923 3690 1142 3744 separes
1169 3692 1198 3730 a
1229 3681 1402 3749 teipse
1427 3700 1440 3735 :
1471 3685 1626 3739 nobis
1649 3688 1792 3742 enim
1820 3704 2019 3759 corpo-

439 3757 513 3815 Itis
537 3759 656 3813 loco
676 3772 757 3817 est
779 3779 942 3824 uxor.
965 3765 1134 3830 Quam
1160 3766 1230 3820 ob
1253 3783 1469 3825 causam
1489 3773 1676 3827 beatus
1703 3777 1861 3830 etiam
1882 3757 2020 3833 Pau-

440 3849 528 3910 lus.
551 3852 728 3906 aiebat
761 3871 774 3906 :
816 3853 925 3908 Viri
947 3857 1162 3926 diligere
1183 3873 1366 3914 uxores
1389 3863 1462 3916 sic
1500 3862 1700 3928 debent,
1725 3875 1780 3918 ut
1804 3883 2021 3936 corpora

438 3955 533 3994 sua
565 3939 780 4012 (Ephes.
818 3945 872 3999 5.
897 3944 1017 4016 28).
1062 3947 1130 4001 Et
1171 3962 1266 4017 pro
1297 3951 1552 4007 uxoribus
1593 3953 1782 4011 eadem
1808 3957 1893 4016 lex
1927 3957 2023 4011 da-

440 4041 528 4090 tur
555 4052 569 4087 :
599 4034 736 4089 sicut
764 4045 908 4091 tuum
936 4047 1092 4108 caput
1116 4054 1266 4096 albas
1292 4049 1350 4096 et
1373 4043 1526 4108 colis,
1558 4059 1715 4112 uxor,
1753 4047 1828 4102 ita
1848 4046 2019 4102 virum

442 4134 589 4180 tuum
618 4127 734 4185 cole
753 4131 769 4161 ⁸
804 4146 820 4184 :
852 4145 1028 4202 neque
1046 4131 1188 4188 enim
1214 4133 1330 4190 sine
1352 4149 1513 4191 causa
1541 4145 1739 4194 tantam
1774 4139 2020 4197 istiusrei

443 4217 701 4272 rationem
734 4217 1008 4276 habemus.
1037 4221 1162 4278 Scio
1189 4235 1323 4294 quot.
1353 4225 1491 4281 bona
1523 4230 1772 4285 conciliet
1793 4231 1954 4300 istud,
1976 4232 2024 4288 si

445 4306 645 4358 nullmn
677 4306 817 4361 inter
837 4309 1006 4364 virum
1029 4322 1084 4366 et
1111 4328 1328 4369 uxorem
1350 4315 1630 4372 dissidium
1660 4322 1893 4377 oriatur:
1911 4323 2024 4378 scio

444 4407 574 4464 quot
599 4399 858 4454 Malorum
897 4403 1208 4460 occasiones
1237 4408 1429 4475 pariat,
1477 4411 1522 4464 si
1555 4411 1692 4467 inter
1715 4429 1774 4470 se
1803 4426 2026 4472 conten-

442 4486 596 4541 dant.
617 4489 768 4544 Tune
792 4492 933 4550 enim
961 4509 1065 4548 non
1087 4494 1306 4564 divitize,
1333 4515 1441 4553 non
1465 4499 1687 4558 felicitas
1712 4521 1869 4575 quam
1898 4508 2025 4564 boni

445 4578 674 4634 afferunt
717 4580 892 4649 liberi,
936 4597 1045 4638 non
1087 4586 1372 4643 multitudo
1410 4590 1719 4660 liberorum,
1761 4611 1868 4651 non
1907 4613 2025 4654 ma-

445 4667 702 4738 gistratus
735 4685 799 4726 ac
828 4673 1176 4743 principatus,
1209 4692 1314 4732 non
1343 4678 1533 4749 gloria,
1565 4697 1668 4738 non
1696 4683 1888 4755 honor,
1919 4705 2024 4746 non

446 4759 674 4827 delicia},
709 4779 814 4818 non
843 4776 1108 4835 sumptus,
1138 4784 1244 4824 non
1291 4772 1393 4824 alia
1422 4775 1622 4842 qumvis
1648 4775 1872 4834 felicitas
1899 4795 2029 4836 uxo-

448 4868 562 4909 rem
590 4854 908 4922 exhilarare,
927 4859 1010 4913 vel
1031 4859 1201 4914 virum
1222 4862 1435 4931 poterit,
1459 4863 1502 4918 si
1525 4865 1663 4924 inter
1685 4883 1743 4922 se
1771 4868 2025 4926 rixenttu'.

519 4945 572 4998 7.
617 4944 761 5001 Uxor
781 4947 958 5005 vitiosa
979 4948 1242 5006 toleranda
1262 4961 1368 5018 est;
1391 4970 1491 5008 non
1515 4955 1626 5010 licet
1646 4973 1852 5013 uxorem
1873 4977 2020 5031 repu-

448 5036 590 5089 diare
611 5045 656 5089 et
677 5039 832 5092 aliam
847 5039 1047 5095 ducere.
1068 5040 1326 5097 Orationis
1346 5045 1436 5100 vis.
1459 5075 1525 5084 —
1543 5046 1676 5102 lluic
1696 5050 2027 5122 potissimum

451 5128 525 5180 rei
555 5142 667 5197 prie
685 5131 895 5185 ueteris
916 5133 1163 5188 omnibus
1183 5135 1512 5190 studeamus.
1545 5137 1745 5194 Vitiosa
1770 5150 1853 5196 est
1875 5159 2027 5210 uxor,

450 5219 533 5274 fac
560 5220 702 5290 quod
729 5221 878 5278 lsaac
905 5223 1052 5292 fecit,
1082 5226 1246 5280 Deum
1275 5243 1516 5297 precare.
1543 5232 1597 5286 Si
1623 5233 1765 5288 enim
1793 5235 1883 5291 ille
1913 5252 2028 5306 pre.

450 5324 573 5364 eum
604 5311 917 5368 assiduitate
943 5314 1280 5378 debilitatem
1301 5319 1456 5374 solvit
1479 5335 1702 5390 naturm,
1733 5327 1902 5382 multo
1921 5344 2035 5383 ma-

452 5402 532 5469 gis
562 5417 678 5468 nos,
709 5403 756 5458 si
776 5405 989 5461 assidue
1019 5407 1183 5462 Deum
1207 5424 1442 5475 oremus,
1472 5414 1761 5480 poterimus
1788 5418 1911 5472 vitia
1943 5435 2034 5475 vo-

452 5498 675 5558 luntatis
699 5497 988 5568 corrigere.
1020 5498 1075 5554 Si
1103 5509 1153 5554 te
1180 5500 1318 5555 Deus
1341 5501 1532 5557 viderit
1556 5504 1732 5560 studio
1764 5520 1875 5563 sua:
1905 5510 2034 5582 legis

519 5658 544 5727 '_
563 5661 696 5704 nunc
716 5653 888 5727 locum
913 5654 986 5704 sic
1019 5655 1191 5724 matari
1227 5667 1369 5718 posse
1393 5667 1567 5727 censet
1588 5664 2032 5727 savttt_us,gnempe,

454 5728 506 5791 με
527 5719 685 5791 ipsimi
707 5721 851 5791 carpit
865 5723 1007 5791 tutan
1028 5715 1184 5768 virtuts
1203 5715 1331 5778 antu,
1345 5732 1376 5769 ο
1395 5719 1591 5783 mulier,
1611 5728 1660 5773 ct
1689 5723 1733 5775 si
1754 5715 1870 5777 colis
1891 5715 2036 5791 caput

459 5787 618 5842 tuum,L
636 5780 708 5834 sic
737 5777 874 5829 illum
895 5777 1015 5828 cole.

1593 379 1728 436 NGN
1765 374 1934 436 ESSE
1973 373 2500 435 DESPERANDUM.

2109 471 2468 529 observandae
2483 473 2712 529 tolerare
2735 474 3097 545 patienterquc
3115 473 3252 528 ferre
3273 471 3466 526 delicta
3488 469 3690 535 uxoris,

2113 564 2351 620 ad-illam
2381 566 2672 622 docendam
2715 576 2765 622 te
2787 566 3010 636 juvabit,
3049 581 3113 621 ac
3138 563 3404 634 patientia:
3431 561 3524 616 tibi
3546 575 3694 614 uter.—

2117 655 2301 710 cedem
2333 657 2606 726 rependet.
2642 656 2790 712 Unde
2813 660 2945 712 enim
2974 657 3092 720 scis,
3128 656 3225 720 vir,
3261 653 3449 722 inquit,
3479 652 3523 706 si
3561 665 3691 704 uxo-

2113 763 2220 800 rem
2239 747 2430 800 salvam
2453 748 2644 816 facies?
2667 758 2756 801 aut
2772 748 2908 801 unde
2927 748 3044 812 scis,
3069 763 3216 811 uxor,
3238 744 3281 798 si
3311 745 3476 798 uirum
3497 741 3704 800 salttum

2114 840 2268 909 facies
2297 839 2346 906 (1
2376 840 2494 892 Cor.
2517 841 2569 893 7.
2600 841 2666 894 l6
2699 838 2758 911 )?
2786 839 2902 894 Noli
2932 851 3110 892 autem
3133 836 3370 891 animum
3394 830 3698 903 desponde-

2114 946 2194 992 re,
2225 932 2328 983 noli
2351 931 2657 1000 desperare.
2689 933 2830 986 Fieri
2859 931 3001 986 enim
3044 937 3216 1000 potest
3258 936 3318 982 ut
3344 927 3454 996 ipsa
3485 937 3698 993 quoque

2115 1022 2258 1075 salva
2289 1024 2378 1075 liat
2403 1040 2414 1074 :
2442 1022 2582 1090 quod
2610 1023 2655 1076 si
2686 1037 2745 1077 se
2767 1038 2874 1076 non
2913 1021 3164 1089 corrigat,
3198 1027 3255 1074 tu
3289 1027 3464 1072 tamen
3494 1015 3700 1084 patien-

2117 1114 2204 1168 tia:
2236 1114 2536 1170 mercedem
2565 1131 2670 1168 nun
2696 1115 2910 1168 amittes
2936 1131 2948 1166 :
2979 1114 3059 1167 sin
3089 1121 3265 1166 autem
3295 1108 3538 1178 eieceris,
3569 1104 3697 1160 illud

2116 1219 2281 1260 unum
2306 1204 2532 1274 primum
2563 1206 2792 1274 peccasti
2822 1203 2964 1274 quod
2996 1203 3165 1272 legem
3193 1209 3554 1270 transgressus
3580 1196 3698 1251 l'ue-

2117 1295 2210 1358 ris,
2235 1303 2287 1348 et
2307 1295 2514 1350 adulter
2553 1296 2693 1365 apud
2723 1294 3196 1365 Deutnjudiceris:
3228 1292 3541 1363 Quicumque
3565 1288 3698 1343 enim

2115 1387 2313 1457 ejecerit
2337 1404 2544 1442 uxorem
2573 1405 2737 1454 suam,
2769 1389 2956 1459 inquit,
2980 1397 3185 1457 excepta
3207 1383 3702 1457 fornicationiseau-

2116 1494 2194 1543 sa,
2233 1478 2357 1547 facit
2381 1495 2491 1532 eam
2519 1481 2757 1537 mazchari
2794 1479 3008 1548 (Matth.
3041 1480 3096 1534 Β.
3136 1475 3264 1551 δε).
3317 1477 3701 1546 Saepenumero

2117 1579 2292 1625 autem
2337 1583 2554 1644 accepta
2602 1573 2929 1642 difficiliori,
2959 1584 3236 1645 peccatum
3275 1571 3559 1639 admisisti,
3599 1583 3701 1625 nec

2118 1667 2298 1715 tamen
2329 1663 2489 1718 ullam
2522 1665 2904 1722 relaxationem
2929 1676 3021 1721 aut
3044 1665 3274 1735 quietem
3299 1675 3485 1720 nactus
3503 1677 3583 1718 es.
3602 1661 3702 1716 Sin

2120 1753 2396 1808 meliorem
2415 1771 2591 1810 assum
2603 1758 2790 1825 pseris,
2815 1774 2920 1814 non
2940 1758 3258 1827 permittitur
3276 1755 3390 1817 tibi,
3415 1765 3472 1808 ut
3491 1753 3696 1807 sincera
3709 1802 3719 1810 ..

2117 1845 2388 1914 voluptate
2447 1848 2738 1916 perfruaris
2786 1865 2868 1904 ex-
2897 1849 3160 1912 secunda,
3213 1849 3283 1904 ob
3328 1846 3709 1903 dimissionem.

2119 1935 2332 2005 prioris,
2360 1952 2481 1992 cum
2511 1939 2636 1995 inde
2661 1940 2751 1994 tibi
2768 1940 3083 2000 adulterium
3111 1940 3434 2009 imputetur;
3457 1945 3539 1992 est
3555 1934 3700 1991 enim

2119 2025 2435 2082 adulterium
2489 2030 2723 2099 priorem
2760 2031 3050 2090 dimittere.
3096 2030 3229 2086 Cum
3272 2030 3429 2100 igitur
3469 2027 3701 2097 aliquam

2119 2117 2319 2174 videris
2357 2119 2487 2176 oriri
2532 2120 2896 2179 difﬁcultatem
2936 2124 3019 2179 vel
3047 2124 3099 2178 in
3142 2122 3501 2186 matrimonio,
3534 2119 3617 2176 vel
3646 2119 3702 2177 in

2118 2209 2296 2279 aliquo
2314 2210 2420 2265 alio
2438 2227 2620 2272 rerum
2639 2221 2799 2279 statu,
2827 2215 2991 2270 Deum
3017 2229 3267 2284 precare:
3288 2213 3376 2268 hic
3399 2211 3546 2267 solus
3564 2210 3703 2282 opti—

2122 2314 2291 2354 muse
2312 2302 2466 2356 malis
2483 2304 3031 2374 .emergendi-modus.
3063 2305 3250 2375 Magna
3271 2304 3466 2374 quippe
3486 2311 3568 2357 est
3587 2315 3704 2356 ora-

2122 2388 2280 2448 tionis
2307 2402 2598 2446 armatura.
2644 2394 2756 2449 lloe
2793 2403 2848 2449 et
2898 2409 3267 2465 sa‘penumero
3303 2394 3437 2460 dixi,
3470 2402 3524 2447 et
3553 2405 3696 2447 nunc

2121 2481 2261 2549 dico,
2294 2499 2469 2554 neque
2492 2484 2671 2541 dicere
2697 2486 2922 2542 cessabo
2950 2504 2964 2540 :
2999 2487 3123 2542 licet
3165 2494 3415 2557 peccator
3442 2485 3536 2550 sis,
3570 2497 3701 2538 cou-

2122 2585 2271 2628 verte
2294 2577 2476 2631 oculos
2500 2587 2617 2632 tuos
2638 2579 2690 2632 in
2721 2578 3059 2648 publicanum
3082 2578 3173 2648 qui
3197 2576 3460 2646 repulsam
3486 2590 3591 2629 non
3616 2582 3702 2628 tu-

2121 2665 2202 2732 lit,
2235 2668 2323 2736 qui
2350 2679 2454 2723 tam
2485 2669 2664 2725 multis
2689 2685 2750 2725 se
2776 2670 3005 2739 peccatis
3033 2669 3286 2739 expiavit.
3315 2666 3478 2722 Vizne
3503 2664 3700 2720 intelli-

2120 2772 2245 2827 gere
2288 2771 2482 2830 quanta
2521 2778 2607 2818 res
2649 2763 2718 2818 sit
2744 2763 2954 2817 oratio?
2991 2761 3108 2817 Non
3155 2770 3261 2816 tam
3303 2760 3446 2815 valet
3471 2757 3721 2815 amicitia.

2121 2850 2258 2918 apud
2290 2852 2453 2905 Deum
2479 2869 2637 2922 quam
2667 2855 2857 2908 oratio.
2881 2854 3062 2924 Neque
3090 2868 3241 2908 meus
3267 2861 3349 2908 est
3373 2851 3457 2905 hic
3479 2865 3700 2907 sermo:

2121 2957 2295 3012 neque
2325 2945 2466 2998 enim
2493 2945 2742 3000 auderem
2768 2947 2895 3001 tanti
2927 2947 3181 3004 tuomenti
3205 2962 3316 3000 rem
3345 2961 3408 2999 ex
3437 2959 3552 2998 mea
3574 2958 3700 2998 scn-

2121 3033 2284 3087 tentia
2313 3033 2564 3102 delinire,
2597 3037 2720 3090 audi
2751 3053 2812 3092 ex
2844 3037 3136 3106 Scriptura,
3167 3035 3310 3105 quod
3336 3036 3564 3090 amicitia
3596 3049 3702 3088 non

2119 3125 2364 3194 perfecit,
2395 3128 2444 3183 id
2472 3129 2540 3185 ah
2565 3131 2809 3185 oratione
2843 3146 2963 3185 esse
2987 3128 3301 3198 perfectum.
3332 3128 3459 3193 Quis
3479 3143 3541 3182 ea:
3567 3127 3704 3182 vobis

2121 3227 2213 3282 est,
2235 3220 2320 3288 qui
2340 3220 2536 3274 habebit
2556 3221 2794 3286 amicum,
2820 3231 2868 3275 et
2893 3220 3092 3274 veniens
3113 3219 3239 3272 dicet
3259 3220 3325 3282 ei,
3343 3217 3534 3284 Amice,
3567 3233 3705 3270 com-

2123 3310 2274 3362 moda
2314 3311 2440 3364 mihi
2490 3321 2590 3364 tres
2623 3328 2780 3382 panes
2813 3327 2833 3366 :
2861 3322 2906 3365 et
2941 3311 3029 3365 ille
3070 3310 3378 3380 respondens
3420 3309 3550 3361 dicet
3591 3307 3704 3373 illi,

2127 3399 2328 3455 Ostium
2353 3403 2582 3457 clausum
2613 3413 2703 3466 est,
2730 3403 2872 3474 pueri
2890 3413 3007 3458 sunt
3027 3403 3078 3456 in
3101 3401 3256 3456 cubili
3276 3417 3296 3456 .'
3318 3401 3423 3456 noli
3443 3400 3566 3453 mihi
3592 3415 3704 3452 mo-

2125 3493 2280 3548 lestus
2304 3511 2427 3549 esse.
2469 3495 2594 3550 Dico
2623 3497 2756 3550 enim
2802 3497 2958 3559 vobis,
2985 3496 3075 3550 etsi
3101 3494 3235 3565 quod
3270 3494 3462 3548 amicus
3481 3493 3590 3562 ejus
3619 3491 3703 3553 sit,

2123 3603 2221 3640 non
2244 3585 2383 3640 dabit
2407 3587 2469 3654 ei,
2495 3599 2701 3658 propter
2729 3588 3157 3658 importunitatem
3183 3595 3349 3640 tamen
3369 3585 3477 3656 ejus
3497 3583 3635 3636 dabit
3657 3582 3705 3636 ei

2121 3688 2362 3750 quotquot
2403 3679 2547 3734 habet
2573 3681 2877 3736 necessarios
2906 3679 3056 3750 (Luc.
3084 3679 3172 3733 ll.
3203 3679 3238 3734 5
3263 3677 3380 3747 σθ).
3409 3675 3568 3732 Vides
3597 3689 3703 3745 quo

2127 3779 2282 3840 pacto
2307 3770 2450 3838 quod
2478 3785 2584 3824 non
2615 3773 2783 3840 potuit
2807 3770 3057 3836 amicitia,
3082 3771 3185 3823 boc
3207 3769 3488 3824 assiduitas
3516 3775 3705 3836 potue-

2126 3860 2232 3912 rit?
2257 3859 2389 3912 Nam
2421 3861 2672 3927 quoniam
2699 3860 2798 3913 fuit
2838 3861 3060 3923 amicus,
3089 3859 3178 3928 qui
3221 3859 3452 3928 petebat,
3488 3872 3556 3912 ne
3585 3871 3708 3926 pro-

2125 3958 2306 4017 pterea
2332 3965 2446 4003 rem
2471 3950 2618 4004 illum
2643 3950 2931 4020 perfecisse
2953 3949 3401 4016 censeres..dixit,
3431 3948 3543 4010 Etsi
3568 3948 3708 4012 quod

2125 4040 2316 4092 anticus
2353 4041 2466 4105 eius
2501 4039 2566 4095 sit
2614 4057 2714 4094 non
2753 4041 2892 4096 dabit
2929 4041 2995 4107 ei,
3041 4049 3249 4112 propter
3277 4040 3707 4112 importunitatem

2124 4131 2234 4200 ejus
2269 4129 2406 4183 dabit
2445 4131 2510 4184 ei.
2550 4129 2699 4187 Licet
2732 4131 2784 4186 id
2825 4131 3055 4187 amicitia
3094 4146 3198 4187 non
3235 4139 3471 4202 praestet,
3514 4131 3703 4200 inquit,

2125 4222 2411 4278 assiduitas
2437 4231 2612 4278 tamen
2641 4223 2911 4294 praestabit
2947 4224 2997 4278 id
3026 4223 3166 4294 quod
3210 4223 3441 4278 amicitia
3485 4223 3705 4276 minimc

2127 4315 2317 4381 potuit.
2351 4315 2415 4369 Et
2443 4314 2530 4369 ubi
2575 4315 2786 4369 tandem
2815 4315 2868 4370 id
2909 4315 3143 4372 accidit?
3182 4313 3242 4369 In
3275 4314 3575 4384 publicano.
3604 4311 3709 4369 Nc-

2127 4420 2229 4475 que
2259 4405 2400 4459 enim
2428 4413 2543 4461 erat
2565 4406 2769 4462 amicus
2795 4406 2904 4461 Deo
2927 4405 3258 4476 publicanus,
3283 4405 3377 4461 sed
3404 4405 3606 4460 amicus
3625 4413 3712 4460 est

2130 4495 2301 4551 factus
2325 4515 2339 4551 :
2366 4498 2542 4566 itaque
2565 4495 2690 4552 licet
2731 4497 2973 4552 inimicus
2997 4497 3092 4561 sis,
3115 4496 3426 4552 assiduitate
3455 4495 3554 4552 lies
3572 4495 3710 4550 ami-

2129 4601 2244 4643 cus.
2277 4587 2410 4643 Vide
2434 4588 2594 4642 etiam
2626 4587 3108 4658 Symphmnissam,
3141 4597 3194 4642 et
3218 4586 3340 4641 audi
3367 4586 3493 4657 quid
3530 4585 3602 4640 illi
3625 4586 3710 4640 di-

2131 4685 2258 4732 cat:
2294 4675 2415 4731 Non
2454 4687 2531 4733 est
2568 4677 2752 4731 bonum
2791 4695 2987 4732 sumere
3027 4693 3208 4749 panem
3251 4677 3494 4746 ﬁtiorum,
3519 4687 3564 4731 et
3590 4676 3712 4732 dare

2130 4769 2338 4824 canibus
2367 4767 2575 4841 (Matth.
2605 4769 2692 4824 15.
2714 4768 2828 4840 26).
2876 4769 2982 4825 Cur
3011 4768 3168 4840 igitur
3195 4769 3247 4825 id
3277 4769 3418 4833 fecit,
3442 4769 3486 4823 si
3507 4767 3705 4822 bonum

2132 4877 2238 4916 non
2267 4861 2387 4917 est?
2415 4860 2742 4917 Assiduitate
2773 4863 2965 4917 mulier
2990 4862 3041 4916 id
3070 4863 3267 4918 bonum
3298 4861 3511 4917 eﬂecit:
3540 4869 3598 4914 ut
3633 4861 3712 4914 die

2132 4966 2251 5008 scas
2273 4968 2370 5008 nos
2399 4953 2588 5023 quibus
2617 4951 2768 5024 digni
2789 4951 3007 5010 minime
3034 4969 3240 5022 sumus,
3269 4952 3335 5008 iis
3359 4966 3452 5022 per
3481 4949 3708 5004 assidui.

2135 5052 2294 5098 tatem
2325 5043 2515 5114 dignos
2545 5043 2792 5098 evadere.

2206 5135 2258 5191 8.
2294 5135 2419 5190 llaec
2447 5151 2546 5207 ego
2575 5134 2705 5202 dixl,
2732 5151 2799 5190 ne
2826 5133 2991 5197 dicas,
3010 5135 3272 5189 l‘cccator
3294 5147 3433 5197 sum,
3465 5129 3710 5186 ﬁduciam

2136 5243 2242 5284 non
2269 5227 2475 5293 habeo,
2521 5242 2706 5296 preces
2734 5242 2838 5280 non
2885 5224 3077 5280 habeo.
3119 5224 3213 5281 llle
3256 5224 3501 5280 tlduciam
3532 5222 3711 5290 habet,

2136 5320 2224 5390 qui
2251 5335 2311 5374 se
2335 5335 2440 5373 non
2469 5317 2664 5372 habere
2713 5316 2856 5370 illam
2900 5324 3047 5385 putat
3076 5333 3088 5368 :
3117 5316 3253 5369 sicut
3293 5315 3336 5370 is
3364 5313 3454 5384 qui
3493 5329 3552 5368 se
3583 5313 3717 5367 ﬁdu~

2138 5411 2274 5465 ciant
2302 5409 2496 5463 habere
2527 5415 2709 5477 putat,
2754 5405 2996 5460 fiduciam
3023 5406 3232 5468 amisit,
3264 5403 3712 5474 quemadmodum

2139 5501 2438 5556 Pharisceus
2470 5517 2484 5554 :
2512 5498 2601 5570 qui
2631 5513 2756 5552 vero
2782 5497 3012 5566 seipsum
3047 5496 3310 5566 alijectum
3334 5503 3481 5566 putat
3506 5506 3558 5550 ct
3586 5494 3720 5549 fido-

2139 5596 2218 5650 eia
2246 5593 2577 5656 destitutum,
2612 5591 2656 5645 is
2679 5590 2907 5645 maxime
2924 5587 3255 5654 exaudietur,
3273 5586 3718 5659 quemadmodum

2142 5687 2471 5758 publicanus.
2503 5682 2638 5740 Vide
2661 5696 2819 5753 quam
2837 5680 2999 5735 multa
3029 5679 3120 5734 tibi
3139 5680 3381 5750 exempla
3407 5689 3715 5751 suppetant,

2142 5775 2574 5850 Syrolahoznissa,
2609 5773 2952 5846 publicanus,
2986 5771 3121 5829 latro
3149 5771 3213 5828 in
3227 5786 3407 5842 cruce,
3439 5772 3642 5828 anticus
3666 5769 3720 5824 in
