4082 6212
426 364 527 425 ιιι

432 474 682 545 parabole
704 513 721 540 ,
770 475 858 545 qui
902 484 1010 528 tres
1039 488 1202 544 panes
1240 477 1487 546 petebat,
1533 478 1730 549 quique
1759 495 1864 535 non
1897 488 2003 534 tam

433 576 649 637 propter
694 567 978 621 amicitiam
1002 607 1018 634 ,
1059 582 1218 636 quam
1263 578 1482 638 propter
1519 570 1882 626 assiduitatem
1911 570 2006 626 ob-

432 660 605 713 tinuit.
633 658 832 713 llorum
860 659 1221 730 unusquisque
1246 661 1290 715 si
1315 660 1558 727 dixisset,
1582 662 1839 718 Peccator
1861 678 2002 730 sum,

428 757 485 805 et
522 749 723 817 pudore
767 742 1018 817 suffusus,
1063 760 1118 805 et
1159 750 1357 806 ideirco
1394 750 1650 807 accedere
1678 767 1782 807 non
1809 751 1999 818 debeo.

431 840 560 894 nihil
601 841 973 909 promovisset.
1019 841 1092 895 At
1115 841 1366 910 quoniam
1403 841 1611 896 illorum
1637 842 1860 912 quisque
1896 856 2004 896 non

427 932 496 985 nd
535 941 871 1000 peccatorum
899 946 1117 986 suorum
1154 933 1386 1002 respexit
1412 931 1826 1002 magnitudinem
1848 972 1866 1000 ,
1909 930 2004 987 sed

427 1025 495 1078 ad
525 1025 738 1080 divitias
763 1025 1099 1096 benignitatis
1129 1025 1220 1080 Dei
1248 1024 1462 1098 (Ephes.
1492 1025 1546 1081 ὅ.
1578 1023 1701 1095 i6),
1727 1023 2005 1081 confidens

428 1125 483 1170 ct
516 1116 689 1170 audax
712 1116 807 1170 fuit
822 1158 836 1180 ,
862 1125 916 1170 et
943 1116 1184 1186 quamvis
1205 1123 1451 1186 peccator
1474 1124 1669 1185 prmter
1692 1115 2002 1185 dignitatem

429 1221 578 1259 suam
609 1205 914 1276 poslulavit,
946 1215 1000 1261 et
1026 1221 1146 1276 quae
1173 1205 1338 1260 voluit
1363 1206 1584 1276 quisque
1607 1205 1850 1276 perfecit.
1881 1206 2005 1261 Haec

431 1297 590 1365 igitur
611 1297 788 1351 omnia
811 1278 992 1354 mente
1015 1310 1293 1351 versemus
1311 1337 1326 1361 ,
1356 1304 1411 1350 et
1428 1296 1641 1358 assidue
1667 1310 1854 1365 preces
1883 1295 2004 1350 tun.-

429 1388 618 1442 damns
640 1428 655 1452 ,
680 1387 864 1457 vigiles
884 1427 898 1450 ,
929 1386 1258 1442 confidentes
1280 1427 1295 1450 .
1320 1386 1475 1443 home
1496 1388 1613 1456 spei
1645 1386 1807 1456 pleni,
1837 1387 2005 1442 multo

418 1493 550 1540 cum
579 1477 775 1530 studio.
808 1476 1018 1543 Quanto
1050 1491 1173 1531 cum
1211 1475 1388 1532 studio
1405 1476 1588 1532 caueri
1616 1475 1874 1532 adversus
1899 1476 2004 1531 ini-

428 1569 596 1622 ιιιἰοος
624 1582 810 1637 preces
834 1567 1094 1634 fundunt,
1124 1575 1270 1630 tanto
1291 1581 1412 1622 cum
1438 1566 1618 1622 studio
1657 1581 1758 1623 nos
1777 1581 1876 1637 pro
1903 1567 2007 1621 ini-

429 1659 583 1713 micis
611 1666 666 1712 et
695 1673 789 1728 pro
830 1657 1076 1717 fratribus
1117 1671 1302 1729 preces
1341 1656 1656 1736 fundamus,
1700 1668 1754 1716 et
1781 1658 2003 1714 omnino

1164 365 1224 422 S.
1260 367 1534 428 JOANNIS
1555 367 2024 426 CHRYSOSTOMI
2061 353 2380 423 ARCHIEP.
2417 366 2925 426 CONSTANTINOP

3578 365 3692 428 873

2109 487 2297 534 cuncta
2326 493 2445 550 qua:
2480 478 2534 534 in
2559 493 2671 535 rem
2701 489 2938 535 nostram
2961 477 3160 544 fuerint
3181 475 3557 535 ohtinehimns.
3584 477 3686 535 Be-

2109 568 2300 639 nignus
2327 569 2469 625 enim
2497 579 2580 625 est
2603 570 2693 640 qui
2719 569 2943 640 largitur
2965 611 2982 637 ,
3009 583 3111 626 nec
3130 567 3268 625 adeo
3291 583 3390 624 nos
3413 567 3687 625 desidero.

2107 675 2229 718 mus
2247 660 2527 731 accipere,
2567 670 2629 717 ut
2661 661 2932 718 desiderat
2971 661 3062 718 ille
3111 661 3312 732 largiri.
3355 660 3484 716 Haec
3525 660 3687 732 igitur

2107 753 2285 808 omnia
2313 767 2434 808 cum
2461 753 2710 818 sciamus,
2741 753 2864 809 licet
2905 753 2958 808 in
2994 752 3232 808 infimum
3272 751 3524 822 nequitiae
3555 765 3686 823 pro-

2107 844 2328 900 fundum
2343 845 2509 901 simus
2532 844 2787 910 devoluti,
2809 845 2964 900 nesic
2982 843 3194 915 quidem
3219 843 3290 900 de
3307 843 3480 898 salute
3505 850 3686 898 nostra

2108 933 2482 1004 desperemus,
2535 934 2632 990 sed
2682 935 2821 991 bona
2869 935 3031 990 etiam
3065 949 3189 990 cum
3219 948 3315 1004 spe
3347 933 3685 1000 accedamus,

2108 1026 2366 1097 nobisque
2392 1027 2804 1097 persuadeamus
2829 1027 3049 1081 omnino
3087 1026 3232 1092 fore,
3276 1037 3335 1081 ut
3377 1025 3519 1096 quod
3553 1026 3690 1096 peti-

2108 1131 2228 1171 mus
2265 1131 2613 1188 assequamur
2636 1158 2654 1186 ,
2685 1117 2731 1172 si
2770 1133 2838 1173 ex
2883 1118 3194 1189 prmscriplo
3224 1118 3452 1173 latarum
3476 1117 3543 1173 ab
3569 1118 3687 1188 ipso

2109 1205 2284 1276 legum
2335 1215 2596 1278 petamus.
2646 1208 2780 1262 Eum
2807 1209 2895 1280 qui
2935 1218 3094 1279 potest
3120 1209 3291 1264 omnia
3317 1211 3484 1280 facere
3509 1225 3690 1278 supcr-

2106 1297 2456 1365 abundattter,
2499 1314 2650 1368 quam
2692 1299 2940 1370 petimus,
2982 1308 3072 1353 aut
3112 1298 3439 1369 intelligimus
3461 1297 3682 1370 (Epiros.

2105 1387 2161 1442 5.
2188 1386 2316 1459 20).
2365 1386 2658 1454 Christum,
2697 1390 2936 1446 omnium
2975 1389 3209 1459 Regem,
3250 1389 3417 1443 Deum
3448 1396 3689 1444 nostrum

2106 1479 2261 1535 decet
2283 1481 2458 1534 omnis
2485 1480 2672 1551 gloria,
2700 1481 2870 1536 honor
2895 1491 2948 1537 et
2971 1481 3231 1548 adoratio,
3256 1497 3360 1536 una
3387 1495 3508 1536 cum
3531 1481 3688 1537 Patre

2106 1570 2240 1626 initii
2269 1579 2506 1640 experte,
2524 1586 2587 1626 ac
2606 1571 2941 1628 sanctissimo
2963 1572 3275 1642 viviﬁcoque
3293 1571 3515 1642 Spiritu,
3538 1585 3681 1634 nunc

2108 1669 2163 1717 et
2191 1675 2426 1730 semper,
2454 1669 2511 1717 et
2550 1661 2604 1718 in
2629 1661 2823 1718 saecula
2851 1662 3191 1720 saeculorum.
3217 1663 3405 1718 Amen.

1381 2300 1731 2360 MONITUM
1775 2301 1874 2361 AD
1914 2299 2291 2361 HOMILIAM
2328 2299 2406 2359 ΙΝ
2455 2296 2680 2358 lLLUD

499 2556 654 2614 llanc
679 2557 997 2613 concionem
1028 2564 1150 2628 post
1172 2566 1448 2628 peractam
1480 2557 1768 2614 lectionem
1794 2558 2050 2629 Epistolas
2097 2557 2164 2613 ad
2199 2556 2416 2612 Galatas
2450 2553 2754 2611 Antiochiae
2799 2551 2990 2609 habuit
3025 2550 3468 2624 Chrysostomus.
3503 2542 3665 2600 Velie

433 2683 521 2728 tus
543 2673 686 2726 enim
713 2689 780 2728 ne
810 2673 1042 2741 tantilla,
1075 2689 1196 2745 quae
1219 2675 1309 2732 hic
1336 2684 1563 2746 apparet
1607 2676 1748 2731 inter
1776 2677 1999 2732 Petrum
2041 2685 2096 2731 et
2140 2675 2371 2730 Paulum
2411 2674 2702 2759 Ecclesiae,
2757 2674 2835 2729 ait
2877 2674 2988 2740 ille,
3019 2673 3323 2736 columnas,
3368 2664 3663 2728 dissensio.

434 2786 652 2863 piorum
692 2784 906 2852 animos
929 2786 1340 2859 interturbaret,
1363 2789 1520 2859 longa
1547 2789 1726 2845 locum
1753 2791 1905 2846 illum
1933 2789 2182 2845 oratione
2203 2788 2498 2858 explanare
2519 2787 2734 2842 nititur.
2767 2786 2949 2844 Multis
2979 2786 3161 2844 statim
3184 2785 3442 2856 explicat,
3465 2789 3670 2854 quanta

434 2904 567 2970 hinc
599 2905 944 2971 incommoda
983 2916 1304 2978 sequantur,
1327 2908 1374 2975 si
1396 2921 1522 2963 vere
1545 2914 1599 2961 et
1624 2905 1948 2977 obiurgandi
1977 2904 2182 2970 animo,
2217 2899 2466 2983 plurimis
2493 2899 2880 2971 praesentibus,
2907 2898 3282 2970 apostolorum
3311 2893 3667 2965 coryphmum

433 3019 635 3081 Paulus
656 3022 728 3078 sit
756 3023 1000 3080 adortus.
1032 3021 1171 3079 Hinc
1194 3023 1332 3079 duas
1351 3023 1496 3085 circa
1518 3021 1667 3078 hunc
1691 3021 1870 3078 locum
1899 3018 2196 3084 sententias
2229 3017 2426 3088 aperit,
2457 3017 2750 3086 statimque
2795 3013 2996 3072 refutat
3021 3028 3034 3072 :
3082 3025 3315 3084 quarum
3363 3008 3514 3079 prior
3558 3015 3668 3071 est.

438 3136 658 3192 Petrum
681 3136 747 3192 de
769 3152 879 3206 quo
902 3136 988 3193 hic
1027 3137 1224 3209 agitur,
1246 3152 1352 3192 non
1381 3135 1753 3208 apostolorum
1783 3133 2107 3206 principem,
2135 3131 2233 3187 sed
2259 3131 2426 3188 alium
2454 3144 2576 3186 esse
2599 3128 2978 3199 cognominem
3015 3145 3030 3182 :
3065 3126 3233 3192 altera
3263 3137 3446 3180 veram
3480 3117 3674 3177 statuit

441 3265 563 3307 esse
587 3250 1089 3334 reprehensionem,
1116 3251 1212 3323 sed
1241 3251 1495 3307 simulate
1529 3249 1750 3307 factam.
1778 3245 1983 3328 Deinde
2027 3259 2158 3301 vero
2190 3257 2346 3300 suam
2391 3239 2600 3312 profert
2634 3240 2725 3296 ille
2756 3239 3072 3312 opinionem
3107 3253 3122 3290 :
3160 3247 3356 3303 nempe
3395 3227 3676 3302 apostolos

444 3365 665 3432 Petrum
695 3375 750 3426 et
774 3365 1002 3431 Paulum
1038 3366 1105 3440 ad
1137 3367 1276 3439 hanc
1312 3367 1454 3439 piam
1492 3366 1896 3436 simulationem
1931 3371 2154 3445 paratos
2185 3361 2582 3430 meditatosque
2621 3357 2872 3423 venisse;
2923 3367 3099 3436 exque
3135 3359 3295 3423 pacto
3324 3357 3380 3409 et
3406 3351 3678 3410 convento

403 3970 532 4016 CUM
564 3970 628 4013 IN
672 3970 1081 4015 PBECEDENTI
1104 3970 1418 4014 COLLECTA
1449 3969 1513 4014 IN
1548 3969 1712 4014 NOVA
1757 3967 2050 4012 ECCLESIA
2091 3967 2221 4011 CUM
2265 3965 2558 4010 EPISCOPO
2601 3963 2988 4009 CONVENTUM
3015 3962 3465 4018 CELEBRASSBT,
3492 3962 3670 4008 ιιυιια

481 4068 826 4112 SEBMONEM
894 4069 1133 4112 HABUIT
1175 4070 1239 4112 IN
1282 4069 1513 4112 νετειιι
1556 4066 1845 4112 εοοιιεειΑ
1891 4066 1957 4110 IN
1999 4065 2168 4108 HUNC
2227 4065 2436 4109 LOCUM
2489 4063 2789 4108 APOSTOLI
2829 4065 2844 4106 ζ
2890 4063 3022 4107 ουκ
3078 4063 3378 4110 νεηιεειιτ
3427 4061 3670 4106 ιικτιιῠε

479 4167 898 4224 ητιοοιιιλιι,
944 4167 1009 4212 ut
1051 4169 1289 4212 mcum
1333 4168 1395 4210 EI
1438 4167 1687 4211 nes'rm
1733 4146 1924 4229 (Gal.
1951 4146 2012 4206 2.
2043 4148 2111 4206 11
2146 4146 2165 4226 )
2199 4166 2215 4206 :
2247 4164 2328 4206 nr
2361 4161 2671 4206 OSTENDIT
2714 4162 2795 4204 ΒΑ
2836 4153 2979 4214 etne
3018 4162 3152 4206 Tum
3195 4157 3493 4217 rrsnsn'r,
3539 4160 3669 4204 non

485 4270 521 4322 Α
589 4267 964 4324 comantis
1031 4266 1277 4326 arentis
1337 4267 1654 4326 recreare
1698 4266 1846 4313 esse
1876 4293 1892 4323 ,
1966 4263 2184 4309 verum
2251 4263 2337 4306 sx
2378 4260 2576 4307 metro
2641 4259 2972 4308 convenre
3039 4263 3118 4306 ΕΤ
3160 4261 3279 4306 res
3334 4261 3672 4306 DISPENSAw.

482 4366 724 4425 IIONEM
769 4349 880 4424 (alo.

471 4638 524 4700 i.
560 4637 732 4692 Unum
775 4653 805 4699 a
845 4637 999 4692 vobis
1037 4635 1185 4706 abfui
1227 4636 1404 4703 diem,
1457 4643 1511 4691 et
1559 4631 1782 4708 perinde
1827 4632 1983 4703 quasi

403 4739 543 4787 anno
590 4726 794 4796 integro
835 4735 1110 4797 separatus
1137 4741 1167 4781 a
1209 4726 1362 4792 vobis
1407 4725 1662 4791 fuissem,
1700 4724 1772 4779 ita
1815 4722 1981 4786 tristis

405 4824 736 4887 maestusque
777 4817 1061 4887 permansi.
1107 4818 1282 4888 Atque
1311 4817 1425 4871 haec
1460 4831 1584 4870 vera
1607 4828 1728 4870 esse
1751 4854 1767 4887 ,
1814 4828 1883 4868 ex
1915 4812 1981 4868 iis

401 4923 520 4989 quae
553 4907 704 4962 vobis
733 4907 1072 4973 acciderunt,
1105 4907 1206 4990 ipsi
1237 4907 1575 4978 cognoscitis.
1633 4905 1703 4962 Ut
1728 4905 1870 4960 enim
1896 4904 1977 4970 la-

399 5008 551 5053 ctens
582 4997 836 5068 puerulus
860 5012 892 5052 a
919 4999 1172 5053 maternis
1220 4998 1439 5053 avulsus
1481 4997 1734 5053 uberibus
1765 4997 1781 5027 ί
1802 5037 1818 5062 ,
1847 5009 1981 5065 quo-

401 5103 631 5159 cumque
664 5087 877 5156 tandem
903 5088 1164 5148 abductus
1192 5088 1367 5155 fuerit,
1394 5089 1584 5156 crebro
1612 5103 1673 5144 se
1699 5087 1802 5155 huc
1828 5087 1978 5142 illuc-

401 5195 506 5249 que
531 5195 630 5236 con
642 5180 821 5246 vertit,
852 5188 908 5235 et
927 5189 1151 5241 matrem
1172 5194 1323 5238 suam
1350 5179 1706 5248 circumspicit
1739 5195 1752 5242 ξ
1775 5179 1852 5233 sic
1879 5191 1980 5246 ego

399 5285 611 5339 quoque
658 5269 841 5339 procul
884 5285 914 5324 a
961 5280 1205 5326 materno
1248 5271 1366 5335 sinu
1415 5270 1735 5337 translatus,
1789 5269 1978 5324 crebro

400 5361 930 5430 circumspiciebam,
985 5371 1040 5416 et
1089 5361 1440 5438 undequaque
1484 5376 1694 5427 sacrum
1743 5371 1978 5427 vestrum

403 5452 542 5512 hunc
569 5463 767 5507 emtum
792 5452 1148 5522 requirebam.
1201 5451 1307 5509 Sed
1335 5467 1398 5508 ea
1423 5467 1510 5507 me
1532 5466 1618 5507 res
1643 5461 1818 5506 tamen
1850 5451 1978 5516 satis

401 5540 792 5610 Consolabatur,
825 5543 967 5613 quod
999 5543 1125 5598 dum
1153 5543 1520 5600 amantissimo
1545 5543 1679 5626 patri
1710 5558 1974 5614 parerem,

405 5697 540 5818 mea)
582 5699 759 5750 Collata
791 5715 900 5751 cum
932 5709 1038 5752 Mss.
1071 5703 1219 5766 Regio
1236 5703 1380 5763 2345,
1414 5710 1468 5755 et
1490 5703 1778 5756 Colbertinis
1804 5701 1899 5754 970
1931 5713 1977 5751 et

467 5820 484 5855 ³
523 5825 648 5876 unus
675 5827 800 5882 5153.,
832 5836 862 5871 α
881 5829 1079 5885 paterna
1101 5821 1206 5875 sinu
1231 5823 1437 5876 avuistts.

2089 4626 2142 4682 id
2173 4625 2304 4680 mihi
2333 4625 2618 4695 accideret,
2649 4635 2704 4682 et
2732 4633 3048 4696 conceptum
3077 4641 3141 4681 ex
3175 4624 3510 4695 separatione
3533 4635 3673 4677 mare

2083 4733 2259 4773 rorem
2281 4717 2594 4774 obcdientia:
2621 4720 2892 4786 praemium
2917 4717 3268 4788 abstergehat.
3290 4717 3383 4772 Est
3399 4716 3540 4772 enim
3563 4715 3675 4785 hoe

2084 4812 2215 4868 mihi
2236 4813 2320 4869 vel
2357 4812 2548 4884 quovis
2591 4811 2889 4868 diademate
2918 4812 3178 4867 illustrius
3200 4852 3217 4879 ,
3246 4820 3300 4866 et
3323 4824 3520 4867 corona
3547 4809 3674 4879 glo-

2083 4902 2276 4958 riosius
2303 4943 2319 4970 ,
2351 4901 2547 4972 ubique
2584 4917 2704 4957 cum
2740 4902 2978 4972 genitore
3004 4901 3329 4972 peregrinari
3356 4918 3371 4955 :
3409 4900 3509 4954 hoc
3536 4899 3673 4955 mihi

2083 5003 2301 5049 ornatus
2329 5003 2431 5058 est,
2458 5002 2513 5049 et
2556 4994 2813 5049 securitas
2845 5011 2858 5048 :
2886 5003 3105 5048 ornatus
3128 4993 3343 5064 quidem
3362 5032 3378 5058 ,
3409 4991 3554 5060 quod
3586 4991 3671 5046 sic

2084 5099 2205 5140 eum
2233 5084 2614 5154 maneiparim,
2649 5093 2702 5139 et
2727 5083 2795 5138 ad
2819 5099 3056 5139 amorem
3102 5097 3281 5138 meum
3331 5080 3670 5152 pellexerim,

2085 5182 2143 5227 ut
2168 5189 2427 5254 nusquam
2442 5174 2558 5230 sine
2582 5174 2689 5229 filio
2708 5175 2833 5230 velit
2850 5189 3108 5245 apparere
3136 5191 3151 5228 :
3179 5173 3439 5229 securitas
3461 5181 3670 5236 autem,

2083 5265 2224 5334 quod
2237 5265 2360 5320 dum
2379 5275 2691 5336 praesentem
2713 5267 2944 5322 intuetur
2954 5275 3112 5336 atque
3121 5273 3433 5328 certantem,
3449 5263 3674 5318 omnino

2084 5369 2297 5410 suarum
2321 5356 2480 5410 etiam
2510 5371 2726 5426 precum
2754 5356 3008 5410 auxilium
3039 5355 3192 5411 nobis
3221 5353 3545 5425 suppeditet.
3597 5351 3674 5408 Et

2084 5446 2531 5517 quemadmodum
2559 5463 2749 5503 navem
2778 5448 3150 5518 gubernatoris
3189 5460 3378 5501 manus
3398 5485 3414 5512 ,
3457 5443 3670 5509 clavus,

2089 5545 2144 5593 et
2175 5537 2393 5609 zephyri
2421 5537 2576 5593 ﬂatus
2599 5538 2667 5592 ad
2695 5548 2904 5609 portum
2940 5551 3132 5594 secure
3157 5535 3428 5592 deducunt
3458 5550 3474 5588 :
3506 5533 3584 5588 sic
3615 5543 3672 5588 et

2087 5629 2243 5700 hujus
2284 5631 2692 5698 benevolentia,
2752 5647 2871 5686 cum
2926 5630 3124 5687 auxilio
3169 5643 3422 5700 precum,
3474 5624 3673 5682 melius

2085 5738 2242 5792 quam
2269 5725 2536 5795 zephyros
2561 5733 2616 5779 ct
2651 5725 2980 5794 gubernator
3019 5723 3158 5778 ullus
3204 5730 3295 5776 aut
3333 5718 3676 5791 gubernacu-

2087 5814 2195 5878 ium
2219 5855 2235 5884 ,
2277 5815 2568 5880 orationem
2611 5825 2847 5874 nostram
2889 5815 3088 5888 dirigit.
3143 5813 3227 5877 Me
3257 5827 3382 5871 vero
3404 5813 3669 5885 praeterea
