4082 6212
324 388 432 447 διδ

326 504 702 562 consolabatur
725 500 885 558 etiam
906 498 1057 563 illud,
1076 495 1216 567 quod
1233 510 1329 551 vos
1346 498 1563 567 opipara
1592 509 1699 552 tum
1721 510 1906 553 mensa

330 594 676 658 frueremini,
728 606 793 646 ac
822 589 1094 644 liberalem
1124 596 1180 643 et
1199 599 1567 658 sumptuosum
1596 588 1911 643 convivato-

327 701 443 742 rem
472 682 614 739 nacti
640 682 849 739 essetis.
877 680 1045 735 Porro
1069 678 1121 733 id
1146 693 1251 733 non
1291 678 1448 735 fando
1477 686 1679 733 tantum
1712 677 1913 732 audivi-

330 790 483 841 mus,
533 773 626 829 sed
668 773 784 842 ipso
820 770 974 825 nobis
1018 770 1385 839 experimento
1425 779 1756 840 compertum
1805 776 1909 823 est.

332 867 507 921 Fuere
530 866 746 935 quippe,
775 862 867 933 qui
895 877 957 916 ea
984 877 1103 932 qua:
1130 860 1459 927 dicebantur,
1490 872 1677 916 cuncta
1711 862 1911 917 refere-

331 960 487 1023 bant,
546 968 600 1011 et
626 972 692 1011 ex
727 954 972 1025 reliquiis
1009 954 1078 1009 de
1123 964 1233 1008 toto
1257 954 1503 1010 convivio
1545 955 1907 1023 conjecturam

332 1048 575 1103 fecimus.
607 1046 788 1115 Itaque
815 1045 1208 1101 convivatorem
1250 1044 1462 1113 quidem
1492 1045 1698 1098 laudavi
1723 1085 1737 1107 ,
1767 1043 1911 1113 ejus-

331 1152 437 1208 que
474 1137 920 1208 magnilicentiam
962 1150 1026 1189 ac
1067 1135 1280 1189 divitias
1300 1134 1665 1189 commendavi
1700 1152 1715 1188 :
1743 1134 1835 1189 sed
1860 1141 1914 1189 et

334 1244 432 1285 vos
456 1240 674 1301 propter
698 1230 835 1284 hanc
856 1228 1278 1284 benevolentiam
1312 1228 1496 1284 beatos
1524 1228 1828 1298 prtedicavi,
1860 1233 1915 1280 et

337 1329 554 1391 propter
590 1319 918 1388 diligentiam
942 1360 958 1385 ,
1003 1318 1144 1388 quod
1193 1329 1300 1371 tam
1346 1328 1591 1373 accurate
1629 1334 1746 1387 qua:
1772 1318 1913 1372 dicta

337 1421 464 1465 sunt
502 1410 759 1463 memoria
797 1408 1058 1475 teneatis,
1090 1416 1149 1462 ut
1173 1409 1332 1463 etiam
1357 1408 1423 1462 ad
1452 1409 1586 1463 alios
1627 1407 1913 1462 transferre

339 1500 574 1569 possitis.
630 1498 920 1568 Propterea
956 1513 1055 1553 nos
1083 1514 1297 1569 quoque
1324 1498 1463 1567 apud
1512 1500 1785 1553 caritatem
1823 1514 1914 1552 ve-

338 1600 503 1645 stram
536 1589 878 1659 perlubenter
899 1589 1228 1645 disserimus.
1276 1589 1409 1644 Nam
1435 1590 1522 1660 qui
1550 1606 1642 1644 sua
1668 1591 1913 1645 commit-

342 1681 405 1734 tit
424 1676 550 1734 huic
579 1679 697 1734 loco
727 1679 950 1745 semina,
974 1695 1081 1735 non
1111 1695 1173 1734 ea
1203 1695 1357 1734 secus
1385 1681 1523 1735 viam
1553 1680 1781 1749 projicit,
1815 1695 1916 1735 nec

340 1772 395 1826 in
422 1772 603 1840 spinas
631 1770 889 1839 effundit,
917 1787 1090 1842 neque
1124 1786 1284 1841 supra
1314 1783 1518 1843 petram
1544 1775 1812 1827 seminat:
1842 1773 1915 1825 ita

336 1863 551 1933 pinguis
575 1873 629 1919 et
660 1862 851 1918 fertilis
875 1872 957 1918 est
980 1878 1105 1932 ager
1132 1874 1340 1930 vester,
1377 1874 1431 1918 et
1453 1864 1631 1918 omnia
1660 1878 1783 1933 qua:
1817 1876 1916 1917 suo

335 1954 460 2011 sinu
482 1954 755 2023 exceperit
786 1954 1208 2023 multiplicantur
1228 1955 1295 2008 ab
1318 1968 1385 2009 eo
1409 1954 1635 2009 semina.

409 2046 697 2099 Attentione
723 2045 1010 2098 auditorum
1040 2046 1288 2109 excitata,
1332 2044 1598 2114 perpendit
1621 2042 1805 2112 agendi
1832 2058 1920 2095 ra-

341 2136 527 2191 tionem
551 2134 707 2189 Pauli
742 2134 951 2188 Petrum
979 2136 1329 2204 uituperantis.
1356 2164 1429 2175 —
1460 2134 1838 2189 Verumtamen
1872 2132 1918 2186 si

340 2240 591 2294 umquam
617 2238 881 2279 summam
924 2224 1251 2279 alacritatem
1295 2224 1496 2287 animi,
1546 2235 1920 2292 summumque

340 2315 574 2370 studium
600 2314 865 2369 audiendo
891 2316 1202 2369 concionem
1224 2315 1541 2370 exhibuistis
1562 2358 1578 2379 ,
1608 2315 1745 2369 sicut
1772 2329 1917 2369 sem-

342 2420 442 2475 per
467 2405 781 2460 exbibuistis
798 2445 815 2470 ,
841 2405 980 2461 banc
1003 2414 1057 2461 et
1083 2406 1347 2461 hodierno
1369 2406 1457 2461 die
1481 2406 1611 2460 mihi
1650 2415 1772 2475 peto
1794 2421 1921 2476 gra-

343 2498 471 2551 tiam
496 2496 739 2553 concedi.
778 2497 963 2566 Neque
986 2499 1129 2553 enim
1158 2498 1226 2554 de
1251 2500 1415 2554 rebus
1438 2499 1741 2569 vulgaribus
1766 2499 1922 2555 nobis

340 2596 425 2641 est
461 2586 722 2654 agendum
749 2627 762 2649 ,
790 2587 887 2641 sed
913 2587 981 2642 de
1009 2588 1073 2641 iis
1101 2604 1220 2658 qua:
1261 2589 1435 2659 magni
1482 2598 1607 2642 sunt
1642 2589 1921 2644 momenti.

340 2675 601 2745 Quocirca
626 2676 752 2730 mihi
781 2677 1175 2747 perspicacibus
1200 2694 1333 2747 opus
1358 2688 1440 2732 est
1471 2680 1661 2742 oculis,
1689 2679 1918 2732 excitata

342 2778 542 2833 mente,
566 2783 629 2822 ac
650 2768 894 2823 sensibus
924 2770 1140 2833 erectis,
1155 2779 1354 2823 attenta
1370 2770 1712 2840 cogitatione,
1741 2770 1923 2824 animo

344 2859 573 2917 insomni
601 2873 663 2913 ac
688 2859 943 2930 vigilanti.
993 2859 1287 2916 Audivistis
1313 2861 1455 2915 enim
1492 2869 1679 2915 omnes
1704 2870 1921 2930 aposto-

345 2951 504 3007 licam
543 2954 824 3008 lectionem
857 2972 870 3007 :
898 2962 954 3009 et
981 2955 1027 3009 si
1056 2952 1177 3022 quis
1202 2952 1485 3025 diligenter
1512 2952 1739 3012 attendit
1770 2953 1835 3010 ad
1860 2968 1923 3013 ea

343 3059 462 3112 qua:
489 3044 620 3097 lecta
647 3053 808 3107 sunt,
861 3058 1049 3113 magna
1093 3044 1247 3100 nobis
1292 3047 1583 3100 certamina
1612 3048 1925 3117 laboresque

344 3135 499 3190 nobis
525 3134 782 3191 hodierno
801 3135 889 3190 die
910 3138 1207 3206 propositos
1222 3151 1340 3193 esse
1359 3140 1625 3208 cognovit.
1646 3138 1771 3193 Cum
1793 3140 1922 3193 enim

345 3227 586 3293 venisset,
636 3228 839 3297 inquit,
894 3226 1076 3282 Petrus
1104 3228 1459 3297 Antiochiam,
1488 3231 1542 3284 in
1572 3230 1755 3301 faciem
1774 3232 1819 3285 ei
1839 3247 1925 3285 re-

346 3319 449 3375 nus
478 3317 694 3389 (6.11.2.
729 3317 839 3386 ιι).

414 3411 469 3464 2.
498 3408 762 3480 Numquid
791 3426 1215 3481 unumquemque
1238 3421 1472 3467 vestrum
1496 3413 1596 3469 hoc
1622 3414 1922 3481 conturbat,

346 3502 470 3557 dum
497 3502 645 3557 audit
664 3503 822 3558 Petro
847 3503 1105 3558 restitisse
1134 3504 1355 3559 Paulum
1388 3522 1402 3558 :
1426 3506 1701 3560 columnas
1726 3506 1926 3560 scilicet

347 3592 601 3651 Ecclesia:
631 3593 770 3648 inter
796 3608 854 3648 se
883 3593 1058 3648 collidi
1079 3634 1094 3657 ,
1134 3603 1294 3665 atque
1331 3594 1383 3649 in
1410 3610 1471 3650 se
1496 3594 1722 3651 invicem
1748 3596 1925 3649 incur-

346 3685 502 3740 rere?
547 3685 818 3755 Siquidem
859 3700 984 3740 vere
1026 3686 1287 3740 columna:
1323 3695 1447 3739 sunt
1491 3686 1619 3752 isti,
1664 3687 1756 3756 qui
1802 3687 1925 3743 lidci

347 3782 541 3829 tectum
563 3777 823 3829 sustinent
849 3783 903 3828 et
928 3785 1158 3844 gestant,
1185 3784 1240 3829 et
1262 3776 1525 3829 columna:
1552 3787 1608 3830 et
1633 3792 1925 3845 propugna.

346 3865 485 3929 cula,
513 3874 566 3919 et
591 3865 844 3919 Ecclesiae
868 3865 1109 3933 corporis
1145 3865 1283 3919 oculi
1304 3905 1319 3928 ,
1364 3874 1419 3918 et
1458 3866 1717 3920 bonorum
1752 3867 1925 3923 fontes

345 3970 409 4016 ac
438 3955 699 4019 thesauri,
731 3962 787 4010 et
812 3965 994 4024 portus
1014 3995 1029 4020 ,
1065 3964 1119 4009 et
1145 3954 1515 4025 quodcumque
1542 3956 1737 4010 dixerit
1775 3958 1924 4026 quis-

350 4045 510 4113 piant,
534 4044 758 4099 necdum
786 4053 961 4099 tamen
982 4060 1164 4099 eorum
1195 4045 1503 4115 dignitatem
1533 4046 1765 4115 aequabit
1788 4065 1803 4102 :
1831 4046 1925 4101 sed

346 4145 544 4205 quanto
572 4136 802 4205 majores
822 4144 977 4190 erunt
1001 4135 1205 4203 laudes,
1236 4145 1383 4190 tanto
1410 4136 1610 4206 majora
1642 4136 1795 4191 nobis
1824 4137 1925 4191 ob-

344 4227 483 4295 jecta
504 4237 660 4283 erunt
685 4228 1000 4282 certamina.
1046 4228 1320 4283 Attendite
1346 4229 1505 4298 igitur
1531 4247 1544 4283 :
1568 4245 1666 4298 pro
1687 4230 1925 4301 patribus

348 4318 491 4373 enim
522 4319 676 4374 nobis
704 4319 987 4373 dicendum
1015 4328 1126 4385 est,
1177 4329 1235 4374 ut
1261 4320 1499 4389 conjecta
1532 4321 1584 4375 in
1608 4337 1703 4376 eos
1741 4337 1771 4375 a
1801 4337 1925 4391 pro.

349 4412 485 4468 fanis
532 4421 587 4466 et
624 4426 655 4465 a
696 4411 820 4467 ﬁdei
865 4410 1106 4467 hostibus
1148 4412 1369 4467 crimina
1414 4413 1737 4469 refellamus.
1796 4414 1926 4470 Cum

348 4514 515 4557 autem
548 4504 757 4557 venisset
788 4503 973 4559 Petrus
1010 4504 1359 4571 Antiochiam,
1393 4506 1446 4559 in
1471 4508 1648 4576 {aciem
1674 4509 1717 4561 ei
1741 4508 1922 4575 restiti,

346 4595 466 4662 quia
483 4594 882 4663 reprehensibilts
904 4605 1009 4648 erat
1036 4594 1176 4662 (Gal.
1206 4595 1263 4650 2.
1291 4597 1500 4665 ll-H).
1550 4597 1750 4653 Deinde
1776 4598 1927 4653 addi-

351 4700 435 4743 tur
452 4700 611 4740 causa
641 4686 1069 4755 reprehensionis
1103 4704 1116 4740 :
1143 4686 1299 4740 Prius
1329 4688 1458 4741 enim
1479 4728 1494 4753 ,
1526 4705 1676 4758 quam
1706 4690 1926 4743 uenirent

346 4775 555 4843 quidam
592 4774 868 4840 alacobo,
913 4793 1027 4830 cum
1072 4777 1300 4848 gentibus
1343 4778 1516 4832 edebat
1557 4794 1717 4833 :cum
1758 4792 1927 4833 autem

348 4868 590 4925 uenissent
610 4908 623 4931 ,
650 4867 969 4922 subtrahebat
993 4878 1039 4921 et
1070 4869 1360 4939 segregabat
1383 4885 1438 4923 se
1460 4909 1474 4934 ,
1504 4870 1682 4923 timens
1706 4886 1811 4937 eos,
1838 4872 1927 4938 qui

347 4958 807 5017 “circumcisione
830 4968 993 5012 erant.
1014 4957 1080 5011 Et
1105 4960 1419 5013 simulationi
1442 4961 1548 5029 ejus
1570 4970 1925 5015 consenserunt

346 5048 513 5101 ueteri
559 5048 731 5102 Iudici
754 5089 772 5114 ,
818 5050 891 5102 ita
929 5058 983 5103 ut
1029 5060 1073 5102 et
1117 5049 1377 5104 Barnabas
1403 5051 1665 5106 duceretur
1686 5052 1746 5105 ab
1776 5054 1847 5106 eis
1872 5051 1926 5107 in

348 5141 492 5197 illam
527 5140 912 5195 simulationem.
944 5142 1050 5195 Sed
1070 5158 1186 5195 cum
1214 5143 1443 5196 vidissem
1465 5182 1482 5208 ,
1510 5144 1645 5213 quod
1670 5159 1771 5198 non
1795 5155 1928 5199 recte

348 5231 660 5285 ambularent
704 5232 773 5285 ad
807 5234 1077 5287 ueritatem
1104 5235 1344 5305 evangelii
1368 5275 1383 5299 ,
1434 5234 1543 5288 dixi
1577 5234 1727 5289 Petro
1754 5252 1925 5289 coram

349 5322 597 5377 autnibtts.
644 5322 711 5377 Et
730 5339 889 5393 supra
914 5325 1082 5389 dicit,
1126 5323 1192 5378 In
1212 5327 1393 5395 faciem
1414 5366 1431 5391 ,
1460 5336 1514 5380 et
1543 5326 1643 5380 hoc
1668 5326 1806 5391 loco,
1828 5326 1928 5381 Co-

347 5429 457 5467 ram
499 5414 750 5470 omnibus.
798 5413 988 5471 Notate
1017 5415 1155 5470 istud
1186 5415 1326 5485 quod
1348 5416 1481 5470 dixit
1510 5433 1524 5470 :
1554 5415 1738 5471 Coram
1757 5418 1924 5471 omni-

348 5502 458 5556 bus.
498 5504 563 5558 Si
601 5514 653 5556 tu
674 5520 788 5559 cum
810 5504 1024 5560 Indicus
1051 5507 1140 5569 sis.
1180 5508 1433 5578 gentiliter
1454 5508 1596 5571 vinis,
1624 5518 1669 5562 et
1695 5525 1793 5562 non
1821 5508 1923 5562 Ju-

348 5593 491 5648 daice
511 5635 529 5662 ,
583 5598 834 5664 quomodo
885 5608 1052 5668 gentes
1102 5598 1240 5669 cogis
1291 5596 1613 5653 Judaisare?
1677 5600 1926 5655 Fortasse

348 5682 568 5739 Paulum
601 5685 671 5740 ob
695 5688 944 5758 loquendi
969 5689 1268 5745 libertatem
1313 5689 1598 5757 laudastis,
1626 5692 1766 5761 quod
1798 5709 1922 5760 per-

350 5787 497 5836 sonat
545 5774 854 5848 dignitatem
901 5794 1009 5838 non
1062 5780 1358 5851 reveritus,
1405 5790 1620 5851 propter
1658 5782 1919 5853 evangelii

1363 403 1423 462 IN
1461 401 1689 467 lLLUD,
1729 395 1796 454 IN
1835 386 2088 450 FAClEM
2128 383 2198 445 El
2233 384 2520 445 RESTI‘I'L

3483 386 3590 446 τη

2016 496 2294 551 veritatem
2316 502 2603 565 praesentes
2625 508 2730 549 non
2755 492 3043 549 erubuerit.
3074 494 3143 549 At
3167 494 3290 550 licet
3307 510 3370 551 ea
3386 495 3454 553 sit
3481 497 3592 553 laus

2014 587 2186 653 Pauli,
2216 598 2455 644 nostrum
2485 585 2538 639 in
2567 584 2798 640 dedecus
2824 584 2950 640 illud
2976 584 3137 640 cedit.
3166 585 3303 651 Quid
3327 587 3468 640 enim
3498 602 3591 641 re-

2016 678 2120 732 fert
2142 677 2281 748 quod
2309 686 2453 731 recte
2489 675 2685 730 Paulus
2729 675 2991 745 gesserit?
3031 675 3101 729 At
3136 675 3275 729 male
3296 674 3464 744 gessit
3490 675 3592 730 Pe-

2016 778 2150 834 trus,
2182 768 2440 838 siquidem
2479 783 2586 822 non
2614 775 2761 822 recte
2790 765 3114 822 ambulabat.
3151 765 3287 833 Quid
3310 781 3440 836 ergo
3463 766 3591 820 milii

2014 861 2253 931 prodest,
2279 861 2490 929 quando
2510 860 2645 913 alter
2663 875 2726 913 ex
2751 858 2865 928 biga
2893 872 3063 929 equus
3088 856 3385 911 claudicat?
3413 857 3594 926 Neque

2017 953 2159 1005 enim
2191 950 2318 1005 mihi
2345 966 2466 1004 cum
2495 950 2660 1004 Paulo
2690 966 2776 1004 res
2801 958 2908 1014 est,
2936 948 3028 1005 sed
3056 964 3180 1004 cum
3208 948 3459 1018 profanis.
3505 947 3594 1001 ld-

2013 1044 2158 1097 circo
2184 1043 2343 1097 etiam
2363 1044 2606 1105 obsecro,
2637 1052 2696 1095 ut
2720 1042 3029 1096 attendatis.
3056 1041 3269 1095 Etenim
3298 1039 3593 1097 accusatio-

2014 1148 2135 1186 nem
2165 1147 2352 1202 augeo,
2378 1132 2779 1202 gravioremque
2804 1131 2989 1195 reddo,
3023 1140 3079 1185 ut
3098 1131 3329 1185 studium
3356 1138 3590 1185 vestrum

2015 1224 2264 1278 excitem.
2312 1223 2411 1288 Qui
2438 1223 2578 1277 enim
2607 1224 2659 1276 in
2689 1223 2978 1277 certamine
3004 1232 3249 1276 versatur
3270 1261 3286 1286 ,
3312 1222 3516 1291 vigilat,
3545 1228 3596 1277 et

2014 1316 2103 1383 qui
2132 1331 2226 1384 pro
2250 1324 2400 1383 patre
2426 1314 2633 1379 metuit,
2666 1324 2747 1367 est
2785 1322 3019 1367 attentus
3043 1329 3056 1366 ε
3083 1312 3172 1381 qui
3200 1311 3595 1365 accusationem

2017 1406 2196 1469 audit,
2230 1415 2377 1474 optat
2404 1404 2649 1474 excipere
2675 1404 3063 1460 defensionem.
3106 1403 3165 1458 Si
3192 1416 3318 1472 ergo
3345 1400 3597 1469 incipiam

2015 1495 2403 1548 accusationem
2428 1508 2643 1562 augere,
2662 1509 2729 1548 ne
2753 1492 2995 1547 exanimi
3024 1492 3127 1546 mei
3154 1490 3411 1546 sententia
3434 1488 3597 1544 verba

2017 1585 2103 1638 illa
2142 1583 2363 1655 proferri
2407 1584 2689 1641 censeatis.
2738 1582 3004 1637 Profunda
3028 1582 3222 1652 quippe
3247 1591 3477 1635 mentem
3501 1593 3598 1635 ex-

2016 1691 2182 1741 cavo,
2234 1684 2289 1729 et
2314 1674 2471 1729 altius
2511 1674 2564 1729 in
2608 1675 2787 1727 animo
2813 1673 2990 1727 sulcos
3019 1688 3151 1742 ago,
3198 1681 3256 1726 ut
3284 1669 3595 1740 profundius

2014 1766 2170 1835 jacta:
2195 1765 2471 1819 sententiae
2496 1765 2734 1818 tenacius
2774 1765 3041 1828 hazreant,
3069 1771 3125 1817 et
3167 1762 3307 1838 fideli
3337 1759 3595 1816 memoria

2020 1867 2316 1912 teneantur.
2365 1856 2470 1910 Sed
2498 1864 2552 1909 et
2590 1856 2641 1909 in
2673 1856 2882 1910 laudem
2903 1855 3049 1909 urbis
3071 1864 3261 1908 vestra:
3291 1854 3370 1925 (a)
3398 1850 3599 1907 cedunt

2018 1962 2138 2016 quae
2165 1945 2427 2000 dicentur.
2460 1946 2550 1999 llla
2574 1947 2769 2015 quippe
2794 1955 3063 1999 certamen
3098 1944 3344 2012 excepit,
3384 1942 3472 1996 illa
3504 1956 3600 2011 pu-

2021 2051 2179 2105 gnam
2211 2054 2225 2090 :
2253 2035 2361 2089 imo
2390 2049 2520 2089 vero
2548 2050 2655 2090 non
2706 2050 2933 2105 pugnam
2960 2071 2977 2100 ,
3024 2032 3121 2089 sed
3161 2047 3283 2102 quas
3320 2030 3602 2085 videbatur

2024 2142 2146 2183 esse
2176 2141 2371 2197 pugna,
2400 2138 2653 2182 czeterum
2683 2140 2813 2195 pace
2834 2124 3022 2195 quavis
3050 2124 3227 2179 utilior
3246 2121 3465 2177 exstitit.
3484 2119 3598 2174 Non

2021 2219 2164 2275 enim
2193 2218 2261 2272 ita
2290 2217 2527 2272 membra
2558 2226 2740 2271 nostra
2780 2230 3065 2272 nervorum
3105 2212 3434 2283 amplexibus
3464 2211 3603 2265 inter

2023 2325 2083 2365 se
2100 2309 2394 2379 junguntur
2416 2346 2431 2371 ,
2460 2318 2516 2363 ut
2541 2307 2767 2378 apostoli
2792 2306 3028 2362 caritatis
3053 2312 3207 2361 erant
3230 2303 3369 2357 inter
3394 2314 3458 2356 se
3484 2298 3603 2353 vin-

2021 2402 2158 2456 culis
2185 2399 2437 2469 copulati.

2093 2492 2148 2546 5.
2180 2489 2459 2544 Laudastis
2503 2488 2755 2542 Paulum?
2792 2486 2985 2541 Audite
3022 2500 3155 2555 ergo
3198 2497 3306 2554 quo
3350 2490 3504 2551 pacto
3530 2478 3599 2534 ad

2024 2581 2415 2637 accusationem
2466 2578 2681 2633 tendant
2725 2576 2904 2644 Pauli,
2951 2591 3071 2645 qua:
3117 2573 3257 2628 dicta
3298 2582 3453 2639 sunt,
3498 2568 3604 2624 nisi

2024 2689 2188 2729 unum
2215 2673 2443 2741 aliquem
2482 2671 2535 2724 in
2576 2669 2753 2724 verbis
2781 2666 3147 2723 absconditum
3172 2678 3389 2719 sensum
3416 2660 3604 2716 observ

2028 2778 2234 2819 vemus.
2268 2763 2403 2830 Quid
2433 2763 2547 2830 ais,
2588 2776 2623 2815 ο
2660 2760 2861 2816 Paule?
2891 2756 3177 2831 lncrepasti
3208 2755 3451 2822 Petrum,
3482 2766 3604 2809 cum

2025 2854 2177 2909 illum
2205 2853 2416 2911 videres
2441 2854 2505 2909 ad
2537 2852 2810 2909 veritatem
2843 2851 3103 2921 evangelii
3146 2864 3251 2905 non
3289 2855 3434 2902 recte
3461 2845 3607 2900 inceo

2027 2949 2189 3004 dere?
2218 2948 2363 3003 liene
2405 2946 2586 3001 habet.
2617 2946 2726 2999 Cur
2771 2945 2928 3014 igitur
2953 2942 3017 2996 In
3044 2940 3260 3012 (aciem?
3294 2954 3389 2993 cur
3425 2935 3607 2990 Coram

2026 3039 2291 3095 omnibus?
2308 3039 2494 3093 Nonne
2514 3038 2734 3092 remotis
2760 3034 2973 3089 arbitris
3000 3032 3112 3086 fieri
3138 3026 3605 3100 reprehensionem

2027 3130 2299 3201 oportuit?
2327 3131 2396 3184 At
2424 3137 2477 3183 tu
2506 3125 2773 3197 quomodo
2800 3124 3008 3194 publice
3036 3120 3293 3190 judicium
3340 3117 3569 3173 instituis
3588 3154 3605 3180 ,

2026 3230 2081 3276 et
2108 3220 2302 3276 multos
2330 3218 2683 3274 accusationis
2721 3223 2884 3270 testes
2916 3210 3129 3268 reddis?
3158 3209 3289 3277 Quis
3324 3224 3431 3263 non
3466 3207 3610 3262 dicet

2028 3311 2153 3366 odio
2182 3310 2491 3379 impellente
2514 3307 2617 3362 hoc
2644 3322 2672 3358 a
2705 3314 2756 3359 te
2781 3304 2917 3368 fieri,
2949 3301 3032 3357 vel
3060 3316 3125 3355 ex
3155 3297 3349 3353 invidia
3377 3296 3461 3351 vel
3490 3304 3607 3350 stu-

2026 3400 2116 3455 dio
2143 3397 2535 3455 contentionis?
2563 3395 2748 3451 Nonne
2780 3404 2833 3447 tu
2859 3408 2917 3446 es
2946 3391 3034 3445 ille
3052 3431 3067 3457 ,
3098 3387 3186 3458 qui
3211 3387 3453 3449 dicebas,
3495 3382 3602 3437 Fa-

2035 3500 2143 3543 ctus
2170 3506 2283 3543 sum
2310 3488 2526 3557 inﬁrmis
2568 3496 2623 3539 ut
2665 3484 2898 3553 inﬁrmus
2944 3482 3020 3553 (l.
3061 3478 3179 3534 Cor.
3210 3478 3265 3534 9.
3308 3476 3436 3547 23)?
3474 3473 3608 3541 Quid

2030 3598 2190 3652 porro
2216 3592 2327 3647 est,
2365 3580 2594 3648 In/irmis
2638 3588 2693 3632 ut
2737 3576 3013 3647 inﬁrmus?
3049 3571 3524 3634 Condesccndens.
3555 3578 3610 3624 et

2028 3674 2300 3728 occultans
2330 3671 2543 3726 illorum
2569 3669 2809 3728 vulnera,
2839 3665 3030 3737 inquit,
3060 3678 3233 3734 neque
3260 3662 3569 3732 permittens
3587 3698 3604 3724 ,

2028 3776 2084 3820 ut
2115 3766 2167 3819 in
2210 3763 2590 3832 impudentiam
2637 3759 3064 3829 prolaberentur.
3113 3754 3323 3824 Ergone
3366 3751 3453 3821 qui
3482 3763 3608 3819 erga

2028 3854 2314 3922 discipulos
2359 3852 2495 3905 adeo
2532 3851 2796 3904 sollicitus
2850 3847 2993 3901 fuisti
3041 3854 3094 3899 et
3144 3843 3430 3912 benignus,
3481 3853 3608 3909 erga

2027 3942 2389 4010 coapostolum
2419 3939 2650 3994 crudelis
2676 3937 2934 3992 evasisti?
2958 3935 3073 3989 Non
3098 3933 3310 3987 audiisti
3340 3932 3605 3986 Christum

2028 4032 2329 4095 dicentem,
2360 4030 2483 4084 Cum
2530 4028 2805 4099 peccaverit
2842 4031 3005 4096 frater
3031 4035 3178 4089 tuus,
3217 4023 3372 4087 eode,
3411 4022 3609 4092 corripe

2029 4141 2142 4178 eum
2174 4125 2301 4177 inter
2328 4132 2377 4177 te
2399 4132 2446 4177 et
2470 4123 2639 4190 ipsum
2665 4121 2829 4175 solum
2856 4116 3069 4187 (Matth.
3102 4115 3189 4170 18.
3222 4113 3346 4184 l5)?
3376 4114 3445 4167 At
3473 4120 3527 4167 tu
3554 4120 3608 4166 et

2033 4216 2237 4285 publice
2261 4214 2503 4283 corripis,
2537 4222 2593 4267 et
2618 4228 2677 4267 re
2707 4218 3001 4280 perpetrata
3031 4205 3293 4278 gloriaris.
3321 4204 3449 4259 Cum
3474 4204 3606 4257 enim

2028 4310 2236 4363 uenisset
2264 4306 2466 4373 Petrus,
2500 4304 2688 4374 inquit,
2715 4301 3053 4362 Antiochiam,
3077 4300 3131 4353 in
3154 4298 3335 4368 [aciem
3357 4296 3400 4350 ei
3424 4293 3604 4350 restiti.

2028 4399 2211 4469 Neque
2250 4398 2460 4469 publice
2502 4404 2703 4450 tantum
2745 4391 3005 4461 corripis,
3049 4389 3144 4445 sed
3181 4388 3341 4444 etiam
3382 4387 3524 4443 velut
3552 4386 3605 4442 iu

2028 4491 2276 4545 columna
2317 4488 2545 4560 quadam
2593 4484 2762 4540 literis
2805 4483 3036 4539 exaratis
3066 4496 3292 4551 pugnam
3338 4479 3481 4534 illam
3521 4477 3605 4533 in-

2030 4585 2227 4655 sculpis
2251 4625 2267 4648 ,
2302 4583 2367 4637 ad
2396 4578 2708 4637 memoriam
2735 4578 2853 4631 facti
2878 4576 3293 4645 sempiternam:
3317 4582 3373 4627 ut
3400 4586 3506 4626 non
3531 4570 3607 4625 illi

2031 4685 2234 4730 tantum
2258 4674 2346 4743 qui
2367 4672 2608 4735 aderant,
2631 4668 2725 4724 sed
2747 4678 2801 4722 et
2823 4680 3009 4720 omnes
3028 4664 3117 4735 qui
3139 4664 3322 4719 orbem
3345 4672 3606 4716 terrarum

2030 4765 2269 4820 incolunt
2295 4762 2569 4825 homines,
2599 4774 2665 4815 ex
2694 4758 2915 4829 epistola
2945 4772 3057 4810 rem
3087 4754 3232 4810 illam
3262 4760 3606 4823 cognoscant.

2029 4855 2237 4912 Siccine
2262 4865 2435 4909 tecum
2454 4859 2674 4922 egerunt
2696 4846 2922 4918 apostoli
2951 4844 3322 4915 Jerosolymis,
3346 4857 3469 4897 cum
3490 4850 3610 4911 post

2030 4962 2199 5001 annos
2228 4942 2628 5015 quatuordecim
2668 4937 2974 5002 ascendisti,
3021 4946 3077 4990 ut
3113 4931 3445 5003 evangelium
3486 4945 3608 4985 cum

2031 5040 2139 5095 illis
2162 5034 2468 5093 conferres?
2492 5032 2682 5089 Nonne
2707 5039 2761 5085 tu
2788 5028 2941 5091 dicis,
2972 5025 3099 5080 Post
3122 5038 3283 5078 annos
3306 5020 3610 5092 quatuorde-

2032 5132 2134 5184 cim
2174 5128 2413 5191 ascendi,
2451 5134 2496 5179 et
2524 5122 2712 5178 contuli
2756 5135 2869 5174 cum
2911 5118 2983 5171 eis
3019 5112 3357 5185 evangelium,
3387 5125 3611 5165 seorsum

2029 5239 2143 5279 vero
2164 5238 2279 5275 cum
2309 5220 2371 5274 iis
2398 5218 2484 5289 qui
2511 5214 2805 5271 uidebantur
2829 5210 3021 5278 aliquid
3046 5224 3152 5263 esse
3179 5204 3318 5275 (Gal.
3346 5204 3401 5258 2.
3432 5204 3484 5257 l.
3514 5202 3614 5269 2)?

2027 5316 2164 5382 Quid
2191 5312 2380 5383 igitur?
2410 5311 2543 5365 Num
2574 5322 2814 5363 seorsum
2839 5303 3085 5360 conferre
3111 5311 3163 5356 te
3188 5300 3452 5355 volentem
3485 5312 3615 5366 pro-

2031 5408 2339 5469 hibuerunt,
2370 5413 2425 5457 et
2454 5403 2506 5456 in
2536 5400 2769 5455 medium
2796 5396 3150 5459 adduxerunt,
3178 5403 3338 5463 atque
3365 5388 3619 5445 omnibus

2030 5495 2415 5569 prodiderunt?
2444 5492 2557 5547 Dici
2586 5506 2693 5545 non
2720 5497 2913 5559 potest.
2953 5486 3071 5541 .lam
3100 5494 3153 5539 tu
3193 5485 3349 5554 igitur
3372 5494 3617 5536 sect-sum

2032 5588 2279 5649 confers,
2328 5599 2427 5639 nec
2472 5582 2615 5636 ullus
2654 5577 3011 5635 contradicit:
3042 5584 3100 5631 tu
3144 5588 3272 5629 vero
3312 5569 3614 5642 apostolum

2031 5682 2205 5753 palam
2238 5677 2506 5734 traducis?
2542 5676 2623 5730 An
2650 5688 2778 5729 vero
2803 5679 3007 5726 tantum
3042 5669 3151 5725 illic
3188 5662 3614 5725 benevolentiam

2100 5796 2174 5859 (a)
2212 5792 2469 5843 sntiocltite
2502 5785 2886 5840 habitaestttac
2915 5791 3084 5834 αἰίη.
