4082 6212
510 380 615 438 375

501 497 711 552 illorum
754 499 1008 562 expertus
1047 489 1142 545 es?
1185 490 1262 544 Ae
1305 503 1409 544 non
1453 496 1563 543 tum
1616 488 1811 555 etiam,
1855 501 1978 542 eum
2005 493 2086 541 tot

498 584 749 638 adessent
776 580 937 635 millia
966 579 1273 634 Judzeorum
1298 619 1315 646 ,
1346 594 1523 634 nonne
1548 578 1746 634 eadem.
1775 592 1909 648 erga.
1927 585 1980 631 te
2002 575 2083 632 usi

500 684 624 729 sunt
635 672 928 743 sapientia?
940 686 1117 727 nonne
1130 681 1180 727 te
1193 670 1416 726 seorsim
1429 679 1699 742 assumpto
1709 669 1801 724 tibi
1812 669 2081 736 dixerunt,

509 764 659 820 Vides
683 769 839 835 frater
862 804 878 831 ,
907 772 1025 835 quot
1044 763 1205 818 millia
1228 773 1343 819 sunt
1365 762 1666 817 Judwerum
1684 804 1700 830 ,
1728 764 1813 832 qui
1838 776 2083 816 consene-

502 865 641 921 runt,
659 865 706 908 et
734 854 787 909 hi
809 871 982 909 omnes
1006 855 1325 909 mulatores
1349 864 1468 908 sunt
1491 854 1632 924 legis,
1662 862 1709 907 et
1736 853 2000 907 audierunt
2020 851 2085 906 de

501 959 579 1013 te,
628 948 744 1016 quia
784 946 1137 999 discessionem
1179 945 1359 998 doceas
1394 960 1426 996 a
1469 944 1592 1014 lege.
1644 943 1779 1010 Quid
1816 959 1934 1013 ergo
1972 941 2083 996 est?

499 1037 609 1091 Fac
630 1038 765 1107 quod
786 1036 875 1091 tibi
895 1037 1127 1091 dicimus.
1144 1036 1278 1091 Sunt
1297 1037 1426 1089 inter
1450 1052 1539 1089 nos
1558 1036 1648 1088 viri
1665 1043 1831 1088 votum
1847 1034 2081 1087 habentes

497 1148 649 1201 super
672 1148 726 1185 se
749 1146 767 1185 :
788 1131 867 1186 his
894 1130 1164 1200 assumptis
1188 1129 1367 1182 radere
1392 1144 1506 1182 cum
1535 1127 1655 1190 illis,
1680 1135 1727 1179 et
1750 1125 2010 1193 sanctifica
2034 1131 2084 1176 te

496 1238 611 1275 cum
637 1223 758 1287 illis,
792 1231 846 1275 ut
874 1222 1105 1284 discant,
1131 1221 1251 1288 quia
1292 1235 1404 1288 qua
1427 1219 1489 1273 de
1518 1228 1565 1272 te
1606 1218 1907 1281 audierunt,
1949 1215 2082 1286 falsa

497 1322 613 1367 sunt
662 1314 792 1384 (Act.
837 1313 926 1366 2i.
964 1310 1201 1382 20.44).
1243 1310 1402 1364 Vides
1446 1318 1504 1367 ut
1553 1307 1929 1363 existimationi
1974 1315 2079 1362 tum

499 1403 751 1472 parcant?
798 1412 854 1455 ut
901 1410 955 1455 te
1003 1400 1415 1470 dispensationis
1459 1400 1602 1454 illius
1647 1398 1752 1453 sub
1797 1396 1942 1451 larva
1988 1410 2082 1451 oc-

500 1493 719 1556 cultent,
753 1502 807 1547 et
826 1492 1087 1546 sacriﬁcio
1115 1505 1178 1545 ac
1203 1488 1707 1544 sanctiﬁcationibus
1727 1485 2079 1555 teobtegant?

498 1578 606 1635 Cur
645 1597 750 1634 non
792 1581 1035 1636 eamdem
1064 1591 1118 1634 tu
1147 1595 1357 1649 quoque
1383 1578 1792 1633 sollicitudinem
1822 1575 2078 1631 exhibes?

570 1673 625 1726 4.
657 1672 942 1727 Enimvero
970 1672 1012 1726 si
1044 1687 1169 1726 vere
1199 1685 1369 1740 pugna
1408 1679 1551 1725 esset
1588 1684 1677 1723 res
1719 1670 1819 1722 ista
1856 1678 1910 1723 et
1945 1684 2078 1721 con-

498 1761 702 1827 tentio,
760 1762 841 1815 his
889 1760 1317 1816 accusationibus
1369 1760 1519 1815 locus
1569 1758 1893 1827 essetzjarn
1948 1771 2079 1811 vero

496 1859 701 1904 certum
728 1860 810 1905 est
835 1866 941 1905 non
968 1865 1087 1905 esse
1112 1866 1362 1920 pugnam,
1391 1849 1485 1904 sed
1513 1848 1681 1904 videri
1702 1848 1935 1918 quidem,
1964 1862 2081 1901 ma»

494 1955 653 2010 gnam
679 1955 806 1994 vero
842 1940 987 1994 Pauli
1024 1949 1077 1993 et
1102 1941 1242 1995 Petri
1274 1940 1585 2009 sapientiam
1606 1980 1622 2007 ,
1666 1948 1721 1993 et
1769 1939 1908 1992 inter
1934 1938 2078 2006 ipsos

494 2040 731 2086 mutuam
773 2032 1194 2087 benevolentiam
1222 2049 1332 2105 pra:
1374 2048 1433 2088 se
1462 2032 1624 2088 ferre.
1653 2032 1866 2086 Interim
1898 2040 2074 2086 tamen

493 2119 664 2187 hanc,
710 2138 831 2191 qua:
864 2122 985 2176 talis
1012 2123 1222 2177 videtur
1250 2138 1403 2189 esse,
1447 2123 1840 2179 accusationem
1889 2121 2076 2176 audia.

493 2228 632 2267 mus.
662 2212 787 2268 Cant
813 2224 981 2269 autem
1000 2217 1207 2269 venisset
1238 2215 1423 2269 Petrus
1450 2214 1789 2278 Antiochiam,
1814 2215 1867 2267 in
1892 2214 2076 2283 facient

492 2304 539 2356 ei
567 2305 743 2359 restiti.
770 2304 938 2370 Quam
968 2306 1038 2360 ob
1076 2304 1324 2359 causam?
1357 2305 1489 2370 Quia
1519 2304 1919 2374 reprehensibilis
1947 2311 2077 2356 erat.

491 2394 770 2464 Quodnam
822 2406 999 2452 autem
1053 2412 1220 2465 genus
1262 2406 1342 2452 est
1394 2395 1863 2466 reprehensionis?
1920 2393 2076 2447 Prius

488 2490 654 2558 enim,
691 2508 841 2561 quam
885 2490 1101 2545 venirent
1148 2489 1351 2556 quidam
1380 2505 1412 2543 a
1437 2488 1629 2542 Iacobo
1652 2528 1669 2554 ,
1710 2504 1824 2540 cum
1850 2486 2077 2558 gentibus

489 2582 664 2637 edebat
687 2599 707 2637 :
725 2599 837 2636 cum
864 2595 1029 2637 autem
1056 2582 1331 2647 venissent,
1363 2580 1683 2634 subtrahebat
1707 2590 1755 2633 et
1778 2579 2075 2649 segregabat

489 2690 577 2741 se,
626 2675 805 2728 timens
848 2691 933 2729 eos
979 2677 1065 2745 qui
1094 2692 1157 2730 ea:
1181 2672 1562 2730 circumcisione
1602 2678 1763 2725 eram.
1792 2669 1927 2737 Quid
1956 2669 2075 2723 ais?

488 2762 731 2818 Timidus
756 2764 943 2819 Petrus
968 2805 982 2827 ,
1028 2775 1083 2820 et
1124 2781 1311 2835 parum
1340 2764 1624 2819 strenuus?
1653 2764 1843 2819 Annon
1875 2760 2073 2814 idcirco

490 2855 678 2909 Petrus
694 2865 775 2910 est
795 2856 1112 2925 appellatus,
1134 2856 1275 2926 quod
1298 2856 1619 2911 immobilem
1637 2855 1853 2909 haberet
1873 2851 2031 2909 ﬁdem
2049 2850 2075 2908 ἵ

491 2944 628 3010 Quid
652 2945 786 3014 agis,
807 2947 877 2999 mi
895 2945 1095 2999 homo?
1120 2946 1383 3001 Reverere
1408 2960 1623 3011 nomen,
1646 2945 1786 3015 quod
1811 2943 2070 3015 discipulo

491 3036 742 3106 imposuit
782 3038 1055 3093 Dominus.
1092 3038 1334 3094 Timidus
1377 3038 1567 3093 Petrus
1607 3048 1661 3093 et
1714 3053 1897 3107 parum
1934 3046 2071 3092 stre-

491 3127 668 3181 nuus?
711 3127 779 3182 Et
806 3128 924 3198 quis
948 3127 1050 3183 hoc
1078 3128 1146 3184 ab
1173 3128 1281 3183 ullo
1307 3129 1447 3183 sinat
1473 3128 1763 3184 alﬁrmari?
1799 3127 1914 3184 Non
1955 3127 2072 3183 lucc

487 3217 555 3273 de
596 3219 689 3273 illo
716 3220 896 3275 testari
943 3230 1117 3291 potest
1157 3220 1522 3293 Jerosolyma,
1568 3221 1904 3292 primumque
1942 3219 2071 3276 illud

490 3310 756 3366 theatrum
777 3353 792 3377 ,
841 3322 896 3366 et
926 3312 1161 3367 Ecclesia
1182 3352 1198 3379 ,
1227 3312 1280 3368 in
1310 3328 1467 3383 quam
1498 3312 1701 3383 primus
1729 3309 1988 3382 prosiliit,
2015 3319 2072 3366 et

488 3404 698 3459 beatam
748 3405 888 3459 illam
933 3420 1121 3461 vocem
1165 3405 1365 3473 primus
1409 3405 1587 3461 emisit
1630 3419 1693 3461 ac
1720 3404 1850 3460 dixit
1877 3424 1891 3461 :
1918 3404 2071 3459 Hunc

488 3494 667 3549 Jesum
697 3494 831 3551 Deus
858 3496 1136 3563 suscitavit,
1164 3497 1343 3550 solutis
1380 3496 1641 3551 doloribus
1664 3497 1851 3567 inferni
1871 3496 2066 3567 (Actor.

481 3586 539 3641 2.
573 3588 688 3657 24).
726 3588 791 3641 Et
825 3601 1041 3652 rursus,
1076 3584 1200 3638 Non
1244 3585 1385 3638 enim
1415 3585 1588 3639 David
1616 3588 1854 3641 ascendit
1883 3590 1936 3644 in
1966 3583 2079 3646 cd-

487 3679 618 3733 lum.
665 3676 809 3730 Dicit
855 3686 1031 3729 autent
1080 3675 1212 3742 ipse,
1243 3675 1444 3743 inquit,
1478 3675 1625 3728 Dixit
1679 3676 1935 3732 Dominus
1966 3679 2079 3734 Do-

490 3765 632 3818 mino
664 3781 796 3828 meo,
831 3762 966 3819 Sede
992 3781 1025 3817 a
1064 3763 1265 3817 dextris
1295 3765 1446 3829 meis,
1477 3765 1643 3820 donec
1667 3782 1860 3836 ponam
1898 3768 2081 3824 inimi-

489 3871 578 3909 cos
611 3865 724 3907 tuos
755 3854 1040 3909 scabellum
1068 3854 1259 3922 pedum
1289 3864 1500 3908 tuorum
1525 3854 1633 3926 (Ib.
1668 3873 1715 3912 υ.
1748 3858 1836 3925 δι.
1862 3858 1981 3928 35.)

556 3943 697 3998 Petri
720 3946 999 4000 constantia
1018 3947 1070 4000 in
1097 3944 1296 4002 Christo
1333 3947 1698 4019 pra-dicundo;
1730 3946 1917 4004 Petrus
1943 3950 2065 4005 aliis

486 4036 727 4106 apostolis
750 4036 939 4105 ﬁducia
961 4036 1230 4092 antecellit.
1260 4068 1331 4079 —-
1350 4040 1435 4092 An
1464 4053 1593 4109 ergo
1620 4040 1837 4094 timidus
1856 4049 1939 4096 est
1966 4041 2068 4097 iste

485 4140 548 4181 ac
577 4142 762 4196 parum
790 4136 1060 4195 strenuus,
1098 4128 1188 4199 qui
1220 4138 1367 4183 tanto
1398 4138 1573 4195 metu,
1611 4131 1879 4200 tantisque
1922 4132 2066 4200 peri-

486 4216 619 4272 culis
648 4216 1076 4288 impendentibus
1099 4260 1114 4283 ,
1153 4227 1298 4273 tanta
1325 4235 1446 4274 eum
1478 4219 1670 4275 ﬁducia
1696 4221 1762 4276 ad
1795 4221 1914 4277 illos
1938 4236 2066 4276 san-

485 4312 644 4378 guine
672 4321 853 4380 pastos
881 4325 1044 4366 canes
1067 4352 1083 4377 ,
1114 4310 1365 4367 ardentes
1397 4312 1496 4378 ira,
1524 4311 1723 4367 eaedem
1752 4310 1926 4367 adhuc
1951 4314 2064 4384 spi-

484 4408 664 4454 rantes
683 4408 764 4455 est
785 4401 1160 4471 ingressus,ac
1187 4403 1489 4467 dixitcum,
1520 4404 1611 4472 qui
1638 4404 1707 4457 ab
1740 4404 1871 4473 ipsis
1891 4404 2067 4460 fuerat

481 4490 784 4553 cruciﬁxus,
809 4502 863 4546 et
905 4492 1264 4548 resurrexisse
1304 4509 1332 4546 a
1358 4494 1603 4559 mortuis,
1627 4503 1680 4549 et
1710 4495 1760 4548 in
1788 4494 1919 4547 caelo
1940 4510 2065 4549 vcr-

482 4582 608 4645 sari,
636 4582 701 4635 ad
732 4582 902 4637 Patris
932 4583 1207 4637 dexteram
1239 4584 1426 4638 sedere
1452 4626 1467 4649 ,
1500 4599 1562 4638 ac
1588 4584 1744 4639 malis
1772 4585 2065 4641 innumeris

486 4672 731 4728 inimicos
772 4689 897 4727 suos
924 4674 1197 4728 obruere?
1240 4674 1353 4729 Non
1386 4684 1439 4729 tu
1464 4676 1608 4730 illum
1632 4677 1827 4746 potius,
1858 4692 2061 4747 quaeso,

482 4764 712 4829 miraris,
736 4774 788 4817 et
831 4766 883 4817 in
930 4766 1118 4818 cadum
1144 4766 1323 4830 effers,
1351 4766 1493 4836 quod
1522 4782 1583 4822 os
1607 4768 1878 4833 diducere,
1921 4768 2061 4838 quod

386 4908 390 4912 ,
483 4852 629 4906 labra
652 4854 883 4922 aperire,
913 4855 1052 4921 quod
1080 4857 1399 4927 stare,quod
1421 4872 1739 4928 comparere
1761 4860 1909 4915 solus
1938 4875 2059 4914 cum

483 4942 586 4998 illis
624 4944 875 5014 potuerit,
904 4945 993 5014 qui
1034 4961 1154 4999 eum
1182 4949 1595 5003 cruciﬁxerant?
1620 4950 1750 5017 Quis
1778 4952 1919 5005 enim
1947 4968 2064 5007 sen-

482 5048 590 5098 mo,
620 5050 739 5104 quae
786 5049 935 5089 mens
977 5036 1245 5100 ﬁduciam,
1272 5054 1431 5108 quam
1460 5040 1549 5093 illo
1577 5040 1664 5096 die
1698 5056 1807 5111 prae
1835 5056 1895 5097 se
1920 5043 2059 5111 tulit,

485 5140 548 5179 ac
575 5125 823 5197 loquendi
860 5127 1157 5183 libertatem
1187 5130 1489 5198 exprimere
1520 5133 1749 5199 poterit?
1773 5131 1924 5187 Nulla
1946 5149 2062 5187 om-

489 5217 636 5271 nino.
668 5217 723 5272 Si
750 5218 891 5272 enim
920 5226 1043 5272 ante
1071 5220 1371 5288 paSsionem
1407 5222 1842 5290 conspiraverant
1865 5223 2054 5291 lutlzei,

491 5316 550 5362 ut
577 5310 621 5362 si
648 5309 767 5379 quis
790 5325 908 5364 eum
937 5310 1281 5365 conﬁteretur
1298 5326 1417 5367 esse
1433 5310 1723 5379 Christum,
1744 5324 1897 5369 extra
1927 5333 2060 5383 syn-

487 5414 707 5468 agogam
764 5401 914 5455 ﬁeret
969 5398 1172 5473 (Joan.
1205 5401 1260 5456 9.
1306 5400 1462 5476 22):
1506 5412 1627 5472 post
1671 5404 1967 5472 passionem
2004 5414 2060 5462 et

480 5490 805 5557 sepulturam
835 5491 1113 5547 audientes
1138 5508 1282 5559 eum,
1323 5509 1427 5548 non
1456 5494 1545 5563 qui
1574 5493 1844 5548 Christum
1886 5497 2058 5551 conﬁ-

483 5588 685 5635 teretur
710 5583 905 5649 solum,
951 5583 1046 5639 sed
1084 5594 1140 5639 et
1186 5594 1353 5641 totam
1398 5586 1555 5641 simul
1604 5586 2056 5656 dispensationem

480 5683 687 5725 summa
732 5676 1029 5730 constantia
1076 5677 1428 5746 praedicaret,
1475 5694 1583 5748 quo
1620 5689 1789 5751 pacto,
1820 5695 1924 5735 non
1971 5682 2056 5739 di-

475 5760 800 5834 lacerarunt,
828 5775 883 5822 et
924 5768 1260 5825 membratim
1287 5774 1561 5829 concisum
1593 5772 1889 5830 diviseth
1929 5789 2053 5835 eum

1226 372 1284 427 8.
1328 369 1609 429 JOANNIS
1638 369 2113 429 CHRYSOSTOMI
2149 369 2472 427 ARCHIEP.
2511 372 3050 433 CONSTANTINOP.

3668 399 3788 456 576

2195 501 2405 554 omnes,
2448 502 2537 558 qut
2580 488 2785 559 primus
2820 504 3056 563 Ipsorum
3094 490 3261 549 furori
3297 509 3459 554 ausus
3488 497 3659 561 fuerat
3688 523 3783 562 rc-

2194 578 2390 634 sistere
2414 578 2442 632 γ

2268 670 2322 725 5.
2356 670 2469 728 Hoc
2497 673 2641 728 enim
2663 672 2875 730 demum
2903 684 2986 732 est
3005 677 3278 746 eximium,
3311 696 3417 737 non
3445 686 3587 754 quod
3616 689 3797 744 fuerit

2194 760 2464 817 Christum
2493 764 2790 829 confessus,
2826 766 3086 836 sedquod
3131 779 3263 825 ante
3297 781 3525 830 ereteros
3558 791 3788 842 omnes.

2192 867 2312 907 eum
2340 853 2415 907 illi
2446 852 2689 909 furerent
2714 854 2889 910 adbuc
2925 857 3071 912 caede
3112 860 3415 925 tumefacti,
3440 865 3785 923 conﬁdenter

2189 942 2470 998 confessus
2501 942 2678 999 fuerit.
2698 943 2768 999 Ut
2789 945 3021 1015 igitur-in
3052 946 3193 1002 bello
3211 957 3371 1019 atque
3391 953 3526 1020 acie,
3546 954 3782 1019 cohorte

2191 1035 2515 1090 communita
2536 1077 2554 1103 ,
2601 1036 2748 1091 illum
2778 1037 3040 1108 praecipue
3067 1039 3361 1109 laudamus,
3391 1043 3477 1112 qui
3507 1055 3631 1102 ante
3664 1062 3775 1101 ca:-

2191 1133 2335 1180 teros
2366 1125 2709 1194 prosiluerit,
2745 1126 2965 1197 ejusque
3008 1127 3237 1182 frontem
3290 1134 3585 1202 perruperit
3614 1134 3773 1207 (non

2187 1215 2329 1268 enim
2365 1213 2530 1285 hujus
2552 1224 2761 1270 tantum.
2794 1216 2893 1283 rei,
2923 1217 3016 1271 sed
3057 1229 3122 1272 et
3139 1219 3375 1275 ominum
3400 1262 3414 1284 ,
3442 1238 3559 1292 qua:
3586 1228 3785 1284 ueteri;

2188 1305 2484 1374 patrarint,
2519 1306 2895 1375 praeclarorum
2919 1306 3210 1362 facinorum
3240 1325 3455 1366 causam
3475 1315 3771 1383 praebuisse

2186 1394 2392 1450 dicetur
2423 1436 2440 1462 ,
2488 1397 2575 1467 qui
2611 1397 2745 1451 initii
2776 1406 2830 1451 et
2878 1397 3148 1467 ingressus
3189 1409 3376 1455 auctor
3417 1402 3659 1475 fuerit):
3687 1409 3772 1463 sic

2187 1488 2434 1542 nimirum
2462 1499 2517 1543 et
2546 1488 2613 1543 de
2660 1489 2819 1543 Petro
2859 1497 3107 1558 reputare
3144 1500 3385 1560 oportet,
3415 1474 3535 1548 cum
3562 1474 3779 1564 primus

2185 1578 2455 1649 ingressus
2482 1580 2571 1645 sit,
2594 1588 2649 1634 et
2674 1579 2899 1635 frontem
2922 1579 3153 1635 Judaica:
3178 1580 3419 1637 cohortis
3444 1587 3764 1655 perruperit,

2183 1683 2247 1723 ac
2267 1669 2524 1737 prolixam
2555 1670 2701 1723 illam
2734 1670 3045 1725 concionem
3087 1668 3365 1737 habuerit,
3405 1674 3520 1743 pari
3559 1675 3766 1732 ratione

2184 1760 2322 1815 viam
2342 1762 2549 1817 creteris
2570 1763 2826 1832 apostolis
2842 1764 3115 1831 aperuisse
3128 1763 3383 1819 dicendus
3393 1774 3497 1821 est.
3512 1766 3769 1835 Quamvis

2182 1850 2437 1914 Joannes,
2476 1853 2720 1923 quamvis
2744 1853 2995 1919 Jacobus,
3024 1854 3269 1924 quamvis
3294 1854 3505 1920 Paulus,
3522 1860 3763 1926 quamvis

2182 1942 2320 1995 alius
2344 1942 2515 2010 quivis
2544 1941 2740 1997 deinde
2768 1941 2971 1997 facinus
2988 1942 3203 2013 aliquod
3224 1944 3491 2014 egregium
3511 1946 3759 2014 ediderit.

2182 2031 2270 2087 hic
2296 2032 2545 2087 omnibus
2572 2033 2865 2101 antecellit,
2892 2033 2993 2103 qui
3028 2033 3167 2087 viam
3197 2036 3415 2089 caeteris.
3443 2050 3535 2090 sua
3562 2036 3757 2093 ﬁducia

2180 2122 2389 2187 stravit,
2419 2131 2473 2176 et
2498 2122 2796 2193 ingressum
2838 2122 3091 2193 aperuit,
3135 2123 3349 2195 illisque
3386 2126 3664 2192 concessit,
3693 2136 3754 2182 ut

2183 2218 2453 2279 tamquam
2484 2210 2703 2276 ﬁumen,
2733 2212 2875 2282 quod
2896 2228 3090 2283 magno
3118 2228 3239 2268 cum
3273 2214 3526 2269 undarum
3551 2215 3769 2283 impetu.

2182 2299 2434 2369 ferretur,
2456 2303 2790 2359 conﬁdenter
2824 2304 3127 2371 intrarent,
3160 2314 3215 2360 et
3239 2321 3333 2361 eos
3370 2305 3473 2376 qui
3502 2306 3755 2363 adversa,

2180 2403 2366 2449 rentur
2413 2410 2596 2451 secum
2629 2396 2943 2464 traherent,
2994 2414 3179 2453 eorum
3218 2415 3348 2455 vero
3386 2401 3476 2470 qui
3504 2402 3759 2457 benevole

2179 2485 2457 2555 audirent,
2509 2488 2719 2543 animas
2765 2499 3021 2559 perpetuo
3071 2491 3327 2560 nigarent.
3360 2492 3443 2545 An
3474 2492 3635 2562 igitur
3671 2492 3777 2548 ille.

2183 2586 2305 2646 post
2330 2593 2546 2634 erucem
2584 2580 2707 2635 talis
2734 2580 2869 2637 fuit?
2909 2596 3087 2637 nonne
3128 2592 3252 2637 ante
3292 2596 3509 2638 crucem
3557 2584 3771 2639 cunctis.

2179 2665 2275 2721 fuit
2303 2669 2616 2724 ardentior?
2636 2685 2814 2727 nonne
2837 2686 2901 2728 os
2925 2672 3020 2727 fuit
3058 2673 3461 2742 apostolorum?
3485 2688 3663 2729 nonne
3684 2675 3756 2729 sia

2178 2756 2416 2813 lentibus
2436 2762 2645 2815 cunctis
2675 2762 2789 2831 ipse
2814 2762 3167 2832 loquebatur?
3194 2762 3353 2830 Quem
3373 2780 3453 2817 me
3474 2764 3650 2818 dicunt
3666 2766 3771 2817 lu».

2178 2848 2338 2903 mines
2365 2864 2471 2903 esse
2490 2849 2686 2904 Filium
2706 2852 2960 2921 hominis(
2991 2852 3177 2907 Matth.
3209 2854 3295 2909 iﬁ.
3330 2853 3439 2927 i3)
3460 2855 3484 2908 ?
3504 2855 3579 2909 ait
3601 2854 3767 2910 Chii!

2176 2952 2333 3009 stus;
2364 2953 2418 3001 et
2439 2942 2531 2999 alii
2546 2942 2760 3014 quidem
2789 2944 2993 3000 Heliam
3026 2945 3294 3013 dicebant,
3321 2947 3411 3001 alii
3442 2962 3570 3003 vero
3603 2946 3754 3002 lem

2177 3034 2362 3102 miam,
2392 3036 2485 3090 alii
2515 3052 2644 3091 vero
2671 3051 2834 3092 unum
2879 3051 2946 3090 ex
2982 3037 3276 3106 prophetis.
3316 3036 3418 3092 Vos
3456 3054 3757 3109 cumquem

2178 3142 2258 3180 me
2287 3142 2394 3181 esse
2413 3127 2581 3181 dicitis
2605 3126 2769 3200 (Ibid.
2797 3144 2846 3182 υ.
2876 3127 2968 3198 16)
2994 3127 3018 3180 ?
3045 3126 3231 3196 inquit.
3265 3125 3402 3182 Tum
3433 3126 3756 3197 respondent

2176 3220 2366 3276 Petrus
2392 3262 2408 3288 ,
2439 3219 2613 3275 dixit:
2650 3220 2726 3275 Tu
2775 3237 2826 3275 es
2873 3220 3105 3276 Christus
3147 3217 3317 3276 Filius
3364 3217 3460 3273 Dei
3485 3219 3604 3273 nisi.
3634 3217 3752 3284 Vos,

2173 3309 2326 3375 dixit,
2348 3319 2403 3365 et
2446 3325 2543 3382 pro
2583 3310 2833 3366 omnibus
2859 3311 2973 3381 ipse
3006 3311 3261 3381 loquutus
3276 3308 3533 3367 est.Natn
3566 3324 3752 3379 quem.

2172 3401 2459 3458 admodum
2502 3417 2601 3472 pro
2655 3410 2768 3457 toto
2816 3417 3043 3472 corpore
3071 3418 3133 3458 os
3160 3403 3410 3473 loquitur,
3439 3404 3519 3459 sic
3541 3408 3755 3474 aposto-

2177 3492 2347 3548 lorum
2372 3493 2548 3563 lingua
2568 3502 2685 3549 erat
2704 3492 2914 3561 Petrus,
2929 3502 2983 3549 et
3004 3508 3101 3563 pro
3126 3494 3371 3549 omnibus
3395 3495 3508 3564 ipse
3532 3509 3751 3565 respon»

2180 3583 2279 3639 dit.
2301 3585 2384 3639 An
2407 3584 2567 3655 igitur
2600 3584 2688 3641 hic
2714 3593 2916 3639 tantum
2942 3585 3039 3640 fuit
3067 3585 3209 3653 talis,
3244 3586 3370 3641 alibi
3410 3600 3534 3641 vero
3556 3585 3624 3642 de
3642 3586 3744 3640 hoc

2171 3673 2347 3729 studio
2372 3674 2637 3730 remittit?
2686 3674 3026 3747 Nequaquam
3058 3694 3075 3730 :
3110 3676 3205 3731 sed
3234 3691 3324 3746 per
3348 3676 3519 3730 omnia
3542 3717 3559 3744 ,
3602 3685 3657 3732 et
3680 3676 3746 3731 in

2172 3766 2419 3823 omnibus
2441 3767 2687 3823 eumdem
2716 3768 2963 3823 ardorem
2988 3768 3241 3824 ostendit.
3271 3768 3402 3825 Cum
3429 3768 3572 3823 enim
3594 3768 3753 3824 Citri-

2172 3864 2288 3912 stus
2307 3856 2551 3923 dixisset,
2581 3856 2804 3913 Tradent
2826 3857 3021 3912 Filium
3046 3858 3285 3927 hominis,
3328 3869 3376 3913 et
3402 3860 3747 3929 ﬂagellabant,

2170 3957 2218 4002 et
2243 3948 2535 4019 cruciﬁgent
2560 3947 2580 4021 (
2607 3948 2770 4002 Marc.
2800 3948 2884 4003 l0.
2902 3950 2994 4005 33.
3018 3950 3131 4017 54),
3190 3951 3270 4007 ait
3313 3950 3449 4020 ipse,
3484 3952 3752 4022 Propitius

2171 4036 2294 4105 tibi,
2316 4049 2440 4107 esto,
2466 4037 2684 4093 Domine
2710 4054 2731 4095 :
2759 4056 2860 4094 non
2884 4041 2975 4094 erit
3013 4040 3101 4093 tibi
3127 4041 3221 4092 hoc
3250 4038 3475 4110 (Matth.
3503 4038 3588 4094 16.
3618 4039 3686 4093 31
3712 4040 3752 4106 ).

2171 4127 2285 4184 Non
2312 4132 2455 4186 enim
2491 4132 2593 4186 hoc
2629 4132 2782 4187 nobis
2808 4132 3217 4203 expendendum
3244 4143 3347 4198 est,
3377 4134 3751 4189 inconsidera-

2172 4229 2279 4276 tam
2329 4221 2465 4278 banc
2516 4222 2683 4280 fuisse
2724 4224 3127 4293 responsionem
3153 4264 3169 4289 ,
3220 4223 3315 4278 sed
3361 4225 3430 4277 ab
3469 4225 3674 4282 eximio
3704 4236 3759 4283 et

2169 4314 2397 4371 ferventi
2440 4330 2623 4371 amore
2667 4316 2979 4386 profectam.
3014 4316 3220 4371 Rursus
3261 4316 3501 4371 ascendit
3527 4318 3578 4371 in
3607 4334 3760 4373 mon-

2172 4415 2277 4461 tem
2304 4448 2319 4474 ,
2361 4416 2417 4463 et
2461 4408 2869 4478 transﬁguratus
2917 4417 3000 4463 est
3040 4425 3055 4461 :
3096 4408 3342 4477 apparuit
3360 4407 3599 4463 ‘htteritn
3647 4410 3761 4465 illic

2172 4496 2349 4552 llelias
2392 4506 2447 4552 et
2488 4497 2699 4569 Moyses
2742 4498 3072 4569 colloquens.
3125 4499 3331 4553 Rursus
3381 4499 3489 4554 illic
3534 4515 3758 4570 quoque

2171 4588 2361 4643 Petrus
2392 4605 2407 4643 :
2438 4588 2501 4644 Si
2526 4589 2620 4657 vis,
2645 4589 2892 4660 faciamus
2932 4590 3015 4643 hic
3043 4590 3142 4643 tria
3163 4588 3487 4645 tabernacula
3517 4588 3757 4660 (Matth.

2170 4679 2257 4735 t7.
2282 4680 2317 4734 4
2345 4681 2384 4747 ).

2244 4774 2300 4828 6.
2330 4770 2462 4826 Vide
2498 4770 2767 4842 quomodo
2803 4770 3114 4841 magistrum
3151 4771 3383 4837 amabat,
3428 4786 3491 4827 ac
3525 4771 3763 4843 diliget»

2168 4864 2293 4917 tiam
2320 4870 2377 4917 et
2407 4864 2738 4933 prudentiam
2767 4860 3163 4917 obscrva.Nam
3188 4863 3311 4932 quia
3337 4873 3445 4918 tum
3468 4866 3765 4935 temporis,

2172 4970 2294 5009 cum
2325 4964 2527 5009 temere
2564 4954 2945 5024 respondisset,
2983 4968 3045 5008 os
3087 4955 3161 5008 illi
3202 4956 3473 5009 occlusum
3502 4966 3628 5020 est,
3672 4957 3763 5012 hic

2167 5045 2406 5114 magistri
2437 5047 2684 5115 potestati
2721 5062 2834 5100 rem
2861 5045 3138 5115 permittit,
3170 5045 3374 5111 dicens,
3399 5046 3462 5100 Si
3485 5046 3576 5099 vis.
3603 5045 3773 5102 Fieri-

2173 5144 2374 5205 posset,
2402 5136 2591 5205 inquit,
2608 5144 2665 5191 et
2690 5152 2831 5190 nunc
2853 5150 3062 5204 quoque
3084 5134 3479 5190 inconsiderate
3498 5135 3764 5205 loquere)

2164 5242 2350 5282 amore
2376 5226 2658 5295 impulsus.
2703 5226 2780 5281 Ne
2820 5226 2980 5296 igitur
3003 5225 3190 5280 eadem
3223 5225 3649 5295 reprehensione
3672 5228 3762 5285 fe-

2165 5317 2333 5372 riatur
2359 5357 2374 5383 ,
2406 5318 2468 5372 Si
2511 5318 2605 5382 vis,
2646 5318 2839 5387 inquit.
2884 5318 3197 5373 Convivium
3252 5316 3380 5371 illud
3417 5332 3602 5372 rursus
3637 5331 3771 5375 erat

2164 5420 2405 5466 sanctum
2431 5425 2495 5466 ac
2523 5411 2854 5467 tremendum
2884 5429 2898 5464 :
2947 5419 3165 5481 tumque
3190 5411 3400 5467 dicente
3423 5410 3572 5476 Jesu,
3601 5410 3766 5468 Ursus

2163 5514 2379 5559 vestrum
2425 5521 2505 5559 me
2547 5506 2826 5560 traditurus
2873 5504 2985 5573 est(
3033 5504 3218 5558 Matth.
3249 5504 3338 5559 26.
3365 5504 3429 5559 2i
3459 5504 3478 5575 )
3510 5519 3524 5556 :
3558 5520 3763 5561 rursus

2163 5596 2352 5651 Petrus
2376 5596 2445 5651 ob
2486 5597 2629 5651 illam
2655 5596 2867 5667 quidem
2888 5613 3007 5667 qua:
3033 5604 3401 5666 praecesserat,
3428 5596 3760 5665 increpatio-

2163 5704 2307 5754 nem,
2334 5688 2664 5760 interrogare
2688 5689 2998 5759 magistrum
3045 5704 3150 5744 non
3180 5702 3341 5743 ausus
3367 5698 3452 5743 est
3491 5706 3507 5745 :
3552 5690 3649 5743 sed
3682 5692 3760 5748 ob

2166 5795 2426 5850 amorem,
2456 5795 2565 5853 quo
2605 5779 2881 5853 ﬂagrabat,
2918 5790 3096 5839 tacere
3136 5795 3242 5837 non
3284 5790 3495 5854 poterat
3522 5795 3538 5839 :
3564 5782 3758 5839 sed-os
