4082 6212
311 287 419 344 575

311 398 446 457 ἀλλά
485 397 594 471 μὴν
633 397 730 453 καὶ
776 395 865 452 ὅτε
909 395 966 450 δὲ
1017 394 1275 467 μυριάδες
1320 396 1580 452 τοσαῦται
1614 400 1881 454 Ἰουδαίων

307 480 471 556 ἦσαν,
497 487 559 540 οὐ
601 484 740 556 μετά
770 485 869 554 τῆς
895 482 1065 552 αὐτῆς
1104 483 1408 554 ἐχρήσαντό
1451 502 1534 538 σοι
1563 487 1788 555 σοφίας;
1817 487 1879 540 οὐ

307 574 428 627 κατ’
456 571 593 626 ίδίαν
613 571 870 634 λαϐόντες
894 587 952 622 σε
979 570 1184 637 ἔλεγον·
1211 570 1474 638 Θεωρεῖς,
1499 571 1744 642 ἀδελφέ,
1776 576 1883 627 πό-

309 675 413 716 σαι
449 659 734 730 μυριάδες
771 657 930 712 εὶσίν
989 652 1289 712 Ἰουδαίων
1321 658 1440 712 τῶν
1468 664 1883 728 συνεληλυθό-

311 765 449 811 των,
489 746 587 801 καί
618 741 782 801 οὗτοι
826 743 1050 811 πάντες
1080 745 1328 812 ζηλωταὶ
1381 746 1488 799 τοῦ
1520 747 1706 816 νόμου
1741 749 1879 812 εισί,

312 834 411 886 καί
456 833 823 901 κατήχηνται
854 832 987 900 περὶ
1031 832 1168 895 σοῦ,
1215 831 1302 885 ὅτι
1339 833 1723 887 ἀποστασίαν
1763 834 1881 887 ἀπὸ

313 918 421 972 τοῦ
444 919 628 985 νόμου
650 915 980 982 διδάσκεις.
1007 919 1070 970 Τί
1090 913 1202 972 οὖν
1231 919 1394 982 ἐστι;
1432 919 1700 986 Ποίησον
1722 919 1755 972 ὅ
1785 935 1883 974 σοι

313 1006 588 1074 λέγομεν.
614 1003 788 1058 Είσίν
816 1004 1030 1074 ἄνδρες
1052 1003 1120 1057 ἐν
1143 1005 1286 1074 ἡμῖν
1310 1007 1551 1075 ἔχοντες
1576 1007 1768 1076 εὐχὴν
1790 1007 1881 1076 ἐφ’

313 1089 568 1156 ἑαυτοῖς·
593 1091 844 1156 τούτους
858 1090 1059 1144 λαϐὼν
1075 1091 1327 1160 ξύρησαι
1353 1092 1504 1166 [365]
1522 1094 1644 1148 σὺν
1657 1097 1880 1160 αὐτοῖς,

313 1176 413 1231 καί
451 1177 764 1245 ἁγνίσθητι
803 1177 930 1247 μετ’
962 1177 1180 1242 αὐτῶν,
1213 1179 1314 1232 ἵνα
1345 1181 1636 1248 μάθωσιν,
1677 1183 1765 1235 ὅτι
1799 1176 1885 1236 ὦν

315 1263 686 1331 κατήχηνται
711 1264 843 1333 περὶ
876 1265 1011 1328 σοῦ,
1037 1263 1214 1318 οὐδέν
1238 1266 1426 1321 ἐστιν.
1452 1263 1604 1330 Εἶδες
1627 1267 1743 1332 πῶς
1768 1269 1883 1337 φείο

315 1349 494 1403 δονταί
534 1369 628 1404 σου
681 1352 784 1420 τῆς
825 1349 1179 1422 ὐπολήψεωςς
1215 1352 1331 1416 πῶς
1372 1353 1673 1425 κρύπτουσί
1713 1373 1772 1408 σε
1805 1355 1884 1425 τῷ

316 1439 644 1510 προσωπείῳ
681 1440 779 1509 τῆς
826 1440 1135 1509 οἰκονομίας
1167 1441 1414 1513 ἐκείνης,
1454 1446 1518 1513 τῇ
1550 1443 1740 1514 θυσίᾳ,
1774 1447 1884 1507 τοῖς

314 1525 604 1595 ἁγνισμοῖς
646 1543 706 1579 σε
739 1527 1207 1597 περιστέλλοντες;
1257 1529 1354 1582 Διά
1394 1530 1447 1583 τί
1493 1529 1567 1601 μὴ
1615 1529 1884 1600 τοσαύτην

319 1611 646 1682 κηδεμονίαν
678 1612 936 1677 ἐπεδείξω
972 1613 1066 1667 καὶ
1093 1613 1192 1680 σός

390 1699 453 1754 6'.
498 1700 636 1752 Ἀλλ’
656 1702 704 1753 εξ
730 1696 797 1771 ἦν
829 1701 1043 1772 ἀληθῶς
1065 1703 1212 1774 μάχη
1237 1703 1305 1758 τά
1327 1704 1592 1776 γενόμενα
1621 1706 1714 1760 καὶ
1737 1709 1886 1777 φιλο-

318 1786 518 1850 νεικία,
547 1783 688 1858 εἶχεν
717 1787 784 1841 ἃν
809 1787 962 1856 λόγον
987 1788 1054 1842 τά
1092 1792 1520 1862 κατηγορήματα
1555 1792 1728 1846 ταῦτα
1749 1809 1763 1825 ·
1791 1793 1886 1847 νῦν

319 1874 381 1930 δὲ
405 1877 507 1930 οὐκ
530 1875 646 1929 εστι
680 1875 848 1948 μάχη,
875 1877 1007 1930 ἀλλά
1035 1877 1182 1930 δοκεῖ
1216 1879 1314 1949 μὲν
1357 1875 1515 1940 εἶναι,
1556 1882 1798 1954 μεγάλην
1829 1884 1886 1936 δὲ

312 1963 421 2017 «καὶ
446 1963 539 2016 τοῦ
575 1963 785 2017 Παύλου
825 1963 920 2017 καὶ⁸
955 1963 1048 2017 τοῦ
1083 1964 1292 2035 Πέτρου
1331 1968 1524 2036 σοφίαν
1556 1969 1649 2021 καὶ
1674 1968 1886 2023 εὔνοιαν

325 2050 462 2121 πρὸς
504 2049 765 2121 ἀλλήλους
796 2051 1182 2105 ἐπιδείκνυται.
1213 2051 1360 2124 Πλὴν
1408 2053 1549 2117 τέως
1586 2054 1755 2124 αὐτῆς
1788 2056 1889 2126 τῆς

315 2138 584 2212 δοκούσης
605 2135 745 2194 εἴναι
763 2140 1096 2211 κατηγορίας
1123 2141 1460 2214 ἀκούσωμεν.
1485 2143 1616 2198 Ὅτε
1643 2143 1711 2197 δέ
1740 2139 1890 2213 ἦλθε

323 2226 547 2295 Πέτρος
583 2230 674 2294 είς
730 2228 1084 2295 Ἀντιόχειαν
1102 2268 1118 2292 ,
1165 2229 1312 2282 κατά
1363 2230 1685 2297 πρόσωπον
1728 2231 1889 2297 αὐτῷ

328 2313 648 2380 ἀντέστην.
684 2314 782 2368 Διά
820 2315 904 2377 τίς
938 2313 1067 2368 Ὅτι
1107 2315 1590 2384 κατεγνωσμένος
1628 2316 1728 2384 ἦν.
1782 2318 1890 2372 Καὶ

331 2400 415 2463 τίς
446 2401 476 2453 ό
497 2398 696 2470 τρόπος
717 2399 817 2470 τῆς
844 2398 1237 2467 καταγνώσεως
1256 2415 1271 2464 ;
1294 2399 1415 2467 Πρὸ
1435 2400 1542 2454 τοῦ
1562 2399 1673 2470 γὰρ
1694 2400 1892 2456 ἐλθεῖν

319 2503 498 2553 τινας
518 2486 638 2541 ἀπὸ
670 2484 967 2552 Ἰακώϐου,
989 2485 1137 2554 μετὰ
1156 2483 1275 2538 τῶν
1296 2483 1488 2540 ἐθνῶν
1516 2487 1851 2555 συνήσθιεν
1870 2503 1886 2519 ·

329 2571 430 2628 ὅτε
471 2572 540 2626 δὲ
577 2567 787 2643 ἦλθον,
832 2571 1170 2626 ὑπέστειλε
1214 2572 1311 2625 καὶ
1343 2571 1628 2640 ἀφώριζεν
1651 2573 1887 2635 ἑαυτὸν,

323 2661 700 2731 φοϐούμενος
730 2658 872 2724 τοὺς
901 2658 971 2713 ἐκ
1017 2659 1356 2728 περιτομῆς.
1397 2659 1462 2712 Τί
1486 2659 1692 2728 λέγεις;
1720 2661 1891 2726 δειλδς

329 2750 360 2803 ό
380 2747 584 2819 Πέτρος
611 2745 706 2800 καὶ
726 2744 1016 2816 ἀνανδροςς
1041 2745 1100 2799 οὐ
1122 2744 1211 2799 διὰ
1237 2745 1396 2800 τοῦτο
1427 2746 1631 2818 Πέτρος
1663 2747 1888 2819 ἐκλήθη,

330 2832 517 2904 ἐπειδὴ
543 2833 791 2896 ἀσειστος
820 2827 888 2902 ἦν
915 2830 1060 2885 κατά
1097 2831 1195 2902 τὴν
1221 2831 1437 2899 πίστιν;
1468 2833 1534 2885 Τί
1571 2835 1764 2898 ποιεῖς,
1794 2834 1891 2888 ἄν·

322 2922 550 2994 θρωπες
583 2918 866 2989 Δίδέσθητι
892 2917 989 2989 τὴν
1015 2918 1383 2990 προσηγορίαν
1401 2919 1494 2972 τοῦ
1515 2921 1802 2987 Δεσπότου,
1827 2923 1892 2992 ήν

331 3009 494 3079 ἔθηκε
538 3006 616 3078 τῷ
668 3006 904 3077 μαθητῇ.
946 3005 1126 3068 Δειλδς
1159 3007 1188 3059 6
1228 3006 1430 3078 Πέτρος
1467 3007 1560 3059 καὶ
1600 3008 1890 3080 ἀνανδρος;

330 3095 425 3149 καὶ
449 3094 531 3156 τίς
557 3109 648 3144 σου
691 3091 862 3144 ταῦτα
892 3091 1138 3153 ἀνέξεται
1164 3090 1445 3159 λέγοντος;
1472 3093 1546 3146 Οὐ
1576 3093 1745 3148 ταῦτα
1772 3096 1894 3148 σύν-

243 3167 256 3174 ’
330 3181 517 3234 οιδενι
545 3175 692 3246 αὐτῷ
724 3179 792 3230 τά
822 3175 1196 3247 Ἰεροσόλυμα,
1246 3178 1339 3231 καὶ
1375 3178 1435 3231 τὸ
1473 3179 1687 3250 πρῶτον
1722 3183 1894 3236 έκεῖνο

331 3267 579 3339 θέατρον,
603 3264 699 3317 καὶ
720 3267 754 3335 ἡ
785 3264 1097 3334 Ἐκκλησία,
1129 3267 1208 3329 είς
1231 3265 1298 3336 ἢν
1328 3265 1537 3338 πρῶτος
1563 3269 1892 3342 ὲπεπήδησε,

332 3355 430 3408 καὶ
453 3352 550 3422 τὴν
578 3352 844 3422 μακαρίαν
883 3353 1095 3423 ἐκείνην
1130 3353 1342 3424 πρῶτος
1368 3353 1545 3423 ἀφῆκε
1575 3356 1774 3426 φωνὴν,
1802 3359 1895 3412 καὶ

334 3437 455 3492 εἷπε
478 3456 493 3470 ·
555 3438 774 3492 Τοῦτον
819 3437 927 3492 τὸν
981 3437 1223 3504 Ἰησοῦν
1264 3437 1602 3507 ἀνέστησεν
1646 3443 1680 3495 ὁ
1729 3442 1892 3510 Θεὸς,

321 3528 532 3592 αὐσας
573 3525 678 3591 τὰς
717 3523 932 3591 ὠδῖνας
983 3525 1089 3579 τοῦ
1122 3524 1398 3581 θανάτου.
1438 3526 1548 3581 Καὶ
1589 3528 1776 3583 πάλιν·
1812 3533 1894 3585 Οὐ

327 3613 443 3685 τὰρ
466 3611 645 3666 Δαυῒδ
663 3611 844 3679 ἀνέϐη
869 3614 954 3678 εις
982 3613 1092 3666 τὸν
1116 3613 1394 3680 οὐρανόν.
1413 3615 1602 3681 Αὐτὸς
1622 3615 1690 3668 δὲ
1713 3618 1893 3686 λέγει,

333 3699 519 3768 φησὶν,
551 3695 735 3752 Ε’Ῐπεν
768 3703 800 3752 ὀ
833 3700 1046 3766 Κύριος
1069 3699 1148 3763 τῷ
1189 3699 1381 3766 Κυρίῳ
1410 3719 1558 3767 μου,
1602 3704 1795 3757 Κάθου
1826 3705 1895 3758 ἐκ

329 3784 550 3848 δεξιῶν
572 3801 711 3851 μου,
741 3784 850 3848 ἕως
873 3784 948 3837 ἂν
970 3783 1050 3839 θῶ
1075 3783 1215 3849 τοὺς
1245 3785 1496 3853 ἐχθρούς
1535 3803 1650 3839 σου
1678 3790 1897 3842 ὑποπόο

335 3872 469 3927 διον
499 3869 620 3923 τῶν
655 3869 853 3923 ποδῶν
885 3885 1021 3923 σου.

409 3951 575 4018 Οὗτος
595 3952 708 4020 οὖν,
729 3955 846 4008 είπέ
869 3971 978 4026 μοι,
995 3954 1165 4017 δειλὸς
1188 3955 1278 4008 καὶ
1299 3953 1577 4027 ἄνανδρος,
1599 3959 1626 4012 ὁ
1647 3958 1896 4015 τοσούτου

335 4043 505 4116 φόϐου
535 4043 639 4096 καὶ
667 4041 934 4095 τοσούτων
971 4040 1227 4094 κινδύνων
1253 4043 1726 4113 ὲπικρεμαμένων,
1759 4047 1898 4116 μετά

338 4129 603 4200 τοσαύτης
655 4128 964 4200 παρρησίας
1013 4129 1148 4199 πρὸς
1199 4130 1321 4192 τούς
1366 4129 1688 4201 αίμοϐόρους
1734 4134 1898 4199 κύνας

331 4218 598 4281 ἐκείνους,
628 4217 821 4287 καὶτῷ
849 4216 1003 4287 θυμῷ
1035 4215 1251 4281 ζέοντας
1282 4217 1383 4280 ἔτι,
1418 4220 1510 4272 καὶ
1537 4220 1695 4287 φόνου
1722 4223 1901 4275 πνέον-

337 4319 440 4368 τας
456 4301 708 4356 εισελθῖυν
737 4302 829 4354 καὶ
853 4303 1038 4365 εἰπὼν,
1067 4304 1147 4354 ὅτι
1174 4305 1202 4355 6
1228 4305 1558 4373 σταυρωθεὶς
1584 4307 1677 4360 ὐπ’
1699 4309 1896 4376 αὐτῶν,

336 4391 434 4445 καὶ
463 4390 684 4458 ἀνέστη,
713 4389 808 4441 κα)⁹
832 4390 889 4441 ὲν
914 4391 1026 4450 τοῖς
1053 4390 1301 4460 οὐρανοῖς
1335 4391 1469 4455 ἐστι,
1494 4393 1587 4445 καὶ
1617 4395 1680 4448 ὲκ
1712 4395 1899 4462 δεξιῶν

341 4477 573 4546 κάθηται
594 4475 688 4529 τοῦ
715 4476 948 4546 Πατρδς,
968 4477 1066 4529 καὶ
1101 4477 1313 4547 μυρίοις
1337 4479 1464 4542 τοὺς
1487 4480 1710 4550 ἐχθροὺς
1735 4484 1896 4536 αὐτοῦ

339 4563 654 4635 περιϐάλλει
691 4565 910 4628 κακοῖς;
939 4563 1062 4614 Ὅτι
1092 4563 1200 4634 γὰρ
1240 4564 1420 4635 διᾶραι
1464 4566 1656 4635 στόμα,
1684 4568 1764 4620 ὅτι
1793 4570 1898 4642 γὰρ

340 4649 550 4715 ἀνοῖξαι
578 4648 751 4718 χείλη,
781 4649 864 4701 ὅτι
893 4649 1100 4720 στῆναι,
1127 4650 1209 4703 ὅτι
1246 4651 1477 4720 φανῆναι
1505 4653 1664 4722 μόνον
1699 4656 1898 4723 μεταξὺ

338 4737 448 4790 τῶν
479 4736 908 4809 σταυρωσάντων
940 4738 1102 4790 αὐτὸν
1137 4738 1374 4808 ἴσχυσεν,
1397 4741 1460 4793 οὐ
1485 4741 1782 4813 θαυμάζεις
1806 4747 1903 4799 αὐ-

339 4826 431 4880 τὸν
468 4825 563 4879 καὶ
606 4825 925 4893 στεφανοῖς,
960 4825 1079 4877 εἰπέ
1119 4843 1236 4895 μοι;
1273 4827 1429 4889 Ποῖος
1475 4827 1581 4899 γὰρ
1614 4829 1789 4898 λόγος,
1819 4833 1903 4898 τίς

340 4911 548 4964 διάνοια
569 4909 664 4980 τὴν
693 4909 1002 4982 παρρησίαν
1029 4910 1191 4964 αὐτοῦ
1213 4911 1308 4982 τὴν
1336 4913 1393 4964 έν
1420 4913 1600 4987 ἐκείνῃ
1629 4919 1694 4986 τῇ
1718 4920 1904 4992 ἡμέρᾳ

342 4999 437 5052 καὶ
456 4996 554 5068 τὴν
583 4996 1060 5068 έλευθεροστομίαν
1076 4999 1420 5069 παραστῆσαι
1441 4999 1725 5073 δυνήσεται
1743 5023 1759 5072 ;
1791 5007 1904 5060 Οὐκ

341 5081 492 5136 Ιστιν
524 5083 720 5148 οὐδείς.
755 5083 818 5136 Εί
851 5083 959 5153 γὰρ
999 5083 1104 5153 πρὸ
1140 5082 1234 5136 τοῦ
1281 5087 1510 5157 σταυροῦ
1546 5090 1826 5145 συνέθεντο
1855 5095 1902 5146 οί

353 5169 618 5232 Ἰουδαῖοι,
655 5169 750 5223 δάν
785 5186 870 5233 τις
927 5169 1089 5224 αὐτὸν
1133 5169 1440 5246 ὁμολογήσῃ
1480 5175 1732 5246 Χριστὸν,
1767 5180 1904 5234 ἀπο-

346 5256 660 5324 συνάγωγον
687 5259 882 5322 ποιεῖν,
921 5257 1060 5328 μετά
1090 5258 1180 5312 τὸν
1213 5261 1442 5332 σταυρὸν
1477 5263 1570 5316 καὶ
1603 5265 1700 5336 τήν
1730 5268 1905 5340 ταφὴν

342 5342 631 5407 ἀκούοντες
653 5343 773 5414 οὐχὶ
795 5345 1028 5413 Χριστὸν
1052 5345 1436 5416 ὁμολογοῦντος
1456 5349 1634 5420 μόνον,
1655 5353 1790 5408 ἀλλά
1813 5357 1906 5411 καὶ

341 5432 526 5485 πᾶσαν
556 5431 692 5501 δμοῦ
731 5433 831 5504 τήν
864 5434 1175 5506 οἰκονομίαν
1214 5436 1353 5507 μετὰ
1381 5437 1559 5510 πάσης
1590 5440 1906 5514 φιλοσοφίας

337 5519 831 5591 ἀνακηρύττοντος,
863 5522 979 5586 πῶς
1024 5523 1086 5576 οὐ
1130 5523 1507 5594 διεσπάσαντο,
1543 5529 1635 5582 καὶ
1680 5531 1906 5603 μεληδὸν

407 5671 431 5702 ³
454 5671 561 5724 Duo
579 5683 692 5721 mss.
717 5669 949 5734 λέγοντος,
967 5670 1194 5722 σύνοιδεν.

1356 277 1424 335 ΙΝ
1464 279 1689 349 ILLUD,
1733 280 1804 337 ΙΝ
1845 279 2103 338 FAClEM
2141 283 2208 338 El
2257 287 2560 348 RESTITL

1986 400 2150 455 αὐτὸν
2181 399 2437 455 διείλοντο
2464 401 2684 465 πάντες,
2715 401 2928 472 πρῶτον
2969 399 3185 458 πάντων
3212 401 3313 476 τῆς
3353 407 3550 478 μανίας

1986 493 2164 547 αὐτῶν
2195 493 2504 564 κατατολμή
2513 507 2678 546 σαντα
2697 511 2713 560 ;

2055 602 2116 648 ε’.
2158 596 2230 649 Τὸ
2268 596 2376 666 γάρ
2406 593 2468 665 δὴ
2505 595 2645 665 μέγα
2681 595 2839 648 τοῦτό
2870 596 3046 660 ἐστιν,
3082 597 3180 667 οὐχ
3208 597 3290 652 δτι
3321 598 3554 671 Χριστὸν

1983 685 2348 756 ὡμολόγησεν,
2378 685 2492 750 ἀλλ’
2513 689 2594 739 ὅτι
2624 687 2728 758 πρὸ
2754 687 2859 739 τῶν
2888 687 3060 740 ἄλλων
3083 689 3336 742 ἁπάντων
3365 707 3553 760 μαινο-

1987 775 2163 846 μένων
2186 775 2361 830 αὐτῶν
2383 778 2476 830 καὶ
2494 777 2774 830 οἳδούντων
2797 777 2903 830 ἀπὸ
2923 778 3014 830 τοῦ
3039 779 3220 846 φόνου,
3239 779 3553 849 ὡμολόγησε

1991 868 2128 935 μετὰ
2168 865 2713 938 παρῤησίας.”Ωσπερ
2738 864 2828 921 οὖν
2855 871 2912 921 ἐν
2941 870 3157 940 πολέμῳ
3191 871 3284 923 καὶ
3309 872 3554 940 παρατά-

1988 956 2086 1022 ξει,
2110 957 2381 1027 φάλαγγος
2406 959 2921 1029 συμπεφραγμένης,
2950 962 3151 1014 ἐκεῖνον
3177 961 3406 1031 μάλιστα
3427 964 3556 1014 θαυ-

1991 1045 2233 1117 μάζομεν
2264 1047 2354 1100 τὸν
2399 1047 2504 1118 πρὸ
2547 1047 2654 1099 τῶν
2687 1046 2857 1101 ἄλλων
2881 1047 3033 1120 Ῐ566]
3073 1051 3346 1121 πηδῶντα,
3378 1053 3471 1106 καὶ
3495 1053 3556 1106 τδ

1991 1137 2238 1206 μέτωπον
2273 1137 2440 1208 αὐτῆς
2467 1137 2863 1208 διαρῤηγνύντα
2893 1138 2974 1208 (οὐ
3006 1139 3114 1208 γὰρ
3145 1141 3208 1209 δὴ
3237 1142 3420 1194 τούτου
3456 1143 3552 1213 μό-ν

1988 1245 2101 1290 νου,
2127 1228 2260 1281 ἀλλά
2290 1228 2382 1281 καὶ
2412 1229 2518 1280 τῶν
2550 1229 2686 1298 μετά
2716 1229 2886 1281 ταῦτα
2921 1229 3007 1297 ὑφ’
3032 1230 3231 1300 ἐτέρων
3259 1233 3556 1303 γινομένων

1991 1319 2425 1389 κατορθωμάτων
2457 1312 2609 1380 οὗτος
2656 1319 2721 1372 ἂν
2776 1320 2858 1388 εἴη
2907 1319 3120 1372 πάντων
3164 1320 3354 1385 αἴτιος,
3387 1322 3415 1372 6
3459 1323 3558 1391 τὴν

1988 1408 2162 1480 ἀρχὴν
2202 1409 2294 1461 καὶ
2335 1409 2432 1478 τὴν
2469 1408 2669 1461 εἴσοδον
2701 1405 3058 1478 παρασχὼν),
3087 1406 3228 1460 οὓτω
3252 1407 3315 1479 δὴ
3345 1409 3436 1461 καὶ
3466 1409 3558 1463 ἐπὶ

1988 1499 2080 1552 τοῦ
2112 1499 2317 1570 Πέτρου
2345 1498 2650 1566 λογίζεσθαι
2677 1499 2802 1570 χρὴ,
2822 1501 2903 1552 ὅτι
2933 1496 3143 1570 πρῶτος
3169 1496 3441 1560 είσελθὼν,
3466 1499 3559 1552 καὶ

1988 1591 2049 1643 τὸ
2085 1590 2332 1660 μέτωπον
2365 1589 2460 1659 τῆς
2496 1588 2768 1658 φάλαγγος
2795 1590 2894 1660 τῆς
2923 1589 3216 1658 Ἰουδαϊκῆς
3240 1589 3556 1661 διαρρήξας,

1991 1681 2084 1734 καὶ
2130 1681 2228 1752 τὴν
2279 1681 2493 1751 μακράν
2541 1681 2757 1751 ἐκείνην
2799 1681 3136 1752 δημηγορίαν
3196 1679 3515 1744 κατατείνας
3538 1719 3556 1744 ,

1989 1770 2130 1824 οὕτω
2164 1771 2257 1824 καὶ
2286 1774 2398 1833 τοῖς
2428 1770 2604 1836 ἄλλοις
2630 1772 2940 1835 ἀποστόλοις
2967 1771 3162 1824 ἔδωκεν
3195 1769 3412 1824 εἴσοδον.
3437 1772 3558 1825 Κᾶν

1996 1865 2268 1931 Ἰωάννης,
2299 1863 2399 1916 κᾶν
2426 1863 2702 1925 Ἰάκωϐος,
2721 1863 2825 1915 κᾶν
2837 1863 3065 1928 Παῦλος,
3081 1862 3181 1916 κᾶν
3203 1860 3358 1925 ἄλλος
3377 1861 3558 1918 ὁστισ-

1992 1951 2085 2005 οῦν
2136 1953 2275 2023 μετά
2315 1953 2486 2006 ταῦτα
2522 1953 2662 2023 μέγα
2693 1971 2745 2006 τι
2779 1953 2946 2006 ποιῶν
2999 1955 3276 2023 φαίνηται,
3305 1954 3558 2007 ἁπάντων

1991 2037 2145 2107 οὗτος
2175 2044 2504 2107 πλεονεκτεῖ,
2535 2047 2565 2097 6
2586 2044 3013 2116 προοδοποιήσας
3040 2030 3220 2098 αὐτῶν
3250 2044 3315 2114 τῇ
3349 2043 3562 2116 παρῤη-

1995 2134 2105 2206 σίᾳ,
2135 2135 2228 2186 καὶ¹
2260 2134 2526 2198 διανοίξας
2563 2135 2662 2205 τὴν
2693 2133 2917 2198 εἴσοδον,
2952 2136 3044 2189 καὶ
3073 2134 3197 2200 δούς
3225 2136 3426 2201 αὐτοῖς,
3457 2152 3560 2190 κα-

1994 2225 2169 2296 θάπερ
2200 2223 2426 2296 ποταμῷ
2451 2224 2629 2296 πολλῷ
2663 2225 2946 2297 φερομένῳ
2972 2224 3221 2296 ῥεύματι,
3267 2225 3404 2296 μετά
3434 2225 3561 2280 πολ-

1992 2315 2090 2387 λῆς
2130 2315 2316 2379 ἀδείας
2344 2314 2691 2381 ἐπεισελθεῖν,
2721 2316 2814 2369 καὶ⁵
2837 2317 2965 2379 τούς
2995 2315 3094 2386 μὲν
3121 2314 3562 2386 ἐναντιουμένους

1994 2405 2351 2478 παρασύρειν,
2385 2405 2492 2459 τῶν
2534 2405 2591 2459 δὲ
2620 2408 2735 2477 μετ’
2761 2406 2970 2469 εὐνοίας
3000 2406 3303 2458 ἀκουόντων
3328 2405 3427 2468 τάς
3458 2405 3563 2474 ψυ-

1993 2496 2094 2568 χάς
2124 2497 2306 2568 ἄρδειν
2322 2492 2731 2568 διηνεκῶς.Ἀρ⁹
2752 2493 2844 2552 οὖν
2867 2497 3004 2568 μετά
3022 2497 3112 2551 τὸν
3138 2495 3365 2567 σταυρὸν
3388 2494 3562 2549 τοιοῦ-

1993 2604 2084 2651 τος
2107 2603 2122 2652 ;
2153 2587 2258 2659 πρὸ
2277 2587 2332 2640 δὲ
2355 2588 2447 2642 τοῦ
2479 2588 2710 2660 σταυροῦ
2738 2589 2798 2642 οὐ
2824 2589 3039 2644 πάντων
3063 2587 3416 2659 θερμότερος;
3441 2585 3562 2657 οὐχὶ

1992 2679 2055 2732 τὸ
2085 2680 2259 2751 στόμα
2285 2679 2390 2734 τῶν
2421 2681 2731 2734 ἀποστόλων
2764 2677 2863 2754 ἦνς
2889 2680 3010 2751 οὐχὶ
3041 2681 3256 2735 πάντων
3284 2678 3564 2748 σιγώντων

1994 2771 2156 2834 αὐτὸς
2198 2769 2526 2840 ὲφθέγγετο;
2571 2773 2708 2827 Τίνα
2747 2790 2823 2842 με
2863 2773 3153 2842 λέγουσιν
3183 2773 3238 2826 οι
3269 2769 3557 2838 ἄνθρωποι

1994 2857 2147 2914 εἶναι
2186 2861 2294 2914 τὸν
2324 2862 2457 2914 Υίὸν
2499 2862 2606 2916 τοῦ
2646 2863 2996 2930 ἀνθρώπους
3044 2862 3207 2932 φησὶν
3233 2862 3261 2914 δ
3291 2860 3520 2930 Χριστός
3544 2875 3561 2890 ο

1996 2951 2092 3004 καὶ⁹
2131 2951 2182 3003 οἱ
2218 2951 2316 3020 μὲν
2351 2950 2535 3005 Ἠλίαν
2565 2953 2770 3020 ἔλεγον,
2809 2956 2858 3006 οί
2886 2954 2943 3006 δὲ
2977 2955 3266 3025 Ἰερεμίαν,
3294 2956 3344 3008 οί
3376 2953 3434 3007 δὲ
3470 2955 3566 3007 ἕνα

1995 3039 2103 3092 τῶν
2148 3040 2459 3110 προφητῶν.
2498 3041 2693 3110 Ὑμεῖς
2740 3041 2809 3094 δὲ
2850 3043 2983 3096 τίνα
3008 3059 3087 3112 με
3120 3045 3342 3112 λέγετε,
3378 3045 3562 3114 φησὶν,

1996 3130 2180 3194 sirm;
2209 3127 2340 3183 Εἶτα
2371 3131 2686 3202 ἀποκριθεὶς
2712 3133 2917 3203 Πέτρος
2944 3130 3060 3186 εἶπε
3087 3152 3101 3166 ·
3137 3134 3219 3188 Σὺ
3259 3131 3316 3188 εῖ
3357 3139 3391 3188 ό
3428 3137 3563 3203 Χρι-

1997 3221 2142 3287 στὸς
2192 3224 2225 3275 ό
2265 3221 2396 3288 Υιὸς
2441 3222 2548 3276 τοῦ
2596 3223 2743 3276 Θεοῦ
2777 3223 2881 3277 τοῦ
2916 3222 3380 3294 ζιῖητες.⁰Υμεῖς,
3422 3223 3562 3291 εἶπε,

1998 3314 2091 3365 καὶ
2133 3313 2252 3366 ἀντὶ
2291 3313 2508 3366 πάντων
2547 3312 2642 3366 τοῦ
2687 3311 2937 3384 σώματος
2987 3314 3299 3383 φθέγγεται,
3330 3313 3500 3378 οὕτως
3527 3317 3562 3386 ή

1997 3407 2209 3477 γλῶττα
2246 3405 2354 3458 τῶν
2398 3404 2707 3459 ἀποστόλων
2739 3405 2942 3476 Πέτρος
2964 3401 3054 3477 ἦν,
3084 3406 3178 3459 καὶ
3202 3407 3321 3459 ἀντὶ
3351 3407 3566 3460 πάντων

1998 3497 2158 3562 αὐτὸς
2203 3492 2694 3566 ἁπεκρίνατο.τΔρ’
2719 3491 2811 3549 οὖν
2855 3496 3088 3550 ἐνταῦθα
3115 3497 3273 3566 μόνον
3305 3495 3563 3559 τοιοῦτος,

1998 3589 2226 3659 ἀλλαχοῦ
2268 3589 2324 3642 δὲ
2354 3587 2648 3659 καθυφίησι
2677 3589 2774 3658 τῆς
2802 3588 3068 3658 σπουδῆς;
3105 3589 3368 3659 Οὐδαμῶς
3387 3607 3398 3620 ·
3429 3589 3568 3641 ἀλλά

1997 3681 2084 3735 διὰ
2106 3682 2321 3735 πάντων
2348 3681 2440 3734 καὶ
2468 3681 2526 3732 ὲν
2553 3681 2686 3733 πᾶσι
2711 3679 2808 3751 τὴν
2829 3679 2996 3750 αὐτὴν
3029 3681 3278 3750 ἐμφαίνει
3301 3680 3566 3750 θερμότη-

1999 3790 2086 3827 τα.
2121 3774 2230 3825 Καὶ
2269 3771 2378 3841 γὰρ
2414 3773 2652 3834 εἰπόντος
2697 3770 2790 3824 τοῦ
2839 3771 3073 3842 Χριστοῦ
3093 3787 3106 3801 ⁸
3137 3771 3567 3840 Παραδώσουσι

2000 3861 2107 3913 τὸν
2134 3861 2271 3912 Υίὸν
2303 3860 2408 3912 τοῦ
2452 3860 2784 3927 ἀνθρώπου,
2821 3862 2920 3914 καὶ
2961 3863 3430 3931 μαστιγώσουσι,
3469 3864 3564 3917 καὶ

2001 3946 2482 4014 σταυρώσουσιν,
2515 3948 2677 4010 αὑτός
2714 3964 2907 4016 φησιν·
2945 3950 3140 4016 Ἵλεώς
3183 3969 3302 4014 σοι,
3350 3953 3564 4020 Κύριε·

2002 4038 2073 4090 οὐ
2100 4036 2186 4104 μὴ
2212 4037 2381 4089 ἔσται
2413 4051 2512 4088 σοι
2546 4036 2740 4090 τοῦτο.
2774 4038 2865 4107 Μὴ
2898 4038 3006 4109 γάρ
3025 4039 3088 4110 δὴ
3115 4039 3270 4094 τοῦτο
3300 4041 3568 4106 ἐξετάσωο

2006 4145 2124 4200 μεν,
2151 4128 2232 4180 ὅτι
2259 4127 2659 4198 ἀπερίσκεπτος
2689 4131 2720 4200 ή
2747 4130 3054 4201 ἀπόκρισις,
3088 4131 3201 4186 ἀλλ’
3229 4134 3310 4186 ὅτι
3348 4135 3566 4206 γνησίου

2005 4221 2168 4275 πόθου
2194 4216 2265 4291 ἦν
2287 4221 2383 4274 καὶ
2418 4218 2646 4284 ζέοντος.
2679 4221 2848 4276 Πάλιν
2891 4223 3058 4293 ἀνέϐη
3103 4227 3182 4289 είς
3208 4225 3268 4279 τὸ
3296 4227 3438 4298 ὅρος,
3475 4230 3568 4283 καὶ

2007 4308 2428 4380 μετεμορφώθη*
2454 4309 2608 4381 ὤφθη
2639 4312 2838 4381 μεταξῦ
2867 4312 3050 4376 Ἠλίας
3083 4316 3199 4368 ἐκεῖ
3221 4317 3312 4368 καὶ
3332 4319 3569 4390 Μωῦσῆς

2002 4398 2397 4469 διαλεγόμενος.
2448 4399 2616 4453 Πάλιν
2663 4401 2822 4454 κάκεῖ
2863 4404 2892 4456 6
2939 4404 3138 4476 Πέτρος
3162 4422 3175 4435 ·
3221 4409 3291 4461 El
3336 4408 3567 4477 θέλεις,

2004 4488 2348 4558 ποιήσωμεν
2372 4482 2489 4543 ὧδε
2517 4490 2674 4559 τρεῖς
2701 4491 2955 4559 σκηνάς.

2077 4589 2151 4646 ς’.
2171 4583 2311 4654 Ὅρα
2335 4583 2451 4647 πῶς
2475 4583 2647 4653 ἐφίλει
2673 4584 2763 4639 τὸν
2785 4585 3117 4651 διδάσκαλον,
3146 4589 3240 4641 καὶ
3266 4588 3452 4644 σκόπει
3474 4591 3571 4663 τὴν

2006 4672 2307 4743 ἀκρίϐειαν,
2338 4675 2432 4727 καὶ
2471 4673 2568 4744 τὴν
2598 4673 2832 4729 σύνεσιν.
2851 4675 3064 4748 Ἐπειδὴ
3094 4677 3201 4751 γάρ
3238 4679 3359 4732 τότε
3387 4681 3571 4746 ἀπλιῖνς

2006 4763 2322 4834 ἀποκριθεὶς
2351 4766 2737 4837 ὲπεστομίσθη,
2769 4767 3000 4822 ἐνταῦθα
3027 4773 3093 4841 τῇ
3125 4769 3339 4843 ἐξουσίᾳ
3370 4772 3464 4825 τοῦ
3495 4773 3573 4826 δι-

2006 4855 2272 4908 δασκὰλου
2303 4856 2583 4928 ἐπιτρέπει
2627 4859 2686 4911 τὸ
2732 4861 2990 4931 πρᾶγμα·
3035 4864 3104 4916 El
3131 4864 3342 4932 θέλεις,
3376 4865 3568 4934 λέγων.

2007 4946 2303 5016 Συμϐαίνει
2325 4947 2454 5019 γάρ,
2479 4949 2633 5018 φησὶ,
2660 4951 2754 5003 καὶ⁵
2774 4951 2867 5004 νῦν
2891 4953 3307 5024 ἀπερισκέπτως
3339 4973 3402 5026 με
3424 4958 3572 5028 πόθῳ

2007 5036 2320 5109 κινούμενον
2349 5039 2540 5094 είπεῖν.
2560 5041 2654 5094 Ἴν⁹
2683 5037 2778 5096 οὖν
2822 5043 2896 5115 μὴ
2936 5044 3034 5115 τὴν
3066 5046 3233 5118 αυτὴν
3263 5048 3574 5120 ἐπιτίμησιν

2007 5127 2252 5199 δέξηται·
2285 5133 2352 5186 ει
2374 5131 2589 5194 θέλεις,
2616 5133 2768 5205 φησί.
2801 5136 3105 5206 Συμπόσιον
3126 5133 3193 5210 ἦν
3217 5139 3390 5192 έκεῖνο
3418 5139 3576 5193 πάλιν

2007 5218 2069 5272 τὸ
2101 5219 2253 5287 άγιον
2280 5221 2374 5274 καὶ
2395 5221 2664 5292 φρικῶδες
2683 5239 2696 5253 ·
2727 5224 2820 5277 καὶ
2841 5225 2960 5278 τότε
2988 5225 3233 5294 λέγοντος
3259 5227 3351 5282 τοῦ
3377 5229 3571 5300 Ἰησοῦ·

2009 5305 2116 5375 Εἷς
2159 5309 2230 5375 ἐξ
2277 5309 2445 5380 ὑμῶν
2487 5312 2826 5380 παραδώσει
2856 5331 2954 5383 με,
2984 5316 3144 5371 πάλιν
3177 5320 3205 5371 ό
3236 5318 3438 5389 Πέτρος
3486 5320 3574 5377 διά

2014 5403 2114 5474 μιν
2139 5402 2238 5474 τήν
2263 5401 2578 5476 ιπιτίμησιν
2617 5405 2717 5477 τὴν
2747 5407 2845 5479 ήδη
2871 5409 3166 5479 γενομένην
3190 5413 3458 5483 ἐρωτῆσαι
3483 5413 3575 5467 τὸν

2010 5495 2326 5550 διδάσκαλον
2366 5498 2466 5551 οὐκ
2505 5497 2769 5570 ἐτόλμησε
2788 5515 2804 5529 ·
2834 5499 2924 5554 διὰ
2951 5500 3006 5555 δὲ
3032 5501 3124 5555 τόν
3153 5503 3334 5569 πόθον,
3360 5504 3419 5558 δν
3444 5503 3576 5576 εἶχε,

2015 5588 2236 5659 σιγῆσαι
2277 5589 2376 5644 οὐκ
2418 5589 2674 5662 ἠνέσχετο
2697 5609 2711 5624 ·
2754 5591 2868 5646 ἀλλ’
2905 5593 3205 5649 ἑσπούδασς
3237 5597 3330 5650 καὶ
3367 5596 3575 5667 μαθείν,

2016 5680 2109 5736 καὶ
2141 5679 2216 5752 μή
2247 5679 2394 5748 δόξαι
2425 5683 2700 5757 προπετὴς
2727 5702 2811 5749 τις
2849 5681 2988 5742 εἶναι
3032 5687 3127 5743 καὶ
3157 5687 3576 5764 ἀπερίσκεπτος.
