4082 6212
318 272 421 327 577

317 390 530 454 discere
572 388 884 457 nitebatur,
924 394 987 447 et
1036 388 1362 446 taenarias
1397 396 1452 444 et
1479 387 1905 445 inconsideratus

321 498 430 539 non
459 483 653 539 videri.
690 482 809 551 Quo
842 491 996 551 pacto
1016 481 1177 552 igitur
1201 490 1256 536 et
1279 481 1626 551 cupiditatem
1652 481 1906 550 explevit,

319 583 374 630 et
400 584 557 630 caute
609 590 723 629 suae
768 574 1043 629 securitati
1102 572 1380 643 providit?
1426 572 1495 628 Ut
1532 588 1602 630 eo
1627 574 1743 643 ipso
1766 571 1908 640 quod

318 665 529 722 discere
555 666 720 722 vellet
743 708 759 733 ,
788 664 1040 719 invictum
1095 679 1333 720 amorem
1380 665 1689 721 ostenderet
1727 664 1906 735 :quod

318 768 499 814 autem
529 759 628 812 hoc
674 757 789 827 ipse
815 772 910 823 per
934 771 995 811 se
1022 772 1127 810 non
1158 756 1379 823 faceret,
1406 756 1498 811 sed
1519 757 1744 811 alterum
1775 755 1910 825 obji-

320 860 469 905 ccret
498 891 512 913 ,
537 850 788 918 pietatem
834 857 887 902 et
919 848 1237 903 modestiam
1263 863 1476 902 omnem
1500 863 1611 917 pra:
1634 862 1693 901 se
1721 847 1901 901 ferret.

321 939 566 1009 Undique
601 940 744 995 enim
772 938 901 993 mihi
946 939 1228 1009 angustiae,
1264 939 1474 1007 inquit:
1504 938 1572 993 de
1607 938 1907 1008 proditione

323 1029 525 1087 Domini
556 1030 765 1100 agitur,
815 1031 999 1099 ingens
1046 1039 1129 1083 est
1172 1030 1463 1098 periculum
1491 1069 1509 1095 ,
1556 1030 1904 1099 prmcipitium

320 1123 588 1189 utrinque.
618 1121 676 1175 Si
711 1130 951 1183 tacuero,
978 1119 1159 1175 exedit
1187 1120 1419 1173 animam
1454 1120 1762 1174 sollicitudo
1802 1137 1815 1173 :
1860 1120 1905 1173 si

315 1212 526 1279 dixero,
554 1228 746 1268 vereor
798 1228 867 1268 ne
898 1211 1039 1266 forte
1086 1226 1273 1266 rursus
1303 1211 1716 1281 increpationem
1762 1211 1907 1265 exci-

318 1303 480 1371 piam.
511 1302 737 1356 Mediam
769 1303 946 1371 itaque
976 1302 1113 1355 viam
1144 1302 1334 1367 tenuit,
1363 1309 1418 1355 et
1440 1302 1531 1371 qui
1559 1302 1752 1370 ubique
1784 1317 1907 1371 pro-

320 1393 535 1446 siliebat
558 1402 684 1446 ante
703 1402 953 1457 caeteros,
986 1401 1095 1446 tum
1135 1391 1325 1446 ﬁducia
1353 1390 1573 1447 Joannis
1595 1391 1902 1461 indigebat,

318 1491 377 1536 ut
400 1483 474 1547 id,
503 1484 569 1536 de
589 1498 697 1553 quo
725 1483 1003 1553 agebatur,
1036 1493 1404 1553 cognosceret.
1434 1483 1573 1538 Nihil
1595 1484 1737 1539 enim
1756 1484 1902 1539 aliud

317 1574 576 1642 spirabat,
604 1583 657 1627 et
704 1574 755 1627 in
791 1574 973 1627 animo
1010 1582 1267 1643 perpetuo
1309 1574 1537 1629 habebat
1559 1616 1574 1641 ,
1606 1590 1762 1645 quam
1792 1590 1905 1629 ma-

318 1665 546 1733 gistrum
596 1673 825 1718 tantum.
892 1664 1183 1734 Pr0pterea
1234 1679 1479 1720 carceres
1522 1675 1577 1720 et
1626 1667 1904 1723 innumera

319 1752 514 1808 deinde
542 1755 730 1825 mortis
774 1770 970 1824 genera
1019 1755 1231 1810 subibat
1282 1756 1577 1822 audacter,
1629 1766 1905 1827 totamque

319 1844 482 1897 vitam
512 1854 831 1915 praesentem
869 1846 1175 1915 spernebat.
1223 1845 1449 1916 PrOpter
1505 1847 1653 1902 illum
1700 1859 1902 1903 etcum

321 1934 638 1990 verberibus
666 1951 838 1990 caesus
871 1946 1033 2003 esset,
1062 1946 1117 1991 et
1148 1946 1356 2007 tergum
1385 1938 1608 1994 haberet
1644 1939 1905 1994 vibicibus

316 2038 623 2092 exaratum,
651 2028 728 2083 sic
756 2043 851 2083 eos
877 2029 1127 2099 a‘quibus
1148 2044 1319 2083 exesus
1356 2030 1671 2085 verberibus
1697 2029 1901 2097 fuerat,

317 2115 724 2186 alloquebatur:
754 2118 872 2173 Non
899 2136 1165 2186 possumus
1196 2137 1287 2174 nos
1304 2136 1419 2190 qua
1439 2121 1654 2176 vidimus
1677 2132 1725 2175 et
1749 2122 1904 2175 andi-

314 2207 478 2261 ’ἕηκε
503 2222 605 2261 non
626 2207 763 2278 loqui
788 2208 809 2278 (
833 2209 949 2262 Act.
975 2210 1032 2264 4.
1058 2208 1186 2278 20).
1219 2208 1384 2264 Vides
1429 2210 1749 2267 indomitum
1783 2211 1902 2264 ani-

315 2311 462 2351 mum
486 2297 510 2350 ?
534 2297 685 2351 vides
721 2297 967 2353 ﬁduciam
1006 2299 1303 2353 invictam?
1342 2299 1491 2354 vides
1529 2302 1761 2355 animam
1789 2315 1903 2355 ca:-

316 2386 435 2441 lesti
487 2387 753 2443 desiderio
799 2399 855 2443 et
903 2405 1086 2447 amore
1134 2391 1567 2447 redundantem?
1623 2393 1903 2461 Quomodo

315 2493 448 2546 ergo
486 2477 666 2533 dicere
718 2478 884 2533 audes
930 2480 1076 2536 illum
1108 2522 1121 2547 ,
1162 2482 1303 2552 quod
1339 2492 1599 2543 metueret
1644 2498 1738 2538 eos
1762 2525 1778 2549 ,
1809 2483 1901 2551 qui

316 2582 381 2622 ex
409 2567 816 2623 circumcisione
833 2578 1007 2634 erant,
1026 2586 1085 2625 se
1116 2572 1461 2638 subtraxisse,
1478 2588 1542 2626 ac
1567 2573 1901 2642 segregassc!

317 2656 477 2711 Multa
507 2672 716 2727 quoque
740 2660 843 2713 alia
875 2660 941 2716 de
980 2661 1139 2716 Petro
1168 2662 1271 2717 dici
1307 2672 1569 2731 poterant,
1593 2680 1712 2732 quae
1731 2665 1902 2733 ipsius

316 2747 564 2801 ardorem
588 2790 604 2814 ,
635 2748 1023 2817 fortitudinem,
1058 2768 1298 2807 amorem
1324 2794 1339 2817 ,
1373 2769 1530 2823 quem
1572 2754 1802 2810 habebat
1846 2755 1901 2809 in

315 2836 583 2894 Christum
608 2880 622 2904 ,
653 2842 1000 2897 ostenderent
1041 2843 1178 2898 :sed
1221 2859 1288 2898 ne
1333 2844 1544 2913 longius
1593 2860 1901 2900 sermonem

315 2940 372 2985 et
421 2932 724 3001 importune
766 2934 1123 3004 producamus
1148 2978 1165 3003 ,
1210 2937 1475 2992 sufﬁcient
1524 2954 1585 2992 ea
1615 2955 1734 3009 quae
1759 2939 1901 2995 dicta

318 3031 463 3077 sunt.
486 3023 671 3094 Neque
700 3027 844 3080 enim
872 3027 939 3081 de
962 3027 1206 3081 laudibus
1226 3028 1343 3096 ejus
1373 3030 1668 3083 orationem
1695 3029 1900 3085 habere

316 3114 472 3168 nobis
533 3117 866 3183 propositum
917 3126 1039 3182 est,
1098 3118 1191 3172 sed
1244 3119 1593 3189 quaestionem
1646 3122 1891 3188 solvere,

314 3219 435 3275 quae
474 3220 533 3260 se
562 3205 841 3261 videbatur
868 3208 1084 3272 oﬁ'erre,
1114 3218 1275 3280 atque
1300 3210 1365 3265 ad
1394 3211 1555 3266 ﬁnem
1582 3213 1892 3283 perducam.

387 3297 441 3350 7.
481 3296 561 3350 'l‘u
594 3312 728 3353 vero
765 3299 980 3354 aliunde
1009 3316 1221 3371 quoque
1259 3304 1557 3372 perpende,
1611 3320 1768 3375 quam
1804 3321 1899 3374 pa—

314 3402 434 3442 rum
488 3388 775 3457 probabilis
800 3391 869 3445 sit
912 3394 1199 3447 accusatio.
1236 3394 1365 3448 Nam
1404 3404 1513 3449 tum
1562 3396 1774 3465 quidem
1797 3397 1903 3452 sub

314 3477 487 3546 ipsum
517 3478 854 3549 principium,
871 3483 1084 3551 quando
1099 3484 1327 3551 dicebat,
1353 3484 1503 3539 Hunc
1524 3485 1720 3553 Issum,
1748 3504 1899 3558 quem

312 3580 399 3620 uos
424 3571 767 3639 cruci/iristis,
804 3574 1060 3629 suscitavit
1082 3575 1236 3641 Deus,
1269 3578 1447 3633 solutis
1472 3577 1727 3634 doloribus
1752 3597 1895 3634 mor-

310 3658 375 3712 tis
415 3660 551 3730 (Act.
582 3661 770 3729 λεδ),
814 3674 926 3719 tum
980 3667 1119 3722 inter
1148 3668 1390 3724 inimicos
1414 3679 1550 3735 erat,
1594 3672 1766 3726 adhuc
1788 3687 1897 3727 ca:-

306 3748 431 3803 dem
458 3752 788 3815 anhelantes,
836 3756 1009 3809 adhuc
1059 3758 1135 3810 ira
1165 3758 1454 3822 ferventes.
1493 3761 1668 3815 adhuc
1720 3763 1893 3817 disci-

310 3840 467 3909 pulos
498 3841 738 3895 volentes
786 3843 1112 3910 discerpere.
1144 3845 1367 3915 Vigebat
1409 3848 1550 3901 enim
1580 3850 1754 3904 adhuc
1782 3852 1892 3905 illo-

308 3943 428 3983 rmn
458 3931 803 3999 perturbatio,
835 3942 1060 3988 etmens
1096 3934 1174 3989 ira
1214 3936 1467 3991 tumebat.
1506 3936 1657 3993 Nunc
1688 3948 1891 4005 autem,

309 4035 431 4074 cum
487 4021 686 4076 Paulus
716 4023 818 4085 ista
872 4024 1147 4088 scriberet,
1188 4025 1429 4082 decimus
1471 4029 1730 4097 septimus
1766 4046 1893 4101 age-

308 4108 465 4165 batur
516 4126 710 4175 annus,
740 4128 811 4167 ex
843 4128 951 4177 quo
983 4125 1219 4183 cmperat
1240 4118 1570 4186 evangelium
1594 4119 1888 4187 prwdicari.

305 4198 439 4254 Cum
488 4200 631 4255 enim
684 4202 930 4271 dixisset,
980 4204 1106 4261 Post
1141 4223 1302 4261 annos
1332 4216 1430 4262 tres
1456 4210 1658 4269 escendi
1682 4208 1895 4267 Jeroso-

308 4289 496 4360 lymam
523 4290 663 4361 (Gal.
690 4296 743 4349 1.
769 4295 878 4363 18),
906 4296 981 4350 ait
1004 4312 1209 4362 rursus,
1233 4297 1360 4353 Post
1392 4315 1551 4355 annos
1578 4303 1890 4370 quotuordea

305 4384 401 4435 sint
425 4384 629 4439 escendi
654 4385 1023 4455 Jsrosolynsans
1052 4387 1191 4458 (Gal.
1209 4389 1265 4443 2.
1300 4390 1377 4459 1).
1406 4390 1507 4457 Qui
1532 4408 1658 4463 ergo
1682 4397 1733 4450 in
1752 4409 1887 4464 pra:-

304 4472 586 4529 dicationis
645 4475 881 4531 exordiis
931 4493 1039 4533 non
1092 4478 1285 4545 timuit,
1334 4496 1473 4538 nunc
1517 4491 1633 4551 post
1680 4491 1883 4539 tantum

303 4564 543 4633 elapsum
586 4574 792 4635 tempus
827 4567 1013 4624 timet?
1060 4569 1150 4638 qui
1177 4584 1283 4625 non
1328 4581 1589 4625 maluerat
1610 4572 1884 4644 Jerosnly-

304 4657 426 4719 mis,
468 4656 762 4713 Antiochiae
800 4660 1105 4717 metuebat?
1146 4660 1236 4730 qui
1260 4676 1381 4715 eum
1412 4662 1479 4715 ab
1517 4661 1756 4719 hostibus
1775 4664 1886 4719 cir-

303 4762 605 4802 cumsessus
653 4758 817 4813 esset,
851 4757 961 4803 tum
1000 4766 1106 4804 non
1160 4760 1241 4805 est
1294 4753 1549 4817 territus;
1582 4768 1720 4807 nunc
1760 4768 1881 4821 cum

303 4855 405 4895 nec
446 4840 539 4895 uili
608 4839 789 4895 hostes
848 4841 1079 4907 adsunt,
1135 4841 1228 4897 sed
1268 4842 1449 4898 fideles
1508 4858 1570 4897 ac
1614 4844 1879 4914 discipuli,

303 4939 448 4985 metu
508 4932 719 5001 angitur
760 4941 815 4987 et
859 4931 1203 4999 reformidat,
1274 4948 1376 4987 nec
1420 4944 1562 4989 recte
1616 4936 1882 4991 ambulat?

301 5019 433 5087 Quis
471 5019 573 5078 hoc
617 5022 810 5079 rationi
828 5033 1245 5080 consentaneum
1268 5024 1570 5091 arbitretur,
1606 5026 1732 5080 dum
1755 5044 1877 5084 suc-

303 5108 552 5164 cenditur
596 5126 781 5181 rogus,
830 5115 965 5166 etin
1012 5114 1176 5167 altum
1225 5116 1479 5185 exsurgit,
1536 5118 1786 5173 audacter
1826 5120 1877 5175 in

298 5214 419 5255 cum
440 5216 678 5270 pergere,
695 5205 1012 5258 exstinctum
1030 5215 1205 5259 autem
1222 5215 1277 5261 et
1294 5207 1561 5262 redactum
1581 5210 1877 5265 incinerem

298 5288 646 5347 reformidare
684 5302 738 5347 et
801 5295 1247 5351 comminiscere?
1301 5297 1357 5352 Si
1407 5298 1624 5356 timidus
1692 5300 1878 5357 fuisset

297 5388 353 5434 ot
381 5380 599 5438 minime
648 5394 898 5439 strenuus
944 5386 1155 5455 Petrus,
1184 5388 1333 5443 initio
1382 5391 1795 5459 praedicationis,
1822 5394 1875 5449 in

297 5474 583 5543 metrOjioli
612 5476 935 5546 indecorum,
986 5480 1075 5537 ubi
1119 5483 1301 5537 hostes
1330 5494 1482 5540 erant
1508 5501 1715 5553 omnes,
1750 5497 1876 5544 tunc

296 5562 715 5634 reformidasset,
744 5584 848 5625 non
887 5580 1011 5641 post
1039 5581 1239 5628 tantum
1269 5583 1474 5646 tempus
1495 5576 1546 5631 in
1574 5579 1704 5634 urbe
1724 5579 1875 5635 Chri-

296 5656 639 5729 stianissima,
665 5677 838 5733 neque
861 5666 1208 5734 pauentibus
1223 5667 1411 5725 amicis
1433 5680 1488 5729 et
1503 5672 1864 5734 familiaribus.

1393 268 1465 325 IN
1499 266 1731 336 lLLUD,
1770 272 1839 328 IN
1879 267 2135 331 ῈΔΟΞΕΜ
2175 266 2243 324 El
2278 260 2578 325 BESTlTi.

3483 282 3583 337 $78

2015 386 2198 458 Itaque
2248 405 2348 446 nec
2376 399 2605 460 tempus,
2646 403 2746 447 nec
2778 387 2947 457 locus,
2989 404 3166 461 neque
3208 390 3444 448 conditio
3472 407 3597 461 perv

2012 494 2262 536 sonorum
2336 498 2435 538 nos
2495 484 2565 539 ita
2626 466 2807 539 verbis
2849 483 2954 538 illis
3000 482 3159 539 ﬁnem
3210 484 3333 541 sivit
3371 484 3594 552 habere.

2014 578 2070 625 ut
2110 570 2309 627 dictum
2339 582 2445 639 est,
2471 583 2525 627 et
2547 574 2759 629 Petrum
2791 573 2997 629 timoris
3022 588 3293 629 accusare.
3318 572 3600 630 Laudastis

2011 678 2129 732 qua:
2168 664 2308 721 dicta
2351 665 2512 719 sunt?
2553 665 2710 733 Atqui
2760 664 2980 719 Paulum
3023 664 3171 719 initio
3210 663 3593 732 mirabamiui,

2011 752 2236 823 ejusque
2286 753 2529 808 fiduciam
2581 754 3039 823 obstupescebatis
3073 762 3166 809 :st
3214 769 3340 809 ecce
3378 768 3601 810 accusa-

2012 846 2209 898 tionem
2258 846 2475 901 invertit
2520 848 2709 900 oratio.
2762 846 2863 901 Sed
2909 856 2964 900 ut
3009 846 3160 901 initio
3189 847 3430 903 dicebam
3465 846 3596 902 nihil

2012 935 2143 989 mihi
2195 934 2469 1004 prodesse,
2498 938 2541 991 si
2575 936 2742 992 Paulo
2782 946 2925 991 recte
2952 935 3197 1003 faciente,
3224 936 3440 993 Petrum
3467 953 3597 994 con-

2008 1036 2110 1082 stet
2146 1043 2251 1082 non
2306 1037 2450 1081 recte
2474 1027 2666 1082 fecisse
2692 1028 2711 1099 (
2726 1037 2905 1083 manet
2929 1029 3070 1082 enim
3094 1028 3319 1094 crimen,
3344 1036 3401 1082 et
3426 1028 3598 1098 pudor

2010 1121 2061 1173 in
2099 1136 2197 1175 nos
2246 1120 2525 1183 redundat,
2556 1121 2668 1173 sive
2695 1119 2779 1173 hic
2823 1120 2936 1173 sive
2983 1119 3073 1174 ille
3118 1120 3491 1190 peccaverit):
3522 1120 3596 1173 ita

2010 1228 2148 1265 nunc
2174 1212 2333 1265 etiam
2378 1211 2516 1266 idem
2558 1226 2743 1265 rursus
2785 1210 2928 1275 dico,
2958 1209 3089 1265 nihil
3133 1210 3260 1265 mihi
3308 1210 3593 1279 prodesse.

2008 1305 2052 1358 si
2095 1304 2484 1359 accusationem
2524 1319 2554 1357 a
2585 1318 2645 1359 se
2663 1303 2949 1359 amoliente
2979 1301 3160 1368 Petro,
3184 1302 3408 1359 Paulum
3434 1317 3598 1372 appa-

2008 1405 2124 1451 reat
2175 1396 2428 1450 audacter
2481 1406 2535 1450 et
2591 1395 2979 1450 inconsiderate
3015 1394 3381 1465 conpostolum
3434 1408 3597 1449 accu-

2008 1502 2178 1542 sasse.
2211 1489 2323 1557 Age
2344 1489 2504 1558 igitur
2526 1488 2668 1544 hunc
2700 1488 2858 1543 etiam
2882 1489 3106 1545 crimine
3127 1488 3436 1544 liberemus.
3455 1488 3594 1556 Quid

2008 1578 2182 1645 ergo?
2216 1576 2359 1632 Talis
2406 1577 2618 1646 quidem
2670 1586 2788 1635 erat
2819 1577 3029 1645 Petrus,
3077 1577 3275 1635 Paulus
3316 1592 3445 1633 vero
3473 1578 3596 1637 talis

2008 1681 2114 1721 non
2159 1668 2306 1724 erat?
2334 1668 2398 1723 Et
2424 1668 2547 1737 quid
2570 1668 2735 1725 Paulo
2760 1668 3055 1731 ardentius,
3083 1668 3173 1740 qui
3204 1677 3421 1737 propter
3434 1667 3596 1723 Citrio

2006 1767 2147 1816 stum
2192 1760 2428 1825 quotidie
2475 1759 2835 1820 moriebatur?
2865 1760 3241 1815 Verumtamen
3287 1774 3392 1814 non
3420 1760 3597 1829 agitur

2007 1866 2149 1906 nunc
2198 1853 2338 1920 apud
2382 1865 2479 1904 nos
2508 1851 2575 1905 de
2604 1850 2932 1914 fortitudine,
2967 1849 3131 1921 (quid
3159 1850 3301 1905 enim
3339 1851 3441 1905 hoc
3470 1849 3596 1911 facit

2005 1940 2072 1999 ad
2096 1940 2495 2010 propositum?)
2524 1939 2617 1996 sed
2647 1955 2773 1997 num
2802 1939 2926 1997 odio
2949 1939 3199 2008 quopiam
3243 1954 3595 2009 prosequere-

2009 2037 2095 2084 tur
2119 2030 2442 2097 apostolum.
2474 2029 2556 2085 vel
2586 2044 2713 2085 num
2757 2044 2908 2089 vanae
2940 2029 3129 2098 gloriae
3151 2043 3312 2084 causa
3356 2022 3438 2083 vc!
3462 2043 3596 2087 con-

2007 2119 2263 2175 tentionis
2293 2130 2438 2175 esset
2460 2120 2549 2174 illa
2588 2134 2759 2189 pugna
2791 2128 2997 2175 exorta.
3025 2118 3133 2177 Sed
3158 2133 3227 2175 ne
3252 2119 3355 2175 hoc
3374 2118 3591 2189 quidem

2005 2209 2107 2265 dici
2127 2210 2507 2280 potest;ahsit.
2538 2209 2652 2267 Non
2678 2210 2824 2267 enim
2852 2210 2997 2266 Petri
3044 2221 3349 2267 sanctorum
3380 2212 3591 2273 illos-tun

2007 2300 2260 2370 principis
2285 2302 2481 2367 solum,
2512 2300 2607 2357 sed
2653 2310 2708 2355 et
2745 2302 2983 2361 omnium
3036 2301 3090 2357 in
3119 2302 3425 2359 universum
3458 2315 3595 2370 apo.

2004 2391 2264 2446 stolarum
2289 2407 2475 2447 servus
2503 2398 2619 2447 erat
2655 2389 2870 2458 Paulus,
2914 2392 3073 2461 idque
3119 2406 3241 2447 cum
3284 2406 3471 2447 omnes
3490 2408 3589 2448 ex-

2004 2480 2270 2541 antlandis
2320 2481 2592 2541 laboribus
2641 2489 2937 2550 superaret,
2992 2488 3226 2535 attamen
3266 2481 3591 2541 omniumse

2005 2573 2253 2633 ultimum
2296 2574 2594 2643 reputabat.
2625 2571 2737 2642 Ego
2778 2574 2931 2637 enim,
2962 2572 3160 2641 inquit,
3191 2589 3307 2626 sum
3351 2572 3590 2629 minimus

2003 2664 2371 2732 apostolorum,
2387 2665 2471 2733 qui
2493 2681 2593 2720 non
2607 2681 2717 2719 sum
2731 2665 2912 2735 dignus
2934 2664 3100 2719 uocari
3120 2662 3380 2731 apostolus
3398 2663 3445 2731 (1
3465 2661 3585 2721 Cor.

2008 2756 2092 2811 15.
2122 2754 2178 2826 9)
2205 2771 2221 2810 '.
2254 2772 2359 2811 non
2406 2756 2577 2811 solum
2631 2764 2808 2811 autem
2830 2755 3215 2825 apostolorum,
3252 2755 3347 2811 sed
3372 2764 3427 2815 et
3460 2768 3590 2811 san-

2001 2860 2211 2907 ctorum
2237 2850 2392 2917 plane
2439 2849 2699 2909 omnium.
2748 2847 2877 2907 [libi
2904 2847 3044 2904 enim
3069 2847 3316 2917 ,inquit,
3358 2846 3589 2905 omnium

2001 2949 2291 2995 sanctorum
2316 2940 2525 2999 minimo
2562 2940 2683 2997 data
2722 2949 2794 2994 est
2835 2941 2943 2999 hac
2980 2940 3146 3010 gratia
3180 2938 3395 3008 (Epiros.
3423 2940 3476 2994 3.
3504 2937 3589 3007 8).

2072 3031 2126 3088 8.
2167 3029 2327 3087 Vides
2366 3031 2599 3085 animam
2636 3029 2924 3085 humilem?
2958 3028 3105 3083 vides
3152 3036 3211 3082 ut
3249 3044 3309 3082 se
3346 3028 3589 3089 omnium

2000 3134 2301 3185 sanctorum
2333 3122 2571 3177 infimum
2595 3130 2812 3183 statuat,
2834 3136 2939 3177 non
2966 3119 3325 3190 apostolorum
3352 3119 3583 3179 tantum?

2002 3214 2169 3272 Porro
2216 3215 2306 3283 qui
2346 3212 2424 3269 sic
2473 3227 2600 3282 erga
2622 3226 2811 3268 omnes
2851 3210 3071 3267 affectus
3100 3218 3247 3273 erat,
3289 3209 3491 3269 sciebat
3529 3217 3587 3271 et

1999 3314 2192 3374 quanta
2214 3302 2435 3359 honoris
2461 3302 2803 3373 praerogativa
2827 3301 2987 3357 Petro
3011 3301 3315 3367 deberetur,
3351 3314 3585 3369 eumque

1997 3412 2109 3467 pra:
2134 3396 2345 3452 caeteris
2367 3393 2616 3455 omnibus
2643 3393 2851 3453 colebat
2877 3390 3199 3456 hominibus,
3222 3399 3279 3444 et
3302 3399 3362 3447 ut
3390 3389 3583 3459 dignus

1997 3495 2148 3551 erat,
2196 3486 2267 3541 ita
2314 3500 2441 3555 erga
2483 3484 2630 3543 illum
2668 3483 2890 3541 aﬁ‘ectus
2913 3491 3049 3541 erat.
3096 3483 3269 3551 Atque
3313 3480 3415 3535 hoc
3458 3480 3585 3536 inde

1996 3586 2226 3637 constat.
2279 3577 2334 3637 in
2380 3576 2528 3631 illum
2586 3575 2747 3629 totius
2772 3573 2917 3629 orbis
2962 3581 3221 3629 terrarum
3251 3571 3387 3631 oculi
3428 3578 3582 3629 erant

1995 3668 2274 3735 conversi.
2308 3668 2669 3731 Ecclesiarum
2714 3665 2976 3721 universa:
3006 3672 3161 3719 teme
3189 3677 3315 3719 cura
3344 3662 3413 3716 ab
3436 3662 3582 3721 illius

1995 3764 2171 3820 anima
2218 3760 2494 3831 pendebat.
2536 3758 2604 3815 de
2656 3758 2815 3813 rebus
2848 3756 3140 3813 innumeris
3167 3753 3403 3826 quotidie
3430 3753 3583 3809 solli-

1994 3862 2133 3907 citus
2161 3860 2295 3915 erat,
2321 3851 2556 3919 undique
2583 3849 2728 3902 illum
2757 3846 3208 3903 circumsidebant
3246 3844 3580 3915 procuratio-

1995 3956 2113 4007 nes,
2125 3942 2477 4009 praefecturae,
2493 3938 2870 4001 correctioues,
2889 3938 3129 4001 consilia,
3151 3936 3583 4003 cohortationes,

1992 4032 2272 4097 doctrinas,
2301 4031 2445 4085 mille
2466 4029 2800 4099 negotiorum
2823 4028 3193 4099 expeditiones
3222 4038 3312 4085 :et
3331 4028 3581 4089 omnibus

1993 4125 2096 4183 illis
2120 4123 2334 4180 omissis
2353 4121 2740 4192 Jerosolymam
2787 4136 2847 4177 se
2871 4119 3129 4187 contulit,
3158 4133 3259 4175 nec
3292 4120 3431 4177 illius
3455 4134 3578 4179 sus-

1991 4215 2129 4283 cepti
2176 4212 2379 4273 itineris
2417 4213 2521 4271 alia
2556 4212 2653 4267 fuit
2690 4212 2900 4267 occasio
2943 4210 3046 4267 ulla
3071 4251 3087 4276 ,
3124 4210 3223 4267 nisi
3247 4217 3307 4264 ut
3354 4208 3577 4265 Petrum

1990 4309 2217 4371 videret,
2267 4307 2402 4361 sicut
2451 4306 2525 4361 ait
2572 4304 2685 4375 ipse
2712 4322 2725 4357 :
2751 4304 2963 4360 Ascendi
3004 4301 3377 4372 Jerosolytuam
3408 4300 3577 4357 ridere

1996 4397 2205 4453 Petrum
2230 4395 2374 4466 (Gal.
2397 4397 2446 4452 i.
2478 4392 2590 4467 18).
2615 4393 2694 4451 sic
2714 4395 2887 4463 ipsum
2914 4392 3228 4457 honorabat,
3251 4402 3303 4446 et
3328 4390 3576 4447 omnibus

1990 4488 2322 4558 praeferebat.
2370 4487 2506 4557 Quid
2535 4502 2662 4557 ergo
2711 4487 2734 4539 ?
2758 4501 2879 4542 cum
2908 4485 3083 4554 ipsum
3107 4483 3349 4549 vidisset,
3379 4482 3567 4539 confe-

1989 4582 2113 4635 stim
2146 4580 2368 4637 recessit
2403 4579 2427 4633 ?
2456 4578 2794 4648 Nequaquam
2829 4594 2843 4631 :
2874 4576 2968 4635 sed
2991 4574 3128 4646 apud
3172 4574 3344 4646 ipsum
3381 4573 3581 4631 diebus.

1987 4670 2288 4741 quindecim
2313 4670 2527 4725 mansit.
2549 4669 2605 4725 Si
2633 4683 2791 4738 quem
2812 4668 2970 4740 igitur
3000 4667 3306 4736 magistrum
3338 4666 3573 4727 militum

1985 4763 2188 4826 videas,
2219 4761 2325 4825 dic,
2368 4761 2547 4825 sodes,
2594 4775 2911 4829 generosum
2946 4766 3001 4813 et
3037 4758 3313 4823 eximium,
3365 4758 3567 4813 indicto

1980 4855 2091 4925 jam
2134 4854 2298 4920 bello,
2354 4854 2581 4907 militum
2620 4853 2734 4908 acie
2769 4852 2877 4919 jam
2930 4851 3208 4921 disposita,
3241 4850 3348 4919 iam
3392 4865 3565 4920 pugna

1985 4947 2291 5013 commissa,
2346 4961 2465 5000 eum
2507 4946 2780 4999 innumera
2838 4944 2982 4997 illum
3029 4952 3281 4997 vocarent
3332 4945 3565 5011 negotia,

1984 5037 2167 5092 relicta
2195 5036 2310 5091 acie
2335 5036 2400 5090 ad
2427 5036 2753 5090 visitandum
2784 5033 3085 5105 quempiam
3113 5033 3345 5087 amicum
3377 5047 3435 5086 se
3462 5034 3567 5087 alio

1982 5126 2253 5192 conferre,
2284 5142 2409 5181 num
2435 5141 2595 5196 quam
2617 5125 2777 5181 aliam
2816 5124 3096 5193 majorem,
3124 5138 3325 5192 ᾳυωεο.
3344 5122 3570 5179 demon-

1983 5219 2297 5276 strationem
2330 5234 2599 5287 qumreres
2643 5221 2813 5289 ipsius
2837 5233 2962 5291 erga
2994 5218 3264 5273 hominem
3294 5218 3437 5273 illum
3466 5218 3565 5273 hee

1982 5310 2332 5367 nevoletitim?
2353 5310 2466 5366 Non
2494 5310 2740 5383 equidem
2795 5310 3043 5366 arbitror.
3070 5310 3180 5365 Hoc
3219 5310 3375 5379 igitur
3399 5318 3453 5365 et
3494 5308 3564 5365 de

1981 5401 2145 5458 Paulo
2189 5402 2451 5472 Petroque
2472 5403 2735 5458 existima.
2778 5400 3054 5472 Siquidem
3089 5400 3174 5455 hic
3217 5416 3428 5471 quoque
3445 5400 3559 5463 bei-

1980 5494 2090 5551 lum
2119 5509 2279 5564 grave
2306 5493 2588 5551 conﬂatum
2620 5504 2755 5560 erat,
2779 5504 2833 5550 et
2859 5496 3002 5550 acies
3035 5504 3086 5548 ct
3113 5508 3287 5563 pugna
3317 5503 3431 5549 erat
3452 5506 3559 5547 non

1980 5584 2235 5640 adversus
2258 5585 2500 5640 homines
2521 5593 2749 5651 tantum,
2777 5584 2870 5642 sed
2902 5592 2958 5641 et
2985 5584 3241 5640 adversus
3267 5584 3557 5653 principes,

1985 5681 2243 5739 adversus
2272 5689 2587 5754 potestates,
2628 5681 2885 5739 adversus
2926 5681 3107 5741 mundi
3149 5688 3553 5749 rectos-estan-
