4082 6212
497 233 602 291 379

496 354 720 407 brarum
749 350 934 407 saeculi
962 350 1124 421 hujus
1149 350 1308 422 (Eph.
1331 353 1385 409 6.
1410 354 1520 422 12),
1542 354 1677 410 etde
1701 354 1877 409 salute
1892 353 2070 407 homi-

498 458 629 499 num
656 442 966 514 pugnazsic
987 451 1166 498 tamen
1200 442 1421 499 Petrum
1452 448 1823 512 reverebatur,
1851 454 1910 499 ut
1939 459 2067 500 cum

485 546 629 591 tanta
665 538 983 604 immineret,
1025 548 1341 608 urgeretque
1362 536 1677 601 necessitas,
1705 535 1774 590 ad
1804 535 1951 589 illum
1980 550 2069 590 ex-

482 637 723 682 curreret
746 627 1153 700 Jerosolymam,
1194 640 1249 684 et
1279 644 1401 683 cum
1447 628 1585 698 apud
1610 643 1731 683 eum
1764 626 2065 698 quindecim

479 715 594 772 dics
619 717 921 787 mansisset,
955 728 1066 773 tum
1092 719 1307 775 demum
1337 717 1554 773 rediret.
1579 717 1911 788 Cognovistis
1956 716 2069 771 for-

488 807 772 862 titudinem
803 808 967 873 Petri,
998 808 1261 864 didicistis
1284 811 1589 864 comitatem
1618 808 1762 863 Pauli
1789 822 1915 877 erga
1944 821 2067 861 om-

479 913 573 953 nes
603 900 897 969 ap0stolos,
928 916 1050 972 erga
1077 901 1250 971 ipsum
1296 900 1509 955 Petrum
1543 917 1557 954 :
1597 901 1709 969 jam
1738 914 1957 955 necesse
1985 906 2068 953 est

475 986 541 1040 ad
578 989 747 1059 ipsam
789 992 1098 1060 quaestionis
1131 991 1450 1046 solutionem
1499 991 1793 1046 veniamus.
1819 990 1876 1046 Si
1922 991 2065 1045 enim

476 1088 529 1131 et
555 1078 642 1134 hic
663 1079 876 1135 Petrum
907 1081 1140 1147 amabat,
1171 1091 1224 1135 et
1249 1082 1337 1136 ille
1359 1081 1571 1136 timidus
1595 1090 1685 1135 aut
1711 1097 1897 1151 parum
1923 1090 2065 1135 stre-

484 1186 622 1227 nuus
661 1187 768 1227 non
805 1182 938 1238 erat,
979 1182 1035 1229 et
1077 1175 1348 1229 contentio
1375 1189 1438 1229 ac
1479 1174 1826 1229 contradictio
1861 1173 1946 1228 illa
1998 1187 2064 1228 ex

483 1264 661 1318 animo
688 1274 933 1335 suscepta
954 1280 1059 1320 non
1088 1276 1223 1333 erat,
1252 1266 1375 1336 quid
1402 1267 1499 1321 sibi
1532 1267 1641 1321 vult
1662 1268 1759 1322 ista
1791 1266 2065 1321 narratio?

482 1364 573 1409 aut
610 1370 714 1426 qua
751 1356 819 1411 de
845 1372 1006 1412 causa
1031 1357 1145 1412 haec
1167 1358 1491 1428 dispensatio
1518 1357 1713 1413 fiebat?

553 1446 609 1500 9.
650 1446 761 1501 Hoc
790 1447 908 1502 loco
936 1448 1218 1514 advertite,
1262 1450 1574 1518 animosque
1618 1457 1825 1504 vestros
1854 1447 2062 1518 erigite,

481 1551 546 1593 ac
593 1539 875 1610 diligenter
921 1542 1215 1609 attendite,
1250 1550 1309 1597 ut
1337 1541 1670 1597 manifestam
1699 1542 2064 1597 defensionem

482 1630 807 1702 intelligatis.
858 1633 1064 1704 Quippe
1106 1634 1394 1689 absurdum
1425 1642 1569 1691 esset
1607 1650 1693 1690 me
1730 1635 1821 1706 qui
1866 1643 2065 1690 terram

480 1721 694 1789 cfl'odio,
745 1732 947 1779 tantum
988 1725 1225 1781 laborem
1275 1727 1580 1792 exantlare,
1620 1740 1717 1783 vos
1746 1734 1947 1792 autem,
1972 1724 2065 1795 qui

481 1813 629 1867 nullo
675 1815 886 1885 negotio
914 1813 1075 1871 visuri
1117 1818 1247 1872 estis
1295 1833 1507 1883 summ,
1547 1833 1658 1888 pra:
1699 1819 1860 1873 nimia
1890 1832 2064 1873 socor-

480 1904 567 1959 dia
589 1913 792 1987 tantum
820 1906 1028 1963 lucrum
1049 1909 1475 1978 praetermittere.
1503 1909 1734 1965 Necesse
1751 1918 1835 1964 est
1859 1918 2064 1975 autem,

483 2002 542 2049 ut
576 1996 833 2051 orationis
861 1996 1067 2052 initium
1096 1998 1257 2053 altius
1287 2006 1625 2068 repetamus,
1674 2007 1733 2052 ut
1778 1997 2060 2053 clariorem

480 2084 633 2139 vobis
657 2085 951 2141 doctrinam
978 2088 1282 2144 reddamus.
1332 2089 1620 2159 Postquam
1648 2089 1789 2145 enim
1816 2090 1870 2144 in
1902 2089 2062 2144 celos

479 2173 637 2231 lesus
684 2191 933 2232 reversus
977 2187 1094 2243 est,
1127 2179 1336 2249 expleta
1380 2195 1537 2250 quam
1562 2188 1744 2235 nostra
1788 2195 1945 2236 causa
1972 2196 2064 2236 su-

479 2276 724 2336 sceperat
772 2265 1186 2336 dispensatione,
1237 2268 1459 2324 verbum
1504 2269 1760 2326 doctrina:
1785 2270 1896 2326 suis
1930 2270 2061 2326 reli-

478 2355 593 2424 quit
615 2356 893 2425 apostolis,
926 2364 983 2411 ut
1019 2358 1093 2412 ait
1141 2357 1354 2425 Paulus,
1390 2358 1456 2414 Et
1485 2361 1652 2431 posuit
1687 2361 1742 2414 in
1773 2362 1918 2416 nobis
1952 2378 2061 2416 ver-

478 2445 596 2499 bum
621 2448 1079 2514 reconciliationis;
1106 2460 1157 2505 et
1190 2465 1397 2520 rursus,
1431 2451 1536 2507 Pro
1580 2452 1779 2508 Christo
1811 2454 2060 2526 legatione

475 2538 760 2608 fungimur,
800 2549 1039 2611 tanquam
1064 2542 1174 2597 Deo
1201 2544 1496 2600 exhortante
1522 2561 1611 2612 per
1641 2562 1733 2599 nos
1755 2546 1830 2615 (2.
1856 2546 1973 2601 Cor.
1998 2547 2051 2602 5.

476 2626 565 2682 19.
593 2628 720 2695 20);
762 2630 866 2686 hoc
901 2641 1003 2699 est,
1034 2633 1152 2688 vice
1192 2632 1412 2689 Christi.
1454 2635 1603 2691 Tunc
1630 2636 1789 2707 igitur
1816 2651 1935 2691 cum
1962 2652 2059 2707 per

476 2718 784 2776 universum
820 2724 1005 2779 orbem
1049 2734 1306 2782 terrarum
1362 2728 1447 2783 isti
1492 2729 1868 2799 praedicabant,
1913 2730 2055 2785 nulla

472 2817 591 2864 erat
618 2809 866 2879 haeresis;
912 2815 1008 2870 sed
1053 2826 1240 2872 natura
1296 2818 1469 2873 omnis
1533 2819 1763 2874 humana
1808 2819 1916 2875 duo
1961 2819 2058 2875 ha-

473 2899 633 2956 bebat
670 2902 784 2959 haec
825 2905 1091 2977 dogmata,
1132 2924 1294 2963 unum
1320 2920 1522 2965 rectum
1573 2919 1627 2966 et
1664 2924 1875 2980 sanum,
1921 2912 2056 2968 alte-

473 3004 589 3045 rum
611 3003 916 3065 corruptum
959 3006 1013 3052 et
1040 3014 1281 3069 pravum.
1313 3000 1420 3055 Aut
1451 3000 1592 3056 enim
1618 3002 1843 3071 gentiles
1868 3017 2053 3059 omnes

471 3093 626 3138 erant
683 3087 829 3142 orbis
858 3088 1067 3156 incolae,
1111 3102 1202 3146 aut
1233 3092 1400 3148 Judaei
1435 3110 1449 3146 :
1484 3109 1659 3165 neque
1706 3095 2048 3163 Manichacus,

472 3187 643 3244 neque
688 3177 924 3235 Marcion
947 3222 962 3245 ,
1003 3198 1177 3254 neque
1223 3185 1533 3242 Valentinus
1559 3228 1574 3252 ,
1608 3203 1706 3242 nec
1753 3188 1887 3243 alius
1915 3189 2052 3244 ullus

470 3266 687 3321 omnino
710 3279 825 3325 erat
853 3287 869 3324 :
897 3272 1023 3343 quid
1048 3275 1190 3329 enim
1211 3278 1400 3332 attinet
1438 3293 1623 3333 omnes
1660 3278 1892 3336 haereses
1915 3296 2051 3335 enu-

470 3358 723 3413 meraret
763 3360 1022 3431 siquidem
1063 3376 1184 3434 post
1232 3367 1463 3423 triticum
1516 3378 1640 3424 tunc
1688 3370 2051 3439 proseminata

468 3455 593 3500 sunt
626 3450 844 3519 zizania,
876 3456 1022 3509 varia
1046 3456 1293 3512 nimimm
1320 3457 1583 3515 haeresum
1610 3461 1930 3531 corruptela.
1972 3464 2051 3517 Ac

468 3538 682 3596 Judaeos
735 3543 948 3612 quidem
998 3545 1157 3601 Petro
1178 3550 1479 3617 commisit,
1520 3552 1810 3620 gentilibus
1869 3564 2047 3608 autem

468 3631 687 3687 Paulum
717 3636 1225 3701 praefecitChristus.
1254 3642 1316 3694 Et
1336 3641 1437 3694 hoc
1462 3657 1491 3696 a
1527 3657 1615 3697 me
1641 3643 1757 3712 ipso
1781 3658 1885 3698 non
1904 3644 2044 3711 dico,

467 3724 560 3777 sed
593 3726 756 3793 ipsius
782 3727 926 3782 Pauli
970 3730 1127 3784 verba
1160 3731 1284 3787 licet
1311 3733 1499 3787 audire
1526 3751 1538 3787 :
1572 3733 1674 3799 Qui
1699 3735 1831 3788 enim
1860 3752 2045 3803 apera-

467 3823 549 3869 tus
566 3826 637 3870 est
658 3817 810 3872 Petro
832 3821 885 3874 in
899 3824 1237 3891 apostolatum
1278 3826 1688 3894 circumcisionis,
1721 3837 1955 3898 operatus
1972 3840 2046 3884 est

466 3915 514 3957 et
541 3908 686 3973 mihi,
711 3910 899 3981 inquit,
943 3911 1075 3966 inter
1117 3925 1285 3986 gentes
1310 3914 1453 3985 (Gal.
1470 3916 1524 3972 2.
1552 3918 1609 3987 8)
1639 3936 1653 3972 :
1681 3919 2044 3976 circumcisio-

465 4009 587 4052 nem
619 3998 721 4055 hoc
758 4001 875 4057 loco
901 4004 1069 4074 ipsam
1116 4008 1382 4062 nationem
1411 4011 1706 4080 appellans.
1746 4011 1897 4067 Unde
1918 4028 2045 4069 vero

464 4087 515 4141 id
542 4092 783 4146 constat?
832 4094 907 4149 Ex
948 4110 1013 4150 eo
1040 4098 1180 4167 quod
1218 4098 1447 4154 additur.
1489 4100 1619 4156 Cum
1656 4103 1798 4157 enim
1828 4104 2040 4169 dixerit,

467 4178 567 4246 Qui
612 4194 847 4249 aperatus
870 4196 943 4239 est
979 4185 1131 4241 Petro
1167 4186 1219 4242 in
1248 4191 1585 4259 apostolatum
1621 4194 2038 4259 circumcisionis,

460 4280 693 4340 operatus
713 4284 786 4328 est
813 4277 955 4343 mihi,
980 4278 1167 4349 inquit,
1193 4281 1323 4335 inter
1338 4292 1524 4352 gentes,
1558 4284 1658 4338 hoc
1688 4286 1935 4340 nimirum
1960 4287 2039 4342 in-

460 4360 676 4432 dicavit,
698 4366 764 4421 ad
784 4367 1177 4426 distinctioriem
1205 4375 1440 4442 gentium
1462 4375 1919 4432 circumcisionem
1952 4394 2042 4448 po-

458 4451 613 4507 sitam
644 4470 782 4511 esse.
826 4457 907 4512 Ad
952 4460 1341 4518 distinctionem
1384 4478 1510 4519 vero
1533 4468 1767 4535 gentium
1798 4485 1900 4524 non
1930 4471 2038 4525 cir-

458 4548 733 4613 cumcisio,
764 4549 856 4605 sed
884 4551 1052 4607 Judaal
1087 4563 1233 4621 sunt,
1285 4572 1419 4627 quos
1463 4574 1557 4628 per
1581 4560 2035 4619 circumcisionem

458 4638 811 4696 subindicavit
843 4661 859 4698 :
890 4645 1036 4715 quasi
1067 4645 1288 4715 diceret,
1344 4650 1445 4718 Qui
1471 4662 1722 4722 operatus
1756 4663 1838 4709 est
1877 4656 2037 4711 Petro

459 4726 511 4780 in
537 4732 886 4797 apostolatum
917 4734 1243 4805 .lndzcorum,
1271 4752 1519 4809 operatus
1538 4752 1621 4798 est
1649 4753 1703 4799 et
1740 4746 1867 4800 mihi
1898 4746 2037 4803 inter

455 4828 657 4887 gentes.
709 4821 779 4877 Ut
804 4825 946 4880 enim
988 4844 1082 4884 rex
1120 4832 1365 4900 sapiens,
1396 4835 1484 4905 qui
1531 4835 1752 4893 idoneos
1793 4853 2034 4910 quosque

458 4910 621 4979 probe
645 4914 883 4980 noverit,
919 4917 1071 4974 alteri
1101 4923 1313 4991 quidem
1348 4926 1399 4980 in
1429 4927 1668 4996 equites,
1710 4930 1862 4986 alteri
1904 4947 2033 4987 vero

455 4999 506 5054 in
535 5002 737 5072 pedites
761 5009 1041 5064 committit
1077 5011 1351 5082 imperium
1379 5030 1394 5069 :
1420 5016 1498 5073 sic
1523 5019 1769 5075 nimirum
1796 5030 1851 5075 et
1873 5021 2031 5077 Chri-

453 5101 566 5147 stus
581 5110 701 5151 eum
720 5098 771 5153 in
784 5097 880 5153 has
890 5100 1020 5156 duas
1039 5113 1216 5173 partes
1236 5120 1387 5161 suum
1404 5110 1694 5165 exercitum
1733 5110 2025 5183 divisisset,

449 5183 666 5243 Iudaeos
711 5189 922 5259 quidem
950 5192 1126 5261 Petro,
1152 5199 1376 5269 gentiles
1399 5210 1575 5257 autem
1606 5203 1768 5259 Paulo
1803 5207 2031 5261 commi-

448 5279 537 5334 sit.
563 5281 640 5336 Ac
657 5282 779 5337 licet
797 5283 990 5341 diversi
1009 5290 1115 5345 sint
1132 5293 1416 5357 exercitus.
1435 5294 1549 5351 Rex
1572 5304 1751 5353 tamen
1769 5308 1852 5354 est
1868 5315 2027 5357 unus.

449 5369 517 5426 Ut
564 5372 707 5429 enim
747 5374 853 5431 illic
895 5377 1181 5437 discrimen
1205 5386 1530 5441 exercituum
1557 5388 1607 5442 in
1638 5403 1906 5447 armorum
1927 5407 2025 5462 ap-

446 5472 653 5529 paratu,
686 5480 790 5521 non
818 5468 870 5524 in
911 5468 1185 5528 hominum
1228 5485 1415 5533 natura
1440 5479 1718 5536 consistit:
1748 5481 1825 5537 sic
1863 5483 2023 5538 nimi-

447 5564 564 5605 rum
582 5562 638 5608 et
656 5554 742 5648 hic
761 5557 1059 5619 differentia
1102 5565 1155 5620 in
1186 5567 1371 5639 exigua
1392 5570 1618 5640 quadam
1638 5572 1814 5631 carnis
1836 5575 2023 5648 figura,

444 5652 553 5695 non
580 5657 631 5698 In
661 5646 968 5711 sttbstantite
988 5654 1295 5718 diverSitate
1322 5663 1575 5721 cernitur.

1198 235 1258 293 S.
1295 226 1579 294 JOANNIS
1613 235 2108 295 CHRYSOSTOHI
2143 235 2464 295 ARCHIEP.
2504 236 3038 298 CONSTANTINOP.

3652 243 3781 302 380

2246 354 2331 410 10.
2351 355 2453 411 Cur
2473 362 2738 429 prtefectus
2764 359 2914 426 fuerit
2934 356 3132 412 Paulus
3146 357 3433 429 gentilibus,
3455 360 3641 415 Petrus
3662 360 3781 413 Ju-

2171 446 2314 501 dieis.
2332 448 2862 515 —Quemadmodum
2879 463 3010 520 ergo
3027 450 3290 514 dicebam,
3313 452 3471 506 ambo
3490 463 3647 508 erant
3680 454 3782 509 his

2171 539 2492 595 exercitibus
2528 540 2783 611 praefecti.
2824 544 2901 596 Ac
2927 542 3028 596 nisi
3070 542 3205 597 forte
3244 540 3499 613 prolixior
3540 546 3782 601 videtur

2170 629 2362 696 oratio,
2391 630 2434 683 si
2465 630 2657 687 defessi
2687 647 2790 685 non
2817 633 2966 697 estis,
3009 633 3232 688 alteram
3271 636 3427 690 etiam
3447 638 3602 693 vobis
3621 653 3781 693 cau-

2170 732 2283 773 sam
2308 720 2570 789 proferam
2591 761 2609 787 ,
2639 723 2708 777 ob
2727 738 2883 792 quam
2914 723 2999 778 isti
3036 724 3227 790 Judaei,
3262 725 3336 781 illi
3368 742 3494 782 vero
3526 730 3780 798 gentiles

2169 818 2294 864 sunt
2319 810 2527 866 crediti.
2552 812 2822 882 Siquidem
2845 815 3140 883 quaestione
3163 831 3267 870 non
3287 816 3497 886 Indigna
3526 834 3616 874 res
3640 833 3765 885 est,

2169 915 2325 970 quam
2371 901 2582 958 tandem
2604 904 2673 959 ob
2701 919 2936 971 causam,
2968 907 3055 975 qui
3087 915 3191 960 tam
3216 917 3400 963 exacte
3426 910 3658 979 patriam
3690 914 3780 966 le-

2167 1007 2286 1062 gem
2327 992 2604 1060 didicerat,
2635 995 2725 1066 qui
2755 996 2820 1050 ad
2852 996 3013 1065 pedes
3040 996 3343 1054 Gamaliclis
3392 1001 3482 1054 diu
3518 1002 3775 1068 vixerat,

2166 1083 2256 1152 qui
2302 1083 2593 1138 secundum
2613 1084 2895 1155 justitiam,
2926 1101 3045 1157 quae
3087 1087 3139 1141 in
3170 1087 3285 1157 lege
3327 1098 3440 1155 est,
3480 1091 3595 1145 sine
3619 1107 3773 1161 que-

2168 1176 2277 1230 rela
2321 1186 2667 1232 conversatus
2709 1188 2858 1244 erat,
2901 1194 3005 1233 non
3038 1178 3107 1234 illi
3144 1179 3448 1235 Iudaeorum
3491 1197 3621 1237 cura
3650 1184 3768 1238 de-

2168 1271 2466 1339 mandatur,
2497 1274 2589 1328 sed
2608 1275 2914 1343 gentilium;
2945 1274 3190 1343 piscatori
3222 1285 3397 1329 autem
3425 1283 3479 1331 et
3499 1276 3766 1333 illiterato

2167 1361 2361 1429 Petro,
2403 1365 2490 1433 qui
2520 1365 2650 1419 nihil
2682 1365 2786 1421 tale
2815 1374 3054 1432 noverat,
3086 1365 3387 1421 Iudaeorum
3418 1378 3502 1422 est
3542 1370 3764 1425 credita

2168 1452 2504 1522 praefectura.
2538 1454 2754 1509 Confert
2796 1457 2937 1509 enim
2971 1455 3238 1525 quidpiam
3256 1456 3411 1511 nobis
3444 1458 3510 1511 ad
3527 1460 3754 1515 solutio-

2124 1552 2133 1561 '
2168 1558 2289 1597 nem
2315 1544 2453 1613 quod
2482 1544 2693 1609 dicitur,
2719 1545 2763 1599 si
2805 1554 2951 1600 recte
2983 1544 3118 1600 illud
3147 1546 3411 1614 possimus
3438 1547 3607 1603 effari.
3636 1549 3757 1605 Ne-

2165 1648 2271 1703 que
2312 1634 2451 1689 enim
2489 1633 2590 1689 hoc
2613 1633 2820 1689 causari
2846 1634 2990 1701 licet,
3016 1649 3140 1689 eum
3164 1650 3284 1689 cum
3313 1646 3646 1694 cunctantem
3683 1655 3757 1695 ac

2166 1724 2552 1779 detrectantem
2598 1725 2821 1780 vidisset
2862 1725 3087 1779 Paulum
3135 1735 3484 1796 cognatorum
3520 1743 3744 1784 suorum

2166 1814 2532 1885 prmfecturam
2554 1815 2824 1886 defugere,
2852 1816 3084 1871 noluisse
3101 1816 3175 1871 illi
3199 1817 3306 1871 vim
3323 1817 3521 1883 facere,
3545 1829 3599 1874 et
3617 1836 3751 1876 eum

2164 1921 2376 1977 cogere.
2395 1907 2510 1963 lmo
2520 1923 2650 1964 vero
2663 1908 2985 1964 contrarium
3015 1924 3125 1978 prae
3149 1923 3209 1964 se
3233 1908 3444 1965 tulerat.
3462 1910 3581 1966 Non
3595 1914 3750 1967 enim

2166 2007 2370 2053 tantum
2396 1997 2700 2054 Iudaeorum
2719 1999 3086 2070 praefecturam
3109 2001 3216 2055 non
3245 1999 3459 2072 defugit,
3490 2002 3587 2057 sui
3604 2012 3659 2057 et
3676 2019 3752 2058 se

2164 2082 2368 2151 primus
2395 2082 2626 2146 obtulit,
2656 2090 2712 2137 et
2758 2097 2879 2136 cum
2911 2081 3156 2138 Christus
3210 2085 3509 2153 praeciperet
3553 2093 3611 2138 ut
3660 2086 3739 2139 ad

2162 2183 2349 2243 gentes
2368 2174 2557 2241 abiret,
2587 2174 2701 2243 ipse
2742 2176 2871 2243 petit
2897 2184 2956 2229 ut
2980 2175 3081 2230 sibi
3104 2174 3406 2230 Iudaeorum
3431 2191 3554 2231 cura
3575 2191 3743 2232 eoin-

2164 2265 2403 2320 mittatur
2430 2280 2443 2316 :
2471 2274 2527 2320 et
2553 2264 2827 2320 innumera
2853 2280 2973 2321 cum
3020 2265 3088 2321 ah
3120 2265 3200 2320 eis
3228 2266 3368 2320 illata
3392 2266 3526 2321 mala
3548 2275 3748 2336 pertu-

2163 2354 2349 2422 lisset,
2375 2356 2530 2426 eique
2558 2365 2742 2427 gentes
2768 2356 2992 2412 docendi
3024 2356 3294 2426 provincia
3342 2365 3486 2413 esset
3517 2357 3751 2425 credita,
3828 2420 3833 2430 ’

2161 2462 2260 2518 pro
2280 2449 2386 2504 illis
2431 2448 2703 2521 deprecari
2734 2464 2840 2504 non
2869 2457 3076 2515 cessat,
3102 2448 3285 2504 dicens
3325 2464 3465 2504 nunc
3503 2450 3751 2520 quidem,

2165 2537 2416 2608 Optabam
2449 2556 2556 2594 esse
2594 2540 2864 2594 anathema
2904 2554 2997 2610 pro
3051 2538 3292 2607 fratribus
3332 2539 3477 2603 meis,
3517 2541 3754 2610 cognatis

2160 2631 2285 2686 meis
2302 2632 2573 2686 secundum
2593 2646 2794 2685 carnem
2816 2630 2991 2702 (Rom.
3014 2630 3072 2686 9..
3090 2632 3149 2700 '5)
3169 2650 3188 2685 :»
3212 2645 3351 2686 nunc
3370 2642 3548 2687 autem
3566 2674 3584 2698 ,
3606 2632 3750 2687 Fra-

2161 2732 2280 2789 tres,
2307 2725 2537 2779 voluntas
2565 2740 2696 2790 mea,
2725 2733 2773 2778 et
2791 2724 3064 2778 obsecratio
3091 2724 3159 2777 ad
3177 2722 3341 2778 Deum
3357 2765 3372 2789 ,
3414 2742 3509 2795 pro
3538 2726 3638 2779 illis
3664 2734 3747 2780 est

2157 2815 2211 2871 in
2235 2814 2640 2886 salutem(Rom.
2670 2815 2757 2870 10.
2793 2816 2869 2885 1).
2897 2813 3004 2870 Cur
3025 2814 3182 2884 igitur
3223 2829 3343 2869 cum
3399 2815 3560 2871 vellet
3599 2816 3744 2885 ipse,

2156 2922 2221 2963 ac
2254 2916 2568 2978 percuperet
2588 2906 2707 2961 illos
2726 2906 2941 2972 docere,
2970 2922 3080 2960 non
3104 2906 3343 2976 permisit
3363 2916 3423 2961 ut
3449 2907 3575 2977 ipsis
3600 2923 3746 2976 prze-

2157 2997 2379 3065 dicsret,
2421 2996 2514 3052 sed
2551 2997 2669 3051 loco
2714 2996 2925 3051 illorum
2968 2995 3243 3050 doctorem
3283 2996 3457 3065 ipsum
3494 2998 3746 3066 gentibus

2156 3088 2333 3143 misit?
2373 3088 2665 3143 Audiamus
2688 3086 2957 3141 Christum
2987 3086 3155 3156 ipsum
3177 3086 3465 3151 dicentem,
3502 3098 3556 3142 et
3605 3088 3744 3142 Pau-

2156 3180 2266 3234 lum
2293 3194 2407 3235 rem
2428 3194 2640 3234 omnem
2663 3188 2964 3233 narrantem
2996 3194 3009 3230 :
3044 3176 3258 3231 Factum
3284 3189 3356 3233 est
3379 3179 3523 3243 mihi,
3548 3180 3741 3250 inquit,

2154 3273 2320 3327 oranti
2348 3272 2460 3341 ﬁeri
2480 3289 2559 3326 me
2582 3273 2636 3325 in
2658 3281 2862 3342 stupore
2891 3271 3093 3338 mentis,
3115 3281 3162 3324 et
3188 3272 3355 3326 videre
3379 3272 3635 3327 Christum
3661 3274 3745 3327 di-

2153 3373 2343 3418 centem
2380 3364 2506 3418 mihi
2534 3379 2554 3418 :
2577 3362 2808 3430 Festina,
2850 3372 2895 3417 et
2936 3364 3018 3418 exi
3044 3364 3310 3429 velociter,
3355 3366 3591 3434 quoniam
3633 3382 3743 3420 non

2153 3456 2394 3525 recipient
2419 3456 2756 3509 testimonium
2778 3464 2919 3508 tua»):
2944 3455 3007 3508 de
3034 3471 3112 3508 me
3132 3454 3264 3525 (Act.
3292 3455 3381 3509 22.
3406 3457 3490 3511 17.
3524 3456 3642 3525 18).
3666 3457 3746 3511 Et

2153 3560 2366 3600 causam
2393 3546 2528 3600 dixit
2558 3544 2932 3616 profectionis;
2973 3544 3096 3600 odio
3142 3545 3407 3600 habebunt
3431 3555 3499 3610 te,
3531 3545 3731 3613 inquit,

2151 3650 2207 3694 et
2249 3638 2635 3694 aversabuntur
2666 3654 2680 3691 :
2709 3648 2985 3708 propterea
3022 3646 3074 3691 te
3101 3637 3368 3692 docentem
3394 3651 3495 3689 non
3523 3635 3729 3690 ferent.

2151 3729 2311 3800 Atqui
2334 3730 2434 3785 hoc
2460 3731 2630 3801 ipsum
2658 3731 2905 3786 idoneum
2952 3738 3067 3785 erat
3094 3728 3162 3784 ad
3188 3728 3336 3783 fidem
3362 3726 3436 3781 illi
3462 3726 3602 3795 apud
3630 3741 3742 3783 eos

2150 3819 2361 3876 docenti
2385 3822 2792 3886 conciliandam,
2824 3830 2878 3876 et
2904 3820 2971 3875 ad
2993 3818 3415 3890 persuadendum
3442 3818 3543 3873 illis
3578 3817 3738 3874 illam

2151 3916 2497 3969 mutationem
2528 3914 2813 3968 humanam
2859 3928 2965 3968 non
3010 3912 3192 3968 fuisse.
3221 3911 3403 3982 Neque
3427 3912 3566 3966 enim
3591 3911 3737 3966 adeo

2149 4004 2411 4061 furentem
2437 4014 2491 4061 et
2519 4006 2594 4060 ira
2622 4019 2957 4068 succensum,
2976 4018 3040 4059 ac
3064 4004 3266 4059 eadem
3285 4003 3594 4073 spirantem,
3627 4018 3733 4059 rte-

2147 4116 2250 4172 que
2274 4101 2525 4155 miracula
2549 4100 2761 4155 facienti
2781 4099 2994 4154 Christo
3017 4098 3342 4161 credentem,
3376 4112 3551 4167 neque
3598 4112 3733 4166 apo~

2147 4192 2300 4248 stolis
2316 4192 2451 4261 ejus,
2473 4202 2713 4246 mortuos
2729 4190 3122 4254 suscitantibus,
3143 4190 3399 4259 potuisset
3424 4188 3582 4242 homo
3608 4202 3738 4241 um—

2145 4300 2304 4355 quam
2332 4284 2383 4339 in
2424 4284 2602 4339 medio
2645 4284 2761 4354 ipso
2791 4282 2969 4338 furore
2994 4292 3219 4346 mutare,
3257 4290 3419 4352 atque
3458 4281 3605 4335 iitum
3655 4281 3732 4335 ita

2144 4376 2382 4442 flectere,
2429 4383 2488 4429 ut
2510 4375 2877 4430 vehementem
2902 4375 3049 4428 illum
3101 4373 3381 4437 affectum,
3425 4385 3583 4441 quem
3630 4369 3735 4424 ad-

2145 4482 2332 4523 versus
2380 4467 2812 4538 praedicationem
2861 4467 3012 4522 verbi
3059 4481 3171 4536 pra:
3217 4481 3277 4521 se
3306 4464 3527 4529 ferebat,
3556 4471 3732 4518 totum

2142 4571 2303 4631 atque
2347 4560 2483 4616 adeo
2538 4560 2794 4631 majorem
2824 4573 2921 4629 pro
2946 4558 3283 4613 confessione
3302 4555 3495 4611 Christi
3520 4571 3632 4625 prae
3669 4569 3735 4610 se

2142 4654 2341 4710 ferret:
2373 4653 2466 4709 sed
2489 4668 2614 4707 vere
2640 4652 2832 4708 divina:
2852 4651 3060 4707 virtutis
3087 4665 3223 4721 opus
3247 4648 3450 4705 exstitit
3478 4649 3564 4703 illa
3594 4662 3731 4703 con-

2142 4747 2319 4801 versio
2368 4760 2433 4800 ac
2484 4745 2728 4800 mutatio.

2213 4841 2301 4894 11.
2342 4840 2515 4909 Atque
2551 4838 2653 4895 hoc
2695 4838 2868 4908 ipsum
2906 4836 3064 4892 etiam
3094 4835 3293 4891 Paulus
3315 4876 3329 4897 ,
3356 4850 3473 4889 cum
3503 4844 3731 4903 cuperet

2140 4931 2350 4986 illorum
2387 4930 2756 5001 prmfecturam
2782 4929 2881 4985 sibi
2908 4928 3125 4995 deferri,
3147 4927 3416 4983 Christum
3445 4925 3731 4995 alloquens

2139 5023 2425 5093 objiciebat
2456 5040 2470 5076 :
2500 5021 2732 5087 Domine,
2760 5021 2858 5091 ipsi
2885 5021 3072 5084 sciunt,
3093 5019 3214 5089 quia
3236 5034 3326 5088 ego
3352 5033 3487 5070 erant
3515 5016 3733 5069 conclu—

2139 5116 2267 5171 dens
2282 5116 2335 5169 in
2360 5130 2629 5180 carcerem,
2657 5122 2705 5168 et
2734 5114 2932 5168 cardens
2961 5128 3044 5166 eos
3064 5112 3149 5184 qui
3168 5109 3431 5164 credebant
3458 5108 3512 5161 in
3540 5123 3730 5162 nomen

2139 5217 2318 5273 tuum;
2359 5216 2407 5262 et
2449 5223 2564 5262 cum
2593 5207 2888 5278 funderetur
2914 5203 3120 5275 sanguis
3160 5201 3443 5271 Stephani,
3485 5200 3732 5270 martyris

2137 5300 2230 5367 tui,
2253 5314 2343 5371 ego
2370 5298 2735 5353 consentiebam
2752 5295 2880 5349 caedi
2894 5295 3004 5366 ejus
3025 5293 3160 5368 (Act.
3190 5292 3282 5347 22.
3306 5291 3391 5347 19.
3409 5290 3525 5361 2θ).
3550 5290 3617 5344 Et
3644 5291 3732 5344 in-

2134 5406 2267 5463 gens
2308 5391 2397 5447 illa
2435 5389 2636 5445 insania
2668 5398 2775 5443 tam
2799 5386 2973 5443 subito
3011 5387 3200 5442 factam
3231 5385 3579 5441 mutationem
3613 5398 3727 5437 non

2135 5497 2255 5539 esse
2284 5482 2517 5538 ostendit
2542 5482 2848 5547 humanam,
2881 5478 2975 5535 sed
3003 5478 3232 5534 divinam
3252 5520 3269 5546 ,
3309 5486 3412 5533 eta
3441 5475 3587 5532 caalis
3616 5477 3731 5531 orig

2134 5576 2310 5647 ginem
2340 5574 2553 5631 ducere.
2586 5573 2722 5643 Quid
2753 5585 2882 5643 ergo
2900 5571 3174 5628 Christus?
3198 5568 3359 5636 Vade,
3388 5568 3633 5640 quoniam
3654 5568 3727 5619 ad

2136 5677 2306 5741 gentes
2345 5668 2493 5741 longe
2529 5676 2575 5724 te
2608 5668 2803 5724 mittam
2843 5666 2991 5743 (Act.
3022 5665 3112 5721 22.
3142 5662 3275 5736 21).
3308 5662 3496 5721 Nonne
3537 5660 3724 5733 igitur,
