4082 6212
332 342 436 399 379

330 467 481 536 ὅμως
512 459 688 525 οὕτως
730 456 909 532 ᾐδεῖτο
950 454 1043 509 τὸν
1072 453 1299 525 Πέτρον,
1336 451 1478 506 ὥστε
1522 452 1617 507 καὶ
1647 453 1915 524 τοσαύτης

332 552 582 619 ἀνάγκης
612 544 968 616 ἐπικειμένης
997 542 1092 595 καὶ
1136 538 1587 611 κατεπειγούσης,
1623 540 1918 611 ἐκδραμεῖν

333 639 402 693 δι’
425 640 631 693 ἐκεῖνον
680 636 759 699 εἰς
792 629 1163 703 Ἰεροσόλυμα,
1195 628 1291 681 καὶ
1338 629 1518 698 μεῖναι
1563 626 1701 699 πρὸς
1752 627 1919 682 αὐτὸν

334 720 548 797 ἡμέρας
577 719 891 782 δεκαπέντε,
922 717 1017 771 καί
1046 715 1169 769 τότε
1201 713 1788 783 ἐπανελθεῖν.Ἒγνωτε
1822 714 1919 785 τὴν

335 814 587 885 ἀνδρείαν
649 808 743 863 τοῦ
790 808 998 877 Πέτρου
1025 845 1040 870 ,
1088 803 1321 875 ἐμάθετε
1369 804 1469 875 τὴν
1522 802 1918 874 φιλοφροσύνην

337 900 573 962 Παύλου,
599 895 698 967 τὴν
725 894 855 966 περί
880 894 1009 956 τοὺς
1035 891 1365 955 ἀποστόλους
1395 890 1626 954 πάντας,
1652 889 1750 961 τὴν
1790 890 1919 961 περὶ

337 988 500 1042 αὐτὸν
526 985 616 1039 τὸν
646 984 854 1054 Πέτρον
873 998 888 1011 ·
921 981 1137 1050 ἀνάγκη
1170 979 1357 1033 λοιπὸν
1384 979 1477 1032 ἐπὶ
1518 978 1615 1050 τὴν
1646 977 1798 1031 λύσιν
1832 977 1919 1031 ἐλο

336 1074 448 1127 θεῖν
490 1070 587 1126 τοῦ
632 1068 969 1142 ζητήματος.
1004 1068 1067 1121 Εἰ
1114 1065 1225 1137 γὰρ
1271 1065 1364 1120 xal
1406 1060 1561 1130 οὗτος
1608 1064 1780 1135 ἐφίλει
1826 1065 1918 1118 τὸν

334 1159 565 1232 Πέτρον,
587 1158 838 1219 κάκεῖνος
868 1153 1059 1219 δειλδς¹
1084 1153 1184 1206 οὐκ
1215 1147 1284 1223 ἦν
1328 1152 1423 1207 καὶ
1448 1152 1728 1223 ἄνανδρος,
1758 1152 1851 1205 καὶ
1881 1152 1913 1221 ἡ

336 1244 639 1314 φιλονεικία
664 1243 758 1297 καὶ
801 1245 835 1313 ὴ
875 1241 1186 1303 ἀντίστασις
1216 1240 1315 1293 οὐκ
1346 1238 1454 1293 ἀπὸ
1477 1238 1657 1310 ψυχῆς
1681 1238 1914 1307 ἐγένετο,

334 1332 391 1386 τί
422 1331 552 1386 ποτέ
579 1332 697 1385 ἐστι
735 1329 797 1384 τὸ
826 1329 1151 1399 λεγόμενον;
1188 1327 1284 1379 καὶ
1323 1325 1466 1389 τίνος
1514 1324 1698 1379 ἕνεκεν
1744 1324 1917 1379 ταῦτα

340 1420 669 1490 ᾠκονομεῖτο
686 1435 702 1484 ;

407 1504 472 1557 θ’.
490 1504 754 1559 Ἐνταῦθα
766 1502 1081 1574 προσέχετε,
1098 1501 1194 1556 καὶ
1208 1501 1529 1573 διανάστητέ
1551 1518 1662 1572 μοι,
1682 1501 1773 1554 καὶ
1790 1517 1913 1553 συν-

334 1590 547 1645 τείνατε
575 1592 818 1656 ἐαυτοὺς,
850 1589 991 1644 ὥστε
1010 1588 1264 1655 δέξασθαι
1289 1589 1435 1659 σαφῆ
1464 1589 1561 1661 τὴν
1591 1589 1909 1657 ἀπολογίαν.

337 1678 448 1732 Kal
478 1677 588 1749 γὰρ
618 1668 818 1732 άτοπον
849 1677 948 1749 ἐμὲ
975 1677 1074 1748 μὲν
1103 1677 1196 1731 τὸν
1223 1676 1626 1746 διασκάπτοντα
1660 1677 1912 1732 τοσοῦτον

337 1768 500 1821 πόνον
523 1768 833 1839 ὑπομένειν,
858 1767 1002 1838 ὑμᾶς
1018 1767 1076 1820 δέ
1101 1765 1228 1831 τοὺς
1254 1766 1315 1831 ἐξ
1342 1765 1591 1830 εὐκολίας
1619 1765 1914 1837 μέλλοντας

334 1853 398 1909 τὺ
421 1855 642 1927 χρυσίον
672 1856 825 1927 όρᾷν,
858 1857 925 1925 τῇ
958 1854 1203 1927 ῥᾳθυμίᾳ
1224 1852 1287 1907 τὸ
1313 1854 1504 1926 κέρδος
1534 1853 1692 1907 τοῦτο
1730 1870 1912 1925 παρα-

333 1941 581 2015 δραμεῖν.
598 1943 833 2013 ⁹Ανάγκη
864 1942 921 1997 δέ
951 1942 1145 2016 μικρὸν
1178 1942 1438 2015 ἀνωτέρω
1458 1941 1550 1997 τὸν
1589 1941 1746 2011 λόγον
1775 1942 1915 2009 ἀγα-

332 2033 470 2098 γεῖν,
492 2029 632 2084 ὥστε
653 2030 992 2103 σαφεστέραν
1019 2031 1148 2101 ὑμῖν
1181 2031 1402 2102 ποιῆσαι
1421 2029 1520 2101 τὴν
1539 2029 1909 2084 διδασκαλίαν.

343 2117 561 2188 Ἐπειδὴ
594 2118 703 2190 γὰρ
748 2117 980 2190 ἀνῆλθεν
1018 2119 1100 2183 εἰς
1141 2118 1269 2181 τοὺς
1311 2118 1577 2188 οὐρανοὺς
1614 2119 1643 2170 0
1682 2116 1909 2189 Ἰησοῦς,

328 2201 429 2276 τὴν
464 2204 601 2274 ὑπὲρ
625 2203 781 2276 ἡμῶν
822 2205 1136 2276 οἰκονομίαν
1169 2203 1484 2275 πληρώσας,
1510 2203 1601 2259 τδν
1626 2202 1784 2271 λόγον
1811 2204 1911 2276 τῆς

330 2289 675 2355 διδασκαλίας
702 2290 961 2362 κατέλιπε
991 2295 1104 2356 τοῖς
1131 2291 1326 2345 ἐαυτοῦ
1356 2291 1693 2356 ἀποστόλοις,
1728 2291 1913 2356 καθὼς

331 2375 543 2440 Παῦλός
572 2393 733 2448 φησι·
767 2375 1021 2447 Θέμενος
1044 2378 1116 2432 ἐν
1135 2379 1281 2448 ἡμῖν
1298 2379 1406 2432 τὸν
1430 2379 1618 2449 λόγον
1634 2379 1745 2450 τῆς
1772 2396 1912 2434 κατ-

328 2461 641 2535 αλλαγῆς-ο
691 2464 787 2519 καὶ⁵
820 2464 983 2519 πάλιν
1002 2479 1018 2495 ο
1072 2465 1240 2534 ’Υπὲρ
1284 2466 1545 2535 Χριστοῦ
1588 2469 1911 2537 πρεσϐεύο-

325 2567 460 2620 μεν,
489 2551 570 2618 ὡς
596 2549 705 2607 τοῦ
732 2551 881 2607 Θεοῦ
909 2553 1408 2621 παρακαλοῦντος
1433 2554 1509 2609 δι’
1534 2554 1722 2624 ἡμῶν,
1750 2573 1909 2611 τουτ-

329 2634 500 2703 έστιν,
534 2637 655 2691 ἀντὶ
683 2638 943 2709 Χριστοῦ.
986 2639 1122 2692 Τότε
1165 2640 1363 2705 τοίνυν,
1404 2641 1569 2712 ἡνίκα
1609 2644 1909 2715 ἐκήρυττον

327 2718 472 2779 οὗτοι
502 2724 639 2779 κατά
668 2726 768 2797 τὴν
799 2726 1123 2799 οἰκουμένην
1155 2726 1394 2798 ἃπασαν,
1432 2731 1647 2803 αἵρεσις
1682 2733 1909 2804 οὐδεμία

325 2805 430 2883 ἦν·
461 2814 609 2867 πᾶσα
635 2813 694 2867 δέ
732 2816 766 2886 ἡ
803 2814 965 2885 φύσις
1004 2815 1115 2870 τῶν
1150 2816 1452 2889 ἀνθρώπων
1483 2818 1576 2874 δύο
1601 2820 1790 2880 ,ταῦτα
1821 2821 1906 2875 δό-

327 2914 514 2970 γματα
560 2894 696 2971 εἶχε,
730 2901 790 2955 τὸ
839 2903 939 2973 μὲν
992 2904 1162 2973 ὑγιὲς,
1193 2905 1257 2959 τὺ
1300 2905 1358 2960 δέ
1403 2905 1907 2981 διεφθαρμένον.“ιί

325 2987 435 3059 γὰρ
459 2987 739 3061 Ἕλληνες,
770 2991 803 3062 ἢ
845 2990 1164 3053 Ἰουδαῖοι,οἰ
1188 2992 1286 3065 τὴν
1316 2994 1420 3064 γῆν
1442 2996 1717 3061 οἰκοῦντες
1736 2998 1907 3053 ᾶπαν-

321 3093 417 3141 ¹τες
438 3072 577 3148 ἦσαν
599 3094 614 3109 ·
643 3076 768 3131 οὔτε
791 3079 849 3131 δέ
872 3081 1189 3150 Μανιχαῖος,
1226 3080 1351 3136 οῦτε
1380 3084 1665 3157 Μαρκίων,
1700 3087 1824 3142 οῦτε
1847 3089 1905 3142 δέ

324 3164 701 3230 Οὐαλεντῖνος,
724 3166 825 3220 ούκ
849 3166 1008 3232 ἀλλος
1036 3169 1213 3234 οὐδεὶς
1243 3171 1458 3237 ἁπλῶς·
1488 3173 1542 3227 τί
1565 3175 1674 3247 γάρ
1694 3177 1777 3231 δεῖ
1801 3177 1907 3231 πά·-

324 3272 428 3319 σας
459 3255 777 3325 καταλέγειν
800 3255 900 3320 τὰς
922 3257 1192 3329 αἰρέσεις;
1224 3262 1448 3335 καὶγὰρ
1479 3266 1617 3336 μετὰ
1640 3267 1732 3320 τὸν
1758 3270 1905 3323 σῖτον

321 3342 447 3396 τότε
477 3341 547 3396 τά
578 3341 794 3409 ζιζάνια
838 3345 1073 3418 ἐσπάρη,
1100 3348 1134 3419 ἡ
1165 3349 1478 3423 παντοδαπὴ
1506 3352 1615 3407 τῶν
1639 3355 1903 3427 αἱρέσεων

323 3428 609 3501 διαφθορά.
641 3430 780 3494 Τοὺς
808 3430 908 3501 μὲν
941 3427 1036 3486 οὖν
1076 3434 1360 3501 Ἰουδαίους
1389 3438 1655 3511 ἐπέτρεψε
1687 3441 1766 3513 τῷ
1800 3444 1904 3497 Πέ-

321 3530 457 3602 τρῳ,
493 3517 605 3580 τοῖς
645 3515 702 3571 δέ
724 3515 948 3590 Ἕλλησι
986 3519 1077 3573 τὸν
1114 3521 1328 3578 Παῦλον
1373 3524 1673 3596 ἐπέστησεν
1705 3530 1734 3582 0
1770 3530 1904 3602 Χρι-

322 3601 464 3665 στός.
495 3603 604 3657 Καὶ
645 3602 804 3658 τοῦτο
847 3605 948 3661 οὐκ
998 3607 1346 3676 ἀφ’ἐαυτοῦι
1381 3610 1552 3681 λέγω,
1591 3614 1708 3669 ἀλλ’
1736 3615 1900 3670 αὐτοῦ

318 3686 413 3741 τοῦ
454 3688 670 3744 Παύλου
714 3690 963 3760 λέγοντος
1010 3691 1152 3748 ἐστιν
1185 3696 1417 3752 ἀκοῦσαι
1437 3716 1450 3729 ’
1490 3700 1543 3753 Ὁ
1581 3701 1693 3771 τὰρ
1732 3704 1899 3773 ἐνερ-

318 3773 517 3844 τήσας
544 3775 742 3843 Πέτρῳ
771 3780 860 3841 εἰς
891 3778 1249 3847 ἀποστολὴν
1279 3781 1391 3850 τῆς
1429 3787 1772 3855 περιτομῆς,
1799 3791 1900 3844 ἐν·

317 3859 547 3945 ήρτησε
585 3862 785 3930 κάμοί,
811 3863 996 3933 φησὶν,
1028 3866 1116 3929 είς
1150 3866 1225 3920 τὰ
1254 3866 1399 3936 ἔθνη
1418 3886 1432 3900 ο
1481 3874 1782 3945 περιτομὴν
1814 3877 1900 3928 έν-

233 3971 242 3978 -
316 3944 494 4000 ταῦθα
542 3946 675 4002 αὐτὸ
717 3947 780 4001 τδ
816 3948 968 4012 sevo;
999 3949 1200 4007 καλῶν.
1228 3952 1340 4006 Kal
1370 3954 1534 4008 πόθεν
1559 3944 1749 4027 amovi
1804 3961 1898 4015 Ἐκ

317 4031 421 4103 τῆς
463 4033 775 4105 ἐπαγωγῆς.
822 4034 1008 4091 Εἰπὼν
1063 4036 1192 4110 γὰρ,
1226 4039 1280 4092 '0
1323 4040 1659 4113 ἐνεργήσας
1699 4046 1899 4115 Πέτρῳ

313 4121 403 4187 είς
432 4116 791 4190 ἀποστολὴν
828 4121 941 4192 τῆς
981 4126 1324 4197 περιτομῆς,
1358 4129 1662 4202 ἐνήργησε
1694 4135 1892 4204 κάμοὶ,

315 4208 479 4278 φησὶν
495 4207 545 4274 δ,
569 4210 659 4276 εις
690 4209 765 4263 τὰ
794 4210 962 4281 ἔθνη,
991 4213 1299 4280 δεικνύντος
1335 4219 1499 4284 ἐστὶν,
1530 4220 1611 4274 ὅτι
1640 4222 1775 4291 πρὸς
1796 4223 1894 4276 ἀν-

312 4294 650 4366 τιδιαστολὴν
670 4296 777 4350 τῶν
805 4297 976 4352 ἐθνῶν
1000 4301 1300 4373 περιτομὴν
1322 4300 1463 4377 εἰπε.
1495 4307 1638 4378 Πρὸς
1660 4310 1717 4362 δὲ
1748 4311 1895 4366 ἀντι-

312 4379 596 4452 διαστολὴν
628 4381 736 4435 τῶν
776 4382 967 4450 ἐθνῶν,
1016 4388 1135 4457 οὐχὶ
1168 4390 1456 4463 περιτομὴ,
1496 4393 1612 4447 ἀλλ’
1650 4397 1892 4454 Ἰουδαῖοί

312 4468 472 4556 εἰσιν,
501 4465 593 4532 οὓς
617 4467 705 4523 διὰ
733 4470 835 4541 τῆς
863 4476 1163 4547 περιτομῆς
1187 4477 1406 4547 ᾐνίξατο
1425 4496 1438 4509 ·
1464 4480 1662 4536 ὡσανεὶ
1682 4484 1885 4556 ἔλεγεν,

326 4553 384 4611 '0
418 4556 714 4631 ἐνεργήσας
739 4558 932 4631 Πέτρῳ
977 4562 1057 4626 εἰς
1108 4563 1409 4636 ἀποστολὴν
1453 4567 1563 4621 τῶν
1598 4553 1885 4640 Ἰουδαίων,

312 4642 586 4729 ἐνήργησε
613 4646 783 4716 κάμοὶ
805 4647 885 4710 εἰς
916 4647 985 4702 τὰ
1017 4648 1164 4721 ἐθνη.
1197 4651 1465 4724 Καθάπερ
1488 4654 1594 4725 γάρ
1623 4672 1709 4722 τις
1741 4658 1888 4729 βασις

312 4728 439 4794 λεὺς
486 4731 669 4801 σοφὸς,
706 4732 798 4787 τὸν
845 4734 1149 4807 ἐπιτήδειον
1197 4738 1333 4809 μετά
1375 4740 1658 4812 ἀκριϐείας
1707 4728 1882 4813 εἰδὼς,

309 4817 483 4907 ἐτέριρ
515 4817 615 4889 μὲν
640 4818 768 4880 τοὺς
783 4820 1002 4907 Δίππείς,
1026 4824 1197 4896 ἐτέριρ
1221 4823 1279 4878 δὲ
1304 4825 1414 4880 τῶν
1447 4828 1627 4894 πεζῶν
1647 4833 1884 4907 ἐγχειρί-

308 4897 392 4992 ζει
409 4899 510 4992 την
528 4902 864 4992 προστασίαν
883 4921 905 4992 ί
923 4903 1067 4992 οῦτω
1089 4907 1155 4980 δὴ
1176 4910 1272 4963 καὶ
1293 4910 1323 4965 0
1347 4912 1602 4984 Χριστὸς,
1632 4897 1699 4971 τδ
1713 4897 1886 4992 στρα-

305 4982 529 5076 τόπεδον
555 4985 846 5076 τδμέαυτρῦ
883 4989 1070 5046 διελὼν
1116 4996 1196 5059 εἰς
1224 4995 1316 5050 δύο
1344 4982 1522 5054 ταῦτα
1565 5003 1730 5076 μέρη,
1755 4982 1883 5073 τοὺς

309 5065 746 5163 μὲν-Ἰουδαίους
773 5073 996 5163 Πέτρῳ,
1043 5078 1170 5144 τοὺς
1212 5081 1270 5134 δέ
1294 5065 1578 5156 Ἕλληνας
1613 5065 1880 5163 ἐπέτρεψέ

304 5150 520 5248 Παύλιμ.
546 5157 610 5248 ει
638 5158 705 5248 ξε
723 5159 955 5248 διάφορα
981 5163 1052 5218 τὰ
1080 5150 1461 5248 στρατόπεδα.-
1479 5170 1629 5248 [37o]
1663 5150 1778 5231 ἀλλ’
1799 5150 1880 5245 εἰς

306 5238 337 5331 ξ
364 5234 851 5331 βασιλεύς.“Ωσπερ
876 5246 978 5319 γὰρ
1000 5248 1113 5331 ἐκεῖ
1190 5247 1421 5326 διαφορά
1438 5234 1544 5311 τῶν
1575 5234 1876 5331 στρατοπέί

299 5316 408 5411 δων
439 5319 522 5414 ,ἐν
642 5316 961 5414 κατασκευῇ
985 5330 1094 5414 τῶν
1121 5316 1322 5402 ὅπλων,
1345 5316 1447 5393 οὐκ
1490 5341 1550 5393 ἐν
1720 5345 1876 5414 φύσει

753 5409 901 5504 ἐστίν
922 5429 936 5443 ο
961 5413 1105 5504 οὕτω
1124 5416 1187 5489 δὴ
1208 5421 1302 5474 καὶ
1322 5422 1556 5478 ἐνταῦθα
1583 5428 1617 5497 ἠ
1639 5402 1878 5504 διαφορὰ

298 5481 847 5587 ξξξξήιξατλμικ-ριῖ»
884 5511 991 5587 ῖινι
1021 5498 1121 5570 τῆς
1164 5481 1386 5574 ἁαρκδς,
1416 5508 1516 5563 ούκ
1563 5481 1622 5564 εὖ
1658 5481 1877 5587 τῃᾬῆξ

298 5565 486 5632 οὐσίαις
516 5571 781 5648 ἑναλλαγῇ
814 5565 1086 5646 φαίνεται.

357 5686 384 5754 ξ
548 5687 640 5738 748
655 5690 739 5754 ἀπ’
757 5690 983 5754 ἐμαυτοῦ.

364 5744 391 5785 δ
421 5743 529 5800 Hoc
550 5750 691 5814 φησίν
710 5743 895 5807 ouium
1055 5760 1166 5822 708,
1190 5762 1275 5827 qui
1301 5777 1409 5816 mox
1432 5767 1665 5818 δείκνυσιν
1682 5771 1772 5822 ὅτι.

635 5847 918 5937 Ρηιιοι..
965 5856 1085 5920 Gn.
1139 5858 1233 5919 LI.

1403 337 1469 395 ΙΝ
1508 339 1733 407 ILLUD,
1775 337 1843 394 IN
1882 339 2139 395 FACIISM
2174 334 2240 391 El
2291 335 2585 394 RESTITI.

3487 328 3592 381 580

2100 450 2370 522 ι⁹.”Ωσπερ
2385 445 2477 504 οὖν
2494 448 2697 517 ἐλεγον,
2709 442 2848 518 ἦσαν
2863 443 3159 516 ἀμφότεροι
3175 441 3240 497 τὰ
3260 438 3598 513 στρατόπεδα

2020 537 2193 593 ταῦτα
2214 536 2701 610 ἐγκεχειρισμένα.
2732 533 2843 590 Kal
2867 535 2916 587 εί
2941 533 3015 605 μὴ
3051 530 3277 604 μηκύνω
3300 530 3394 585 τὸν
3416 528 3594 599 λόγον,

2021 627 2069 678 εί
2119 624 2193 697 μὴ
2238 625 2575 695 ἀπεκάμετε,
2610 621 2722 693 ἐρῶ
2768 621 2862 675 καὶ
2904 620 3002 691 την
3049 617 3229 672 αἰτίαν
3258 618 3406 689 ύμῖν,
3438 616 3507 671 δι’
3528 616 3597 687 ἦν

2020 705 2173 776 οὗτος
2210 712 2308 783 μὲν
2343 712 2471 776 τοὺς
2510 709 2816 773 Ἰουδαίους,
2845 709 3049 771 ἐκεῖνος
3078 707 3134 760 δὲ
3162 705 3288 769 τοὺς
3325 704 3386 770 ἐξ
3426 703 3597 759 ἐθνῶν

2019 798 2435 868 ἐπιστεύθησαν.
2469 797 2580 851 Καὶ
2628 795 2735 869 γὰρ
2784 794 2933 859 ἄξιον
2967 794 3267 864 ζητήσεως,
3296 791 3349 844 τί
3396 790 3596 862 δήποτε

2021 885 2230 949 Παῦλος
2277 886 2395 956 μὲν,
2422 887 2450 939 0
2483 884 2622 955 μετά
2663 882 2947 956 ἀκριϐείας
2993 881 3087 935 τὸν
3134 879 3385 953 πατρῷον
3432 879 3595 950 νόμον

2019 972 2347 1036 παιδευθεὶς,
2387 975 2416 1026 0
2445 971 2595 1042 παρά
2627 972 2755 1035 τοὺς
2782 970 2949 1034 πόδας
2972 967 3253 1041 Γαμαλιὴλ
3280 966 3591 1038 διατρίϐων,

2017 1062 2045 1113 0
2071 1061 2211 1114 κατά
2249 1059 2595 1131 δικαιοσύνην
2639 1059 2736 1131 τὴν
2785 1060 2844 1113 ἐν
2894 1059 3040 1127 νόμῳ
3086 1057 3375 1128 γενόμενος
3422 1056 3598 1126 ἄμεμ-

2018 1165 2170 1212 πτος,
2197 1148 2299 1201 οὐκ
2350 1146 2714 1219 ἐγχειρίζεται
2769 1147 2894 1209 τοὺς
2929 1145 3237 1212 Ἰουδαίους,
3285 1145 3422 1198 ἀλλά
3467 1145 3595 1207 τοὺς

2018 1236 2312 1309 Ἕλληνας·
2342 1238 2371 1289 0
2403 1236 2460 1289 δέ
2492 1237 2697 1301 ἁλιεὺς,
2738 1236 2831 1291 καὶ
2880 1236 3261 1307 ἀγράμματος,
3291 1236 3384 1289 καὶ
3425 1234 3595 1306 μηδὲν

2014 1324 2263 1379 τοσοῦτον
2286 1325 2437 1388 εἰδὼς
2458 1325 2792 1397 Πέτρος,τὴν
2814 1324 2921 1379 τῶν
2951 1324 3216 1378 Ἰουδαίων
3239 1324 3592 1394 ἐνεπιστεύθη

2016 1414 2376 1485 προστασίαν.
2398 1413 2649 1467 Συντελεῖ
2672 1414 2779 1486 γάρ
2811 1432 2863 1467 τι
2892 1414 2985 1467 καὶ
3013 1413 3148 1485 πρὸς
3171 1412 3269 1485 τὴν
3288 1412 3439 1466 λύσιν
3460 1415 3593 1484 ἡμῖν

2015 1501 2076 1554 τὸ
2107 1501 2421 1572 λεγόμενον,
2458 1501 2525 1555 ἂν
2557 1500 2689 1555 αὐτὸ
2714 1500 3031 1572 δυνηθῶμεν
3064 1500 3267 1572 φράσαι
3295 1500 3493 1564 καλῶς.
3515 1501 3591 1555 Ού

2015 1587 2126 1660 γὰρ
2153 1589 2217 1662 δὴ
2240 1588 2395 1644 τοῦτο
2428 1588 2570 1644 ἔστιν
2604 1590 2775 1643 εἰπεῖν
2804 1590 2886 1643 ὅτι
2918 1588 3178 1643 ὀκνοῦντα
3224 1590 3318 1642 καὶ
3362 1589 3591 1644 ἀναδυό-

2018 1696 2178 1750 μενον
2215 1678 2338 1734 ίδὼν
2367 1679 2460 1733 τὸν
2482 1678 2693 1736 Παῦλον
2716 1680 2810 1735 καὶ
2837 1680 3104 1750 φεύγοντα
3123 1678 3231 1733 τῶν
3255 1679 3472 1734 οἰκείων
3490 1680 3594 1751 τὴν

2015 1766 2369 1838 προστασίαν,
2399 1767 2501 1820 ούκ
2537 1767 2767 1838 ἠθέλησε
2797 1766 3084 1838 βιάσασθαι
3123 1768 3219 1821 καὶ
3259 1769 3590 1831 ἀναγκάσαι.

2016 1852 2335 1909 Τούναντίον
2377 1854 2476 1925 μὲν
2508 1851 2600 1908 οῦν
2631 1855 2777 1908 ἅπαν
2811 1854 3140 1919 ἐπεδείξατο.
3171 1854 3246 1907 Οὐ
3271 1855 3379 1926 γάρ
3403 1855 3467 1927 δὴ
3495 1857 3592 1927 μό-

2014 1957 2103 1993 νον
2148 1940 2251 1994 ούκ
2284 1940 2451 2010 ἔφυγε
2480 1941 2589 1995 τῶν
2618 1942 2883 1996 Ἰουδαίων
2919 1942 3017 2014 τὴν
3064 1942 3409 2009 ἐπιστασίαν,
3455 1942 3592 1997 ἀλλά

2014 2027 2108 2079 καί
2131 2020 2345 2097 πρῶτος
2376 2028 2704 2100 ἐπεπήδησε,
2745 2031 2840 2083 καὶ
2877 2028 2971 2082 τοῦ
3013 2029 3249 2102 Χριστοῦ
3279 2029 3592 2094 κελεύοντος
3699 2033 3708 2039 ’

2013 2113 2268 2169 ἀπελθεῖν
2299 2116 2381 2181 εἰς
2400 2116 2473 2170 τά
2493 2115 2643 2188 ἔθνη,
2676 2116 2839 2182 αὐτὸς
2870 2117 3012 2183 ἀξιοῖ
3045 2119 3144 2188 τὴν
3181 2117 3288 2171 τῶν
3323 2118 3590 2172 Ἰουδαίων

2013 2201 2323 2272 οἰκονομίαν
2374 2202 2811 2275 ἐγχειρισθῆναι⁸
2850 2204 2944 2258 καὶ
2974 2204 3142 2275 μυρία
3174 2204 3440 2275 πολλαχοῦ
3486 2207 3594 2259 πά-

2015 2305 2159 2359 σχων
2185 2289 2314 2360 παρ’
2336 2291 2513 2344 αὐτῶν
2537 2290 2707 2355 δεινὰ,
2738 2292 2832 2346 καὶ
2862 2291 2972 2347 τῶν
3010 2291 3179 2346 ἐθνῶν
3206 2292 3302 2364 τὴν
3328 2293 3584 2348 διδασκαο

2011 2376 2132 2433 λίαν
2183 2384 2632 2452 πεπιστευμένος,
2681 2381 2741 2436 ού
2785 2380 3013 2437 παύεται
3065 2382 3398 2455 παρακαλῶν
3444 2382 3586 2455 ὑπὲρ

2012 2467 2254 2532 ἐκείνων,
2289 2469 2383 2522 καί¹
2426 2469 2619 2539 λέγων,
2666 2471 2761 2525 νῦν
2811 2472 2941 2543 μέν’
2986 2472 3276 2542 Ηύχόμην
3319 2471 3586 2543 ἀνάθεμα

2010 2553 2162 2612 εἶναι
2188 2558 2344 2627 ὑπὲρ
2377 2558 2495 2614 τῶν
2518 2558 2797 2629 ἀδελφῶν
2819 2578 2961 2630 μου,
2988 2560 3110 2616 τῶν
3131 2560 3444 2633 συγ-γενῶν
3462 2580 3585 2631 μου

2011 2643 2162 2699 κατὰ
2209 2644 2436 2716 σάρκιν
2472 2646 2568 2701 νῦν
2616 2647 2673 2701 δέ
2692 2664 2706 2678 ·
2749 2647 3015 2719 Ἀδελφοί
3036 2667 3178 2719 μου,
3206 2649 3245 2717 ἠ
3270 2648 3388 2718 μὲν
3413 2650 3587 2704 εὐδο-

2010 2733 2113 2788 κία
2153 2752 2296 2806 μου,
2338 2734 2436 2790 καὶ
2472 2737 2511 2805 ἡ
2552 2735 2763 2804 δέησις
2805 2737 2844 2806 ἠ
2888 2736 3038 2805 πρὸς
3074 2737 3184 2791 τὸν
3225 2738 3395 2806 Θεὸν,
3430 2737 3585 2808 ὑπὲρ

2008 2819 2209 2876 αὐτῶν
2244 2822 2416 2878 ἐστιν
2445 2826 2532 2890 είς
2568 2825 2886 2891 σωτηρίαν.
2925 2824 3082 2889 Τίνος
3113 2820 3207 2880 οὖν
3234 2825 3420 2880 ἐνεκεν
3463 2826 3587 2897 βου-

2008 2907 2231 2980 λόμενον
2259 2910 2422 2964 αὑτὸν
2464 2912 2559 2965 καί⁵
2596 2910 2966 2983 ἐπιθυμοῦντα
3008 2912 3279 2967 διδάσκειν
3321 2913 3583 2980 ἐκείνους,

2006 2996 2107 3050 οὐκ
2134 2996 2312 3050 εἴασεν
2337 2995 2519 3071 αύτοῖς
2549 2997 2864 3070 κηρύσσειν,
2891 2998 3006 3052 ἀλλ’
3032 3001 3147 3054 ἀντ’
3174 3001 3400 3055 ἐκείνων
3438 3000 3583 3057 διδά-

2009 3082 2207 3136 σκαλον
2253 3081 2416 3138 αὐτὸν
2462 3086 2575 3147 τοῖς
2625 3083 2834 3138 ἔθνεσιν
2881 3084 3172 3157 ἐπεμπεν;
3236 3076 3585 3159 Ἀκούσωμεν

2006 3169 2171 3225 αὑτοῦ
2204 3170 2298 3225 τοῦ
2323 3171 2560 3245 Χριστοῦ
2592 3161 2861 3241 λέγοντος,
2902 3173 2997 3227 καί
3025 3173 3237 3227 Παύλου
3270 3175 3332 3228 τὸ
3358 3178 3466 3229 πᾶν
3506 3176 3585 3230 δι-

2006 3258 2308 3330 ηγουμένου
2330 3276 2345 3292 ·
2395 3258 2654 3328 Ἐγένετο
2682 3258 2751 3313 δέ
2784 3276 2885 3333 μοι
2913 3259 3399 3330 προσευχομένη),
3427 3262 3582 3333 φησὶ,

2005 3344 2283 3415 γενέσθαι
2305 3363 2384 3415 με
2408 3344 2796 3413 ἐνέκστάσει,
2829 3331 2930 3400 καί
2957 3346 3177 3401 ειδέναι
3193 3348 3300 3401 τὸν
3322 3331 3584 3417 Χριστὸν

2002 3431 2258 3504 λέγοντά
2298 3452 2400 3504 μοι
2420 3451 2434 3467 ⁸
2464 3435 2746 3490 Σπεῦσον
2781 3436 2879 3490 καί
2911 3434 3122 3498 ἔξελθε
3152 3434 3224 3490 ἐν
3257 3435 3445 3506 τάχει,
3491 3437 3583 3493 ὅτι

2003 3522 2075 3574 οὐ
2101 3521 2541 3589 παραδέξονταί
2567 3539 2683 3576 σου
2712 3521 2828 3591 τὴν
2856 3524 3193 3593 μαρτυρίαν
3233 3524 3365 3594 περί
3408 3524 3577 3591 ἐμοῦ.

2004 3610 2114 3663 Kal
2140 3610 2238 3683 τὴν
2267 3611 2446 3666 αἰτίαν
2478 3608 2600 3665 εἰπε
2639 3611 2741 3682 τῆς
2784 3611 3122 3683 ἀποδημίας·
3157 3613 3466 3685 Μισησουσί
3495 3631 3578 3680 σε,

2003 3698 2161 3770 φησί,
2179 3700 2273 3754 καὶ
2303 3700 2815 3773 ἀποστραφήσονται
2833 3716 2848 3732 ο
2879 3699 2967 3754 διὰ
2993 3700 3149 3754 τοῦτό
3175 3717 3269 3755 σου
3299 3700 3581 3755 διδάσκον-

2002 3802 2095 3849 τος
2134 3787 2234 3839 ούκ
2282 3786 2582 3852 ἀνέξονται.
2617 3789 2726 3843 Kal
2762 3789 2869 3860 μὴν
2895 3788 3028 3843 αὐτὸ
3057 3789 3215 3843 τοῦτο
3252 3784 3322 3861 ἦν
3373 3789 3577 3867 ἰκανὸν,

2003 3870 2315 3935 ἀξιόπιστον
2364 3873 2526 3926 αὑτὸν
2581 3873 2804 3944 ποιῆσαι
2858 3874 3192 3940 διδάσκαλον,
3241 3877 3338 3929 καὶ
3391 3881 3579 3932 πεῖσαι

2000 3957 2264 4022 ἐκείνους,
2285 3958 2367 4012 ὅτι
2400 3959 2501 4012 οὐκ
2522 3957 2834 4031 ἀνθρωπίνη
2861 3962 2894 4031 ἡ
2924 3962 3211 4031 μετάθεσις
3238 3963 3477 4032 ἐγένετο.
3499 3968 3577 4020 Οὐ

1999 4043 2110 4118 γὰρ
2143 4044 2209 4099 ἂν
2248 4044 2339 4099 τὸν
2380 4044 2524 4100 οὕτω
2550 4047 2897 4118 φαινόμενον,
2921 4050 3014 4103 καί
3042 4049 3201 4120 θυμῷ
3232 4050 3447 4118 ζέοντα,
3484 4054 3577 4106 καὶ

1999 4132 2161 4203 φόνου
2208 4131 2455 4202 πνέοντα,
2488 4136 2581 4189 καὶ
2619 4132 3120 4207 θαυματουργοῦντι
3163 4136 3238 4209 μὴ
3288 4139 3575 4195 πεισθέντα

1994 4218 2075 4291 τῷ
2112 4219 2353 4292 Χριστῷ,
2391 4220 2529 4294 μηδὲ
2565 4225 2682 4287 τοῖς
2707 4223 3024 4289 ἀποστόλοις
3057 4227 3169 4290 τοῖς
3206 4225 3437 4294 ἐκείνου,
3482 4245 3573 4281 νε-

1995 4309 2162 4378 κροὺς
2204 4309 2500 4382 ἐγείρασιν,
2534 4310 2748 4383 ἴσχυσεν
2778 4312 2844 4366 ἄν
2871 4329 2998 4367 ποτε
3027 4312 3311 4385 ἄνθρωπος
3343 4315 3403 4368 ἐν
3431 4315 3570 4387 αὐτῇ

1997 4397 2142 4470 μέσῃ
2188 4400 2256 4469 τῇ
2291 4400 2461 4473 μανίᾳ
2496 4400 2828 4472 μεταθεῖναι,
2877 4403 2971 4457 καὶ
2997 4402 3096 4474 τὴν
3130 4402 3457 4476 ὑπερϐολὴν,
3503 4405 3572 4477 ἢν

1994 4484 2137 4539 κατά
2173 4484 2271 4539 τοῦ
2302 4487 2656 4560 κηρύγματος
2686 4488 3054 4554 ἐπεδείκνυτο,
3087 4490 3292 4558 ταύτην
3342 4490 3569 4561 ὁλόκλη-

1993 4590 2087 4644 ρον
2122 4575 2218 4629 καί
2257 4575 2438 4647 πολλῷ
2473 4576 2695 4632 πλείονα
2741 4581 2927 4633 πεῖσαι
2978 4578 3136 4633 πάλιν
3174 4580 3313 4648 ὑπὲρ
3350 4580 3451 4650 τῆς
3485 4581 3569 4645 είς

1990 4660 2238 4732 Χριστὸν·
2261 4662 2553 4734 ὁμολογίας
2590 4665 2961 4730 ἐπιδείξασθαι
2986 4683 2999 4697 ⁸
3040 4664 3176 4720 ἀλλά
3210 4666 3361 4730 θείας
3395 4668 3566 4732 ὅντως

1988 4748 2274 4823 δυνάμεως
2310 4751 2469 4823 ἔργον
2503 4748 2571 4826 ἦν
2609 4755 2644 4825 ἡ
2684 4755 3009 4827 μετάστασις
3044 4756 3181 4826 αῦτη
3220 4756 3372 4828 καὶὴ
3401 4771 3567 4826 μετα-

2057 4922 2150 4979 ια’.
2186 4924 2364 4999 Ὅπερ
2396 4922 2492 4981 οὖν
2524 4927 2617 4984 καὶ
2642 4929 2672 4982 0
2694 4927 2923 4997 Παῦλος,
2949 4928 3231 5001 ἐπιθυμῶν
3258 4930 3438 4983 αὐτῶν
3463 4930 3563 5002 τὴν

1987 5009 2324 5082 προστασίαν
2366 5010 2572 5079 λαϐεῖν,
2623 5014 2759 5085 πρὸς
2801 5014 2891 5068 τὸν
2949 5013 3154 5087 Ἰησοῦν
3197 5014 3560 5086 προεϐάλλετο

1982 5092 2155 5164 λέγων
2173 5112 2189 5128 ο
2214 5096 2413 5166 Κύριε,
2434 5097 2604 5152 αὐτοί
2622 5098 2992 5165 ἐπίστανται,
3016 5098 3107 5153 ὅτι
3130 5099 3244 5169 ἐγὼ
3271 5098 3434 5169 ἤμην
3452 5114 3559 5171 spv-

1979 5179 2267 5248 λακίζων,
2306 5181 2408 5237 καί
2469 5181 2658 5252 δέρων
2710 5182 2851 5251 τοὺς
2907 5183 3304 5248 πιστεύοντας
3350 5184 3439 5249 είς
3487 5184 3558 5239 τὸ

1980 5262 2170 5333 ὄνομά
2190 5278 2307 5319 σου
2325 5280 2341 5296 ο
2372 5265 2471 5320 καί
2497 5265 2596 5321 ὅτε
2619 5265 2939 5337 έξεχύνετο
2966 5266 3033 5321 τὸ
3053 5260 3196 5337 αἷμα
3222 5264 3553 5335 Στεφάνου,

1978 5345 2086 5402 τοῦ
2122 5346 2420 5420 μάρτυρός
2455 5348 2607 5423 [571]
2638 5365 2777 5415 σου,
2831 5350 2944 5420 ἐγὼ
2972 5349 3137 5420 ήμην
3164 5347 3558 5405 συνευδοκῶν

1976 5429 2053 5501 τῇ
2079 5432 2386 5502 ἀναιρέσει
2409 5432 2617 5488 αὐτοῦ.
2649 5432 2759 5486 Καὶ
2787 5434 2821 5503 ἡ
2839 5432 3012 5504 πολλὴ
3044 5432 3209 5502 μανία
3236 5433 3336 5504 τὴν
3356 5432 3554 5506 ἀθρόον

1976 5516 2354 5589 γεγενημένην
2384 5518 2647 5586 ἐγγυᾶται
2683 5515 3005 5589 μεταϐολὴν,
3036 5517 3113 5582 ὡς
3140 5518 3242 5571 οὐκ
3273 5517 3424 5571 ἐστιν
3452 5518 3552 5573 άν-

1975 5600 2223 5673 θρωπίνη
2250 5618 2356 5665 τις.
2387 5601 2502 5656 ἀλλ’
2529 5600 2757 5668 ἀνωθεν,
2779 5602 2874 5656 καὶ
2898 5603 2962 5657 ἐκ
2988 5600 3098 5657 τῶν
3120 5600 3364 5674 οὐρανῶν
3388 5601 3553 5656 nas.

1973 5685 2073 5757 τὴν
2092 5686 2288 5759 ἀρχήν.
2311 5685 2377 5739 Τί
2401 5682 2495 5743 οὖν
2520 5687 2551 5741 0
2574 5687 2838 5760 Χριστός;
2868 5688 3153 5758 Πορεύου,
3177 5687 3265 5743 ὅτι
3286 5690 3376 5755 εις
3401 5687 3551 5760 ὂθνη

1967 5768 2207 5842 μακρὰν
2223 5769 2614 5841 ἐξαποστελῶ
2631 5787 2726 5831 σε.
2753 5771 2921 5829 Ταῦτ’
2939 5769 3033 5829 οὖν
3059 5774 3158 5847 οὐχ
3183 5771 3367 5841 ίκανά,
3391 5772 3549 5847 φησὶ,

3168 5881 3247 5943 25
