4082 6212
536 274 630 329 58ί
1235 294 1292 349 5.
1330 293 1611 353 JOANNIS
1645 297 2138 359 CHRYSOSTOMI
2177 302 2497 359 ARCUIEP.
2538 303 3084 364 CONSTANTINOP.

533 393 720 447 πεῖσαι
772 391 868 448 καὶ
911 393 1038 457 τοὺς
1078 392 1281 464 σφόδρα
1337 395 1796 468 ἀναισθητοῦντας
1819 435 1834 459 ,
1879 397 1962 450 ὃτι
2013 394 2112 448 οὐκ

533 479 678 532 ἔστιν
710 477 1051 549 ἀνθρώπινον
1081 477 1240 532 τοῦτο
1270 479 1332 532 τὸ
1364 481 1658 552 κήρυγμα,
1689 480 1804 534 ἀλλ’
1838 481 1979 545 ὑπὲρ
2013 478 2112 548 φύο

533 580 618 616 σιν
643 561 987 633 ἀνθρωπίνην
1016 561 1234 616 ἅπαντα
1258 563 1325 617 τὰ
1352 565 1712 635 γεγενημένα,
1745 565 1838 618 καὶ
1865 564 1998 626 Θεὸς
2021 564 2109 617 6v-

527 663 637 709 τως
667 647 813 699 ἐστὶν
853 647 882 697 6
927 646 1177 718 μεταθεὶς
1228 648 1323 702 καὶ
1375 648 1728 720 μεταϐαλών;
1779 646 1961 702 Ἱκανὰ
2011 647 2109 719 μὲν

527 725 654 794 οὖν,
698 722 744 782 ῶ
777 731 1014 802 μακάριε
1059 731 1258 795 Παῦλε,
1307 732 1374 786 ἂν
1420 732 1591 804 αὐτὴν
1621 733 1730 788 τῶν
1768 733 2109 804 πραγμάτων

528 813 790 888 ἐξετάσῃς
837 815 938 885 τὴν
981 814 1178 884 φύσιν·
1227 815 1343 870 ἀλλ’
1406 817 1648 870 Ἰουδαῖοι
1701 817 1921 869 πάντων
1969 814 2107 868 εἰσὶν

527 897 996 969 ἀγνωμονέστεροι
1019 915 1032 928 ·
1063 899 1124 951 οὐ
1161 898 1322 966 φύσιν
1358 899 1702 970 πραγμάτων
1741 896 2103 964 ἐξετάζοντες,

525 980 586 1033 οὐ
620 980 682 1032 τὸ
709 980 856 1043 εἰκὸς
892 984 987 1034 καὶ
1026 981 1089 1034 τὸ
1127 981 1349 1050 εῦλογον
1393 984 1486 1036 καὶ
1529 983 1590 1036 τὸ
1633 983 1931 1051 ἀναγκαῖον
1983 998 2104 1034 σκο-

526 1061 778 1126 ποῦντες,
823 1062 936 1117 ἀλλ’
969 1077 995 1104 α
1030 1067 1110 1128 είς
1147 1064 1204 1118 ἓν
1240 1065 1399 1135 μόνον
1445 1065 1768 1136 βλέποντες,
1820 1066 1966 1127 ὅπως
2009 1063 2106 1134 τὴν

525 1145 858 1214 φιλονεικίαν
885 1146 984 1216 τὴν
1011 1147 1217 1200 ἑαυτῶν
1243 1147 1584 1219 ἐμπλήσωσι.
1616 1149 1728 1202 Καὶ
1751 1147 1815 1200 σὺ
1847 1147 1944 1218 μὲν
1969 1146 2104 1217 πρὸς

523 1231 622 1302 τὴν
649 1230 758 1284 τῶν
797 1232 1138 1303 πραγμάτων
1176 1232 1497 1285 ἀκολουθίαν
1537 1231 1752 1303 βλέπεις
1775 1248 1789 1261 ·
1822 1233 1850 1284 6
1879 1231 1936 1284 δέ
1971 1230 2104 1294 Θεὸς

521 1314 594 1367 τά
637 1315 928 1387 ἀπόρρητοι
969 1318 1070 1387 τῆς
1115 1315 1356 1380 διανοίας
1408 1316 1585 1371 αὐτῶν
1632 1311 1761 1370 οἶδε.
1802 1315 1901 1368 Διά
1948 1314 2104 1368 τοῦτό

436 1408 448 1417 ‘
523 1399 994 1468 (pncz,,110pséov,
1031 1398 1120 1451 ὅτι
1156 1401 1243 1466 είς
1275 1399 1420 1467 ἔθνη
1452 1398 1689 1468 μακρὰν
1717 1398 2103 1463 ἐξαποστελῶ

521 1495 618 1545 σε,
675 1481 815 1534 ῶστε
864 1482 957 1535 καὶ
1000 1481 1080 1552 τῷ
1127 1483 1454 1554 διαστήματι
1503 1481 2001 1554 παραμυθήσασθαι
2041 1481 2103 1534 τὸ

523 1567 701 1636 μῖσος.
1574 1564 1578 1573 “

588 1648 689 1701 Διά
713 1647 872 1702 τοῦτο
899 1651 1012 1713 τοῖς
1044 1649 1142 1721 μὲν
1164 1649 1344 1714 ἄλλοις
1371 1648 1541 1703 ἀπασι
1567 1649 1815 1721 γράφων,
1847 1649 1906 1702 τὸ
1931 1651 2102 1717 ονομα

517 1730 682 1785 αὑτοῦ
731 1732 1088 1804 προστίθησιν
1134 1735 1192 1786 ἐν
1221 1734 1299 1805 τῷ
1343 1733 1614 1806 προοιμίῳ
1643 1735 1751 1788 τῶν
1779 1731 2096 1796 ἐπιστολῶν,

529 1815 800 1887 Ἑϐραίοις
851 1815 909 1868 δὲ
955 1817 1307 1880 ἐπιστέλλων,
1359 1817 1512 1871 οὐδὲν
1549 1819 1788 1871 τοιοῦτον
1820 1817 2095 1886 ἐποίησεν,

493 1887 630 1952 ’ἀλλ’
655 1899 862 1963 ἀπλῶς,
895 1899 996 1953 οὐκ
1025 1899 1193 1953 εἰπὼν
1223 1899 1308 1964 τίς
1336 1895 1429 1971 ῆν,
1463 1901 1496 1971 ἦ
1535 1901 1671 1972 πρὸς
1701 1902 1876 1964 τίνας,
1911 1899 2099 1968 ὥσπερ

516 1982 638 2044 ἔθος
679 1979 790 2052 εἶχε
857 1986 1053 2046 ποιεῖν,
1096 1982 1238 2036 οὕτω
1278 1998 1394 2046 πως
1461 1983 1696 2054 ῆρξατοο
1740 1980 2099 2052 Πολυμερῶς

515 2067 614 2124 καὶ
676 2067 1073 2134 πολυτρόπως
1129 2065 1315 2120 πάλαι
1367 2069 1401 2119 ό
1453 2066 1600 2133 Θεὸς
1645 2066 1927 2135 λαλήσας
1973 2063 2099 2130 τοῖς

514 2149 817 2220 πατράσιν
845 2149 1035 2219 ἡμῶν.
1072 2151 1182 2204 Καὶ
1217 2148 1374 2205 τοῦτο
1403 2150 1466 2222 δὴ
1502 2151 1601 2222 τῆς
1635 2151 1727 2204 τοῦ
1762 2151 1975 2206 Παύλου
2011 2167 2097 2203 σο-

514 2235 662 2305 φίας.
696 2235 814 2288 Ἵνα
841 2233 952 2304 γὰρ
977 2233 1051 2304 μὴ
1083 2235 1325 2304 μετασχῇ
1347 2231 1441 2286 τοῦ
1473 2233 1746 2304 μίσουςτά
1771 2234 2093 2304 γράμματα,

511 2316 764 2391 καθάπερ
795 2317 1124 2387 προσωπείῳ
1144 2317 1273 2381 τινὶ,
1302 2318 1368 2387 τῇ
1394 2315 1488 2368 τοῦ
1511 2316 1775 2388 ὀνόματος
1807 2315 2094 2387 ἀφαιρέσει

510 2402 724 2475 κρύψας
775 2401 987 2466 ἐαυτὸν,
1027 2400 1199 2464 οῦτως
1247 2401 1432 2465 αὐτοῖς
1471 2400 1838 2464 λανθανόντως
1889 2399 1949 2452 τὸ
1997 2399 2095 2468 τῆς

509 2486 885 2558 παραινέσεως
918 2483 1192 2556 ἐπιτίθησι
1235 2484 1548 2557 φάρμακον.
1606 2484 1774 2537 Ὅταν
1815 2483 1924 2552 γὰρ
1956 2482 2093 2552 πρός

506 2586 630 2622 τινα
658 2568 837 2640 ἀηδῶς
861 2567 1093 2638 ἔχωμεν,
1123 2566 1226 2620 κᾶν
1252 2566 1402 2635 ὑγιές
1427 2584 1480 2619 τι
1505 2567 1656 2638 λέγῃ,
1684 2567 1741 2620 οὑ
1774 2565 2090 2636 προθύμως,

507 2653 629 2706 οὐδὲ
665 2651 783 2722 μεθ’
812 2649 1007 2721 ἡδονῆς
1035 2648 1302 2719 δεχόμεθα
1344 2649 1415 2702 τὰ
1457 2649 1758 2720 λεγόμενα’
1800 2650 1936 2718 ὅπερ
1976 2644 2090 2714 οῦν,

508 2737 597 2790 ἵνα
642 2735 719 2806 μὴ
751 2734 846 2788 καὶ
872 2733 993 2785 τότε
1039 2734 1242 2803 συμϐῇ,
1279 2733 1466 2802 ἀφεῖλε
1507 2733 1607 2802 τὴν
1654 2732 1789 2786 ἰδίαν
1821 2749 2094 2803 προσηγο-

509 2821 631 2892 ρίαν
685 2819 786 2889 τῆς
842 2817 1153 2888 ἐπιστολῆς,
1201 2816 1340 2869 ῶστε
1405 2816 1570 2889 μηδὲν
1627 2816 1786 2869 τοῦτο
1839 2817 2090 2886 γενέσθαι

508 2903 738 2974 κώλυμα
785 2903 853 2973 τῇ
897 2901 997 2971 τῆς
1043 2898 1337 2970 ἐπιστολῆς
1385 2900 1667 2970 ἀκροάσει.
1705 2899 1837 2954 Οὐδὲ
1887 2900 1996 2970 γὰρ
2040 2902 2090 2953 οἱ

507 2989 726 3044 ἄπιστοι
779 2985 938 3056 μόνον
994 2983 1260 3049 Ἰουδαῖοι,
1296 2983 1431 3038 ἀλλά
1471 2985 1566 3038 καὶ
1609 2985 1660 3038 οἱ
1705 2984 2092 3048 πιστεύσαντες

506 3072 662 3127 αὐτοὶ
706 3059 932 3143 ἐμίσουν
977 3069 1141 3122 αὑτὸν
1183 3069 1279 3122 καὶ
1327 3069 1752 3140 ἀπεστρέφοντο.
1792 3070 1918 3122 Ὅτε
1962 3068 2091 3138 γοῦν

507 3155 736 3226 ἀνῆλθεν
759 3155 838 3217 είς
875 3152 1244 3224 Ἰεροσόλυμα,
1273 3152 1503 3206 ἄκουσον
1527 3152 1580 3204 τί
1608 3169 1740 3223 φησι
1771 3151 1906 3222 πρὸς
1929 3153 2091 3205 αὑτὸν

506 3241 536 3294 6
569 3235 844 3304 Ἰάκωϐος,
866 3235 962 3289 καὶ
985 3236 1034 3288 οἱ
1063 3234 1242 3289 λοιποὶ
1266 3234 1523 3299 ἆπαντεςυ
1550 3234 1813 3302 Θεωρεῖς,
1839 3234 2086 3303 ἀδελφὲ,

507 3323 695 3376 πόσαι
728 3316 1018 3389 μυριάδες
1057 3317 1223 3373 εῑσὶν
1266 3318 1571 3373 Ἰουδαίων
1594 3316 1713 3370 τῶν
1743 3320 2091 3384 συνεληλυ-

507 3406 730 3460 θότωνσ
792 3401 892 3455 καὶ
957 3397 1124 3456 οὗτοι
1173 3401 1396 3468 πάντες
1447 3399 1696 3468 ζηλωταὶ
1745 3399 1851 3455 τοῦ
1901 3401 2089 3469 νόμου

504 3487 875 3557 ὑπάρχουσι,
918 3483 1016 3538 καὶ
1061 3484 1428 3554 κατήχηνται
1466 3483 1597 3552 περὶ
1639 3483 1776 3550 σοῦ,
1808 3483 1898 3536 ὅτι
1944 3484 2091 3538 ἀπο-

506 3572 772 3628 στασίαν
797 3569 917 3624 ἀπὸ
951 3568 1060 3622 τοῦ
1093 3569 1282 3637 νόμου
1313 3567 1641 3633 διδάσκεις.
1673 3568 1772 3621 Διά
1800 3567 1958 3621 τοῦτο
1989 3569 2089 3620 αύ-

505 3659 598 3712 τὸν
631 3655 866 3727 μάλιστα
898 3653 1122 3722 ἐμίσουν
1154 3652 1247 3705 καὶ
1280 3653 1706 3723 ἀπεστρέφοντο.

578 3742 667 3811 ιβ’.
686 3739 751 3792 Ἦ
777 3737 874 3808 μὲν
898 3732 992 3789 οῦν
1016 3736 1183 3800 αἰτία,
1202 3735 1268 3788 δι’
1289 3737 1356 3806 ἢν
1383 3736 1483 3789 οὐκ
1507 3735 1799 3805 ἐπιστεύθη
1818 3736 2088 3799 τοῦςἸου-

503 3822 687 3884 δαίους
710 3862 726 3885 ,
763 3819 901 3874 ἀλλὰ
930 3819 1058 3883 τοὺς
1090 3819 1150 3884 ἐξ
1179 3819 1369 3884 ἐθνῶν,
1401 3818 1548 3872 ἐστὶν
1576 3818 1738 3892 αῦτη.
1772 3820 2088 3886 Πιστευθεὶς

503 3907 561 3961 δὲ
595 3904 778 3960 λοιπὸν
813 3904 1079 3968 ἐκείνους,
1115 3905 1212 3975 οὑχ
1257 3905 1461 3976 ὁμοίως
1492 3904 1570 3977 τῷ
1605 3905 1818 3978 Πέτρῳ,
1849 3905 1970 3959 ούδέ
2000 3905 2088 3961 διὰ

503 3992 602 4063 τῆς
623 3990 796 4061 αὐτῆς
821 3988 944 4044 ὁδοῦ
975 3990 1112 4061 πρὸς
1143 3989 1244 4060 τὴν
1273 3990 1457 4045 πίστιν
1486 3991 1686 4055 αὐτοὺς
1715 3991 1928 4061 ἐνῆγεν,
1952 3991 2088 4046 ἀλλά

502 4078 570 4131 δι’
596 4075 807 4148 ἐτέρας.
847 4075 1070 4145 Ἐτέρας
1096 4074 1152 4127 δέ
1179 4075 1308 4128 ὅταν
1339 4076 1598 4147 ἀκούσῃς,
1631 4076 1706 4147 μὴ
1737 4076 2002 4146 διαφοράν
2027 4076 2086 4128 ἐν

501 4159 580 4231 τῷ
618 4157 933 4230 κηρύγματι
967 4156 1194 4228 νομίσῃς
1229 4154 1388 4211 εἶναι.
1418 4158 1500 4212 Τά
1532 4158 1642 4231 γάρ
1671 4159 1811 4212 αύτά
1843 4159 2085 4230 ἀμφότε-

505 4262 588 4317 ροι
619 4243 713 4296 καὶ
755 4241 1032 4304 Ἰουδαίοις
1069 4242 1163 4295 καὶ
1189 4241 1445 4312 Ἕλλησιν
1480 4244 1778 4314 ἐκήρυττον
1801 4261 1812 4274 ³
1841 4242 1970 4305 οἷον,
2002 4244 2084 4297 ὅτι

501 4327 635 4390 Θεὸς
653 4329 681 4380 6
700 4324 954 4397 Χριστὸς,
974 4325 1054 4379 ὃτι
1078 4324 1397 4395 ἐσταυρώθη
1416 4326 1510 4379 καὶ
1530 4326 1726 4398 ἐτάφη,
1745 4327 1840 4380 καὶ
1862 4326 2083 4398 ἀνέστη,

503 4421 598 4474 καὶ
634 4418 780 4473 ἔστιν
823 4418 882 4472 ἐν
924 4416 1072 4489 δεξιᾷ
1103 4415 1197 4470 τοῦ
1240 4418 1474 4489 Πατρὺς,
1519 4419 1602 4471 ὄτι
1656 4420 1838 4489 μέλλει
1879 4419 2085 4490 κρίνειν

501 4504 712 4570 ζῶντας
739 4504 834 4558 καὶ
857 4503 1106 4573 νεκροὺς,
1134 4501 1230 4555 καὶ
1257 4502 1358 4555 ὅσα
1386 4501 1610 4556 τοιαῦτα
1640 4499 1728 4574 ἦν,
1761 4503 1962 4573 ὁμοίως
1989 4503 2086 4556 καὶ

501 4589 714 4651 Παῦλος
750 4588 845 4641 καὶ
889 4586 1096 4658 Πέτρος
1141 4586 1460 4657 ἐκήρυττον.
1505 4586 1592 4640 Ἐν
1637 4587 1777 4640 τίσιν
1813 4581 1904 4640 οῦν
1947 4581 2016 4658 ῆν
2048 4588 2082 4658 ή

500 4673 770 4744 διαφοράς
804 4671 894 4725 Ἐν
936 4674 1002 4742 τῇ
1032 4672 1413 4743 παρατηρήσει
1454 4671 1562 4746 ζῶν
1587 4671 1913 4742 βρωμάτων,
1939 4671 1996 4724 ἐν
2017 4673 2084 4741 τῇ

504 4759 804 4829 περιτομῇ,
832 4756 890 4807 ἐν
916 4757 1029 4818 τοῖς
1059 4755 1240 4817 ἀλλοις
1277 4757 1389 4817 τοῖς
1430 4755 1740 4817 Ἰουδαϊκοῖς
1778 4754 1976 4808 ἔθεσιν.
2027 4753 2084 4808 Ὀ

506 4842 606 4916 μὲν
641 4841 748 4912 γὰρ
789 4839 995 4911 Πέτρος
1043 4839 1143 4891 οὐκ
1189 4838 1392 4910 ἐτόλμα
1420 4841 1532 4902 τοῖς
1575 4837 1768 4892 ἐαυτοῦ
1817 4837 2086 4909 μαθηταῖς

504 4925 754 4997 φανερῶς
782 4923 961 4992 λέγειν
995 4923 1088 4976 καὶ
1133 4923 1428 4996 διαρρήδην
1448 4964 1462 4987 ,
1496 4925 1578 4977 ὅτι
1608 4923 1690 4977 δεῖ
1714 4923 1919 4977 τούτων
1951 4925 2086 4976 ἀπο-

505 5013 696 5082 στῆναι
730 5006 881 5082 [572]
919 5005 1193 5072 καθάπαξ.
1243 5007 1528 5061 Ἑδεδοίκει
1567 5008 1696 5079 γὰρ,
1731 5008 1940 5078 μήποτε
1979 5005 2085 5076 πρὸ

503 5093 698 5168 καιροῦ
726 5093 823 5166 τὴν
849 5091 1135 5163 συνήθειαν
1163 5091 1366 5163 ταύτην
1393 5092 1703 5146 ἀνασπάσαι
1739 5089 2080 5162 βουλόμενος,

503 5179 597 5233 καὶ
646 5179 742 5249 τὴν
787 5177 866 5240 είς
897 5176 989 5229 τδν
1034 5176 1269 5246 Χριστὸν
1303 5175 1484 5229 πίστιν
1535 5175 1930 5250 συνανασπάσῃ
1967 5176 2084 5245 μετ’

503 5264 759 5326 ἐκείνων,
798 5261 898 5331 τῆς
930 5259 1109 5332 ψυχῆς
1151 5260 1261 5314 τῶν
1315 5260 1583 5314 Ἰουδαίων
1623 5261 1724 5313 οὐκ
1753 5260 2085 5330 ἀνεχομένης

502 5348 735 5410 οὐδέπω,
757 5343 845 5400 διὰ
864 5344 961 5418 τὴν
985 5344 1204 5416 χρονίαν
1223 5344 1320 5415 τὴν
1347 5345 1476 5416 περὶ
1494 5344 1584 5396 τὸν
1601 5344 1765 5412 νόμον
1793 5343 2081 5414 πρόληψιν,

501 5431 613 5485 τῶν
650 5429 911 5502 ῥημάτων
945 5429 1164 5484 ἀκούειν
1192 5428 1420 5482 τούτων.
1460 5428 1558 5481 Διά
1597 5427 1756 5481 τοῦτό
1781 5427 2026 5497 ἠνείχετο
2057 5429 2086 5479 6

508 5515 778 5584 μακάριος
810 5513 1014 5584 Πέτρος
1043 5512 1414 5577 ίουδαῖζόντων
1449 5511 1647 5565 αὐτῶν.
1682 5512 1792 5564 Καὶ
1829 5511 2081 5583 καθάπερ

505 5611 587 5662 τις
622 5597 866 5668 γεωργὸς
901 5597 1120 5670 ἀριστος
1160 5597 1325 5668 φυτὸν
1357 5597 1562 5651 ἁπαλὸν
1614 5597 1836 5666 πλησίον
1866 5597 2082 5668 δένδρου

579 5742 603 5770 ⁸
629 5739 854 5790 Additum
875 5743 976 5790 ἀλλ’
1002 5757 1030 5793 c
1060 5743 1227 5794 Morel.
1252 5751 1306 5795 el
1328 5746 1475 5796 Savi}.
1503 5752 1555 5796 ct
1575 5745 1681 5798 cod.
1703 5744 1814 5795 7&8.
1860 5744 1994 5795 Εοιτ.

3681 296 3789 356 582

2215 397 2581 474 γεγηρακότος
2619 399 3005 471 καταθέμενος,
3046 401 3107 456 ού
3136 399 3333 474 τολμᾷ,
3371 401 3492 457 οὑδέ
3529 404 3791 478 ὑπομένει

2212 479 2272 532 τὸ
2300 480 2610 553 γεγηρακὸς
2636 482 2948 538 ἀνασπάσαι
2980 483 3215 556 δένδρον,
3250 484 3503 549 δεδοικὼς
3539 486 3636 557 μὴ,
3677 489 3786 545 τῶν

2213 563 2378 633 ῥιζῶν
2419 565 2642 618 ἐκείνων
2669 567 3067 637 ἀνελκομένων,
3106 568 3204 621 καὶ
3235 567 3296 621 τὸ
3325 569 3582 640 νεόφυτον
3626 588 3786 626 συναο

2211 647 2495 720 νελκυσθῇ,
2546 649 2661 704 ἀλλ’
2711 651 2971 722 ἀναμένει
3018 651 3287 724 πρότερον
3325 655 3564 724 παγῆναι
3609 655 3786 710 ἐκεῖνο

2209 730 2408 795 καλῶς,
2445 734 2539 785 καὶ
2577 734 2636 786 ἐν
2673 733 2855 797 αὐτοῖς
2899 733 3051 788 κάτω
3086 733 3382 806 ῥιζωθῆναι
3412 738 3526 798 τοῖς
3564 737 3786 802 κόλποις

2207 814 2305 883 τῆς
2325 814 2446 883 γῆς,
2474 815 2568 868 καὶ
2590 815 2712 869 τότε
2736 816 3130 884 τάπαλαιωθέν
3168 818 3306 888 μετά
3328 818 3512 882 ἀδείας
3544 820 3780 886 ἀνέλκει,

2207 896 2358 950 οὐδὲν
2386 897 2465 952 ἔτι
2495 897 2744 962 δεδοικὼς
2773 899 3016 971 περὶτοῦ
3046 901 3307 970 νεοφύτου
3328 919 3342 932 ·
3371 901 3516 956 οὕτω
3537 902 3602 974 δὴ
3630 904 3725 957 καὶ
3754 908 3786 958 6

2211 980 2478 1051 μακάριος
2512 981 2719 1055 Πέτρος
2749 981 2957 1036 ἐποίει·
2987 981 3086 1054 τὴν
3113 983 3296 1037 πίστιν
3337 984 3594 1053 νεόφυτον
3616 984 3784 1040 οὖσαν

2207 1060 2364 1132 ἔμενε
2391 1063 2632 1134 παγῆναι
2658 1063 2839 1128 καλῶς
2860 1066 2920 1119 ἐν
2942 1066 3062 1127 ταῖς
3089 1065 3199 1118 τῶν
3227 1065 3535 1120 ἀκουόντων
3562 1067 3779 1138 ψυχαῖς,

2208 1145 2294 1198 ἴνα
2325 1146 2648 1218 ῥιζωθείσης
2679 1148 2892 1220 ἐκείνης
2923 1147 3062 1220 μετὰ
3089 1149 3272 1214 ἀδείας
3298 1150 3484 1206 λοιπὸν
3512 1152 3605 1222 τὴν
3649 1155 3779 1206 ’1ου⁶

2205 1227 2394 1300 δαῖκὴν
2420 1229 2581 1302 ἀνέλῃ
2616 1231 2884 1304 πρόληψιν
2921 1232 3160 1287 ἃπασαν.
3206 1231 3349 1285 Ἀλλ’
3369 1233 3469 1304 οὐχ
3503 1235 3533 1287 6
3572 1235 3780 1299 Παῦλος

2203 1312 2378 1366 οὕτω·
2435 1314 2619 1384 πάσης
2673 1315 2780 1388 γὰρ
2834 1314 3040 1387 ταύτης
3093 1316 3515 1388 ἀπηλλαγμένος
3557 1313 3626 1389 ῆν
3679 1319 3780 1391 τῆς

2203 1396 2467 1468 ἀνάγκης,
2499 1398 2724 1469 Ἕλλησι
2751 1399 3058 1470 κηρύττων,
3084 1401 3197 1464 τοῖς
3235 1400 3490 1455 οὐδέποτε
3519 1418 3780 1472 μετεσχη-

2203 1479 2324 1533 κόσι
2369 1481 2556 1551 νόμου,
2601 1483 2721 1536 ούδέ
2777 1482 3080 1536 Ἰουδαϊκῶν
3145 1486 3581 1555 παρατηρήσεων
3635 1487 3775 1557 ἀκηο

2203 1563 2405 1618 κοόσιν.
2444 1565 2567 1618 ’Ότι
2595 1565 2701 1635 γὰρ
2729 1567 2829 1620 οὐκ
2862 1567 3114 1638 ἀλλήλοις
3155 1567 3558 1638 ἐναντιούμενοι
3606 1569 3776 1623 ταῦτα

2201 1645 2436 1714 ἐποίουν,
2463 1647 2598 1702 ἀλλά
2629 1653 2694 1721 τῇ
2719 1650 2826 1703 τῶν
2854 1651 3113 1722 μαθητῶν
3139 1651 3394 1724 ἀσθενείᾳ
3416 1653 3775 1721 συγκαταϐαί-

2202 1745 2410 1794 νοντες,
2446 1732 2592 1787 ἐστιν
2627 1733 2753 1786 ίδείν
2781 1734 2878 1788 καὶ
2912 1733 3124 1789 Παῦλον
3151 1735 3353 1806 ὁμοίως
3384 1736 3576 1808 Πέτρῳ
3603 1737 3772 1791 ταῦτα

2201 1813 2342 1867 αὐτὰ
2367 1815 2773 1887 συγχωροῦντα,
2803 1819 2896 1870 καὶ
2921 1819 2981 1870 οὐ
3017 1817 3408 1890 συγχωροῦντα
3438 1820 3617 1890 μόνον,
3639 1820 3773 1875 ἀλλά

2200 1897 2295 1948 καὶ
2315 1896 2478 1950 αὑτὸν
2508 1899 2889 1970 συνεργοῦντα,
2922 1902 3014 1954 καὶ
3043 1902 3251 1972 Πέτρον
3279 1902 3441 1957 πάλιν
3473 1903 3570 1974 τὴν
3603 1904 3770 1974 αὐτὴν

2199 1979 2508 2052 ἐλευθερίαν
2534 1984 2949 2054 νομοθετοῦντα,
2972 1986 3039 2056 ἢν
3074 1987 3168 2040 καὶ
3198 1985 3410 2051 Παῦλος
3446 1990 3557 2052 τοῖς
3591 1987 3768 2042 ἔθνεσι

2199 2065 2364 2116 πᾶσιν
2406 2066 2690 2137 ἐκήρυττε.
2729 2068 2838 2121 Καὶ
2879 2068 2982 2121 ποῦ
3025 2069 3222 2133 ταῦτα,
3259 2070 3436 2141 φησὶν,
3479 2071 3760 2142 ἀμφότερα

2202 2144 2344 2200 ἐστιν
2373 2147 2528 2214 ίδεῖν;
2570 2151 2657 2204 Ἐν
2686 2151 2867 2214 αὐτοῖς
2891 2154 3002 2214 τοῖς
3039 2152 3440 2223 Ἰεροσολύμοις.
3466 2147 3628 2216 Οὗτος
3655 2153 3752 2224 μὲν

2195 2228 2304 2300 γάρ
2331 2230 2422 2282 καὶ
2449 2229 2696 2302 ἐξύρατο,
2730 2233 2824 2287 καὶ
2858 2233 3046 2298 ἔθυσε,
3086 2236 3180 2288 καὶ
3219 2234 3477 2306 ἀγνισμδν
3514 2235 3758 2288 ἐπετέλε-

2197 2330 2308 2377 σεν,
2335 2316 2362 2367 6
2381 2315 2489 2368 τῶν
2520 2315 2688 2370 ἐθνῶν
2709 2317 3050 2383 διδάσκαλος.
3079 2319 3251 2372 Τοῦτο
3282 2319 3392 2390 γὰρ
3413 2319 3504 2372 καὶ
3528 2320 3556 2372 6
3576 2317 3763 2388 καιρὸς

2194 2397 2413 2468 ἀπῄτει,
2451 2398 2546 2452 καὶ
2564 2399 2624 2452 τὸ
2648 2404 2902 2472 παρεῖναι
2923 2401 3150 2465 πολλοὺς
3186 2402 3495 2466 Ἰουδαίους.
3529 2400 3767 2468 Θεωρεῖς

2195 2481 2337 2550 γὰρ,
2383 2484 2580 2554 φησιν,
2622 2483 2867 2554 ἀδελφέ,
2901 2487 3084 2539 πόσαι
3110 2485 3399 2554 μυριάδες
3425 2485 3581 2539 εισὶν
3621 2483 3764 2539 Ἰου-

2193 2564 2377 2618 δαίων
2406 2567 2522 2621 τῶν
2554 2571 3080 2636 συνεληλυθότων,
3116 2568 3214 2622 καὶ
3240 2569 3608 2637 κατήχηνται
3637 2568 3765 2636 περι

2193 2649 2332 2713 σοῦ,
2363 2649 2452 2702 ὅτι
2486 2651 2870 2704 ἀποστασίαν
2902 2651 3021 2706 ἀπὸ
3050 2650 3156 2705 τοῦ
3181 2653 3369 2721 νόμου
3401 2651 3731 2718 διδάσκεις.

2266 2731 2352 2800 ιγ’.
2401 2733 2637 2796 Ἐκεῖνος
2666 2733 2844 2786 τοίνυν
2889 2735 3293 2804 συγκαταϐῆναι
3324 2733 3768 2804 ἀναγκαζόμενος

2196 2815 2477 2880 ίουδάῖζεν·
2497 2817 2613 2871 ἀλλ’
2629 2817 2746 2888 οὐχὶ
2767 2818 2866 2888 τῆς
2893 2817 3140 2889 γνώμης,
3172 2817 3309 2871 ἀλλά
3337 2816 3435 2888 τῆς
3459 2817 3767 2887 οἰκονομίας

2192 2900 2252 2953 τὸ
2289 2900 2571 2971 γινόμενον
2609 2897 2697 2972 ἦν.
2745 2901 2916 2954 Πάλιν
2944 2902 2972 2954 6
3019 2901 3240 2970 Πέτρος,
3279 2903 3308 2954 6
3345 2901 3454 2954 τῶν
3500 2900 3766 2954 Ἰουδαίων

2191 2983 2530 3049 διδάσκαλος,
2569 2985 2663 3038 καὶ
2699 2984 2976 3056 πανταχοῦ
3007 2984 3299 3055 συγχωρῶν
3337 2983 3642 3056 περιτομὴν
3674 2985 3763 3038 καὶ

2203 3068 2501 3132 Ἰουδαῖκάς
2553 3069 2985 3139 παρατηρήσεις,
3040 3067 3128 3121 διά
3178 3067 3274 3138 τὴν
3331 3068 3617 3121 ἀσθένειαν
3658 3067 3763 3119 τῶν

2195 3152 2483 3223 μαθητῶν,
2518 3153 2704 3223 ἐπειδὴ
2743 3153 2934 3224 καιρὸν
2976 3148 3114 3205 εἶδεν
3159 3152 3568 3207 ἀπαλλάττοντα
3607 3150 3764 3205 αὐτὸν

2191 3237 2288 3306 τῆς
2325 3237 2573 3308 ἀνάγκης
2599 3236 2824 3308 ταύτης,
2865 3237 2960 3289 καὶ
2998 3237 3099 3288 οὐκ
3128 3230 3197 3306 ἦν
3225 3235 3468 3306 ἀσφαλὲς
3497 3236 3654 3307 μέχρι
3679 3251 3768 3288 το-

2193 3319 2381 3372 σούτου
2421 3319 2722 3392 κεχρῆσθαι
2754 3323 2821 3391 τῇ
2861 3318 3288 3389 συγκαταϐάσει,
3323 3317 3463 3374 ἀλλά
3485 3318 3764 3388 δογμάτων

2188 3397 2256 3472 ἦν
2287 3403 2477 3474 καιρὸς
2505 3406 2599 3457 καὶ
2621 3403 2821 3474 νόμων,
2845 3403 3077 3456 ἄκουσον
3104 3403 3158 3454 τί
3185 3419 3370 3472 φησιν.
3415 3401 3630 3471 Ἐπειδὴ
3657 3400 3764 3470 γὰρ

2189 3485 2463 3556 ἀνέϐησαν
2493 3486 2551 3553 ἐξ
2591 3485 2921 3557 Ἀντιοχείας
2958 3486 3008 3539 οἱ
3035 3486 3165 3557 περὶ
3187 3485 3398 3538 Παῦλον
3424 3485 3519 3538 καὶ
3553 3483 3766 3554 Βαρνά-

2190 3569 2312 3634 6αν,
2349 3569 2476 3642 περὶ
2503 3569 2708 3623 τούτων
2737 3569 2915 3623 αὐτῶν
2942 3568 3312 3640 μαθησόμενοι
3336 3568 3397 3621 τὸ
3428 3567 3614 3637 σαφὲς,
3640 3564 3766 3620 πολ-

2189 3653 2289 3723 λῆς
2321 3652 2601 3722 ζητήσεως
2629 3653 2950 3724 γενομένης,
2986 3653 3224 3718 ἀναστὰς
3246 3653 3274 3704 6
3307 3651 3509 3722 Πέτρος
3538 3650 3759 3717 ἐλεγενο

2193 3736 2436 3804 Ἄνδρες
2477 3736 2761 3806 ἀδελφοὶ,
2799 3735 2969 3804 ὑμεῖς
3013 3736 3340 3790 ἐπίστασθε
3383 3733 3481 3803 ἀφ’
3527 3731 3766 3802 ⁴ἡμερῶν

2189 3820 2472 3890 ἀρχαίων,
2507 3821 2588 3886 ὼς
2619 3821 2690 3874 ἐν
2717 3819 2864 3888 ἡμῖν
2903 3819 3226 3883 ἐξελέξατο
3257 3822 3289 3874 ό
3331 3818 3474 3885 Θεός
3509 3815 3764 3872 ἀκοῖσαι

2187 3902 2262 3956 τὰ
2301 3903 2446 3972 ἔθνη
2493 3902 2592 3957 διὰ
2636 3902 2743 3957 τοῦ
2793 3900 3091 3970 στόματός
3125 3919 3246 3970 μου
3283 3901 3390 3956 τὸν
3438 3903 3623 3970 λόγον
3657 3897 3764 3953 τοῦ

2184 3985 2568 4056 Εὐαγγελίου,
2596 3983 2692 4040 καί
2728 3982 3063 4038 πιστεῦσαι.
3099 3981 3231 4038 Εἶτα
3257 3985 3344 4038 ἓτε
3355 3985 3423 4056 ρά
3449 4002 3570 4040 τινα
3599 3981 3765 4036 εἰπὼν

2190 4070 2420 4142 μεταξὺ,
2445 4069 2691 4140 ἐπήγαγε
2714 4069 2908 4137 λέγων’
2944 4068 3006 4124 Τί
3026 4062 3140 4124 οὖν
3161 4067 3462 4137 πειράζετε
3486 4067 3592 4122 τόν
3614 4065 3766 4120 Θεὸν

2187 4154 2475 4209 ἐπιθεῖναι
2509 4151 2685 4220 ζυγὸν
2711 4152 2810 4204 ἐπὶ
2837 4151 2944 4205 τὸν
2973 4151 3274 4222 τράχηλον
3311 4151 3430 4204 τῶν
3463 4149 3673 4210 ἐνθῶν,
3695 4148 3770 4203 ὃν

2189 4239 2327 4292 οὔτε
2353 4241 2406 4292 οἱ
2431 4234 2679 4304 πατέρες
2699 4234 2890 4304 ἡμῶν,
2922 4237 3060 4290 οὔτε
3088 4233 3256 4305 ἡμεῖς
3282 4233 3625 4304 ἰσχύσαμεν
3649 4232 3769 4296 ,ϐα-

2187 4320 2433 4386 στάσαι;
2478 4319 2640 4374 ἀλλὰ
2686 4317 2784 4373 διὰ
2827 4319 3084 4384 πίστεως
3133 4317 3332 4385 Ἰησοῦ
3375 4313 3632 4384 Χριστοῦ
3665 4329 3765 4367 πι-

2187 4404 2480 4472 στεύομεν
2508 4400 2798 4469 σωθῆναι,
2823 4401 2896 4454 ὃν
2921 4401 3147 4468 τρόπον
3169 4397 3452 4453 κάκεῖνοι.
3489 4396 3651 4466 Ὁρᾷς
3680 4396 3767 4448 ὅτι

2184 4486 2350 4558 ήνίκα
2403 4485 2500 4556 μὲν
2545 4483 2737 4555 καιρὸς
2779 4482 3244 4550 συγκαταϐάσεως
3287 4476 3377 4552 ἦν,
3416 4480 3512 4533 καὶ
3552 4478 3768 4542 Παῦλος

2189 4567 2477 4633 ίουδάῖζεν·
2499 4567 2664 4639 ἡνίκα
2686 4566 2744 4619 δέ
2770 4566 2892 4636 οὑχλ⁸
2917 4563 3382 4634 συγκαταϐάσεως
3404 4561 3594 4634 καιρὸς
3610 4559 3762 4633 [375]

2183 4648 2272 4723 ῆν,
2297 4650 2434 4704 ἀλλά
2456 4650 2806 4721 δογματίζειν
2829 4649 2936 4702 ἔδει
2961 4649 3055 4703 καὶ
3079 4648 3408 4719 νομοθετεῖν,
3438 4649 3532 4700 καὶ
3557 4646 3768 4715 Πέτρος

2185 4735 2401 4804 ἐκείνης
2441 4734 2542 4804 τῆς
2580 4733 3046 4802 συγκαταϐάσεως
3086 4730 3457 4799 ἀπαλλαγεὶς,
3495 4727 3767 4798 εἰλικρινῆ

2184 4819 2280 4872 καὶ
2323 4816 2544 4888 καθαρά
2593 4815 2664 4869 τὰ
2712 4816 2960 4887 δόγματα
3005 4815 3374 4887 παραδίδωσιο
3420 4813 3515 4868 καὶ
3557 4811 3771 4866 τούτων

2184 4902 2491 4972 λεγομένων
2533 4902 2562 4954 6
2607 4898 2822 4964 Παῦλος
2871 4899 3086 4971 παρῆν,
3131 4900 3226 4952 καὶ
3275 4898 3470 4968 ῆκουε,
3523 4896 3618 4950 καὶ
3665 4895 3771 4966 τὴν

2185 4984 2476 5057 ἐπιστολὴν
2502 4983 2665 5047 αὐτὸς
2694 4983 3007 5053 δεξάμενος,
3040 4979 3317 5050 πανταχοῦ
3337 4979 3635 5047 διεκόμισε,
3668 4979 3770 5031 καὶ

2185 5072 2286 5124 οὐκ
2314 5069 2459 5122 ἐστιν
2488 5069 2681 5132 εἰπεῖν,
2711 5067 2785 5130 ὼς
2812 5065 2998 5136 ἠγνόει
3027 5065 3127 5136 τὴν
3156 5062 3250 5117 τοῦ
3293 5061 3594 5116 ἀποστόλου
3619 5060 3766 5128 γνώ-

2189 5171 2315 5224 μην.
2362 5151 2519 5215 Τίνος
2548 5146 2639 5204 οῦν
2668 5150 2855 5203 ἕνεκεν
2888 5147 3114 5202 τοιαῦτα
3145 5145 3367 5216 ἐγκαλεῖ
3398 5145 3528 5210 νῦν,
3559 5143 3763 5213 λέγων,

2183 5238 2266 5291 ὅτι
2289 5233 2627 5305 Φοϐούμενος
2655 5234 2781 5298 τοὺς
2811 5236 2876 5287 ἐκ
2903 5231 3241 5304 περιτομῆς;

2257 5321 2462 5376 ιδ’.”Ινα
2484 5320 2540 5373 δὲ
2569 5319 2663 5372 καὶ
2691 5318 2790 5390 τὴν
2822 5317 3064 5388 ἱστορίαν
3082 5316 3254 5386 αὐτὴν
3275 5314 3425 5385 ἴδητε
3440 5309 3591 5382 διτῶν
3607 5310 3770 5379 λεγο·

2188 5405 2387 5476 μένων,
2414 5403 2612 5475 μικρὸν
2642 5401 2849 5455 ἀνωθεν
2876 5400 3004 5470 ὑμῖν
3031 5399 3395 5468 διηγήσομαιο
3429 5393 3566 5448 ἀλλά
3591 5407 3769 5476 προσ-

2185 5472 2357 5560 έχετε,
2393 5472 2730 5558 παρακαλῶ·
2763 5484 2902 5556 πρὸς
2937 5481 3046 5554 γὰρ
3071 5481 3204 5537 αὐτὸ
3235 5481 3298 5534 τὸ
3332 5479 3494 5550 βάθος
3524 5476 3626 5545 τῆς
3668 5472 3770 5560 λύ-

2186 5557 2323 5636 σεως
2351 5557 2795 5641 κατηντήσαμεν.
2833 5566 3088 5630 Ἰάκωϐος
3115 5567 3144 5619 6
3176 5563 3413 5633 ἀδελφὸς
3427 5560 3521 5616 τοῦ
3552 5557 3772 5629 Κυρίου

2242 5678 2270 5717 b
2297 5680 2476 5728 Fronto
2501 5678 2654 5737 εἰδῆτε
2696 5673 2880 5738 legisse
2908 5675 3116 5726 videtur.
3156 5671 3416 5724 EdiLioncs
3451 5675 3506 5720 et
3536 5667 3642 5718 cod.
3669 5663 3767 5713 ’ΠΒ

2183 5746 2316 5804 ἴδητε
2336 5739 2534 5790 habent.
