4082 6212
394 290 494 344 381

394 406 583 476 inquit,
615 403 731 461 haec
749 405 1019 461 sufﬁciunt
1041 402 1105 458 ad
1127 403 1339 473 quosvis
1368 401 1525 458 etiam
1556 402 1709 471 plane
1727 401 1968 470 stupidos

391 496 828 563 conunovcndos,
855 505 912 550 ut
929 494 1211 549 humanam
1232 508 1351 548 esse
1363 492 1794 562 'prze'dieationem
1818 493 1972 547 istam

394 602 498 642 non
527 587 871 652 arbitrentur,
914 585 1012 641 sed
1042 586 1285 640 humanm
1310 594 1510 638 natura:
1542 585 1679 638 vires
1709 583 1823 638 hree
1851 599 1970 636 om-

393 680 478 734 nia
503 680 781 744 excedere,
808 678 1079 746 Deumque
1099 692 1226 732 vere
1251 675 1553 731 mutationis
1583 673 1744 728 fuisse
1772 683 1825 727 et
1844 690 1974 727 con-

391 771 650 826 versionis
696 768 1003 823 auctorem?
1047 768 1328 824 Sufﬁciunt
1370 767 1458 821 illa
1487 767 1721 835 quidem,
1756 781 1788 818 o
1817 765 1969 819 beate

389 862 574 928 Paule,
602 863 646 916 si
677 861 846 931 ipsam
865 876 1046 915 rerum
1075 871 1316 914 naturam
1343 860 1646 924 examines;
1679 859 1772 913 sed
1799 858 1967 913 Judaei

385 953 624 1006 omnium
651 961 774 1006 sunt
802 951 1116 1021 iniquissimi
1139 966 1343 1021 :neque
1367 966 1543 1004 rerum
1572 957 1811 1003 naturam
1839 963 1970 1004 exa-

385 1045 626 1109 minant,
655 1058 760 1098 non
799 1043 942 1114 quod
974 1058 1183 1113 mquam
1224 1053 1277 1098 et
1321 1043 1513 1096 rationi
1551 1053 1964 1096 consentaneum

384 1135 793 1190 eommodumve
833 1133 1193 1200 considerant,
1223 1133 1316 1188 sed
1348 1133 1399 1187 id
1428 1149 1586 1187 unum
1615 1142 1876 1202 spectant,
1907 1139 1966 1185 ut

384 1226 743 1282 contentionis
766 1225 1085 1282 desiderium
1110 1241 1262 1280 suum
1285 1225 1550 1293 expleant.
1578 1226 1726 1279 Actu
1750 1223 1963 1294 quidem

384 1322 454 1378 ad
491 1338 670 1378 rerum
713 1321 956 1378 ordinem
987 1322 1237 1392 respicis;
1273 1323 1412 1375 Deus
1440 1331 1615 1375 autem
1645 1319 1838 1374 mentis
1865 1333 1961 1374 eo-

384 1430 501 1468 rum
541 1414 687 1469 novit
731 1427 944 1468 arcana.
979 1411 1180 1468 idcirco
1205 1411 1333 1466 dicit
1375 1428 1388 1464 :
1430 1410 1597 1474 Vade,
1629 1411 1866 1482 quoniam
1895 1408 1962 1462 ad

381 1516 554 1577 gentes
581 1505 730 1576 longe
752 1513 799 1560 te
819 1505 1032 1572 mittam,
1056 1514 1113 1559 ut
1136 1505 1295 1559 etiam
1333 1503 1511 1559 odium
1547 1503 1793 1558 distantia
1821 1503 1962 1557 miti-

381 1606 556 1667 getur.

451 1687 556 1742 Cur
570 1704 670 1742 non
696 1687 922 1758 prta/igat
943 1703 1122 1740 nomen
1141 1703 1288 1741 suum
1313 1685 1507 1740 Paulus
1526 1686 1748 1755 epistola:
1762 1685 1829 1737 ad
1849 1684 1956 1738 Ile-

375 1778 556 1834 brazos.
578 1809 651 1818 —
673 1779 961 1849 Propterea
988 1794 1108 1834 eum
1135 1777 1201 1832 ad
1227 1779 1357 1832 alios
1376 1777 1590 1848 quidem
1615 1793 1801 1832 omnes
1826 1776 1958 1832 seri-

377 1870 475 1938 bit,
502 1885 695 1925 nomen
735 1885 888 1924 suum
935 1869 1276 1939 epistularum
1318 1869 1535 1924 exordio
1566 1869 1789 1937 przeligit
1830 1884 1844 1921 :
1889 1866 1957 1921 ad

375 1959 630 2016 Hebraeos
671 1969 849 2015 autem
893 1961 1108 2015 mittens
1150 1960 1349 2026 literas,
1391 1959 1522 2014 nihil
1554 1959 1657 2013 tale
1685 1958 1832 2024 fecit,
1861 1958 1955 2014 sed

373 2053 702 2123 simpliciter,
752 2068 857 2108 non
885 2056 1186 2124 exprimens
1235 2054 1353 2124 quis
1399 2062 1563 2120 esset,
1593 2053 1676 2108 vel
1707 2051 1774 2106 ad
1821 2065 1955 2122 quos

370 2147 659 2212 scriberet,
711 2155 770 2200 ut
796 2161 914 2200 mos
963 2145 1103 2200 illius
1148 2155 1297 2211 erat,
1348 2145 1418 2198 ita
1465 2144 1677 2199 demum
1708 2143 1951 2213 incepit:

371 2237 712 2309 Multifariam
733 2239 1000 2307 multisque
1027 2238 1190 2291 modis
1217 2238 1335 2290 aliut
1363 2236 1504 2290 Deus
1544 2240 1750 2306 loquens
1793 2236 1954 2306 patri-

368 2327 460 2381 bus
485 2328 672 2382 nostris
702 2327 722 2400 (
753 2327 906 2382 Hebr.
936 2328 986 2382 1.
1020 2326 1108 2399 1).
1141 2325 1207 2380 Et
1232 2343 1355 2381 vero
1381 2328 1525 2382 Pauli
1553 2327 1825 2396 sapientim
1852 2327 1952 2382 hoc

366 2416 484 2473 fuit.
517 2417 597 2473 Ne
621 2418 762 2473 enim
790 2419 842 2473 in
863 2419 1190 2473 consortium
1208 2418 1314 2472 odii
1339 2418 1504 2472 literae
1533 2418 1790 2481 venirent,
1818 2427 1951 2471 tam-

365 2524 526 2579 quam
557 2509 700 2564 larva
733 2509 961 2579 quadam
982 2552 998 2576 ,
1027 2509 1258 2564 nominis
1298 2510 1676 2579 suppressione
1712 2509 1946 2578 seipsum

363 2602 671 2667 occultans,
703 2601 774 2656 ita
802 2602 940 2656 clam
964 2601 1346 2656 cohortationis
1377 2601 1504 2670 ipsis
1528 2600 1744 2654 adhibet
1773 2600 1942 2654 medi-

361 2693 556 2747 cinam.
576 2692 706 2747 Cum
725 2693 868 2747 enim
888 2691 1011 2747 odio
1031 2693 1402 2761 prosequimur
1417 2691 1736 2761 quempiam,
1759 2707 1946 2760 quam-

362 2783 444 2838 vis
467 2783 666 2854 aliquid
691 2793 897 2838 rectum
924 2783 1064 2838 dicat
1083 2825 1099 2850 ,
1139 2800 1244 2838 non
1276 2799 1538 2853 propenso
1568 2784 1744 2839 animo
1771 2799 1942 2854 neque

356 2888 478 2929 cum
504 2874 771 2944 voluptate
801 2890 919 2944 qua:
945 2874 1013 2928 ab
1053 2890 1118 2928 eo
1151 2874 1399 2928 dicuntur
1432 2874 1724 2942 excipimus
1754 2890 1767 2926 :
1799 2873 1941 2943 quod

357 2964 528 3034 ipsum
558 2979 626 3019 ne
655 2975 762 3018 tum
789 2979 1000 3033 quoque
1028 2964 1314 3028 accideret,
1347 2979 1501 3018 suum
1524 2980 1714 3020 nomen
1737 2980 1803 3019 ex
1829 2965 1942 3032 epi-

354 3056 490 3110 Stoia
516 3056 746 3120 sustulit,
779 3066 835 3110 ut
861 3056 1066 3110 nullum
1091 3057 1332 3124 epistolae
1358 3057 1680 3126 objieeretur
1709 3058 1936 3128 impedi-

355 3157 618 3215 mentum,
641 3163 745 3218 quo
772 3149 948 3203 minus
972 3159 1152 3218 posset
1173 3149 1363 3203 audiri.
1390 3149 1572 3219 Neque
1595 3151 1736 3204 enim
1766 3150 1935 3206 Judrei

353 3249 559 3295 tantum
585 3241 675 3310 qui
697 3249 848 3296 erant
869 3239 1146 3306 increduli,
1168 3240 1263 3296 sed
1289 3249 1343 3296 ct
1368 3240 1443 3295 illi
1459 3242 1547 3312 qui
1573 3241 1930 3312 crediderant,

350 3332 576 3384 oderant
599 3344 720 3384 eum
739 3371 755 3396 ,
786 3340 842 3386 et
865 3330 1266 3386 aversabantur.
1297 3329 1428 3386 Cum
1472 3331 1633 3402 igitur
1655 3334 1931 3389 ascendis-

349 3431 434 3476 set
461 3421 864 3492 ierosolymam,
890 3422 1011 3477 audi
1039 3422 1163 3492 quid
1191 3423 1265 3477 illi
1304 3423 1534 3479 Jacobus
1562 3423 1732 3492 dicat,
1760 3435 1815 3481 et
1842 3426 1930 3481 alii

347 3525 554 3566 omnes.
589 3510 757 3579 Vides,
799 3515 975 3585 frater,
1003 3524 1120 3584 quot
1157 3515 1319 3568 millia
1355 3524 1472 3570 sunt
1495 3515 1813 3585 Iudaeorum,
1845 3519 1930 3588 qui

343 3613 700 3669 convenerunt,
741 3613 788 3659 et
815 3605 868 3658 lii
895 3621 1064 3661 omnes
1100 3608 1418 3663 annulatores
1442 3619 1558 3663 sunt
1584 3610 1725 3681 legis,
1758 3621 1805 3665 et
1836 3628 1926 3665 au-

345 3690 546 3745 dierunt
566 3693 628 3746 de
652 3702 721 3760 te,
749 3695 869 3763 quia
890 3696 1244 3750 discessionem
1270 3697 1451 3752 doceas
1471 3715 1502 3751 a
1535 3701 1642 3769 lege
1667 3699 1801 3771 (Act.
1831 3702 1923 3757 21.

341 3778 432 3836 9.0.
461 3781 574 3850 2i).
603 3781 805 3836 idcirco
834 3784 978 3837 illum
1001 3783 1225 3839 oderant
1247 3795 1300 3840 et
1324 3787 1724 3842 aversabantur.

413 3872 503 3928 12.
546 3873 669 3929 Hice
695 3874 852 3944 igitur
889 3889 1046 3930 causa
1075 3886 1156 3930 est
1191 3887 1407 3946 propter
1431 3893 1588 3948 quam
1618 3895 1723 3932 non
1753 3879 1922 3935 Judmi

341 3965 463 4021 ﬁdei
492 3967 608 4035 ejus
645 3965 834 4022 crediti
859 3977 1003 4034 sunt,
1033 3968 1126 4023 sed
1151 3969 1394 4039 gentiles.
1423 3971 1556 4024 Cum
1583 3986 1710 4025 vero
1734 3970 1922 4026 crediti

338 4055 564 4112 fuiSscnt
591 4057 728 4128 ipsi,
760 4073 865 4113 non
890 4059 999 4129 jam
1030 4061 1142 4130 pari
1171 4061 1375 4116 ratione
1399 4075 1462 4115 ac
1492 4060 1681 4116 Petrus
1704 4104 1718 4127 ,
1752 4078 1922 4134 neque

337 4147 524 4202 eadem
553 4148 634 4202 via
655 4148 950 4204 deducebat
974 4151 1094 4205 illos
1117 4151 1183 4206 ad
1209 4151 1384 4218 ﬁdem,
1405 4153 1497 4207 sed
1519 4153 1642 4209 alia.
1664 4154 1797 4210 Cum
1825 4172 1924 4212 au-

338 4245 446 4291 tem
472 4237 630 4291 aliam
673 4239 859 4304 audis,
888 4255 957 4294 ne
981 4241 1266 4295 discrimen
1298 4243 1348 4296 in
1381 4244 1757 4312 prmdicatione
1799 4261 1920 4303 esse

335 4325 631 4381 arbitreris.
656 4326 854 4382 Eadem
876 4330 1070 4400 quippe
1091 4340 1310 4402 uterque
1333 4332 1531 4388 Judzeis
1560 4345 1612 4390 ct
1631 4338 1920 4406 gentilibus

335 4415 659 4486 prmdicabat
705 4435 719 4472 :
761 4420 994 4490 exempli
1023 4437 1220 4488 causa,
1256 4423 1418 4478 Deum
1459 4440 1579 4481 esse
1606 4426 1913 4496 Christum,

333 4507 641 4563 cruciﬁxum
669 4509 832 4565 fuisse
850 4525 914 4566 ac
939 4513 1225 4583 sepultum,
1273 4527 1326 4570 et
1355 4519 1728 4584 resurrexisse,
1756 4530 1916 4591 atque

333 4600 386 4654 in
417 4600 635 4656 dextera
665 4601 839 4659 Patris
865 4604 1088 4671 sedere,
1121 4615 1232 4662 tum
1265 4607 1623 4678 judicaturum
1663 4612 1812 4667 vivos
1859 4621 1914 4669 ct

332 4703 573 4749 mortuos
591 4735 607 4762 ,
647 4703 702 4750 et
729 4712 1076 4769 qumcumque
1124 4699 1246 4754 talia
1277 4701 1475 4770 pariter
1503 4701 1696 4758 Paulus
1725 4713 1779 4759 et
1808 4705 1910 4761 Pe-

332 4792 444 4839 trus
471 4786 848 4856 prmdicabant.
875 4788 930 4845 In
955 4807 1062 4861 quo
1087 4791 1242 4862 igitur
1268 4791 1550 4850 discrimen
1578 4795 1714 4850 fuit?
1736 4796 1789 4852 ln
1815 4799 1913 4853 ob-

329 4880 631 4935 servatione
654 4881 892 4938 ciborum
911 4923 926 4949 ,
955 4884 1008 4938 in
1049 4885 1472 4953 circumcisione,
1504 4889 1555 4942 in
1585 4889 1702 4943 aliis
1728 4888 1912 4946 Judai-

329 4969 407 5024 cis
428 4971 636 5028 ritibus.
665 4972 794 5029 Nam
835 4975 1022 5031 Petrus
1059 4977 1270 5047 quidem
1300 4978 1572 5049 discipulis
1597 4981 1709 5035 suis
1737 4982 1910 5051 palam

330 5069 386 5117 et
403 5074 586 5132 aperte
610 5063 790 5122 dicere
815 5081 917 5122 non
942 5067 1168 5124 audebat
1195 5069 1263 5123 ab
1289 5069 1373 5124 his
1401 5071 1610 5140 penitus
1639 5073 1911 5129 abstinen-

328 5153 456 5208 dum
485 5169 623 5211 esse.
657 5156 925 5215 Metuebat
947 5160 1090 5215 enim
1120 5177 1188 5216 ne
1212 5160 1370 5231 forte,
1398 5163 1442 5218 si
1471 5165 1908 5221 consuetudinem

329 5245 487 5302 istam
525 5257 650 5304 ante
681 5258 888 5320 tempus
928 5253 1083 5308 vellet
1114 5254 1382 5319 evellere,
1414 5255 1569 5310 simul
1599 5256 1756 5312 etiam
1787 5273 1908 5314 cum

330 5334 434 5392 illis
448 5337 642 5392 Christi
664 5338 820 5394 ﬁdem
846 5342 1113 5409 evelleret,
1133 5359 1252 5400 cum
1275 5344 1508 5399 nondmn
1531 5361 1683 5402 mens
1700 5346 1910 5404 Judato-

328 5441 447 5480 rum
469 5427 538 5482 ob
550 5426 852 5486 diuturnam
873 5434 1210 5504 anticipatam
1234 5435 1537 5506 opinionem
1564 5437 1704 5491 circa
1734 5438 1905 5509 legem

325 5517 442 5574 base
462 5521 620 5578 verba
653 5533 834 5594 posset
860 5526 1063 5584 audire.
1093 5527 1378 5598 Propterea
1410 5528 1618 5584 sinebat
1654 5543 1747 5585 eos
1785 5530 1913 5587 bea-

325 5617 412 5665 tus
439 5609 627 5668 Petrus
644 5612 935 5684 judaizare.
962 5618 1026 5673 Et
1043 5618 1490 5688 quemadmodum
1517 5622 1748 5690 optimus
1768 5624 1909 5694 agri-

321 5699 439 5756 cola
467 5717 587 5758 cum
627 5705 776 5774 juxta
825 5719 1056 5765 veterem
1101 5709 1347 5765 arborem
1379 5719 1612 5766 teneram
1665 5717 1898 5784 plantam

1479 278 1549 335 IN
1589 282 1814 349 ILLUD,
1856 286 1923 341 ΙΝ
1966 287 2215 343 FACIEM
2257 288 2322 343 El
2371 290 2664 349 RESTITI.

3561 304 3666 361 382

2092 402 2410 470 conseverit,
2440 418 2545 458 non
2570 405 2728 461 audet
2751 417 2983 464 veterem
3005 412 3233 470 evellere
3255 416 3520 487 arborem,
3548 435 3664 476 mc-

2083 501 2237 546 tuens
2279 506 2380 559 ne,
2422 493 2689 551 radicibus
2718 497 2820 553 illis
2852 500 3048 555 avulsis
3073 544 3087 568 ,
3115 519 3251 560 nova
3281 505 3460 576 planta
3503 511 3661 567 simul

2077 585 2359 649 avellatur,
2386 585 2480 641 sed
2505 597 2779 658 eXSpectat
2802 593 2945 661 prius
2973 594 3117 650 illam
3142 609 3287 654 recte
3314 599 3492 672 deligi,
3527 612 3580 657 et
3610 605 3660 658 in

2082 683 2239 728 terra:
2287 676 2578 732 visceribus
2617 679 2824 736 radices
2848 697 3039 752 agere,
3072 694 3181 740 tum
3209 688 3401 744 deinde
3427 700 3661 748 veterem

2077 767 2410 822 conﬁdenter
2428 769 2625 836 evellit,
2655 775 2952 844 nequejam
2979 776 3045 832 de
3069 779 3242 849 planta
3271 783 3481 842 novella
3508 789 3661 857 quid-

2077 874 2235 928 quam
2265 859 2415 914 timet
2453 876 2464 913 :
2499 863 2578 917 sic
2608 864 2855 920 nimirum
2889 878 2942 923 et
2978 870 3165 927 beatus
3199 873 3386 932 Petrus
3421 880 3606 949 agebat
3641 898 3655 935 :

2074 958 2262 1001 recens
2288 950 2572 1018 plantatam
2590 954 2746 1010 ﬁdem
2771 967 2912 1014 recte
2931 960 3087 1032 deﬁgi
3111 964 3162 1019 in
3182 967 3479 1023 auditorum
3505 987 3662 1027 men-

2075 1035 2216 1091 tibus
2242 1040 2481 1108 sinebat,
2515 1053 2572 1098 ut
2593 1060 2712 1100 eum
2743 1049 2876 1104 altas
2911 1052 3114 1108 radices
3143 1058 3359 1128 egisset,
3386 1065 3656 1118 conliden-

2075 1134 2158 1182 ter
2195 1128 2387 1187 deinde
2415 1133 2686 1190 Judaicam
2723 1153 2936 1195 omnem
2965 1145 3304 1216 anticipatam
3348 1138 3651 1222 opinionem

2073 1218 2410 1288 exstirparct.
2457 1223 2559 1278 Sed
2587 1242 2690 1281 non
2725 1229 2792 1282 ita
2823 1229 3038 1301 Paulus,
3091 1237 3178 1306 qui
3220 1242 3363 1295 omni
3386 1218 3650 1312 ejusmodi

2070 1310 2386 1367 necessitate
2412 1313 2668 1371 liberatus
2691 1322 2980 1394 erat,dnm
3010 1329 3291 1394 gentilibus
3321 1310 3650 1405 prwdiearet,

2070 1398 2158 1467 qui
2188 1399 2318 1470 legis
2345 1405 2571 1459 necdum
2599 1409 2888 1480 participes
2920 1413 3039 1470 facti
3079 1429 3250 1484 erant,
3286 1398 3455 1495 neque
3473 1398 3652 1481 Judai;

2069 1504 2160 1546 Cas
2207 1493 2606 1552 observationes
2647 1501 2976 1560 audiverant.
3028 1507 3143 1564 Non
3185 1493 3326 1568 enim
3370 1513 3491 1571 illos
3536 1505 3651 1575 iure

2067 1583 2260 1652 egisse,
2289 1589 2426 1656 quod
2457 1589 2556 1644 sibi
2599 1593 2818 1648 invicem
2860 1609 3041 1654 essent
3070 1607 3356 1674 contrarii,
3385 1610 3480 1664 sed
3509 1613 3647 1680 quod

2067 1675 2446 1746 discipulorum
2492 1682 2840 1742 imbecillitati
2881 1705 2941 1746 se
2993 1702 3427 1766 attemperarcnt,
3473 1675 3538 1757 es
3583 1721 3648 1758 en

2065 1767 2317 1838 colligere
2347 1771 2491 1840 licet,
2516 1777 2655 1844 quod
2679 1778 2896 1834 Paulum
2921 1783 3016 1837 ista
3040 1802 3143 1840 non
3169 1790 3323 1844 aliter
3341 1807 3403 1846 ac
3431 1794 3645 1850 Petrum

2063 1861 2371 1926 permittere
2398 1864 2699 1934 videamus,
2735 1887 2907 1941 neque
2939 1879 3244 1944 permittere
3272 1891 3471 1939 tantum
3492 1927 3507 1949 ,
3550 1889 3644 1943 sed

2064 1947 2222 2003 etiam
2251 1951 2420 2021 ipsum
2443 1961 2734 2026 cooperari,
2761 1977 2822 2016 ac
2848 1964 3062 2021 Petrum
3090 1985 3274 2026 rursus
3299 1976 3538 2031 eamdem
3574 1980 3607 2033 Ii
3625 2011 3642 2021 -

2062 2039 2322 2140 bertatem
2368 2049 2611 2115 sancire,
2661 2070 2816 2122 quam
2869 2058 3062 2115 Paulus
3110 2066 3354 2123 onmibns
3400 2072 3645 2140 gentibus

2061 2132 2405 2232 prazdicabat.
2433 2136 2537 2194 Sed
2576 2142 2665 2196 ubi
2695 2145 2933 2212 tandem,
2964 2150 3165 2222 inquit,
3196 2155 3332 2212 istud
3361 2132 3642 2234 uirumque

2059 2222 2184 2277 licet
2211 2225 2432 2283 videre?
2465 2229 2518 2284 in
2552 2232 2678 2302 ipsis
2704 2235 3070 2311 Jerosolymis.
3103 2245 3201 2301 ilic
3233 2250 3376 2305 enim
3406 2261 3460 2307 et
3483 2222 3642 2324 caput

2062 2316 2214 2417 rasit,
2247 2327 2300 2373 et
2327 2322 2659 2389 sacriﬁcavit,
2689 2337 2743 2382 et
2766 2333 3237 2394 sanetiﬁcatiouem
3262 2344 3482 2412 perfecit
3507 2316 3638 2418 gen-

2059 2406 2188 2461 tium
2228 2409 2430 2467 doctor.
2466 2415 2574 2471 Hoc
2599 2419 2847 2475 nimirum
2880 2432 3086 2496 tempus
3118 2406 3380 2502 exigebat,
3414 2446 3467 2492 et
3495 2406 3635 2508 quod

2056 2501 2206 2556 multi
2233 2503 2482 2601 adessent
2508 2508 2697 2565 Judzni.
2736 2511 2885 2570 Vides
2898 2518 3070 2585 enim,
3091 2520 3280 2592 inquit,
3305 2529 3482 2596 frater,
3512 2501 3636 2601 quot

2054 2591 2215 2644 millia
2234 2591 2352 2648 sunt
2378 2596 2675 2653 Jadtcorum
2702 2603 2792 2671 qui
2816 2591 3179 2678 convenerunt,
3199 2623 3246 2666 et
3273 2591 3544 2673 audierunt
3573 2622 3637 2676 de

2052 2689 2119 2750 te,
2152 2684 2270 2752 quia
2303 2686 2854 2752 discessionemdoceas
2873 2715 2905 2752 a
2926 2698 3180 2772 lege(Act.
3203 2701 3293 2758 91.
3323 2705 3414 2762 20.
3443 2709 3556 2780 21).

2125 2775 2210 2829 15.
2253 2775 2346 2832 Ille
2389 2779 2568 2851 itaque
2592 2796 2712 2838 eum
2751 2787 3181 2848 condescendere
3217 2775 3638 2871 cogeretur,jno

2049 2861 2290 2920 daizabat
2327 2885 2340 2919 :
2385 2870 2479 2924 sed
2524 2888 2629 2926 non
2654 2874 2764 2942 jam
2804 2893 2868 2931 ex
2898 2881 3058 2934 animi
3089 2885 3168 2937 sui
3198 2891 3457 2944 sententia
3479 2933 3494 2958 ,
3537 2861 3629 2950 sed

2047 2955 2336 3011 secundum
2377 2958 2824 3029 dispensationem
2874 2969 2926 3022 id
2969 2973 3177 3041 agebat.
3208 2977 3396 3036 Petrus
3444 2955 3629 3042 rursus

2044 3046 2348 3106 Judaeorum
2380 3054 2585 3123 doctor,
2631 3068 2685 3114 et
2721 3062 2812 3132 qui
2842 3064 3301 3128 circumcisionem
3344 3078 3538 3148 ubique
3565 3097 3628 3139 ac

2043 3141 2288 3200 Judaicas
2313 3147 2711 3208 observationes
2752 3157 3121 3228 permittebat,
3150 3177 3366 3235 propter
3391 3141 3626 3242 discipu-

2042 3234 2214 3292 lorum
2239 3238 2597 3297 inﬁrmitatem
2623 3286 2637 3312 ,
2669 3248 2919 3316 quoniam
2969 3261 3175 3323 tempus
3216 3234 3428 3316 videbat
3453 3234 3623 3321 se'ab

2041 3328 2142 3384 hac
2164 3333 2480 3388 necessitate
2509 3335 2783 3406 liberasse,
2834 3357 3007 3413 neque
3051 3354 3218 3402 tutum
3262 3360 3377 3406 erat
3420 3357 3618 3412 tamdiu

2039 3421 2114 3476 illi
2145 3424 2581 3482 condescensioni
2610 3431 2884 3502 indulgere
2903 3477 2917 3500 ,
2949 3437 3046 3491 sed
3075 3438 3381 3509 dogmatum
3415 3454 3621 3520 tempus

2037 3521 2152 3568 erat
2171 3515 2410 3586 etiegum
2445 3536 2458 3572 :
2481 3519 2600 3574 audi
2627 3522 2752 3591 quid
2771 3524 2982 3583 dixerit.
3009 3527 3137 3583 Nam
3164 3535 3410 3602 quoniam
3436 3515 3621 3596 ascen-

2036 3605 2225 3662 derant
2253 3624 2317 3663 ex
2348 3610 2630 3668 Antiochia
2660 3614 2854 3672 Paulus
2873 3627 2927 3672 et
2954 3619 3240 3689 Barnabas,
3276 3638 3331 3680 ut
3357 3631 3480 3698 quid
3503 3648 3619 3688 cer-

2037 3707 2146 3754 tum
2178 3695 2320 3756 esSet
2347 3702 2647 3761 ediscerent
2673 3724 2688 3760 :
2720 3725 2840 3764 cum
2870 3713 3032 3768 multa
3058 3726 3204 3772 esset
3227 3729 3342 3774 orla
3371 3695 3616 3792 quaestio,

2033 3804 2256 3860 surgens
2299 3794 2487 3850 Petrus
2511 3797 2644 3852 dixit
2671 3816 2685 3851 :
2727 3799 2837 3854 Viri
2862 3807 3066 3872 fratres,
3099 3824 3184 3862 ros
3202 3812 3360 3879 scitis,
3383 3818 3618 3883 quoniam

2033 3881 2099 3930 ab
2141 3882 2360 3950 antiquis
2393 3884 2569 3939 diebus
2601 3887 2738 3941 Deus
2766 3891 2819 3942 in
2863 3895 3008 3948 nobis
3035 3897 3202 3967 elegit,
3234 3919 3323 3969 per
3353 3881 3409 3958 os
3454 3924 3619 3977 nicum

2031 3968 2211 4022 audire
2233 3980 2407 4039 gentes
2434 3974 2635 4028 verbum
2660 3981 2926 4049 evangelii,
2955 3993 3000 4036 et
3020 3968 3390 4060 crederelAct.
3421 3972 3613 4067 15.’7).

2033 4056 2233 4115 Deinde
2253 4075 2373 4116 cum
2409 4063 2510 4118 alia
2553 4065 2827 4137 interjecta
2866 4071 3108 4143 dixisset,
3155 4056 3397 4150 adjunxit
3430 4102 3445 4140 :
3480 4056 3616 4153 Quid

2031 4166 2148 4221 ergo
2170 4154 2370 4208 tentatis
2391 4154 2554 4210 Deum
2574 4159 2832 4230 imponere
2847 4165 3034 4236 jugum
3057 4186 3208 4239 super
3247 4175 3460 4232 cervices
3491 4199 3614 4250 geu-

2028 4244 2173 4310 tium,
2197 4248 2332 4316 quod
2356 4265 2515 4318 neque
2535 4262 2702 4321 patres
2727 4258 2906 4323 nostri,
2934 4276 3090 4330 neque
3111 4281 3202 4319 nos
3229 4279 3432 4335 portare
3444 4244 3612 4342 potui-

2030 4338 2188 4391 mus?
2232 4340 2324 4393 sed
2378 4357 2468 4410 per
2505 4342 2659 4411 ﬁdem
2702 4345 2827 4401 Jesu
2874 4348 3060 4406 Christi
3105 4359 3354 4414 credimus
3401 4338 3608 4432 salvari,

2026 4430 2450 4498 quemadmodum
2483 4445 2529 4488 et
2558 4435 2635 4488 illi
2664 4435 2771 4505 (Ib.
2807 4455 2854 4492 υ.
2889 4440 2978 4497 10.
3023 4443 3136 4514 11).
3166 4447 3321 4503 Vides
3353 4459 3461 4508 tum
3487 4430 3608 4524 qui;

2026 4521 2149 4578 dem
2172 4538 2294 4578 cum
2324 4535 2531 4596 tempus
2558 4538 2700 4584 esset
2726 4531 3088 4603 indulgentize,
3119 4547 3173 4593 et
3197 4541 3419 4598 Paulum
3433 4521 3606 4614 judai-

2025 4629 2175 4670 zasse
2193 4656 2208 4681 ,
2240 4631 2362 4672 cum
2393 4633 2518 4674 vero
2547 4628 2753 4691 tempus
2796 4626 3264 4688 eondesecnsionis
3293 4649 3398 4690 non
3427 4653 3564 4693 esset
3588 4683 3600 4704 ,

2025 4717 2207 4760 verum
2238 4706 2480 4778 dogmata
2512 4714 2804 4783 spargenda
2836 4727 3036 4786 essent,
3063 4729 3118 4774 et
3141 4724 3426 4780 sancienda
3450 4744 3602 4783 man-

2031 4793 2177 4861 data,
2205 4793 2426 4850 Petrum
2453 4798 2524 4853 ab
2555 4799 2648 4855 illa
2679 4801 3146 4863 condescensione
3176 4809 3467 4868 liberatum
3492 4815 3606 4870 sin-

2027 4897 2154 4936 cera
2191 4895 2436 4955 puraque
2481 4887 2734 4960 dogmata
2765 4891 3074 4951 tradidisse.
3108 4899 3287 4970 Atque
3325 4883 3442 4958 hinc
3476 4918 3600 4960 cmn

2025 4971 2362 5042 dicerentur,
2396 4976 2594 5036 Paulus
2630 4982 2922 5048 intererat.
2966 4996 3022 5042 et
3051 4990 3324 5055 audiebat.
3362 5003 3416 5050 et
3443 5011 3603 5054 acce-

2023 5068 2171 5130 ptant
2221 5065 2508 5133 epistolam
2559 5072 2754 5140 quovis
2796 5077 3038 5145 gentium
3085 5079 3384 5148 deferebat,
3420 5102 3599 5157 neque

2017 5151 2123 5206 dici
2156 5163 2334 5224 potest
2363 5172 2486 5214 eum
2511 5165 2742 5232 apostoli
2765 5178 2996 5224 mentem
3027 5170 3328 5240 ignorasse.
3358 5177 3472 5232 Cur
3503 5151 3604 5250 igi-

2021 5245 2111 5293 tur
2158 5257 2304 5298 nunc
2346 5259 2470 5301 eum
2514 5253 3135 5320 reprehendit,'dicens
3175 5277 3298 5318 eum
3349 5245 3600 5326 timuisse

2017 5329 2141 5426 illos
2173 5333 2272 5426 qui
2295 5350 2361 5389 ex
2397 5337 2818 5400 circumcisione
2839 5355 2996 5402 erant
3023 5347 3169 5419 (Gal.
3199 5351 3254 5408 2.
3291 5355 3419 5426 52)?

2082 5420 2170 5476 14.
2203 5423 2500 5483 Historiam
2519 5432 2679 5500 paulo
2702 5435 2868 5492 altius
2897 5443 3100 5508 repetit.
3130 5420 3409 5502 Gentiliter
3429 5452 3595 5508 vivere

2017 5529 2140 5600 quid
2165 5529 2251 5584 sit.
2276 5559 2350 5572 —
2379 5529 2447 5586 Ut
2470 5540 2647 5588 autem
2692 5547 2880 5590 eorum
2907 5551 3027 5607 qua:
3050 5537 3299 5596 dicuntur
3325 5541 3602 5605 historiam

2018 5621 2372 5691 cognoscatis,
2395 5623 2555 5692 paulo
2581 5624 2741 5681 altius
2780 5625 2922 5680 illaut
2949 5643 3174 5686 exorsus
3200 5635 3464 5704 narrabo;
3505 5642 3600 5694 sed

2020 5713 2276 5770 attendite
2296 5755 2312 5780 ,
2347 5729 2530 5783 qumso
2560 5732 2574 5768 :
2618 5717 2729 5786 jam
2754 5717 2897 5774 enim
2941 5721 3006 5775 ad
3037 5725 3398 5792 penitissimas
3425 5743 3597 5801 partes
