4082 6212
454 254 558 308 585

450 364 790 435 pervenimus
829 360 1162 435 quaestionis.
1208 359 1438 416 Jacobus
1478 358 1642 414 frater
1672 355 1879 412 Domini
1917 363 2028 408 tnnt

449 459 601 514 initio
624 457 884 514 Ecclesia:
913 453 1372 524 Jerosolymitaua:
1396 459 1512 506 erat
1536 449 1837 520 episcopus,
1865 456 1917 502 et
1940 445 2037 501 Ju-

448 549 580 604 daeis
601 557 827 619 praeerat
848 546 1094 602 omnibus
1118 545 1207 614 qui
1227 543 1584 598 crediderant.
1609 540 1812 596 Accidit
1836 549 2034 608 autem,

447 649 506 695 ut
532 648 711 694 essent
740 637 1038 695 Antiochia:
1063 650 1276 707 quoque
1301 634 1470 689 ,ἰυόωὶ
1492 676 1508 701 ,
1554 633 1646 703 (ιυί
1673 649 1796 687 cum
1826 632 2035 687 Christo

445 730 818 798 credidissent,
845 745 910 784 eo
940 728 1082 798 quod
1105 727 1288 798 procul
1316 727 1564 780 abessent
1589 709 1656 778 ab
1678 723 2032 794 Jerosolyma,

447 821 792 892 viderentque
819 822 1016 876 multos
1041 821 1130 890 qui
1158 817 1498 874 crediderant
1534 831 1602 870 ex
1633 815 1877 886 gentibus
1904 828 2034 868 con-

446 912 674 968 fidenter
721 923 776 968 ct
813 912 1012 982 absque
1058 910 1298 966 Judaicis
1339 907 1802 963 observationibus
1828 905 2030 969 vivere,

441 1002 642 1060 sensim
673 1017 736 1058 ac
768 1001 1020 1074 paulatim
1061 1001 1460 1066 inducerentur,
1502 1008 1613 1052 uta
1642 995 1859 1051 Judaica
1901 1009 2032 1048 con—

437 1093 725 1150 suetudine
748 1095 1096 1159 abstinerent,
1129 1102 1182 1147 ct
1210 1107 1393 1162 puram
1421 1091 1742 1160 minimeque
1767 1088 2036 1143 adultera-

439 1197 546 1241 tam
581 1187 702 1241 fidei
730 1185 1027 1241 doctrinam
1056 1186 1369 1239 retinerent.
1412 1183 1543 1237 Cum
1575 1196 1702 1250 ergo
1728 1179 2036 1236 descendis-

437 1287 522 1332 set
541 1278 765 1342 «Petrus,
793 1290 846 1333 et
869 1277 1076 1332 nullam
1109 1290 1230 1330 esse
1251 1272 1718 1329 condescensionis
1745 1273 2035 1326 necessita-

440 1378 548 1424 tem
587 1368 831 1433 videret,
872 1368 1143 1438 gentiliter
1171 1365 1422 1431 deinceps
1451 1363 1680 1418 vivebat.
1718 1362 1829 1416 lloc
1855 1371 2031 1416 autent

442 1459 679 1528 appellat
700 1459 972 1530 gentiliter
1004 1459 1185 1512 vivere
1214 1457 1438 1519 Paulus,
1483 1454 1682 1524 absque
1709 1452 1926 1508 Judaica
1955 1453 2034 1506 vi-

442 1566 567 1607 vere
589 1552 994 1618 observatione,
1017 1551 1147 1606 nihil
1170 1567 1233 1605 ex
1254 1551 1359 1604 illis
1378 1549 1510 1620 legis
1528 1549 1717 1603 ritibus
1737 1547 2028 1614 custodire,

439 1646 667 1715 exempli
693 1659 851 1700 causa
873 1686 888 1711 ,
911 1644 1371 1700 circumcisionent
1391 1683 1406 1709 ,
1434 1641 1710 1697 sabbatum
1731 1683 1746 1708 ,
1770 1642 1852 1696 vel
1874 1641 2031 1712 quid-

443 1737 582 1806 piam
623 1737 907 1807 ejusmodi.
949 1735 1082 1790 Cum
1128 1735 1287 1806 igitur
1331 1735 1520 1790 Petrus
1567 1734 1638 1788 ita
1686 1733 1908 1800 viveret,
1938 1733 2034 1788 de.

437 1827 761 1882 scendcruut
785 1828 998 1898 quidam
1024 1843 1052 1880 a
1079 1827 1279 1882 Jacobo
1308 1825 1500 1892 Juda-i,
1532 1824 1632 1879 hoc
1659 1835 1742 1880 cst
1768 1840 1838 1880 es
1869 1823 2029 1880 loro-

438 1917 666 1989 solyma,
694 1918 805 1989 qui,
838 1917 978 1988 quod
999 1917 1049 1971 in
1074 1916 1354 1986 metropoli
1375 1930 1587 1984 semper
1606 1916 1801 1971 versati
1825 1924 2027 1982 essent,

443 2021 615 2077 neque
643 2023 960 2077 quemquam
987 2006 1244 2061 vidissent
1272 2006 1343 2059 ita
1373 2006 1660 2069 viventem,
1683 2005 1858 2060 adhuc
1885 2005 2028 2059 anti-

439 2097 668 2166 cipatam
678 2097 835 2151 illam
852 2096 878 2152 J
887 2096 1125 2150 udaicatn
1149 2095 1452 2165 opinionem
1472 2095 1787 2160 retinebant,
1811 2095 2030 2150 multas-

441 2205 546 2260 que
563 2205 628 2243 ex
651 2188 1114 2243 observationibus
1135 2187 1238 2240 illis
1257 2202 1438 2242 secum
1460 2186 1755 2240 trahebant.
1780 2185 1891 2241 Hos
1906 2202 2026 2240 cum

440 2280 662 2336 vidisset
685 2280 872 2336 Petrus
891 2321 906 2345 ,
934 2279 1022 2350 qui
1070 2295 1101 2335 a
1145 2278 1344 2335 Jacobo
1370 2287 1424 2333 et
1451 2278 1781 2350 Jerosolyma
1807 2277 2029 2334 desccn-

434 2375 645 2442 derant,
675 2374 763 2444 qtti
792 2373 968 2429 adhuc
1003 2373 1201 2429 infirmi
1227 2382 1399 2439 erant,
1433 2373 1750 2442 timeretque
1775 2387 1843 2428 ne
1869 2387 2027 2427 scan-

437 2465 617 2521 dalum
652 2467 792 2536 passi
820 2482 849 2518 a
883 2465 986 2520 fide
1024 2465 1327 2530 resilireut,
1367 2473 1598 2518 mutatus
1623 2472 1703 2518 est
1729 2479 1932 2528 rursus,
1973 2473 2026 2518 et

435 2560 636 2614 omissa
675 2558 862 2630 gentili
890 2558 1010 2613 vita:
1039 2558 1264 2622 ratione,
1305 2556 1372 2611 ad
1405 2557 1635 2627 priorem
1667 2555 1826 2611 rediit
1854 2554 2027 2609 indul-

431 2653 665 2721 gentiam
692 2691 708 2717 ,
739 2661 794 2705 et
830 2651 1070 2705 ciborum
1102 2649 1502 2704 observationes
1530 2647 1837 2703 custodivit.
1867 2645 2020 2701 lllum

435 2760 564 2816 ergo
583 2743 753 2800 Judaei
778 2759 900 2800 cum
923 2744 1195 2809 vidissent,
1225 2744 1314 2814 qui
1337 2743 1632 2799 Antiochia:
1652 2742 2023 2808 versabantur,

436 2836 488 2889 id
513 2845 778 2907 agentem,
802 2850 974 2906 neque
995 2845 1225 2890 mentem
1247 2836 1366 2904 ejus
1387 2843 1718 2904 perspectam
1741 2833 2022 2900 haberent,

434 2941 540 2997 qua
571 2925 622 2982 id
649 2926 858 2996 agebat,
889 2926 1102 2981 abducti
1130 2935 1254 2980 sunt
1279 2934 1335 2980 et
1363 2926 1484 2996 ipsi,
1513 2941 1576 2981 ac
1605 2934 1822 2996 prepter
1851 2925 2022 2996 magi-

432 3026 604 3073 strum
629 3017 902 3088 judaizare
919 3016 1262 3087 cogebantur.
1288 3018 1461 3087 Atque
1501 3015 1602 3072 hoc
1631 3027 1733 3082 est,
1763 3017 1904 3087 quod
1930 3031 2020 3072 re-

432 3107 714 3179 prehendit
740 3107 970 3163 Paulus:
997 3119 1052 3162 ut
1071 3118 1250 3163 autem
1278 3108 1473 3163 clarius
1501 3107 1589 3162 fiat
1610 3107 1750 3178 quod
1772 3108 2018 3177 dicimus,

433 3201 548 3270 ipsa
579 3200 729 3255 vobis
747 3200 1048 3271 apostolica
1075 3199 1234 3254 verba
1263 3199 1498 3254 recitabo
1531 3215 1546 3252 :
1575 3197 1701 3252 Cum
1737 3211 1905 3254 autem
1939 3216 2022 3253 ve-

430 3292 582 3346 nisset
637 3289 818 3346 Petrus
867 3291 1222 3354 Antiochiam,
1277 3291 1330 3345 in
1380 3291 1563 3361 faciem
1593 3293 1636 3344 ei
1673 3293 1853 3358 restiti,
1903 3293 2021 3363 quia

428 3384 831 3457 repreltensibilis
883 3395 1010 3440 erat.
1053 3383 1215 3439 xPrius
1252 3386 1391 3438 enim
1442 3401 1594 3455 quant
1636 3388 1857 3439 venirent
1910 3386 2021 3455 qui-

428 3479 545 3530 dam
595 3493 628 3529 a
675 3476 903 3543 Jacobo,
952 3476 1054 3531 hoc
1091 3485 1174 3532 est
1214 3475 1596 3548 Jerosolymis,
1625 3493 1741 3530 cum
1790 3476 2021 3548 gentibus

428 3568 622 3634 edebat,
661 3568 763 3622 hoc
785 3577 867 3623 est
891 3583 1010 3623 cum
1039 3569 1104 3622 iis
1131 3570 1219 3638 qui
1244 3577 1396 3623 erant
1421 3569 1736 3622 Αιιῑὶοεὶιίιε.
1766 3569 1892 3622 Cum
1923 3585 2022 3622 au-

429 3672 526 3716 tem
555 3661 803 3714 venissent
831 3660 1040 3730 quidam
1066 3657 1422 3728 Jerosolymis,
1448 3659 1598 3728 periti
1625 3659 1756 3728 legis
1776 3699 1795 3724 ,
1821 3659 2022 3712 subtra-

428 3752 577 3806 hebat
601 3761 648 3806 et
672 3749 967 3824 segregabat
988 3768 1041 3804 se
1066 3749 1275 3809 Petrus,
1317 3751 1495 3804 timens
1517 3766 1600 3804 eos
1620 3751 1704 3821 qui
1726 3767 1787 3804 ea:
1805 3750 2022 3804 circum-

426 3844 618 3897 cisione
657 3851 820 3897 erant.
853 3842 1160 3910 Quasnam?
1200 3841 1304 3897 Eos
1333 3841 1422 3912 qui
1451 3857 1478 3894 a
1504 3840 1703 3896 Jacobo
1728 3839 2021 3898 descende-

427 3943 584 4000 rant;
629 3932 699 3988 Et
736 3934 1113 3988 abducebantur
1153 3949 1268 3987 cum
1296 3949 1353 3987 eo
1381 3934 1546 3988 caueri
1573 3931 1766 3988 λιιάωί.
1793 3932 2018 4001 Quinam

427 4025 597 4080 Judaei
620 4025 644 4079 ’ἴ
664 4025 787 4094 Qui,
806 4026 1111 4096 priusquam
1134 4023 1570 4095 Jerosolytnitaui
1592 4023 2015 4090 descendissent,

382 4126 389 4132 ’
425 4118 724 4176 Antiochia:
751 4117 1030 4189 degebant,
1059 4132 1159 4172 nec
1187 4117 1348 4171 ullam
1375 4117 1801 4171 observationem
1829 4116 2017 4171 Judai-

427 4228 546 4268 eam
572 4211 948 4267 custodiebant
975 4226 990 4263 :
1024 4209 1108 4264 Ita
1127 4219 1178 4264 ut
1199 4219 1245 4262 et
1285 4208 1547 4264 Barnabas
1577 4208 1842 4262 duceretur
1864 4208 1925 4262 ab
1945 4209 2018 4263 eis

425 4309 477 4362 in
503 4307 650 4362 illaut
665 4305 1063 4362 simulationem.
1087 4307 1261 4377 Atque
1285 4303 1400 4358 lucc
1419 4303 1632 4374 quidem
1659 4313 1758 4369 est,
1783 4320 1900 4375 qua:
1920 4319 2017 4374 ap-

429 4410 586 4471 paret
611 4400 984 4472 reprehensio.

498 4495 587 4551 45.
628 4493 856 4549 Aliorum
905 4492 1243 4565 quorumdam
1273 4490 1576 4547 solutionem
1628 4488 1903 4560 praemittit.
1946 4517 2018 4529 -—

427 4585 595 4641 Porro
622 4586 666 4640 si
691 4585 837 4641 lubet
860 4625 878 4652 ,
907 4584 1234 4655 excogitatas
1256 4575 1420 4640 etiam
1442 4583 1510 4638 ab
1532 4582 1654 4637 aliis
1680 4579 2020 4637 defensiones

428 4676 518 4730 ubi
548 4676 720 4746 primo
745 4676 863 4732 loco
892 4690 1120 4747 posuero
1143 4715 1158 4740 ,
1191 4684 1300 4732 tum
1333 4690 1504 4730 meam
1547 4690 1761 4745 quoque
1798 4683 2017 4728 senten-

428 4768 557 4822 tiam
585 4766 822 4824 conabor
841 4782 1158 4837 expromere
1182 4808 1200 4834 ,
1225 4767 1482 4837 vobisque
1493 4765 1683 4820 faciam
1709 4765 1980 4836 optionem
2000 4805 2015 4830 ,

428 4871 487 4914 ut
514 4875 578 4916 es
607 4860 692 4927 iis,
724 4874 841 4930 qua:
870 4858 1011 4915 dicta
1041 4857 1258 4926 fuerint,
1277 4858 1418 4930 quod
1443 4857 1774 4927 potissimum
1794 4857 2015 4928 placeat,

429 4949 656 5021 eligatis.
696 4949 812 5016 Quo
838 4948 995 5019 igitur
1031 4959 1185 5019 pacto
1221 4948 1463 5004 nonnulli
1506 4947 1644 5003 bane
1669 4947 2017 5018 quaestionem

437 5041 748 5098 solverunt?
776 5040 893 5097 Non
919 5051 1038 5097 erat
1063 5040 1149 5096 hic
1175 5041 1385 5108 Petrus,
1412 5040 1676 5110 inquiunt,
1701 5039 1791 5094 ille
1815 5039 2019 5111 primus

429 5135 816 5206 apostolorum,
842 5135 927 5189 cui
956 5133 1172 5188 fuerunt
1207 5147 1336 5188 oves
1359 5146 1388 5186 a
1409 5130 1619 5186 Christo
1643 5130 1860 5188 credita:
1877 5170 1894 5195 ,
1923 5129 2020 5186 sed

434 5226 572 5283 alius
612 5226 874 5297 quispiam
931 5226 1052 5280 vilis
1089 5233 1145 5280 et
1173 5223 1433 5295 abjectus,
1476 5232 1532 5279 et
1576 5238 1713 5278 unus
1760 5237 1792 5277 e
1836 5221 2014 5290 vulgo.

437 5316 589 5373 Unde
618 5318 670 5373 id
690 5317 938 5373 constat?
967 5318 1333 5373 Cumczeteros
1347 5315 1562 5372 Iudaeos
1580 5312 1836 5368 abductos
1859 5311 2021 5366 fuisse

430 5423 553 5464 cum
585 5408 678 5464 illo
716 5409 956 5476 dixisset,
983 5407 1217 5477 adjecit,
1259 5407 1523 5478 inquiunt,
1549 5403 1638 5459 Ita
1665 5413 1718 5458 ut
1747 5413 1793 5458 et
1822 5401 2022 5458 Barna-

433 5503 521 5555 bas
562 5503 826 5557 duceretur
867 5519 982 5556 cum
1026 5502 1096 5556 eis
1137 5501 1192 5554 iu
1240 5500 1384 5554 illaut
1433 5497 1825 5552 simulationem.
1867 5495 2020 5562 Quod

437 5602 612 5647 autem
639 5591 792 5658 dixit,
823 5593 908 5647 Ita
942 5604 994 5648 ut
1021 5604 1066 5648 et
1091 5591 1384 5656 Barnabas,
1415 5590 1614 5646 iudicat
1644 5588 1809 5644 multo
1851 5588 2018 5643 fuisse

434 5680 724 5740 mirabilius
769 5683 918 5752 illud,
969 5699 1126 5755 quam
1168 5684 1381 5741 Petrum
1429 5681 1712 5739 abductum
1753 5695 1890 5736 esse.
1931 5679 2020 5732 Sic

1217 242 1273 298 S.
1316 241 1593 300 JOANNIS
1630 236 2100 298 CHRYSOSTOMI
2138 238 2455 298 ARCIIIEP.
2498 242 3031 300 CONSTANTINOP.

3634 247 3742 303 331

2143 357 2286 410 enim
2315 357 2566 428 loquutus
2591 369 2694 425 est,
2725 370 2783 414 ut
2805 358 3219 432 majorcmillum
3236 372 3459 416 censere
3473 360 3744 426 videatur,

2141 445 2255 501 Non
2288 449 2444 503 modo
2474 447 2689 517 Petrus,
2716 453 2956 522 inquiens
2981 494 2996 518 ,
3025 451 3117 506 sed
3161 461 3213 506 ct
3245 451 3516 509 Barnabas
3549 473 3563 509 :
3590 460 3743 525 atqui

2143 540 2414 596 Barnabas
2468 542 2624 598 Petro
2671 544 2760 598 illo
2815 543 2982 614 major
3032 560 3137 599 non
3167 553 3300 599 erat.
3346 545 3732 601 Verumtamen

2141 648 2246 688 non
2277 633 2345 687 ita
2375 650 2432 689 se
2463 651 2547 690 res
2581 635 2738 690 habet
2759 678 2772 698 ,
2807 637 2961 706 plane
2991 637 3058 690 ita
3104 651 3162 691 se
3191 652 3296 692 non
3315 621 3509 694 liabet.
3548 639 3740 710 Neque

2140 726 2281 779 enim
2327 743 2392 780 eo
2421 728 2560 797 quod
2595 728 2863 782 Barnabas
2903 726 3074 795 major
3099 741 3278 793 esset,
3337 729 3456 784 ideo
3505 731 3735 786 miratur

2141 817 2307 885 magis
2338 833 2352 870 :
2383 817 2475 872 sed
2529 835 2687 889 quant
2732 818 2802 872 ob
2848 819 3287 887 causamiQuod
3341 822 3588 878 nimirum
3641 826 3739 880 ille

2139 909 2355 978 quidem
2385 910 2434 964 in
2461 911 2918 966 circumcisionent
2951 912 3145 965 missus
3175 922 3336 979 esset,
3369 922 3422 967 at
3463 915 3740 971 Barnabas

2140 1017 2262 1056 cum
2296 1002 2458 1058 Paulo
2485 1005 2728 1073 gentibus
2755 1003 3089 1073 praedicaret,
3119 1012 3172 1058 et
3196 1005 3389 1074 ubique
3416 1021 3535 1061 cum
3567 1009 3736 1062 Paulo

2139 1094 2480 1163 copularetur
2510 1111 2522 1147 :
2551 1095 2996 1165 quemadmodum
3045 1096 3205 1166 igitur
3249 1096 3372 1151 alibi
3429 1098 3576 1166 dicit,
3627 1103 3734 1156 Aut

2137 1202 2227 1254 ego
2257 1187 2392 1239 solus
2419 1197 2466 1239 et
2490 1183 2753 1240 Barnabas
2781 1203 2880 1240 non
2907 1187 3146 1241 habemus
3178 1197 3471 1258 potestatem
3497 1208 3597 1245 non
3617 1210 3736 1262 ope-

2136 1277 2287 1330 randi
2326 1278 2400 1349 (ι.
2432 1275 2550 1330 Cor.
2581 1278 2638 1332 9.
2663 1276 2754 1346 6)?
2797 1289 2848 1332 et
2877 1293 3083 1341 rursus,
3109 1279 3326 1333 Ascendi
3350 1279 3722 1353 Jerosolymam

2136 1385 2250 1420 cum
2275 1367 2514 1422 Barnaba
2547 1369 2689 1440 (Gal.
2719 1369 2784 1424 2.
2813 1370 2866 1438 1)
2899 1385 2913 1422 :
2947 1379 3001 1425 el.
3029 1370 3224 1440 ubique
3252 1371 3398 1426 vides
3437 1373 3582 1428 illum
3607 1391 3727 1430 cunt

2139 1458 2301 1513 Paulo
2328 1459 2543 1514 docere.
2585 1458 2700 1515 Non
2729 1476 2858 1531 ergo
2884 1461 3023 1531 quod
3054 1462 3211 1516 Petro
3247 1463 3420 1532 major
3443 1475 3613 1530 esset,
3641 1467 3724 1522 id-

2136 1551 2279 1606 circo
2305 1566 2426 1605 eum
2456 1566 2667 1622 qu0que
2699 1551 2984 1607 abductum
3007 1567 3124 1607 esse
3166 1552 3391 1609 miratur
3424 1572 3438 1608 :
3476 1555 3568 1610 sed
3587 1559 3725 1626 quod

2135 1643 2182 1698 is
2205 1643 2292 1713 qui
2339 1658 2518 1698 seemn
2550 1659 2764 1713 semper
2789 1643 3147 1713 praedicabat,
3181 1647 3374 1714 cuique
3432 1647 3562 1701 nihil
3609 1659 3737 1704 erat

2134 1747 2419 1788 commune
2443 1749 2563 1789 cum
2590 1733 2787 1788 Judmis
2807 1775 2822 1800 ,
2859 1751 3042 1790 verum
3081 1735 3220 1790 inter
3257 1745 3442 1806 gentes
3468 1736 3721 1804 docebat,

2137 1830 2250 1901 ipse
2279 1847 2491 1902 quoque
2517 1841 2662 1887 esset
2699 1831 2975 1887 abductus.
3019 1830 3282 1886 thterum
3325 1833 3538 1888 Petrum
3577 1834 3718 1888 illunt

2137 1938 2257 1977 esse
2281 1923 2347 1977 de
2379 1941 2483 1993 quo
2515 1924 2631 1980 haec
2660 1925 2837 1979 omnia
2881 1926 3026 1987 dicit,
3054 1941 3176 1978 cum
3213 1941 3276 1979 ex
3305 1925 3369 1980 iis
3417 1942 3535 1996 qua:
3579 1943 3714 1996 prae.

2134 2025 2429 2080 cesserunt,
2466 2025 2574 2070 tum
2602 2031 2665 2070 ex
2691 2017 2753 2070 iis
2779 2032 2898 2086 qua:
2925 2025 3236 2086 sequuntur,
3258 2017 3588 2070 manifestum
3609 2027 3705 2071 est.

2134 2103 2284 2172 Quod
2315 2106 2455 2159 euint
2493 2120 2552 2160 se
2596 2105 2648 2159 in
2693 2106 2880 2160 faciem
2922 2107 3174 2160 restitisse
3216 2107 3284 2158 illi
3306 2106 3460 2171 dicit,
3493 2121 3554 2158 ac
3607 2121 3701 2174 pro

2137 2211 2330 2266 magno
2360 2196 2488 2251 illud
2521 2196 2714 2262 habet,
2747 2197 2878 2252 nihil
2906 2195 3049 2250 aliud
3077 2196 3297 2261 indicat,
3317 2195 3417 2249 nisi
3441 2211 3499 2250 se
3539 2195 3704 2264 digni-

2135 2296 2294 2341 tatem
2317 2289 2536 2342 miuime
2564 2288 2849 2343 reveritum
2877 2303 2996 2343 esse
3037 2302 3279 2357 persona:
3307 2301 3322 2339 :
3352 2301 3508 2355 porro
3553 2286 3618 2338 de
3643 2285 3710 2337 al-

2134 2386 2248 2432 tero
2277 2380 2524 2450 qquiam
2565 2380 2608 2434 si
2634 2379 2888 2444 dixisset,
2919 2395 2979 2434 se
3009 2380 3060 2434 iu
3093 2378 3282 2433 faciem
3311 2378 3385 2432 illi
3427 2377 3712 2439 restitisse,

2135 2487 2468 2542 nequaquam
2515 2472 2617 2527 hoc
2647 2489 2743 2544 pro
2792 2488 2985 2543 magno
3016 2472 3310 2526 habuisset.
3365 2470 3625 2525 Prmterea
3674 2469 3716 2524 si

2132 2562 2392 2633 quispiam
2422 2563 2559 2617 alius
2604 2563 2790 2618 Petrus
2818 2563 3036 2628 fuisset,
3069 2577 3176 2616 non
3214 2569 3418 2615 tantum
3467 2559 3714 2614 valuisset

2132 2651 2249 2720 ejus
2291 2653 2535 2718 mutatio,
2584 2661 2640 2706 ut
2667 2663 2891 2707 cmtcros
2937 2653 3098 2707 etiam
3144 2651 3360 2706 Judatos
3411 2651 3717 2705 attralteret.

2132 2740 2314 2814 Neque
2367 2744 2509 2798 enim
2550 2743 2860 2798 adhortatus
2903 2753 3002 2808 est,
3053 2758 3224 2812 neque
3275 2741 3590 2796 consuluit:
3629 2740 3722 2796 sed

2143 2843 2346 2889 tantum
2375 2835 2718 2890 subtrahebat
2743 2843 2798 2890 et
2821 2835 3130 2905 segregabat
3159 2849 3217 2889 se
3249 2851 3262 2887 :
3289 2844 3447 2903 atque
3482 2834 3570 2888 illa
3599 2833 3724 2886 sub-

2135 2928 2324 2982 tractio
2405 2939 2460 2982 et
2522 2930 2818 2997 segregatio
2881 2937 3103 2982 caeteros
3162 2941 3350 2981 omnes
3429 2925 3717 2996 discipulos

2129 3020 2398 3075 attrahere
2425 3022 2592 3090 potuit
2623 3030 2836 3090 propter
2855 3036 3095 3090 persona:
3135 3019 3469 3089 dignitatem.

2201 3112 2288 3168 16.
2330 3111 2504 3167 Altera
2549 3113 2732 3165 solutio
2781 3111 3091 3182 quaestionis,
3141 3127 3232 3163 cur
3280 3109 3614 3180 reprehensus
3656 3110 3732 3164 sit

2129 3204 2334 3270 Petrus,
2358 3222 2456 3273 quo
2479 3205 2689 3258 consilio
2717 3201 2915 3256 Paulus
2943 3200 3149 3256 Petrum
3168 3209 3417 3272 argueret.
3446 3230 3518 3239 —
3539 3197 3717 3269 Itaque

2129 3297 2347 3352 Petrum
2375 3295 2538 3351 fuisse
2569 3296 2698 3350 satis
2727 3311 2791 3350 ex
2847 3295 2930 3349 his
2973 3303 3183 3349 constat
3209 3310 3225 3348 :
3251 3302 3504 3348 cmterum
3557 3291 3715 3346 aliaat

2127 3390 2465 3453 solutionem,
2509 3388 2554 3442 si
2587 3388 2791 3452 velitis,
2825 3387 3089 3443 dicemus.
3131 3387 3383 3453 Quantam
3425 3387 3583 3456 igitur
3631 3394 3718 3439 est

2127 3480 2328 3534 altera?
2382 3479 2546 3534 [lecte
2595 3479 2810 3534 Petrunt
2857 3478 3285 3548 reprehendebat
3327 3477 3539 3540 Paulus,
3571 3477 3715 3546 quod

2129 3572 2265 3626 ultra
2291 3570 2506 3625 modum
2546 3570 2874 3640 indulgentia
2919 3580 3177 3624 uteretur.
3220 3567 3351 3622 Nam
3381 3583 3482 3638 qua
3511 3568 3716 3621 ratione

2126 3660 2240 3731 ipse
2260 3701 2275 3724 ,
2306 3675 2426 3715 cum
2457 3671 2600 3716 esset
2619 3659 2982 3731 Jerosolymis,
3015 3653 3709 3722 condescendebatludteis,

2126 3753 2312 3808 eadem
2342 3768 2552 3824 quoque
2600 3753 2749 3808 illunt
2791 3752 3054 3822 oportuit,
3088 3765 3209 3806 cum
3253 3748 3588 3804 Antiochiam
3615 3762 3716 3802 ve-

2129 3846 2312 3911 nisset,
2348 3861 2453 3901 non
2487 3846 2552 3901 ad
2576 3845 2789 3900 Judmos
2807 3845 3074 3915 respicere
3100 3885 3113 3908 ,
3143 3842 3232 3896 sed
3274 3841 3339 3896 ad
3362 3855 3457 3897 eos
3479 3841 3565 3910 qui
3590 3853 3715 3894 cre-

2127 3938 2369 3994 diderant
2395 3955 2462 3994 ex
2505 3939 2770 4009 gentibus.
2813 3936 2882 3992 Ut
2930 3937 3093 4003 enim,
3149 3950 3269 3989 cum
3323 3948 3510 3988 omnes
3562 3938 3717 3985 erant

2126 4029 2318 4095 Juda-i,
2349 4031 2509 4084 etiant
2541 4029 2735 4084 Paulus
2779 4027 3051 4097 judaizare
3089 4036 3302 4080 coactus
3328 4033 3411 4079 est
3439 4039 3453 4075 :
3483 4023 3553 4076 ita
3577 4035 3704 4075 cum

2128 4122 2308 4192 plures
2328 4132 2482 4177 erant
2503 4137 2568 4176 es
2594 4122 2861 4192 gentibus,
2891 4135 2990 4174 nec
3015 4119 3174 4173 ullam
3205 4117 3386 4171 civitas
3415 4115 3717 4169 necessita-

2131 4222 2236 4267 tem
2285 4212 2626 4282 iudulgentia:
2680 4211 2956 4275 afferebat,
3013 4227 3118 4264 tton
3173 4205 3442 4278 oportebat
3488 4212 3716 4274 propter

2128 4320 2324 4374 paucos
2351 4305 2563 4360 Judzeos
2589 4303 2843 4360 seandalo
2869 4317 2988 4357 esse
3028 4311 3103 4356 tot
3133 4298 3433 4370 gentilibus.
3473 4295 3543 4350 At
3567 4295 3717 4349 enim

2128 4395 2231 4451 hoc
2261 4411 2366 4451 non
2398 4395 2509 4465 jant
2537 4394 2732 4450 solutio
2758 4401 2860 4460 est,
2892 4391 2987 4448 sed
3013 4389 3354 4462 amplificatio
3383 4385 3716 4458 quzestiottis.

2125 4485 2279 4555 Quod
2331 4486 2471 4541 enim
2523 4485 2574 4540 iu
2595 4483 2816 4540 exordio
2840 4483 2950 4538 dixi
2975 4481 3271 4545 orationis,
3300 4493 3406 4533 non
3451 4476 3503 4530 id
3551 4476 3710 4530 nobis

2131 4580 2458 4650 propositum
2487 4587 2606 4643 est,
2636 4589 2695 4635 ιιι
2733 4577 3076 4634 ostendamus
3119 4583 3265 4631 recte
3309 4571 3721 4644 reprehendisse

2127 4673 2384 4738 Paulum;
2437 4672 2516 4728 sic
2568 4673 2708 4727 enim
2757 4671 2930 4726 adhuc
2980 4670 3201 4725 restabit
3243 4667 3488 4739 quaestio.
3528 4664 3720 4719 Petrus

2125 4764 2269 4820 enim
2298 4763 2558 4818 obnoxius
2595 4762 2950 4818 criminationi
2996 4760 3296 4826 videbitur;
3323 4757 3420 4813 sed
3457 4756 3510 4811 id
3540 4757 3714 4825 potis-

2127 4855 2319 4910 simum
2348 4856 2657 4925 quzerimus,
2682 4870 2788 4926 quo
2820 4861 2974 4926 pacto
3001 4862 3055 4910 et
3081 4853 3244 4917 hunc,
3266 4861 3321 4908 et
3347 4850 3498 4907 illum
3529 4864 3720 4917 repre-

2128 4944 2386 5000 hensione
2424 4945 2728 5004 liberemus.
2772 4945 3014 5012 Quonam
3050 4943 3209 5014 igitur
3229 4950 3387 5013 pacto
3419 4940 3472 4996 id
3501 4938 3636 4994 fiet?
3667 4938 3721 4994 Si

2126 5051 2228 5108 qna
2255 5045 2432 5091 mente
2461 5053 2596 5091 unus
2622 5037 2931 5106 increparit,
2963 5045 3017 5090 et
3045 5036 3180 5090 alter
3208 5033 3368 5089 fuerit
3391 5033 3724 5099 increpatus,

2127 5126 2424 5193 discamus,
2457 5135 2512 5182 et
2535 5128 2852 5182 sententiam
2875 5127 3017 5181 illam
3040 5125 3390 5195 explicemus.
3429 5122 3562 5188 Qua:
3597 5129 3725 5174 tan-

2127 5219 2248 5274 dem
2300 5219 2458 5290 igitur
2485 5228 2567 5274 est
2608 5219 2694 5274 illa
2740 5219 3044 5274 sententia?
3094 5216 3452 5272 Vehementer
3502 5211 3726 5282 optabat

2130 5312 2348 5375 Petrus,
2393 5327 2486 5367 eos
2510 5313 2602 5383 qui
2631 5311 3018 5368 descenderant
3055 5309 3389 5381 Jcrosolyma
3436 5321 3468 5360 a
3516 5301 3726 5360 Jacobo

2136 5401 2382 5472 profecti,
2405 5401 2623 5456 Judaica
2651 5401 3028 5457 observatione
3054 5400 3304 5455 liberare.
3342 5394 3494 5464 Quod
3515 5393 3561 5448 si
3583 5392 3728 5446 hanc

2130 5495 2243 5565 ipse
2268 5496 2586 5552 sententiam
2613 5493 3012 5557 introduxisset,
3040 5501 3094 5546 et
3119 5492 3170 5545 in
3197 5488 3432 5546 medium
3473 5498 3730 5557 progres-

2129 5599 2220 5640 sus
2238 5583 2490 5651 dixisset,
2524 5583 2757 5639 Judaicis
2787 5582 2977 5638 ritibus
3005 5583 3080 5637 uti
3123 5580 3351 5636 desinite
3371 5618 3390 5646 ,
3417 5577 3568 5648 quasi
3594 5591 3731 5630 eon-

2133 5676 2292 5731 traria
2335 5674 2434 5731 sibi
2484 5674 2582 5746 ipsi
2607 5716 2624 5745 ,
2655 5685 2709 5731 et
2738 5675 2802 5730 iis
2827 5673 3094 5740 omnibus,
3127 5687 3246 5744 qua:
3269 5671 3342 5728 ab
3369 5670 3486 5741 ipso
3509 5667 3730 5722 fuerant
