4082 6212
1437 100 1572 146 F7

1827 102 1968 184 μη

373 310 476 367 385

369 433 495 478 ante
539 427 768 493 patrata,
794 413 1115 489 pr.edicaret
1137 450 1154 476 ,
1181 406 1454 478 discipulis
1482 403 1595 460 suis
1647 399 1955 459 scandalum

372 492 652 570 attulisset.
696 511 902 566 Rursus
932 505 979 560 si
1024 503 1162 557 hanc
1189 499 1256 556 ad
1284 499 1402 554 illos
1433 496 1636 552 Paulus
1659 492 1958 550 orationem

370 608 683 668 direxisset,
715 611 1049 671 nequaquam
1093 592 1514 664 acquievissent,
1562 603 1736 658 neque
1776 585 1962 640 audire

370 699 686 770 potuissent.
729 692 861 748 Nam
889 688 979 760 qui
1007 685 1243 756 alioquin
1270 683 1494 740 oderant
1519 680 1664 736 illum
1684 718 1700 745 ,
1731 686 1785 732 et
1807 691 1964 730 aver-

369 769 624 843 sabantur
647 783 717 840 ob
745 780 972 847 similem
1003 791 1247 848 Sparsura
1277 786 1564 838 rumorem,
1590 769 1756 825 multo
1772 769 1958 838 magis,

371 880 414 934 si
444 879 607 933 etiam
655 876 756 930 ista
804 870 1177 928 consulentem
1215 865 1508 928 audissent,
1561 863 1718 933 plane
1769 860 1964 914 abhor-

365 969 620 1025 ruissent.
661 962 798 1033 Quid
828 975 958 1032 ergo
986 958 1182 1014 factum
1207 955 1326 1011 est?
1354 954 1568 1010 Judteos
1596 951 1835 1022 quidem,
1869 949 1960 1020 qui

369 1065 523 1114 erant
549 1072 580 1111 a
600 1054 820 1118 Jacobo,
844 1051 1021 1106 nullus
1048 1049 1261 1104 illorum
1291 1042 1622 1114 increpabat,
1655 1039 1750 1095 sed
1781 1040 1958 1094 incre-

371 1149 639 1220 pationem
669 1144 868 1215 excipit
895 1143 1084 1199 Petrus
1103 1153 1135 1193 a
1158 1136 1324 1196 Paulo
1347 1133 1727 1205 reprehensus,
1754 1137 1813 1186 ut
1839 1145 1959 1184 cum

367 1257 398 1296 a
420 1237 728 1308 coapostolo
755 1241 1027 1290 correctus
1040 1229 1216 1295 luerit,
1239 1227 1379 1298 justa
1402 1239 1522 1281 cum
1552 1222 1743 1279 ﬁducia
1769 1221 1963 1276 deinde

371 1329 539 1400 possit
566 1325 859 1397 discipulos
885 1322 1170 1393 objurgare
1197 1337 1210 1373 :
1237 1327 1294 1375 et
1335 1316 1576 1387 arguitur
1617 1313 1830 1386 quidem
1858 1313 1961 1368 Pe-

370 1429 500 1484 trus,
531 1419 869 1488 corriguntur
888 1422 1067 1468 autem
1090 1407 1356 1480 discipuli.
1395 1406 1508 1462 Hoc
1541 1405 1702 1462 etiam
1730 1404 1785 1458 in
1828 1417 1962 1458 con-

371 1511 629 1566 tractibus
679 1507 739 1563 fit
780 1503 1146 1561 saecularibus.
1187 1499 1322 1556 Nam
1370 1498 1417 1554 si
1460 1495 1677 1568 quando
1718 1493 1962 1549 nonnulli

369 1603 603 1659 civilium
633 1599 951 1655 tributorum
973 1593 1178 1664 reliqua
1205 1591 1454 1654 debeant,
1478 1604 1542 1645 ac
1563 1586 1757 1645 deinde
1781 1585 1853 1640 illi
1871 1584 1963 1655 qui

369 1692 606 1750 emctnri
636 1697 762 1746 sunt
801 1688 916 1756 illa,
946 1701 1057 1742 non
1088 1683 1355 1750 audeant,
1386 1681 1483 1738 sed
1512 1680 1830 1738 erubescant
1871 1693 1964 1751 ve-

371 1786 671 1843 hementius
683 1783 802 1839 illos
823 1795 1030 1852 urgere,
1049 1787 1108 1834 ut
1120 1777 1376 1849 majorem
1391 1782 1608 1847 captent
1624 1772 1962 1829 occasionem

368 1893 432 1934 ac
453 1877 757 1932 facultatem
788 1874 892 1930 illis
917 1871 1286 1929 vehementius
1326 1866 1590 1932 instandi,
1633 1881 1665 1920 a
1693 1867 1964 1922 commili-

369 1969 584 2024 tonihus
611 1965 828 2036 spoliari
854 1980 912 2020 se
937 1972 1149 2030 curant,
1189 1968 1244 2018 et
1287 1959 1547 2016 conviciis
1588 1955 1752 2024 afﬁci,
1799 1966 1962 2027 atque

368 2061 488 2115 aliis
514 2057 809 2114 innumeris
833 2056 1015 2111 vexari
1054 2054 1210 2109 malis
1237 2053 1290 2112 in
1314 2059 1605 2122 conspectu
1635 2049 1873 2116 illorum,
1905 2057 1965 2104 ut

370 2151 494 2203 dum
521 2150 620 2203 ista
653 2147 807 2214 ﬁunt,
829 2161 1167 2216 nequaquam
1193 2160 1259 2202 ex
1286 2158 1366 2208 se,
1386 2150 1478 2198 aut
1506 2156 1601 2197 sua
1628 2149 1840 2212 sponte,
1867 2141 1961 2197 sed

369 2238 613 2308 imposita
634 2252 664 2292 a
693 2237 902 2291 caneris
929 2233 1248 2290 necessitate
1269 2232 1552 2286 videantur
1577 2230 1700 2286 illos
1729 2246 1960 2302 urgere:

368 2339 422 2386 et
448 2329 589 2383 illata
615 2343 644 2381 a
670 2328 880 2382 creteris
909 2325 1231 2381 contumelia
1259 2323 1398 2394 apud
1442 2323 1579 2378 alios
1626 2323 1757 2394 ipsis
1797 2323 1964 2379 obno-

371 2423 488 2478 xios
516 2421 878 2477 excusationis
902 2434 1086 2474 ansam
1109 2417 1431 2488 suppeditat.

439 2517 526 2570 17.
568 2513 672 2570 Cur
695 2531 750 2568 se
787 2513 936 2584 argui
969 2513 1179 2566 voluerit
1223 2511 1447 2576 Petrus;
1477 2510 1768 2565 simulatam
1796 2510 1960 2580 fuisse

367 2607 803 2674 reprehensionem
823 2604 1062 2658 ostendit.
1101 2633 1174 2644 -—-
1212 2603 1324 2658 Hoc
1357 2610 1411 2657 et
1442 2602 1493 2658 in
1522 2601 1687 2657 Paulo
1716 2617 1778 2655 ac
1804 2601 1962 2657 Petro

366 2699 580 2754 accidit.
641 2697 915 2752 Dehebant
981 2696 1125 2750 enim
1199 2696 1403 2766 reliqua
1455 2695 1708 2749 nonnulla
1768 2693 1957 2749 iudici.

369 2792 621 2858 Quaenam
652 2789 740 2844 illa
771 2787 970 2858 porro?
996 2787 1255 2842 Nimirum
1298 2797 1349 2840 ut
1381 2801 1410 2840 a
1444 2785 1719 2840 Judaismo
1751 2785 1962 2855 penitus

367 2883 715 2938 abstinerent.
754 2880 882 2936 llaec
907 2879 1109 2950 reliqua
1135 2879 1324 2933 Petrus
1347 2878 1694 2933 vehementer
1721 2885 1963 2946 repetere

367 2973 635 3043 cupiebat,
665 2981 719 3027 et
748 2986 936 3041 puram
965 2969 1031 3026 ab
1058 2969 1164 3024 illis
1191 2969 1348 3023 ﬁdem
1369 2968 1607 3038 exigere.
1647 2967 1780 3024 Cum
1803 2968 1964 3039 igitur

369 3066 627 3134 majorem
652 3063 958 3117 facultatem
985 3070 1042 3114 et
1069 3061 1404 3114 occasionem
1425 3058 1714 3114 cxactionis
1730 3059 1964 3129 ejusmo-

369 3155 420 3209 di
450 3153 681 3208 nancisci
705 3152 884 3218 vellet,
909 3165 939 3204 a
967 3149 1131 3208 Paulo
1159 3164 1219 3204 se
1245 3149 1594 3206 vehementer
1621 3149 1880 3219 increpari
1909 3157 1966 3207 et

369 3245 640 3316 ohjnrgari
668 3245 892 3310 curavit,
925 3251 981 3297 ut
1003 3242 1119 3298 haec
1151 3241 1396 3296 simulata
1442 3241 1734 3312 increpatio
1763 3241 1963 3311 justam

372 3338 470 3405 ipsi
499 3335 756 3390 adversus
801 3335 918 3389 illos
945 3348 1133 3388 ansam
1175 3342 1231 3389 et
1281 3333 1620 3389 occasionem
1675 3333 1962 3405 prmberct.

373 3429 576 3484 Idcirco
596 3427 756 3482 etiam
784 3426 837 3480 in
867 3425 984 3496 ipso
999 3425 1172 3491 initio,
1195 3423 1264 3479 In
1288 3425 1489 3494 faciem,
1518 3425 1723 3496 inquit,
1755 3425 1854 3496 ipsi
1879 3443 1968 3482 re-

381 3522 506 3585 stiti,
536 3531 589 3576 et
617 3520 704 3575 hic
730 3534 936 3586 rursus,
965 3518 1090 3573 Dixi
1113 3516 1268 3573 Petro
1294 3534 1465 3573 coram
1488 3519 1736 3573 omnibus.
1757 3517 1890 3573 Nam
1919 3519 1967 3575 si

372 3614 586 3684 quidem
607 3613 824 3668 Petrum
852 3611 1123 3682 corrigere
1147 3611 1404 3667 voluisset
1429 3652 1444 3673 .
1477 3610 1723 3681 privatim
1750 3610 1803 3666 id
1826 3611 1968 3682 egis-

371 3712 475 3766 set,
507 3702 601 3758 sed
627 3703 876 3773 quoniam
905 3715 1011 3756 non
1058 3699 1111 3756 id
1137 3707 1272 3763 erat,
1297 3699 1440 3769 quod
1468 3701 1708 3754 studiose
1749 3710 1970 3770 expete-

376 3794 466 3847 bat
495 3793 739 3862 (noverat
762 3791 905 3845 enim
927 3805 1028 3858 qua
1051 3796 1230 3842 mente
1253 3796 1444 3842 cuncta
1474 3788 1562 3841 illa
1583 3787 1833 3857 faceret),
1867 3791 1965 3844 sed

376 3901 490 3950 eos,
522 3884 614 3954 qui
639 3883 731 3938 diu
756 3880 1208 3945 claudicaverant,
1239 3879 1481 3934 stabilire
1506 3879 1776 3949 cupiebat,
1801 3879 1966 3934 idcir-

377 3993 442 4035 co
471 3977 523 4031 in
553 3985 842 4046 conspectu
881 3973 1120 4030 omnium
1155 3971 1374 4028 adhibet
1419 3971 1856 4040 increpationem.
1899 3973 1970 4026 At

378 4071 568 4126 Petrus
597 4067 846 4132 sustinet,
879 4074 933 4122 et
987 4073 1146 4130 tacet,
1169 4079 1346 4134 neque
1391 4061 1724 4118 contradicit.
1754 4061 1970 4122 Sciebat

377 4161 573 4231 quippe
601 4173 708 4230 quo
736 4157 917 4212 animo
946 4155 1142 4211 Paulus
1171 4155 1493 4224 increparet,
1512 4163 1566 4208 et
1591 4161 1760 4208 totum
1779 4153 1968 4208 Petrus

380 4251 604 4306 tacendo
648 4247 974 4318 perficiebat.
1015 4247 1144 4315 Ejus
1189 4245 1390 4315 quippe
1433 4245 1702 4299 silentium
1754 4244 1968 4301 «Ιυὼιξοε

377 4341 606 4396 docebat
635 4354 741 4393 non
780 4337 1010 4407 amplius
1045 4336 1176 4406 legis
1204 4336 1394 4390 ritibus
1424 4335 1803 4390 adhaarendum
1826 4349 1968 4390 csso.

379 4431 565 4503 Neque
590 4430 732 4484 enim
759 4429 1011 4498 magister
1039 4427 1151 4497 ipse
1173 4427 1458 4491 tacuisset,
1485 4426 1792 4496 inquiebant
1813 4467 1830 4494 ,
1867 4426 1969 4480 nisi

380 4523 478 4578 sibi
492 4521 737 4576 conscius
764 4528 926 4584 esset,
951 4519 1143 4572 merito
1168 4533 1227 4572 se
1247 4533 1276 4570 a
1304 4517 1470 4571 Paulo
1492 4517 1653 4572 fuisse
1675 4519 1968 4586 reprehen-

381 4631 521 4672 sum.
551 4614 679 4680 Sed,
701 4614 743 4666 si
763 4612 956 4683 placet,
981 4613 1149 4681 ipsam
1168 4609 1640 4680 reprehensionem
1661 4605 1975 4666 audiamus.‘

381 4707 505 4762 Dixi
539 4705 692 4760 Petro
713 4719 880 4758 coram
912 4703 1140 4756 onmibus
1159 4743 1173 4764 ,
1207 4701 1394 4771 inquit,
1425 4699 1488 4755 Si
1517 4710 1599 4764 tu,
1623 4717 1736 4754 cum
1754 4699 1970 4756 Iudaeus

381 4803 471 4868 sis,
515 4798 764 4870 gentiliter
806 4795 945 4849 vivis.
996 4791 1370 4848 Animadverte
1416 4790 1750 4862 prudentiam
1798 4808 1812 4845 :
1861 4807 1968 4848 non

387 4892 519 4945 dixit
542 4890 612 4944 illi
639 4906 653 4943 :
681 4887 814 4942 Male
841 4886 975 4956 agis,
999 4884 1124 4938 dum
1167 4882 1378 4953 jadaicc
1402 4882 1536 4937 vivis
1569 4899 1582 4936 :
1606 4881 1699 4936 sed
1737 4882 1967 4953 priorent

383 4985 500 5052 ejus
537 4980 710 5052 arguit
735 4977 1213 5041 conversationem,
1248 4984 1306 5030 ut
1350 4992 1454 5030 non
1481 4975 1591 5044 jam
1616 4991 1678 5031 ex
1707 4977 1968 5031 sententia

385 5071 535 5129 Pauli
576 5067 868 5124 admonitio
917 5079 972 5122 et
1017 5065 1324 5129 consilium,
1358 5065 1452 5120 sed
1482 5081 1548 5120 ex
1579 5065 1718 5120 Petri
1765 5065 1969 5135 judicio

381 5166 492 5234 jam
519 5175 772 5230 expresso
809 5157 1055 5215 videatur
1094 5157 1298 5211 inferri.
1341 5157 1472 5211 Nam
1497 5159 1540 5211 si
1571 5157 1783 5227 quidem
1805 5159 1970 5212 dixis-

385 5263 490 5316 set,
521 5250 653 5304 Male
671 5249 785 5319 agis
810 5249 849 5315 ¹,
868 5247 994 5304 dum
1013 5247 1184 5317 legem
1202 5247 1477 5312 observas,
1501 5246 1968 5316 reprehendissent

389 5345 529 5400 Petri
550 5339 793 5410 discipuli
824 5356 838 5394 :
862 5338 972 5407 jam
1003 5353 1130 5392 vero
1173 5352 1294 5390 cum
1338 5337 1579 5402 audiunt,
1611 5353 1714 5392 non
1755 5353 1876 5394 esse
1905 5357 1969 5394 ex

389 5445 565 5491 mente
594 5431 747 5488 Pauli
793 5429 1207 5485 admonitionem
1260 5429 1423 5494 illam,
1452 5427 1534 5482 vel
1560 5431 1968 5500 correctionem,

386 5527 480 5586 sed
509 5528 679 5595 ipsum
707 5525 922 5579 Petrum
947 5523 1016 5576 ita
1042 5523 1221 5576 vivere
1247 5521 1479 5584 solitum,
1507 5531 1560 5576 et
1589 5520 1702 5576 haec
1723 5521 1970 5592 dogmata

386 5619 440 5672 in
466 5617 646 5672 aiiimo
675 5614 944 5684 habuisse,
979 5613 1173 5669 vellent
1202 5611 1399 5666 nollent
1425 5653 1439 5680 ,
1465 5611 1743 5684 quiescere
1767 5612 1972 5669 dchuc-

457 5731 474 5762 ι
509 5729 614 5789 Alli,
639 5730 753 5780 bene
773 5729 894 5793 agis.

1383 311 1453 368 IN
1493 311 1718 377 ILLUD,
1763 311 1828 366 lN
1871 309 2124 366 FACIEM
2166 314 2233 370 EI
2279 314 2578 372 RESTITI.

3540 293 3650 351 386

2071 409 2215 456 runt.
2258 402 2544 473 Propterea
2589 417 2762 472 neque
2813 401 3006 458 Petrus
3048 401 3193 462 illam
3218 405 3537 461 sententiam
3566 407 3648 462 in-

2067 492 2316 558 trodncit,
2339 508 2523 547 verum
2543 493 2612 548 ab
2627 491 2798 546 altero
2827 507 2886 547 se
2910 493 3145 562 coargui,
3174 492 3274 549 hoc
3297 502 3380 549 est
3402 511 3432 549 a
3460 495 3647 562 Paulo,

2067 586 2345 668 permittit,
2371 595 2426 640 et
2453 586 2595 650 silet,
2626 594 2684 640 ut
2710 584 2950 640 doctrina
2983 584 3188 641 facilius
3215 586 3385 656 possit
3420 587 3650 646 admitti.

2140 677 2228 733 18.
2268 677 2454 748 Neque
2510 692 2638 732 vero
2684 686 2889 731 tantum
2943 675 3068 731 inde
3117 676 3266 732 Pauli
3316 679 3652 748 prudentiam

2065 779 2310 838 spectare
2338 771 2483 836 licet,
2512 769 2606 824 sed
2627 785 2691 824 ex
2728 769 2794 824 iis
2817 769 3000 832 etiam,
3029 783 3149 838 qua:
3185 769 3380 826 deinde
3407 783 3532 826 sunt
3572 771 3656 826 di-

2066 870 2170 916 cta.
2211 859 2325 916 Non
2351 861 2492 915 enim
2523 859 2675 924 dixit,
2702 859 2759 916 Si
2781 869 2858 924 tu,
2885 875 3004 913 cum
3031 859 3248 916 Judzeus
3265 860 3362 928 sis,
3386 862 3656 932 gentiliter

2065 953 2300 1017 vivebas,
2332 962 2387 1008 et
2407 968 2510 1007 non
2538 952 2776 1018 Judaice,
2806 951 2900 1008 sed
2928 951 3064 1006 Vivis
3087 967 3106 1006 :
3131 951 3308 1023 itaque
3328 967 3469 1008 nunc
3490 954 3654 1010 etiam

2064 1044 2308 1101 eamdem
2335 1044 2652 1100 sententiam
2682 1044 2921 1112 sequeris
2950 1043 3233 1114 :quodqne
3258 1045 3479 1100 multam
3515 1046 3654 1115 sapit

2066 1138 2403 1207 prudentiam
2433 1176 2449 1201 ,
2505 1150 2630 1188 mox
2682 1134 2946 1203 adjicitur.
3008 1134 3140 1189 Cum
3190 1135 3334 1191 enim
3382 1135 3650 1204 dixisset,

2068 1231 2331 1285 Gcnlililer
2365 1229 2506 1292 vivis,
2537 1244 2654 1282 cum
2702 1225 2916 1282 Indicus
2959 1227 3050 1294 sis,
3073 1242 3180 1282 non
3226 1228 3492 1299 adjunxit,
3546 1228 3656 1286 Cur

2066 1319 2282 1376 Judzeos
2303 1318 2449 1389 cogis
2473 1316 2778 1387 judaizare?
2807 1315 2900 1372 sed
2926 1316 3091 1385 quid?
3111 1315 3215 1371 Cur
3238 1326 3426 1389 gentes,
3460 1318 3652 1389 inquit,

2077 1414 2214 1482 cogis
2247 1410 2558 1482 juduizare?
2587 1418 2643 1463 ut
2679 1407 2806 1462 dum
2831 1406 2930 1463 sibi
2957 1406 3249 1476 discipulos
3286 1424 3413 1464 suos
3447 1408 3657 1466 videtur

2065 1505 2355 1569 vindicare,
2383 1501 2530 1557 etde
2563 1500 2810 1572 gentibus
2837 1514 2958 1555 esse
2991 1499 3489 1566 sollicitus,Jud:eis
3531 1514 3656 1554 sua-

2065 1599 2207 1659 deat,
2235 1605 2294 1651 ut
2325 1594 2392 1650 ab
2411 1593 2629 1664 antiqua
2677 1591 3063 1648 consuetudine
3087 1591 3361 1647 recedant.
3395 1591 3528 1647 Nam
3580 1593 3656 1648 sl-

2066 1691 2320 1745 mulatam
2362 1701 2484 1742 esse
2503 1685 3004 1756 reprehensionem,
3033 1700 3101 1739 ex
3122 1684 3186 1738 iis
3208 1683 3338 1754 ipsis
3365 1699 3486 1755 quae
3511 1683 3653 1740 dicta

2065 1791 2211 1848 sunt,
2239 1780 2426 1851 liquet.
2467 1779 2600 1834 Cum
2647 1778 2788 1833 enim
2829 1775 2989 1845 paulo
3039 1784 3164 1831 ante
3205 1775 3446 1842 dixisset,
3473 1775 3652 1830 Abdu-

2066 1875 2305 1929 cebantur
2328 1887 2442 1926 cum
2464 1887 2520 1925 eo
2539 1869 2706 1924 caueri
2732 1868 2904 1922 λειάίεί
2918 1909 2932 1932 ,
2959 1866 3062 1922 hoc
3091 1866 3208 1922 loco
3233 1866 3332 1933 ait,
3356 1867 3459 1922 Cur
3483 1877 3652 1938 gentes

2027 1965 2030 1968 ’
2066 1967 2203 2036 cogis
2218 1961 2532 2034 judaizare?
2584 1960 2744 2028 Atqui
2792 1957 3075 2014 dicendum
3117 1965 3255 2025 erat,
3294 1956 3406 2012 Cur
3439 1957 3654 2014 Iudaeos

2066 2055 2214 2127 cogis
2232 2052 2538 2124 judaizare?
2566 2051 2667 2118 Qui
2698 2051 2841 2106 enim
2869 2049 3026 2106 simul
3055 2049 3271 2105 abducti
3287 2048 3518 2117 fuerant,
3546 2065 3654 2108 non

2066 2163 2132 2204 ex
2159 2145 2404 2218 gentibus
2431 2152 2585 2200 erant
2611 2184 2627 2210 ,
2655 2142 2749 2198 sed
2787 2141 2981 2198 Judazi.
3027 2141 3405 2198 Verumtamen
3446 2142 3495 2197 si
3551 2141 3655 2199 hoc

2067 2238 2313 2302 dixisset,
2360 2235 2518 2306 paulo
2573 2233 2814 2305 asperior
2842 2233 2953 2287 visa
2996 2241 3142 2288 esset
3176 2233 3370 2300 oratio,
3413 2247 3515 2289 nec
3546 2233 3658 2290 ullo

2067 2329 2229 2388 modo
2247 2329 2296 2384 ei
2317 2326 2664 2392 conveniens,
2688 2324 2881 2396 quippe
2897 2323 2989 2394 qui
3009 2323 3246 2394 gentium
3265 2322 3456 2380 doctor
3474 2333 3619 2380 esset
3638 2339 3654 2380 :

2061 2423 2172 2492 jam
2193 2435 2320 2478 vero
2351 2435 2445 2490 per
2473 2417 2708 2488 speciem
2731 2416 3058 2472 defensionis
3086 2425 3140 2471 et
3158 2429 3300 2471 cura:
3324 2429 3541 2470 suorum
3573 2414 3655 2470 di-

2066 2513 2390 2582 scipulorum
2406 2552 2421 2575 ,
2439 2511 2727 2565 immunem
2751 2523 2812 2563 ac
2832 2506 3485 2577 liheramobjurgationem
3503 2521 3656 2562 suam

2066 2604 2262 2660 reddit.
2283 2604 2456 2673 Atque
2493 2611 2548 2656 nt
2569 2601 2876 2671 intelligatis
2914 2599 3208 2654 orationem
3239 2598 3383 2653 illam
3415 2614 3520 2654 non
3545 2598 3656 2669 jam

2066 2695 2534 2766 reprehensionem
2586 2693 2726 2748 Petri
2764 2691 2962 2758 fuisse,
2985 2690 3078 2747 sed
3110 2690 3525 2748 admonitionem
3546 2731 3562 2757 ,
3595 2706 3660 2747 ac

2065 2789 2362 2843 doctrinam
2393 2785 2591 2842 .lttdiris
2617 2800 2712 2856 per
2764 2785 2998 2854 speciem
3039 2783 3472 2854 reprehensionis
3517 2783 3659 2838 Petri

2067 2880 2357 2936 adhibitam
2379 2921 2394 2947 ,
2431 2879 2552 2933 audi
2580 2894 2700 2948 qua:
2741 2886 3034 2947 sequuntur
3063 2893 3077 2930 :
3124 2875 3236 2931 Nos
3257 2885 3440 2931 natura
3463 2875 3659 2946 Judaei,

2067 2981 2114 3028 et
2152 2988 2252 3026 non
2277 2986 2338 3026 ea:
2356 2969 2580 3040 gentibus
2620 2977 2900 3037 peccatores
2928 2965 3072 3036 (Gal.
3111 2966 3167 3020 2.
3205 2967 3319 3038 15).
3365 2966 3492 3023 Haec
3514 2969 3661 3024 enim

2062 3063 2174 3135 jam
2219 3072 2344 3118 sunt
2383 3061 2546 3117 verba
2589 3059 2852 3125 docentis,
2903 3073 3078 3127 neque
3100 3057 3168 3113 ad
3211 3059 3427 3114 Petrum
3470 3069 3660 3116 cuncta

2067 3154 2393 3220 referuntur,
2417 3152 2510 3208 sed
2529 3151 2830 3207 orationem
2858 3148 3030 3204 reddit
3049 3163 3410 3204 communem.
3429 3149 3486 3206 Si
3509 3152 3656 3206 enim

2069 3256 2336 3318 tamquam
2375 3245 2576 3300 docens
2624 3242 2692 3298 ab
2735 3241 2885 3296 initio
2939 3240 3055 3296 iure
3094 3239 3500 3310 introduxisset,
3553 3257 3662 3299 non

2070 3340 2317 3396 tulissent
2344 3336 2512 3393 Judazi
2540 3352 2555 3402 ;
2581 3335 2689 3405 jam
2713 3348 2841 3388 vero
2866 3347 2988 3388 cum
3019 3332 3169 3386 initio
3187 3347 3217 3385 a
3239 3333 3661 3402 reprehensione

2070 3431 2253 3498 ducto,
2271 3441 2326 3486 et
2351 3428 2494 3500 quod
2520 3427 2760 3482 videatur
2779 3425 2972 3480 merito
2999 3424 3215 3479 Petrum
3239 3423 3658 3494 reprehendere,

2069 3534 2129 3580 ut
2156 3523 2244 3594 qui
2265 3535 2556 3577 conversos
2574 3515 2639 3574 ex
2664 3516 2914 3588 gentibus
2933 3515 2998 3570 ad
3025 3515 3156 3586 legis
3182 3518 3377 3570 rituum
3400 3515 3660 3570 observa-

2071 3619 2269 3674 tionem
2298 3616 2515 3671 allicere
2535 3613 2805 3668 videretur
2824 3652 2839 3675 ,
2867 3611 3058 3665 transit
3090 3607 3285 3664 deinde
3326 3607 3661 3664 conﬁdenter

2071 3712 2138 3767 ad
2165 3709 2586 3766 admonitionem
2617 3715 2672 3761 et
2697 3704 3012 3767 consilium,
3049 3700 3204 3772 quasi
3245 3700 3314 3756 ab
3357 3703 3471 3772 ipsa
3517 3700 3660 3756 serie

2074 3811 2354 3868 tractuque
2378 3797 2643 3852 sermonis
2663 3812 2728 3850 eo
2754 3795 2966 3850 delatus
2997 3791 3203 3847 fuisset.
3233 3789 3310 3846 Ne
3331 3791 3474 3845 enim
3505 3789 3659 3861 quis-

2073 3891 2214 3960 piam
2241 3889 2376 3942 forte
2395 3903 2516 3942 cum
2547 3885 2822 3950 audiisset,
2857 3883 3038 3938 Gentes
3063 3883 3199 3952 cogis
3213 3881 3505 3952 judaisare,
3530 3881 3660 3937 solis

2073 3980 2182 4036 illis
2212 3987 2423 4049 putaret
2443 3977 2720 4048 judaizare
2747 3990 2856 4029 non
2895 3988 3017 4029 esse
3061 3973 3416 4042 permissum,
3444 3974 3538 4030 sed
3563 3973 3662 4030 Ju-

2072 4071 2205 4127 daeis
2234 4070 2417 4134 licere,
2439 4068 2734 4125 orationem
2767 4063 3042 4136 redigitad
3069 4064 3216 4134 ipsos
3228 4063 3497 4120 doctores.
3521 4065 3660 4134 Quid

2074 4179 2176 4235 ego
2196 4162 2263 4218 de
2284 4161 2551 4232 gentibus,
2585 4158 2773 4228 inquit,
2796 4164 2889 4211 aut
2925 4155 3146 4225 reliquis
3188 4153 3389 4210 ludatis
3431 4155 3660 4227 loquor?

2075 4254 2188 4309 lmo
2216 4252 2378 4308 etiam
2399 4251 2646 4306 doctores
2674 4263 2772 4302 nos
2799 4257 2854 4302 et
2877 4245 3129 4316 apostoli.
3171 4245 3465 4316 Neqnehoc
3486 4247 3658 4302 solum

2074 4359 2252 4399 causa:
2300 4343 2692 4395 firmamentum
2722 4338 2909 4404 atl'ert,
2936 4336 3031 4392 sed
3059 4338 3220 4392 etiam
3269 4337 3409 4407 quod
3457 4353 3555 4393 nos
3593 4355 3660 4394 ex

2077 4433 2308 4504 posteris
2358 4431 2526 4485 Judzei
2574 4429 2783 4500 penitus
2816 4443 2847 4482 a
2896 4427 3014 4497 lege
3059 4427 3487 4483 diseesserimus.
3529 4429 3660 4498 Quae

2077 4525 2234 4580 nobis
2261 4523 2419 4594 igitur
2443 4521 2554 4575 dari
2582 4520 2732 4575 venia
2757 4519 2970 4590 poterit,
3003 4518 3048 4574 si
3078 4527 3306 4574 exteros
3329 4518 3518 4575 adhoc
3540 4536 3662 4590 per-

2076 4616 2384 4672 trahamus?
2406 4613 2566 4668 Vides
2591 4623 2649 4666 ut
2673 4611 2887 4668 Judaeos
2906 4611 3112 4668 occulte
3145 4621 3348 4682 carpat,
3377 4623 3432 4668 et
3455 4613 3659 4668 doctri-

2076 4722 2199 4762 nam
2229 4705 2521 4776 perfectam
2547 4703 2872 4758 constituat?
2908 4703 3042 4757 Cum
3074 4703 3215 4758 enim
3259 4704 3518 4768 dixisset,
3550 4703 3660 4758 Nos

2077 4807 2262 4850 natura
2285 4794 2456 4849 Iudici
2485 4834 2500 4860 ,
2522 4803 2570 4849 et
2598 4811 2697 4848 non
2733 4810 2796 4848 ea:
2821 4793 3069 4864 gentibus,
3095 4805 3380 4864 peccatores
3405 4811 3425 4850 :
3449 4806 3503 4851 et
3529 4811 3660 4851 cau-

2075 4905 2190 4944 Sam
2217 4888 2371 4943 all'ert
2399 4887 2587 4942 rationi
2620 4895 3034 4942 consentaneam
3054 4887 3124 4941 ob
3148 4902 3306 4957 quam
3331 4901 3362 4941 a
3384 4885 3661 4941 Judaismo

2077 4981 2418 5036 desciverant
2453 4993 2468 5032 :
2500 4979 2728 5034 Scientes
2747 5018 2762 5045 ,
2790 4978 2926 5047 quod
2963 4994 3064 5030 non
3085 4977 3402 5048 justi/iretur
3430 4976 3581 5030 homo
3600 4993 3664 5031 ex

2077 5074 2309 5145 operibus
2339 5073 2462 5144 legis
2481 5112 2496 5136 ,
2529 5072 2626 5125 nisi
2657 5086 2746 5141 per
2777 5070 2928 5139 ﬁdem
2954 5069 3081 5124 Iesu
3108 5067 3295 5125 Christi
3318 5085 3338 5124 :
3362 5085 3452 5122 nos
3471 5085 3665 5140 quoque

2077 5168 2130 5220 in
2156 5165 2412 5220 Christum
2446 5163 2623 5218 Jesum
2665 5163 3005 5228 credidimus,
3035 5171 3087 5215 ut
3112 5162 3456 5233 jnstiﬁcemur
3477 5178 3540 5215 ex
3561 5161 3666 5230 ﬁde

2076 5258 2285 5322 Christi,
2321 5268 2488 5310 etnon
2517 5271 2579 5308 ea:
2606 5255 2838 5323 aperibus
2863 5255 3004 5324 legis,
3045 5269 3104 5306 eo
3151 5252 3288 5322 quod
3334 5268 3435 5305 non
3464 5252 3662 5321 justi/i-

2078 5363 2217 5406 cetnr
2237 5351 2386 5404 homo
2411 5366 2475 5403 ex
2499 5348 2734 5416 operibus
2773 5348 2918 5419 legis,
2952 5347 3048 5400 nisi
3071 5362 3161 5417 per
3185 5346 3337 5415 ﬁdem
3363 5342 3490 5398 Iesu
3513 5342 3654 5398 Chri-

2077 5443 2142 5497 m‘
2173 5439 2314 5511 (cat.
2342 5440 2397 5494 2.
2431 5441 2541 5506 te).

2149 5524 2236 5576 l9.
2271 5521 2649 5592 Inﬁrmitatem
2676 5522 2804 5593 legis
2835 5522 3062 5576 inculcat
3089 5519 3646 5592 apostolum—Vides

2078 5622 2138 5666 ut
2166 5615 2481 5684 frequenter
2499 5613 2834 5668 infirmitatis
2855 5614 2988 5684 legis
3017 5613 3181 5670 faciat
3214 5615 3569 5682 mentionem,
3591 5623 3650 5672 et

2075 5705 2302 5775 justitiae
2318 5723 2438 5779 quae
2452 5714 2611 5764 estex
2627 5706 2764 5762 huc?
2780 5705 2845 5762 Et
2859 5706 3058 5764 crebro
3072 5706 3386 5767 inculcatea
3399 5707 3643 5774 nomina,
