4082 6212
2277 109 2318 160 ’ξι

506 233 613 289 587
1207 243 1262 300 S.
1299 244 1580 306 JOANNIS
1617 250 2087 318 CHRYSOSTOMI
2123 263 2446 332 ARCHIEP.
2486 277 3024 346 CONSTAN'IINOP.

501 343 645 409 aliud
667 361 772 400 non
801 358 882 404 est
911 353 1350 420 reprehendentis
1369 401 1384 424 ,
1413 361 1507 417 sed
1533 363 1775 423 docentis
1804 376 1857 424 et
1883 384 2081 427 consu-

501 434 681 493 lentis.
711 440 929 509 Verum,
957 455 1014 500 ut
1041 447 1282 506 dicebam
1307 494 1321 518 ,
1351 454 1396 510 si
1420 457 1633 526 quidem
1657 504 1673 528 ,
1702 472 1759 518 ut
1788 465 1840 519 in
1869 464 2082 526 Judzeos

498 525 842 586 inveberetur
861 572 877 598 ,
911 532 1027 591 lure
1052 536 1292 609 diceret,
1319 525 1495 602 actum
1526 560 1704 618 esset,
1733 569 1797 609 ac
1826 571 1912 610 res
1939 569 2081 627 esset

491 615 651 684 plane
690 619 961 690 deplorata
985 667 1002 691 ,
1033 629 1174 698 quod
1205 631 1280 686 illi
1311 632 1467 704 hujus
1508 615 1812 698 doctrinam
1857 615 2076 705 minime

490 703 692 762 ferrent
719 726 736 763 :
763 713 1014 779 quoniam
1062 729 1237 774 autem
1276 723 1342 777 ad
1373 703 1588 782 Petrum
1616 732 1913 800 orationem
1942 752 2078 792 con-

486 797 674 863 vertit,
705 798 779 852 illi
804 801 940 857 clam
986 807 1262 864 utilitatem
1309 797 1701 888 percipiebant,
1733 822 1857 879 dum
1886 843 2070 897 repre-

484 885 806 946 henderetur
826 909 890 948 ac
918 905 1116 954 taceret
1137 901 1344 971 Petrus,
1363 907 1583 979 ejusque
1604 917 1864 971 sententia
1896 921 2070 977 omnis

483 976 820 1048 detegeretur
855 1002 958 1042 non
987 990 1056 1043 ab
1099 992 1250 1062 ipso,
1279 997 1370 1052 sed
1401 1015 1430 1054 a
1460 976 1766 1072 coapostolo
1789 1049 1801 1070 ,
1831 1017 1886 1063 et
1925 1013 2069 1080 prior

476 1064 595 1135 ejus
623 1079 959 1131 conversatio
987 1080 1037 1134 in
1068 1083 1300 1141 medium
1333 1091 1676 1157 proferretur.
1711 1097 1911 1157 Deinde
1937 1119 2064 1159 vero

475 1175 543 1214 ne
589 1164 728 1232 apud
775 1181 834 1221 se
861 1168 1344 1247 dicerent:quue
1387 1181 1512 1236 licet
1555 1185 1743 1243 Petrus
1779 1200 1832 1244 et
1868 1191 2062 1250 Paulus
2149 1204 2151 1206 ’

470 1263 748 1322 perperam
779 1261 982 1327 egerint
1005 1263 1208 1332 :justas
1235 1279 1289 1323 et
1315 1270 1636 1330 indubitatas
1658 1279 1812 1335 aﬂ‘ert
1839 1298 2050 1353 caUSas,

465 1341 538 1395 ob
590 1360 721 1413 quas
771 1347 1003 1406 Judaicis
1045 1354 1235 1412 ritibus
1281 1361 1662 1422 adhaerendum
1696 1387 1800 1425 non
1837 1385 1936 1429 est.
1967 1378 2056 1431 lia:

463 1445 597 1487 vero
639 1446 798 1504 sunt,
839 1442 979 1508 quod
1005 1443 1294 1512 iustificare
1332 1451 1415 1506 lex
1469 1456 1688 1513 minime
1732 1464 1934 1532 possit,
1959 1468 2052 1522 sed

466 1524 601 1580 tides
650 1537 874 1584 tantum.
923 1536 1094 1604 Atque
1139 1537 1225 1594 hic
1273 1544 1484 1611 quidem
1525 1548 1631 1604 leni
1673 1566 1737 1607 ac
1780 1555 2050 1613 moderata

464 1617 628 1670 utitur
676 1622 960 1678 oratione:
993 1641 1304 1698 progressus
1348 1646 1522 1692 autem
1570 1643 1837 1709 paululum
1882 1652 2047 1704 vehe-

460 1709 777 1765 mentiorem
826 1714 1043 1772 adhibet
1083 1730 1138 1776 et
1179 1726 1458 1784 acriorem.
1504 1732 1653 1798 Quod
1691 1738 1736 1790 si
1773 1753 2047 1811 qua’rentes

455 1800 723 1863 iustiﬁcari
762 1804 814 1856 in
861 1805 1060 1862 Christo
1106 1812 1295 1868 inventi
1321 1835 1492 1874 sumus
1520 1833 1568 1876 et
1607 1826 1706 1894 ipsi
1736 1843 2039 1900 peccatores,

453 1905 572 1945 nunt
609 1893 835 1949 Christus
870 1903 1059 1966 peccati
1099 1906 1323 1961 minister
1339 1921 1411 1964 est
1445 1893 1635 1983 (Gulat.
1655 1918 1711 1975 9.
1736 1893 1865 1989 tm
1890 1925 2038 1992 Quod

449 1990 626 2037 autem
656 1985 784 2042 dicit
811 1991 966 2046 talem
997 2000 1314 2055 sententiam
1344 2003 1502 2060 habet
1535 2025 1547 2060 :
1581 2009 1740 2066 Fides
1760 1985 2031 2086 justilit-at,

445 2081 500 2124 et
521 2087 550 2125 a
579 2074 766 2133 ritibus
792 2078 1026 2138 Judaicis
1040 2087 1192 2154 jubet
1217 2089 1510 2162 discedere,
1536 2109 1592 2153 ut
1620 2104 1708 2172 qui
1725 2074 1834 2173 jam
1860 2124 2035 2165 cessa-

443 2164 551 2218 rint
575 2183 588 2218 :
611 2169 751 2237 quod
777 2172 822 2226 si
864 2174 1038 2233 adhuc
1067 2179 1151 2234 lex
1180 2182 1405 2253 imperat
1431 2198 1587 2260 atque
1613 2164 1914 2253 dominatur
1938 2243 1950 2264 ,
1980 2213 2033 2259 et

437 2257 525 2324 qui
550 2272 666 2313 eam
692 2259 1005 2334 deseruerit,
1025 2274 1470 2339 praivaricationis
1491 2292 1572 2337 est
1601 2301 1741 2351 reus,
1764 2288 2028 2365 Christus,

436 2349 526 2417 qui
571 2354 756 2419 nobis,
790 2367 844 2411 ut
891 2360 1034 2416 illam
1079 2365 1486 2441 desereremus,
1525 2377 1838 2452 imperavit,
1871 2389 2025 2445 nobis

436 2443 884 2505 prtevaricationis
913 2461 1102 2508 auctor
1126 2453 1288 2514 fuisse
1309 2466 1621 2535 reperietur,
1650 2487 1824 2543 neque
1851 2477 2022 2536 Solum

437 2542 536 2583 nos
566 2545 783 2600 peccato
811 2553 918 2594 non
948 2543 1220 2612 liberasse,
1253 2552 1346 2606 sed
1379 2565 1432 2608 et
1457 2557 1511 2611 in
1541 2542 1814 2629 peccatum
1846 2567 2021 2639 impu-

437 2617 550 2639 κη,
611 2621 665 2639 η.
780 2628 791 2638 .
931 2631 942 2639 .
1015 2633 1038 2639 -
1063 2634 1075 2639 -

1541 2617 1556 2629 ι
1734 2617 1813 2619 ""'
1846 2617 1987 2639 ""l"

431 2617 577 2674 lisse.
611 2621 666 2678 Si
707 2628 850 2682 enim
894 2631 962 2685 ob
1007 2633 1164 2690 ﬁdem
1193 2639 1364 2711 legem
1404 2645 1736 2709 deseruimus
1759 2697 1773 2721 ,
1801 2674 1962 2729 porro
1986 2679 2017 2717 a

435 2707 544 2729 ,ΑΜ
613 2711 647 2729 ,.
803 2717 815 2728 .

1248 2707 1268 2711 ν
1720 2707 1729 2709 ε
1759 2707 1773 2721 ι
1801 2707 1960 2729 r"'"'
1986 2707 2013 2717 "'

434 2707 550 2778 lege
594 2711 908 2773 discessisse
953 2735 1230 2791 peccatum
1258 2741 1341 2786 est
1360 2773 1375 2798 ,
1405 2736 1535 2792 tides
1559 2741 1628 2796 ob
1655 2759 1811 2814 quam
1843 2749 2013 2821 legem

1673 2799 1688 2814 _
1765 2799 1772 2800 ,
1800 2799 1809 2800 ,
1843 2799 2013 2821 νον..

425 2799 777 2872 deseruimus,
813 2809 924 2879 ipsa
947 2814 1098 2871 nobis
1126 2816 1260 2876 facta
1291 2833 1554 2884 estcausa
1586 2839 1808 2902 peccati.
1835 2839 2016 2908 Quan-

423 2893 494 2948 do
519 2901 788 2955 autem'ad
808 2902 1096 2963 absurdum
1118 2911 1230 2980 jam
1256 2930 1557 2979 sermonem
1583 2929 1803 3002 redegit,
1835 2952 2010 3008 neque

423 2985 521 3008 “ll-
583 2987 690 3008 ,1-ημ
712 3006 723 3008 ,
805 3003 816 3008 -
890 2996 920 3008 ,ο
1095 3002 1107 3008 -
1167 3003 1199 3008 --
1282 3007 1288 3008 ,

423 2985 526 3040 ulla
576 2987 1031 3054 demonstratione
1092 3002 1316 3074 indignit
1359 3011 1429 3065 ad
1491 2985 1861 3089 refutandum,
1911 2985 2005 3085 sed

417 3088 699 3134 contentus
724 3081 821 3139 fuit
849 3086 1030 3147 dicere
1053 3133 1069 3160 ,
1100 3094 1268 3162 Absit,
1299 3102 1439 3170 quod
1467 3105 1768 3168 absurditas
1796 3081 2005 3175 in'con-

415 3165 554 3223 fesso
600 3183 784 3229 esset:
815 3176 878 3232 Si
917 3183 1084 3251 εηὶηι,
1128 3186 1328 3258 inquit,
1375 3211 1487 3264 qua:
1533 3199 1792 3273 destruxi,
1821 3208 2002 3266 iterum

415 3261 522 3315 Iure
545 3267 763 3335 aedi/ica,
788 3276 1221 3336 prevaricatorem
1247 3301 1324 3337 me
1349 3261 1593 3346 constituo
1615 3295 1756 3365 (Gal.
1781 3299 1833 3352 2.
1866 3304 1952 3373 18)
1981 3323 1996 3359 :

1620 3351 1631 3365 η
1786 3351 1827 3352 κν
1872 3351 1950 3373 _-,
1981 3351 1989 3359 .

411 3351 463 3403 in
491 3359 813 3412 contrarium
842 3369 1108 3422 convertit
1134 3374 1429 3432 orationem
1455 3420 1470 3444 ,
1502 3391 1556 3436 et
1585 3389 1848 3457 ostendit,
1886 3410 1989 3449 non

409 3447 705 3514 transgredi
734 3450 903 3520 legem
929 3496 944 3520 ,
975 3457 1067 3512 sed
1097 3460 1264 3532 legem
1295 3482 1400 3521 non
1429 3467 1700 3542 deserere,
1727 3479 1826 3536 hoc
1851 3499 1991 3552 pra:-

401 3535 750 3592 varicatorem
779 3543 1040 3613 reddere;
1073 3561 1125 3605 et
1157 3568 1251 3620 per
1279 3560 1510 3625 speciem
1542 3570 1769 3636 pr0priae
1800 3588 1987 3641 perso-

403 3639 484 3678 na:
510 3642 696 3682 rursus
722 3631 935 3688 Petrum
959 3637 1218 3709 designat.
1250 3645 1304 3700 In
1335 3665 1439 3717 quo
1465 3655 1606 3710 enim
1635 3658 1822 3717 Petrus
1843 3666 1990 3720 cibo-

404 3731 522 3769 rum
554 3717 979 3780 observationem
1020 3730 1271 3799 violavit,
1296 3741 1385 3808 qui
1420 3747 1688 3812 gentiiiter
1729 3762 1988 3815 statuerat

401 3803 622 3861 vivere?
653 3810 782 3865 Cum
826 3813 984 3884 igitur
1025 3820 1091 3875 ad
1136 3803 1350 3883 .ludmo's
1404 3803 1593 3892 iierum
1644 3842 1896 3912 redierit,
1930 3861 1985 3908 et

393 3903 514 3949 cum
543 3897 643 3954 illis
665 3901 836 3971 vivat,
854 3909 1148 3978 reperietur
1179 3918 1441 3979 :ediiicare
1468 3942 1587 3997 quae
1624 3932 1978 3997 destruxerat.

3674 320 3785 380 33‘8

2190 381 2352 438 rebus
2379 385 2506 457 ipsis
2531 393 2868 465 ostenderat,
2900 399 3067 457 Judaei
3093 403 3509 472 admonitionem
3536 424 3781 495 accipere

2190 471 2450 495 ..μμ-,η
2481 481 2570 495 ..η
2679 493 2684 495 Α
2861 489 2893 495 --
2934 493 2941 495 ξ
3045 493 3083 495 ω

2186 471 2510 532 videantur?
2528 481 2817 553 Pmpterea
2843 489 2970 546 dicit
2997 511 3009 548 :
3041 493 3243 554 Timent
3266 517 3351 557 eos
3375 507 3462 574 qui

2183 562 2372 620 cisione
2402 581 2576 641 erant,
2606 584 2661 630 et
2689 577 2820 646 Quia
2855 586 3193 656 reprehensus
3217 603 3363 659 erat;
3389 609 3442 653 et
3474 603 3623 668 Quod
3668 628 3770 668 non

2180 666 2314 712 recte
2337 662 2616 720 ambularet
2639 670 2709 723 ad
2735 673 2990 731 veritatem
3013 685 3278 754 evangelii.
3299 687 3414 746 Non
3444 662 3586 766 quod

2180 744 2400 806 haberet
2427 771 2441 808 :
2466 755 2635 825 absit;
2667 759 2769 818 hoc
2791 767 2933 822 enim
2964 744 3207 839 pluribus
3233 744 3714 853 demonsiravimus
3742 817 3758 854 :

2175 840 2270 895 sed
2288 849 2734 912 quemadmodum
2765 865 2874 913 tum
2899 867 3152 933 temporis
3177 840 3756 943 reprehendebat-Pan:

2172 929 2276 996 las,
2299 945 2354 990 et
2383 935 2496 994 hazc
2524 943 2749 1001 audiens
2779 948 2968 1007 Petrus
2999 929 3207 1013 tacebat
3227 929 3255 1025 ,ι
3273 978 3341 1020 ne
3365 966 3510 1025 Pauli
3540 975 3758 1046 dispen-

2169 1024 2430 1081 sationem
2460 1042 2744 1104 everteret,
2771 1047 2825 1094 et
2852 1052 3136 1100 contentus
3159 1024 3272 1106 erat
3299 1058 3448 1125 quasi
3479 1077 3584 1116 non
3609 1024 3753 1125 dcere

2167 1124 2382 1182 ageret,
2403 1119 2820 1192 obiurgationem
2859 1132 3140 1192 admittere
3162 1181 3177 1204 ,
3207 1151 3264 1195 ut
3303 1119 3434 1202 illud
3463 1150 3562 1207 sibi

3165 1202 3171 1204 ν
3464 1202 3562 1207 ννν-
3615 1202 3750 1225 *Ἰν-ο·-

2165 1202 2455 1276 discipulos
2493 1218 2822 1273 exensationi
2863 1234 3043 1279 esset:
3076 1228 3146 1283 ita
3192 1233 3445 1293 nimirum
3486 1258 3625 1300 nunc
3652 1248 3750 1304 iste

2163 1295 2348 1351 eodem
2392 1303 2614 1358 consilio
2652 1323 2758 1376 quo
2802 1310 3016 1369 Petrum
3050 1321 3338 1392 arguebat,
3371 1327 3489 1383 haec
3524 1333 3746 1408 scribit,

2160 1401 2278 1454 qua:
2305 1397 2413 1443 tum
2440 1395 2708 1451 scribebat
2735 1399 2800 1454 ad
2840 1401 3074 1460 Galatas.
3098 1408 3226 1465 Nam
3261 1415 3305 1468 si
3336 1427 3445 1472 tum
3475 1395 3738 1496 ohjurgari

2158 1475 2371 1533 Petrum
2396 1522 2411 1547 ,
2440 1494 2492 1538 et
2538 1496 2715 1544 tacere
2740 1532 2757 1558 ,
2791 1495 2919 1549 utile
2943 1496 3143 1554 Judaris
3180 1516 3294 1559 erat
3313 1547 3329 1573 ,
3362 1475 3742 1590 multo'miigis

2156 1583 2296 1624 nunc
2333 1573 2490 1628 etiam
2535 1577 2629 1632 ista
2658 1581 2724 1636 de
2766 1583 2882 1653 ipso
2924 1591 3231 1659 praedicari,
3263 1600 3390 1656 utile
3419 1603 3482 1657 iis
3519 1618 3633 1663 erat
3661 1627 3727 1666 ex

2152 1656 2352 1715 (inlatis
2377 1704 2392 1728 ,
2420 1667 2507 1734 qui
2541 1668 2748 1726 fuerant
2774 1674 3062 1745 depravati.
3097 1682 3162 1738 Ut
3184 1656 3325 1742 enim
3361 1656 3731 1761 quitum—:8;

2153 1749 2360 1806 tiochize
2383 1754 2665 1826 degebant,
2690 1778 2808 1817 cum
2835 1767 3028 1822 acriter
3049 1776 3428 1840 reprehensum
3446 1798 3732 1844 cernerent

2149 1838 2359 1896 Petrum
2387 1886 2402 1912 ,
2433 1859 2486 1900 et
2516 1858 2781 1907 tacentem
2808 1897 2822 1922 ,
2852 1859 3087 1927 magistri
3116 1871 3452 1927 accusatione
3492 1880 3729 1949 corrige-

2144 1930 2425 2001 bantur,ac
2440 1939 2647 1996 silentio
2667 1961 2681 1997 :
2700 1945 2776 2000 sic
2796 1958 2847 2001 et
2867 1965 3004 2004 nunc
3025 1952 3242 2022 Galatar,
3262 1961 3346 2029 qui
3361 1965 3546 2021 eodem
3571 1986 3718 2026 mor-

2143 2020 2211 2074 bo
2253 2023 2485 2083 Judaica:
2527 2033 2916 2094 observationis
2964 2020 3308 2112 laborant,et
3336 2052 3458 2108 dum
3489 2058 3710 2116 Paulum

2138 2113 2359 2170 audiunt
2387 2118 2502 2174 hmc
2531 2122 2596 2177 de
2618 2125 2732 2194 ipso
2756 2129 3039 2199 dicentem,
3072 2147 3247 2206 utpote
3272 2142 3390 2209 quia
3417 2148 3714 2215 reprehen-

2136 2214 2229 2261 Sus
2255 2219 2370 2264 erat
2392 2252 2406 2276 ,
2441 2222 2494 2267 et
2524 2232 2627 2270 non
2655 2229 2798 2275 recte
2824 2224 3122 2281 ambulabat
3147 2229 3214 2284 ad
3245 2234 3510 2290 veritatem
3539 2254 3716 2296 evan-

2131 2302 2278 2370 gelii,
2305 2320 2531 2376 cumque
2554 2323 2767 2380 pr0pter
2788 2313 2904 2371 huic
2925 2318 3232 2390 objurgatus
3260 2324 3486 2382 siluisset
3508 2345 3525 2383 :
3546 2334 3718 2387 maxi-

2131 2407 2269 2446 mam
2315 2397 2436 2452 inde
2479 2403 2836 2471 percipiebant
2883 2407 3176 2467 doctrinam
3202 2424 3296 2480 ,ut
3333 2433 3438 2472 non
3481 2422 3716 2490 amplius

2126 2483 2362 2544 Judaicis
2411 2491 2600 2548 ritibus
2642 2495 2996 2555 adhavrcrent.
3029 2502 3234 2560 Idcirco
3258 2508 3416 2562 etiam
3443 2509 3634 2568 Paulus
3655 2526 3712 2570 et

2127 2585 2250 2633 tunc
2272 2581 2560 2652 increpavit
2585 2627 2601 2652 ,
2629 2596 2681 2640 et
2713 2603 2850 2644 nunc
2881 2591 3022 2646 illius
3050 2599 3300 2664 temporis
3326 2599 3713 2672 objurgationis

2121 2672 2443 2728 mentionem
2470 2675 2593 2730 facit
2617 2696 2630 2731 :
2655 2694 2825 2748 neque
2846 2683 3018 2738 minus
3038 2685 3234 2741 idcirco
3259 2689 3479 2746 Petrum
3508 2695 3713 2752 laudari

2117 2761 2389 2828 convenit,
2407 2765 2548 2834 quod
2573 2769 2820 2824 omnibus
2843 2771 2922 2834 iis,
2953 2789 3069 2843 qum
3089 2775 3226 2830 dicta
3250 2789 3376 2833 sunt
3396 2796 3708 2845 ,assensum

2116 2850 2424 2919 prtebuerit.
2454 2853 2545 2909 llle
2572 2857 2713 2911 enim
2737 2859 2852 2926 fuit,
2881 2863 2966 2932 qni
2994 2866 3174 2920 omnia
3198 2870 3468 2938 pncSIitit,
3501 2875 3589 2944 qui
3614 2891 3708 2933 ao-

2112 2944 2286 2999 cusari
2325 2962 2385 3001 se
2413 2964 2598 3015 passus
2623 2960 2705 3005 est
2728 2995 2744 3020 ,
2772 2964 2824 3009 et
2854 2957 3127 3012 conticuit.
3161 2960 3256 3016 llic
3280 2963 3696 3036 dispensationis

2109 3045 2191 3088 est
2233 3035 2454 3093 fructus.
2492 3039 2566 3096 lta
2613 3059 2710 3099 nos
2749 3055 3028 3118 utrumque
3072 3055 3430 3121 apostolorum
3474 3061 3699 3119 crimine

2108 3124 2469 3197 liberavimus,
2496 3133 2707 3203 utrique
2733 3151 2861 3191 vero
2885 3139 3068 3196 laudes
3087 3142 3349 3199 debentur
3377 3148 3692 3206 innumeraz.

2103 3219 2243 3288 quod
2274 3220 2338 3275 ad
2367 3222 2589 3278 aliorum
2620 3227 2843 3283 salutem
2872 3233 3049 3286 omnia
3080 3235 3262 3291 audire
3287 3240 3586 3298 studuerint
3613 3245 3692 3300 si-

2102 3309 2242 3375 mul,
2272 3325 2335 3366 ac
2362 3311 2560 3370 dicere.
2598 3315 2708 3372 Nos
2751 3328 2928 3375 autem
2968 3322 3224 3395 deinceps
3263 3328 3405 3384 Petri
3441 3339 3498 3386 et
3539 3333 3687 3391 Pauli

2099 3399 2262 3456 Deum
2285 3420 2551 3474 rogemus,
2582 3417 2636 3464 ut
2656 3411 2744 3480 qui
2775 3415 2968 3470 mutuis
2999 3417 3116 3470 illos
3136 3422 3433 3476 concordia:
3454 3424 3687 3482 vinculis

2097 3491 2235 3547 inter
2261 3509 2320 3551 se
2359 3495 2638 3568 devinxit,
2674 3519 2771 3558 nos
2807 3521 3020 3577 quoque
3057 3519 3241 3565 mutuo
3291 3512 3682 3572 vehementiori

2093 3583 2315 3639 caritate
2341 3592 2671 3662 etmstringat
2696 3611 2712 3648 :
2738 3611 2844 3665 quo
2883 3599 3095 3653 tandem
3131 3609 3358 3656 mutuam
3389 3604 3528 3659 inter
3572 3622 3683 3663 nos

2092 3677 2383 3733 secundum
2436 3682 2602 3738 Deum
2661 3687 3000 3744 concordiam
3054 3693 3292 3750 foventes
3320 3738 3336 3762 ,
3365 3707 3675 3754 sanctorum

2089 3765 2299 3823 illorum
2344 3786 2631 3844 conspectu
2681 3778 2999 3852 dignemur,
3031 3794 3085 3839 et
3129 3786 3180 3840 in
3231 3791 3447 3844 aeternis
3486 3807 3676 3848 eorum

2089 3859 2354 3926 possimus
2382 3865 2735 3924 tabernaculis
2772 3872 2993 3928 inveniri
3018 3916 3033 3940 ,
3063 3878 3228 3945 gratia
3259 3889 3314 3934 et
3345 3880 3672 3951 benignitate

2085 3950 2292 4007 Domini
2333 3958 2500 4012 nostri
2542 3959 2668 4016 Jesu
2715 3963 2911 4019 Christi
2934 4007 2948 4031 ,
2981 3983 3074 4037 per
3101 3984 3256 4040 quem
3288 4013 3303 4037 ,
3333 3981 3383 4027 et
3415 3950 3533 4028 cum
3563 3990 3671 4044 quo

1485 3986 1500 3997 ·
1647 3986 1756 3990 ""‘
1777 3986 1978 3997 """'"
2085 3986 2292 4007 νυιιιιιιι
2333 3986 2500 4012 ιιυθυι
2542 3986 2668 4016 ausu
2715 3986 2911 4019 hlll‘lSll
2934 4007 2948 4031 ,
2981 3986 3074 4037 per
3101 3986 3256 4040 quem
3288 4013 3303 4037 ,
3333 3986 3383 4027 οι
3415 3988 3533 4028 CIIII]
3563 3990 3670 4044 quo

468 3986 556 4042 20°
603 3989 760 4048 Vides
787 4009 893 4064 (Ιηο
917 4011 1072 4067 [³³0ιο
1101 4005 1294 4077 "biflue
1317 4012 1368 4067 in
1402 4018 1847 4085 condemnatione
1878 4033 1980 4089 Pe-
2083 4039 2227 4096 Patri
2257 4054 2308 4098 et
2338 4045 2555 4114 Spiritui
2585 4062 2769 4107 sancto
2793 4093 2807 4116 ,
2834 4055 3002 4123 gloria
3029 4097 3044 4122 ,
3074 4059 3383 4128 imperium,
3417 4061 3588 4118 honor
3615 4075 3670 4120 et

491 4079 707 4128 lnnrezit,
742 4096 790 4128 nl
823 4093 1050 4128 nrim-nm'
1079 4095 1242 4128 indm.
1271 4119 1507 4128 -....---“,
1531 4113 1563 4128 ,ο
1880 4125 1921 4128 __

1711 4079 1845 4085 ίαν-⁷
1878 4079 1898 4086 -
1923 4079 1950 4089 ν
2083 4079 2106 4093 ι
2126 4079 2227 4096 ιιι-ι
2257 4079 2308 4098 υι
2338 4079 2448 4114 up"
2464 4079 2555 4102 uul
2585 4079 2769 4107 nunc“)
2793 4093 2807 4116 ν
2834 4079 3002 4123 εΙυΙἹὶΙ
3029 4097 3044 4122 ,
3074 4079 3350 4128 ΙΠΙΡΟΓΙΙΙΙΠ
3368 4101 3383 4125 ,
3417 4079 3588 4118 nonor
3615 4079 3661 4120 et

395 4080 458 4133 tri
490 4079 710 4149 inereat,
742 4096 794 4141 et
823 4093 1050 4157 priorem
1077 4095 1244 4167 ipsius
1268 4113 1724 4171 conversationem
1752 4125 1977 4180 manife-
2080 4131 2319 4189 adoratio
2343 4174 2359 4204 ,
2387 4153 2528 4193 nunc
2553 4148 2608 4195 et
2634 4155 2847 4213 semper
2869 4185 2885 4212 ,
2914 4154 2966 4200 et
2997 4146 3050 4201 in
3089 4150 3276 4205 saecula
3321 4152 3661 4208 εωειιιοηιιιι,

395 4180 491 4213 Slnl
515 4189 526 4213 ξ
554 4183 602 4213 ιιι
635 4191 736 4213 nnn
767 4195 792 4213 σι
823 4179 994 4213 lium...
1030 4185 1172 4213 nm.”
1242 4194 1330 4213 --μ
1367 4212 1376 4213 η
1627 4206 1658 4213 -
1753 4211 1763 4213 -

388 4180 527 4226 stet:
554 4183 607 4227 ut
634 4191 737 4231 non
765 4195 794 4233 a
822 4179 996 4252 lingua
1028 4185 1209 4258 Pauli,
1239 4194 1333 4250 sed
1357 4212 1388 4252 a
1419 4213 1596 4260 mente
1622 4206 1787 4278 Petri,
1811 4229 1969 4284 quam
2076 4222 2271 4279 Amen.

1376 4761 1560 4822 ΠΝΙὸ
1600 4768 1763 4827 ΤΟΜΙ
1803 4775 2354 4846 QUINQUAGESIMI
2391 4787 2609 4848 ΡΙΠΜΙ.
