4082 6212
326 249 424 302 ῗέῑζῒ

321 356 611 426 τιμῶντος,
665 355 803 413 ἀλλά
857 353 1218 418 διδάσκοντος,
1274 354 1367 409 καὶ
1429 352 1904 426 συμϐουλεύοντος.

333 445 498 510 ’Λλλᾏ
533 442 671 516 ὅπερ
700 445 858 516 ἔφην,
907 446 955 497 εί
991 443 1090 513 μὲν
1137 441 1274 513 πρὸς
1315 443 1599 506 Ἰουδαίους
1631 442 1910 496 ἀποτεινόο

323 547 488 602 μενος
534 529 708 586 ταῦτα
743 531 916 600 έλεγε,
943 529 1004 582 τὸ
1033 531 1142 582 πᾶν
1171 529 1237 584 ἂν
1263 528 1486 600 διερρύη
1517 529 1611 582 καὶ
1638 528 1906 594 ἀπώλετο,

323 619 424 672 οὑκ
474 619 820 690 ἀνεχομένων
871 616 1094 671 ἐκείνων
1147 617 1251 687 τῆς
1294 615 1484 670 τούτου
1539 616 1903 680 διδασκαλίας·

323 705 513 775 ἐπειδὴ
557 705 613 758 δέ
644 703 782 776 πρὸς
812 703 1018 773 Πέτρον
1047 703 1140 756 τὸν
1170 702 1327 770 λόγον
1365 702 1688 773 ἐπέστρεψε,
1714 701 1909 756 λανθα-

324 793 522 857 νόντως
546 795 740 846 ἐκεῖνοι
757 793 855 863 τὴν
876 791 1143 862 ὠφέλειαν
1169 791 1528 860 ἐκαρποῦντο,
1569 791 1908 862 ἐπιτιμωμέ-

323 895 415 934 νον
446 882 540 934 καὶ
563 879 822 949 σιγῶντος
849 880 944 934 τοῦ
974 880 1205 951 Πέτρου,
1235 878 1453 948 καὶτῆς
1483 877 1708 950 γνώμης
1741 878 1904 932 αὑτοῦ

326 968 506 1038 πάσης
531 966 1036 1037 ὲκκαλυπτομένης,
1071 967 1190 1037 οὑχ).
1204 965 1332 1036 παρ’
1355 964 1570 1030 ἐαυτοῦ,
1601 964 1734 1019 ἀλλά
1757 965 1908 1036 παρά

323 1052 416 1107 τοῦ
445 1053 868 1118 συναποστόλου,
902 1054 996 1106 καὶ
1025 1053 1122 1123 τῆς
1149 1052 1493 1124 ἀναστροφῆς
1512 1053 1610 1122 τῆς
1635 1053 1908 1123 προτέρας

325 1142 404 1204 είς
425 1141 587 1210 μέσον
617 1141 912 1213 ἀγομένης.
953 1136 1107 1204 Εἶτα,
1149 1140 1235 1194 ἵνα
1273 1139 1347 1211 μὴ
1391 1139 1590 1207 λέγωσι
1621 1143 1748 1210 παρ’
1783 1140 1910 1192 ἐαυ-

325 1231 459 1292 τοῖς,
492 1228 557 1280 Τί
582 1225 674 1282 οὖν
709 1230 758 1281 εί
782 1229 876 1282 καὶ
912 1228 1117 1297 Πέτρος
1155 1228 1250 1280 καὶ
1271 1226 1480 1290 Παῦλος
1509 1226 1695 1290 κακῶς
1718 1225 1908 1295 ἐποίη-

327 1329 460 1379 σαν;
487 1316 666 1378 αίτίας
693 1315 908 1379 δικαίας
939 1315 1031 1367 καὶ
1062 1313 1578 1385 ἀναμφισϐητήτους
1607 1313 1810 1383 τίθησι,
1839 1313 1906 1366 δι’

324 1401 392 1463 ἃς
439 1403 500 1454 οὑ
539 1402 620 1454 δεῖ
668 1401 776 1454 τῶν
831 1400 1138 1454 Ἰουδαϊκῶν
1186 1399 1324 1455 ἐθῶν
1367 1399 1606 1470 ἔχεσθαι.
1652 1397 1818 1454 Αὗται
1852 1399 1907 1452 δέ

327 1489 452 1551 εἰσι,
482 1489 542 1542 τὸ
573 1489 647 1560 μὴ
695 1489 953 1543 δύνασθαι
1004 1487 1095 1542 τὸν
1123 1487 1286 1558 νόμον
1325 1487 1591 1554 δικαιοῦν,
1623 1487 1758 1541 ἀλλά
1810 1489 1909 1558 τὴν

328 1575 511 1628 πίστιν
546 1576 725 1646 μόνον.
759 1576 869 1628 Καὶ
898 1574 1131 1629 ἐνταῦθα
1153 1574 1251 1644 μὲν
1268 1573 1616 1646 ἡμερώτερον
1646 1574 1909 1645 κέχρηται

327 1665 407 1735 τῷ
461 1665 624 1734 λόγῳο
683 1665 888 1737 προῖὼν
937 1665 994 1719 δέ
1034 1664 1550 1736 καταφορικώτερον
1609 1667 1754 1717 ποιεῖ
1801 1665 1895 1718 καὶ

329 1751 688 1823 σφοδρότερον
709 1763 759 1806 ι.
774 1753 843 1805 Εἰ
869 1751 936 1804 δὲ
957 1749 1268 1819 ζητοῦντες
1286 1749 1670 1816 δικαιωθῆναι
1697 1749 1916 1818 ἐνΧρι-

328 1837 456 1902 στῷ
480 1838 816 1908 ηὐρέθημεν
832 1839 927 1892 καὶ
949 1838 1117 1892 αὐτοὶ
1144 1836 1502 1906 ἁμαρτωλοί,
1531 1828 1643 1904 ἄρα
1664 1837 1917 1904 Χριστὸς

330 1925 621 1992 ἁμαρτίας
669 1924 980 1990 διάκονος;
1019 1925 1082 1978 Ὀ
1127 1923 1184 1976 δὲ
1234 1923 1406 1991 λέγει,
1456 1922 1698 1976 τοιοῦτόν
1744 1925 1914 1976 ἐστιν·

335 2011 397 2063 Ἦ
417 2010 595 2074 πίστις
615 2008 823 2076 δικαιοῖ,
853 2011 946 2064 καὶ
979 2008 1190 2064 κελεύει
1216 2009 1518 2080 ἀποστῆναι
1545 2008 1652 2062 τῶν
1696 2009 1915 2063 Ἰουδαῖ-

332 2096 442 2148 κῶν
468 2097 624 2162 ἐθῶν,
647 2098 723 2161 ὡς
755 2099 1116 2168 πεπαυμένων
1151 2097 1355 2150 λοιπόν·
1385 2099 1434 2150 εί
1465 2096 1522 2150 δέ
1553 2095 1632 2148 ἔτι
1668 2097 1858 2167 κρατεῖ
1888 2097 1917 2148 6

329 2183 490 2252 νόμος
516 2187 612 2237 καὶ
643 2185 829 2255 κύριός
846 2187 979 2247 ἐστι,
1000 2185 1093 2237 καὶ
1115 2187 1142 2237 6
1169 2185 1328 2253 ἀφεὶς
1351 2184 1512 2237 αὑτὸν
1541 2183 1913 2254 παραϐάσεως

333 2270 595 2340 κρίνεται,
632 2273 986 2342 εὑρεθήσεται
1030 2274 1058 2324 6
1106 2273 1360 2343 Χριστὸς,
1396 2273 1424 2325 6
1472 2271 1734 2336 κελεύσας
1786 2273 1915 2342 ἡμῖν

330 2356 494 2408 αὑτὸν
525 2358 762 2426 ἀφιέναι,
798 2359 897 2428 τῆς
944 2359 1308 2430 παραϐάσεως
1333 2361 1466 2429 ήμῖν
1490 2357 1662 2422 αἴτιος
1689 2375 1918 2428 γεγενη-

335 2441 517 2508 μένος,
553 2443 648 2496 καὶ
673 2444 734 2496 ού
767 2445 924 2515 μόνον
968 2447 1067 2498 οὑκ
1096 2444 1410 2511 ἀπαλλάξας
1440 2446 1587 2516 ήμᾶς
1618 2445 1912 2516 ἁμαρτίας.

332 2527 468 2581 ἀλλά
503 2531 597 2582 καὶ
619 2530 872 2600 ἐμϐαλὼν
895 2534 976 2596 είς
1016 2533 1314 2604 ἁμαρτίαν.
1349 2532 1414 2584 El
1445 2533 1554 2603 γάρ
1579 2532 1668 2585 διὰ
1692 2532 1791 2602 τήν
1824 2530 1916 2584 πί-

336 2631 452 2668 στιν
490 2617 582 2667 τὸν
629 2619 793 2686 νόμον
825 2618 1139 2687 ἀφήκαμεν,
1182 2619 1244 2671 τὸ
1276 2619 1331 2672 δὲ
1374 2619 1591 2686 ἀφιέναι
1635 2619 1724 2671 τον
1754 2620 1917 2690 νόμον

340 2702 578 2771 ἁμαρτία
608 2703 775 2767 ἐστὶν,
807 2705 839 2772 ή
877 2704 1078 2767 πίστις,
1109 2705 1176 2756 δι’
1203 2706 1268 2774 ἣν
1298 2704 1387 2757 τὸν
1410 2705 1574 2776 νόμον
1600 2705 1914 2776 ἀφήκαμεν,

333 2788 470 2859 αὕτη
503 2791 601 2861 τῆς
634 2791 908 2860 ἁμαρτίας
937 2792 1093 2862 ήμῶν
1123 2793 1272 2846 αἰτία
1315 2792 1549 2860 ἐγένετο.
1587 2794 1709 2852 ⁵Καὶ
1733 2794 1917 2865 ἐπειδὴ

333 2877 519 2932 λοιπὸν
547 2879 624 2939 είς
654 2878 854 2931 ἄτοπον
871 2879 960 2931 τὸν
982 2879 1140 2946 λόγον
1167 2879 1549 2951 περιέστησεν,
1575 2881 1696 2933 οὑδὲ
1723 2879 1915 2951 ἐδεήθη

335 2967 678 3036 κατασκευῆς
713 2983 856 3030 τινος
890 2967 1026 3036 πρὸς
1067 2967 1397 3036 ἀνατροπὴν,
1425 2967 1561 3020 ἀλλά
1592 2967 1668 3036 τῷ
1694 2969 1790 3036 Μὴ
1821 2969 1918 3038 γέ-

335 3068 499 3105 νοιτο
529 3051 792 3123 ἠρκέσθη,
827 3053 902 3115 ὡς
923 3053 1148 3106 αὐτόθεν
1179 3057 1278 3123 τῆς
1309 3054 1536 3116 ἀτοπίας
1564 3054 1918 3126 ὡμολογημέ--

337 3153 454 3208 νηςο
505 3141 573 3191 El
596 3137 725 3207 γὰρ,
761 3138 914 3210 [578]
957 3141 1140 3210 φησιν,
1171 3138 1211 3193 ἀ
1247 3141 1764 3206 κατέ.ιυσα,ταῦτα
1796 3141 1921 3195 πά-

335 3228 438 3279 λιν
468 3225 778 3295 οἰκοδομῶ,
813 3228 1164 3296 παραϐάτην
1190 3228 1811 3299 ἐμαυτὸνσυνίστημιο
1839 3232 1920 3295 είς

337 3311 399 3364 τὸ
418 3312 658 3364 ἐναντίον
680 3314 1006 3384 περιέστησε
1036 3315 1128 3367 τὸν
1155 3314 1330 3383 λόγον,
1369 3318 1460 3368 καὶ
1500 3315 1720 3382 ἔδειξεν,
1747 3318 1830 3370 ὃτι
1856 3319 1917 3371 οὑ

336 3399 398 3450 τὸ
429 3399 740 3468 παραϐῆναι
769 3401 952 3470 νόμον,
977 3400 1112 3453 ἀλλά
1142 3402 1202 3453 τὸ
1235 3402 1308 3472 μὴ
1340 3405 1555 3471 ἀφεῖναι
1581 3403 1764 3474 νόμον,
1794 3403 1920 3458 τοῦ-

337 3500 400 3536 το
432 3487 574 3537 ποιεῖ
614 3487 960 3558 παραϐάτηνο
1003 3487 1095 3540 καὶ
1130 3489 1182 3540 ἐν
1226 3488 1374 3552 τάξει
1397 3489 1491 3542 τοῦ
1518 3490 1718 3542 οἰκείου
1753 3507 1914 3562 προσ-

337 3567 489 3623 ώπου
519 3573 680 3626 πάλιν
706 3575 796 3627 τὸν
826 3576 1030 3646 Πέτρον
1053 3575 1369 3629 αἰνίττεται.
1404 3577 1468 3629 Τί
1495 3575 1604 3649 γάρ
1628 3579 1919 3632 κατέλυσεν

337 3659 366 3710 6
395 3657 598 3730 Πέτρος
629 3660 725 3731 τὴν
751 3661 860 3714 τῶν
894 3661 1196 3734 βρωμάτων
1225 3666 1632 3735 παρατήρησιν,
1692 3666 1919 3730 ἐθνικῶς

340 3743 438 3815 ζῇν
466 3749 878 3818 προῃρημένοςς
927 3751 1093 3802 Πάλιν
1141 3744 1234 3802 οῦν
1267 3751 1402 3820 πρὸς
1449 3751 1732 3812 Ἰουδαίους
1757 3754 1922 3805 ἐπαν-

339 3833 526 3898 ελθὼν,
555 3837 827 3899 κάκείνοις
857 3836 1055 3903 συζῶν,
1086 3836 1440 3908 εὑρεθήσεται
1469 3836 1504 3889 ά
1529 3838 1822 3890 κατέλυσεν
1843 3842 1920 3892 oi-

339 3919 463 3973 κοδο
468 3920 602 3991 μῶν.

407 4005 480 4060 κ’.
529 4008 693 4078 Ὁρᾷς
733 4008 850 4073 πῶς
893 4008 1172 4078 πανταχοῦ
1201 4010 1301 4079 τῆς
1333 4009 1566 4080 κρίσεως
1611 4011 1792 4081 ἔχεται
1826 4011 1918 4065 τοῦ

342 4091 571 4163 Πέτρου,
591 4096 684 4147 καὶ
706 4096 802 4161 τὴν
825 4097 1096 4167 προτέραν
1118 4097 1279 4149 αὑτοῦ
1308 4097 1638 4152 ὲκκαλύπτει
1657 4101 1822 4152 ἀναστ
1835 4117 1919 4170 ρο-

340 4179 466 4249 φήψ
503 4180 585 4234 ἵνα
617 4180 692 4252 μή
730 4185 880 4252 παρά
909 4184 1007 4254 τῆς
1057 4181 1150 4235 τοῦ
1209 4183 1420 4237 Παύλου
1467 4186 1732 4257 γλώττης,
1787 4186 1920 4240 ἀλλά

401 4376 426 4404 ⁸
451 4372 545 4422 Alii
575 4376 626 4426 δέ
647 4377 726 4425 καὶ
747 4379 1085 4444 σορτικὼτερον
1113 4379 1274 4426 λοιπὸν
1295 4381 1374 4428 καὶ
1397 4381 1560 4443 στοδρ.

1365 231 1430 288 ΙΝ
1478 232 1717 303 ILLUD,
1759 233 1824 290 IN
1871 233 2118 292 FACIEM
2157 234 2221 290 El
2259 234 2554 295 RESTITI.

3480 245 3582 299 588

2013 358 2164 430 παρά
2191 360 2292 430 τῆς
2319 361 2412 414 τοῦ
2453 361 2660 432 Πέτρου
2702 359 2946 431 γνώμης,
2995 359 3062 430 ήν
3088 357 3176 412 διὰ
3197 356 3302 410 τῶν
3329 359 3590 427 πραγμά-

2011 462 2119 498 των
2153 447 2480 512 ἐπεδείξατο,
2522 446 2752 501 δοκῶσιν
2782 447 2832 500 οί
2866 446 3106 500 Ἰουδαῖοι
3149 445 3249 516 τὴν
3274 443 3592 512 παραίνεσιν

2013 531 2261 602 δέχεσθαι
2279 550 2293 598 ;
2311 534 2408 586 Διά
2441 534 2613 588 ταῦτά
2641 551 2794 604 φησι,
2837 533 3210 603 Φοϐούμενος
3229 529 3369 594 τοὺς
3395 529 3464 582 ἐκ
3487 543 3594 582 ,πε-

2005 619 2274 688 ριτομῆς,
2307 623 2398 674 καὶ
2422 623 2541 674 ’Ὁτι
2564 619 3052 690 κατεγνωσμένος
3072 614 3174 690 ἦν,
3196 619 3294 673 καὶ
3328 619 3456 669 Ὅτι
3481 616 3594 669 οὐκ

2011 705 2325 772 ὀρθοποδεῖ
2339 705 2485 772 πρὸς
2509 701 2622 772 τὴν
2647 701 2930 772 ἀλήθειαν
2949 703 3055 758 τοῦ
3081 701 3464 771 Εὐαγγελίου.
3483 701 3596 770 Ούχ

2010 791 2180 854 οὕτως
2208 793 2264 846 δὲ
2307 793 2466 862 ἔχων·
2503 792 2578 864 μὴ
2642 791 2872 860 γένοιτο·
2902 792 2992 846 διὰ
3029 789 3138 862 γὰρ
3167 789 3396 842 πολλῶν·
3437 789 3596 843 τοῦτο

2007 879 2388 949 ἀπεδείξαμεν·
2435 879 2550 931 ἀλλ’
2590 877 2780 950 ῶσπερ
2803 879 2923 932 τότε
2972 879 3207 945 ἐπετίμα
3237 877 3466 939 Παῦλος,
3497 889 3594 931 καὶ

2009 964 2180 1017 ταῦτα
2211 965 2426 1018 ἀκούων
2465 966 2492 1016 6
2542 965 2746 1036 Πέτρος
2778 963 2957 1032 ἐσίγα,
2998 962 3141 1016 ὥστε
3189 963 3264 1034 μὴ
3294 962 3594 1033 ἀνατρέψαι

2008 1053 2108 1122 τὴν
2136 1051 2450 1120 οἰκονομίαν
2485 1052 2720 1117 Παύλου,
2754 1051 2848 1104 καὶ
2896 1051 3234 1121 κατεδέχετο,
3270 1050 3346 1114 ὼς
3377 1051 3476 1102 οὑκ
3502 1049 3596 1121 69-

2011 1139 2118 1202 θῶς
2145 1137 2483 1206 πεποιηκὼς,
2509 1138 2874 1208 δέχεσθαιτὴν
2897 1137 3202 1207 ἐπίπληξιν,
3219 1137 3305 1190 ἴνα
3333 1136 3596 1204 ἀπολογία

2009 1225 2158 1296 αὑτῷ
2186 1227 2412 1297 γένηται
2446 1226 2604 1280 τοῦτο
2622 1227 2756 1298 πρὸς
2772 1227 2898 1289 τοὺς
2933 1225 3196 1297 μαθητάς·
3231 1226 3372 1278 οὑτω
3405 1225 3470 1295 δὴ
3496 1223 3595 1276 καὶ

2009 1307 2165 1377 οὗτος
2192 1315 2299 1370 νῦν,
2323 1314 2461 1384 μετά
2509 1314 2606 1384 τῆς
2655 1315 2825 1385 αὑτῆς
2857 1314 3104 1384 γνώμης,
3153 1313 3272 1384 μεθ’
3306 1309 3374 1384 ἧς
3412 1312 3594 1364 ἐπετί-

2012 1419 2154 1473 μησε
2195 1403 2406 1474 Πέτρῳ,
2439 1403 2640 1473 γράφει
2672 1403 2867 1466 ταῦτα,
2895 1402 3038 1472 ἆπερ
3071 1401 3274 1472 ἔγραψε
3306 1401 3596 1463 Γαλάταις.

2010 1490 2073 1541 Et
2111 1489 2220 1560 γάρ
2244 1490 2364 1542 τότε
2397 1489 2458 1542 τὸ
2487 1488 2877 1559 ἐπιτιμηθῆναι
2928 1489 3154 1558 Πέτρον,
3207 1487 3302 1540 καὶ
3350 1487 3596 1556 σιγῆσαι,

2011 1579 2280 1647 χρήσιμον
2328 1572 2396 1647 ἦν
2436 1579 2548 1640 τοῖς
2605 1575 2901 1640 Ἰουδαίοις,
2939 1574 3119 1646 πολλῷ
3159 1575 3359 1646 μᾶλλον
3391 1575 3457 1627 ἂν
3502 1576 3597 1628 κοιλ⁸

2017 1663 2111 1716 νῦν
2138 1664 2200 1716 τὸ
2239 1663 2412 1718 ταῦτα
2463 1665 2593 1736 περὶ
2617 1663 2782 1718 αὑτοῦ
2805 1663 3061 1734 λεχθῆναι
3091 1664 3358 1734 χρήσιμον
3377 1657 3447 1732 ἦν
3485 1661 3596 1714 τῶν

2018 1751 2274 1806 Γαλατῶν
2299 1755 2411 1817 τοῖς
2439 1753 2875 1824 διεφθαρμένοις.
2920 1753 3130 1822 Ὠσπερ
3169 1752 3277 1822 γὰρ
3313 1751 3362 1802 οί
3393 1749 3513 1802 τότε
3539 1751 3597 1801 ἐν

2030 1841 2329 1914 Ἀντιοχείᾳ
2347 1843 2734 1913 διατρίϐοντες,
2766 1841 3000 1913 ὁρῶντες
3028 1841 3232 1911 Πέτρον
3267 1837 3604 1908 ἐπιτιμώμερ

2017 1944 2107 1982 νον
2125 1929 2242 1999 μεθ’
2261 1929 2586 2000 ὑπερϐολῆς,
2609 1929 2705 1981 καὶ
2729 1928 2988 1997 σιγῶντα,
3017 1925 3339 1998 διωρθοῦντο
3365 1927 3431 1994 τῇ
3459 1923 3600 1976 κατά

2016 2015 2112 2068 τοῦ
2143 2015 2459 2068 διδασκάλου
2501 2015 2825 2088 κατηγορίᾳ,
2876 2017 2970 2068 καὶ
3011 2016 3077 2084 τῇ
3129 2015 3278 2083 σιγῇο
3327 2011 3470 2065 οὕτω
3505 2011 3602 2063 καὶ

2018 2100 2114 2155 νῦν
2159 2101 2396 2155 Γαλάται
2437 2103 2564 2171 περὶ
2612 2103 2679 2155 τά
2732 2101 3002 2154 Ἰουδαῖκά
3030 2099 3333 2162 νοσοῦντες,
3382 2096 3600 2152 καὶτοῦ

2020 2188 2232 2242 Παύλου
2262 2187 2436 2242 ταῦτα
2473 2187 2602 2260 περὶ
2652 2187 2816 2242 αὑτοῦ
2867 2187 3116 2254 λέγοντος
3145 2184 3456 2248 ἀκούοντες,
3489 2179 3601 2236 οἷον

2019 2277 2100 2331 ὅτι
2129 2276 2572 2347 κατεγνωσμένος
2608 2272 2696 2346 ἦν,
2717 2276 2811 2328 καὶ
2836 2276 2936 2328 οὑκ
2961 2273 3308 2345 ὼρθοπόδησε
3340 2273 3476 2342 πρὸς
3500 2271 3600 2340 τήν

2019 2364 2274 2436 ἀλήθειαν
2317 2363 2411 2417 τοῦ
2441 2363 2792 2432 Εὑαγγελίου,
2840 2363 2933 2415 καὶ
2993 2363 3076 2414 ὅτι
3121 2359 3464 2430 ἐπιτιμηθεὶς
3507 2359 3602 2411 ἐπὶ

2016 2451 2228 2514 τούτοις
2257 2452 2498 2521 ἐσίγησε,
2539 2452 2802 2522 μεγίστην
2825 2452 2932 2504 ἀπὸ
2964 2451 3066 2520 τῆς
3099 2451 3434 2521 κατηγορίας
3463 2447 3600 2502 ταύ-

2015 2555 2116 2610 της
2141 2539 2483 2592 διδασκαλίαν
2524 2537 2849 2608 ἐλάμϐανον,
2873 2539 2950 2601 είς
2987 2537 3049 2590 τὸ
3081 2539 3276 2607 μηκέτι
3313 2535 3603 2604 προσέχειν

2017 2628 2130 2688 τοῖς
2167 2625 2473 2687 Ἰουδαϊκοῖς
2494 2625 2660 2679 ἐθεσι.
2692 2625 2790 2678 Διά
2821 2624 2979 2678 τοῦτο
3005 2625 3096 2677 καὶ
3123 2623 3333 2685 Παῦλος
3359 2625 3454 2676 καὶ
3475 2622 3601 2675 τότε

2019 2712 2339 2782 ἐπετίμησε,
2393 2712 2487 2765 καὶ
2517 2710 2612 2765 νῦν
2672 2712 2942 2782 μέμνηται
2983 2710 3084 2780 τῆς
3127 2711 3251 2761 τότε
3301 2709 3603 2778 γενομένης

2019 2799 2384 2869 ἐπιπλήξεως·
2419 2799 2512 2853 καὶ
2539 2798 2728 2852 τούτου
2755 2800 2855 2852 οὑκ
2881 2797 3101 2850 ἔλαττον
3128 2795 3221 2848 τὸν
3256 2795 3460 2866 Πέτρον
3513 2794 3599 2847 διὰ

2021 2886 2182 2939 τοῦτο
2215 2886 2494 2957 θαυμάσαι
2525 2886 2651 2956 χρὴ,
2705 2885 3141 2954 καταδεξάμενον
3172 2882 3388 2936 ἅπαντα
3427 2881 3494 2934 τὰ
3533 2883 3606 2933 εί-

2029 2977 2252 3048 ρημένα.
2307 2974 2365 3027 '0
2388 2973 2496 3044 γὰρ
2526 2975 2585 3026 τὸ
2613 2974 2722 3025 πᾶν
2769 2970 3152 3040 κατωρθωκὼς
3196 2966 3348 3032 οὗτός
3372 2972 3541 3029 ἐστιν,
3575 2971 3604 3021 6

2023 3059 2388 3130 ἀνασχόμενος
2410 3059 2872 3130 κατηγορηθῆναι,
2901 3057 2998 3111 καὶ
3025 3058 3274 3127 σιγήσας.
3308 3055 3478 3108 Τοῦτο
3502 3055 3604 3122 τῆς

2020 3147 2329 3218 οἰκονομίας
2351 3149 2410 3200 τὸ
2449 3146 2857 3218 κέρδος.υῦτως
2878 3147 3008 3215 ἡμῖν
3041 3144 3300 3212 ἑκάτερος
3325 3142 3433 3194 τῶν
3467 3144 3602 3193 ἀπο-

2025 3235 2225 3286 στόλων
2289 3234 2649 3304 ἐγκλημάτων
2701 3234 2799 3303 μὲν
2841 3231 3209 3303 ἀπήλλακται,
3281 3229 3488 3299 μυρίων
3545 3229 3603 3281 δέ

2021 3324 2168 3376 ἐστιν
2205 3324 2496 3394 ἐγκωμίων
2526 3323 2696 3389 ἄξιος,
2746 3322 2883 3393 πρὸς
2911 3321 3008 3391 τὴν
3051 3321 3160 3373 τῶν
3186 3319 3386 3372 λοιπῶν
3426 3335 3599 3388 σωτη-

2023 3411 2145 3481 ρίαν
2203 3414 2418 3466 ἃπαντα
2470 3412 2563 3464 καὶ
2614 3410 2831 3464 ἀκούειν
2885 3410 2979 3463 καὶ
3025 3408 3206 3476 λέγειν
3262 3405 3599 3470 σπουδάζων.

2034 3498 2223 3568 Ἡμεῖς
2255 3499 2311 3552 δέ
2345 3499 2528 3552 λοιπὸν
2551 3500 2641 3552 τὸν
2674 3497 2883 3551 Παύλου
2915 3497 3009 3549 καὶ
3037 3496 3248 3565 Πέτρου
3270 3493 3402 3545 Θεὸν
3433 3510 3605 3565 παρα-

2022 3587 2360 3658 καλέσωμεν,
2387 3588 2479 3641 τὸν
2505 3587 2744 3650 ἐκείνους
2760 3585 3005 3656 ἀλλήλοις
3025 3583 3358 3653 συνδήσαντα
3369 3585 3480 3644 τοῖς
3501 3581 3602 3651 τῆς

2021 3675 2272 3746 ὁμονοίας
2305 3675 2544 3745 δεσμοῖς,
2592 3674 2686 3727 καὶ
2733 3675 2880 3743 ἡμᾶς
2913 3674 2993 3734 είς
3036 3670 3132 3741 την
3173 3671 3307 3742 πρὸς
3341 3668 3604 3738 ἀλλήλους

2023 3764 2242 3832 ἀγάπην
2277 3761 2595 3830 ἐπισφίγξαι
2627 3761 3003 3830 σφοδρότερον·
3042 3761 3128 3811 ῖνα
3165 3758 3264 3828 τήν
3303 3757 3444 3810 κατά
3468 3756 3605 3810 Θεὸν

2021 3849 2275 3916 ὁμόνοιαν
2294 3849 2430 3917 πρὸς
2456 3847 2716 3915 ἀλλήλους
2740 3848 2976 3914 ἔχοντες,
3001 3845 3318 3915 δυνηθῶμεν
3342 3845 3604 3910 καταξιῶ·

2023 3934 2180 4001 θῆναι
2206 3935 2332 3997 τοὺς
2357 3935 2541 4001 ἁγίους
2564 3934 2805 3995 ἐκείνους
2842 3934 2989 3991 ίδείν,
3026 3934 3118 3984 καὶ
3149 3933 3300 4002 παρά
3334 3931 3434 3994 τὰς
3459 3935 3599 3984 αίω-

2023 4021 2168 4085 νίους
2191 4023 2368 4075 αὑτῶν
2391 4021 2680 4094 εὑρεθῆναι
2719 4022 2941 4092 σκηνὰς.
2963 4021 3144 4090 χάριτι
3185 4021 3276 4072 καὶ
3300 4019 3601 4089 φιλανθρω-

2025 4111 2122 4180 πίᾳ
2161 4111 2252 4162 τοῦ
2281 4110 2656 4181 Κυρίουήμῶν
2681 4109 2854 4180 Ἰησοῦ
2881 4107 3140 4180 Χριστοῦ,
3171 4108 3235 4160 δι’
3261 4101 3322 4168 οὗ
3354 4108 3449 4159 καὶ
3479 4106 3598 4176 μεθ’

2025 4191 2086 4249 οὗ
2127 4197 2205 4267 τῷ
2252 4199 2426 4270 Πατρὶ
2456 4199 2549 4251 καὶ
2588 4197 2664 4268 τῷ
2703 4197 2841 4267 ἁγίῳ
2886 4196 3160 4265 Πνεῦματι
3198 4195 3344 4262 δόξα,
3379 4195 3601 4262 κράτος,

2025 4279 2181 4355 τιμή,
2237 4289 2331 4340 καὶ
2360 4286 2748 4356 προσκύνησις,
2793 4285 2888 4338 νῦν
2938 4286 3031 4338 καὶ
3062 4285 3169 4349 ἀεὶ,
3205 4287 3300 4338 καὶ
3353 4286 3429 4348 εἰς
3475 4286 3609 4348 τους-

2028 4373 2229 4434 αἱῶνας
2260 4374 2365 4427 τῶν
2393 4372 2624 4427 αἰώνων.
2660 4374 2854 4445 Ἀμήν.

1595 4894 1818 4950 ΤΕΛΟΣ
1876 4894 2114 4949 ΤΟΜυΥ
2169 4893 2296 4947 NA’.

3067 5560 3293 5572 ————

2239 5610 2474 5664 Parisiis.
2509 5639 2572 5648 —-
2607 5608 2682 5661 Ex
2714 5606 2878 5678 Typis
2904 5605 3044 5660 .I.-I‘.
3076 5603 3304 5657 Mlti-Ml.
