  <div class='ocr_page' id='page_1' title='image "/cluster/home/n/w/nwhite01/storage/ocr_20150623/51/mdp.39015052813998/017.png"; bbox 0 0 4066 6274; ppageno 0'>
   <div class='ocr_carea' id='block_1_1' title="bbox 435 385 2999 481">
    <p class='ocr_par' dir='ltr' id='par_1_1' title="bbox 435 385 2999 481">
     <span class='ocr_line' id='line_1_1' title="bbox 435 385 2999 481; baseline -0.003 0"><span class='ocrx_word' id='word_1_1' title='bbox 435 425 502 481; x_wconf 80' lang='lat' dir='ltr'><strong>i9</strong></span> <span class='ocrx_word' id='word_1_2' title='bbox 1178 418 1234 477; x_wconf 73' lang='lat'><strong>3.</strong></span> <span class='ocrx_word' id='word_1_3' title='bbox 1275 385 1552 476; x_wconf 76' lang='lat' dir='ltr'><strong>JDANNlS</strong></span> <span class='ocrx_word' id='word_1_4' title='bbox 1585 407 2060 473; x_wconf 71' lang='lat' dir='ltr'><strong>CllRYSOSTOIlii</strong></span> <span class='ocrx_word' id='word_1_5' title='bbox 2099 407 2419 469; x_wconf 79' lang='lat' dir='ltr'><strong>ARCIIIEP.</strong></span> <span class='ocrx_word' id='word_1_6' title='bbox 2459 412 2999 477; x_wconf 78' lang='lat' dir='ltr'><strong>CONSTANTINOP.</strong></span> 
     </span>
    </p>
   </div>
   <div class='ocr_carea' id='block_1_2' title="bbox 430 525 2022 602">
    <p class='ocr_par' dir='ltr' id='par_1_2' title="bbox 430 525 2022 602">
     <span class='ocr_line' id='line_1_2' title="bbox 430 525 2022 602; baseline -0.009 -8"><span class='ocrx_word' id='word_1_7' title='bbox 430 536 727 594; x_wconf 73' lang='lat' dir='ltr'><strong>istiusmodi</strong></span> <span class='ocrx_word' id='word_1_8' title='bbox 749 533 964 590; x_wconf 90' lang='lat' dir='ltr'><strong>domum</strong></span> <span class='ocrx_word' id='word_1_9' title='bbox 997 533 1088 589; x_wconf 87' lang='lat' dir='ltr'><strong>Dei</strong></span> <span class='ocrx_word' id='word_1_10' title='bbox 1133 533 1425 588; x_wconf 86' lang='lat' dir='ltr'><strong>Ecclesiam</strong></span> <span class='ocrx_word' id='word_1_11' title='bbox 1467 531 1720 602; x_wconf 75' lang='lat' dir='ltr'><strong>appellet.</strong></span> <span class='ocrx_word' id='word_1_12' title='bbox 1755 528 1854 584; x_wconf 85' lang='lat' dir='ltr'><strong>Ubi</strong></span> <span class='ocrx_word' id='word_1_13' title='bbox 1879 525 2022 582; x_wconf 88' lang='lat' dir='ltr'><strong>enim</strong></span> 
     </span>
    </p>
   </div>
   <div class='ocr_carea' id='block_1_3' title="bbox 430 617 2022 696">
    <p class='ocr_par' dir='ltr' id='par_1_3' title="bbox 430 617 2022 696">
     <span class='ocr_line' id='line_1_3' title="bbox 430 617 2022 696; baseline -0.009 -11"><span class='ocrx_word' id='word_1_14' title='bbox 430 640 577 686; x_wconf 85' lang='lat' dir='ltr'><strong>tanta</strong></span> <span class='ocrx_word' id='word_1_15' title='bbox 629 627 890 684; x_wconf 77' lang='lat' dir='ltr'><strong>modestia</strong></span> <span class='ocrx_word' id='word_1_16' title='bbox 913 668 930 695; x_wconf 95' lang='lat'><strong>,</strong></span> <span class='ocrx_word' id='word_1_17' title='bbox 975 636 1034 682; x_wconf 89' lang='lat' dir='ltr'><strong>ut</strong></span> <span class='ocrx_word' id='word_1_18' title='bbox 1087 627 1364 696; x_wconf 85' lang='lat' dir='ltr'><strong>epularum</strong></span> <span class='ocrx_word' id='word_1_19' title='bbox 1397 635 1639 694; x_wconf 89' lang='lat' dir='ltr'><strong>tempore</strong></span> <span class='ocrx_word' id='word_1_20' title='bbox 1667 618 1882 677; x_wconf 85' lang='lat' dir='ltr'><strong>solliciti</strong></span> <span class='ocrx_word' id='word_1_21' title='bbox 1913 617 2022 672; x_wconf 90' lang='lat' dir='ltr'><strong>sint</strong></span> 
     </span>
    </p>
   </div>
   <div class='ocr_carea' id='block_1_4' title="bbox 425 713 2020 790">
    <p class='ocr_par' dir='ltr' id='par_1_4' title="bbox 425 713 2020 790">
     <span class='ocr_line' id='line_1_4' title="bbox 425 713 2020 790; baseline -0.009 -11"><span class='ocrx_word' id='word_1_22' title='bbox 425 722 671 779; x_wconf 66' lang='lat' dir='ltr'><strong>convivae</strong></span> <span class='ocrx_word' id='word_1_23' title='bbox 700 721 767 776; x_wconf 91' lang='lat' dir='ltr'><strong>de</strong></span> <span class='ocrx_word' id='word_1_24' title='bbox 792 719 991 776; x_wconf 86' lang='lat' dir='ltr'><strong>divinis</strong></span> <span class='ocrx_word' id='word_1_25' title='bbox 1021 719 1227 790; x_wconf 82' lang='lat' dir='ltr'><strong>legibus</strong></span> <span class='ocrx_word' id='word_1_26' title='bbox 1246 761 1261 787; x_wconf 96' lang='lat'><strong>,</strong></span> <span class='ocrx_word' id='word_1_27' title='bbox 1311 718 1552 786; x_wconf 88' lang='lat' dir='ltr'><strong>aliusque</strong></span> <span class='ocrx_word' id='word_1_28' title='bbox 1578 730 1698 771; x_wconf 92' lang='lat' dir='ltr'><strong>cum</strong></span> <span class='ocrx_word' id='word_1_29' title='bbox 1729 713 1833 768; x_wconf 90' lang='lat' dir='ltr'><strong>alio</strong></span> <span class='ocrx_word' id='word_1_30' title='bbox 1859 725 2020 782; x_wconf 81' lang='lat' dir='ltr'><strong>super</strong></span> 
     </span>
    </p>
   </div>
   <div class='ocr_carea' id='block_1_5' title="bbox 430 805 2022 875">
    <p class='ocr_par' dir='ltr' id='par_1_5' title="bbox 430 805 2022 875">
     <span class='ocr_line' id='line_1_5' title="bbox 430 805 2022 875; baseline -0.007 -7"><span class='ocrx_word' id='word_1_31' title='bbox 430 815 532 871; x_wconf 84' lang='lat' dir='ltr'><strong>hoc</strong></span> <span class='ocrx_word' id='word_1_32' title='bbox 575 813 866 868; x_wconf 84' lang='lat' dir='ltr'><strong>contendat</strong></span> <span class='ocrx_word' id='word_1_33' title='bbox 898 831 911 866; x_wconf 87' lang='lat'><strong>:</strong></span> <span class='ocrx_word' id='word_1_34' title='bbox 944 821 1151 867; x_wconf 90' lang='lat' dir='ltr'><strong>certum</strong></span> <span class='ocrx_word' id='word_1_35' title='bbox 1182 820 1261 866; x_wconf 90' lang='lat' dir='ltr'><strong>est</strong></span> <span class='ocrx_word' id='word_1_36' title='bbox 1286 810 1585 864; x_wconf 78' lang='lat' dir='ltr'><strong>daemonem</strong></span> <span class='ocrx_word' id='word_1_37' title='bbox 1612 805 1737 862; x_wconf 89' lang='lat' dir='ltr'><strong>inde</strong></span> <span class='ocrx_word' id='word_1_38' title='bbox 1762 814 1816 861; x_wconf 91' lang='lat' dir='ltr'><strong>et</strong></span> <span class='ocrx_word' id='word_1_39' title='bbox 1835 819 2022 875; x_wconf 88' lang='lat' dir='ltr'><strong>quam-</strong></span> 
     </span>
    </p>
   </div>
   <div class='ocr_carea' id='block_1_6' title="bbox 427 897 2021 974">
    <p class='ocr_par' dir='ltr' id='par_1_6' title="bbox 427 897 2021 974">
     <span class='ocr_line' id='line_1_6' title="bbox 427 897 2021 974; baseline -0.006 -14"><span class='ocrx_word' id='word_1_40' title='bbox 427 907 554 960; x_wconf 82' lang='lat' dir='ltr'><strong>iibet</strong></span> <span class='ocrx_word' id='word_1_41' title='bbox 578 905 771 960; x_wconf 90' lang='lat' dir='ltr'><strong>malam</strong></span> <span class='ocrx_word' id='word_1_42' title='bbox 800 904 1090 974; x_wconf 88' lang='lat' dir='ltr'><strong>potentiam</strong></span> <span class='ocrx_word' id='word_1_43' title='bbox 1130 901 1614 964; x_wconf 87' lang='lat' dir='ltr'><strong>eliminatamesse,</strong></span> <span class='ocrx_word' id='word_1_44' title='bbox 1639 897 2021 964; x_wconf 85' lang='lat' dir='ltr'><strong>Christumque</strong></span> 
     </span>
    </p>
   </div>
   <div class='ocr_carea' id='block_1_7' title="bbox 423 988 2017 1064">
    <p class='ocr_par' dir='ltr' id='par_1_7' title="bbox 423 988 2017 1064">
     <span class='ocr_line' id='line_1_7' title="bbox 423 988 2017 1064; baseline -0.003 -15"><span class='ocrx_word' id='word_1_45' title='bbox 423 997 637 1064; x_wconf 84' lang='lat' dir='ltr'><strong>adesse,</strong></span> <span class='ocrx_word' id='word_1_46' title='bbox 662 997 842 1052; x_wconf 60' lang='lat' dir='ltr'><strong>laetum</strong></span> <span class='ocrx_word' id='word_1_47' title='bbox 872 1011 936 1049; x_wconf 91' lang='lat' dir='ltr'><strong>ac</strong></span> <span class='ocrx_word' id='word_1_48' title='bbox 962 993 1188 1048; x_wconf 81' lang='lat' dir='ltr'><strong>hilarem</strong></span> <span class='ocrx_word' id='word_1_49' title='bbox 1213 991 1280 1046; x_wconf 92' lang='lat' dir='ltr'><strong>de</strong></span> <span class='ocrx_word' id='word_1_50' title='bbox 1309 990 1396 1045; x_wconf 90' lang='lat' dir='ltr'><strong>illa</strong></span> <span class='ocrx_word' id='word_1_51' title='bbox 1424 989 1645 1060; x_wconf 89' lang='lat' dir='ltr'><strong>pulchra</strong></span> <span class='ocrx_word' id='word_1_52' title='bbox 1669 988 1808 1044; x_wconf 89' lang='lat' dir='ltr'><strong>inter</strong></span> <span class='ocrx_word' id='word_1_53' title='bbox 1827 1003 2017 1044; x_wconf 89' lang='lat' dir='ltr'><strong>servos</strong></span> 
     </span>
    </p>
   </div>
   <div class='ocr_carea' id='block_1_8' title="bbox 421 1081 2014 1154">
    <p class='ocr_par' dir='ltr' id='par_1_8' title="bbox 421 1081 2014 1154">
     <span class='ocr_line' id='line_1_8' title="bbox 421 1081 2014 1154; baseline -0.004 -12"><span class='ocrx_word' id='word_1_54' title='bbox 421 1103 549 1143; x_wconf 87' lang='lat' dir='ltr'><strong>suos</strong></span> <span class='ocrx_word' id='word_1_55' title='bbox 603 1088 963 1153; x_wconf 70' lang='lat' dir='ltr'><strong>aemulatione,</strong></span> <span class='ocrx_word' id='word_1_56' title='bbox 1009 1098 1330 1154; x_wconf 89' lang='lat' dir='ltr'><strong>omnemque</strong></span> <span class='ocrx_word' id='word_1_57' title='bbox 1374 1083 1478 1139; x_wconf 89' lang='lat' dir='ltr'><strong>illis</strong></span> <span class='ocrx_word' id='word_1_58' title='bbox 1520 1082 1734 1154; x_wconf 79' lang='lat' dir='ltr'><strong>elargiri</strong></span> <span class='ocrx_word' id='word_1_59' title='bbox 1791 1081 2014 1138; x_wconf 88' lang='lat' dir='ltr'><strong>benedi-</strong></span> 
     </span>
    </p>
   </div>
   <div class='ocr_carea' id='block_1_9' title="bbox 420 1173 2017 1248">
    <p class='ocr_par' dir='ltr' id='par_1_9' title="bbox 420 1173 2017 1248">
     <span class='ocr_line' id='line_1_9' title="bbox 420 1173 2017 1248; baseline -0.003 -15"><span class='ocrx_word' id='word_1_60' title='bbox 420 1179 676 1233; x_wconf 87' lang='lat' dir='ltr'><strong>ctionem.</strong></span> <span class='ocrx_word' id='word_1_61' title='bbox 700 1178 1038 1248; x_wconf 83' lang='lat' dir='ltr'><strong>QuaprOpter</strong></span> <span class='ocrx_word' id='word_1_62' title='bbox 1063 1177 1263 1232; x_wconf 90' lang='lat' dir='ltr'><strong>omisso</strong></span> <span class='ocrx_word' id='word_1_63' title='bbox 1289 1176 1399 1246; x_wconf 85' lang='lat' dir='ltr'><strong>jam</strong></span> <span class='ocrx_word' id='word_1_64' title='bbox 1429 1173 1530 1230; x_wconf 92' lang='lat' dir='ltr'><strong>hoc</strong></span> <span class='ocrx_word' id='word_1_65' title='bbox 1557 1182 1823 1245; x_wconf 82' lang='lat' dir='ltr'><strong>praecepto</strong></span> <span class='ocrx_word' id='word_1_66' title='bbox 1851 1173 2017 1246; x_wconf 89' lang='lat' dir='ltr'><strong>(novi</strong></span> 
     </span>
    </p>
   </div>
   <div class='ocr_carea' id='block_1_10' title="bbox 421 1268 2014 1340">
    <p class='ocr_par' dir='ltr' id='par_1_10' title="bbox 421 1268 2014 1340">
     <span class='ocr_line' id='line_1_10' title="bbox 421 1268 2014 1340; baseline -0.002 -16"><span class='ocrx_word' id='word_1_67' title='bbox 421 1270 566 1325; x_wconf 89' lang='lat' dir='ltr'><strong>enim</strong></span> <span class='ocrx_word' id='word_1_68' title='bbox 598 1269 692 1324; x_wconf 89' lang='lat' dir='ltr'><strong>Dei</strong></span> <span class='ocrx_word' id='word_1_69' title='bbox 717 1269 887 1340; x_wconf 86' lang='lat' dir='ltr'><strong>gratia</strong></span> <span class='ocrx_word' id='word_1_70' title='bbox 914 1268 966 1324; x_wconf 89' lang='lat' dir='ltr'><strong>id</strong></span> <span class='ocrx_word' id='word_1_71' title='bbox 994 1284 1090 1340; x_wconf 87' lang='lat' dir='ltr'><strong>per</strong></span> <span class='ocrx_word' id='word_1_72' title='bbox 1115 1269 1416 1324; x_wconf 79' lang='lat' dir='ltr'><strong>universam</strong></span> <span class='ocrx_word' id='word_1_73' title='bbox 1445 1269 1630 1322; x_wconf 83' lang='lat' dir='ltr'><strong>urbem</strong></span> <span class='ocrx_word' id='word_1_74' title='bbox 1666 1274 2014 1337; x_wconf 78' lang='lat' dir='ltr'><strong>propagatum</strong></span> 
     </span>
    </p>
   </div>
   <div class='ocr_carea' id='block_1_11' title="bbox 423 1359 2018 1430">
    <p class='ocr_par' dir='ltr' id='par_1_11' title="bbox 423 1359 2018 1430">
     <span class='ocr_line' id='line_1_11' title="bbox 423 1359 2018 1430; baseline -0.003 -13"><span class='ocrx_word' id='word_1_75' title='bbox 423 1362 508 1428; x_wconf 87' lang='lat' dir='ltr'><strong>iri,</strong></span> <span class='ocrx_word' id='word_1_76' title='bbox 542 1377 665 1418; x_wconf 91' lang='lat' dir='ltr'><strong>cum</strong></span> <span class='ocrx_word' id='word_1_77' title='bbox 695 1363 830 1418; x_wconf 89' lang='lat' dir='ltr'><strong>adeo</strong></span> <span class='ocrx_word' id='word_1_78' title='bbox 874 1362 1141 1418; x_wconf 76' lang='lat' dir='ltr'><strong>ferventes</strong></span> <span class='ocrx_word' id='word_1_79' title='bbox 1175 1361 1227 1416; x_wconf 91' lang='lat' dir='ltr'><strong>in</strong></span> <span class='ocrx_word' id='word_1_80' title='bbox 1279 1359 1573 1430; x_wconf 85' lang='lat' dir='ltr'><strong>principiis,</strong></span> <span class='ocrx_word' id='word_1_81' title='bbox 1621 1359 1862 1429; x_wconf 87' lang='lat' dir='ltr'><strong>adeoque</strong></span> <span class='ocrx_word' id='word_1_82' title='bbox 1885 1372 2018 1414; x_wconf 88' lang='lat' dir='ltr'><strong>con-</strong></span> 
     </span>
    </p>
   </div>
   <div class='ocr_carea' id='block_1_12' title="bbox 423 1453 2012 1526">
    <p class='ocr_par' dir='ltr' id='par_1_12' title="bbox 423 1453 2012 1526">
     <span class='ocr_line' id='line_1_12' title="bbox 423 1453 2012 1526; baseline -0.003 -16"><span class='ocrx_word' id='word_1_83' title='bbox 423 1464 630 1510; x_wconf 82' lang='lat' dir='ltr'><strong>stantes</strong></span> <span class='ocrx_word' id='word_1_84' title='bbox 664 1471 760 1510; x_wconf 87' lang='lat' dir='ltr'><strong>vos</strong></span> <span class='ocrx_word' id='word_1_85' title='bbox 800 1455 1139 1526; x_wconf 83' lang='lat' dir='ltr'><strong>exhibeatis),</strong></span> <span class='ocrx_word' id='word_1_86' title='bbox 1185 1453 1252 1508; x_wconf 91' lang='lat' dir='ltr'><strong>ad</strong></span> <span class='ocrx_word' id='word_1_87' title='bbox 1298 1453 1442 1508; x_wconf 87' lang='lat' dir='ltr'><strong>aliud</strong></span> <span class='ocrx_word' id='word_1_88' title='bbox 1469 1461 1792 1522; x_wconf 84' lang='lat' dir='ltr'><strong>praeceptum</strong></span> <span class='ocrx_word' id='word_1_89' title='bbox 1837 1461 2012 1506; x_wconf 88' lang='lat' dir='ltr'><strong>trans-</strong></span> 
     </span>
    </p>
   </div>
   <div class='ocr_carea' id='block_1_13' title="bbox 422 1543 2012 1618">
    <p class='ocr_par' dir='ltr' id='par_1_13' title="bbox 422 1543 2012 1618">
     <span class='ocr_line' id='line_1_13' title="bbox 422 1543 2012 1618; baseline -0.001 -18"><span class='ocrx_word' id='word_1_90' title='bbox 422 1545 534 1612; x_wconf 90' lang='lat' dir='ltr'><strong>ibo,</strong></span> <span class='ocrx_word' id='word_1_91' title='bbox 563 1545 705 1618; x_wconf 90' lang='lat' dir='ltr'><strong>quod</strong></span> <span class='ocrx_word' id='word_1_92' title='bbox 733 1554 817 1601; x_wconf 89' lang='lat' dir='ltr'><strong>est</strong></span> <span class='ocrx_word' id='word_1_93' title='bbox 853 1545 923 1600; x_wconf 89' lang='lat' dir='ltr'><strong>de</strong></span> <span class='ocrx_word' id='word_1_94' title='bbox 950 1553 1258 1614; x_wconf 88' lang='lat' dir='ltr'><strong>contemptu</strong></span> <span class='ocrx_word' id='word_1_95' title='bbox 1296 1545 1410 1600; x_wconf 65' lang='lat' dir='ltr'><strong>irae.</strong></span> <span class='ocrx_word' id='word_1_96' title='bbox 1449 1543 1518 1600; x_wconf 90' lang='lat' dir='ltr'><strong>Ut</strong></span> <span class='ocrx_word' id='word_1_97' title='bbox 1555 1543 1696 1599; x_wconf 91' lang='lat' dir='ltr'><strong>enim</strong></span> <span class='ocrx_word' id='word_1_98' title='bbox 1729 1545 1781 1599; x_wconf 91' lang='lat' dir='ltr'><strong>in</strong></span> <span class='ocrx_word' id='word_1_99' title='bbox 1808 1543 2012 1598; x_wconf 86' lang='lat' dir='ltr'><strong>cithara</strong></span> 
     </span>
    </p>
   </div>
   <div class='ocr_carea' id='block_1_14' title="bbox 426 1636 2012 1702">
    <p class='ocr_par' dir='ltr' id='par_1_14' title="bbox 426 1636 2012 1702">
     <span class='ocr_line' id='line_1_14' title="bbox 426 1636 2012 1702; baseline -0.001 -9"><span class='ocrx_word' id='word_1_100' title='bbox 426 1652 538 1693; x_wconf 89' lang='lat' dir='ltr'><strong>non</strong></span> <span class='ocrx_word' id='word_1_101' title='bbox 568 1638 698 1693; x_wconf 88' lang='lat' dir='ltr'><strong>satis</strong></span> <span class='ocrx_word' id='word_1_102' title='bbox 742 1646 826 1694; x_wconf 89' lang='lat' dir='ltr'><strong>est</strong></span> <span class='ocrx_word' id='word_1_103' title='bbox 873 1638 1031 1693; x_wconf 89' lang='lat' dir='ltr'><strong>unico</strong></span> <span class='ocrx_word' id='word_1_104' title='bbox 1060 1653 1228 1692; x_wconf 81' lang='lat' dir='ltr'><strong>nervo</strong></span> <span class='ocrx_word' id='word_1_105' title='bbox 1257 1637 1521 1692; x_wconf 86' lang='lat' dir='ltr'><strong>coniicere</strong></span> <span class='ocrx_word' id='word_1_106' title='bbox 1547 1637 1832 1692; x_wconf 91' lang='lat' dir='ltr'><strong>melodiam</strong></span> <span class='ocrx_word' id='word_1_107' title='bbox 1857 1677 1872 1702; x_wconf 92' lang='lat'><strong>,</strong></span> <span class='ocrx_word' id='word_1_108' title='bbox 1915 1636 2012 1692; x_wconf 88' lang='lat' dir='ltr'><strong>sed</strong></span> 
     </span>
    </p>
   </div>
   <div class='ocr_carea' id='block_1_15' title="bbox 419 1724 2008 1799">
    <p class='ocr_par' dir='ltr' id='par_1_15' title="bbox 419 1724 2008 1799">
     <span class='ocr_line' id='line_1_15' title="bbox 419 1724 2008 1799; baseline 0.001 -17"><span class='ocrx_word' id='word_1_109' title='bbox 419 1741 609 1783; x_wconf 87' lang='lat' dir='ltr'><strong>omnes</strong></span> <span class='ocrx_word' id='word_1_110' title='bbox 659 1724 1004 1798; x_wconf 88' lang='lat' dir='ltr'><strong>percurrendi</strong></span> <span class='ocrx_word' id='word_1_111' title='bbox 1044 1737 1208 1795; x_wconf 90' lang='lat' dir='ltr'><strong>sunt,</strong></span> <span class='ocrx_word' id='word_1_112' title='bbox 1251 1728 1611 1784; x_wconf 87' lang='lat' dir='ltr'><strong>concinnitate</strong></span> <span class='ocrx_word' id='word_1_113' title='bbox 1653 1728 2008 1799; x_wconf 80' lang='lat' dir='ltr'><strong>congruenti:</strong></span> 
     </span>
    </p>
   </div>
   <div class='ocr_carea' id='block_1_16' title="bbox 342 1815 2013 1887">
    <p class='ocr_par' dir='ltr' id='par_1_16' title="bbox 342 1815 2013 1887">
     <span class='ocr_line' id='line_1_16' title="bbox 342 1815 2013 1887; baseline 0.002 -17"><span class='ocrx_word' id='word_1_114' title='bbox 342 1853 345 1855; x_wconf 92' lang='lat'><em>-</em></span> <span class='ocrx_word' id='word_1_115' title='bbox 417 1815 491 1870; x_wconf 89' lang='lat' dir='ltr'><strong>ita</strong></span> <span class='ocrx_word' id='word_1_116' title='bbox 535 1831 748 1887; x_wconf 87' lang='lat' dir='ltr'><strong>quoque</strong></span> <span class='ocrx_word' id='word_1_117' title='bbox 796 1816 850 1872; x_wconf 90' lang='lat' dir='ltr'><strong>in</strong></span> <span class='ocrx_word' id='word_1_118' title='bbox 897 1817 1060 1872; x_wconf 88' lang='lat' dir='ltr'><strong>animi</strong></span> <span class='ocrx_word' id='word_1_119' title='bbox 1107 1816 1329 1883; x_wconf 89' lang='lat' dir='ltr'><strong>virtute,</strong></span> <span class='ocrx_word' id='word_1_120' title='bbox 1379 1833 1486 1872; x_wconf 92' lang='lat' dir='ltr'><strong>non</strong></span> <span class='ocrx_word' id='word_1_121' title='bbox 1534 1832 1638 1873; x_wconf 86' lang='lat' dir='ltr'><strong>una</strong></span> <span class='ocrx_word' id='word_1_122' title='bbox 1675 1817 1764 1872; x_wconf 76' lang='lat' dir='ltr'><strong>lex</strong></span> <span class='ocrx_word' id='word_1_123' title='bbox 1813 1815 2013 1874; x_wconf 86' lang='lat' dir='ltr'><strong>sufficit</strong></span> 
     </span>
    </p>
   </div>
   <div class='ocr_carea' id='block_1_17' title="bbox 419 1905 2010 1980">
    <p class='ocr_par' dir='ltr' id='par_1_17' title="bbox 419 1905 2010 1980">
     <span class='ocr_line' id='line_1_17' title="bbox 419 1905 2010 1980; baseline 0.005 -20"><span class='ocrx_word' id='word_1_124' title='bbox 419 1905 576 1961; x_wconf 90' lang='lat' dir='ltr'><strong>nobis</strong></span> <span class='ocrx_word' id='word_1_125' title='bbox 603 1907 670 1962; x_wconf 88' lang='lat' dir='ltr'><strong>ad</strong></span> <span class='ocrx_word' id='word_1_126' title='bbox 710 1908 958 1977; x_wconf 86' lang='lat' dir='ltr'><strong>salutem,</strong></span> <span class='ocrx_word' id='word_1_127' title='bbox 1010 1918 1066 1964; x_wconf 89' lang='lat' dir='ltr'><strong>ut</strong></span> <span class='ocrx_word' id='word_1_128' title='bbox 1095 1909 1239 1980; x_wconf 89' lang='lat' dir='ltr'><strong>prius</strong></span> <span class='ocrx_word' id='word_1_129' title='bbox 1283 1909 1416 1977; x_wconf 82' lang='lat' dir='ltr'><strong>dixi,</strong></span> <span class='ocrx_word' id='word_1_130' title='bbox 1450 1908 1546 1965; x_wconf 89' lang='lat' dir='ltr'><strong>sed</strong></span> <span class='ocrx_word' id='word_1_131' title='bbox 1589 1923 1778 1966; x_wconf 89' lang='lat' dir='ltr'><strong>omnes</strong></span> <span class='ocrx_word' id='word_1_132' title='bbox 1823 1920 2010 1968; x_wconf 77' lang='lat' dir='ltr'><strong>exacte</strong></span> 
     </span>
    </p>
   </div>
   <div class='ocr_carea' id='block_1_18' title="bbox 416 1999 2008 2072">
    <p class='ocr_par' dir='ltr' id='par_1_18' title="bbox 416 1999 2008 2072">
     <span class='ocr_line' id='line_1_18' title="bbox 416 1999 2008 2072; baseline 0.003 -20"><span class='ocrx_word' id='word_1_133' title='bbox 416 1999 733 2068; x_wconf 67' lang='lat' dir='ltr'><strong>praestanda:</strong></span> <span class='ocrx_word' id='word_1_134' title='bbox 762 2009 905 2066; x_wconf 92' lang='lat' dir='ltr'><strong>sunt,</strong></span> <span class='ocrx_word' id='word_1_135' title='bbox 940 2000 984 2055; x_wconf 91' lang='lat' dir='ltr'><strong>si</strong></span> <span class='ocrx_word' id='word_1_136' title='bbox 1011 2000 1226 2072; x_wconf 89' lang='lat' dir='ltr'><strong>quidem</strong></span> <span class='ocrx_word' id='word_1_137' title='bbox 1267 2001 1494 2056; x_wconf 84' lang='lat' dir='ltr'><strong>velimus</strong></span> <span class='ocrx_word' id='word_1_138' title='bbox 1537 2001 1682 2055; x_wconf 91' lang='lat' dir='ltr'><strong>omni</strong></span> <span class='ocrx_word' id='word_1_139' title='bbox 1729 2000 2008 2056; x_wconf 87' lang='lat' dir='ltr'><strong>harmonia</strong></span> 
     </span>
    </p>
   </div>
   <div class='ocr_carea' id='block_1_19' title="bbox 415 2089 2009 2150">
    <p class='ocr_par' dir='ltr' id='par_1_19' title="bbox 415 2089 2009 2150">
     <span class='ocr_line' id='line_1_19' title="bbox 415 2089 2009 2150; baseline 0.004 -8"><span class='ocrx_word' id='word_1_140' title='bbox 415 2089 684 2146; x_wconf 86' lang='lat' dir='ltr'><strong>dulciores</strong></span> <span class='ocrx_word' id='word_1_141' title='bbox 735 2099 791 2146; x_wconf 90' lang='lat' dir='ltr'><strong>et</strong></span> <span class='ocrx_word' id='word_1_142' title='bbox 822 2091 1062 2146; x_wconf 87' lang='lat' dir='ltr'><strong>utiliores</strong></span> <span class='ocrx_word' id='word_1_143' title='bbox 1110 2091 1356 2146; x_wconf 85' lang='lat' dir='ltr'><strong>modulos</strong></span> <span class='ocrx_word' id='word_1_144' title='bbox 1406 2093 1691 2146; x_wconf 88' lang='lat' dir='ltr'><strong>coniicere.</strong></span> <span class='ocrx_word' id='word_1_145' title='bbox 1723 2093 1913 2147; x_wconf 88' lang='lat' dir='ltr'><strong>Didicit</strong></span> <span class='ocrx_word' id='word_1_146' title='bbox 1947 2108 2009 2150; x_wconf 88' lang='lat' dir='ltr'><strong>os</strong></span> 
     </span>
    </p>
   </div>
   <div class='ocr_carea' id='block_1_20' title="bbox 416 2181 2003 2253">
    <p class='ocr_par' dir='ltr' id='par_1_20' title="bbox 416 2181 2003 2253">
     <span class='ocr_line' id='line_1_20' title="bbox 416 2181 2003 2253; baseline 0.002 -18"><span class='ocrx_word' id='word_1_147' title='bbox 416 2190 565 2235; x_wconf 88' lang='lat' dir='ltr'><strong>tuum</strong></span> <span class='ocrx_word' id='word_1_148' title='bbox 594 2196 704 2237; x_wconf 91' lang='lat' dir='ltr'><strong>non</strong></span> <span class='ocrx_word' id='word_1_149' title='bbox 732 2181 960 2252; x_wconf 86' lang='lat' dir='ltr'><strong>jurare?</strong></span> <span class='ocrx_word' id='word_1_150' title='bbox 986 2181 1172 2237; x_wconf 88' lang='lat' dir='ltr'><strong>edocta</strong></span> <span class='ocrx_word' id='word_1_151' title='bbox 1202 2190 1286 2238; x_wconf 89' lang='lat' dir='ltr'><strong>est</strong></span> <span class='ocrx_word' id='word_1_152' title='bbox 1333 2191 1420 2237; x_wconf 89' lang='lat' dir='ltr'><strong>tua</strong></span> <span class='ocrx_word' id='word_1_153' title='bbox 1451 2183 1648 2253; x_wconf 87' lang='lat' dir='ltr'><strong>lingua,</strong></span> <span class='ocrx_word' id='word_1_154' title='bbox 1678 2182 1774 2249; x_wconf 87' lang='lat' dir='ltr'><strong>ita,</strong></span> <span class='ocrx_word' id='word_1_155' title='bbox 1794 2194 1847 2238; x_wconf 90' lang='lat' dir='ltr'><strong>et</strong></span> <span class='ocrx_word' id='word_1_156' title='bbox 1867 2183 2003 2252; x_wconf 88' lang='lat' dir='ltr'><strong>Non,</strong></span> 
     </span>
    </p>
   </div>
   <div class='ocr_carea' id='block_1_21' title="bbox 413 2272 2006 2343">
    <p class='ocr_par' dir='ltr' id='par_1_21' title="bbox 413 2272 2006 2343">
     <span class='ocr_line' id='line_1_21' title="bbox 413 2272 2006 2343; baseline 0.003 -16"><span class='ocrx_word' id='word_1_157' title='bbox 413 2272 609 2343; x_wconf 88' lang='lat' dir='ltr'><strong>ubique</strong></span> <span class='ocrx_word' id='word_1_158' title='bbox 637 2275 866 2330; x_wconf 88' lang='lat' dir='ltr'><strong>sonare?</strong></span> <span class='ocrx_word' id='word_1_159' title='bbox 897 2275 1076 2330; x_wconf 89' lang='lat' dir='ltr'><strong>Discat</strong></span> <span class='ocrx_word' id='word_1_160' title='bbox 1113 2274 1272 2330; x_wconf 89' lang='lat' dir='ltr'><strong>etiam</strong></span> <span class='ocrx_word' id='word_1_161' title='bbox 1305 2275 1603 2330; x_wconf 85' lang='lat' dir='ltr'><strong>convicium</strong></span> <span class='ocrx_word' id='word_1_162' title='bbox 1646 2291 1806 2331; x_wconf 87' lang='lat' dir='ltr'><strong>omne</strong></span> <span class='ocrx_word' id='word_1_163' title='bbox 1850 2292 2006 2331; x_wconf 84' lang='lat' dir='ltr'><strong>aver-</strong></span> 
     </span>
    </p>
   </div>
   <div class='ocr_carea' id='block_1_22' title="bbox 411 2363 2005 2442">
    <p class='ocr_par' dir='ltr' id='par_1_22' title="bbox 411 2363 2005 2442">
     <span class='ocr_line' id='line_1_22' title="bbox 411 2363 2005 2442; baseline 0.006 -26"><span class='ocrx_word' id='word_1_164' title='bbox 411 2363 540 2430; x_wconf 88' lang='lat' dir='ltr'><strong>sari,</strong></span> <span class='ocrx_word' id='word_1_165' title='bbox 594 2363 958 2435; x_wconf 86' lang='lat' dir='ltr'><strong>majorcmqne</strong></span> <span class='ocrx_word' id='word_1_166' title='bbox 1002 2381 1183 2424; x_wconf 86' lang='lat' dir='ltr'><strong>curam</strong></span> <span class='ocrx_word' id='word_1_167' title='bbox 1219 2365 1284 2422; x_wconf 85' lang='lat' dir='ltr'><strong>ad</strong></span> <span class='ocrx_word' id='word_1_168' title='bbox 1331 2365 1434 2425; x_wconf 88' lang='lat' dir='ltr'><strong>hoc</strong></span> <span class='ocrx_word' id='word_1_169' title='bbox 1477 2380 1804 2442; x_wconf 75' lang='lat' dir='ltr'><strong>prteceptum</strong></span> <span class='ocrx_word' id='word_1_170' title='bbox 1849 2368 2005 2425; x_wconf 78' lang='lat' dir='ltr'><strong>adhi-</strong></span> 
     </span>
    </p>
   </div>
   <div class='ocr_carea' id='block_1_23' title="bbox 411 2453 2006 2531">
    <p class='ocr_par' dir='ltr' id='par_1_23' title="bbox 411 2453 2006 2531">
     <span class='ocr_line' id='line_1_23' title="bbox 411 2453 2006 2531; baseline 0.004 -22"><span class='ocrx_word' id='word_1_171' title='bbox 411 2453 561 2526; x_wconf 89' lang='lat' dir='ltr'><strong>bere,</strong></span> <span class='ocrx_word' id='word_1_172' title='bbox 607 2457 1036 2530; x_wconf 84' lang='lat' dir='ltr'><strong>quandoquidem</strong></span> <span class='ocrx_word' id='word_1_173' title='bbox 1067 2469 1120 2516; x_wconf 91' lang='lat' dir='ltr'><strong>et</strong></span> <span class='ocrx_word' id='word_1_174' title='bbox 1142 2461 1342 2530; x_wconf 89' lang='lat' dir='ltr'><strong>majore</strong></span> <span class='ocrx_word' id='word_1_175' title='bbox 1362 2460 1545 2515; x_wconf 88' lang='lat' dir='ltr'><strong>labore</strong></span> <span class='ocrx_word' id='word_1_176' title='bbox 1573 2475 1708 2531; x_wconf 83' lang='lat' dir='ltr'><strong>Opus</strong></span> <span class='ocrx_word' id='word_1_177' title='bbox 1736 2471 1838 2515; x_wconf 87' lang='lat' dir='ltr'><strong>est.</strong></span> <span class='ocrx_word' id='word_1_178' title='bbox 1871 2461 2006 2516; x_wconf 82' lang='lat' dir='ltr'><strong>Nam</strong></span> 
     </span>
    </p>
   </div>
   <div class='ocr_carea' id='block_1_24' title="bbox 411 2546 2006 2610">
    <p class='ocr_par' dir='ltr' id='par_1_24' title="bbox 411 2546 2006 2610">
     <span class='ocr_line' id='line_1_24' title="bbox 411 2546 2006 2610; baseline 0.003 -5"><span class='ocrx_word' id='word_1_179' title='bbox 411 2546 524 2605; x_wconf 88' lang='lat' dir='ltr'><strong>illic</strong></span> <span class='ocrx_word' id='word_1_180' title='bbox 587 2552 918 2608; x_wconf 87' lang='lat' dir='ltr'><strong>consuetudo</strong></span> <span class='ocrx_word' id='word_1_181' title='bbox 971 2553 1083 2609; x_wconf 91' lang='lat' dir='ltr'><strong>sola</strong></span> <span class='ocrx_word' id='word_1_182' title='bbox 1132 2554 1392 2608; x_wconf 85' lang='lat' dir='ltr'><strong>vincenda</strong></span> <span class='ocrx_word' id='word_1_183' title='bbox 1439 2553 1539 2608; x_wconf 85' lang='lat' dir='ltr'><strong>fuit</strong></span> <span class='ocrx_word' id='word_1_184' title='bbox 1579 2571 1592 2608; x_wconf 89' lang='lat'>:</span> <span class='ocrx_word' id='word_1_185' title='bbox 1639 2556 1693 2609; x_wconf 90' lang='lat' dir='ltr'><strong>in</strong></span> <span class='ocrx_word' id='word_1_186' title='bbox 1743 2555 1821 2609; x_wconf 90' lang='lat' dir='ltr'><strong>ira</strong></span> <span class='ocrx_word' id='word_1_187' title='bbox 1875 2570 2006 2610; x_wconf 90' lang='lat' dir='ltr'><strong>vero</strong></span> 
     </span>
    </p>
   </div>
   <div class='ocr_carea' id='block_1_25' title="bbox 411 2643 2003 2716">
    <p class='ocr_par' dir='ltr' id='par_1_25' title="bbox 411 2643 2003 2716">
     <span class='ocr_line' id='line_1_25' title="bbox 411 2643 2003 2716; baseline 0.003 -18"><span class='ocrx_word' id='word_1_188' title='bbox 411 2643 722 2700; x_wconf 85' lang='lat' dir='ltr'><strong>nervosiore</strong></span> <span class='ocrx_word' id='word_1_189' title='bbox 769 2643 1030 2700; x_wconf 90' lang='lat' dir='ltr'><strong>industria</strong></span> <span class='ocrx_word' id='word_1_190' title='bbox 1072 2661 1208 2716; x_wconf 92' lang='lat' dir='ltr'><strong>opus</strong></span> <span class='ocrx_word' id='word_1_191' title='bbox 1235 2654 1345 2711; x_wconf 89' lang='lat' dir='ltr'><strong>est;</strong></span> <span class='ocrx_word' id='word_1_192' title='bbox 1379 2645 1644 2702; x_wconf 88' lang='lat' dir='ltr'><strong>violentus</strong></span> <span class='ocrx_word' id='word_1_193' title='bbox 1679 2647 1821 2701; x_wconf 89' lang='lat' dir='ltr'><strong>enim</strong></span> <span class='ocrx_word' id='word_1_194' title='bbox 1869 2646 2003 2703; x_wconf 85' lang='lat' dir='ltr'><strong>atl‘e-</strong></span> 
     </span>
    </p>
   </div>
   <div class='ocr_carea' id='block_1_26' title="bbox 412 2735 2005 2807">
    <p class='ocr_par' dir='ltr' id='par_1_26' title="bbox 412 2735 2005 2807">
     <span class='ocr_line' id='line_1_26' title="bbox 412 2735 2005 2807; baseline 0.004 -21"><span class='ocrx_word' id='word_1_195' title='bbox 412 2742 530 2786; x_wconf 85' lang='lat' dir='ltr'><strong>ctus</strong></span> <span class='ocrx_word' id='word_1_196' title='bbox 549 2742 651 2799; x_wconf 89' lang='lat' dir='ltr'><strong>est,</strong></span> <span class='ocrx_word' id='word_1_197' title='bbox 684 2743 738 2790; x_wconf 91' lang='lat' dir='ltr'><strong>et</strong></span> <span class='ocrx_word' id='word_1_198' title='bbox 764 2736 1090 2804; x_wconf 75' lang='lat' dir='ltr'><strong>tyrannicus,</strong></span> <span class='ocrx_word' id='word_1_199' title='bbox 1114 2744 1168 2792; x_wconf 91' lang='lat' dir='ltr'><strong>et</strong></span> <span class='ocrx_word' id='word_1_200' title='bbox 1195 2735 1424 2792; x_wconf 88' lang='lat' dir='ltr'><strong>subinde</strong></span> <span class='ocrx_word' id='word_1_201' title='bbox 1461 2736 1658 2806; x_wconf 91' lang='lat' dir='ltr'><strong>abripit</strong></span> <span class='ocrx_word' id='word_1_202' title='bbox 1683 2735 1766 2790; x_wconf 91' lang='lat' dir='ltr'><strong>vel</strong></span> <span class='ocrx_word' id='word_1_203' title='bbox 1792 2751 1887 2792; x_wconf 86' lang='lat' dir='ltr'><strong>eos</strong></span> <span class='ocrx_word' id='word_1_204' title='bbox 1913 2736 2005 2807; x_wconf 91' lang='lat' dir='ltr'><strong>qui</strong></span> 
     </span>
    </p>
   </div>
   <div class='ocr_carea' id='block_1_27' title="bbox 411 2821 2001 2898">
    <p class='ocr_par' dir='ltr' id='par_1_27' title="bbox 411 2821 2001 2898">
     <span class='ocr_line' id='line_1_27' title="bbox 411 2821 2001 2898; baseline 0.005 -23"><span class='ocrx_word' id='word_1_205' title='bbox 411 2821 631 2894; x_wconf 84' lang='lat' dir='ltr'><strong>vigilant</strong></span> <span class='ocrx_word' id='word_1_206' title='bbox 661 2825 702 2891; x_wconf 77' lang='grc' dir='ltr'><strong>ί,</strong></span> <span class='ocrx_word' id='word_1_207' title='bbox 750 2833 805 2880; x_wconf 92' lang='lat' dir='ltr'><strong>et</strong></span> <span class='ocrx_word' id='word_1_208' title='bbox 828 2824 896 2881; x_wconf 90' lang='lat' dir='ltr'><strong>ad</strong></span> <span class='ocrx_word' id='word_1_209' title='bbox 923 2825 1234 2881; x_wconf 86' lang='lat' dir='ltr'><strong>barathrum</strong></span> <span class='ocrx_word' id='word_1_210' title='bbox 1264 2828 1436 2897; x_wconf 91' lang='lat' dir='ltr'><strong>ipsum</strong></span> <span class='ocrx_word' id='word_1_211' title='bbox 1485 2826 1796 2898; x_wconf 85' lang='lat' dir='ltr'><strong>perditionis</strong></span> <span class='ocrx_word' id='word_1_212' title='bbox 1831 2826 2001 2884; x_wconf 87' lang='lat' dir='ltr'><strong>dedu-</strong></span> 
     </span>
    </p>
   </div>
   <div class='ocr_carea' id='block_1_28' title="bbox 411 2914 2000 2989">
    <p class='ocr_par' dir='ltr' id='par_1_28' title="bbox 411 2914 2000 2989">
     <span class='ocr_line' id='line_1_28' title="bbox 411 2914 2000 2989; baseline 0.004 -19"><span class='ocrx_word' id='word_1_213' title='bbox 411 2914 503 2970; x_wconf 91' lang='lat' dir='ltr'><strong>cit.</strong></span> <span class='ocrx_word' id='word_1_214' title='bbox 551 2914 708 2973; x_wconf 87' lang='lat' dir='ltr'><strong>Ferte</strong></span> <span class='ocrx_word' id='word_1_215' title='bbox 755 2917 915 2987; x_wconf 82' lang='lat' dir='ltr'><strong>igitur</strong></span> <span class='ocrx_word' id='word_1_216' title='bbox 957 2918 1314 2989; x_wconf 84' lang='lat' dir='ltr'><strong>prolixitatem</strong></span> <span class='ocrx_word' id='word_1_217' title='bbox 1365 2920 1651 2975; x_wconf 89' lang='lat' dir='ltr'><strong>sermoais.</strong></span> <span class='ocrx_word' id='word_1_218' title='bbox 1697 2921 2000 2978; x_wconf 86' lang='lat' dir='ltr'><strong>Absurdum</strong></span> 
     </span>
    </p>
   </div>
   <div class='ocr_carea' id='block_1_29' title="bbox 409 3008 1993 3080">
    <p class='ocr_par' dir='ltr' id='par_1_29' title="bbox 409 3008 1993 3080">
     <span class='ocr_line' id='line_1_29' title="bbox 409 3008 1993 3080; baseline 0.004 -18"><span class='ocrx_word' id='word_1_219' title='bbox 409 3008 607 3078; x_wconf 85' lang='lat' dir='ltr'><strong>quippe</strong></span> <span class='ocrx_word' id='word_1_220' title='bbox 632 3017 714 3064; x_wconf 88' lang='lat' dir='ltr'><strong>est</strong></span> <span class='ocrx_word' id='word_1_221' title='bbox 757 3024 878 3064; x_wconf 92' lang='lat' dir='ltr'><strong>cum</strong></span> <span class='ocrx_word' id='word_1_222' title='bbox 925 3011 1159 3080; x_wconf 89' lang='lat' dir='ltr'><strong>quotidie</strong></span> <span class='ocrx_word' id='word_1_223' title='bbox 1183 3012 1480 3067; x_wconf 88' lang='lat' dir='ltr'><strong>vulnereris</strong></span> <span class='ocrx_word' id='word_1_224' title='bbox 1507 3012 1562 3066; x_wconf 87' lang='lat' dir='ltr'><strong>in</strong></span> <span class='ocrx_word' id='word_1_225' title='bbox 1607 3011 1746 3078; x_wconf 84' lang='lat' dir='ltr'><strong>foro,</strong></span> <span class='ocrx_word' id='word_1_226' title='bbox 1780 3013 1835 3067; x_wconf 92' lang='lat' dir='ltr'><strong>in</strong></span> <span class='ocrx_word' id='word_1_227' title='bbox 1859 3013 1993 3068; x_wconf 76' lang='lat' dir='ltr'><strong>aedi-</strong></span> 
     </span>
    </p>
   </div>
   <div class='ocr_carea' id='block_1_30' title="bbox 411 3098 2000 3173">
    <p class='ocr_par' dir='ltr' id='par_1_30' title="bbox 411 3098 2000 3173">
     <span class='ocr_line' id='line_1_30' title="bbox 411 3098 2000 3173; baseline 0.003 -17"><span class='ocrx_word' id='word_1_228' title='bbox 411 3098 533 3168; x_wconf 85' lang='lat' dir='ltr'><strong>bus,</strong></span> <span class='ocrx_word' id='word_1_229' title='bbox 571 3100 640 3157; x_wconf 91' lang='lat' dir='ltr'><strong>ab</strong></span> <span class='ocrx_word' id='word_1_230' title='bbox 683 3102 890 3169; x_wconf 88' lang='lat' dir='ltr'><strong>amicis,</strong></span> <span class='ocrx_word' id='word_1_231' title='bbox 923 3118 953 3158; x_wconf 93' lang='lat' dir='ltr'><strong>a</strong></span> <span class='ocrx_word' id='word_1_232' title='bbox 990 3104 1248 3173; x_wconf 86' lang='lat' dir='ltr'><strong>cognatis,</strong></span> <span class='ocrx_word' id='word_1_233' title='bbox 1281 3104 1349 3159; x_wconf 91' lang='lat' dir='ltr'><strong>ab</strong></span> <span class='ocrx_word' id='word_1_234' title='bbox 1377 3104 1628 3169; x_wconf 89' lang='lat' dir='ltr'><strong>inimicis,</strong></span> <span class='ocrx_word' id='word_1_235' title='bbox 1667 3121 1698 3159; x_wconf 91' lang='lat' dir='ltr'><strong>a</strong></span> <span class='ocrx_word' id='word_1_236' title='bbox 1738 3104 1946 3171; x_wconf 81' lang='lat' dir='ltr'><strong>vicinis,</strong></span> <span class='ocrx_word' id='word_1_237' title='bbox 1969 3120 2000 3161; x_wconf 88' lang='lat' dir='ltr'><strong>a</strong></span> 
     </span>
    </p>
   </div>
   <div class='ocr_carea' id='block_1_31' title="bbox 409 3190 1997 3264">
    <p class='ocr_par' dir='ltr' id='par_1_31' title="bbox 409 3190 1997 3264">
     <span class='ocr_line' id='line_1_31' title="bbox 409 3190 1997 3264; baseline 0.003 -20"><span class='ocrx_word' id='word_1_238' title='bbox 409 3190 601 3253; x_wconf 87' lang='lat' dir='ltr'><strong>servis,</strong></span> <span class='ocrx_word' id='word_1_239' title='bbox 656 3191 726 3246; x_wconf 90' lang='lat' dir='ltr'><strong>ab</strong></span> <span class='ocrx_word' id='word_1_240' title='bbox 774 3207 958 3261; x_wconf 81' lang='lat' dir='ltr'><strong>uxore,</strong></span> <span class='ocrx_word' id='word_1_241' title='bbox 989 3209 1021 3248; x_wconf 93' lang='lat' dir='ltr'><strong>a</strong></span> <span class='ocrx_word' id='word_1_242' title='bbox 1053 3193 1184 3258; x_wconf 84' lang='lat' dir='ltr'><strong>ﬁlio,</strong></span> <span class='ocrx_word' id='word_1_243' title='bbox 1217 3209 1247 3248; x_wconf 89' lang='lat' dir='ltr'><strong>a</strong></span> <span class='ocrx_word' id='word_1_244' title='bbox 1297 3194 1526 3264; x_wconf 86' lang='lat' dir='ltr'><strong>prepriis</strong></span> <span class='ocrx_word' id='word_1_245' title='bbox 1568 3195 1997 3264; x_wconf 83' lang='lat' dir='ltr'><strong>cogitationibus,</strong></span> 
     </span>
    </p>
   </div>
   <div class='ocr_carea' id='block_1_32' title="bbox 411 3282 2001 3353">
    <p class='ocr_par' dir='ltr' id='par_1_32' title="bbox 411 3282 2001 3353">
     <span class='ocr_line' id='line_1_32' title="bbox 411 3282 2001 3353; baseline 0.005 -19"><span class='ocrx_word' id='word_1_246' title='bbox 411 3296 485 3336; x_wconf 88' lang='lat' dir='ltr'><strong>ne</strong></span> <span class='ocrx_word' id='word_1_247' title='bbox 509 3282 676 3338; x_wconf 89' lang='lat' dir='ltr'><strong>semel</strong></span> <span class='ocrx_word' id='word_1_248' title='bbox 701 3283 918 3353; x_wconf 89' lang='lat' dir='ltr'><strong>quidem</strong></span> <span class='ocrx_word' id='word_1_249' title='bbox 948 3284 999 3338; x_wconf 92' lang='lat' dir='ltr'><strong>in</strong></span> <span class='ocrx_word' id='word_1_250' title='bbox 1028 3285 1277 3340; x_wconf 89' lang='lat' dir='ltr'><strong>universa</strong></span> <span class='ocrx_word' id='word_1_251' title='bbox 1309 3284 1642 3341; x_wconf 88' lang='lat' dir='ltr'><strong>hebdomada</strong></span> <span class='ocrx_word' id='word_1_252' title='bbox 1668 3285 1735 3340; x_wconf 89' lang='lat' dir='ltr'><strong>de</strong></span> <span class='ocrx_word' id='word_1_253' title='bbox 1761 3285 2001 3342; x_wconf 90' lang='lat' dir='ltr'><strong>remedio</strong></span> 
     </span>
    </p>
   </div>
   <div class='ocr_carea' id='block_1_33' title="bbox 411 3373 1997 3450">
    <p class='ocr_par' dir='ltr' id='par_1_33' title="bbox 411 3373 1997 3450">
     <span class='ocr_line' id='line_1_33' title="bbox 411 3373 1997 3450; baseline 0.005 -23"><span class='ocrx_word' id='word_1_254' title='bbox 411 3373 623 3430; x_wconf 88' lang='lat' dir='ltr'><strong>illorum</strong></span> <span class='ocrx_word' id='word_1_255' title='bbox 675 3376 952 3432; x_wconf 90' lang='lat' dir='ltr'><strong>vulnerum</strong></span> <span class='ocrx_word' id='word_1_256' title='bbox 976 3391 1158 3432; x_wconf 91' lang='lat' dir='ltr'><strong>curam</strong></span> <span class='ocrx_word' id='word_1_257' title='bbox 1198 3378 1478 3434; x_wconf 86' lang='lat' dir='ltr'><strong>admittere</strong></span> <span class='ocrx_word' id='word_1_258' title='bbox 1508 3397 1522 3434; x_wconf 90' lang='lat'><strong>:</strong></span> <span class='ocrx_word' id='word_1_259' title='bbox 1554 3382 1852 3450; x_wconf 63' lang='lat' dir='ltr'><strong>praesertim</strong></span> <span class='ocrx_word' id='word_1_260' title='bbox 1878 3395 1997 3435; x_wconf 92' lang='lat' dir='ltr'><strong>cum</strong></span> 
     </span>
    </p>
   </div>
   <div class='ocr_carea' id='block_1_34' title="bbox 409 3465 2001 3541">
    <p class='ocr_par' dir='ltr' id='par_1_34' title="bbox 409 3465 2001 3541">
     <span class='ocr_line' id='line_1_34' title="bbox 409 3465 2001 3541; baseline 0.006 -22"><span class='ocrx_word' id='word_1_261' title='bbox 409 3465 644 3521; x_wconf 84' lang='lat' dir='ltr'><strong>sciamus</strong></span> <span class='ocrx_word' id='word_1_262' title='bbox 666 3467 822 3522; x_wconf 91' lang='lat' dir='ltr'><strong>istum</strong></span> <span class='ocrx_word' id='word_1_263' title='bbox 852 3468 1074 3524; x_wconf 90' lang='lat' dir='ltr'><strong>curandi</strong></span> <span class='ocrx_word' id='word_1_264' title='bbox 1116 3469 1333 3525; x_wconf 89' lang='lat' dir='ltr'><strong>modum</strong></span> <span class='ocrx_word' id='word_1_265' title='bbox 1372 3485 1472 3525; x_wconf 90' lang='lat' dir='ltr'><strong>nec</strong></span> <span class='ocrx_word' id='word_1_266' title='bbox 1511 3481 1745 3541; x_wconf 89' lang='lat' dir='ltr'><strong>sumptu,</strong></span> <span class='ocrx_word' id='word_1_267' title='bbox 1775 3487 1874 3527; x_wconf 91' lang='lat' dir='ltr'><strong>nec</strong></span> <span class='ocrx_word' id='word_1_268' title='bbox 1904 3471 2001 3528; x_wconf 92' lang='lat' dir='ltr'><strong>do-</strong></span> 
     </span>
    </p>
   </div>
   <div class='ocr_carea' id='block_1_35' title="bbox 412 3555 2002 3620">
    <p class='ocr_par' dir='ltr' id='par_1_35' title="bbox 412 3555 2002 3620">
     <span class='ocr_line' id='line_1_35' title="bbox 412 3555 2002 3620; baseline 0.006 -10"><span class='ocrx_word' id='word_1_269' title='bbox 412 3555 528 3612; x_wconf 89' lang='lat' dir='ltr'><strong>lore</strong></span> <span class='ocrx_word' id='word_1_270' title='bbox 572 3568 840 3615; x_wconf 87' lang='lat' dir='ltr'><strong>constare.</strong></span> <span class='ocrx_word' id='word_1_271' title='bbox 885 3559 1002 3616; x_wconf 84' lang='lat' dir='ltr'><strong>Non</strong></span> <span class='ocrx_word' id='word_1_272' title='bbox 1042 3561 1184 3617; x_wconf 90' lang='lat' dir='ltr'><strong>enim</strong></span> <span class='ocrx_word' id='word_1_273' title='bbox 1221 3577 1362 3618; x_wconf 92' lang='lat' dir='ltr'><strong>nunc</strong></span> <span class='ocrx_word' id='word_1_274' title='bbox 1411 3562 1610 3618; x_wconf 89' lang='lat' dir='ltr'><strong>ferrum</strong></span> <span class='ocrx_word' id='word_1_275' title='bbox 1655 3564 1709 3618; x_wconf 92' lang='lat' dir='ltr'><strong>in</strong></span> <span class='ocrx_word' id='word_1_276' title='bbox 1756 3563 2002 3620; x_wconf 88' lang='lat' dir='ltr'><strong>manibus</strong></span> 
     </span>
    </p>
   </div>
   <div class='ocr_carea' id='block_1_36' title="bbox 412 3646 2001 3725">
    <p class='ocr_par' dir='ltr' id='par_1_36' title="bbox 412 3646 2001 3725">
     <span class='ocr_line' id='line_1_36' title="bbox 412 3646 2001 3725; baseline 0.006 -23"><span class='ocrx_word' id='word_1_277' title='bbox 412 3646 583 3704; x_wconf 90' lang='lat' dir='ltr'><strong>habeo</strong></span> <span class='ocrx_word' id='word_1_278' title='bbox 607 3666 620 3703; x_wconf 89' lang='lat'><strong>:</strong></span> <span class='ocrx_word' id='word_1_279' title='bbox 649 3649 741 3706; x_wconf 90' lang='lat' dir='ltr'><strong>sed</strong></span> <span class='ocrx_word' id='word_1_280' title='bbox 772 3650 990 3707; x_wconf 89' lang='lat' dir='ltr'><strong>verbum</strong></span> <span class='ocrx_word' id='word_1_281' title='bbox 1010 3667 1107 3723; x_wconf 88' lang='lat' dir='ltr'><strong>pro</strong></span> <span class='ocrx_word' id='word_1_282' title='bbox 1129 3652 1290 3720; x_wconf 90' lang='lat' dir='ltr'><strong>ferro,</strong></span> <span class='ocrx_word' id='word_1_283' title='bbox 1315 3654 1500 3725; x_wconf 84' lang='lat' dir='ltr'><strong>quovis</strong></span> <span class='ocrx_word' id='word_1_284' title='bbox 1518 3663 1694 3710; x_wconf 88' lang='lat' dir='ltr'><strong>tamen</strong></span> <span class='ocrx_word' id='word_1_285' title='bbox 1711 3655 1854 3711; x_wconf 91' lang='lat' dir='ltr'><strong>ferro</strong></span> <span class='ocrx_word' id='word_1_286' title='bbox 1873 3671 2001 3712; x_wconf 89' lang='lat' dir='ltr'><strong>aeu-</strong></span> 
     </span>
    </p>
   </div>
   <div class='ocr_carea' id='block_1_37' title="bbox 413 3740 2000 3815">
    <p class='ocr_par' dir='ltr' id='par_1_37' title="bbox 413 3740 2000 3815">
     <span class='ocr_line' id='line_1_37' title="bbox 413 3740 2000 3815; baseline 0.005 -20"><span class='ocrx_word' id='word_1_287' title='bbox 413 3740 539 3804; x_wconf 85' lang='lat' dir='ltr'><strong>tius.</strong></span> <span class='ocrx_word' id='word_1_288' title='bbox 557 3751 612 3797; x_wconf 88' lang='lat' dir='ltr'><strong>et</strong></span> <span class='ocrx_word' id='word_1_289' title='bbox 657 3743 892 3813; x_wconf 85' lang='lat' dir='ltr'><strong>cujusvis</strong></span> <span class='ocrx_word' id='word_1_290' title='bbox 919 3745 1122 3815; x_wconf 89' lang='lat' dir='ltr'><strong>peccati</strong></span> <span class='ocrx_word' id='word_1_291' title='bbox 1142 3745 1476 3815; x_wconf 89' lang='lat' dir='ltr'><strong>putredinem</strong></span> <span class='ocrx_word' id='word_1_292' title='bbox 1499 3747 1853 3814; x_wconf 82' lang='lat' dir='ltr'><strong>exscindens;</strong></span> <span class='ocrx_word' id='word_1_293' title='bbox 1883 3747 2000 3803; x_wconf 88' lang='lat' dir='ltr'><strong>sine</strong></span> 
     </span>
    </p>
   </div>
   <div class='ocr_carea' id='block_1_38' title="bbox 412 3832 1999 3909">
    <p class='ocr_par' dir='ltr' id='par_1_38' title="bbox 412 3832 1999 3909">
     <span class='ocr_line' id='line_1_38' title="bbox 412 3832 1999 3909; baseline 0.004 -23"><span class='ocrx_word' id='word_1_294' title='bbox 412 3832 600 3888; x_wconf 88' lang='lat' dir='ltr'><strong>dolore</strong></span> <span class='ocrx_word' id='word_1_295' title='bbox 629 3843 807 3889; x_wconf 89' lang='lat' dir='ltr'><strong>tamen</strong></span> <span class='ocrx_word' id='word_1_296' title='bbox 847 3834 982 3905; x_wconf 86' lang='lat' dir='ltr'><strong>ejus,</strong></span> <span class='ocrx_word' id='word_1_297' title='bbox 1016 3835 1100 3891; x_wconf 92' lang='lat' dir='ltr'><strong>cui</strong></span> <span class='ocrx_word' id='word_1_298' title='bbox 1128 3836 1226 3891; x_wconf 91' lang='lat' dir='ltr'><strong>ista</strong></span> <span class='ocrx_word' id='word_1_299' title='bbox 1269 3837 1456 3892; x_wconf 90' lang='lat' dir='ltr'><strong>incisio</strong></span> <span class='ocrx_word' id='word_1_300' title='bbox 1486 3836 1564 3894; x_wconf 83' lang='lat' dir='ltr'><strong>fit.</strong></span> <span class='ocrx_word' id='word_1_301' title='bbox 1595 3837 1712 3892; x_wconf 89' lang='lat' dir='ltr'><strong>Non</strong></span> <span class='ocrx_word' id='word_1_302' title='bbox 1741 3837 1914 3909; x_wconf 88' lang='lat' dir='ltr'><strong>ignem</strong></span> <span class='ocrx_word' id='word_1_303' title='bbox 1946 3837 1999 3893; x_wconf 91' lang='lat' dir='ltr'><strong>in</strong></span> 
     </span>
    </p>
   </div>
   <div class='ocr_carea' id='block_1_39' title="bbox 411 3919 1996 3996">
    <p class='ocr_par' dir='ltr' id='par_1_39' title="bbox 411 3919 1996 3996">
     <span class='ocr_line' id='line_1_39' title="bbox 411 3919 1996 3996; baseline 0.004 -21"><span class='ocrx_word' id='word_1_304' title='bbox 411 3919 595 3976; x_wconf 83' lang='lat' dir='ltr'><strong>dextra</strong></span> <span class='ocrx_word' id='word_1_305' title='bbox 646 3921 838 3990; x_wconf 74' lang='lat' dir='ltr'><strong>habeo,</strong></span> <span class='ocrx_word' id='word_1_306' title='bbox 889 3924 983 3979; x_wconf 88' lang='lat' dir='ltr'><strong>sed</strong></span> <span class='ocrx_word' id='word_1_307' title='bbox 1009 3924 1304 3981; x_wconf 87' lang='lat' dir='ltr'><strong>doctrinam</strong></span> <span class='ocrx_word' id='word_1_308' title='bbox 1365 3927 1487 3996; x_wconf 83' lang='lat' dir='ltr'><strong>igne</strong></span> <span class='ocrx_word' id='word_1_309' title='bbox 1520 3926 1996 3995; x_wconf 82' lang='lat' dir='ltr'><strong>vehementiorem,</strong></span> 
     </span>
    </p>
   </div>
   <div class='ocr_carea' id='block_1_40' title="bbox 409 4015 1996 4084">
    <p class='ocr_par' dir='ltr' id='par_1_40' title="bbox 409 4015 1996 4084">
     <span class='ocr_line' id='line_1_40' title="bbox 409 4015 1996 4084; baseline 0.004 -17"><span class='ocrx_word' id='word_1_310' title='bbox 409 4027 638 4084; x_wconf 86' lang='lat' dir='ltr'><strong>eamque</strong></span> <span class='ocrx_word' id='word_1_311' title='bbox 664 4029 769 4069; x_wconf 90' lang='lat' dir='ltr'><strong>non</strong></span> <span class='ocrx_word' id='word_1_312' title='bbox 809 4015 1151 4072; x_wconf 87' lang='lat' dir='ltr'><strong>adhibentem</strong></span> <span class='ocrx_word' id='word_1_313' title='bbox 1177 4017 1492 4083; x_wconf 90' lang='lat' dir='ltr'><strong>cauterium,</strong></span> <span class='ocrx_word' id='word_1_314' title='bbox 1525 4017 1620 4073; x_wconf 90' lang='lat' dir='ltr'><strong>sed</strong></span> <span class='ocrx_word' id='word_1_315' title='bbox 1649 4028 1824 4074; x_wconf 89' lang='lat' dir='ltr'><strong>tamen</strong></span> <span class='ocrx_word' id='word_1_316' title='bbox 1845 4019 1996 4075; x_wconf 82' lang='lat' dir='ltr'><strong>cohi-</strong></span> 
     </span>
    </p>
   </div>
   <div class='ocr_carea' id='block_1_41' title="bbox 411 4102 2002 4178">
    <p class='ocr_par' dir='ltr' id='par_1_41' title="bbox 411 4102 2002 4178">
     <span class='ocr_line' id='line_1_41' title="bbox 411 4102 2002 4178; baseline 0.006 -21"><span class='ocrx_word' id='word_1_317' title='bbox 411 4102 626 4159; x_wconf 89' lang='lat' dir='ltr'><strong>bentem</strong></span> <span class='ocrx_word' id='word_1_318' title='bbox 657 4106 871 4160; x_wconf 68' lang='lat' dir='ltr'><strong>malitiae</strong></span> <span class='ocrx_word' id='word_1_319' title='bbox 898 4115 1299 4177; x_wconf 84' lang='lat' dir='ltr'><strong>proserpentem</strong></span> <span class='ocrx_word' id='word_1_320' title='bbox 1317 4109 1641 4174; x_wconf 90' lang='lat' dir='ltr'><strong>erosionem,</strong></span> <span class='ocrx_word' id='word_1_321' title='bbox 1671 4120 1726 4165; x_wconf 89' lang='lat' dir='ltr'><strong>et</strong></span> <span class='ocrx_word' id='word_1_322' title='bbox 1755 4125 1852 4178; x_wconf 90' lang='lat' dir='ltr'><strong>pro</strong></span> <span class='ocrx_word' id='word_1_323' title='bbox 1880 4126 2002 4166; x_wconf 89' lang='lat' dir='ltr'><strong>cru-</strong></span> 
     </span>
    </p>
   </div>
   <div class='ocr_carea' id='block_1_42' title="bbox 409 4193 2000 4266">
    <p class='ocr_par' dir='ltr' id='par_1_42' title="bbox 409 4193 2000 4266">
     <span class='ocr_line' id='line_1_42' title="bbox 409 4193 2000 4266; baseline 0.004 -18"><span class='ocrx_word' id='word_1_324' title='bbox 409 4193 548 4248; x_wconf 91' lang='lat' dir='ltr'><strong>ciatu</strong></span> <span class='ocrx_word' id='word_1_325' title='bbox 579 4193 866 4262; x_wconf 88' lang='lat' dir='ltr'><strong>plurimam</strong></span> <span class='ocrx_word' id='word_1_326' title='bbox 881 4194 951 4260; x_wconf 90' lang='lat' dir='ltr'><strong>ei,</strong></span> <span class='ocrx_word' id='word_1_327' title='bbox 974 4196 1064 4266; x_wconf 90' lang='lat' dir='ltr'><strong>qui</strong></span> <span class='ocrx_word' id='word_1_328' title='bbox 1093 4196 1352 4251; x_wconf 90' lang='lat' dir='ltr'><strong>liberatur</strong></span> <span class='ocrx_word' id='word_1_329' title='bbox 1371 4213 1402 4250; x_wconf 91' lang='lat' dir='ltr'><strong>a</strong></span> <span class='ocrx_word' id='word_1_330' title='bbox 1424 4197 1622 4251; x_wconf 86' lang='lat' dir='ltr'><strong>malitia</strong></span> <span class='ocrx_word' id='word_1_331' title='bbox 1643 4239 1658 4265; x_wconf 91' lang='lat'><strong>,</strong></span> <span class='ocrx_word' id='word_1_332' title='bbox 1687 4196 2000 4254; x_wconf 90' lang='lat' dir='ltr'><strong>afferentem</strong></span> 
     </span>
    </p>
   </div>
   <div class='ocr_carea' id='block_1_43' title="bbox 412 4283 761 4352">
    <p class='ocr_par' dir='ltr' id='par_1_43' title="bbox 412 4283 761 4352">
     <span class='ocr_line' id='line_1_43' title="bbox 412 4283 761 4352; baseline 0.003 -16"><span class='ocrx_word' id='word_1_333' title='bbox 412 4283 761 4352; x_wconf 89' lang='lat' dir='ltr'><strong>voluptatem.</strong></span> 
     </span>
    </p>
   </div>
   <div class='ocr_carea' id='block_1_44' title="bbox 493 4372 2002 4450">
    <p class='ocr_par' dir='ltr' id='par_1_44' title="bbox 493 4372 2002 4450">
     <span class='ocr_line' id='line_1_44' title="bbox 493 4372 2002 4450; baseline 0.008 -23"><span class='ocrx_word' id='word_1_334' title='bbox 493 4372 634 4429; x_wconf 83' lang='lat' dir='ltr'><strong>Velle</strong></span> <span class='ocrx_word' id='word_1_335' title='bbox 659 4377 782 4429; x_wconf 81' lang='lat' dir='ltr'><strong>satis</strong></span> <span class='ocrx_word' id='word_1_336' title='bbox 801 4384 897 4442; x_wconf 87' lang='lat' dir='ltr'><strong>est;</strong></span> <span class='ocrx_word' id='word_1_337' title='bbox 930 4377 1203 4433; x_wconf 78' lang='lat' dir='ltr'><strong>auctoritas</strong></span> <span class='ocrx_word' id='word_1_338' title='bbox 1216 4377 1443 4450; x_wconf 88' lang='lat' dir='ltr'><strong>jubentis</strong></span> <span class='ocrx_word' id='word_1_339' title='bbox 1469 4381 1686 4436; x_wconf 74' lang='lat' dir='ltr'><strong>excitare</strong></span> <span class='ocrx_word' id='word_1_340' title='bbox 1703 4381 1877 4450; x_wconf 82' lang='lat' dir='ltr'><strong>debet;</strong></span> <span class='ocrx_word' id='word_1_341' title='bbox 1900 4382 2002 4439; x_wconf 85' lang='lat' dir='ltr'><strong>Pe-</strong></span> 
     </span>
    </p>
   </div>
   <div class='ocr_carea' id='block_1_45' title="bbox 413 4466 2001 4546">
    <p class='ocr_par' dir='ltr' id='par_1_45' title="bbox 413 4466 2001 4546">
     <span class='ocr_line' id='line_1_45' title="bbox 413 4466 2001 4546; baseline 0.006 -27"><span class='ocrx_word' id='word_1_342' title='bbox 413 4466 478 4520; x_wconf 89' lang='lat' dir='ltr'><strong>tri</strong></span> <span class='ocrx_word' id='word_1_343' title='bbox 497 4467 549 4520; x_wconf 88' lang='lat' dir='ltr'><strong>in</strong></span> <span class='ocrx_word' id='word_1_344' title='bbox 569 4482 768 4521; x_wconf 77' lang='lat' dir='ltr'><strong>scenam</strong></span> <span class='ocrx_word' id='word_1_345' title='bbox 784 4469 1044 4542; x_wconf 81' lang='lat' dir='ltr'><strong>paulisper</strong></span> <span class='ocrx_word' id='word_1_346' title='bbox 1064 4469 1255 4526; x_wconf 82' lang='lat' dir='ltr'><strong>inducti</strong></span> <span class='ocrx_word' id='word_1_347' title='bbox 1282 4471 1529 4543; x_wconf 84' lang='lat' dir='ltr'><strong>primatus</strong></span> <span class='ocrx_word' id='word_1_348' title='bbox 1555 4481 1600 4526; x_wconf 89' lang='lat' dir='ltr'><strong>et</strong></span> <span class='ocrx_word' id='word_1_349' title='bbox 1629 4472 1854 4527; x_wconf 88' lang='lat' dir='ltr'><strong>studium</strong></span> <span class='ocrx_word' id='word_1_350' title='bbox 1880 4491 2001 4546; x_wconf 79' lang='lat' dir='ltr'><strong>erga</strong></span> 
     </span>
    </p>
   </div>
   <div class='ocr_carea' id='block_1_46' title="bbox 413 4559 2002 4637">
    <p class='ocr_par' dir='ltr' id='par_1_46' title="bbox 413 4559 2002 4637">
     <span class='ocr_line' id='line_1_46' title="bbox 413 4559 2002 4637; baseline 0.009 -26"><span class='ocrx_word' id='word_1_351' title='bbox 413 4559 696 4615; x_wconf 79' lang='lat' dir='ltr'><strong>doctrinam</strong></span> <span class='ocrx_word' id='word_1_352' title='bbox 744 4561 933 4618; x_wconf 83' lang='lat' dir='ltr'><strong>Christi</strong></span> <span class='ocrx_word' id='word_1_353' title='bbox 985 4563 1420 4634; x_wconf 69' lang='lat' dir='ltr'><strong>prmdicantur.—-</strong></span> <span class='ocrx_word' id='word_1_354' title='bbox 1440 4563 1557 4619; x_wconf 83' lang='lat' dir='ltr'><strong>Non</strong></span> <span class='ocrx_word' id='word_1_355' title='bbox 1586 4564 1672 4620; x_wconf 91' lang='lat' dir='ltr'><strong>hic</strong></span> <span class='ocrx_word' id='word_1_356' title='bbox 1719 4581 1853 4637; x_wconf 88' lang='lat' dir='ltr'><strong>opus</strong></span> <span class='ocrx_word' id='word_1_357' title='bbox 1919 4577 2002 4625; x_wconf 89' lang='lat' dir='ltr'><strong>est</strong></span> 
     </span>
    </p>
   </div>
   <div class='ocr_carea' id='block_1_47' title="bbox 415 4652 2003 4724">
    <p class='ocr_par' dir='ltr' id='par_1_47' title="bbox 415 4652 2003 4724">
     <span class='ocr_line' id='line_1_47' title="bbox 415 4652 2003 4724; baseline 0.007 -20"><span class='ocrx_word' id='word_1_358' title='bbox 415 4658 674 4721; x_wconf 88' lang='lat' dir='ltr'><strong>tempore,</strong></span> <span class='ocrx_word' id='word_1_359' title='bbox 709 4667 817 4708; x_wconf 91' lang='lat' dir='ltr'><strong>non</strong></span> <span class='ocrx_word' id='word_1_360' title='bbox 844 4652 1118 4710; x_wconf 89' lang='lat' dir='ltr'><strong>laboribus</strong></span> <span class='ocrx_word' id='word_1_361' title='bbox 1138 4696 1154 4720; x_wconf 90' lang='lat'><strong>,</strong></span> <span class='ocrx_word' id='word_1_362' title='bbox 1188 4669 1297 4709; x_wconf 90' lang='lat' dir='ltr'><strong>non</strong></span> <span class='ocrx_word' id='word_1_363' title='bbox 1343 4654 1582 4724; x_wconf 89' lang='lat' dir='ltr'><strong>pecuniis</strong></span> <span class='ocrx_word' id='word_1_364' title='bbox 1614 4671 1628 4708; x_wconf 90' lang='lat'><strong>:</strong></span> <span class='ocrx_word' id='word_1_365' title='bbox 1657 4655 1830 4712; x_wconf 89' lang='lat' dir='ltr'><strong>solum</strong></span> <span class='ocrx_word' id='word_1_366' title='bbox 1864 4658 2003 4716; x_wconf 89' lang='lat' dir='ltr'><strong>velle</strong></span> 
     </span>
    </p>
   </div>
   <div class='ocr_carea' id='block_1_48' title="bbox 413 4741 1999 4819">
    <p class='ocr_par' dir='ltr' id='par_1_48' title="bbox 413 4741 1999 4819">
     <span class='ocr_line' id='line_1_48' title="bbox 413 4741 1999 4819; baseline 0.005 -22"><span class='ocrx_word' id='word_1_367' title='bbox 413 4741 542 4797; x_wconf 84' lang='lat' dir='ltr'><strong>satis</strong></span> <span class='ocrx_word' id='word_1_368' title='bbox 570 4750 672 4808; x_wconf 90' lang='lat' dir='ltr'><strong>est,</strong></span> <span class='ocrx_word' id='word_1_369' title='bbox 709 4752 764 4798; x_wconf 89' lang='lat' dir='ltr'><strong>et</strong></span> <span class='ocrx_word' id='word_1_370' title='bbox 789 4743 965 4798; x_wconf 89' lang='lat' dir='ltr'><strong>statim</strong></span> <span class='ocrx_word' id='word_1_371' title='bbox 993 4743 1251 4814; x_wconf 90' lang='lat' dir='ltr'><strong>quidquid</strong></span> <span class='ocrx_word' id='word_1_372' title='bbox 1280 4744 1438 4814; x_wconf 85' lang='lat' dir='ltr'><strong>hujus</strong></span> <span class='ocrx_word' id='word_1_373' title='bbox 1482 4744 1690 4801; x_wconf 90' lang='lat' dir='ltr'><strong>virtutis</strong></span> <span class='ocrx_word' id='word_1_374' title='bbox 1720 4754 1802 4803; x_wconf 91' lang='lat' dir='ltr'><strong>est</strong></span> <span class='ocrx_word' id='word_1_375' title='bbox 1857 4763 1999 4819; x_wconf 77' lang='lat' dir='ltr'><strong>pra:-</strong></span> 
     </span>
    </p>
   </div>
   <div class='ocr_carea' id='block_1_49' title="bbox 413 4833 2002 4908">
    <p class='ocr_par' dir='ltr' id='par_1_49' title="bbox 413 4833 2002 4908">
     <span class='ocr_line' id='line_1_49' title="bbox 413 4833 2002 4908; baseline 0.006 -18"><span class='ocrx_word' id='word_1_376' title='bbox 413 4833 728 4890; x_wconf 87' lang='lat' dir='ltr'><strong>stiterimus.</strong></span> <span class='ocrx_word' id='word_1_377' title='bbox 757 4834 910 4903; x_wconf 88' lang='lat' dir='ltr'><strong>Quod</strong></span> <span class='ocrx_word' id='word_1_378' title='bbox 944 4836 990 4891; x_wconf 87' lang='lat' dir='ltr'><strong>si</strong></span> <span class='ocrx_word' id='word_1_379' title='bbox 1029 4836 1343 4907; x_wconf 82' lang='lat' dir='ltr'><strong>cogitemus,</strong></span> <span class='ocrx_word' id='word_1_380' title='bbox 1393 4846 1588 4908; x_wconf 89' lang='lat' dir='ltr'><strong>quanta</strong></span> <span class='ocrx_word' id='word_1_381' title='bbox 1614 4838 1684 4894; x_wconf 87' lang='lat' dir='ltr'><strong>sit</strong></span> <span class='ocrx_word' id='word_1_382' title='bbox 1716 4842 2002 4900; x_wconf 86' lang='lat' dir='ltr'><strong>auctoritas</strong></span> 
     </span>
    </p>
   </div>
   <div class='ocr_carea' id='block_1_50' title="bbox 418 4923 2005 5000">
    <p class='ocr_par' dir='ltr' id='par_1_50' title="bbox 418 4923 2005 5000">
     <span class='ocr_line' id='line_1_50' title="bbox 418 4923 2005 5000; baseline 0.005 -19"><span class='ocrx_word' id='word_1_383' title='bbox 418 4923 516 4981; x_wconf 89' lang='lat' dir='ltr'><strong>Dei</strong></span> <span class='ocrx_word' id='word_1_384' title='bbox 540 4923 812 4995; x_wconf 76' lang='lat' dir='ltr'><strong>iubentis,</strong></span> <span class='ocrx_word' id='word_1_385' title='bbox 843 4934 901 4981; x_wconf 90' lang='lat' dir='ltr'><strong>et</strong></span> <span class='ocrx_word' id='word_1_386' title='bbox 917 4925 1211 4981; x_wconf 90' lang='lat' dir='ltr'><strong>conditoris</strong></span> <span class='ocrx_word' id='word_1_387' title='bbox 1238 4927 1391 4984; x_wconf 90' lang='lat' dir='ltr'><strong>istius</strong></span> <span class='ocrx_word' id='word_1_388' title='bbox 1432 4929 1586 5000; x_wconf 84' lang='lat' dir='ltr'><strong>legis,</strong></span> <span class='ocrx_word' id='word_1_389' title='bbox 1619 4931 1747 4987; x_wconf 88' lang='lat' dir='ltr'><strong>satis</strong></span> <span class='ocrx_word' id='word_1_390' title='bbox 1775 4946 1840 4987; x_wconf 80' lang='lat' dir='ltr'><strong>ex</strong></span> <span class='ocrx_word' id='word_1_391' title='bbox 1862 4948 1927 4988; x_wconf 92' lang='lat' dir='ltr'><strong>eo</strong></span> <span class='ocrx_word' id='word_1_392' title='bbox 1949 4940 2005 4989; x_wconf 91' lang='lat' dir='ltr'><strong>et</strong></span> 
     </span>
    </p>
   </div>
   <div class='ocr_carea' id='block_1_51' title="bbox 411 5014 2000 5094">
    <p class='ocr_par' dir='ltr' id='par_1_51' title="bbox 411 5014 2000 5094">
     <span class='ocr_line' id='line_1_51' title="bbox 411 5014 2000 5094; baseline 0.006 -24"><span class='ocrx_word' id='word_1_393' title='bbox 411 5014 623 5071; x_wconf 89' lang='lat' dir='ltr'><strong>abunde</strong></span> <span class='ocrx_word' id='word_1_394' title='bbox 669 5015 916 5072; x_wconf 90' lang='lat' dir='ltr'><strong>instructi</strong></span> <span class='ocrx_word' id='word_1_395' title='bbox 942 5023 994 5072; x_wconf 90' lang='lat' dir='ltr'><strong>et</strong></span> <span class='ocrx_word' id='word_1_396' title='bbox 1021 5015 1278 5073; x_wconf 91' lang='lat' dir='ltr'><strong>admoniti</strong></span> <span class='ocrx_word' id='word_1_397' title='bbox 1307 5017 1600 5087; x_wconf 82' lang='lat' dir='ltr'><strong>fuerimus;</strong></span> <span class='ocrx_word' id='word_1_398' title='bbox 1651 5036 1827 5094; x_wconf 87' lang='lat' dir='ltr'><strong>neque</strong></span> <span class='ocrx_word' id='word_1_399' title='bbox 1857 5024 2000 5080; x_wconf 90' lang='lat' dir='ltr'><strong>enim</strong></span> 
     </span>
    </p>
   </div>
   <div class='ocr_carea' id='block_1_52' title="bbox 411 5105 2004 5186">
    <p class='ocr_par' dir='ltr' id='par_1_52' title="bbox 411 5105 2004 5186">
     <span class='ocr_line' id='line_1_52' title="bbox 411 5105 2004 5186; baseline 0.008 -28"><span class='ocrx_word' id='word_1_400' title='bbox 411 5118 443 5158; x_wconf 91' lang='lat' dir='ltr'><strong>a</strong></span> <span class='ocrx_word' id='word_1_401' title='bbox 472 5105 626 5160; x_wconf 90' lang='lat' dir='ltr'><strong>nobis</strong></span> <span class='ocrx_word' id='word_1_402' title='bbox 654 5106 784 5176; x_wconf 88' lang='lat' dir='ltr'><strong>ipsis</strong></span> <span class='ocrx_word' id='word_1_403' title='bbox 812 5107 1012 5162; x_wconf 89' lang='lat' dir='ltr'><strong>monita</strong></span> <span class='ocrx_word' id='word_1_404' title='bbox 1035 5107 1188 5164; x_wconf 87' lang='lat' dir='ltr'><strong>vobis</strong></span> <span class='ocrx_word' id='word_1_405' title='bbox 1209 5108 1516 5178; x_wconf 89' lang='lat' dir='ltr'><strong>adferimus,</strong></span> <span class='ocrx_word' id='word_1_406' title='bbox 1547 5110 1644 5167; x_wconf 90' lang='lat' dir='ltr'><strong>sed</strong></span> <span class='ocrx_word' id='word_1_407' title='bbox 1685 5111 1751 5168; x_wconf 91' lang='lat' dir='ltr'><strong>ad</strong></span> <span class='ocrx_word' id='word_1_408' title='bbox 1791 5113 2004 5186; x_wconf 86' lang='lat' dir='ltr'><strong>legisla-</strong></span> 
     </span>
    </p>
   </div>
   <div class='ocr_carea' id='block_1_53' title="bbox 415 5197 2004 5275">
    <p class='ocr_par' dir='ltr' id='par_1_53' title="bbox 415 5197 2004 5275">
     <span class='ocr_line' id='line_1_53' title="bbox 415 5197 2004 5275; baseline 0.008 -26"><span class='ocrx_word' id='word_1_409' title='bbox 415 5204 585 5249; x_wconf 91' lang='lat' dir='ltr'><strong>torem</strong></span> <span class='ocrx_word' id='word_1_410' title='bbox 610 5209 708 5251; x_wconf 88' lang='lat' dir='ltr'><strong>vos</strong></span> <span class='ocrx_word' id='word_1_411' title='bbox 735 5210 924 5253; x_wconf 89' lang='lat' dir='ltr'><strong>omnes</strong></span> <span class='ocrx_word' id='word_1_412' title='bbox 970 5197 1303 5256; x_wconf 89' lang='lat' dir='ltr'><strong>adducimus.</strong></span> <span class='ocrx_word' id='word_1_413' title='bbox 1342 5201 1638 5272; x_wconf 88' lang='lat' dir='ltr'><strong>Sequimini</strong></span> <span class='ocrx_word' id='word_1_414' title='bbox 1688 5203 1882 5275; x_wconf 81' lang='lat' dir='ltr'><strong>igitur,</strong></span> <span class='ocrx_word' id='word_1_415' title='bbox 1945 5214 2004 5263; x_wconf 90' lang='lat' dir='ltr'><strong>et</strong></span> 
     </span>
    </p>
   </div>
   <div class='ocr_carea' id='block_1_54' title="bbox 411 5285 2006 5358">
    <p class='ocr_par' dir='ltr' id='par_1_54' title="bbox 411 5285 2006 5358">
     <span class='ocr_line' id='line_1_54' title="bbox 411 5285 2006 5358; baseline 0.008 -16"><span class='ocrx_word' id='word_1_416' title='bbox 411 5285 621 5342; x_wconf 87' lang='lat' dir='ltr'><strong>divinas</strong></span> <span class='ocrx_word' id='word_1_417' title='bbox 658 5286 802 5358; x_wconf 80' lang='lat' dir='ltr'><strong>leges</strong></span> <span class='ocrx_word' id='word_1_418' title='bbox 826 5289 1025 5346; x_wconf 91' lang='lat' dir='ltr'><strong>audite.</strong></span> <span class='ocrx_word' id='word_1_419' title='bbox 1062 5290 1162 5348; x_wconf 91' lang='lat' dir='ltr'><strong>Ubi</strong></span> <span class='ocrx_word' id='word_1_420' title='bbox 1183 5307 1310 5348; x_wconf 86' lang='lat' dir='ltr'><strong>vero</strong></span> <span class='ocrx_word' id='word_1_421' title='bbox 1338 5293 1405 5350; x_wconf 89' lang='lat' dir='ltr'><strong>de</strong></span> <span class='ocrx_word' id='word_1_422' title='bbox 1426 5294 1501 5349; x_wconf 90' lang='lat' dir='ltr'><strong>ira</strong></span> <span class='ocrx_word' id='word_1_423' title='bbox 1525 5304 1579 5351; x_wconf 90' lang='lat' dir='ltr'><strong>et</strong></span> <span class='ocrx_word' id='word_1_424' title='bbox 1603 5294 1870 5353; x_wconf 87' lang='lat' dir='ltr'><strong>simultate</strong></span> <span class='ocrx_word' id='word_1_425' title='bbox 1892 5297 2006 5354; x_wconf 76' lang='lat' dir='ltr'><strong>dis-</strong></span> 
     </span>
    </p>
   </div>
   <div class='ocr_carea' id='block_1_55' title="bbox 415 5383 1997 5458">
    <p class='ocr_par' dir='ltr' id='par_1_55' title="bbox 415 5383 1997 5458">
     <span class='ocr_line' id='line_1_55' title="bbox 415 5383 1997 5458; baseline 0.006 -22"><span class='ocrx_word' id='word_1_426' title='bbox 415 5388 655 5452; x_wconf 89' lang='lat' dir='ltr'><strong>putatum</strong></span> <span class='ocrx_word' id='word_1_427' title='bbox 699 5384 819 5440; x_wconf 80' lang='lat' dir='ltr'><strong>est?</strong></span> <span class='ocrx_word' id='word_1_428' title='bbox 869 5383 1204 5440; x_wconf 79' lang='lat' dir='ltr'><strong>Multitariam</strong></span> <span class='ocrx_word' id='word_1_429' title='bbox 1232 5385 1448 5456; x_wconf 89' lang='lat' dir='ltr'><strong>quidem</strong></span> <span class='ocrx_word' id='word_1_430' title='bbox 1495 5387 1549 5442; x_wconf 93' lang='lat' dir='ltr'><strong>in</strong></span> <span class='ocrx_word' id='word_1_431' title='bbox 1597 5389 1778 5444; x_wconf 90' lang='lat' dir='ltr'><strong>multis</strong></span> <span class='ocrx_word' id='word_1_432' title='bbox 1827 5390 1997 5458; x_wconf 90' lang='lat' dir='ltr'><strong>locis,</strong></span> 
     </span>
    </p>
   </div>
   <div class='ocr_carea' id='block_1_56' title="bbox 414 5474 2002 5552">
    <p class='ocr_par' dir='ltr' id='par_1_56' title="bbox 414 5474 2002 5552">
     <span class='ocr_line' id='line_1_56' title="bbox 414 5474 2002 5552; baseline 0.007 -24"><span class='ocrx_word' id='word_1_433' title='bbox 414 5474 644 5531; x_wconf 78' lang='lat' dir='ltr'><strong>maxime</strong></span> <span class='ocrx_word' id='word_1_434' title='bbox 683 5483 862 5531; x_wconf 83' lang='lat' dir='ltr'><strong>autem</strong></span> <span class='ocrx_word' id='word_1_435' title='bbox 901 5476 955 5530; x_wconf 89' lang='lat' dir='ltr'><strong>in</strong></span> <span class='ocrx_word' id='word_1_436' title='bbox 1000 5476 1251 5548; x_wconf 89' lang='lat' dir='ltr'><strong>parabola</strong></span> <span class='ocrx_word' id='word_1_437' title='bbox 1297 5477 1384 5532; x_wconf 90' lang='lat' dir='ltr'><strong>illa</strong></span> <span class='ocrx_word' id='word_1_438' title='bbox 1409 5520 1424 5546; x_wconf 89' lang='lat'><strong>,</strong></span> <span class='ocrx_word' id='word_1_439' title='bbox 1465 5494 1623 5549; x_wconf 90' lang='lat' dir='ltr'><strong>quam</strong></span> <span class='ocrx_word' id='word_1_440' title='bbox 1661 5480 1728 5535; x_wconf 90' lang='lat' dir='ltr'><strong>ad</strong></span> <span class='ocrx_word' id='word_1_441' title='bbox 1766 5480 2002 5552; x_wconf 89' lang='lat' dir='ltr'><strong>discipu-</strong></span> 
     </span>
    </p>
   </div>
   <div class='ocr_carea' id='block_1_57' title="bbox 412 5563 1995 5637">
    <p class='ocr_par' dir='ltr' id='par_1_57' title="bbox 412 5563 1995 5637">
     <span class='ocr_line' id='line_1_57' title="bbox 412 5563 1995 5637; baseline 0.007 -19"><span class='ocrx_word' id='word_1_442' title='bbox 412 5563 493 5619; x_wconf 89' lang='lat' dir='ltr'><strong>los</strong></span> <span class='ocrx_word' id='word_1_443' title='bbox 523 5564 744 5637; x_wconf 86' lang='lat' dir='ltr'><strong>loquens</strong></span> <span class='ocrx_word' id='word_1_444' title='bbox 789 5565 858 5622; x_wconf 93' lang='lat' dir='ltr'><strong>ad</strong></span> <span class='ocrx_word' id='word_1_445' title='bbox 903 5565 1063 5622; x_wconf 87' lang='lat' dir='ltr'><strong>istum</strong></span> <span class='ocrx_word' id='word_1_446' title='bbox 1117 5565 1288 5624; x_wconf 80' lang='lat' dir='ltr'><strong>ferme</strong></span> <span class='ocrx_word' id='word_1_447' title='bbox 1337 5568 1552 5624; x_wconf 87' lang='lat' dir='ltr'><strong>modum</strong></span> <span class='ocrx_word' id='word_1_448' title='bbox 1594 5585 1815 5628; x_wconf 83' lang='lat' dir='ltr'><strong>exorsus</strong></span> <span class='ocrx_word' id='word_1_449' title='bbox 1868 5581 1995 5630; x_wconf 89' lang='lat' dir='ltr'><strong>est:</strong></span> 
     </span>
    </p>
   </div>
   <div class='ocr_carea' id='block_1_58' title="bbox 416 5653 1998 5738">
    <p class='ocr_par' dir='ltr' id='par_1_58' title="bbox 416 5653 1998 5738">
     <span class='ocr_line' id='line_1_58' title="bbox 416 5653 1998 5738; baseline 0.007 -29"><span class='ocrx_word' id='word_1_450' title='bbox 416 5653 544 5709; x_wconf 86' lang='lat' dir='ltr'><strong>Ideo</strong></span> <span class='ocrx_word' id='word_1_451' title='bbox 581 5659 914 5715; x_wconf 87' lang='lat' dir='ltr'><strong>assimilatum</strong></span> <span class='ocrx_word' id='word_1_452' title='bbox 948 5669 1022 5716; x_wconf 88' lang='lat' dir='ltr'><strong>est</strong></span> <span class='ocrx_word' id='word_1_453' title='bbox 1066 5676 1277 5734; x_wconf 85' lang='lat' dir='ltr'><strong>regnum</strong></span> <span class='ocrx_word' id='word_1_454' title='bbox 1335 5661 1577 5718; x_wconf 74' lang='lat' dir='ltr'><strong>cazlorum</strong></span> <span class='ocrx_word' id='word_1_455' title='bbox 1625 5663 1819 5720; x_wconf 83' lang='lat' dir='ltr'><strong>homini</strong></span> <span class='ocrx_word' id='word_1_456' title='bbox 1869 5667 1998 5738; x_wconf 89' lang='lat' dir='ltr'><strong>regi,</strong></span> 
     </span>
    </p>
   </div>
   <div class='ocr_carea' id='block_1_59' title="bbox 409 5793 1996 5907">
    <p class='ocr_par' dir='ltr' id='par_1_59' title="bbox 409 5793 1996 5907">
     <span class='ocr_line' id='line_1_59' title="bbox 409 5793 1996 5907; baseline 0.009 -66"><span class='ocrx_word' id='word_1_457' title='bbox 409 5794 667 5907; x_wconf 46' lang='lat' dir='ltr'><strong>“Latiam,</strong></span> <span class='ocrx_word' id='word_1_458' title='bbox 693 5793 869 5860; x_wconf 80' lang='lat' dir='ltr'><strong>abripit</strong></span> <span class='ocrx_word' id='word_1_459' title='bbox 892 5810 972 5850; x_wconf 87' lang='lat' dir='ltr'><strong>eos</strong></span> <span class='ocrx_word' id='word_1_460' title='bbox 994 5811 1076 5861; x_wconf 79' lang='lat' dir='ltr'><strong>qut</strong></span> <span class='ocrx_word' id='word_1_461' title='bbox 1093 5811 1186 5852; x_wconf 83' lang='lat' dir='ltr'><strong>non</strong></span> <span class='ocrx_word' id='word_1_462' title='bbox 1206 5797 1420 5865; x_wconf 85' lang='lat' dir='ltr'><strong>vigilant,</strong></span> <span class='ocrx_word' id='word_1_463' title='bbox 1440 5813 1554 5866; x_wconf 80' lang='lat' dir='ltr'><strong>quae</strong></span> <span class='ocrx_word' id='word_1_464' title='bbox 1575 5801 1722 5856; x_wconf 86' lang='lat' dir='ltr'><strong>lectio</strong></span> <span class='ocrx_word' id='word_1_465' title='bbox 1736 5816 1836 5857; x_wconf 87' lang='lat' dir='ltr'><strong>non</strong></span> <span class='ocrx_word' id='word_1_466' title='bbox 1857 5816 1996 5869; x_wconf 76' lang='lat' dir='ltr'><strong>Sper-</strong></span> 
     </span>
    </p>
   </div>
   <div class='ocr_carea' id='block_1_60' title="bbox 1922 5989 2002 6003">
    <p class='ocr_par' dir='ltr' id='par_1_60' title="bbox 1922 5989 2002 6003">
     <span class='ocr_line' id='line_1_60' title="bbox 1922 5989 2002 6003; baseline 0 0"><span class='ocrx_word' id='word_1_467' title='bbox 1922 5989 2002 6003; x_wconf 55' lang='grc' dir='ltr'>μοι...</span> 
     </span>
    </p>
   </div>
   <div class='ocr_carea' id='block_1_61' title="bbox 2131 527 3720 605">
    <p class='ocr_par' dir='ltr' id='par_1_61' title="bbox 2131 527 3720 605">
     <span class='ocr_line' id='line_1_61' title="bbox 2131 527 3720 605; baseline 0.015 -25"><span class='ocrx_word' id='word_1_468' title='bbox 2131 527 2219 597; x_wconf 84' lang='lat' dir='ltr'><strong>qui</strong></span> <span class='ocrx_word' id='word_1_469' title='bbox 2265 528 2424 584; x_wconf 85' lang='lat' dir='ltr'><strong>voluit</strong></span> <span class='ocrx_word' id='word_1_470' title='bbox 2460 533 2707 587; x_wconf 89' lang='lat' dir='ltr'><strong>rationem</strong></span> <span class='ocrx_word' id='word_1_471' title='bbox 2736 551 2922 605; x_wconf 83' lang='lat' dir='ltr'><strong>ponere</strong></span> <span class='ocrx_word' id='word_1_472' title='bbox 2966 553 3082 592; x_wconf 86' lang='lat' dir='ltr'><strong>cum</strong></span> <span class='ocrx_word' id='word_1_473' title='bbox 3127 541 3282 596; x_wconf 81' lang='lat' dir='ltr'><strong>servis</strong></span> <span class='ocrx_word' id='word_1_474' title='bbox 3325 559 3450 599; x_wconf 76' lang='lat' dir='ltr'><strong>suis.</strong></span> <span class='ocrx_word' id='word_1_475' title='bbox 3486 545 3554 600; x_wconf 75' lang='lat' dir='ltr'><strong>Et</strong></span> <span class='ocrx_word' id='word_1_476' title='bbox 3599 566 3720 604; x_wconf 72' lang='lat' dir='ltr'><strong>cum.</strong></span> 
     </span>
    </p>
   </div>
   <div class='ocr_carea' id='block_1_62' title="bbox 2133 619 3714 708">
    <p class='ocr_par' dir='ltr' id='par_1_62' title="bbox 2133 619 3714 708">
     <span class='ocr_line' id='line_1_62' title="bbox 2133 619 3714 708; baseline 0.015 -37"><span class='ocrx_word' id='word_1_477' title='bbox 2133 619 2360 692; x_wconf 66' lang='lat' dir='ltr'><strong>cepisset</strong></span> <span class='ocrx_word' id='word_1_478' title='bbox 2396 623 2641 676; x_wconf 88' lang='lat' dir='ltr'><strong>rationem</strong></span> <span class='ocrx_word' id='word_1_479' title='bbox 2672 641 2880 694; x_wconf 84' lang='lat' dir='ltr'><strong>ponere,</strong></span> <span class='ocrx_word' id='word_1_480' title='bbox 2903 627 3103 683; x_wconf 87' lang='lat' dir='ltr'><strong>oblatus</strong></span> <span class='ocrx_word' id='word_1_481' title='bbox 3123 639 3194 686; x_wconf 88' lang='lat' dir='ltr'><strong>est</strong></span> <span class='ocrx_word' id='word_1_482' title='bbox 3224 631 3272 686; x_wconf 85' lang='lat' dir='ltr'><strong>ei</strong></span> <span class='ocrx_word' id='word_1_483' title='bbox 3311 651 3441 690; x_wconf 87' lang='lat' dir='ltr'><strong>unus</strong></span> <span class='ocrx_word' id='word_1_484' title='bbox 3460 640 3546 708; x_wconf 86' lang='lat' dir='ltr'><strong>qui</strong></span> <span class='ocrx_word' id='word_1_485' title='bbox 3567 638 3714 693; x_wconf 83' lang='lat' dir='ltr'><strong>debe-</strong></span> 
     </span>
    </p>
   </div>
   <div class='ocr_carea' id='block_1_63' title="bbox 2129 703 3712 790">
    <p class='ocr_par' dir='ltr' id='par_1_63' title="bbox 2129 703 3712 790">
     <span class='ocr_line' id='line_1_63' title="bbox 2129 703 3712 790; baseline 0.013 -34"><span class='ocrx_word' id='word_1_486' title='bbox 2129 703 2212 758; x_wconf 90' lang='lat' dir='ltr'><strong>bat</strong></span> <span class='ocrx_word' id='word_1_487' title='bbox 2241 706 2284 758; x_wconf 89' lang='lat' dir='ltr'><strong>ei</strong></span> <span class='ocrx_word' id='word_1_488' title='bbox 2325 705 2494 760; x_wconf 86' lang='lat' dir='ltr'><strong>decem</strong></span> <span class='ocrx_word' id='word_1_489' title='bbox 2523 708 2684 762; x_wconf 88' lang='lat' dir='ltr'><strong>millia</strong></span> <span class='ocrx_word' id='word_1_490' title='bbox 2723 710 2912 765; x_wconf 87' lang='lat' dir='ltr'><strong>talenta</strong></span> <span class='ocrx_word' id='word_1_491' title='bbox 2941 727 2961 767; x_wconf 83' lang='lat'><strong>.&#39;</strong></span> <span class='ocrx_word' id='word_1_492' title='bbox 2988 729 3102 767; x_wconf 87' lang='lat' dir='ltr'><strong>cum</strong></span> <span class='ocrx_word' id='word_1_493' title='bbox 3141 725 3309 771; x_wconf 88' lang='lat' dir='ltr'><strong>autem</strong></span> <span class='ocrx_word' id='word_1_494' title='bbox 3349 734 3452 775; x_wconf 92' lang='lat' dir='ltr'><strong>non</strong></span> <span class='ocrx_word' id='word_1_495' title='bbox 3472 703 3712 790; x_wconf 66' lang='lat' dir='ltr'><strong>haberet,</strong></span> 
     </span>
    </p>
   </div>
   <div class='ocr_carea' id='block_1_64' title="bbox 2125 795 3715 878">
    <p class='ocr_par' dir='ltr' id='par_1_64' title="bbox 2125 795 3715 878">
     <span class='ocr_line' id='line_1_64' title="bbox 2125 795 3715 878; baseline 0.015 -30"><span class='ocrx_word' id='word_1_496' title='bbox 2125 795 2260 850; x_wconf 88' lang='lat' dir='ltr'><strong>unde</strong></span> <span class='ocrx_word' id='word_1_497' title='bbox 2290 796 2540 866; x_wconf 84' lang='lat' dir='ltr'><strong>redderet,</strong></span> <span class='ocrx_word' id='word_1_498' title='bbox 2578 801 2734 871; x_wconf 86' lang='lat' dir='ltr'><strong>jussit</strong></span> <span class='ocrx_word' id='word_1_499' title='bbox 2766 812 2814 856; x_wconf 91' lang='lat' dir='ltr'><strong>et</strong></span> <span class='ocrx_word' id='word_1_500' title='bbox 2856 804 3024 875; x_wconf 88' lang='lat' dir='ltr'><strong>ipsum</strong></span> <span class='ocrx_word' id='word_1_501' title='bbox 3065 810 3379 878; x_wconf 88' lang='lat' dir='ltr'><strong>venumdari,</strong></span> <span class='ocrx_word' id='word_1_502' title='bbox 3433 822 3478 867; x_wconf 89' lang='lat' dir='ltr'><strong>et</strong></span> <span class='ocrx_word' id='word_1_503' title='bbox 3505 831 3715 872; x_wconf 72' lang='lat' dir='ltr'><strong>uxorem</strong></span> 
     </span>
    </p>
   </div>
   <div class='ocr_carea' id='block_1_65' title="bbox 2125 887 3717 970">
    <p class='ocr_par' dir='ltr' id='par_1_65' title="bbox 2125 887 3717 970">
     <span class='ocr_line' id='line_1_65' title="bbox 2125 887 3717 970; baseline 0.017 -32"><span class='ocrx_word' id='word_1_504' title='bbox 2125 887 2252 957; x_wconf 88' lang='lat' dir='ltr'><strong>ejus,</strong></span> <span class='ocrx_word' id='word_1_505' title='bbox 2287 897 2331 942; x_wconf 87' lang='lat' dir='ltr'><strong>et</strong></span> <span class='ocrx_word' id='word_1_506' title='bbox 2372 889 2573 955; x_wconf 87' lang='lat' dir='ltr'><strong>liberos,</strong></span> <span class='ocrx_word' id='word_1_507' title='bbox 2605 903 2654 947; x_wconf 90' lang='lat' dir='ltr'><strong>et</strong></span> <span class='ocrx_word' id='word_1_508' title='bbox 2679 896 2849 949; x_wconf 88' lang='lat' dir='ltr'><strong>omnia</strong></span> <span class='ocrx_word' id='word_1_509' title='bbox 2882 913 2994 965; x_wconf 70' lang='lat' dir='ltr'><strong>quae</strong></span> <span class='ocrx_word' id='word_1_510' title='bbox 3023 900 3267 970; x_wconf 81' lang='lat' dir='ltr'><strong>habebat,</strong></span> <span class='ocrx_word' id='word_1_511' title='bbox 3307 915 3356 960; x_wconf 91' lang='lat' dir='ltr'><strong>et</strong></span> <span class='ocrx_word' id='word_1_512' title='bbox 3391 908 3556 963; x_wconf 84' lang='lat' dir='ltr'><strong>reddi.</strong></span> <span class='ocrx_word' id='word_1_513' title='bbox 3582 908 3717 964; x_wconf 85' lang='lat' dir='ltr'><strong>Pro-</strong></span> 
     </span>
    </p>
   </div>
   <div class='ocr_carea' id='block_1_66' title="bbox 2124 978 3736 1063">
    <p class='ocr_par' dir='ltr' id='par_1_66' title="bbox 2124 978 3736 1063">
     <span class='ocr_line' id='line_1_66' title="bbox 2124 978 3736 1063; baseline 0.015 -31"><span class='ocrx_word' id='word_1_514' title='bbox 2124 978 2300 1048; x_wconf 88' lang='lat' dir='ltr'><strong>lapsus</strong></span> <span class='ocrx_word' id='word_1_515' title='bbox 2337 979 2490 1050; x_wconf 83' lang='lat' dir='ltr'><strong>igitur</strong></span> <span class='ocrx_word' id='word_1_516' title='bbox 2526 999 2697 1038; x_wconf 84' lang='lat' dir='ltr'><strong>servus</strong></span> <span class='ocrx_word' id='word_1_517' title='bbox 2732 985 2821 1040; x_wconf 89' lang='lat' dir='ltr'><strong>ille</strong></span> <span class='ocrx_word' id='word_1_518' title='bbox 2846 988 2916 1040; x_wconf 88' lang='lat' dir='ltr'><strong>ad</strong></span> <span class='ocrx_word' id='word_1_519' title='bbox 2945 991 3096 1059; x_wconf 85' lang='lat' dir='ltr'><strong>pedes</strong></span> <span class='ocrx_word' id='word_1_520' title='bbox 3123 994 3264 1063; x_wconf 86' lang='lat' dir='ltr'><strong>ejus,</strong></span> <span class='ocrx_word' id='word_1_521' title='bbox 3292 997 3469 1051; x_wconf 88' lang='lat' dir='ltr'><strong>orabat</strong></span> <span class='ocrx_word' id='word_1_522' title='bbox 3498 1016 3611 1054; x_wconf 89' lang='lat' dir='ltr'><strong>eum</strong></span> <span class='ocrx_word' id='word_1_523' title='bbox 3636 1001 3736 1060; x_wconf 75' lang='lat' dir='ltr'><strong>his</strong></span> 
     </span>
    </p>
   </div>
   <div class='ocr_carea' id='block_1_67' title="bbox 2123 1068 3712 1153">
    <p class='ocr_par' dir='ltr' id='par_1_67' title="bbox 2123 1068 3712 1153">
     <span class='ocr_line' id='line_1_67' title="bbox 2123 1068 3712 1153; baseline 0.017 -33"><span class='ocrx_word' id='word_1_524' title='bbox 2123 1068 2323 1123; x_wconf 86' lang='lat' dir='ltr'><strong>verbis:</strong></span> <span class='ocrx_word' id='word_1_525' title='bbox 2356 1069 2589 1141; x_wconf 86' lang='lat' dir='ltr'><strong>Domine,</strong></span> <span class='ocrx_word' id='word_1_526' title='bbox 2612 1076 2907 1146; x_wconf 85' lang='lat' dir='ltr'><strong>patientiam</strong></span> <span class='ocrx_word' id='word_1_527' title='bbox 2937 1080 3066 1140; x_wconf 86' lang='lat' dir='ltr'><strong>habe</strong></span> <span class='ocrx_word' id='word_1_528' title='bbox 3104 1083 3157 1138; x_wconf 87' lang='lat' dir='ltr'><strong>in</strong></span> <span class='ocrx_word' id='word_1_529' title='bbox 3181 1102 3281 1153; x_wconf 89' lang='lat' dir='ltr'><strong>me,</strong></span> <span class='ocrx_word' id='word_1_530' title='bbox 3328 1096 3373 1142; x_wconf 90' lang='lat' dir='ltr'><strong>et</strong></span> <span class='ocrx_word' id='word_1_531' title='bbox 3401 1092 3572 1144; x_wconf 89' lang='lat' dir='ltr'><strong>omnia</strong></span> <span class='ocrx_word' id='word_1_532' title='bbox 3591 1095 3712 1146; x_wconf 86' lang='lat' dir='ltr'><strong>red-</strong></span> 
     </span>
    </p>
   </div>
   <div class='ocr_carea' id='block_1_68' title="bbox 2122 1160 3718 1250">
    <p class='ocr_par' dir='ltr' id='par_1_68' title="bbox 2122 1160 3718 1250">
     <span class='ocr_line' id='line_1_68' title="bbox 2122 1160 3718 1250; baseline 0.016 -37"><span class='ocrx_word' id='word_1_533' title='bbox 2122 1160 2242 1215; x_wconf 90' lang='lat' dir='ltr'><strong>dam</strong></span> <span class='ocrx_word' id='word_1_534' title='bbox 2275 1162 2382 1216; x_wconf 89' lang='lat' dir='ltr'><strong>tibi.</strong></span> <span class='ocrx_word' id='word_1_535' title='bbox 2411 1165 2650 1222; x_wconf 77' lang='lat' dir='ltr'><strong>Misertns</strong></span> <span class='ocrx_word' id='word_1_536' title='bbox 2675 1179 2844 1226; x_wconf 87' lang='lat' dir='ltr'><strong>autem</strong></span> <span class='ocrx_word' id='word_1_537' title='bbox 2884 1173 3119 1231; x_wconf 89' lang='lat' dir='ltr'><strong>dominus</strong></span> <span class='ocrx_word' id='word_1_538' title='bbox 3155 1181 3283 1234; x_wconf 85' lang='lat' dir='ltr'><strong>servi</strong></span> <span class='ocrx_word' id='word_1_539' title='bbox 3321 1181 3490 1250; x_wconf 87' lang='lat' dir='ltr'><strong>illius,</strong></span> <span class='ocrx_word' id='word_1_540' title='bbox 3523 1186 3718 1241; x_wconf 85' lang='lat' dir='ltr'><strong>dimisit</strong></span> 
     </span>
    </p>
   </div>
   <div class='ocr_carea' id='block_1_69' title="bbox 2121 1257 3718 1337">
    <p class='ocr_par' dir='ltr' id='par_1_69' title="bbox 2121 1257 3718 1337">
     <span class='ocr_line' id='line_1_69' title="bbox 2121 1257 3718 1337; baseline 0.019 -32"><span class='ocrx_word' id='word_1_541' title='bbox 2121 1267 2254 1318; x_wconf 88' lang='lat' dir='ltr'><strong>eum,</strong></span> <span class='ocrx_word' id='word_1_542' title='bbox 2287 1263 2335 1308; x_wconf 91' lang='lat' dir='ltr'><strong>et</strong></span> <span class='ocrx_word' id='word_1_543' title='bbox 2376 1257 2595 1311; x_wconf 89' lang='lat' dir='ltr'><strong>debitum</strong></span> <span class='ocrx_word' id='word_1_544' title='bbox 2620 1261 2809 1316; x_wconf 85' lang='lat' dir='ltr'><strong>dimisit</strong></span> <span class='ocrx_word' id='word_1_545' title='bbox 2837 1264 2902 1318; x_wconf 88' lang='lat' dir='ltr'><strong>ei.</strong></span> <span class='ocrx_word' id='word_1_546' title='bbox 2952 1264 3202 1337; x_wconf 81' lang='lat' dir='ltr'><strong>Egressus</strong></span> <span class='ocrx_word' id='word_1_547' title='bbox 3234 1280 3399 1327; x_wconf 88' lang='lat' dir='ltr'><strong>autem</strong></span> <span class='ocrx_word' id='word_1_548' title='bbox 3418 1275 3506 1330; x_wconf 88' lang='lat' dir='ltr'><strong>ille</strong></span> <span class='ocrx_word' id='word_1_549' title='bbox 3525 1277 3718 1336; x_wconf 81' lang='lat' dir='ltr'><strong>invenit</strong></span> 
     </span>
    </p>
   </div>
   <div class='ocr_carea' id='block_1_70' title="bbox 2120 1345 3709 1428">
    <p class='ocr_par' dir='ltr' id='par_1_70' title="bbox 2120 1345 3709 1428">
     <span class='ocr_line' id='line_1_70' title="bbox 2120 1345 3709 1428; baseline 0.017 -32"><span class='ocrx_word' id='word_1_550' title='bbox 2120 1359 2279 1398; x_wconf 88' lang='lat' dir='ltr'><strong>unum</strong></span> <span class='ocrx_word' id='word_1_551' title='bbox 2309 1345 2372 1401; x_wconf 85' lang='lat' dir='ltr'><strong>de</strong></span> <span class='ocrx_word' id='word_1_552' title='bbox 2400 1351 2654 1406; x_wconf 80' lang='lat' dir='ltr'><strong>conservis</strong></span> <span class='ocrx_word' id='word_1_553' title='bbox 2677 1354 2801 1418; x_wconf 88' lang='lat' dir='ltr'><strong>suis,</strong></span> <span class='ocrx_word' id='word_1_554' title='bbox 2841 1358 2928 1425; x_wconf 89' lang='lat' dir='ltr'><strong>qui</strong></span> <span class='ocrx_word' id='word_1_555' title='bbox 2954 1358 3053 1428; x_wconf 87' lang='lat' dir='ltr'><strong>ipsi</strong></span> <span class='ocrx_word' id='word_1_556' title='bbox 3095 1360 3299 1416; x_wconf 85' lang='lat' dir='ltr'><strong>debebat</strong></span> <span class='ocrx_word' id='word_1_557' title='bbox 3321 1377 3521 1420; x_wconf 85' lang='lat' dir='ltr'><strong>centum</strong></span> <span class='ocrx_word' id='word_1_558' title='bbox 3549 1369 3709 1422; x_wconf 77' lang='lat' dir='ltr'><strong>dena-</strong></span> 
     </span>
    </p>
   </div>
   <div class='ocr_carea' id='block_1_71' title="bbox 2118 1435 3712 1530">
    <p class='ocr_par' dir='ltr' id='par_1_71' title="bbox 2118 1435 3712 1530">
     <span class='ocr_line' id='line_1_71' title="bbox 2118 1435 3712 1530; baseline 0.018 -43"><span class='ocrx_word' id='word_1_559' title='bbox 2118 1435 2256 1530; x_wconf 77' lang='lat' dir='ltr'><strong>rios,</strong></span> <span class='ocrx_word' id='word_1_560' title='bbox 2299 1446 2346 1491; x_wconf 90' lang='lat' dir='ltr'><strong>et</strong></span> <span class='ocrx_word' id='word_1_561' title='bbox 2375 1447 2546 1494; x_wconf 87' lang='lat' dir='ltr'><strong>tenens</strong></span> <span class='ocrx_word' id='word_1_562' title='bbox 2584 1442 2865 1511; x_wconf 77' lang='lat' dir='ltr'><strong>sulfocabat</strong></span> <span class='ocrx_word' id='word_1_563' title='bbox 2910 1465 3048 1517; x_wconf 88' lang='lat' dir='ltr'><strong>eum,</strong></span> <span class='ocrx_word' id='word_1_564' title='bbox 3099 1451 3270 1508; x_wconf 80' lang='lat' dir='ltr'><strong>dicens</strong></span> <span class='ocrx_word' id='word_1_565' title='bbox 3293 1497 3308 1522; x_wconf 93' lang='lat'><strong>,</strong></span> <span class='ocrx_word' id='word_1_566' title='bbox 3359 1456 3535 1512; x_wconf 84' lang='lat' dir='ltr'><strong>Redde</strong></span> <span class='ocrx_word' id='word_1_567' title='bbox 3573 1461 3712 1530; x_wconf 80' lang='lat' dir='ltr'><strong>quod</strong></span> 
     </span>
    </p>
   </div>
   <div class='ocr_carea' id='block_1_72' title="bbox 2117 1525 3711 1622">
    <p class='ocr_par' dir='ltr' id='par_1_72' title="bbox 2117 1525 3711 1622">
     <span class='ocr_line' id='line_1_72' title="bbox 2117 1525 3711 1622; baseline 0.018 -44"><span class='ocrx_word' id='word_1_568' title='bbox 2117 1525 2298 1622; x_wconf 80' lang='lat' dir='ltr'><strong>debes;</strong></span> <span class='ocrx_word' id='word_1_569' title='bbox 2350 1531 2680 1600; x_wconf 88' lang='lat' dir='ltr'><strong>procumbens</strong></span> <span class='ocrx_word' id='word_1_570' title='bbox 2719 1553 2838 1608; x_wconf 88' lang='lat' dir='ltr'><strong>ergo</strong></span> <span class='ocrx_word' id='word_1_571' title='bbox 2881 1555 3147 1598; x_wconf 87' lang='lat' dir='ltr'><strong>conservus</strong></span> <span class='ocrx_word' id='word_1_572' title='bbox 3193 1545 3282 1600; x_wconf 87' lang='lat' dir='ltr'><strong>ille</strong></span> <span class='ocrx_word' id='word_1_573' title='bbox 3323 1547 3393 1600; x_wconf 87' lang='lat' dir='ltr'><strong>ad</strong></span> <span class='ocrx_word' id='word_1_574' title='bbox 3423 1525 3711 1622; x_wconf 36' lang='lat' dir='ltr'><strong>pedes-ejus</strong></span> 
     </span>
    </p>
   </div>
   <div class='ocr_carea' id='block_1_73' title="bbox 2117 1620 3712 1702">
    <p class='ocr_par' dir='ltr' id='par_1_73' title="bbox 2117 1620 3712 1702">
     <span class='ocr_line' id='line_1_73' title="bbox 2117 1620 3712 1702; baseline 0.018 -29"><span class='ocrx_word' id='word_1_575' title='bbox 2117 1620 2327 1691; x_wconf 87' lang='lat' dir='ltr'><strong>rogabat</strong></span> <span class='ocrx_word' id='word_1_576' title='bbox 2351 1621 2543 1692; x_wconf 86' lang='lat' dir='ltr'><strong>dicens,</strong></span> <span class='ocrx_word' id='word_1_577' title='bbox 2573 1624 2879 1686; x_wconf 85' lang='lat' dir='ltr'><strong>Patientiam</strong></span> <span class='ocrx_word' id='word_1_578' title='bbox 2900 1632 3026 1688; x_wconf 89' lang='lat' dir='ltr'><strong>habe</strong></span> <span class='ocrx_word' id='word_1_579' title='bbox 3045 1637 3098 1690; x_wconf 90' lang='lat' dir='ltr'><strong>in</strong></span> <span class='ocrx_word' id='word_1_580' title='bbox 3123 1653 3221 1702; x_wconf 87' lang='lat' dir='ltr'><strong>me,</strong></span> <span class='ocrx_word' id='word_1_581' title='bbox 3253 1649 3302 1693; x_wconf 90' lang='lat' dir='ltr'><strong>et</strong></span> <span class='ocrx_word' id='word_1_582' title='bbox 3320 1643 3490 1697; x_wconf 87' lang='lat' dir='ltr'><strong>omnia</strong></span> <span class='ocrx_word' id='word_1_583' title='bbox 3517 1620 3712 1701; x_wconf 73' lang='lat' dir='ltr'><strong>solvant</strong></span> 
     </span>
    </p>
   </div>
   <div class='ocr_carea' id='block_1_74' title="bbox 2115 1709 3710 1807">
    <p class='ocr_par' dir='ltr' id='par_1_74' title="bbox 2115 1709 3710 1807">
     <span class='ocr_line' id='line_1_74' title="bbox 2115 1709 3710 1807; baseline 0.019 -45"><span class='ocrx_word' id='word_1_584' title='bbox 2115 1709 2204 1807; x_wconf 71' lang='lat' dir='ltr'><strong>tibi</strong></span> <span class='ocrx_word' id='word_1_585' title='bbox 2235 1727 2254 1764; x_wconf 89' lang='lat'><em>:</em></span> <span class='ocrx_word' id='word_1_586' title='bbox 2281 1713 2368 1767; x_wconf 86' lang='lat' dir='ltr'><strong>ille</strong></span> <span class='ocrx_word' id='word_1_587' title='bbox 2393 1723 2558 1770; x_wconf 85' lang='lat' dir='ltr'><strong>autem</strong></span> <span class='ocrx_word' id='word_1_588' title='bbox 2578 1719 2772 1787; x_wconf 87' lang='lat' dir='ltr'><strong>noluit,</strong></span> <span class='ocrx_word' id='word_1_589' title='bbox 2801 1726 2889 1776; x_wconf 89' lang='lat' dir='ltr'><strong>sed</strong></span> <span class='ocrx_word' id='word_1_590' title='bbox 2908 1739 3021 1778; x_wconf 90' lang='lat' dir='ltr'><strong>eum</strong></span> <span class='ocrx_word' id='word_1_591' title='bbox 3041 1726 3162 1782; x_wconf 87' lang='lat' dir='ltr'><strong>inde</strong></span> <span class='ocrx_word' id='word_1_592' title='bbox 3186 1731 3456 1787; x_wconf 86' lang='lat' dir='ltr'><strong>abductum</strong></span> <span class='ocrx_word' id='word_1_593' title='bbox 3497 1738 3710 1807; x_wconf 86' lang='lat' dir='ltr'><strong>conjecit</strong></span> 
     </span>
    </p>
   </div>
   <div class='ocr_carea' id='block_1_75' title="bbox 2114 1798 3710 1884">
    <p class='ocr_par' dir='ltr' id='par_1_75' title="bbox 2114 1798 3710 1884">
     <span class='ocr_line' id='line_1_75' title="bbox 2114 1798 3710 1884; baseline 0.02 -31"><span class='ocrx_word' id='word_1_594' title='bbox 2114 1798 2167 1854; x_wconf 89' lang='lat' dir='ltr'><strong>in</strong></span> <span class='ocrx_word' id='word_1_595' title='bbox 2194 1818 2444 1860; x_wconf 87' lang='lat' dir='ltr'><strong>carcerem</strong></span> <span class='ocrx_word' id='word_1_596' title='bbox 2467 1847 2482 1874; x_wconf 96' lang='lat'><strong>,</strong></span> <span class='ocrx_word' id='word_1_597' title='bbox 2533 1809 2691 1865; x_wconf 88' lang='lat' dir='ltr'><strong>donec</strong></span> <span class='ocrx_word' id='word_1_598' title='bbox 2720 1811 2942 1868; x_wconf 89' lang='lat' dir='ltr'><strong>debitum</strong></span> <span class='ocrx_word' id='word_1_599' title='bbox 2985 1817 3215 1874; x_wconf 86' lang='lat' dir='ltr'><strong>redderet</strong></span> <span class='ocrx_word' id='word_1_600' title='bbox 3239 1837 3259 1875; x_wconf 90' lang='lat'><strong><em>:</em></strong></span> <span class='ocrx_word' id='word_1_601' title='bbox 3295 1824 3514 1881; x_wconf 83' lang='lat' dir='ltr'><strong>videntes</strong></span> <span class='ocrx_word' id='word_1_602' title='bbox 3541 1798 3710 1884; x_wconf 72' lang='lat' dir='ltr'><strong>autem</strong></span> 
     </span>
    </p>
   </div>
   <div class='ocr_carea' id='block_1_76' title="bbox 2113 1895 3709 1976">
    <p class='ocr_par' dir='ltr' id='par_1_76' title="bbox 2113 1895 3709 1976">
     <span class='ocr_line' id='line_1_76' title="bbox 2113 1895 3709 1976; baseline 0.02 -32"><span class='ocrx_word' id='word_1_603' title='bbox 2113 1895 2337 1948; x_wconf 87' lang='lat' dir='ltr'><strong>conservi</strong></span> <span class='ocrx_word' id='word_1_604' title='bbox 2367 1897 2528 1968; x_wconf 86' lang='lat' dir='ltr'><strong>ipsius</strong></span> <span class='ocrx_word' id='word_1_605' title='bbox 2552 1899 2804 1973; x_wconf 80' lang='lat' dir='ltr'><strong>indignati</strong></span> <span class='ocrx_word' id='word_1_606' title='bbox 2833 1916 2969 1973; x_wconf 89' lang='lat' dir='ltr'><strong>sunt,</strong></span> <span class='ocrx_word' id='word_1_607' title='bbox 3007 1917 3056 1963; x_wconf 89' lang='lat' dir='ltr'><strong>et</strong></span> <span class='ocrx_word' id='word_1_608' title='bbox 3102 1913 3350 1970; x_wconf 87' lang='lat' dir='ltr'><strong>venientes</strong></span> <span class='ocrx_word' id='word_1_609' title='bbox 3379 1933 3709 1976; x_wconf 86' lang='lat' dir='ltr'><strong>narraverunt</strong></span> 
     </span>
    </p>
   </div>
   <div class='ocr_carea' id='block_1_77' title="bbox 2113 1983 3710 2074">
    <p class='ocr_par' dir='ltr' id='par_1_77' title="bbox 2113 1983 3710 2074">
     <span class='ocr_line' id='line_1_77' title="bbox 2113 1983 3710 2074; baseline 0.019 -38"><span class='ocrx_word' id='word_1_610' title='bbox 2113 1983 2317 2040; x_wconf 89' lang='lat' dir='ltr'><strong>domino</strong></span> <span class='ocrx_word' id='word_1_611' title='bbox 2365 2004 2478 2042; x_wconf 89' lang='lat' dir='ltr'><strong>suo.</strong></span> <span class='ocrx_word' id='word_1_612' title='bbox 2513 1989 2655 2046; x_wconf 90' lang='lat' dir='ltr'><strong>Tunc</strong></span> <span class='ocrx_word' id='word_1_613' title='bbox 2680 1997 2870 2050; x_wconf 89' lang='lat' dir='ltr'><strong>vocavit</strong></span> <span class='ocrx_word' id='word_1_614' title='bbox 2915 1998 3061 2054; x_wconf 86' lang='lat' dir='ltr'><strong>illum</strong></span> <span class='ocrx_word' id='word_1_615' title='bbox 3102 2003 3338 2060; x_wconf 78' lang='lat' dir='ltr'><strong>deminus</strong></span> <span class='ocrx_word' id='word_1_616' title='bbox 3365 2023 3504 2074; x_wconf 90' lang='lat' dir='ltr'><strong>suus,</strong></span> <span class='ocrx_word' id='word_1_617' title='bbox 3545 2019 3594 2064; x_wconf 88' lang='lat' dir='ltr'><strong>et</strong></span> <span class='ocrx_word' id='word_1_618' title='bbox 3635 2013 3710 2066; x_wconf 81' lang='lat' dir='ltr'><strong>ait</strong></span> 
     </span>
    </p>
   </div>
   <div class='ocr_carea' id='block_1_78' title="bbox 2114 2076 3706 2172">
    <p class='ocr_par' dir='ltr' id='par_1_78' title="bbox 2114 2076 3706 2172">
     <span class='ocr_line' id='line_1_78' title="bbox 2114 2076 3706 2172; baseline 0.017 -42"><span class='ocrx_word' id='word_1_619' title='bbox 2114 2076 2194 2130; x_wconf 85' lang='lat' dir='ltr'><strong>illi</strong></span> <span class='ocrx_word' id='word_1_620' title='bbox 2221 2094 2238 2132; x_wconf 92' lang='lat'><strong><em>:</em></strong></span> <span class='ocrx_word' id='word_1_621' title='bbox 2271 2078 2428 2134; x_wconf 85' lang='lat' dir='ltr'><strong>Serve</strong></span> <span class='ocrx_word' id='word_1_622' title='bbox 2450 2099 2684 2153; x_wconf 86' lang='lat' dir='ltr'><strong>nequam,</strong></span> <span class='ocrx_word' id='word_1_623' title='bbox 2712 2104 2860 2144; x_wconf 87' lang='lat' dir='ltr'><strong>omne</strong></span> <span class='ocrx_word' id='word_1_624' title='bbox 2882 2090 3104 2148; x_wconf 88' lang='lat' dir='ltr'><strong>debitum</strong></span> <span class='ocrx_word' id='word_1_625' title='bbox 3133 2095 3302 2152; x_wconf 86' lang='lat' dir='ltr'><strong>dimisi</strong></span> <span class='ocrx_word' id='word_1_626' title='bbox 3334 2099 3440 2165; x_wconf 83' lang='lat' dir='ltr'><strong>tibi,</strong></span> <span class='ocrx_word' id='word_1_627' title='bbox 3465 2104 3706 2172; x_wconf 86' lang='lat' dir='ltr'><strong>quoniam</strong></span> 
     </span>
    </p>
   </div>
   <div class='ocr_carea' id='block_1_79' title="bbox 2110 2170 3707 2251">
    <p class='ocr_par' dir='ltr' id='par_1_79' title="bbox 2110 2170 3707 2251">
     <span class='ocr_line' id='line_1_79' title="bbox 2110 2170 3707 2251; baseline 0.017 -32"><span class='ocrx_word' id='word_1_628' title='bbox 2110 2170 2301 2239; x_wconf 86' lang='lat' dir='ltr'><strong>rogasti</strong></span> <span class='ocrx_word' id='word_1_629' title='bbox 2326 2187 2404 2226; x_wconf 90' lang='lat' dir='ltr'><strong>me</strong></span> <span class='ocrx_word' id='word_1_630' title='bbox 2426 2189 2446 2225; x_wconf 86' lang='lat'><strong><em>:</em></strong></span> <span class='ocrx_word' id='word_1_631' title='bbox 2475 2191 2642 2230; x_wconf 88' lang='lat' dir='ltr'><strong>nonne</strong></span> <span class='ocrx_word' id='word_1_632' title='bbox 2665 2193 2784 2249; x_wconf 92' lang='lat' dir='ltr'><strong>ergo</strong></span> <span class='ocrx_word' id='word_1_633' title='bbox 2805 2183 3026 2251; x_wconf 86' lang='lat' dir='ltr'><strong>oportuit</strong></span> <span class='ocrx_word' id='word_1_634' title='bbox 3052 2193 3099 2239; x_wconf 88' lang='lat' dir='ltr'><strong>et</strong></span> <span class='ocrx_word' id='word_1_635' title='bbox 3149 2195 3196 2239; x_wconf 89' lang='lat' dir='ltr'><strong>te</strong></span> <span class='ocrx_word' id='word_1_636' title='bbox 3234 2188 3462 2244; x_wconf 84' lang='lat' dir='ltr'><strong>misereri</strong></span> <span class='ocrx_word' id='word_1_637' title='bbox 3478 2170 3707 2246; x_wconf 72' lang='lat' dir='ltr'><strong>conservi</strong></span> 
     </span>
    </p>
   </div>
   <div class='ocr_carea' id='block_1_80' title="bbox 2110 2263 3706 2343">
    <p class='ocr_par' dir='ltr' id='par_1_80' title="bbox 2110 2263 3706 2343">
     <span class='ocr_line' id='line_1_80' title="bbox 2110 2263 3706 2343; baseline 0.018 -29"><span class='ocrx_word' id='word_1_638' title='bbox 2110 2263 2201 2324; x_wconf 84' lang='lat' dir='ltr'><strong>tui,</strong></span> <span class='ocrx_word' id='word_1_639' title='bbox 2230 2265 2356 2318; x_wconf 88' lang='lat' dir='ltr'><strong>sicut</strong></span> <span class='ocrx_word' id='word_1_640' title='bbox 2390 2277 2437 2320; x_wconf 90' lang='lat' dir='ltr'><strong>et</strong></span> <span class='ocrx_word' id='word_1_641' title='bbox 2463 2285 2552 2338; x_wconf 89' lang='lat' dir='ltr'><strong>ego</strong></span> <span class='ocrx_word' id='word_1_642' title='bbox 2599 2271 2672 2324; x_wconf 87' lang='lat' dir='ltr'><strong>tui</strong></span> <span class='ocrx_word' id='word_1_643' title='bbox 2720 2274 2950 2329; x_wconf 87' lang='lat' dir='ltr'><strong>misertus</strong></span> <span class='ocrx_word' id='word_1_644' title='bbox 2979 2279 3137 2332; x_wconf 85' lang='lat' dir='ltr'><strong>sum?</strong></span> <span class='ocrx_word' id='word_1_645' title='bbox 3179 2279 3323 2335; x_wconf 85' lang='lat' dir='ltr'><strong>Tunc</strong></span> <span class='ocrx_word' id='word_1_646' title='bbox 3358 2285 3567 2340; x_wconf 86' lang='lat' dir='ltr'><strong>tradidit</strong></span> <span class='ocrx_word' id='word_1_647' title='bbox 3589 2304 3706 2343; x_wconf 79' lang='lat' dir='ltr'><strong>eum</strong></span> 
     </span>
    </p>
   </div>
   <div class='ocr_carea' id='block_1_81' title="bbox 2111 2355 3706 2433">
    <p class='ocr_par' dir='ltr' id='par_1_81' title="bbox 2111 2355 3706 2433">
     <span class='ocr_line' id='line_1_81' title="bbox 2111 2355 3706 2433; baseline 0.014 -23"><span class='ocrx_word' id='word_1_648' title='bbox 2111 2355 2403 2423; x_wconf 80' lang='lat' dir='ltr'><strong>tortoribus,</strong></span> <span class='ocrx_word' id='word_1_649' title='bbox 2427 2359 2750 2432; x_wconf 87' lang='lat' dir='ltr'><strong>quoadusque</strong></span> <span class='ocrx_word' id='word_1_650' title='bbox 2764 2363 2995 2419; x_wconf 89' lang='lat' dir='ltr'><strong>redderet</strong></span> <span class='ocrx_word' id='word_1_651' title='bbox 3022 2369 3310 2425; x_wconf 87' lang='lat' dir='ltr'><strong>universum</strong></span> <span class='ocrx_word' id='word_1_652' title='bbox 3336 2373 3577 2430; x_wconf 81' lang='lat' dir='ltr'><strong>debitum.</strong></span> <span class='ocrx_word' id='word_1_653' title='bbox 3615 2377 3706 2433; x_wconf 81' lang='lat' dir='ltr'><strong>Sic</strong></span> 
     </span>
    </p>
   </div>
   <div class='ocr_carea' id='block_1_82' title="bbox 2110 2447 3706 2526">
    <p class='ocr_par' dir='ltr' id='par_1_82' title="bbox 2110 2447 3706 2526">
     <span class='ocr_line' id='line_1_82' title="bbox 2110 2447 3706 2526; baseline 0.013 -22"><span class='ocrx_word' id='word_1_654' title='bbox 2110 2460 2156 2504; x_wconf 90' lang='lat' dir='ltr'><strong>et</strong></span> <span class='ocrx_word' id='word_1_655' title='bbox 2189 2447 2345 2506; x_wconf 82' lang='lat' dir='ltr'><strong>Pater</strong></span> <span class='ocrx_word' id='word_1_656' title='bbox 2381 2470 2520 2509; x_wconf 85' lang='lat' dir='ltr'><strong>meus</strong></span> <span class='ocrx_word' id='word_1_657' title='bbox 2548 2454 2760 2512; x_wconf 68' lang='lat' dir='ltr'><strong>(celestis</strong></span> <span class='ocrx_word' id='word_1_658' title='bbox 2789 2457 2940 2526; x_wconf 82' lang='lat' dir='ltr'><strong>faciet</strong></span> <span class='ocrx_word' id='word_1_659' title='bbox 2976 2459 3112 2515; x_wconf 84' lang='lat' dir='ltr'><strong>vobis</strong></span> <span class='ocrx_word' id='word_1_660' title='bbox 3136 2503 3150 2526; x_wconf 91' lang='lat'><strong>,</strong></span> <span class='ocrx_word' id='word_1_661' title='bbox 3199 2462 3242 2516; x_wconf 88' lang='lat' dir='ltr'><strong>si</strong></span> <span class='ocrx_word' id='word_1_662' title='bbox 3282 2481 3383 2519; x_wconf 91' lang='lat' dir='ltr'><strong>non</strong></span> <span class='ocrx_word' id='word_1_663' title='bbox 3411 2471 3706 2526; x_wconf 85' lang='lat' dir='ltr'><strong>remiseritis</strong></span> 
     </span>
    </p>
   </div>
   <div class='ocr_carea' id='block_1_83' title="bbox 2109 2546 3701 2634">
    <p class='ocr_par' dir='ltr' id='par_1_83' title="bbox 2109 2546 3701 2634">
     <span class='ocr_line' id='line_1_83' title="bbox 2109 2546 3701 2634; baseline 0.013 -37"><span class='ocrx_word' id='word_1_664' title='bbox 2109 2546 2451 2634; x_wconf 82' lang='lat' dir='ltr'><strong>unusquisque</strong></span> <span class='ocrx_word' id='word_1_665' title='bbox 2477 2551 2626 2619; x_wconf 79' lang='lat' dir='ltr'><strong>fratri</strong></span> <span class='ocrx_word' id='word_1_666' title='bbox 2671 2566 2764 2605; x_wconf 90' lang='lat' dir='ltr'><strong>suo</strong></span> <span class='ocrx_word' id='word_1_667' title='bbox 2803 2549 2864 2608; x_wconf 84' lang='lat' dir='ltr'><strong>de</strong></span> <span class='ocrx_word' id='word_1_668' title='bbox 2911 2551 3144 2612; x_wconf 74' lang='lat' dir='ltr'><strong>cantibus</strong></span> <span class='ocrx_word' id='word_1_669' title='bbox 3167 2556 3340 2615; x_wconf 78' lang='lat' dir='ltr'><strong>vestris</strong></span> <span class='ocrx_word' id='word_1_670' title='bbox 3368 2555 3580 2634; x_wconf 75' lang='lat' dir='ltr'><strong>(Matth.</strong></span> <span class='ocrx_word' id='word_1_671' title='bbox 3617 2559 3701 2621; x_wconf 50' lang='grc' dir='ltr'><strong>ια</strong></span> 
     </span>
    </p>
   </div>
   <div class='ocr_carea' id='block_1_84' title="bbox 2107 2633 2320 2706">
    <p class='ocr_par' dir='ltr' id='par_1_84' title="bbox 2107 2633 2320 2706">
     <span class='ocr_line' id='line_1_84' title="bbox 2107 2633 2320 2706; baseline 0.014 -19"><span class='ocrx_word' id='word_1_672' title='bbox 2107 2633 2320 2706; x_wconf 73' lang='lat'><strong>25-55).</strong></span> 
     </span>
    </p>
   </div>
   <div class='ocr_carea' id='block_1_85' title="bbox 2180 2726 3724 2808">
    <p class='ocr_par' dir='ltr' id='par_1_85' title="bbox 2180 2726 3724 2808">
     <span class='ocr_line' id='line_1_85' title="bbox 2180 2726 3724 2808; baseline 0.019 -28"><span class='ocrx_word' id='word_1_673' title='bbox 2180 2726 2233 2780; x_wconf 81' lang='lat'><strong>&#39;5.</strong></span> <span class='ocrx_word' id='word_1_674' title='bbox 2289 2727 2432 2784; x_wconf 91' lang='lat' dir='ltr'><strong>Talis</strong></span> <span class='ocrx_word' id='word_1_675' title='bbox 2490 2732 2706 2802; x_wconf 88' lang='lat' dir='ltr'><strong>quidem</strong></span> <span class='ocrx_word' id='word_1_676' title='bbox 2760 2737 3012 2807; x_wconf 90' lang='lat' dir='ltr'><strong>parabola</strong></span> <span class='ocrx_word' id='word_1_677' title='bbox 3083 2743 3204 2798; x_wconf 87' lang='lat' dir='ltr'><strong>ista.</strong></span> <span class='ocrx_word' id='word_1_678' title='bbox 3267 2745 3558 2804; x_wconf 87' lang='lat' dir='ltr'><strong>Dicendum</strong></span> <span class='ocrx_word' id='word_1_679' title='bbox 3621 2755 3724 2808; x_wconf 83' lang='lat' dir='ltr'><strong>est&#39;</strong></span> 
     </span>
    </p>
   </div>
   <div class='ocr_carea' id='block_1_86' title="bbox 2108 2828 3702 2914">
    <p class='ocr_par' dir='ltr' id='par_1_86' title="bbox 2108 2828 3702 2914">
     <span class='ocr_line' id='line_1_86' title="bbox 2108 2828 3702 2914; baseline 0.021 -47"><span class='ocrx_word' id='word_1_680' title='bbox 2108 2829 2270 2885; x_wconf 92' lang='lat' dir='ltr'><strong>porro</strong></span> <span class='ocrx_word' id='word_1_681' title='bbox 2307 2859 2323 2886; x_wconf 95' lang='lat'><strong>,</strong></span> <span class='ocrx_word' id='word_1_682' title='bbox 2375 2835 2540 2890; x_wconf 85' lang='lat' dir='ltr'><strong>quare</strong></span> <span class='ocrx_word' id='word_1_683' title='bbox 2617 2839 2737 2880; x_wconf 93' lang='lat' dir='ltr'><strong>cum</strong></span> <span class='ocrx_word' id='word_1_684' title='bbox 2811 2828 3109 2898; x_wconf 89' lang='lat' dir='ltr'><strong>adjectione</strong></span> <span class='ocrx_word' id='word_1_685' title='bbox 3177 2851 3352 2894; x_wconf 78' lang='lat' dir='ltr'><strong>causa:</strong></span> <span class='ocrx_word' id='word_1_686' title='bbox 3406 2839 3550 2897; x_wconf 86' lang='lat' dir='ltr'><strong>illam</strong></span> <span class='ocrx_word' id='word_1_687' title='bbox 3606 2861 3702 2914; x_wconf 80' lang='lat' dir='ltr'><strong>pa-</strong></span> 
     </span>
    </p>
   </div>
   <div class='ocr_carea' id='block_1_87' title="bbox 2105 2908 3702 3004">
    <p class='ocr_par' dir='ltr' id='par_1_87' title="bbox 2105 2908 3702 3004">
     <span class='ocr_line' id='line_1_87' title="bbox 2105 2908 3702 3004; baseline 0.02 -43"><span class='ocrx_word' id='word_1_688' title='bbox 2105 2908 2342 2965; x_wconf 86' lang='lat' dir='ltr'><strong>rabolam</strong></span> <span class='ocrx_word' id='word_1_689' title='bbox 2410 2917 2684 2984; x_wconf 86' lang='lat' dir='ltr'><strong>proposuit</strong></span> <span class='ocrx_word' id='word_1_690' title='bbox 2733 2936 2748 2972; x_wconf 87' lang='lat'><strong>:</strong></span> <span class='ocrx_word' id='word_1_691' title='bbox 2797 2936 2902 2976; x_wconf 92' lang='lat' dir='ltr'><strong>non</strong></span> <span class='ocrx_word' id='word_1_692' title='bbox 2985 2925 3130 2980; x_wconf 90' lang='lat' dir='ltr'><strong>enim</strong></span> <span class='ocrx_word' id='word_1_693' title='bbox 3181 2929 3496 3000; x_wconf 87' lang='lat' dir='ltr'><strong>simpliciter</strong></span> <span class='ocrx_word' id='word_1_694' title='bbox 3545 2908 3702 3004; x_wconf 65' lang='lat' dir='ltr'><strong>disit,</strong></span> 
     </span>
    </p>
   </div>
   <div class='ocr_carea' id='block_1_88' title="bbox 2105 3001 3704 3090">
    <p class='ocr_par' dir='ltr' id='par_1_88' title="bbox 2105 3001 3704 3090">
     <span class='ocr_line' id='line_1_88' title="bbox 2105 3001 3704 3090; baseline 0.018 -36"><span class='ocrx_word' id='word_1_695' title='bbox 2105 3001 2455 3059; x_wconf 88' lang='lat' dir='ltr'><strong>assimilatqu</strong></span> <span class='ocrx_word' id='word_1_696' title='bbox 2507 3015 2593 3062; x_wconf 91' lang='lat' dir='ltr'><strong>est</strong></span> <span class='ocrx_word' id='word_1_697' title='bbox 2634 3023 2855 3079; x_wconf 83' lang='lat' dir='ltr'><strong>regnum</strong></span> <span class='ocrx_word' id='word_1_698' title='bbox 2885 3014 3137 3072; x_wconf 71' lang='lat' dir='ltr'><strong>cmlorum</strong></span> <span class='ocrx_word' id='word_1_699' title='bbox 3172 3061 3187 3085; x_wconf 94' lang='lat'><strong>,</strong></span> <span class='ocrx_word' id='word_1_700' title='bbox 3219 3022 3313 3076; x_wconf 89' lang='lat' dir='ltr'><strong>sed</strong></span> <span class='ocrx_word' id='word_1_701' title='bbox 3334 3063 3351 3090; x_wconf 91' lang='lat'><strong>,</strong></span> <span class='ocrx_word' id='word_1_702' title='bbox 3409 3025 3537 3080; x_wconf 86' lang='lat' dir='ltr'><strong>Ideo</strong></span> <span class='ocrx_word' id='word_1_703' title='bbox 3569 3001 3704 3084; x_wconf 47' lang='lat' dir='ltr'><strong>ossi;</strong></span> 
     </span>
    </p>
   </div>
   <div class='ocr_carea' id='block_1_89' title="bbox 2105 3093 3700 3184">
    <p class='ocr_par' dir='ltr' id='par_1_89' title="bbox 2105 3093 3700 3184">
     <span class='ocr_line' id='line_1_89' title="bbox 2105 3093 3700 3184; baseline 0.019 -38"><span class='ocrx_word' id='word_1_704' title='bbox 2105 3093 2335 3150; x_wconf 77' lang='lat' dir='ltr'><strong>miletum</strong></span> <span class='ocrx_word' id='word_1_705' title='bbox 2381 3106 2454 3152; x_wconf 88' lang='lat' dir='ltr'><strong>est</strong></span> <span class='ocrx_word' id='word_1_706' title='bbox 2509 3116 2717 3172; x_wconf 85' lang='lat' dir='ltr'><strong>regnum</strong></span> <span class='ocrx_word' id='word_1_707' title='bbox 2755 3104 3014 3161; x_wconf 65' lang='lat' dir='ltr'><strong>caelorum.</strong></span> <span class='ocrx_word' id='word_1_708' title='bbox 3071 3108 3179 3166; x_wconf 86' lang='lat' dir='ltr'><strong>Cur</strong></span> <span class='ocrx_word' id='word_1_709' title='bbox 3230 3128 3358 3184; x_wconf 87' lang='lat' dir='ltr'><strong>ergo</strong></span> <span class='ocrx_word' id='word_1_710' title='bbox 3396 3130 3555 3175; x_wconf 85' lang='lat' dir='ltr'><strong>causa</strong></span> <span class='ocrx_word' id='word_1_711' title='bbox 3603 3121 3700 3175; x_wconf 82' lang='lat' dir='ltr'><strong>ad-</strong></span> 
     </span>
    </p>
   </div>
   <div class='ocr_carea' id='block_1_90' title="bbox 2099 3185 3705 3270">
    <p class='ocr_par' dir='ltr' id='par_1_90' title="bbox 2099 3185 3705 3270">
     <span class='ocr_line' id='line_1_90' title="bbox 2099 3185 3705 3270; baseline 0.018 -31"><span class='ocrx_word' id='word_1_712' title='bbox 2099 3185 2286 3254; x_wconf 90' lang='lat' dir='ltr'><strong>juncta</strong></span> <span class='ocrx_word' id='word_1_713' title='bbox 2316 3189 2434 3243; x_wconf 89' lang='lat' dir='ltr'><strong>est?</strong></span> <span class='ocrx_word' id='word_1_714' title='bbox 2473 3190 2548 3246; x_wconf 91' lang='lat' dir='ltr'><strong>De</strong></span> <span class='ocrx_word' id='word_1_715' title='bbox 2578 3192 2856 3251; x_wconf 89' lang='lat' dir='ltr'><strong>tolerantia</strong></span> <span class='ocrx_word' id='word_1_716' title='bbox 2882 3197 3157 3268; x_wconf 91' lang='lat' dir='ltr'><strong>discipulis</strong></span> <span class='ocrx_word' id='word_1_717' title='bbox 3197 3218 3500 3263; x_wconf 89' lang='lat' dir='ltr'><strong>sermonem</strong></span> <span class='ocrx_word' id='word_1_718' title='bbox 3544 3210 3705 3270; x_wconf 83' lang='lat' dir='ltr'><strong>facie-</strong></span> 
     </span>
    </p>
   </div>
   <div class='ocr_carea' id='block_1_91' title="bbox 2105 3277 3703 3360">
    <p class='ocr_par' dir='ltr' id='par_1_91' title="bbox 2105 3277 3703 3360">
     <span class='ocr_line' id='line_1_91' title="bbox 2105 3277 3703 3360; baseline 0.016 -29"><span class='ocrx_word' id='word_1_719' title='bbox 2105 3277 2197 3332; x_wconf 89' lang='lat' dir='ltr'><strong>bat</strong></span> <span class='ocrx_word' id='word_1_720' title='bbox 2220 3321 2235 3344; x_wconf 92' lang='lat'><strong>,</strong></span> <span class='ocrx_word' id='word_1_721' title='bbox 2268 3278 2467 3338; x_wconf 87' lang='lat' dir='ltr'><strong>docens</strong></span> <span class='ocrx_word' id='word_1_722' title='bbox 2491 3324 2506 3348; x_wconf 91' lang='lat'><strong>,</strong></span> <span class='ocrx_word' id='word_1_723' title='bbox 2539 3287 2807 3354; x_wconf 87' lang='lat' dir='ltr'><strong>quomodo</strong></span> <span class='ocrx_word' id='word_1_724' title='bbox 2834 3289 2913 3343; x_wconf 90' lang='lat' dir='ltr'><strong>ira</strong></span> <span class='ocrx_word' id='word_1_725' title='bbox 2944 3290 3262 3350; x_wconf 87' lang='lat' dir='ltr'><strong>refrenanda</strong></span> <span class='ocrx_word' id='word_1_726' title='bbox 3289 3308 3434 3354; x_wconf 88' lang='lat' dir='ltr'><strong>esset</strong></span> <span class='ocrx_word' id='word_1_727' title='bbox 3458 3311 3703 3360; x_wconf 81' lang='lat' dir='ltr'><strong>contem-</strong></span> 
     </span>
    </p>
   </div>
   <div class='ocr_carea' id='block_1_92' title="bbox 2104 3371 3708 3457">
    <p class='ocr_par' dir='ltr' id='par_1_92' title="bbox 2104 3371 3708 3457">
     <span class='ocr_line' id='line_1_92' title="bbox 2104 3371 3708 3457; baseline 0.018 -33"><span class='ocrx_word' id='word_1_728' title='bbox 2104 3371 2401 3444; x_wconf 69' lang='lat' dir='ltr'><strong>nciidteque</strong></span> <span class='ocrx_word' id='word_1_729' title='bbox 2427 3375 2634 3447; x_wconf 76' lang='lat' dir='ltr'><strong>injuria:</strong></span> <span class='ocrx_word' id='word_1_730' title='bbox 2665 3380 2816 3436; x_wconf 92' lang='lat' dir='ltr'><strong>nobis</strong></span> <span class='ocrx_word' id='word_1_731' title='bbox 2839 3381 3016 3452; x_wconf 64' lang='lat' dir='ltr'><strong>illatae,</strong></span> <span class='ocrx_word' id='word_1_732' title='bbox 3069 3387 3226 3457; x_wconf 89' lang='lat' dir='ltr'><strong>idque</strong></span> <span class='ocrx_word' id='word_1_733' title='bbox 3254 3388 3336 3444; x_wconf 90' lang='lat' dir='ltr'><strong>his</strong></span> <span class='ocrx_word' id='word_1_734' title='bbox 3365 3392 3542 3449; x_wconf 87' lang='lat' dir='ltr'><strong>verbis</strong></span> <span class='ocrx_word' id='word_1_735' title='bbox 3575 3414 3589 3450; x_wconf 91' lang='lat'><strong>:</strong></span> <span class='ocrx_word' id='word_1_736' title='bbox 3639 3395 3708 3452; x_wconf 79' lang='lat' dir='ltr'><strong>Si</strong></span> 
     </span>
    </p>
   </div>
   <div class='ocr_carea' id='block_1_93' title="bbox 2107 3466 3704 3552">
    <p class='ocr_par' dir='ltr' id='par_1_93' title="bbox 2107 3466 3704 3552">
     <span class='ocr_line' id='line_1_93' title="bbox 2107 3466 3704 3552; baseline 0.016 -36"><span class='ocrx_word' id='word_1_737' title='bbox 2107 3466 2391 3532; x_wconf 84' lang='lat' dir='ltr'><strong>peccaverit</strong></span> <span class='ocrx_word' id='word_1_738' title='bbox 2420 3467 2474 3520; x_wconf 87' lang='lat' dir='ltr'><strong>in</strong></span> <span class='ocrx_word' id='word_1_739' title='bbox 2506 3477 2552 3521; x_wconf 91' lang='lat' dir='ltr'><strong>te</strong></span> <span class='ocrx_word' id='word_1_740' title='bbox 2580 3471 2738 3542; x_wconf 83' lang='lat' dir='ltr'><strong>frater</strong></span> <span class='ocrx_word' id='word_1_741' title='bbox 2762 3481 2878 3528; x_wconf 89' lang='lat' dir='ltr'><strong>tuus</strong></span> <span class='ocrx_word' id='word_1_742' title='bbox 2901 3516 2916 3541; x_wconf 88' lang='lat'><strong>,</strong></span> <span class='ocrx_word' id='word_1_743' title='bbox 2957 3476 3111 3544; x_wconf 85' lang='lat' dir='ltr'><strong>vade,</strong></span> <span class='ocrx_word' id='word_1_744' title='bbox 3159 3488 3206 3532; x_wconf 91' lang='lat' dir='ltr'><strong>et</strong></span> <span class='ocrx_word' id='word_1_745' title='bbox 3243 3483 3552 3552; x_wconf 83' lang='lat' dir='ltr'><strong>reprehende</strong></span> <span class='ocrx_word' id='word_1_746' title='bbox 3589 3504 3704 3542; x_wconf 82' lang='lat' dir='ltr'><strong>eum</strong></span> 
     </span>
    </p>
   </div>
   <div class='ocr_carea' id='block_1_94' title="bbox 2104 3554 3702 3642">
    <p class='ocr_par' dir='ltr' id='par_1_94' title="bbox 2104 3554 3702 3642">
     <span class='ocr_line' id='line_1_94' title="bbox 2104 3554 3702 3642; baseline 0.016 -34"><span class='ocrx_word' id='word_1_747' title='bbox 2104 3554 2236 3610; x_wconf 86' lang='lat' dir='ltr'><strong>inter</strong></span> <span class='ocrx_word' id='word_1_748' title='bbox 2262 3568 2310 3612; x_wconf 84' lang='lat' dir='ltr'><strong>te</strong></span> <span class='ocrx_word' id='word_1_749' title='bbox 2333 3568 2378 3612; x_wconf 88' lang='lat' dir='ltr'><strong>et</strong></span> <span class='ocrx_word' id='word_1_750' title='bbox 2406 3561 2576 3630; x_wconf 84' lang='lat' dir='ltr'><strong>ipsum</strong></span> <span class='ocrx_word' id='word_1_751' title='bbox 2602 3563 2784 3619; x_wconf 86' lang='lat' dir='ltr'><strong>solum.</strong></span> <span class='ocrx_word' id='word_1_752' title='bbox 2834 3565 2897 3620; x_wconf 88' lang='lat' dir='ltr'><strong>Si</strong></span> <span class='ocrx_word' id='word_1_753' title='bbox 2930 3571 3285 3626; x_wconf 86' lang='lat' dir='ltr'><strong>auscultaverit</strong></span> <span class='ocrx_word' id='word_1_754' title='bbox 3321 3573 3443 3642; x_wconf 90' lang='lat' dir='ltr'><strong>tibi,</strong></span> <span class='ocrx_word' id='word_1_755' title='bbox 3477 3576 3702 3634; x_wconf 84' lang='lat' dir='ltr'><strong>lucratus</strong></span> 
     </span>
    </p>
   </div>
   <div class='ocr_carea' id='block_1_95' title="bbox 2105 3647 3702 3738">
    <p class='ocr_par' dir='ltr' id='par_1_95' title="bbox 2105 3647 3702 3738">
     <span class='ocr_line' id='line_1_95' title="bbox 2105 3647 3702 3738; baseline 0.016 -38"><span class='ocrx_word' id='word_1_756' title='bbox 2105 3661 2157 3701; x_wconf 90' lang='lat' dir='ltr'><strong>es</strong></span> <span class='ocrx_word' id='word_1_757' title='bbox 2186 3647 2397 3718; x_wconf 88' lang='lat' dir='ltr'><strong>fratrem</strong></span> <span class='ocrx_word' id='word_1_758' title='bbox 2429 3661 2571 3708; x_wconf 89' lang='lat' dir='ltr'><strong>tuum</strong></span> <span class='ocrx_word' id='word_1_759' title='bbox 2609 3653 2832 3728; x_wconf 80' lang='lat' dir='ltr'><strong>(Matth.</strong></span> <span class='ocrx_word' id='word_1_760' title='bbox 2873 3658 2958 3714; x_wconf 87' lang='lat' dir='ltr'><strong>i8.</strong></span> <span class='ocrx_word' id='word_1_761' title='bbox 2992 3659 3119 3732; x_wconf 76' lang='grc'><strong>15).</strong></span> <span class='ocrx_word' id='word_1_762' title='bbox 3162 3662 3287 3718; x_wconf 64' lang='lat' dir='ltr'><strong>Haec</strong></span> <span class='ocrx_word' id='word_1_763' title='bbox 3307 3675 3363 3720; x_wconf 88' lang='lat' dir='ltr'><strong>et</strong></span> <span class='ocrx_word' id='word_1_764' title='bbox 3405 3665 3506 3721; x_wconf 88' lang='lat' dir='ltr'><strong>alia</strong></span> <span class='ocrx_word' id='word_1_765' title='bbox 3552 3668 3702 3738; x_wconf 86' lang='lat' dir='ltr'><strong>ejus-</strong></span> 
     </span>
    </p>
   </div>
   <div class='ocr_carea' id='block_1_96' title="bbox 2105 3742 3703 3832">
    <p class='ocr_par' dir='ltr' id='par_1_96' title="bbox 2105 3742 3703 3832">
     <span class='ocr_line' id='line_1_96' title="bbox 2105 3742 3703 3832; baseline 0.014 -37"><span class='ocrx_word' id='word_1_766' title='bbox 2105 3742 2248 3798; x_wconf 88' lang='lat' dir='ltr'><strong>modi</strong></span> <span class='ocrx_word' id='word_1_767' title='bbox 2270 3744 2483 3800; x_wconf 86' lang='lat' dir='ltr'><strong>Christo</strong></span> <span class='ocrx_word' id='word_1_768' title='bbox 2512 3747 2764 3818; x_wconf 88' lang='lat' dir='ltr'><strong>loquente</strong></span> <span class='ocrx_word' id='word_1_769' title='bbox 2803 3751 2870 3804; x_wconf 91' lang='lat' dir='ltr'><strong>ad</strong></span> <span class='ocrx_word' id='word_1_770' title='bbox 2904 3751 3192 3822; x_wconf 89' lang='lat' dir='ltr'><strong>discipulos</strong></span> <span class='ocrx_word' id='word_1_771' title='bbox 3230 3771 3392 3826; x_wconf 92' lang='lat' dir='ltr'><strong>suos,</strong></span> <span class='ocrx_word' id='word_1_772' title='bbox 3439 3759 3703 3832; x_wconf 82' lang='lat' dir='ltr'><strong>istatnque</strong></span> 
     </span>
    </p>
   </div>
   <div class='ocr_carea' id='block_1_97' title="bbox 2105 3830 3700 3917">
    <p class='ocr_par' dir='ltr' id='par_1_97' title="bbox 2105 3830 3700 3917">
     <span class='ocr_line' id='line_1_97' title="bbox 2105 3830 3700 3917; baseline 0.014 -32"><span class='ocrx_word' id='word_1_773' title='bbox 2105 3830 2500 3906; x_wconf 85' lang='lat' dir='ltr'><strong>philosophiam</strong></span> <span class='ocrx_word' id='word_1_774' title='bbox 2565 3835 2792 3894; x_wconf 88' lang='lat' dir='ltr'><strong>docente</strong></span> <span class='ocrx_word' id='word_1_775' title='bbox 2819 3882 2834 3907; x_wconf 94' lang='lat'><strong>,</strong></span> <span class='ocrx_word' id='word_1_776' title='bbox 2900 3841 3092 3898; x_wconf 85' lang='lat' dir='ltr'><strong>Petrus</strong></span> <span class='ocrx_word' id='word_1_777' title='bbox 3138 3845 3288 3901; x_wconf 92' lang='lat' dir='ltr'><strong>chori</strong></span> <span class='ocrx_word' id='word_1_778' title='bbox 3337 3830 3700 3917; x_wconf 80' lang='lat' dir='ltr'><strong>apostolorum</strong></span> 
     </span>
    </p>
   </div>
   <div class='ocr_carea' id='block_1_98' title="bbox 2109 3925 3704 4009">
    <p class='ocr_par' dir='ltr' id='par_1_98' title="bbox 2109 3925 3704 4009">
     <span class='ocr_line' id='line_1_98' title="bbox 2109 3925 3704 4009; baseline 0.012 -30"><span class='ocrx_word' id='word_1_779' title='bbox 2109 3925 2393 3998; x_wconf 91' lang='lat' dir='ltr'><strong>princeps,</strong></span> <span class='ocrx_word' id='word_1_780' title='bbox 2425 3943 2487 3983; x_wconf 91' lang='lat' dir='ltr'><strong>os</strong></span> <span class='ocrx_word' id='word_1_781' title='bbox 2515 3928 2899 4001; x_wconf 86' lang='lat' dir='ltr'><strong>discipulorum</strong></span> <span class='ocrx_word' id='word_1_782' title='bbox 2925 3974 2941 4001; x_wconf 94' lang='lat'><strong>,</strong></span> <span class='ocrx_word' id='word_1_783' title='bbox 2989 3936 3237 3990; x_wconf 90' lang='lat' dir='ltr'><strong>columna</strong></span> <span class='ocrx_word' id='word_1_784' title='bbox 3275 3936 3568 4009; x_wconf 65' lang='lat' dir='ltr'><strong>Ecclesiae,</strong></span> <span class='ocrx_word' id='word_1_785' title='bbox 3611 3943 3704 3999; x_wconf 86' lang='lat' dir='ltr'><strong>tir-</strong></span> 
     </span>
    </p>
   </div>
   <div class='ocr_carea' id='block_1_99' title="bbox 2107 4020 3783 4100">
    <p class='ocr_par' dir='ltr' id='par_1_99' title="bbox 2107 4020 3783 4100">
     <span class='ocr_line' id='line_1_99' title="bbox 2107 4020 3783 4100; baseline 0.011 -26"><span class='ocrx_word' id='word_1_786' title='bbox 2107 4027 2437 4075; x_wconf 89' lang='lat' dir='ltr'><strong>mamentum</strong></span> <span class='ocrx_word' id='word_1_787' title='bbox 2486 4020 2646 4090; x_wconf 83' lang='lat' dir='ltr'><strong>fidei,</strong></span> <span class='ocrx_word' id='word_1_788' title='bbox 2694 4023 3047 4080; x_wconf 79' lang='lat' dir='ltr'><strong>confessionis</strong></span> <span class='ocrx_word' id='word_1_789' title='bbox 3077 4025 3509 4100; x_wconf 89' lang='lat' dir='ltr'><strong>fundamentum,</strong></span> <span class='ocrx_word' id='word_1_790' title='bbox 3555 4034 3702 4090; x_wconf 89' lang='lat' dir='ltr'><strong>orbis</strong></span> <span class='ocrx_word' id='word_1_791' title='bbox 3781 4054 3783 4056; x_wconf 89' lang='grc'>·</span> 
     </span>
    </p>
   </div>
   <div class='ocr_carea' id='block_1_100' title="bbox 2109 4109 3700 4193">
    <p class='ocr_par' dir='ltr' id='par_1_100' title="bbox 2109 4109 3700 4193">
     <span class='ocr_line' id='line_1_100' title="bbox 2109 4109 3700 4193; baseline 0.013 -33"><span class='ocrx_word' id='word_1_792' title='bbox 2109 4115 2373 4162; x_wconf 90' lang='lat' dir='ltr'><strong>terrarum</strong></span> <span class='ocrx_word' id='word_1_793' title='bbox 2416 4109 2668 4178; x_wconf 85' lang='lat' dir='ltr'><strong>piscator,</strong></span> <span class='ocrx_word' id='word_1_794' title='bbox 2709 4112 2798 4181; x_wconf 90' lang='lat' dir='ltr'><strong>qui</strong></span> <span class='ocrx_word' id='word_1_795' title='bbox 2838 4128 3007 4182; x_wconf 87' lang='lat' dir='ltr'><strong>genus</strong></span> <span class='ocrx_word' id='word_1_796' title='bbox 3051 4126 3290 4173; x_wconf 89' lang='lat' dir='ltr'><strong>nostrum</strong></span> <span class='ocrx_word' id='word_1_797' title='bbox 3328 4136 3392 4176; x_wconf 83' lang='lat' dir='ltr'><strong>ex</strong></span> <span class='ocrx_word' id='word_1_798' title='bbox 3427 4124 3700 4193; x_wconf 86' lang='lat' dir='ltr'><strong>profundis</strong></span> 
     </span>
    </p>
   </div>
   <div class='ocr_carea' id='block_1_101' title="bbox 2108 4197 3702 4280">
    <p class='ocr_par' dir='ltr' id='par_1_101' title="bbox 2108 4197 3702 4280">
     <span class='ocr_line' id='line_1_101' title="bbox 2108 4197 3702 4280; baseline 0.014 -30"><span class='ocrx_word' id='word_1_799' title='bbox 2108 4210 2352 4252; x_wconf 87' lang='lat' dir='ltr'><strong>errorum</strong></span> <span class='ocrx_word' id='word_1_800' title='bbox 2393 4197 2446 4251; x_wconf 92' lang='lat' dir='ltr'><strong>in</strong></span> <span class='ocrx_word' id='word_1_801' title='bbox 2491 4199 2680 4254; x_wconf 70' lang='lat' dir='ltr'><strong>omium</strong></span> <span class='ocrx_word' id='word_1_802' title='bbox 2717 4200 2974 4270; x_wconf 85' lang='lat' dir='ltr'><strong>adduxit,</strong></span> <span class='ocrx_word' id='word_1_803' title='bbox 3019 4206 3110 4275; x_wconf 88' lang='lat' dir='ltr'><strong>qui</strong></span> <span class='ocrx_word' id='word_1_804' title='bbox 3154 4208 3349 4280; x_wconf 88' lang='lat' dir='ltr'><strong>ubique</strong></span> <span class='ocrx_word' id='word_1_805' title='bbox 3389 4213 3620 4270; x_wconf 88' lang='lat' dir='ltr'><strong>fervidus</strong></span> <span class='ocrx_word' id='word_1_806' title='bbox 3648 4225 3702 4272; x_wconf 86' lang='lat' dir='ltr'><strong>et</strong></span> 
     </span>
    </p>
   </div>
   <div class='ocr_carea' id='block_1_102' title="bbox 2108 4285 3698 4374">
    <p class='ocr_par' dir='ltr' id='par_1_102' title="bbox 2108 4285 3698 4374">
     <span class='ocr_line' id='line_1_102' title="bbox 2108 4285 3698 4374; baseline 0.013 -33"><span class='ocrx_word' id='word_1_807' title='bbox 2108 4285 2356 4343; x_wconf 85' lang='lat' dir='ltr'><strong>libertate</strong></span> <span class='ocrx_word' id='word_1_808' title='bbox 2390 4286 2608 4357; x_wconf 87' lang='lat' dir='ltr'><strong>plenus,</strong></span> <span class='ocrx_word' id='word_1_809' title='bbox 2637 4289 2744 4346; x_wconf 91' lang='lat' dir='ltr'><strong>imo</strong></span> <span class='ocrx_word' id='word_1_810' title='bbox 2772 4293 2951 4363; x_wconf 90' lang='lat' dir='ltr'><strong>potius</strong></span> <span class='ocrx_word' id='word_1_811' title='bbox 2993 4297 3213 4354; x_wconf 86' lang='lat' dir='ltr'><strong>caritate</strong></span> <span class='ocrx_word' id='word_1_812' title='bbox 3241 4316 3399 4370; x_wconf 90' lang='lat' dir='ltr'><strong>quam</strong></span> <span class='ocrx_word' id='word_1_813' title='bbox 3427 4303 3698 4374; x_wconf 87' lang='lat' dir='ltr'><strong>libertate,</strong></span> 
     </span>
    </p>
   </div>
   <div class='ocr_carea' id='block_1_103' title="bbox 2111 4379 3695 4463">
    <p class='ocr_par' dir='ltr' id='par_1_103' title="bbox 2111 4379 3695 4463">
     <span class='ocr_line' id='line_1_103' title="bbox 2111 4379 3695 4463; baseline 0.013 -30"><span class='ocrx_word' id='word_1_814' title='bbox 2111 4379 2407 4434; x_wconf 89' lang='lat' dir='ltr'><strong>tacentibus</strong></span> <span class='ocrx_word' id='word_1_815' title='bbox 2442 4380 2688 4436; x_wconf 89' lang='lat' dir='ltr'><strong>omnibus</strong></span> <span class='ocrx_word' id='word_1_816' title='bbox 2715 4424 2730 4449; x_wconf 89' lang='lat'><strong>,</strong></span> <span class='ocrx_word' id='word_1_817' title='bbox 2775 4385 3035 4441; x_wconf 87' lang='lat' dir='ltr'><strong>accedens</strong></span> <span class='ocrx_word' id='word_1_818' title='bbox 3061 4389 3128 4443; x_wconf 87' lang='lat' dir='ltr'><strong>ad</strong></span> <span class='ocrx_word' id='word_1_819' title='bbox 3159 4393 3471 4463; x_wconf 87' lang='lat' dir='ltr'><strong>magistrum</strong></span> <span class='ocrx_word' id='word_1_820' title='bbox 3516 4395 3650 4452; x_wconf 82' lang='lat' dir='ltr'><strong>dixit</strong></span> <span class='ocrx_word' id='word_1_821' title='bbox 3683 4417 3695 4452; x_wconf 89' lang='lat'>:</span> 
     </span>
    </p>
   </div>
   <div class='ocr_carea' id='block_1_104' title="bbox 2113 4469 3702 4548">
    <p class='ocr_par' dir='ltr' id='par_1_104' title="bbox 2113 4469 3702 4548">
     <span class='ocr_line' id='line_1_104' title="bbox 2113 4469 3702 4548; baseline 0.013 -25"><span class='ocrx_word' id='word_1_822' title='bbox 2113 4469 2319 4538; x_wconf 83' lang='lat' dir='ltr'><strong>Quoties</strong></span> <span class='ocrx_word' id='word_1_823' title='bbox 2347 4473 2568 4544; x_wconf 86' lang='lat' dir='ltr'><strong>peccabit</strong></span> <span class='ocrx_word' id='word_1_824' title='bbox 2603 4475 2656 4528; x_wconf 87' lang='lat' dir='ltr'><strong>in</strong></span> <span class='ocrx_word' id='word_1_825' title='bbox 2685 4493 2762 4530; x_wconf 88' lang='lat' dir='ltr'><strong>me</strong></span> <span class='ocrx_word' id='word_1_826' title='bbox 2807 4481 2965 4548; x_wconf 85' lang='lat' dir='ltr'><strong>frater</strong></span> <span class='ocrx_word' id='word_1_827' title='bbox 2993 4497 3132 4536; x_wconf 87' lang='lat' dir='ltr'><strong>meus</strong></span> <span class='ocrx_word' id='word_1_828' title='bbox 3151 4523 3166 4548; x_wconf 94' lang='lat'><strong>,</strong></span> <span class='ocrx_word' id='word_1_829' title='bbox 3217 4495 3264 4538; x_wconf 85' lang='lat' dir='ltr'><strong>et</strong></span> <span class='ocrx_word' id='word_1_830' title='bbox 3307 4486 3559 4542; x_wconf 87' lang='lat' dir='ltr'><strong>remittam</strong></span> <span class='ocrx_word' id='word_1_831' title='bbox 3583 4489 3658 4543; x_wconf 88' lang='lat' dir='ltr'><strong>illi</strong></span> <span class='ocrx_word' id='word_1_832' title='bbox 3676 4490 3702 4543; x_wconf 84' lang='lat'><strong>.’</strong></span> 
     </span>
    </p>
   </div>
   <div class='ocr_carea' id='block_1_105' title="bbox 2108 4564 3702 4649">
    <p class='ocr_par' dir='ltr' id='par_1_105' title="bbox 2108 4564 3702 4649">
     <span class='ocr_line' id='line_1_105' title="bbox 2108 4564 3702 4649; baseline 0.013 -33"><span class='ocrx_word' id='word_1_833' title='bbox 2108 4577 2268 4633; x_wconf 87' lang='lat' dir='ltr'><strong>usque</strong></span> <span class='ocrx_word' id='word_1_834' title='bbox 2313 4564 2495 4634; x_wconf 86' lang='lat' dir='ltr'><strong>septies</strong></span> <span class='ocrx_word' id='word_1_835' title='bbox 2539 4564 2717 4638; x_wconf 89' lang='lat' dir='ltr'><strong>(Ibid.</strong></span> <span class='ocrx_word' id='word_1_836' title='bbox 2769 4584 2817 4622; x_wconf 90' lang='lat' dir='ltr'><strong>v.</strong></span> <span class='ocrx_word' id='word_1_837' title='bbox 2871 4569 2934 4624; x_wconf 78' lang='lat' dir='ltr'><strong>2i</strong></span> <span class='ocrx_word' id='word_1_838' title='bbox 2961 4571 3023 4641; x_wconf 89' lang='lat'><strong>)?</strong></span> <span class='ocrx_word' id='word_1_839' title='bbox 3053 4572 3211 4628; x_wconf 89' lang='lat' dir='ltr'><strong>simul</strong></span> <span class='ocrx_word' id='word_1_840' title='bbox 3241 4584 3295 4629; x_wconf 89' lang='lat' dir='ltr'><strong>et</strong></span> <span class='ocrx_word' id='word_1_841' title='bbox 3323 4575 3618 4649; x_wconf 84' lang='lat' dir='ltr'><strong>interrogat</strong></span> <span class='ocrx_word' id='word_1_842' title='bbox 3646 4590 3702 4636; x_wconf 91' lang='lat' dir='ltr'><strong>ct</strong></span> 
     </span>
    </p>
   </div>
   <div class='ocr_carea' id='block_1_106' title="bbox 2111 4655 3702 4738">
    <p class='ocr_par' dir='ltr' id='par_1_106' title="bbox 2111 4655 3702 4738">
     <span class='ocr_line' id='line_1_106' title="bbox 2111 4655 3702 4738; baseline 0.011 -29"><span class='ocrx_word' id='word_1_843' title='bbox 2111 4655 2413 4726; x_wconf 89' lang='lat' dir='ltr'><strong>pollicetur,</strong></span> <span class='ocrx_word' id='word_1_844' title='bbox 2447 4666 2503 4715; x_wconf 91' lang='lat' dir='ltr'><strong>et</strong></span> <span class='ocrx_word' id='word_1_845' title='bbox 2533 4659 2837 4731; x_wconf 85' lang='lat' dir='ltr'><strong>priusquam</strong></span> <span class='ocrx_word' id='word_1_846' title='bbox 2867 4661 3074 4729; x_wconf 87' lang='lat' dir='ltr'><strong>discat,</strong></span> <span class='ocrx_word' id='word_1_847' title='bbox 3121 4682 3368 4738; x_wconf 88' lang='lat' dir='ltr'><strong>magnum</strong></span> <span class='ocrx_word' id='word_1_848' title='bbox 3411 4668 3511 4726; x_wconf 88' lang='lat' dir='ltr'><strong>hac</strong></span> <span class='ocrx_word' id='word_1_849' title='bbox 3543 4671 3597 4726; x_wconf 93' lang='lat' dir='ltr'><strong>in</strong></span> <span class='ocrx_word' id='word_1_850' title='bbox 3640 4688 3702 4727; x_wconf 81' lang='lat' dir='ltr'><strong>rs</strong></span> 
     </span>
    </p>
   </div>
   <div class='ocr_carea' id='block_1_107' title="bbox 2109 4749 3700 4834">
    <p class='ocr_par' dir='ltr' id='par_1_107' title="bbox 2109 4749 3700 4834">
     <span class='ocr_line' id='line_1_107' title="bbox 2109 4749 3700 4834; baseline 0.008 -28"><span class='ocrx_word' id='word_1_851' title='bbox 2109 4749 2342 4806; x_wconf 86' lang='lat' dir='ltr'><strong>studium</strong></span> <span class='ocrx_word' id='word_1_852' title='bbox 2384 4766 2493 4822; x_wconf 71' lang='lat' dir='ltr'><strong>pra:</strong></span> <span class='ocrx_word' id='word_1_853' title='bbox 2534 4767 2594 4808; x_wconf 85' lang='lat' dir='ltr'><strong>se</strong></span> <span class='ocrx_word' id='word_1_854' title='bbox 2649 4751 2771 4808; x_wconf 88' lang='lat' dir='ltr'><strong>fert.</strong></span> <span class='ocrx_word' id='word_1_855' title='bbox 2819 4753 2954 4810; x_wconf 90' lang='lat' dir='ltr'><strong>Cum</strong></span> <span class='ocrx_word' id='word_1_856' title='bbox 2993 4757 3134 4812; x_wconf 89' lang='lat' dir='ltr'><strong>enim</strong></span> <span class='ocrx_word' id='word_1_857' title='bbox 3179 4769 3413 4815; x_wconf 90' lang='lat' dir='ltr'><strong>mentem</strong></span> <span class='ocrx_word' id='word_1_858' title='bbox 3461 4763 3700 4834; x_wconf 89' lang='lat' dir='ltr'><strong>magistri</strong></span> 
     </span>
    </p>
   </div>
   <div class='ocr_carea' id='block_1_108' title="bbox 2111 4841 3698 4916">
    <p class='ocr_par' dir='ltr' id='par_1_108' title="bbox 2111 4841 3698 4916">
     <span class='ocr_line' id='line_1_108' title="bbox 2111 4841 3698 4916; baseline 0.009 -21"><span class='ocrx_word' id='word_1_859' title='bbox 2111 4841 2278 4913; x_wconf 88' lang='lat' dir='ltr'><strong>probe</strong></span> <span class='ocrx_word' id='word_1_860' title='bbox 2306 4843 2569 4913; x_wconf 86' lang='lat' dir='ltr'><strong>cognitam</strong></span> <span class='ocrx_word' id='word_1_861' title='bbox 2601 4843 2858 4912; x_wconf 88' lang='lat' dir='ltr'><strong>haberet,</strong></span> <span class='ocrx_word' id='word_1_862' title='bbox 2899 4862 3057 4916; x_wconf 90' lang='lat' dir='ltr'><strong>quam</strong></span> <span class='ocrx_word' id='word_1_863' title='bbox 3086 4848 3176 4903; x_wconf 89' lang='lat' dir='ltr'><strong>illa</strong></span> <span class='ocrx_word' id='word_1_864' title='bbox 3210 4849 3277 4904; x_wconf 89' lang='lat' dir='ltr'><strong>ad</strong></span> <span class='ocrx_word' id='word_1_865' title='bbox 3316 4850 3698 4910; x_wconf 85' lang='lat' dir='ltr'><strong>humanitatem</strong></span> 
     </span>
    </p>
   </div>
   <div class='ocr_carea' id='block_1_109' title="bbox 2110 4936 3701 5016">
    <p class='ocr_par' dir='ltr' id='par_1_109' title="bbox 2110 4936 3701 5016">
     <span class='ocr_line' id='line_1_109' title="bbox 2110 4936 3701 5016; baseline 0.009 -28"><span class='ocrx_word' id='word_1_866' title='bbox 2110 4947 2278 5003; x_wconf 91' lang='lat' dir='ltr'><strong>prona</strong></span> <span class='ocrx_word' id='word_1_867' title='bbox 2311 4942 2494 5000; x_wconf 85' lang='lat' dir='ltr'><strong>esset,</strong></span> <span class='ocrx_word' id='word_1_868' title='bbox 2522 4943 2578 4990; x_wconf 90' lang='lat' dir='ltr'><strong>et</strong></span> <span class='ocrx_word' id='word_1_869' title='bbox 2605 4936 2749 5006; x_wconf 90' lang='lat' dir='ltr'><strong>quod</strong></span> <span class='ocrx_word' id='word_1_870' title='bbox 2776 4936 2864 4992; x_wconf 90' lang='lat' dir='ltr'><strong>ille</strong></span> <span class='ocrx_word' id='word_1_871' title='bbox 2891 4939 3157 5008; x_wconf 69' lang='lat' dir='ltr'><strong>praecipue</strong></span> <span class='ocrx_word' id='word_1_872' title='bbox 3185 4943 3408 5011; x_wconf 84' lang='lat' dir='ltr'><strong>gratiam</strong></span> <span class='ocrx_word' id='word_1_873' title='bbox 3434 4957 3555 5000; x_wconf 90' lang='lat' dir='ltr'><strong>cum</strong></span> <span class='ocrx_word' id='word_1_874' title='bbox 3586 4945 3701 5016; x_wconf 90' lang='lat' dir='ltr'><strong>ipso</strong></span> 
     </span>
    </p>
   </div>
   <div class='ocr_carea' id='block_1_110' title="bbox 2109 5025 3697 5106">
    <p class='ocr_par' dir='ltr' id='par_1_110' title="bbox 2109 5025 3697 5106">
     <span class='ocr_line' id='line_1_110' title="bbox 2109 5025 3697 5106; baseline 0.009 -25"><span class='ocrx_word' id='word_1_875' title='bbox 2109 5025 2286 5094; x_wconf 89' lang='lat' dir='ltr'><strong>iniret,</strong></span> <span class='ocrx_word' id='word_1_876' title='bbox 2331 5029 2420 5099; x_wconf 92' lang='lat' dir='ltr'><strong>qui</strong></span> <span class='ocrx_word' id='word_1_877' title='bbox 2464 5027 2517 5083; x_wconf 90' lang='lat' dir='ltr'><strong>in</strong></span> <span class='ocrx_word' id='word_1_878' title='bbox 2555 5029 2921 5086; x_wconf 73' lang='lat' dir='ltr'><strong>condonandis</strong></span> <span class='ocrx_word' id='word_1_879' title='bbox 2959 5031 3176 5088; x_wconf 85' lang='lat' dir='ltr'><strong>otl&#39;ensis</strong></span> <span class='ocrx_word' id='word_1_880' title='bbox 3213 5037 3507 5106; x_wconf 88' lang='lat' dir='ltr'><strong>promptior</strong></span> <span class='ocrx_word' id='word_1_881' title='bbox 3533 5047 3697 5106; x_wconf 86' lang='lat' dir='ltr'><strong>esset,</strong></span> 
     </span>
    </p>
   </div>
   <div class='ocr_carea' id='block_1_111' title="bbox 2109 5119 3701 5189">
    <p class='ocr_par' dir='ltr' id='par_1_111' title="bbox 2109 5119 3701 5189">
     <span class='ocr_line' id='line_1_111' title="bbox 2109 5119 3701 5189; baseline 0.006 -13"><span class='ocrx_word' id='word_1_882' title='bbox 2109 5134 2283 5189; x_wconf 92' lang='lat' dir='ltr'><strong>neque</strong></span> <span class='ocrx_word' id='word_1_883' title='bbox 2321 5120 2373 5174; x_wconf 92' lang='lat' dir='ltr'><strong>in</strong></span> <span class='ocrx_word' id='word_1_884' title='bbox 2405 5119 2697 5176; x_wconf 89' lang='lat' dir='ltr'><strong>istiusmodi</strong></span> <span class='ocrx_word' id='word_1_885' title='bbox 2735 5122 2896 5177; x_wconf 89' lang='lat' dir='ltr'><strong>rebus</strong></span> <span class='ocrx_word' id='word_1_886' title='bbox 2937 5125 3190 5181; x_wconf 89' lang='lat' dir='ltr'><strong>acerbum</strong></span> <span class='ocrx_word' id='word_1_887' title='bbox 3232 5141 3291 5182; x_wconf 90' lang='lat' dir='ltr'><strong>se</strong></span> <span class='ocrx_word' id='word_1_888' title='bbox 3311 5136 3366 5184; x_wconf 90' lang='lat' dir='ltr'><strong>et</strong></span> <span class='ocrx_word' id='word_1_889' title='bbox 3393 5143 3570 5185; x_wconf 89' lang='lat' dir='ltr'><strong>acrem</strong></span> <span class='ocrx_word' id='word_1_890' title='bbox 3601 5146 3701 5185; x_wconf 78' lang='lat' dir='ltr'><strong>ex-</strong></span> 
     </span>
    </p>
   </div>
   <div class='ocr_carea' id='block_1_112' title="bbox 2112 5212 3698 5292">
    <p class='ocr_par' dir='ltr' id='par_1_112' title="bbox 2112 5212 3698 5292">
     <span class='ocr_line' id='line_1_112' title="bbox 2112 5212 3698 5292; baseline 0.006 -24"><span class='ocrx_word' id='word_1_891' title='bbox 2112 5212 2352 5280; x_wconf 85' lang='lat' dir='ltr'><strong>hiberet,</strong></span> <span class='ocrx_word' id='word_1_892' title='bbox 2381 5213 2568 5269; x_wconf 88' lang='lat' dir='ltr'><strong>volens</strong></span> <span class='ocrx_word' id='word_1_893' title='bbox 2589 5215 2804 5285; x_wconf 89' lang='lat' dir='ltr'><strong>placere</strong></span> <span class='ocrx_word' id='word_1_894' title='bbox 2825 5216 3114 5287; x_wconf 88' lang='lat' dir='ltr'><strong>legislatori</strong></span> <span class='ocrx_word' id='word_1_895' title='bbox 3143 5219 3487 5292; x_wconf 78' lang='lat' dir='ltr'><strong>interrogavit</strong></span> <span class='ocrx_word' id='word_1_896' title='bbox 3513 5262 3527 5290; x_wconf 80' lang='lat'><strong>,</strong></span> <span class='ocrx_word' id='word_1_897' title='bbox 3570 5238 3698 5278; x_wconf 89' lang='lat' dir='ltr'><strong>num</strong></span> 
     </span>
    </p>
   </div>
   <div class='ocr_carea' id='block_1_113' title="bbox 2110 5307 3701 5378">
    <p class='ocr_par' dir='ltr' id='par_1_113' title="bbox 2110 5307 3701 5378">
     <span class='ocr_line' id='line_1_113' title="bbox 2110 5307 3701 5378; baseline 0.006 -17"><span class='ocrx_word' id='word_1_898' title='bbox 2110 5321 2279 5378; x_wconf 90' lang='lat' dir='ltr'><strong>usque</strong></span> <span class='ocrx_word' id='word_1_899' title='bbox 2305 5307 2501 5377; x_wconf 89' lang='lat' dir='ltr'><strong>septies</strong></span> <span class='ocrx_word' id='word_1_900' title='bbox 2535 5308 2684 5363; x_wconf 90' lang='lat' dir='ltr'><strong>venia</strong></span> <span class='ocrx_word' id='word_1_901' title='bbox 2715 5308 2955 5364; x_wconf 89' lang='lat' dir='ltr'><strong>iteranda</strong></span> <span class='ocrx_word' id='word_1_902' title='bbox 2980 5319 3140 5367; x_wconf 85' lang='lat' dir='ltr'><strong>esset.</strong></span> <span class='ocrx_word' id='word_1_903' title='bbox 3185 5311 3386 5368; x_wconf 90' lang='lat' dir='ltr'><strong>Deinde</strong></span> <span class='ocrx_word' id='word_1_904' title='bbox 3423 5323 3482 5368; x_wconf 92' lang='lat' dir='ltr'><strong>ut</strong></span> <span class='ocrx_word' id='word_1_905' title='bbox 3524 5312 3701 5371; x_wconf 88' lang='lat' dir='ltr'><strong>discas</strong></span> 
     </span>
    </p>
   </div>
   <div class='ocr_carea' id='block_1_114' title="bbox 2110 5399 3702 5476">
    <p class='ocr_par' dir='ltr' id='par_1_114' title="bbox 2110 5399 3702 5476">
     <span class='ocr_line' id='line_1_114' title="bbox 2110 5399 3702 5476; baseline 0.006 -22"><span class='ocrx_word' id='word_1_906' title='bbox 2110 5400 2283 5470; x_wconf 91' lang='lat' dir='ltr'><strong>qualis</strong></span> <span class='ocrx_word' id='word_1_907' title='bbox 2309 5399 2470 5455; x_wconf 92' lang='lat' dir='ltr'><strong>homo</strong></span> <span class='ocrx_word' id='word_1_908' title='bbox 2489 5441 2505 5467; x_wconf 89' lang='lat'><strong>,</strong></span> <span class='ocrx_word' id='word_1_909' title='bbox 2531 5401 2703 5471; x_wconf 88' lang='lat' dir='ltr'><strong>qualis</strong></span> <span class='ocrx_word' id='word_1_910' title='bbox 2732 5417 2861 5458; x_wconf 90' lang='lat' dir='ltr'><strong>vero</strong></span> <span class='ocrx_word' id='word_1_911' title='bbox 2889 5402 3027 5456; x_wconf 89' lang='lat' dir='ltr'><strong>Deus</strong></span> <span class='ocrx_word' id='word_1_912' title='bbox 3052 5404 3141 5466; x_wconf 86' lang='lat' dir='ltr'><strong>sit,</strong></span> <span class='ocrx_word' id='word_1_913' title='bbox 3175 5405 3450 5475; x_wconf 88' lang='lat' dir='ltr'><strong>qualisque</strong></span> <span class='ocrx_word' id='word_1_914' title='bbox 3480 5405 3596 5476; x_wconf 87' lang='lat' dir='ltr'><strong>ejus</strong></span> <span class='ocrx_word' id='word_1_915' title='bbox 3621 5409 3702 5462; x_wconf 88' lang='lat' dir='ltr'><strong>in-</strong></span> 
     </span>
    </p>
   </div>
   <div class='ocr_carea' id='block_1_115' title="bbox 2111 5491 3698 5564">
    <p class='ocr_par' dir='ltr' id='par_1_115' title="bbox 2111 5491 3698 5564">
     <span class='ocr_line' id='line_1_115' title="bbox 2111 5491 3698 5564; baseline 0.006 -18"><span class='ocrx_word' id='word_1_916' title='bbox 2111 5491 2403 5562; x_wconf 86' lang='lat' dir='ltr'><strong>dulgentia,</strong></span> <span class='ocrx_word' id='word_1_917' title='bbox 2436 5501 2491 5548; x_wconf 87' lang='lat' dir='ltr'><strong>et</strong></span> <span class='ocrx_word' id='word_1_918' title='bbox 2509 5492 2777 5563; x_wconf 89' lang='lat' dir='ltr'><strong>quomodo</strong></span> <span class='ocrx_word' id='word_1_919' title='bbox 2802 5491 3030 5548; x_wconf 89' lang='lat' dir='ltr'><strong>humana</strong></span> <span class='ocrx_word' id='word_1_920' title='bbox 3059 5493 3374 5564; x_wconf 84' lang='lat' dir='ltr'><strong>benignitas,</strong></span> <span class='ocrx_word' id='word_1_921' title='bbox 3393 5496 3437 5551; x_wconf 90' lang='lat' dir='ltr'><strong>si</strong></span> <span class='ocrx_word' id='word_1_922' title='bbox 3466 5497 3533 5552; x_wconf 90' lang='lat' dir='ltr'><strong>ad</strong></span> <span class='ocrx_word' id='word_1_923' title='bbox 3556 5499 3698 5555; x_wconf 90' lang='lat' dir='ltr'><strong>illius</strong></span> 
     </span>
    </p>
   </div>
   <div class='ocr_carea' id='block_1_116' title="bbox 2110 5584 3695 5662">
    <p class='ocr_par' dir='ltr' id='par_1_116' title="bbox 2110 5584 3695 5662">
     <span class='ocr_line' id='line_1_116' title="bbox 2110 5584 3695 5662; baseline 0.006 -24"><span class='ocrx_word' id='word_1_924' title='bbox 2110 5584 2368 5655; x_wconf 84' lang='lat' dir='ltr'><strong>largitatis</strong></span> <span class='ocrx_word' id='word_1_925' title='bbox 2393 5585 2716 5655; x_wconf 89' lang='lat' dir='ltr'><strong>opulentiam</strong></span> <span class='ocrx_word' id='word_1_926' title='bbox 2759 5585 2946 5641; x_wconf 90' lang='lat' dir='ltr'><strong>collata</strong></span> <span class='ocrx_word' id='word_1_927' title='bbox 2981 5587 3092 5652; x_wconf 88' lang='lat' dir='ltr'><strong>sit,</strong></span> <span class='ocrx_word' id='word_1_928' title='bbox 3142 5589 3327 5658; x_wconf 89' lang='lat' dir='ltr'><strong>quavis</strong></span> <span class='ocrx_word' id='word_1_929' title='bbox 3379 5600 3695 5662; x_wconf 84' lang='lat' dir='ltr'><strong>paupertate</strong></span> 
     </span>
    </p>
   </div>
   <div class='ocr_carea' id='block_1_117' title="bbox 2109 5675 3699 5746">
    <p class='ocr_par' dir='ltr' id='par_1_117' title="bbox 2109 5675 3699 5746">
     <span class='ocr_line' id='line_1_117' title="bbox 2109 5675 3699 5746; baseline 0.004 -15"><span class='ocrx_word' id='word_1_930' title='bbox 2109 5677 2465 5745; x_wconf 90' lang='lat' dir='ltr'><strong>contemptior</strong></span> <span class='ocrx_word' id='word_1_931' title='bbox 2489 5675 2802 5745; x_wconf 90' lang='lat' dir='ltr'><strong>reperiatur,</strong></span> <span class='ocrx_word' id='word_1_932' title='bbox 2835 5685 2889 5732; x_wconf 92' lang='lat' dir='ltr'><strong>et</strong></span> <span class='ocrx_word' id='word_1_933' title='bbox 2913 5677 3161 5746; x_wconf 83' lang='lat' dir='ltr'><strong>quantula</strong></span> <span class='ocrx_word' id='word_1_934' title='bbox 3185 5679 3328 5736; x_wconf 88' lang='lat' dir='ltr'><strong>stilla</strong></span> <span class='ocrx_word' id='word_1_935' title='bbox 3369 5680 3439 5736; x_wconf 92' lang='lat' dir='ltr'><strong>sit</strong></span> <span class='ocrx_word' id='word_1_936' title='bbox 3457 5682 3525 5736; x_wconf 90' lang='lat' dir='ltr'><strong>ad</strong></span> <span class='ocrx_word' id='word_1_937' title='bbox 3550 5697 3699 5738; x_wconf 83' lang='lat' dir='ltr'><strong>mare</strong></span> 
     </span>
    </p>
   </div>
   <div class='ocr_carea' id='block_1_118' title="bbox 2113 5767 3696 5848">
    <p class='ocr_par' dir='ltr' id='par_1_118' title="bbox 2113 5767 3696 5848">
     <span class='ocr_line' id='line_1_118' title="bbox 2113 5767 3696 5848; baseline 0.004 -27"><span class='ocrx_word' id='word_1_938' title='bbox 2113 5767 2453 5836; x_wconf 87' lang='lat' dir='ltr'><strong>immensum,</strong></span> <span class='ocrx_word' id='word_1_939' title='bbox 2483 5775 2682 5822; x_wconf 89' lang='lat' dir='ltr'><strong>tantam</strong></span> <span class='ocrx_word' id='word_1_940' title='bbox 2713 5776 2948 5825; x_wconf 89' lang='lat' dir='ltr'><strong>nostram</strong></span> <span class='ocrx_word' id='word_1_941' title='bbox 2978 5768 3266 5826; x_wconf 88' lang='lat' dir='ltr'><strong>bonitatem</strong></span> <span class='ocrx_word' id='word_1_942' title='bbox 3293 5770 3362 5848; x_wconf 84' lang='lat' dir='ltr'><strong>ad</strong></span> <span class='ocrx_word' id='word_1_943' title='bbox 3385 5771 3529 5828; x_wconf 89' lang='lat' dir='ltr'><strong>illius</strong></span> <span class='ocrx_word' id='word_1_944' title='bbox 3555 5770 3696 5828; x_wconf 82' lang='lat' dir='ltr'><strong>inef-</strong></span> 
     </span>
    </p>
   </div>
   <div class='ocr_carea' id='block_1_119' title="bbox 2112 5858 3695 5923">
    <p class='ocr_par' dir='ltr' id='par_1_119' title="bbox 2112 5858 3695 5923">
     <span class='ocr_line' id='line_1_119' title="bbox 2112 5858 3695 5923; baseline 0.004 -9"><span class='ocrx_word' id='word_1_945' title='bbox 2112 5858 2324 5918; x_wconf 86' lang='lat' dir='ltr'><strong>fabilem</strong></span> <span class='ocrx_word' id='word_1_946' title='bbox 2371 5858 2752 5917; x_wconf 86' lang='lat' dir='ltr'><strong>humanitatem</strong></span> <span class='ocrx_word' id='word_1_947' title='bbox 2804 5861 3168 5923; x_wconf 80' lang='lat' dir='ltr'><strong>aestimandam</strong></span> <span class='ocrx_word' id='word_1_948' title='bbox 3217 5879 3232 5921; x_wconf 74' lang='grc' dir='ltr'>ε</span> <span class='ocrx_word' id='word_1_949' title='bbox 3282 5861 3480 5922; x_wconf 82' lang='lat' dir='ltr'><strong>dicenti</strong></span> <span class='ocrx_word' id='word_1_950' title='bbox 3532 5860 3695 5922; x_wconf 83' lang='lat' dir='ltr'><strong>Petro</strong></span> 
     </span>
    </p>
   </div>
  </div>
