4066 6274
444 409 530 466 ἠ
1223 405 1312 462 DE
1349 406 1576 464 DECEM
1619 407 1906 464 MILLIUM
1945 407 2248 466 TALEN'I’I
2284 409 2632 466 DEBITORE
2675 409 2978 466 llOSﬂLIA.

457 524 605 584 σθαι,
637 522 758 577 οὐδέ
785 521 909 584 τούς
942 519 1154 585 οἰκέτας
1181 523 1344 576 αὐτοῦ
1373 523 1464 576 ἐπὶ
1509 522 1714 588 τούτοις
1747 523 2020 594 διορθοῦν;

458 609 573 662 Οὐκ
611 607 675 662 ἀν
705 623 788 670 τις
833 605 1065 677 ἀμάρτοι
1097 605 1192 677 τὴν
1245 608 1497 679 τοιαύτην
1533 609 1708 663 οἰκίαν
1739 607 2033 679 ἐκκλησίαν

458 689 595 744 Θεοῦ
652 690 985 760 προσειπών.
1028 691 1200 744 Ὅπου
1244 691 1349 761 γὰρ
1402 694 1720 762 σωφροσύνη
1774 691 2030 764 τοσαύτη,

456 772 532 836 ὡς
560 773 617 824 ἐν
637 771 814 842 καιρῷ
833 772 1044 843 τρυφῆς
1069 775 1337 844 μεριμνᾷν
1358 773 1496 844 ὑπὲρ
1522 774 1629 827 τῶν
1654 775 1810 828 θείων
1831 775 2030 845 νόμων,

458 854 551 907 καὶ
577 855 700 917 τοὺς
737 854 1004 925 παρόντας
1033 855 1276 917 ἅπαντας
1309 857 1448 926 ὑπὲρ
1469 855 1659 908 τούτου
1689 856 1823 925 πρὸς
1866 856 2031 926 ἀλλή-

455 935 578 1000 λους
610 936 970 1006 ἀγωνίζεσθαι
1001 940 1092 991 καὶ
1123 938 1475 1008 φιλονεικεῖν,
1517 937 1737 1008 εὔδηλον
1761 979 1775 1002 ,
1809 940 1890 992 ὅτι
1920 939 2035 992 δαί-

459 1036 575 1089 μων
604 1020 702 1090 μὲν
731 1021 875 1084 ἅπας
902 1023 995 1074 καὶ⁵
1028 1022 1237 1092 πονηρὰ
1265 1021 1492 1090 δύναμις
1527 1021 1878 1092 ἀπελήλαται,
1908 1025 1951 1076 Χ
1962 1041 2035 1096 ρι-

459 1100 582 1163 στὸς
607 1101 663 1154 δὲ
693 1103 919 1173 πάρεστι
944 1102 1148 1174 χαίρων
1183 1104 1275 1156 ἐπὶ
1305 1106 1368 1173 τῇ
1393 1104 1526 1174 καλῇ
1556 1103 1662 1156 τῶν
1707 1105 1906 1159 δούλων
1942 1125 2032 1176 φι-

457 1182 695 1255 λονεικία
724 1225 740 1249 ,
776 1187 956 1239 πᾶσαν
1002 1186 1183 1250 αὐτοῖς
1218 1186 1726 1258 ἐπιδαψιλευόμενος
1759 1189 2029 1258 εὐλογίαν.

455 1266 554 1320 Διά
579 1267 643 1337 δὴ
669 1267 840 1320 ταῦτα
869 1268 1070 1340 ταύτην
1092 1269 1248 1338 ἀφεὶς
1279 1270 1461 1323 λοιπὸν
1509 1269 1606 1341 τὴν
1635 1271 1851 1342 ἐντολὴν
1880 1269 2033 1343 (οἶδα

455 1347 564 1420 γὰρ
596 1349 677 1403 ὅτι
711 1349 844 1403 Θεοῦ
899 1351 1079 1422 χάριτι
1117 1353 1294 1405 πᾶσαν
1326 1352 1709 1423 ἐπιδραμεῖται
1745 1355 1842 1424 τὴν
1881 1356 2033 1408 πόλιν

456 1431 584 1502 ὑμῖν
611 1431 790 1504 θερμά
812 1435 1076 1505 προοίμια
1099 1434 1425 1487 ἀναλαϐοῦσι
1449 1437 1540 1488 καὶ
1563 1435 1737 1508 ἀρχὴν
1762 1439 2031 1509 ἰσχυρὰν),

457 1517 542 1584 ἐφ’
573 1515 764 1586 ἑτέραν
795 1517 1195 1588 μεταϐήσομαι·
1229 1517 1328 1587 τὴν
1357 1518 1456 1588 τῆς
1497 1518 1665 1590 ὀργῆς
1711 1519 2030 1591 ὑπεροψίαν.

457 1597 670 1670 Ὠσπερ
720 1597 830 1670 γάρ
861 1600 953 1652 ἐπὶ
992 1600 1090 1670 τῆς
1119 1600 1350 1672 κιθάρας
1380 1603 1480 1656 οὐκ
1527 1604 1688 1674 ἀρκεῖ
1729 1604 1889 1674 μόνον
1925 1605 2034 1658 ἀπὸ

460 1681 590 1751 μιᾶς
621 1683 819 1753 νευρᾶς
844 1682 944 1753 τὴν
978 1683 1243 1755 μελῳδίαν
1277 1684 1610 1755 ἐργάσασθαι
1637 1727 1650 1751 ,
1687 1688 1822 1741 ἀλλὰ
1856 1688 2034 1753 πάσας

458 1762 673 1817 ἐπιέναι
701 1764 783 1817 δεῖ
817 1764 954 1835 μετὰ
981 1765 1185 1836 ῥυθμοῦ
1224 1767 1316 1820 τοῦ
1348 1770 1714 1840 προσήκοντος
1734 1788 1747 1802 ·
1772 1769 1914 1825 οὕτω
1943 1774 2035 1825 καὶ

459 1844 554 1897 ἐπὶ
581 1844 682 1916 τῆς
720 1847 860 1925 κατὰ
888 1847 1064 1921 ψυχὴν
1085 1850 1285 1921 ἀρετῆς
1311 1851 1409 1904 οὐκ
1438 1853 1596 1924 ἀρκεῖ
1625 1854 1782 1923 μόνος
1802 1855 1932 1925 ημῖν
1956 1857 2035 1918 εἰς

463 1928 735 2000 σωτηρίαν
758 1924 839 1994 εἷς
866 1930 1028 2001 νόμος
1051 1971 1065 1996 ,
1090 1933 1340 2004 καθάπερ
1365 1934 1532 2006 ἔφθην
1565 1935 1754 2003 εἰπὼν,
1787 1937 1920 1991 ἀλλά
1960 1937 2038 1990 δεῖ

462 2008 672 2092 πάντας
693 2011 890 2076 αὐτοὺς
915 2014 1054 2083 μετά
1088 2015 1372 2087 ἀκριϐείας
1399 2018 1702 2086 φυλάττειν,
1738 2022 1785 2072 εί
1809 2019 1873 2092 δὴ
1904 2020 2035 2091 μέλ-

459 2089 646 2162 λοιμεν
666 2093 764 2163 τὴν
800 2095 1018 2166 ἀπάσης
1045 2098 1307 2169 ἁρμονίας
1340 2099 1470 2170 ἡδίω
1490 2102 1582 2154 καὶ
1615 2089 2038 2175 χρησιμωτέραν

461 2175 729 2258 μελῳδίαν
790 2178 1138 2248 ἐργάζεσθαι.
1198 2181 1407 2253 Ἔμαθέ
1469 2200 1562 2235 σου
1612 2184 1674 2237 τὸ
1733 2185 1906 2256 στόμα
1960 2186 2034 2258 μὴ

457 2256 690 2328 ὀμνύναι
711 2276 725 2325 ;
754 2261 1047 2333 ἐπαιδεύθη
1076 2265 1108 2335 ή
1137 2263 1354 2333 γλῶττα
1373 2266 1478 2320 Ναὶ
1501 2268 1593 2321 καὶ
1616 2266 1689 2321 Οὐ
1713 2261 1890 2337 λέγειν
1908 2256 2039 2324 πανὲ

455 2339 623 2412 ταχοῦ
641 2359 655 2408 ;
677 2343 913 2398 Μαθέτω
933 2345 1026 2398 καὶ
1047 2346 1312 2419 λοιδορίαν
1337 2351 1772 2422 ἀποστρέφεσθαι
1795 2352 2032 2418 ἃπασαν,

459 2425 554 2479 καὶ
598 2425 818 2480 πλείονα
870 2430 997 2500 περὶ
1041 2431 1139 2502 τὴν
1176 2443 1200 2471 α
1235 2433 1452 2503 ἐντολὴν
1502 2434 1708 2506 ταύτην
1761 2437 2035 2509 εἰσφέρειν

461 2510 717 2582 σπουδὴν,
749 2513 936 2584 ἐπειδὴ
964 2515 1058 2568 καὶ
1087 2515 1328 2580 πλείονος
1365 2519 1494 2588 ἡμῖν
1514 2518 1682 2574 δεῖται
1721 2523 1813 2575 καὶ
1849 2523 2033 2576 πόνου.

471 2596 619 2651 Ἐκεῖ
652 2597 748 2668 μὲν
790 2597 899 2667 γάρ
946 2599 1232 2670 συνηθείας
1267 2602 1645 2672 περιγενέσθαι
1697 2606 1857 2674 μόνον
1908 2605 2034 2670 ἔδει,

458 2681 550 2734 ἐπὶ
578 2679 636 2734 δὲ
676 2680 775 2751 τῆς
805 2681 975 2753 ὀργῆς
1005 2683 1367 2754 εὐτονωτέρας
1403 2685 1484 2738 δεῖ
1514 2687 1610 2756 τῆς
1652 2687 1886 2757 σπουδῆς
1906 2704 1919 2717 ·
1945 2707 2038 2740 τυ-

463 2762 713 2831 ραννικὸν
765 2763 874 2835 γάρ
916 2764 974 2819 τὸ
1033 2765 1239 2830 πάθος,
1293 2767 1386 2820 καὶ
1430 2767 1690 2833 πολλάκις
1732 2770 2036 2842 παρασύρει

461 2847 588 2908 τοὺς
611 2846 882 2916 νήφοντας
901 2848 954 2911 δ,
980 2849 1072 2901 καὶ
1103 2849 1236 2919 πρὸς
1262 2849 1322 2901 τὺ
1352 2849 1622 2921 βάραθρον
1651 2853 1780 2904 αὐτὸ
1809 2853 2040 2921 κατάγει

461 2927 564 2997 τῆς
610 2927 904 2992 ἀπωλείας.
956 2921 1276 3000 ’Δνὰσχεσθε
1308 2932 1486 2984 τοίνυν
1526 2932 1619 2985 τοῦ
1677 2936 1884 3004 μήκους
1929 2937 2039 2990 τῶν

461 3009 655 3079 λόγων.
691 3009 796 3064 Καὶ
837 3012 945 3081 γὰρ
973 3012 1171 3066 ἄτοπον
1200 3013 1320 3068 καθ’
1360 3013 1599 3086 ἑκάστην
1630 3017 1842 3088 ἡμέραν
1874 3023 2040 3088 τραυὲ

463 3095 856 3167 ματιζομένους
894 3095 950 3147 ἐν
1005 3097 1268 3167 ἀγοραῖς,
1304 3098 1362 3150 ἐν
1413 3099 1646 3166 οἰκίαις,
1705 3101 1808 3154 ὑπὸ
1848 3101 2036 3170 φίλων,

461 3178 568 3232 ὑπὸ
593 3177 888 3248 συγγενῶν,
920 3180 1025 3234 ὐπὸ
1049 3181 1278 3252 ἐχθρῶν,
1315 3183 1422 3237 ὑπὸ
1453 3185 1729 3253 γειτόνων,
1758 3187 1862 3242 ὑπὸ
1895 3190 2038 3243 οἰκε-

459 3266 568 3342 τῶν
592 3304 607 3328 ,
649 3266 754 3319 ὐπὸ
778 3264 1034 3335 γυναικὸς
1055 3307 1070 3330 ,
1093 3265 1197 3318 ὑπὸ
1231 3266 1438 3320 παιδίου
1462 3310 1476 3333 ,
1506 3268 1610 3323 ὑπὸ
1642 3271 1858 3324 οἰκείων
1895 3273 2042 3342 λογι-

462 3339 648 3418 σμῶν,
691 3349 828 3420 μηδὲ
881 3347 1029 3414 ἅπαξ
1076 3348 1175 3419 τῆς
1215 3350 1504 3421 ἑϐδομάδος
1537 3353 1754 3426 ἀπάσης
1777 3356 1915 3428 ὑπὲρ
1939 3339 2042 3428 τῆς

461 3431 754 3504 θεραπείας
785 3431 894 3485 τῶν
940 3433 1270 3504 τραυμάτων
1310 3435 1532 3489 ἐκείνων
1567 3439 1906 3509 φροντίζειν,
1950 3443 2041 3495 καὶ

461 3513 634 3568 ταῦτα
666 3515 873 3576 εἰδότας
917 3515 992 3579 ὡς
1019 3516 1289 3580 ἀδάπανός
1336 3535 1396 3571 τε
1449 3519 1545 3572 καὶ⁸
1597 3520 1862 3583 ἀνώδυνος
1888 3517 2042 3586 οὗτος

460 3599 560 3669 τῆς
592 3597 886 3670 θεραπείας
908 3599 937 3651 ὁ
969 3599 1184 3678 τρόπος.
1222 3599 1354 3653 Οὐδὲ
1387 3601 1496 3671 γὰρ
1533 3602 1594 3654 τὸ
1620 3603 1856 3674 σιδήριον
1885 3607 1943 3658 ὲν
1973 3608 2038 3678 τῇ

461 3680 608 3750 χειρὶ
637 3680 852 3750 κατέχω
878 3679 996 3743 νῦν,
1031 3674 1172 3734 ’ἀλλά
1195 3680 1350 3750 λόγον
1377 3683 1496 3736 ἀντὶ
1520 3684 1757 3757 σιδηρίου
1790 3674 2042 3758 μεταχειξ

467 3762 684 3834 ρίζομαι
708 3801 722 3826 ,
759 3762 1001 3832 σιδηρίου
1054 3763 1152 3832 μὲν
1181 3765 1380 3828 παντὸς
1413 3765 1540 3819 ὄντα
1566 3767 1910 3838 τομώτερον,
1950 3772 2042 3824 καὶ

466 3847 648 3899 πᾶσαν
680 3844 779 3914 τῆς
826 3845 1101 3914 ἁμαρτίας
1129 3845 1462 3900 ἐκκύπτοντα
1505 3847 1602 3917 τὴν
1633 3850 1900 3918 σηπεδόνα
1923 3891 1938 3914 ,
1979 3852 2040 3904 οὐ

465 3926 771 3997 παρέχοντα
792 3926 849 3978 δὲ
867 3925 1057 3994 ὀδύνην
1087 3925 1164 3996 τῷ
1189 3928 1523 3999 τεμνομένῳ.
1558 3927 1675 3984 Οὐκ
1711 3931 1818 4001 ἔχω
1843 3932 1952 4002 πῦρ
1985 3936 2042 3986 ἐν

464 4012 531 4080 τῇ
570 4008 718 4080 δεξιᾷ
739 4050 754 4075 ,
785 4008 899 4061 ἀλλ’
941 4007 1049 4078 ἔχω
1076 4008 1426 4063 διδασκαλίαν
1455 4012 1626 4080 πυρὸς
1654 4014 2039 4086 σφοδροτέραν,

465 4092 526 4145 οὐ
551 4092 798 4162 καυτῆρα
821 4090 1163 4158 ἐπάγουσαν,
1197 4091 1311 4144 ἀλλ’
1342 4094 1770 4150 ἀναστέλλουσαν
1817 4097 1917 4166 μὲν
1945 4098 2040 4169 τὴν

465 4176 637 4249 νομὴν
661 4177 761 4245 τῆς
806 4174 1034 4240 κακίας,
1065 4177 1185 4230 ἀντὶ
1216 4175 1272 4228 δέ
1301 4174 1378 4248 [4]
1415 4176 1704 4248 ἀλγηδόνος
1740 4179 1940 4252 πολλὴν
1964 4182 2040 4253 τῷ

463 4259 562 4331 τῆς
621 4259 817 4322 κακίας
869 4258 1326 4331 ἀπαλλαττομένῳ
1374 4260 1720 4331 παρέχουσαν
1764 4261 1862 4334 τὴν
1918 4264 2038 4334 ἡδο-

462 4359 582 4399 νην.

496 4344 611 4478 ἡδὺ
640 4425 798 4496 χρεία
845 4423 1052 4495 χρόνων
1099 4423 1366 4490 ἐνταῦθα,
1411 4423 1471 4479 οὐ
1507 4427 1665 4498 χρεία
1717 4428 1930 4496 πόνων,
1977 4431 2036 4486 οὐ

463 4506 621 4580 χρεία
644 4508 944 4578 χρημάτων
969 4523 981 4536 '
1013 4509 1175 4578 ἀρκεῖ
1222 4507 1441 4580 θελῆσαι
1477 4511 1636 4579 μόνον
1660 4553 1675 4577 ,
1710 4513 1804 4564 καὶ
1862 4516 2040 4569 πάντα

463 4589 534 4644 τὰ
566 4592 663 4660 τῆς
696 4591 896 4660 ἀρετῆς
939 4592 1071 4662 ἡμῖν
1109 4589 1498 4662 κατώρθωται’
1549 4593 1654 4647 κᾶν
1698 4596 2040 4667 ἐννοήσωμεν

464 4672 528 4726 τὸ
552 4673 769 4744 ἀξίωμα
805 4674 900 4727 τοῦ
925 4672 1237 4737 κελεύοντος
1281 4673 1417 4727 Θεοῦ
1468 4675 1561 4728 καὶ
1603 4677 2038 4748 νομοθετοῦντος,

468 4756 658 4827 ἱκανὴν
687 4756 969 4827 ληψόμεθα
1001 4755 1345 4811 διδασκαλίαν
1391 4759 1484 4812 καὶ
1533 4760 1853 4830 παραίνεσιν
1877 4779 1892 4794 ο
1919 4763 2040 4816 οὐδὲ

465 4839 576 4910 γάρ
626 4838 835 4892 οἴκοθεν
869 4838 1216 4910 φθεγγόμεθα
1241 4881 1255 4906 ,
1289 4840 1404 4893 ἀλλ’
1455 4841 1549 4894 ἐπὶ
1604 4842 1694 4896 τὸν
1745 4845 2040 4915 νομοθέτην

467 4921 711 4986 ἅπαντας
759 4923 903 4992 ὑμᾶς
940 4921 1161 4992 ἄγομεν.
1199 4921 1434 4976 Ἔπεσθε
1487 4925 1664 4978 τοίνυν
1688 4965 1702 4991 ,
1741 4927 1850 4979 τῶν
1882 4927 2040 4981 θείων

468 5005 695 5061 ἀκούετε
721 5006 922 5076 νόμων.
954 5005 1064 5058 Ποῦ
1101 5006 1279 5059 τοίνυν
1312 5008 1440 5078 περὶ
1465 5009 1638 5078 ὀργῆς
1666 5010 1871 5064 καὶτοῦ
1907 5028 2043 5081 μνη-

469 5091 716 5142 σικακεῖν
749 5088 1026 5159 διελέχθη;
1063 5088 1337 5160 Πολλαχοῦ
1375 5089 1477 5161 μὲν
1505 5092 1598 5145 καὶ
1631 5091 1864 5164 ἀλλαχοῦ
1886 5133 1899 5155 ,
1934 5094 2042 5165 μά-

467 5171 622 5228 λιστα
656 5172 714 5225 δὲ
745 5172 830 5226 διὰ
871 5175 969 5244 τῆς
1013 5173 1329 5246 παραϐολῆς
1358 5176 1573 5246 ἐκείνης
1597 5219 1611 5242 ,
1644 5179 1708 5248 ἦν
1749 5178 1886 5250 πρὸς
1916 5180 2042 5244 τοὺς

470 5256 718 5328 μαθητάς
746 5257 930 5326 ἔλεγεν
953 5297 967 5321 ,
994 5258 1191 5311 οὑτωσί
1226 5276 1342 5321 πως
1367 5259 1670 5330 ἀρξάμενος
1696 5279 1709 5293 ο
1733 5263 1836 5314 Διὰ
1867 5263 2042 5316 τοῦτο

466 5341 727 5409 ὡμοιώθη
764 5341 802 5409 ἠ
831 5342 1124 5405 ,βασιλειά
1167 5341 1286 5394 τῶν
1312 5343 1582 5410 οὐρανῶν
1614 5344 1900 5412 ἀνθρώπῳ
1922 5348 2040 5410 ,ϐα-

469 5425 627 5477 σιλεῖ
651 5435 699 5482 ο.
727 5424 895 5490 ὅστις
922 5423 1186 5492 ἠθέλησε
1222 5423 1481 5494 συνᾶραι
1517 5426 1704 5496 λόγον
1735 5428 1885 5497 μετὰ
1925 5428 2042 5482 τῶν

535 5634 563 5700 ξ
587 5634 708 5700 Beg.
733 5638 846 5700 πρὸς
867 5635 968 5694 τήν.

530 5692 562 5767 1:
731 5692 836 5767 τοὺς
859 5692 922 5767 μή
936 5699 1178 5767 νήφοντας.
1223 5749 1246 5767 Ι.
1402 5765 1408 5767 _
1559 5758 1568 5767 .

474 5808 510 5868 Β
531 5749 709 5884 εἶιθὲ
734 5749 1327 5865 οξνθρὦιέῳόίκοδέσπδτη,
1367 5765 1515 5822 atque
1558 5758 1621 5808 ila
1649 5762 1768 5822 legit
1807 5761 2037 5812 Nannius.

513 5829 582 5869 an
611 5853 621 5864 .
713 5836 758 5867 σι
782 5835 846 5869 ει.

2137 523 2371 577 δούλων
2408 515 2614 580 αὐτοῦ.
2665 522 3024 594 Ἀρξαμένου
3065 521 3133 575 δὲ
3173 521 3358 576 αὑτοῦ
3397 521 3709 583 συναίρειν

2136 607 2526 676 προσηνέχθη
2569 606 2728 672 αὐτῷ
2759 602 2846 673 εἷς
2891 605 3203 675 ὀφειλέτης
3235 606 3463 673 μυρίων
3488 606 3708 660 taxar-

2134 705 2270 741 των.
2296 688 2391 756 Μὴ
2423 689 2671 758 ἔχοντος
2691 689 2760 743 δὲ
2781 689 2968 744 αὐτοῦ
2996 687 3350 750 ἀποδοῦναι,
3379 685 3707 742 ἐκέλευσεν

2133 769 2320 824 αὐτὸν
2352 771 2650 840 πραθῆναι
2681 773 2779 826 καὶ
2810 773 2925 840 τὴν
2960 772 3218 842 γυναῖκα
3253 771 3439 825 αὐτοῦ
3460 812 3474 836 ,
3505 772 3602 825 καὶ
3638 773 3709 825 τά

2133 852 2333 916 τέκνα,
2365 855 2460 908 καὶ
2490 853 2686 908 πάντα
2713 855 2828 909 ὅσα
2860 852 3005 922 εἶχε,
3046 855 3144 908 καί
3174 853 3564 921 ἀποδοθῆναι.
3598 856 3704 908 Πε-

2135 936 2263 990 σὼν
2289 932 2402 990 οὖν
2429 941 2460 990 ό
2492 937 2712 1001 δοῦλος
2735 937 2964 1002 ἐκεῖνος
2990 940 3077 1002 εἰς
3110 937 3251 1001 τοὺς
3284 937 3474 1002 πόδας
3500 935 3709 1001 αὐτοῦ,

2136 1018 2458 1087 παρεκάλει
2496 1019 2712 1084 αὐτὸν,
2745 1019 2970 1089 λέγων·
3009 1019 3204 1087 Κύριε,
3241 1020 3710 1088 μακροθύμησον·

2133 1103 2224 1154 ἐπ’
2250 1102 2398 1172 ἐμοὶ,
2426 1103 2522 1157 καὶ
2552 1101 2748 1156 πάντα
2776 1118 2873 1156 σοι
2903 1100 3215 1155 ἀποδώσω.
3237 1101 3713 1172 Σπλαγχνισθείς

2135 1183 2203 1237 δὲ
2225 1189 2256 1238 ό
2277 1187 2478 1253 κύριος
2500 1185 2606 1239 τοῦ
2635 1185 2856 1240 δούλου
2885 1185 3139 1250 ἐκείνου,
3169 1184 3478 1238 ἀπέλυσεν
3501 1186 3712 1248 αὐτὸν,

2137 1268 2324 1321 καὶτὸ
2364 1267 2604 1322 δάνειον
2634 1267 2870 1337 ἀφῆκεν
2906 1262 3084 1333 αὐτῷ.
3131 1267 3423 1332 Ἐξελθὼν
3450 1267 3518 1320 δὲ
3562 1267 3713 1320 ἐκεῖ·

2134 1367 2241 1416 νος
2265 1345 2443 1412 εὗρεν
2469 1351 2577 1404 ἕνα
2607 1349 2724 1405 τῶν
2751 1351 3111 1406 συνδούλων
3129 1349 3333 1414 αὐτοῦ,
3363 1349 3431 1415 ὃς
3458 1351 3713 1420 ὠφειλεν

2136 1432 2297 1497 αὐτῷ
2343 1432 2563 1487 ἑκατὸν
2615 1431 2905 1501 δηνάρια,
2962 1433 3060 1487 καὶ
3113 1431 3420 1500 κρατήσας
3466 1432 3713 1501 ἔπνιγεν

2135 1517 2322 1569 αὐτὸν
2361 1515 2574 1584 λέγων·
2626 1515 2868 1581 Ἀπόδος
2898 1533 3001 1585 μοι
3027 1516 3059 1568 ὅ
3094 1533 3148 1569 τι
3187 1516 3467 1585 ὀφείλεις.
3501 1516 3713 1571 Πεσὼν

2137 1594 2251 1652 οὖν
2299 1600 2331 1651 ὀ
2373 1596 2715 1664 σύνδουλος
2741 1598 2927 1653 αὐτοῦ
2971 1601 3059 1664 εἰς
3103 1598 3244 1664 τοὺς
3269 1598 3460 1664 πόδας
3501 1600 3710 1662 αὑτοῦ,

2137 1679 2458 1747 παρεκάλει
2490 1681 2676 1735 αὐτὸν
2702 1683 2913 1750 λέγων·
2941 1683 3421 1752 Μακροθύμησον
3447 1682 3539 1734 ἐπ’
3560 1683 3711 1750 ἐμοὶ,

2137 1759 2235 1811 καὶ
2274 1757 2472 1813 πάντα
2501 1775 2598 1812 σοι
2617 1758 2930 1814 ἀποδώσω.
2973 1761 3025 1812 '0
3046 1759 3114 1813 δὲ
3145 1763 3256 1814 οὐκ
3289 1759 3529 1827 ἤθελεν,
3553 1761 3714 1816 ἀλλὰ

2135 1835 2414 1890 ἀπελθὼν
2463 1837 2680 1892 ἔϐαλεν
2739 1841 2927 1893 αὑτὸν
2975 1843 3064 1905 εἰς
3100 1840 3420 1909 φυλακὴν,
3478 1840 3588 1908 ἕως
3640 1835 3713 1896 οὗ

2136 1919 2340 1983 ἀποδῷ
2370 1919 2435 1973 τὸ
2471 1921 2880 1990 ὀφειλόμενον.
2925 1923 3174 1989 Ἰδόντες
3204 1923 3273 1976 δὲ
3302 1927 3357 1978 οἱ
3385 1924 3717 1979 σύνδουλοι

2137 2001 2324 2054 αὐτοῦ
2354 2002 2790 2073 ἠγανάκτησαν
2813 2045 2828 2067 ,
2876 2005 2974 2059 καί
3019 2005 3302 2072 ἐλθόντες
3333 2007 3718 2076 διεσάφησαν

2138 2082 2218 2148 τῷ
2257 2085 2440 2152 κυρίῳ
2475 2085 2692 2140 αὐτῶν.
2735 2087 2872 2140 Τότε
2912 2087 3178 2155 καλέσας
3212 2089 3400 2143 αὑτὸν
3427 2094 3459 2144 ό
3510 2091 3715 2158 κύριος

2138 2167 2324 2221 αὐτοῦ
2354 2165 2484 2221 εἷπε
2508 2185 2521 2198 ·
2561 2169 2748 2223 Δοῦλε
2777 2168 3003 2238 πονηρὲ
3021 2211 3040 2235 ,
3085 2169 3292 2226 πᾶσαν
3320 2171 3436 2240 τὴν
3461 2171 3718 2240 ὀφειλὴν

2138 2249 2382 2318 ἐκείνην
2423 2249 2628 2320 ἀφῆκά
2656 2266 2792 2318 σοι,
2822 2252 2951 2306 ἐπεὶ
2990 2252 3408 2320 παρεκάλεσάς
3459 2271 3565 2324 με’
3601 2258 3715 2310 οὐκ

2139 2331 2259 2385 ἔδει
2289 2332 2388 2385 καὶ
2419 2332 2494 2386 σὲ
2521 2333 2772 2403 ἐλεῆσαι
2797 2333 2905 2388 τὸν
2937 2335 3284 2390 σύνδουλόν
3311 2351 3428 2391 σου
3451 2377 3465 2399 ,
3510 2339 3588 2402 ὡς
3617 2337 3714 2390 καὶ

2138 2414 2253 2484 ἐγώ
2282 2430 2356 2468 σε
2387 2415 2659 2484 ἠλέησα;
2696 2421 2834 2472 Τότε
2855 2418 3194 2485 παρέδωκεν
3223 2421 3410 2474 αὐτὸν
3445 2419 3570 2486 τοῖς
3611 2421 3718 2486 ,ϐα-

2140 2498 2498 2563 σανισταῖς,
2529 2498 2640 2564 ἕως
2690 2495 2761 2554 οὗ
2808 2498 3010 2565 ἀποδῷ
3042 2499 3166 2554 πᾶν
3213 2500 3277 2554 τὸ
3325 2504 3720 2571 ὀφειλόμενον

2139 2579 2316 2646 αὐτῷ.
2343 2581 2506 2635 Οὕτω
2548 2581 2647 2635 καὶ
2680 2585 2713 2636 ό
2750 2583 2953 2652 Πατήρ
2971 2600 3090 2654 μου
3113 2587 3146 2640 ό
3169 2584 3446 2652 οὐράνιος
3478 2587 3718 2653 ποιήσει

2139 2665 2282 2735 ὑμῖν
2304 2705 2318 2730 ,
2351 2664 2460 2719 ἐὰν
2502 2664 2589 2736 μὴ
2622 2665 2814 2735 ἀφῆτε
2863 2666 3119 2733 ἕκαστος
3159 2666 3238 2733 τῷ
3265 2668 3505 2740 ἀδελφῷ
3531 2671 3720 2725 αὐτοῦ

2142 2747 2260 2802 ἀπὸ
2351 2748 2472 2804 τῶν
2553 2748 2815 2818 καρδιῶν
2889 2749 3056 2819 ὑμῶν
3127 2751 3198 2805 τὰ
3278 2753 3722 2825 παραπτώματα

2139 2834 2217 2887 αὐ
2227 2829 2359 2887 τῶν.

2197 3003 2245 3066 γ’
2254 3038 2268 3051 .
2287 2997 2351 3049 Ἠ
2376 2997 2472 3068 μὲν
2501 2996 2784 3068 παραϐολὴ
2801 2997 2959 3067 αῦτη·
2985 2998 3067 3050 δεῖ
3083 2997 3138 3052 δὲ
3156 3001 3350 3063 εἰπεῖν,
3377 3001 3520 3064 τίνος
3537 3001 3721 3056 ἕνεκεν

2147 3079 2286 3152 μετά
2307 3079 2486 3143 αἰτίας
2507 3080 2678 3149 αὐτὴν
2703 3080 3049 3150 προτέοεικεν
3071 3098 3084 3112 ·
3118 3084 3177 3136 οὐ
3202 3083 3309 3154 γάρ
3339 3084 3524 3148 ἁπλῶς
3545 3081 3718 3150 εἶπεν,

2155 3160 2424 3234 Ὡμοιώθη
2449 3163 2481 3232 ή
2522 3160 2764 3232 βασιλεία
2791 3163 2898 3216 τῶν
2927 3164 3197 3235 οὐρανῶν,
3231 3166 3382 3230 ἀλλά,
3411 3168 3513 3222 Διά
3545 3169 3721 3224 τοῦτο

2143 3254 2409 3326 ὡμοιώθη
2437 3255 2476 3322 ἠ
2502 3254 2793 3320 ,ϐασιλεία
2812 3255 2929 3309 τῶν
2943 3257 3231 3326 οὐρανῶν.
3247 3259 3402 3323 Τίνος
3427 3254 3518 3313 οῦν
3535 3259 3722 3314 ἕνεκεν

2146 3340 2179 3411 ἠ
2206 3338 2356 3392 αἰτία
2391 3337 2745 3408 πρόσκειται;
2772 3339 2908 3412 Περὶ
2933 3340 3282 3406 ἀνεξικακίας
3307 3345 3420 3405 τοῖς
3453 3343 3722 3416 μαθηταῖς

2145 3422 2444 3492 διελέγετο,
2493 3423 2588 3475 καὶ
2621 3425 2842 3494 κρατεῖν
2876 3422 3045 3494 ὀργῆς
3094 3425 3291 3489 αὐτοὺς
3327 3425 3598 3489 ἐπαίδευε,
3627 3429 3724 3482 καὶ

2146 3507 2255 3560 τῶν
2309 3506 2441 3576 παρ’
2479 3506 2682 3576 ἐτέρων
2723 3507 2803 3568 εἰς
2847 3507 2994 3576 ἡμᾶς
3033 3509 3335 3578 γινομένων
3369 3509 3724 3580 ἀδικημάτων

2152 3589 2227 3660 μὴ
2251 3588 2418 3641 πολὺν
2449 3587 2722 3639 ποιεῖσθαι
2753 3587 2931 3655 λόγον,
2957 3587 3099 3641 οὕτω
3127 3589 3329 3657 λέγων’
3375 3591 3517 3644 Ἐὰν
3537 3591 3720 3661 ἀμάρ-

2147 3689 2218 3740 τῃ
2241 3674 2327 3738 εἰς
2355 3669 2431 3724 σὲ
2451 3672 2483 3724 ό
2501 3669 2764 3739 ἀδελφός
2791 3685 2926 3732 σου,
2947 3670 3138 3741 ὕπαγε
3152 3672 3248 3725 καὶ
3271 3672 3522 3742 ἔλεγξον
3536 3677 3724 3730 αὐτὸν

2143 3752 2369 3822 μεταξὺ
2387 3751 2504 3805 σοῦ
2519 3750 2618 3807 καί
2635 3751 2821 3806 αὑτοῦ
2833 3754 3044 3821 μόνου·
3063 3753 3171 3807 ἐάν
3183 3770 3298 3808 σου
3315 3756 3547 3824 ἀκούσῃ
3563 3757 3723 3825 ἐκέρ-

2147 3833 2342 3900 δησας
2385 3833 2494 3886 τὸν
2534 3833 2802 3901 ἀδελφόν
2829 3849 2965 3887 σου.
2997 3835 3181 3889 Ταῦτα
3202 3836 3258 3889 δέ
3289 3838 3381 3890 καὶ
3405 3837 3473 3890 τὰ
3498 3839 3723 3893 τοιαῦτα

2148 3915 2239 3969 τοῦ
2270 3913 2506 3985 Χριστοῦ
2560 3913 2938 3984 διαλεγομένου
2975 3919 3090 3978 τοῖς
3125 3919 3391 3987 μαθηταῖς
3424 3919 3517 3971 καὶ
3567 3920 3720 3988 φιλο-

2149 4001 2333 4068 σοφεῖν
2366 3997 2728 4064 διδάσκοντος,
2779 3997 3005 4066 Πέτρος,
3042 4000 3070 4050 6
3118 3997 3210 4051 τοῦ
3240 3999 3400 4070 χοροῦ
3439 4001 3546 4054 τῶν
3585 4004 3724 4058 ἀπο-

2150 4081 2351 4134 στόλων
2385 4082 2699 4151 κορυφαῖος,
2739 4079 2798 4132 τὸ
2824 4080 2994 4149 στόμα
3035 4080 3143 4133 τῶν
3167 4081 3443 4152 μαθητῶν,
3479 4086 3507 4137 6
3534 4083 3722 4150 στῦλος

2145 4167 2247 4236 τῆς
2283 4162 2630 4234 Ἐκκλησίας,
2680 4162 2742 4215 τὸ
2791 4163 3080 4234 στερέωμα
3107 4164 3206 4234 τῆς
3234 4164 3504 4233 πίστεως,
3547 4169 3577 4222 6
3622 4169 3722 4239 τῆς

2147 4247 2438 4319 ὁμολογίας
2469 4246 2741 4318 θεμέλιος,
2768 4245 2796 4298 ὁ
2830 4246 2928 4316 τῆς
2956 4248 3283 4319 οἰκουμένης
3332 4249 3515 4315 ἁλιεὺς
3536 4293 3552 4317 ,
3597 4253 3625 4304 ό
3660 4253 3723 4305 τὸ

2145 4333 2302 4400 γένος
2356 4329 2512 4400 ήμῶν
2558 4329 2668 4383 ἀπὸ
2710 4327 2806 4382 τοῦ
2865 4329 3028 4399 βυθοῦ
3084 4332 3184 4402 τῆς
3235 4332 3444 4404 πλάνης
3497 4337 3574 4398 εἰς
3629 4335 3721 4389 τὸν

2145 4413 2370 4485 οὐρανὸν
2400 4410 2722 4481 ἀναγαγὼν,
2764 4413 2793 4464 6
2826 4415 3101 4484 πανταχοῦ
3131 4414 3330 4485 θερμὸς
3359 4417 3451 4470 καὶ
3500 4419 3718 4490 παρρηι

2148 4497 2267 4561 σίας
2298 4495 2484 4567 γέμων
2509 4536 2525 4560 ,
2586 4494 2782 4565 μᾶλλον
2831 4494 2889 4546 δὲ
2920 4495 3160 4566 ἀγάπης,
3193 4496 3226 4568 ἢ
3269 4499 3597 4575 παρρησίας,
3637 4516 3720 4553 σι-

2145 4579 2366 4649 γώντων
2397 4577 2650 4631 ἀπάντων
2681 4575 3082 4648 προσελθὼντῷ
3107 4577 3411 4649 διδασκάλῳ
3453 4580 3532 4652 [5]
3551 4584 3717 4652 φησί-

2148 4663 2411 4728 Ποσάκις
2440 4658 2770 4730 ἁμαρτήσει
2812 4662 2900 4725 είς
2955 4659 3059 4728 ἐμὲ
3088 4663 3122 4714 ό
3148 4660 3410 4730 ἀδελφός
3435 4681 3578 4732 μου,
3620 4666 3719 4719 καί

2146 4743 2362 4814 ἀφήσω
2390 4741 2582 4807 αὐτῷ;
2623 4742 2735 4807 ἕως
2777 4741 3058 4808 ἐπτάκις;
3092 4742 3227 4812 ὁμοῦ
3260 4745 3352 4798 καὶ
3399 4747 3579 4818 ἐρωτᾷ
3625 4750 3720 4801 καὶ

2148 4829 2510 4896 ὑπισχνεῖται,
2542 4825 2636 4878 καὶ
2667 4825 2796 4896 πρὶν
2827 4825 2994 4898 μάθῃ,
3034 4826 3418 4897 φιλοτιμεῖται.
3461 4829 3572 4900 Τὴν
3609 4831 3718 4902 γάρ

2147 4909 2372 4980 γνώμην
2425 4906 2519 4960 τοῦ
2572 4905 2891 4960 διδασκάλου
2957 4907 3144 4975 σαφῶς
3199 4908 3389 4974 εἰδὼς,
3449 4911 3531 4963 ὅτι
3583 4912 3718 4983 πρὸς

2149 4990 2557 5064 φιλανθρωπίαν
2605 4989 2794 5060 ῥέπει,
2852 4990 2945 5042 καὶ
2985 4989 3146 5044 πλέον
3211 4993 3413 5058 ἐκεῖνος
3475 4993 3719 5065 ,μάλιστα

2148 5077 2366 5130 πάντων
2386 5071 2534 5143 αὐτῷ
2568 5072 2846 5142 χαρίζεται
2878 5075 2906 5126 6
2932 5073 3166 5142 μάλιστα
3195 5075 3410 5130 πάντων
3438 5076 3507 5130 τά
3534 5077 3718 5151 ἁμαρ-

2148 5161 2369 5228 τήματα
2418 5156 2527 5209 τῶν
2577 5154 2800 5226 πλησίον
2841 5157 3198 5228 παρατρέχων
3251 5158 3343 5211 καλ⁵
3396 5159 3470 5233 μὴ
3506 5164 3718 5235 πικρῶς

2149 5238 2440 5307 ἐξετάζων,
2474 5237 2795 5308 βουλόμενος
2840 5238 3034 5310 ἀρέσαι
3082 5238 3159 5309 τῷ
3209 5240 3492 5313 νομοθέτῃ,
3529 5245 3715 5314 φησίν·

2151 5324 2300 5390 Ἕως
2336 5321 2614 5390 ἐπτάκις;
2662 5318 2793 5375 Εἶτα
2827 5323 2912 5374 ἵνα
2945 5321 3149 5393 μάθῃς,
3185 5323 3237 5376 τί
3279 5324 3375 5394 μὲν
3411 5324 3714 5395 ἄνθρωπος,

2149 5407 2200 5460 τί
2245 5407 2302 5460 δέ
2340 5406 2499 5472 Θεὸς,
2552 5406 2646 5459 καὶ
2676 5407 2792 5470 πῶς
2827 5407 2859 5477 ἠ
2901 5407 3091 5460 τούτου
3126 5407 3434 5476 φιλοτιμία,
3475 5409 3718 5484 ὅπουπερ

2150 5491 2216 5544 ἂν
2238 5490 2520 5560 ἀφίκηται,
2558 5490 2692 5560 πρὸς
2719 5489 2817 5560 τὴν
2847 5489 3106 5561 εὐπορίαν
3129 5491 3224 5560 τὴν
3258 5489 3465 5543 ἐκείνου
3497 5508 3720 5565 συγκρι-

2149 5573 2372 5644 νομένη,
2429 5574 2619 5635 πενίας
2663 5574 2808 5625 ἐστὶν
2838 5571 3056 5643 ἀπάσης
3110 5570 3488 5642 εὐτελεστέρα,
3515 5577 3610 5629 καὶ
3638 5576 3720 5629 ὅτι

2149 5656 2270 5708 ὅσον
2303 5655 2515 5723 σταγὼν
2549 5653 2684 5725 πρὸς
2712 5653 2945 5722 πέλαγος
2964 5654 3210 5724 ἄπειρον,
3237 5653 3489 5708 τοσοῦτον
3509 5657 3664 5727 ἡμῶν
3684 5658 3718 5725 ἠ

2150 5738 2424 5808 ἀγαθότης
2447 5737 2582 5809 πρὸς
2611 5737 2711 5808 τὴν
2747 5736 2953 5807 ἄφατον
2986 5735 3151 5791 αὐτοῦ
3185 5737 3617 5809 φιλανθρωπίαν,
3650 5739 3719 5788 εἰς

2159 5823 2346 5888 πόντος
2378 5819 2541 5878 αὐτοῦ
2558 5863 2573 5890 ,
2604 5821 2752 5888 Ἕως
2779 5821 3060 5890 ἐπτάκις;
3085 5824 3180 5879 καὶ
3209 5817 3526 5892 νομίσαντος
3555 5815 3716 5873 αὐτώ
