4066 6274
325 277 390 333 ιι
1102 275 1206 334 1n:
1227 275 1472 335 'D‘ECEM
1513 273 1798 333 tamen
1837 274 2134 334 TALENT.
2179 237 2520 338 obstruat:
2561 281 2860 338 HOMILIA.
3451 313 3458 322 .
3539 272 3609 328 εξ

331 401 535 461 septem
545 391 734 462 plicem
749 391 928 448 veniae
956 393 1290 448 iterationem
1311 401 1366 448 et
1387 392 1709 448 existimanti
1729 407 1788 448 se
1810 407 1922 448 ma-

313 484 523 552 ;gniﬁce
545 491 599 538 et
631 483 844 553 largiter
865 483 1084 549 dixisse,
1111 483 1232 538 audi
1252 483 1376 553 quid
1401 482 1720 554 respondeat
1742 500 1756 539 :
1779 481 1830 536 Ν
1835 499 1920 550 οη,

335 577 510 647 inquit
530 617 546 643 ,
573 594 726 648 usque
754 579 936 648 septies
959 617 974 643 ,
1014 578 1102 632 sed
1127 593 1282 647 usque
1300 577 1592 647 septuagies
1618 577 1818 645 septies.
1851 574 1923 630 ll-

325 668 424 722 ind
457 677 633 722 autem
659 669 955 739 septuagies
973 669 1170 739 septies
1189 668 1401 738 quidam
1427 651 1631 737 septem
1651 677 1703 721 et
1721 676 1925 737 septua-

321 762 480 827 ginta
507 761 832 814 arbitrantur
865 777 878 812 :
912 768 1162 814 cmtcrum
1197 761 1265 813 ita
1296 775 1402 814 non
1442 769 1525 813 est
1554 776 1566 811 :
1602 757 1763 813 habet
1783 759 1922 812 enim

339 851 424 906 hic
450 869 702 906 numerus
744 851 914 906 ferme
955 851 1242 920 quingenta
1269 863 1284 904 :
1318 850 1513 919 septies
1537 849 1677 903 enim
1707 857 1924 918 septua~

335 943 480 1012 ginta
513 944 896 1015 quadringenta
927 953 981 998 et
1031 944 1317 1013 nonaginta
1347 942 1652 996 conﬁciant.
1690 940 1768 996 Ne
1808 941 1923 994 exi-

337 1036 524 1090 stimes
548 1035 764 1089 difficile
809 1049 929 1090 esse
969 1033 1073 1088 hoc
1115 1045 1468 1103 praeceptum,
1523 1033 1838 1088 carissime:
1881 1031 1924 1086 si
1978 1037 1984 1042 ‘

340 1127 484 1180 enim
513 1126 719 1194 semel,
756 1128 944 1181 iterum
967 1168 981 1192 ,
1026 1139 1089 1181 ac
1127 1128 1317 1190 tertio,
1349 1126 1494 1180 intra
1515 1125 1654 1181 diem
1687 1125 1924 1195 peccanti

326 1221 551 1274 veniam
591 1220 943 1288 impartieris,
981 1221 1139 1274 etiam
1167 1221 1210 1276 si
1234 1219 1518 1274 admodum
1551 1219 1792 1288 lapideus
1818 1220 1880 1272 sit
1901 1261 1923 1286 ,

321 1311 498 1364 etiam
542 1311 586 1364 si
629 1311 757 1382 ipsis
799 1311 1132 1366 dazmonibus
1168 1311 1438 1366 efferatior
1479 1312 1546 1366 sit
1574 1312 1695 1375 ille,
1748 1311 1835 1379 qui
1878 1319 1928 1364 te

323 1401 499 1469 iussit,
529 1415 634 1456 non
664 1403 864 1458 eritita
891 1417 1080 1458 sensus
1098 1417 1310 1472 expers,
1339 1413 1394 1456 ut
1421 1403 1596 1456 deauo
1618 1401 1684 1455 ad
1709 1401 1928 1456 easdem

323 1490 570 1546 'oﬂ‘ensas
599 1492 800 1548 recidat
833 1511 844 1547 :
875 1493 969 1548 sed
998 1494 1288 1563 frequentia
1322 1493 1542 1548 indulta:
1568 1494 1735 1548 venia:
1764 1494 1929 1548 casti-

342 1594 530 1651 gatus,
579 1587 770 1640 melior
814 1587 914 1640 erit
940 1629 953 1652 ,
1009 1596 1062 1640 et
1102 1587 1319 1656 probior
1352 1603 1364 1639 :
1401 1596 1560 1656 tuque
1585 1587 1627 1641 si
1661 1584 1823 1639 fueris
1851 1585 1930 1639 in-

341 1683 578 1730 structus
601 1677 667 1732 ad
692 1680 846 1732 toties
862 1681 1302 1735 contenmendam
1321 1680 1574 1748 iniuriam
1595 1679 1928 1744 tibi~illatam,

327 1781 447 1818 -nna
479 1777 636 1837 atque
663 1771 828 1824 altera
851 1812 864 1834 ,
895 1779 947 1823 et
977 1771 1130 1825 tertia
1161 1771 1552 1825 condonatione
1581 1771 1750 1840 culpa:
1777 1785 1934 1824 exer-

329 1857 568 1922 citatus,
615 1859 746 1912 nihil
773 1859 1098 1915 difﬁcultatis
1143 1861 1342 1915 senties
1370 1862 1420 1914 in
1449 1870 1719 1930 posterum
1753 1860 1804 1913 in
1829 1858 1932 1914 hoc

341 1963 544 2018 genere
574 1949 918 2020 philosoydiia:
945 1968 957 2003 :
992 1953 1187 2020 quippe
1216 1953 1304 2019 qui
1337 1951 1576 2005 iteranda
1599 1952 1756 2005 toties
1775 1950 1932 2004 venia

345 2053 468 2092 eum
485 2039 594 2108 jam
619 2057 766 2094 usum
789 2043 1067 2111 collegeris
1089 2085 1103 2108 ,
1134 2051 1188 2096 ut
1215 2041 1343 2096 nihil
1369 2050 1417 2096 te
1445 2043 1733 2111 percellaut
1753 2043 1933 2112 proxi-

333 2143 555 2184 morum
585 2131 809 2200 injurim.
855 2133 1055 2200 Quibus
1101 2133 1297 2188 auditis
1337 2133 1567 2200 Petrus,
1617 2149 1710 2188 ore
1753 2134 1933 2188 hiante

327 2227 563 2288 stupens
591 2223 826 2276 constitit
861 2241 873 2275 :
903 2239 1004 2277 non
1033 2225 1100 2278 de
1137 2239 1194 2278 se
1238 2225 1604 2279 tantummodo
1639 2225 1894 2279 sollicitus
1915 2269 1928 2288 ,

329 2309 438 2365 'sed
470 2319 524 2364 et
556 2311 622 2365 de
646 2312 900 2384 illis,~qni
925 2315 1038 2382 ejus
1070 2314 1190 2368 ﬁdei
1225 2315 1588 2370 committendi
1636 2325 1808 2370 erant.
1853 2315 1932 2370 Nc

345 2402 506 2472 igitur
549 2403 684 2458 idem
717 2405 952 2472 faceret,
985 2407 1123 2477 quod
1157 2409 1208 2462 in
1233 2408 1350 2463 aliis
1395 2410 1658 2464 tnamlatis
1693 2408 1928 2473 fecerat,

343 2496 717 2565 anticipatione
739 2499 964 2552 exclusit
984 2498 1034 2552 ei
1059 2513 1272 2553 omnem
1297 2503 1771 2569 pereontationem.
1793 2501 1928 2568 Quid

341 2597 520 2640 autem
551 2587 599 2640 in
628 2587 746 2642 aliis
799 2574 1061 2643 mandatis
1117 2589 1284 2644 fecit?
1329 2591 1382 2645 Si
1427 2583 1639 2660 quando
1691 2593 1932 2646 Christus

343 2677 641 2732 istiusmodi
679 2679 876 2749 aliquid
917 2681 1238 2748 imperaret,
1268 2682 1406 2751 quod
1438 2682 1803 2738 difﬁcultatem
1828 2683 1927 2736 ali-

341 2783 500 2837 quam
544 2769 738 2825 habere
788 2771 1059 2826 videretur
1079 2814 1092 2836 ,
1144 2776 1424 2842 prosiliens
1456 2787 1576 2829 ante
1605 2776 1738 2829 alios
1769 2777 1934 2831 inter-

341 2860 568 2928 rogabat.
617 2870 669 2914 et
721 2863 1089 2916 sci-scitabatur
1141 2863 1209 2919 de
1255 2875 1540 2932 pnecepto.
1611 2869 1742 2920 Cum
1783 2871 1930 2923 enim

339 2950 632 3019 prodiisset
658 2951 825 3018 dives,
852 2952 918 3006 de
941 2963 1141 3008 :eterna
1170 2955 1271 3007 vita
1300 2955 1564 3009 Christum
1593 2969 1930 3026 percontans,

339 3049 400 3093 et
436 3040 662 3108 cognitis
691 3043 830 3108 illis,
862 3059 980 3112 qua:
1009 3044 1222 3113 pariunt
1257 3045 1638 3100 beatitudinem
1664 3089 1678 3113 ,
1714 3061 1934 3102 rnazstos

343 3129 416 3183 ob
441 3133 692 3199 pecunias
720 3132 958 3198 abiisset,
1007 3133 1218 3190 dicente
1255 3135 1503 3204 Christo,
1552 3139 1690 3209 quod
1731 3139 1935 3195 facilius

335 3231 488 3277 esset
512 3219 769 3278 camclum
799 3228 1025 3282 transire
1051 3243 1143 3297 per
1167 3229 1404 3286 foramen
1433 3246 1580 3298 acus,
1613 3251 1770 3304 quant
1798 3235 1933 3290 diti-

337 3322 452 3368 -tetn
488 3315 686 3371 intrare
718 3318 766 3370 iu
791 3334 1010 3388 regnum
1036 3321 1282 3375 cmlorum
1318 3323 1506 3394 (Marc.
1540 3326 1623 3379 10.
1655 3327 1761 3396 25)
1797 3346 1810 3380 :
1837 3329 1935 3383 Pe-

337 3408 700 3462 .trustametsi
746 3425 805 3464 se
839 3411 1092 3465 omnibus
1121 3411 1427 3468 nudavisset
1452 3458 1467 3482 ,
1518 3433 1690 3488 neque
1713 3419 1821 3487 jam
1850 3419 1934 3474 vel

345 3495 564 3552 hamum
592 3499 881 3566 retineret,
910 3503 1105 3573 quippe
1135 3505 1223 3572 qui
1263 3515 1314 3558 et
1362 3517 1526 3560 totmn
1558 3519 1818 3576 quaestum
1860 3511 1937 3578 pi-

345 3588 652 3656 scatorium,
674 3601 728 3647 et
744 3608 929 3647 navem
961 3603 1376 3661 contempserat,
1404 3597 1668 3650 accedens
1692 3599 1757 3652 ad
1780 3599 1934 3652 Chri-

347 3687 490 3733 stum
537 3681 608 3734 ita
655 3681 908 3750 loquutus
933 3691 1046 3737 est:
1076 3681 1145 3736 Et
1174 3686 1286 3753 quis
1314 3697 1472 3756 potest
1498 3689 1664 3742 salvus
1689 3690 1800 3756 ﬁeri
1829 3689 1934 3760 (Ib.

347 3787 398 3826 υ.
425 3772 576 3843 26)?
609 3773 740 3830 Vide
785 3777 1101 3845 probitatem
1135 3787 1188 3832 et
1221 3780 1482 3834 fervorem
1511 3782 1753 3850 discipuli
1785 3802 1798 3837 :
1831 3800 1937 3838 non

345 3865 498 3918 enim
527 3866 734 3935 inquit,
778 3865 1126 3934 [inpossibilia
1171 3871 1400 3939 injungis
1419 3913 1432 3936 ,
1471 3887 1633 3940 grave
1661 3875 1759 3928 hoc
1787 3891 1940 3928 mau-

349 3955 536 4010 datum
565 3998 578 4020 ,
610 3956 840 4011 difﬁcilis
869 3958 966 4011 ista
995 3959 1076 4013 lex
1104 3977 1116 4012 :
1148 3977 1320 4029 neque
1347 3963 1397 4014 iu
1426 3963 1635 4017 silentio
1665 3965 1894 4033 perstitit
1922 3983 1936 4022 :

357 4047 450 4102 sed
478 4063 658 4102 curam
687 4064 836 4103 suam
863 4091 877 4116 ,
914 4065 1071 4120 quam
1103 4052 1170 4106 de
1198 4053 1444 4107 omnibus
1465 4053 1726 4121 habebat,
1753 4068 1938 4112 05ten-

351 4137 461 4203 dit,
508 4147 562 4192 et
603 4141 915 4210 praeceptori
943 4155 972 4196 a
1003 4141 1264 4214 discipuio
1301 4143 1532 4200 debitam
1579 4148 1937 4202 reverentiam

353 4230 664 4299 intpattivit,
689 4231 874 4284 dicens
904 4249 916 4284 :
941 4227 1008 4284 Et
1027 4235 1136 4303 quis
1164 4243 1322 4304 potest
1342 4237 1507 4288 salvus
1528 4235 1638 4302 ﬁeri
1658 4235 1682 4289 ?
1703 4238 1937 4292 nondum

350 4323 523 4378 factus
549 4333 748 4393 pastor,
785 4326 1010 4393 pastoris
1033 4328 1267 4380 animum
1307 4327 1571 4381 habebat:
1603 4329 1835 4383 nondum
1887 4331 1940 4386 in

354 4419 583 4488 imperio
612 4427 664 4473 et
691 4419 989 4489 principatu
1017 4419 1334 4473 constitutus
1354 4461 1368 4486 ,
1399 4421 1621 4489 principi
1645 4435 1944 4490 congluen-

357 4503 464 4565 tem
486 4525 666 4564 curam
695 4511 942 4564 servabat
968 4551 982 4577 ,
1017 4509 1082 4563 de
1110 4509 1360 4564 universo
1387 4511 1518 4564 orbe
1559 4511 1838 4566 sollicitus.
1885 4511 1942 4566 Si

358 4605 500 4658 enim
543 4603 694 4658 dives
737 4603 962 4670 fuisset,
1014 4611 1068 4657 et
1093 4603 1273 4656 multis
1294 4603 1532 4672 pecuniis
1552 4603 1907 4659 circumfusus
1927 4647 1942 4670 ,

358 4697 563 4751 diceret
599 4694 826 4749 fortasse
867 4695 1129 4764 quispiam
1151 4735 1167 4762 ,
1199 4707 1322 4748 eum
1351 4707 1455 4747 non
1482 4691 1550 4747 de
1579 4694 1818 4763 reliquis,
1851 4695 1946 4750 sed

360 4789 425 4844 de
450 4789 625 4855 seipse
647 4789 862 4856 suisque
885 4790 1044 4842 rebus
1065 4789 1279 4842 anxium
1299 4787 1452 4841 isuun
1481 4787 1944 4856 interrOgationem

363 4882 690 4950 protulisse:
721 4895 861 4934 mmc
890 4888 1067 4934 autem
1109 4887 1397 4949 paupertas
1439 4879 1610 4950 ipsum
1650 4879 1842 4936 liberat
1881 4881 1949 4936 ab

364 4975 464 5029 bac
493 4975 827 5041 suspicione,
861 4973 1198 5043 ostenditque
1236 4989 1357 5028 eum
1401 4973 1468 5028 de
1513 4973 1736 5028 aliorum
1781 4973 1950 5030 salute

364 5066 581 5120 anxium
604 5107 619 5132 ,
652 5065 1063 5120 sollicitudinem
1095 5066 1250 5120 istam
1280 5076 1332 5121 et.
1359 5079 1541 5120 curam
1563 5065 1814 5136 gessisse,
1845 5076 1896 5121 et
1919 5082 1950 5121 a

366 5158 620 5228 magistro
636 5172 959 5228 cognoscere
981 5157 1120 5210 viam
1139 5157 1324 5212 salutis
1348 5157 1598 5213 voluisse.
1620 5157 1953 5228 Quapropter

367 5261 422 5305 et
441 5249 684 5305 Christus
709 5251 756 5304 ei
781 5249 1028 5303 ﬁduciam
1062 5248 1250 5302 indens
1281 5249 1414 5302 dixit
1436 5292 1451 5316 ,
1483 5249 1610 5315 Qum
1629 5249 1768 5316 apud
1795 5249 1954 5302 homi-

369 5357 456 5393 nes
494 5338 823 5409 impossibilia
867 5349 1022 5401 sunt,
1069 5353 1128 5390 ea
1173 5337 1310 5407 apud
1349 5335 1512 5390 Deum
1539 5337 1798 5407 possibilia
1839 5347 1956 5392 sunt

373 5431 495 5502 (Ib.
529 5448 577 5487 υ.
621 5431 751 5502 ΞἹ).
799 5429 876 5486 Et
921 5445 988 5486 ne
1047 5440 1198 5500 putes
1226 5472 1241 5496 ,
1315 5430 1517 5500 inquit,
1567 5445 1662 5485 vos
1715 5429 1957 5486 desertos

371 5523 597 5592 relinqui
623 5565 638 5588 ,
667 5537 767 5593 ego
814 5523 866 5576 in
913 5521 1012 5576 hoc
1040 5521 1252 5590 negotio
1280 5519 1440 5575 etiam
1472 5535 1620 5576 meas
1645 5535 1833 5576 manus
1857 5521 1956 5575 ad-

371 5614 600 5669 movebo
624 5655 640 5679 ,
668 5624 721 5666 et
749 5613 911 5668 ardua
941 5612 1110 5667 facﬂia
1139 5621 1192 5667 et
1219 5610 1463 5681 expedita
1493 5611 1702 5665 facimn.
1753 5611 1958 5666 Rursus

373 5708 440 5764 de
490 5703 828 5760 iraa-inionio
872 5714 924 5760 et
965 5718 1132 5760 uxore
1179 5701 1479 5774 disputante
1505 5701 1718 5759 Christo
1759 5717 1821 5758 ac
1867 5702 1951 5759 di-

2034 403 2190 451 cente
2213 437 2229 462 ,
2263 395 2326 451 Si
2349 397 2460 466 quis
2486 397 2766 467 repudiarit
2795 409 3001 449 uxorem
3026 434 3038 456 ,
3086 399 3294 462 excepta
3326 385 3618 460 fornicatio-

2031 487 2110 540 nis
2135 503 2305 550 causa,
2331 487 2455 556 facit
2478 503 2586 540 eam
2619 485 2856 540 moechari
2877 479 3271 555 (Mattlt.5.'52)
3301 499 3312 532 :
3337 487 3390 532 et
3404 489 3619 530 omnem

2035 577 2289 630 malitiam
2335 578 2518 632 uxoris
2562 577 2834 632 ferendam
2877 591 2997 631 esse
3026 575 3384 637 admonente,
3427 575 3622 638 prmtcr

2031 669 2234 723 crimen
2261 667 2643 733 fornicationis,
2677 671 2869 725 Petrus
2893 667 3008 722 aliis
3035 666 3279 720 omnibus
3303 661 3620 724 tacentibus,

2032 761 2301 814 Christum
2333 761 2656 830 alloquitur:
2685 761 2744 816 Si
2775 759 3051 814 istiusmodi
3074 757 3292 810 conditio
3315 763 3382 807 est
3406 749 3625 805 hominis

2034 867 2334 918 rumuxore,
2355 869 2454 906 non
2473 851 3061 922 expeditmatrimonium
3093 849 3219 902 inire
3248 844 3361 916 (Id.
3393 844 3478 897 i9.
3508 839 3620 912 ω).

2106 943 2288 999 Petrus
2313 945 2375 998 de
2400 946 2617 1000 aliorum
2637 947 2800 998 salute
2827 943 3092 998 sollicitus.
3119 941 3323 1010 Λίτεριί
3347 947 3394 992 et
3418 937 3624 1005 expensi

2033 1036 2162 1088 ratio
2218 1033 2321 1089 Deo
2361 1037 2636 1090 reddenda.
2663 1066 2732 1076 ——
2757 1036 2823 1089 Et
2851 1035 2938 1088 hic
2965 1048 3179 1103 quoque
3207 1029 3328 1084 vide
3356 1025 3626 1098 quomodo

2034 1128 2311 1184 decentem
2337 1131 2590 1199 magistro
2618 1129 2968 1184 reverentiam
2999 1124 3370 1187 conservavit,
3409 1129 3464 1174 et
3501 1119 3627 1172 reli-

2033 1235 2259 1289 quorum
2288 1220 2474 1274 salutis
2499 1235 2678 1276 curam
2702 1218 2898 1286 gessit,
2940 1231 3008 1272 ne
3047 1215 3166 1269 istic
3207 1213 3419 1283 quidem
3451 1210 3517 1263 de
3540 1225 3624 1262 re-

2036 1311 2136 1366 bus
2161 1314 2272 1366 suis
2299 1313 2578 1366 sollicitus.
2603 1311 2680 1365 Ne
2707 1321 2882 1364 autem
2911 1309 2999 1361 hic
3029 1305 3324 1362 istiusmodi
3352 1301 3622 1371 quidpiam

2035 1404 2213 1470 dicat,
2247 1404 2541 1471 anticipans
2577 1419 2670 1473 per
2700 1399 3001 1473 parabolam
3029 1441 3042 1463 ,
3081 1399 3197 1467 ejus
3235 1393 3622 1476 contradictio-

2039 1511 2158 1550 nem
2179 1495 2478 1550 antevertit.
2509 1495 2618 1550 llac
2656 1494 2722 1549 de
2747 1507 2905 1547 causa
2925 1489 3250 1560 evangelista
3282 1485 3451 1549 dixit,
3499 1481 3627 1536 Ideo

2036 1587 2372 1641 assintilatum
2395 1597 2465 1640 est
2491 1603 2696 1657 regnum
2725 1587 2965 1638 cwlorum
2989 1581 3178 1635 homini
3207 1579 3332 1648 regi,
3364 1577 3449 1647 qui
3475 1573 3627 1628 uoluit

2037 1697 2219 1752 ponere
2243 1683 2487 1733 rationem
2525 1697 2638 1733 cum
2675 1678 2827 1732 servis
2851 1677 2954 1730 suis
2981 1690 2999 1730 :
3030 1671 3353 1733 ostendens,
3402 1683 3461 1723 se
3505 1666 3626 1720 ideo

2039 1775 2345 1845 parabolam
2372 1773 2509 1827 hanc
2538 1774 2714 1827 dicere
2735 1813 2751 1836 ,
2797 1781 2852 1824 ut
2877 1769 3052 1824 discas
3077 1776 3128 1820 te
3149 1808 3163 1832 ,
3197 1764 3296 1819 etsi
3323 1759 3626 1831 septuagies

2037 1865 2234 1936 septies
2265 1866 2317 1920 in
2342 1867 2430 1920 die
2455 1863 2606 1918 fratri
2637 1872 2851 1934 peccata
2879 1857 3188 1922 remiseris,
3221 1855 3352 1910 nihil
3381 1849 3628 1922 magniﬁ-

2037 1977 2157 2016 cum
2185 1960 2402 2028 fecisse,
2450 1959 2544 2014 sed
2575 1959 2798 2012 multum
2841 1954 3014 2009 adhuc
3039 1961 3094 2006 et
3119 1952 3436 2005 immensum
3467 1961 3492 1997 a
3526 1945 3628 1997 Do-

2039 2053 2169 2107 mini
2199 2053 2480 2107 clementia
2506 2053 2718 2118 abesse,
2751 2064 2813 2104 ac
2834 2063 2938 2102 non
2969 2053 3174 2100 tantum
3201 2041 3437 2105 dedisse,
3461 2052 3628 2108 quan-

2037 2152 2147 2198 tum
2177 2144 2461 2211 receperis.

2109 2235 2162 2288 4.
2188 2233 2478 2288 Audiamus
2503 2232 2663 2302 igitur
2691 2227 2997 2300 parabolam
3018 2267 3032 2292 ,
3065 2238 3185 2294 qua:
3230 2219 3437 2275 tametsi
3483 2217 3626 2272 clara

2039 2327 2296 2389 videatur,
2321 2325 2478 2379 habet
2503 2337 2675 2377 tamen
2705 2321 2972 2375 occultum
2999 2315 3279 2386 quemdam
3308 2321 3361 2365 et
3387 2306 3630 2364 iueﬁ'abi-

2038 2419 2140 2472 lem
2169 2415 2550 2472 sententiarum
2594 2413 2920 2466 thesaurum.
2948 2405 3292 2462 Assimilatum
3323 2409 3392 2454 cst
3421 2413 3628 2469 regnum

2038 2515 2280 2564 ca'torum
2311 2506 2503 2561 homini
2532 2505 2672 2577 regi,
2718 2504 2806 2575 qui
2851 2501 3008 2554 voluit
3039 2498 3280 2552 rationem
3308 2509 3491 2563 ponere
3512 2505 3628 2544 cum

2037 2603 2189 2655 servis
2214 2602 2335 2654 suis.
2377 2598 2454 2653 Nc
2479 2597 2608 2653 mihi
2645 2605 3022 2666 prtctcrcurras
3047 2587 3360 2663 simpliciter
3401 2584 3499 2636 bas
3533 2597 3628 2635 vo-

2037 2708 2148 2758 ces,
2178 2692 2272 2746 sed
2295 2691 2478 2746 evolve
2507 2698 2560 2744 et
2587 2689 2791 2756 explica
2823 2693 3064 2739 naturam
3086 2681 3202 2750 ejus
3225 2677 3429 2750 judicii,
3457 2681 3630 2729 tuam-

2038 2799 2141 2853 que
2167 2783 2542 2838 conscientiam
2585 2780 2888 2848 ingressus,
2937 2781 3182 2843 computa
3227 2766 3480 2840 quidquid
3519 2781 3548 2820 a
3577 2771 3629 2819 to

2039 2871 2234 2926 factum
2268 2883 2348 2926 est
2374 2888 2468 2940 per
2502 2885 2713 2924 omnem
2741 2869 2938 2934 vitam,
2983 2873 3030 2919 et
3056 2879 3174 2918 cum
3203 2859 3433 2914 audieris
3461 2855 3627 2908 ratio-

2039 2981 2160 3018 nem
2189 2964 2461 3017 dominum
2493 2963 2736 3016 conferre
2765 2975 2883 3014 cum
2911 2957 3078 3011 servis
3105 2956 3236 3019 suis,
3267 2951 3438 3020 cogita
3463 2949 3512 3001 in
3543 2946 3628 3000 his

2040 3055 2217 3109 verbis
2257 3068 2410 3121 reges
2451 3059 2506 3106 et
2535 3051 2696 3105 duces
2720 3091 2734 3115 ,
2775 3057 2828 3103 et
2871 3045 3122 3116 prmsides
3148 3084 3162 3108 ,
3219 3053 3272 3096 et
3309 3041 3532 3103 divites,
3572 3043 3630 3091 et

2038 3159 2302 3218 pauperes
2322 3187 2336 3211 ,
2369 3153 2422 3199 et
2450 3157 2634 3198 servos
2657 3185 2670 3207 ,
2703 3149 2756 3196 ct
2786 3140 2980 3194 liberos
3001 3180 3014 3205 ,
3061 3143 3112 3190 et
3141 3133 3390 3205 quidquid
3417 3139 3498 3186 est
3529 3131 3628 3184 ho-

2041 3243 2242 3294 minum
2262 3279 2276 3304 ,
2325 3237 2541 3306 intelligi
2569 3255 2580 3290 :
2614 3233 2800 3289 Omnes
2825 3233 2954 3288 enim
2983 3248 3071 3284 nos
3097 3227 3410 3299 munifesturi
3435 3232 3630 3293 oportet

2039 3325 2157 3383 ante
2183 3327 2403 3382 tribunal
2427 3327 2616 3383 Christi
2643 3325 2728 3400 (2.
2755 3323 2871 3380 Cor.
2903 3324 2955 3380 5.
2979 3323 3095 3394 10).
3122 3321 3271 3389 Quod
3299 3321 3341 3374 si
3363 3319 3512 3372 dives
3533 3315 3628 3378 Sis.

2041 3422 2209 3491 cogita
2238 3419 2375 3490 quod
2399 3421 2658 3472 rationem
2687 3415 2836 3472 dabis
2858 3458 2871 3482 ,
2901 3425 3078 3468 utrum
3113 3413 3166 3466 in
3192 3411 3530 3470 meretrices,
3561 3419 3628 3458 an

2045 3516 2095 3567 in
2131 3527 2408 3582 pauperes,
2445 3513 2692 3581 pecunias
2723 3507 3070 3575 insumpseris
3101 3523 3112 3558 :
3139 3513 3314 3558 utrum
3346 3503 3396 3556 in
3427 3499 3630 3569 parasi-

2045 3613 2126 3657 tos
2153 3612 2204 3657 et
2229 3611 2589 3656 assentatores
2611 3641 2625 3666 ,
2673 3614 2740 3652 an
2773 3598 2826 3651 in
2855 3605 3071 3667 egentes
3102 3613 3116 3648 :
3152 3601 3324 3646 utrum
3357 3593 3408 3644 in
3451 3589 3628 3644 libidi-

2044 3711 2203 3760 nem,
2234 3710 2300 3747 an
2331 3693 2382 3747 in
2413 3692 2796 3746 humanitatem
2823 3706 2836 3742 :
2870 3697 3046 3742 utrum
3077 3685 3130 3739 in
3160 3683 3375 3740 delicias
3394 3722 3408 3744 ,
3447 3678 3629 3750 prodi-

2044 3787 2314 3854 galitatem
2337 3825 2350 3848 ,
2384 3783 2733 3845 ebrietatem,
2773 3795 2840 3832 an
2870 3780 2921 3832 in
2953 3778 3268 3832 afﬁictorum
3309 3771 3630 3830 subsidium.

2045 3875 2160 3930 Non
2211 3875 2278 3928 de
2317 3873 2565 3943 expensis
2612 3869 2982 3932 solummodo,
3025 3866 3118 3921 sed
3165 3867 3231 3920 de
3270 3861 3635 3934 acquisitionis

2049 3966 2208 4020 modo
2235 3965 2494 4019 rationem
2525 3961 2882 4032 postulaberis
2913 3978 2925 4014 :
2955 3968 3130 4014 utrum
3155 3956 3315 4026 justis
3340 3953 3634 4018 laboribus,

2046 4071 2113 4110 an
2147 4057 2343 4125 rapinis
2369 4063 2422 4107 et
2452 4055 2672 4108 avaritia
2697 4052 2973 4122 pecuniam
3017 4047 3297 4118 collegeris
3324 4063 3336 4099 :
3365 4053 3537 4099 utrum
3566 4043 3638 4096 sit

2047 4147 2350 4218 patrimonii
2377 4143 2662 4210 hereditas,
2691 4158 2756 4197 an
2783 4141 2834 4196 id
2861 4150 3102 4196 coactum
3126 4139 3196 4194 sit
3220 4153 3284 4192 ex
3317 4134 3635 4207 pupillorum

2047 4240 2249 4294 eversis
2285 4237 2552 4301 domibus,
2577 4245 2630 4291 et
2671 4233 3075 4304 spoliationibus
3112 4229 3410 4284 viduarum.
3440 4225 3639 4292 Quem-

2048 4331 2333 4387 admodum
2376 4345 2476 4384 nos
2509 4345 2616 4382 non
2666 4329 2836 4382 solum
2878 4341 2908 4380 a
2953 4325 3121 4380 servis
3153 4325 3348 4378 nostris
3374 4321 3636 4375 rationem

2049 4423 2200 4477 elatae
2231 4421 2468 4490 pecunia:
2490 4461 2506 4486 ,
2549 4417 2641 4473 sed
2671 4418 2833 4472 etiam
2865 4417 3028 4470 illata:
3059 4415 3398 4484 exposcimus
3417 4453 3431 4476 ,
3473 4424 3636 4465 excu-

2050 4517 2245 4571 tientes
2290 4513 2430 4570 unde
2469 4509 2752 4582 pecunias,
2806 4525 2834 4563 a
2874 4509 3104 4590 quibus,
3151 4515 3205 4560 et
3241 4502 3544 4574 quomodo,
3583 4509 3640 4556 et

2051 4619 2272 4680 quantas
2301 4607 2605 4676 acceperint
2633 4623 2646 4658 :
2679 4605 2750 4659 ita
2793 4611 2846 4658 et
2873 4603 3014 4656 Deus
3043 4615 3146 4654 non
3177 4599 3347 4653 solum
3380 4593 3638 4666 expensi,

2051 4701 2145 4756 sed
2175 4701 2330 4754 etiam
2363 4697 2566 4766 accepti
2615 4705 2669 4750 et
2707 4693 2948 4764 acquisiti
2991 4691 3222 4746 rationes
3244 4687 3494 4760 postulat.
3522 4683 3639 4740 Non

2053 4793 2223 4848 Solum
2253 4807 2378 4844 vero
2405 4789 2588 4855 dives,
2633 4787 2726 4842 sed
2755 4795 2808 4840 et
2849 4799 3049 4855 pauper
3083 4783 3317 4837 rationes
3354 4780 3438 4835 vel
3476 4779 3643 4850 ipsius

2054 4882 2380 4956 paupertatis
2421 4880 2563 4936 subit
2595 4898 2608 4933 :
2639 4895 2704 4932 an
2732 4891 2994 4948 generoso
3023 4882 3078 4930 et
3101 4883 3252 4946 grato
3291 4872 3470 4926 animo
3507 4884 3643 4941 pau-

2059 4983 2316 5046 pertatem
2341 4973 2556 5038 tulerit,
2591 4987 2658 5024 an
2705 4985 2809 5024 non
2839 4983 2980 5038 mgre
3011 4965 3224 5030 tulerit,
3269 4979 3336 5018 an
3365 4977 3470 5016 non
3502 4960 3645 5016 indi-

2056 5079 2248 5142 gnatus
2277 5067 2466 5133 fuerit,
2496 5082 2562 5121 an
2605 5080 2710 5120 non
2739 5061 3057 5118 ineusaverit
3087 5057 3176 5114 Dei
3213 5056 3645 5130 providentiam,

2059 5181 2178 5220 cum
2206 5163 2412 5217 videret
2457 5160 2619 5214 alium
2660 5159 2714 5212 in
2756 5153 3114 5225 voluptatibus
3159 5151 3498 5207 deliciantem
3524 5189 3540 5212 ,
3587 5161 3648 5201 se

2060 5258 2278 5313 antcm‘
2323 5256 2373 5310 in
2421 5261 2657 5324 egestate
2691 5251 2915 5306 versari.
2947 5248 3018 5305 Ut
3042 5247 3184 5303 enim
3221 5261 3251 5299 a
3296 5245 3460 5300 divite
3505 5242 3649 5297 elec-

2063 5363 2320 5420 mosynte,
2353 5345 2423 5400 ita
2459 5361 2488 5398 a
2521 5359 2757 5415 paupere
2806 5341 3103 5416 tolerantia)
3147 5337 3436 5408 requiritur
3465 5331 3600 5388 ratio
3629 5346 3643 5383 :

2063 5441 2171 5496 imo
2199 5453 2304 5493 non
2331 5437 2500 5493 solum
2529 5435 2822 5492 tolerantiae
2845 5475 2860 5500 ,
2887 5432 2980 5488 sed
3008 5433 3166 5486 etiam
3213 5427 3377 5498 ipsius
3415 5424 3650 5480 eleemo-

2065 5549 2212 5604 synze
2241 5550 2253 5584 :
2287 5547 2391 5586 non
2420 5531 2562 5586 enim
2588 5529 2747 5584 habet
2774 5527 3208 5596 impedimentum
3251 5519 3316 5572 ad
3348 5519 3648 5586 elecmosy-

2130 5651 2145 5679 ³
2185 5655 2324 5711 tteg.,
2343 5643 2648 5697 deiicientem
2677 5656 2765 5694 nec
2795 5647 2952 5692 tamen
2993 5636 3184 5690 duilius
3204 5634 3578 5692 inminuentem.
3598 5647 3650 5686 se

2068 5715 2242 5761 autem.
