4066 6274
426 260 498 316 33
1181 273 1239 330 S.
1273 273 1552 331 JOANNIS
1589 274 2058 334 CllRYSOSTOMt
2097 274 2412 333 ARCHIEP.
2452 275 2988 334 CONSTANTINOP.
3631 273 3700 333 ﬂ

425 399 547 442 nam
573 389 876 454 paupertas.
926 381 1098 440 Testis
1127 394 1209 440 est
1233 385 1390 446 vidua
1425 402 1542 458 qua:
1587 387 1694 443 duo
1724 387 1926 442 minuta
1953 388 2006 442 in

425 476 860 555 gazophylacium
885 475 1077 546 dejecit
1099 519 1114 541 ,
1148 487 1200 532 et
1227 494 1321 537 eos
1347 481 1434 550 qui
1464 480 1687 550 plurima
1712 479 2008 546 dederant,

432 580 624 636 magno
657 564 932 623 intervallo
959 570 1260 637 superavit,
1289 568 1448 640 idque
1491 583 1598 626 tam
1638 573 1837 627 minuta
1859 573 2008 628 obla-

427 659 660 713 tiuucula
689 657 892 731 (Marc.
919 658 1004 712 12.
1035 659 1161 730 42).
1190 661 1307 718 Non
1347 663 1520 717 solum
1547 673 1722 718 autem
1750 664 1939 718 divites
1960 671 2014 719 et

431 764 693 820 pauperes
714 791 727 813 ,
756 749 849 804 sed
879 751 1134 820 praesides
1155 753 1429 823 ctjudices
1453 768 1572 808 cum
1599 754 1764 808 multa
1785 753 2011 824 diligen—

428 844 496 897 tia
527 843 898 899 examinantur
922 860 988 899 an
1021 861 1129 899 non
1162 846 1254 914 jus
1280 847 1654 916 corruperint,
1701 863 1768 901 an
1797 861 1901 901 non
1945 845 2012 901 ad

424 936 646 1004 gratiam
679 935 758 988 vel
796 935 976 989 odium
1009 936 1245 991 calculos
1265 939 1316 991 in
1345 934 1531 991 litibus
1557 931 2009 1007 deprompserint,

425 1038 492 1076 an
536 1041 638 1076 non
692 1026 882 1080 molliti
921 1025 1270 1094 adulatione,
1331 1035 1518 1082 contra
1566 1042 1726 1096 quam
1775 1042 1871 1097 par
1898 1035 2014 1081 erat

425 1116 745 1170 sententiam
774 1116 1039 1181 dederint,
1068 1133 1135 1171 an
1161 1133 1263 1172 non
1289 1111 1554 1173 memores
1574 1117 1892 1174 offensarum
1921 1133 2015 1175 eos

427 1208 732 1262 vexat-crint
757 1250 770 1271 ,
805 1210 894 1278 qui
921 1210 1049 1263 nihil
1078 1217 1387 1280 peccarant.

503 1298 630 1361 Qua:
665 1299 792 1352 ratio
825 1300 1080 1353 reddenda
1120 1311 1189 1354 est
1225 1301 1569 1356 ecclesiasticis
1597 1301 1917 1371 prtesulibus.
1944 1331 2016 1342 —-

425 1385 541 1442 Non
576 1391 747 1444 solum
777 1401 956 1445 autem
999 1392 1282 1447 saeculares
1325 1394 1666 1464 magistratus
1688 1435 1705 1462 ,
1745 1395 1838 1450 sed
1864 1403 1918 1449 et
1943 1395 2015 1450 illi

426 1479 514 1549 qui
549 1480 802 1535 Ecclesiis-
830 1493 1093 1550 praesunt,
1144 1497 1254 1538 sua:
1299 1485 1630 1554 praefectura:
1652 1487 1886 1543 rationes
1923 1487 2017 1542 da-

427 1570 555 1624 bunt
581 1611 594 1634 ,
627 1582 680 1625 et
705 1573 973 1643 praecipue
1005 1574 1093 1628 isti
1121 1583 1245 1629 sunt
1265 1616 1280 1640 ,
1322 1575 1414 1646 qui
1451 1577 1682 1647 majores
1704 1619 1720 1646 ,
1771 1579 2015 1634 acerbio-

432 1680 520 1719 res
549 1706 564 1730 ,
596 1675 649 1719 ct
671 1667 948 1734 graviores
977 1682 1164 1736 pmnas
1192 1669 1551 1724 sustinebunt.
1580 1670 1674 1726 Cui
1703 1671 1845 1725 enim
1869 1671 2014 1726 verbi

427 1753 819 1810 administratio
845 1759 1128 1812 commissa
1161 1767 1244 1813 est
1266 1800 1280 1824 ,
1330 1760 1612 1830 diligenter
1641 1762 1710 1817 ibi
1740 1763 2015 1817 examina-

426 1846 590 1912 bitur,
620 1863 685 1901 an
736 1865 838 1901 non
888 1849 1130 1919 segnitie,
1167 1858 1253 1905 aut
1296 1852 1494 1906 invidia
1541 1854 1738 1924 aliquid
1777 1854 2018 1910 omiserit

426 1951 614 1991 eorum
641 1979 655 2003 ,
689 1955 806 2007 qua:
835 1937 1054 1993 dicenda
1079 1949 1260 2005 erant,
1289 1949 1343 1996 et
1371 1956 1466 2010 per
1505 1957 1664 2012 opera
1691 1943 2012 2012 exhibuerit,

427 2041 495 2081 an
527 2029 703 2082 omnia
735 2031 1073 2099 explicuerit,
1104 2030 1346 2103 nihilque
1366 2033 1432 2088 ab
1458 2034 1548 2088 illo
1576 2035 1894 2090 occultatum
1923 2036 2012 2105 sit,

426 2120 570 2189 quod
600 2121 742 2175 dictu
769 2137 949 2192 operae
981 2124 1206 2192 pretium
1232 2134 1378 2179 erat.“
1399 2124 1604 2181 Rursus
1630 2126 1717 2197 qui
1741 2127 2017 2199 episc0pa-

427 2219 537 2264 tum
565 2211 788 2282 adeptus
814 2221 915 2278 est,
946 2224 1146 2283 quanto
1168 2213 1232 2267 ad
1262 2214 1521 2285 majorem
1547 2217 1800 2272 verticem
1829 2233 2017 2274 ascen-

428 2301 544 2369 dit,
592 2311 740 2358 tanto
779 2305 1069 2374 majoribus
1109 2306 1369 2362 obnoxius
1398 2309 1498 2362 erit
1527 2309 1860 2373 rationibus,
1909 2325 2014 2366 non

427 2395 602 2449 solum
629 2394 695 2450 de
723 2396 965 2450 doctrina
995 2407 1048 2450 et
1074 2412 1365 2467 pauperum
1395 2401 1712 2468 patrocinio,
1740 2399 1832 2454 sed
1855 2400 2013 2455 etiam

430 2487 497 2541 dc
543 2489 935 2543 examinatione
975 2489 1389 2545 ordinandorum
1416 2531 1431 2556 ,
1477 2491 1699 2561 aliisque
1729 2493 2012 2546 sexcentis.

431 2576 498 2631 Et
542 2577 656 2631 haec
703 2577 984 2633 declarans
1029 2579 1226 2632 Paulus
1272 2579 1337 2633 ad
1381 2580 1721 2634 Timotheum
1760 2581 2013 2650 scripsit:

433 2667 621 2723 Manus
654 2671 752 2722 cito
779 2671 966 2724 nemini
993 2671 1323 2741 imposueris,
1369 2687 1524 2742 neque
1551 2673 1882 2728 communices
1903 2689 2017 2742 pec-

431 2761 556 2813 catis
596 2762 772 2816 alienis
805 2763 852 2833 (1
890 2760 1022 2817 Tim.
1055 2764 1108 2818 5.
1133 2762 1241 2832 22)
1269 2781 1283 2817 :
1313 2773 1366 2818 et
1395 2763 1460 2818 ad
1500 2764 1753 2820 Hebrzcos
1781 2765 2018 2822 scribens

428 2852 498 2907 de
523 2853 708 2907 iisdem
750 2854 1036 2926 prmfectis,
1070 2854 1168 2908 alia
1202 2856 1407 2911 ratione
1450 2856 1736 2912 terrefacit.
1775 2857 2014 2925 Obedite,

427 2944 598 3013 inquit
617 2986 631 3011 ,
681 2946 967 3015 prtepasitis
1004 2947 1178 3001 vestris
1197 2987 1211 3013 ,
1245 2956 1291 3000 et
1321 2948 1571 3018 subjaccte
1611 2951 1681 3002 eis
1712 2964 1730 3002 :
1759 2949 1858 3019 ipsi
1885 2950 2017 3002 enim

424 3038 632 3107 vigilant
674 3056 826 3107 super
865 3039 1127 3094 animabus
1184 3043 1356 3094 vestris
1384 3082 1400 3109 ,
1451 3051 1506 3095 ut
1553 3043 1796 3096 rationem
1846 3043 2017 3097 daturi

428 3130 622 3195 (Hebr.
655 3133 737 3186 t3.
768 3133 892 3203 17).
922 3133 1055 3187 Tum
1074 3149 1200 3188 vero
1223 3148 1326 3187 non
1351 3134 1606 3189 factorum
1627 3136 1821 3202 solum,
1841 3136 1932 3190 sed
1962 3145 2016 3191 et

436 3222 721 3276 verborum
750 3223 982 3278 rationes
1009 3224 1325 3278 subibimus.
1369 3226 1828 3290 Quemadmodum
1872 3228 2014 3282 enim

426 3328 527 3368 nos
547 3329 666 3368 cum
708 3319 962 3382 pecunias
1009 3315 1180 3369 servis
1208 3316 1579 3371 concredimus
1603 3359 1617 3383 ,
1659 3319 1896 3373 omnium
1927 3337 2014 3375 rc-

427 3402 697 3472 poscimus
726 3405 960 3459 rationes
983 3446 997 3471 ,
1032 3406 1101 3460 ita
1133 3422 1344 3477 quoque
1390 3407 1530 3462 Deus
1556 3407 1623 3463 de
1660 3410 1836 3464 verbis
1865 3411 2016 3466 nobis

425 3494 752 3549 concreditis
785 3496 1020 3566 requiret
1043 3498 1312 3567 quomodo
1342 3499 1427 3553 illa
1455 3501 1885 3569 cxpendcrimus.
1912 3503 2016 3560 Re-

426 3585 699 3653 poscimnr
734 3586 876 3640 enim
924 3596 976 3641 et
1019 3588 1386 3644 examinantur
1415 3606 1668 3661 perquam
1710 3593 2009 3664 diligenter,

424 3691 550 3730 tntm
597 3684 832 3742 temere,
887 3695 1012 3732 num
1040 3679 1232 3734 frustra
1260 3697 1321 3735 ea
1365 3682 1804 3752 insumpserimus
1848 3703 1860 3737 :
1907 3703 2011 3740 non

422 3769 564 3824 enim
595 3785 842 3825 nummus
869 3781 1069 3827 temere
1095 3775 1366 3843 expositus
1397 3776 1466 3830 ita
1493 3776 1636 3830 laedit
1661 3786 1716 3832 ut
1741 3779 1898 3832 verba
1933 3789 2010 3834 te-

421 3874 571 3915 mere
614 3871 668 3916 et
707 3861 900 3917 frustra
929 3863 1064 3918 elata
1086 3905 1100 3929 ,
1131 3879 1250 3920 cum
1276 3865 1402 3920 nihil
1431 3882 1562 3936 opus
1592 3876 1726 3922 erat.
1755 3867 2012 3923 Nummus

421 3954 566 4009 enim
592 3953 782 4009 frustra
818 3956 1114 4027 insumptus
1144 3959 1382 4028 pecunia:
1425 3958 1710 4028 aliquando
1756 3959 2008 4016 damnum

421 4045 594 4111 aﬂert,
626 4063 804 4101 sermo
834 4059 1008 4101 autem
1051 4049 1415 4118 imprudenter
1441 4052 1748 4104 quntiatus
1777 4052 2010 4122 integras

421 4135 611 4191 domos
637 4137 829 4190 evertit
853 4178 868 4202 ,
914 4146 969 4190 et
1010 4140 1240 4191 animam
1273 4140 1447 4208 perdit
1475 4158 1488 4191 :
1522 4143 1865 4208 pecuniarum
1894 4145 2011 4214 qui-

419 4225 542 4281 dem
571 4225 823 4281 damnum
853 4231 1108 4284 resarcire
1132 4231 1278 4296 licet,
1309 4231 1528 4286 verbum
1551 4248 1678 4287 vero
1703 4233 1843 4303 quod
1870 4235 2010 4290 exsi-

419 4315 558 4371 lierit
587 4319 782 4384 semel,
816 4334 1064 4376 revocare
1093 4337 1198 4375 non
1229 4321 1368 4376 licet.

503 4407 774 4462 Verborum
800 4412 948 4464 etiam
971 4413 1153 4466 luenda
1187 4431 1353 4482 poena.
1383 4413 1530 4468 Ratio
1553 4415 1755 4470 delendi
1779 4425 2004 4486 peccata.

421 4499 751 4571 Intputantur
785 4503 854 4556 ad
903 4505 1096 4557 veniam
1135 4517 1456 4576 peccatorum
1489 4508 1708 4562 actiones
1737 4508 1900 4562 bontv.
1937 4536 2006 4548 —-

417 4593 681 4648 Caeterum
730 4605 787 4649 ut
832 4595 1008 4650 discas
1041 4599 1324 4652 verborum
1367 4614 1552 4666 poenas
1593 4600 1817 4652 luituros
1847 4614 2002 4666 esse,

415 4683 539 4740 audi
582 4685 707 4755 quid
751 4685 995 4741 Christus
1023 4687 1165 4741 dicat
1196 4703 1208 4737 :
1239 4687 1367 4741 Dico
1405 4698 1570 4740 autem
1611 4689 1766 4756 vobis,
1791 4691 1925 4760 quod
1944 4692 2007 4746 de

414 4773 555 4828 omni
581 4776 726 4828 verbo
751 4777 930 4844 otioso,
959 4779 1303 4843 quodcumth
1331 4777 1524 4850 loquuti
1557 4779 1744 4847 fuerint
1777 4782 2003 4838 homines

411 4865 467 4920 in
495 4875 647 4932 terra,
673 4867 882 4923 reddent
906 4870 1150 4924 rationem
1172 4870 1234 4923 de
1253 4886 1310 4923 eo
1335 4871 1387 4924 in
1413 4872 1495 4924 die
1507 4872 1695 4942 judicii
1715 4888 1734 4926 :
1759 4890 1822 4928 ea;
1843 4876 2001 4929 verbis

409 4961 546 5014 enim
572 4961 671 5016 tuis
707 4963 1071 5033 justiﬁcaberis
1091 5003 1105 5030 ,
1149 4973 1194 5016 et
1229 4980 1290 5018 ex
1317 4963 1476 5018 verbis
1506 4967 1604 5020 tuis
1633 4968 1999 5022 condemnabe-

409 5053 480 5106 ris
509 5052 734 5121 (Matth.
761 5054 848 5108 12.
882 5054 971 5108 56.
1000 5055 1066 5109 57
1088 5053 1130 5125 ).
1177 5053 1291 5109 Νοιι
1321 5056 1492 5110 solum
1523 5065 1697 5111 autem
1735 5057 1996 5112 dictorum

409 5142 671 5197 rationem
699 5143 1003 5212 reddemus,
1029 5145 1121 5200 sed
1153 5155 1204 5200 et
1233 5147 1533 5201 auditorum
1561 5163 1774 5218 quoque
1798 5165 1812 5213 ;
1836 5148 1997 5202 veluti

407 5233 454 5288 si
485 5232 766 5288 admiseris
797 5233 982 5290 falsam
1005 5237 1431 5293 criminationem
1451 5250 1636 5294 contra
1662 5239 1875 5295 fratrem
1905 5256 1996 5296 ca-

406 5327 672 5385 lumniase
715 5327 1004 5384 iusti:utam
1043 5348 1055 5384 :
1090 5332 1406 5386 Auditionem
1454 5334 1595 5388 enim
1647 5350 1862 5400 vanam,
1916 5333 1997 5388 in-

405 5421 519 5489 quit
563 5418 855 5490 Scriptura,
903 5437 966 5476 ne
1012 5421 1257 5490 receperis
1286 5422 1304 5494 (
1329 5421 1492 5477 Exod.
1522 5423 1612 5479 25.
1647 5425 1668 5478 1
1699 5424 1739 5494 ).
1767 5424 1917 5492 Quod
1949 5424 1994 5479 si

408 5512 507 5572 illi,
537 5513 623 5582 qui
651 5514 914 5584 recipiunt
945 5531 1132 5570 vanam
1161 5515 1509 5580 auditionem,
1536 5517 1744 5573 veniam
1772 5533 1877 5573 non
1900 5517 1996 5573 ha-

405 5604 554 5668 bent,
581 5609 670 5672 qui
698 5610 1090 5664 calumniantur
1120 5620 1172 5666 et
1199 5611 1568 5680 criminantur,
1591 5627 1872 5683 quamnam
1899 5612 1992 5668 ha-

405 5698 604 5754 bebunt
635 5703 1060 5762 excusationem?
1572 5717 1574 5719 '

2190 387 2242 441 5.
2287 389 2352 442 At
2380 386 2505 457 quid
2536 387 2655 442 dico
2680 388 2747 443 de
2777 388 2951 443 verbis
2982 395 3035 442 ct
3059 385 3240 442 auditu
3264 428 3278 452 ,
3311 386 3397 442 ubi
3423 387 3586 444 etiam
3612 405 3702 445 co-

2116 479 2429 549 gitationum
2457 495 2641 549 poenas
2669 480 3032 535 sustinemus?
3060 481 3125 536 Et
3163 480 3267 536 hoc
3299 481 3468 550 ipsum
3508 481 3703 539 Paulus

2119 569 2562 634 declarans,dixit
2594 589 2606 624 :
2641 571 2974 635 Quamobrem
2997 589 3057 625 ne
3085 581 3200 624 ante
3226 581 3420 640 tempus
3437 572 3700 641 judicetis,

2119 660 2277 714 donec
2303 661 2466 713 veniat
2495 660 2742 714 Dominus
2767 663 2852 731 qui
2894 662 3195 716 illuminabit
3231 663 3427 717 occulta
3469 665 3701 718 tenebra-

2118 770 2251 817 rum,
2289 762 2333 805 et
2355 754 2693 823 ntanifestabit
2735 755 2947 807 consilia
2989 754 3214 807 cordium
3240 755 3334 826 (1.
3366 755 3485 810 Cor.
3515 757 3569 810 4.
3602 757 3700 824 5).

2120 840 2211 897 Ille
2248 857 2458 912 quoque
2485 844 2806 914 psalmorum
2845 853 3030 897 cantor
3059 842 3164 906 ait,
3203 843 3449 914 Cogitatio
3486 844 3704 900 hominis

2119 934 2436 1002 confitebitur
2461 935 2549 988 tibi
2575 935 2592 1005 (
2615 935 2762 990 Psal.
2786 937 2873 992 '75.
2905 937 2963 990 11
2991 936 3031 1006 ).
3059 935 3194 1002 Quid
3216 946 3392 990 autem
3423 935 3549 990 illud
3579 943 3662 990 est
3683 976 3700 1001 ,

2119 1023 2367 1095 Cogitatio
2407 1026 2620 1080 hominis
2649 1027 2966 1096 confitebitur
2995 1027 3129 1081 tibi?
3161 1025 3332 1081 Veluti
3362 1027 3405 1081 si
3431 1041 3550 1080 cum
3579 1025 3705 1081 dolo

2117 1126 2172 1172 et
2192 1117 2328 1171 mala
2354 1127 2532 1172 mente
2561 1116 2780 1173 fratrem
2808 1118 3094 1189 alloquaris
3121 1136 3133 1171 :
3158 1117 3201 1171 si
3223 1133 3316 1172 ore
3346 1117 3494 1172 illum
3524 1126 3578 1172 et
3603 1117 3704 1171 lin-

2117 1225 2218 1274 gua
2247 1211 2516 1277 celebres,
2544 1219 2720 1266 mente
2748 1220 2923 1265 autem
2954 1211 3091 1265 mala
3121 1211 3322 1280 cogites
3341 1251 3354 1275 ,
3382 1209 3538 1280 eique
3562 1209 3702 1264 invi-

2118 1300 2265 1357 deas.
2296 1301 2428 1356 lllud
2448 1303 2590 1358 enim
2616 1303 2786 1373 ipsum
2807 1301 3051 1357 Christus
3075 1301 3415 1356 subindicans
3433 1343 3447 1369 ,
3479 1315 3575 1356 nos
3599 1315 3704 1356 non

2118 1393 2291 1447 solum
2332 1392 2589 1448 factorum
2615 1434 2633 1459 ,
2679 1393 2770 1449 sed
2811 1401 2865 1448 et
2900 1393 3280 1464 cogitationum
3310 1407 3522 1462 pcenam
3555 1392 3701 1448 luere

2119 1484 2254 1540 dixit
2275 1502 2289 1540 ε
2317 1485 2416 1550 Qui
2435 1486 2706 1555 inspexerit
2733 1486 2991 1540 mulierem
3012 1485 3080 1540 ad
3098 1487 3548 1554 concupiscendum
3569 1503 3703 1550 eam,

2111 1577 2225 1646 jam
2254 1577 2526 1632 moechatus
2549 1588 2621 1631 est
2643 1594 2754 1630 eam
2773 1577 2826 1631 in
2847 1578 2998 1631 corde
3018 1594 3109 1630 suo
3133 1577 3152 1648 (
3175 1576 3362 1631 Matth.
3393 1578 3446 1632 5.
3471 1576 3591 1649 28).
3611 1579 3706 1633 Αι-

2120 1668 2208 1736 qui
2235 1682 2339 1721 non
2371 1668 2544 1736 erupit
2569 1669 2621 1722 in
2648 1683 2782 1737 opus
2809 1668 2980 1739 ipsum
3009 1678 3305 1738 peccatum,
3328 1668 3422 1723 sed
3451 1669 3706 1726 hactenus

2121 1758 2176 1812 in
2198 1759 2314 1814 solo
2331 1760 2510 1814 animo
2531 1761 2773 1816 consistit
2801 1779 2814 1814 :
2840 1776 3020 1815 verum
3049 1776 3117 1816 ne
3141 1762 3210 1815 ita
3231 1761 3443 1831 quidem
3469 1762 3708 1832 inculpa-

2121 1856 2202 1904 tus
2234 1865 2446 1905 manere
2472 1859 2664 1921 potest,
2694 1851 2782 1922 qui
2813 1851 2930 1906 ideo
2958 1851 3348 1922 contemplatur
3375 1851 3572 1906 formas
3599 1868 3708 1907 mu-

2119 1940 2308 1994 lierum
2339 1982 2354 2008 ,
2401 1949 2458 1996 ut
2498 1942 2743 1996 incendat
2786 1941 3154 1998 fornicationis
3196 1943 3704 2012 concupiscentiam.

2119 2030 2250 2086 Cum
2283 2031 2440 2102 igitur
2469 2033 2736 2087 audiveris
2777 2048 2897 2088 eum
2930 2034 3191 2088 rationem
3235 2048 3356 2087 cum
3399 2035 3568 2088 servis
3597 2033 3708 2090 suis

2119 2120 2364 2177 conferre
2389 2163 2403 2188 ,
2435 2139 2502 2178 ne
2527 2123 2655 2178 mihi
2685 2124 3013 2195 negligenter
3039 2133 3324 2194 praetereas
3354 2123 3496 2178 illam
3523 2123 3712 2181 dictio-

2121 2228 2241 2268 nem
2272 2231 2285 2266 :
2319 2215 2413 2269 sed
2441 2214 2544 2270 hoc
2569 2215 2802 2286 intelligo
2831 2216 2898 2270 de
2919 2217 3062 2271 omni
3090 2216 3277 2270 ordine
3296 2257 3311 2281 ,
3341 2218 3486 2270 omni
3515 2223 3690 2280 actate,

2121 2314 2352 2378 utroque
2376 2322 2526 2372 sexu,
2556 2318 2609 2364 et
2636 2309 2869 2363 virorum
2895 2318 2949 2363 et
2975 2307 3288 2362 feminarum
3316 2326 3329 2361 :
3357 2307 3528 2376 cogita
3553 2309 3709 2376 quale

2122 2396 2250 2452 illud
2276 2397 2532 2468 judicium
2563 2401 2650 2465 sit,
2684 2400 2897 2453 revolve
2919 2407 3175 2468 perpetuo
3198 2407 3282 2452 tua
3313 2407 3543 2467 peccata.
3575 2395 3700 2450 Nam

2119 2489 2219 2542 etsi
2271 2489 2385 2558 ipse
2434 2489 2632 2544 oblitus
2681 2489 2842 2545 fueris
2897 2499 3104 2544 tuorum
3156 2489 3469 2543 delictorum
3499 2529 3516 2556 ,
3568 2487 3709 2542 Deus

2120 2595 2407 2650 numquam
2439 2579 2780 2636 obliviscetur
2802 2622 2816 2646 ,
2860 2591 2911 2636 et
2942 2581 3118 2636 omnia
3149 2590 3272 2636 ante
3299 2581 3483 2636 oculos
3510 2579 3708 2634 consti-

2123 2683 2254 2741 tuet,
2288 2674 2386 2729 nisi
2411 2676 2520 2744 jam
2549 2686 2755 2732 mature
2783 2692 2844 2731 ea
2874 2675 3287 2732 cxstinxerimus
3318 2689 3411 2746 per
3440 2675 3706 2744 paeniten-

2122 2766 2246 2820 tiam
2276 2776 2328 2822 et
2357 2765 2746 2823 confessionem
2767 2809 2782 2834 ,
2812 2775 2867 2823 ct
2897 2783 2992 2838 per
3015 2766 3334 2822 oblivionem
3363 2765 3705 2820 offensarum.

2121 2855 2234 2923 Qua
2262 2873 2390 2912 vero
2428 2858 2496 2913 de
2533 2873 2690 2913 causa
2717 2859 2974 2914 rationem
3006 2858 3242 2928 repetit?
3271 2857 3385 2912 Non
3413 2856 3624 2928 quidem
3651 2864 3707 2910 ut

2121 2948 2320 3003 inscius
2343 2949 2629 3021 (quomodo
2646 2951 2786 3004 enim
2806 2949 3024 3014 inscius,
3048 2949 3133 3004 cui
3150 2949 3327 3002 omnia
3348 2949 3558 3018 cognita
3584 2954 3708 3000 sunt

2120 3049 2401 3108 antequam
2435 3041 2622 3108 ﬁant?(
2638 3040 2774 3096 Dan.
2801 3042 2884 3095 l5.
2909 3041 2979 3095 42
3013 3038 3056 3110 ),
3086 3039 3179 3095 sed
3209 3049 3263 3093 ut
3291 3039 3381 3092 tibi
3407 3053 3564 3092 servo
3590 3053 3710 3108 per-

2119 3133 2372 3198 suadeat,
2397 3133 2519 3200 jure
2550 3141 2600 3186 te
2625 3132 2820 3186 debere
2848 3120 3221 3202 quodcumque
3246 3129 3410 3184 debes
3438 3148 3451 3183 :
3479 3129 3586 3182 imo
3613 3143 3707 3197 po-

2120 3222 2242 3285 tius,
2276 3232 2330 3275 ut
2358 3237 2466 3275 nou
2493 3222 2664 3276 solum
2694 3222 2889 3284 discas,
2920 3220 3012 3277 sed
3041 3229 3098 3274 ut
3124 3219 3396 3290 abstergas
3427 3237 3440 3274 :
3471 3217 3706 3290 quando-

2119 3311 2331 3381 quidem
2358 3322 2410 3365 et
2440 3313 2713 3382 pr0phetac
2761 3327 2822 3367 ea
2866 3312 2934 3367 de
2977 3326 3137 3366 causa
3176 3310 3446 3365 mandavit
3489 3319 3707 3380 peccata

2117 3401 2427 3457 Judtcorum
2456 3418 2724 3458 enarrare.
2755 3403 2852 3456 Dic
2876 3445 2891 3470 ,
2921 3403 3123 3472 inquit,
3148 3402 3436 3472 iniquitates
3463 3416 3582 3456 suas
3609 3400 3706 3454 do-

2120 3496 2221 3548 mui
2243 3494 2422 3563 Jacob,
2445 3507 2492 3550 et
2517 3507 2720 3566 peccata
2744 3513 2836 3550 sua
2857 3495 3028 3549 domui
3055 3493 3222 3548 Israel
3252 3493 3272 3567 (
3298 3493 3425 3548 Isai.
3459 3493 3547 3548 58.
3577 3492 3602 3547 1
3635 3491 3654 3563 )
3688 3509 3702 3545 :

2120 3602 2224 3643 non
2247 3599 2302 3643 ut
2323 3589 2540 3644 audiant
2558 3590 2750 3657 solum,
2774 3589 2866 3644 sed
2893 3588 3311 3658 utcorrigantur.
3330 3586 3526 3640 Exorso
3537 3595 3705 3639 autem

2117 3697 2174 3734 eo
2205 3682 2431 3750 conferre
2456 3686 2672 3736 rationes
2690 3723 2704 3741 .
2736 3681 2982 3735 adductus
3008 3689 3080 3734 est
3103 3680 3149 3732 ei
3171 3678 3360 3733 debitor
3385 3693 3516 3732 unus
3542 3676 3704 3730 decies

2118 3771 2255 3825 mille
2282 3773 2583 3825 talentorum
2613 3771 2835 3842 (Matth.
2867 3771 2953 3826 18.
2981 3771 3052 3825 24
3073 3772 3110 3842 ).
3143 3768 3407 3840 Quidquid
3447 3768 3590 3822 enim
3629 3766 3704 3821 illi

2116 3864 2378 3920 creditum
2407 3873 2556 3930 erat,
2605 3864 2655 3919 id
2688 3879 2851 3919 omne
2894 3864 3308 3932 absumpserat:
3351 3875 3540 3931 magna
3582 3859 3706 3916 aeris

2115 3957 2273 4013 alieni
2307 3958 2472 4012 moles
2497 3975 2509 4010 :
2536 3964 2590 4012 et
2621 3973 2724 4011 non
2753 3957 2925 4010 solum
2957 3956 3008 4009 in
3037 3955 3136 4010 hac
3164 3970 3222 4009 re
3249 3953 3538 4024 periculum
3565 3961 3699 4018 erat,

2115 4047 2210 4101 sed
2237 4047 2287 4100 in
2316 4063 2380 4100 eo
2409 4062 2620 4115 quoque
2644 4045 2785 4116 quod
2814 4046 3017 4114 primus
3044 4045 3250 4100 oblatus
3274 4052 3355 4098 est
3375 4041 3612 4097 domino.
3646 4041 3700 4096 Si

2114 4137 2254 4191 enim
2286 4145 2405 4206 post
2446 4136 2641 4190 multos
2671 4137 2724 4190 in
2765 4135 3020 4190 solvendo
3061 4135 3328 4188 studiosos
3366 4134 3463 4188 iste
3492 4133 3702 4188 oblatus

2115 4226 2319 4296 fuisset,
2342 4241 2446 4281 non
2467 4229 2536 4280 ita
2561 4227 2752 4280 mirum
2781 4225 2988 4294 fuisset,
3021 4225 3064 4280 si
3084 4225 3329 4280 dominus
3354 4225 3484 4279 nihil
3509 4223 3702 4278 adver-

2113 4333 2204 4374 Sns
2231 4334 2353 4373 eum
2382 4318 2729 4373 exacerbatus
2759 4317 2944 4373 fuisset
2978 4336 2990 4371 :
3025 4320 3258 4386 priorum
3291 4317 3432 4372 enim
3463 4316 3698 4386 probitas

2113 4409 2366 4477 improbis
2382 4409 2634 4478 deinceps
2651 4409 2894 4463 omnibus
2909 4409 3249 4479 placatiorem
3273 4423 3394 4462 eum
3411 4406 3694 4462 effecisset.

2111 4500 2373 4556 Craterum
2420 4503 2644 4572 primttm
2688 4516 2807 4555 eum
2862 4501 2949 4570 qui
2998 4500 3288 4571 producxus
3339 4499 3543 4564 fuerat,
3591 4507 3696 4553 tam

2111 4598 2394 4668 malignum
2449 4597 2501 4651 in
2549 4595 2804 4650 solvendo
2849 4609 3127 4664 apparere,
3170 4602 3224 4648 et
3268 4603 3543 4662 postquam
3589 4600 3695 4646 tam

2109 4689 2372 4760 malignus
2419 4688 2788 4759 apparuisset,
2845 4686 3119 4741 dominum
3160 4694 3494 4739 mansuetum
3541 4683 3692 4737 inve-

2109 4781 2223 4835 nire
2249 4823 2263 4846 ,
2293 4780 2344 4836 id
2376 4780 2638 4850 pra-cipue
2679 4780 3098 4848 inexspectatum
3137 4785 3191 4830 et
3219 4776 3550 4830 admirabile.
3586 4774 3682 4828 llo-

2107 4875 2277 4928 mines
2298 4875 2438 4927 enim
2466 4873 2551 4927 ubi
2574 4872 2842 4926 debitores
2868 4871 3042 4940 adepti
3066 4879 3207 4933 sunt,
3235 4884 3340 4923 non
3359 4869 3514 4924 aliter
3535 4883 3692 4938 quam

2106 4966 2148 5020 si
2192 4964 2472 5030 venando,
2513 4971 2604 5018 aut
2631 4960 2944 5031 aucupando
2984 4959 3252 5031 quidpiam
3284 4960 3584 5030 cepissent,
3619 4958 3693 5014 ita

2105 5057 2411 5121 exsultant,
2442 5064 2496 5109 et
2522 5055 2696 5107 omnia
2737 5053 2971 5119 faciunt,
3005 5061 3062 5106 ut
3101 5053 3406 5106 universum
3433 5052 3685 5120 exigant:

2105 5148 2243 5218 quod
2275 5147 2318 5202 si
2348 5147 2397 5201 id
2429 5163 2532 5200 non
2562 5144 2764 5215 possint
2795 5144 2865 5198 ob
2892 5153 3181 5216 egestatem
3211 5143 3531 5208 debitorum,
3557 5143 3688 5197 iram

2101 5237 2507 5294 defraudationc
2537 5234 2878 5305 pecuniarum
2924 5235 3202 5290 collectam
3239 5234 3290 5288 in
3332 5248 3690 5287 aerumnosum

2102 5332 2418 5387 miscrorum
2447 5344 2642 5398 corpus
2667 5327 2979 5392 effundunt,
3011 5325 3252 5382 vexando
3271 5366 3287 5391 ,
3315 5324 3649 5380 verberando
3673 5365 3688 5390 ,

2100 5433 2259 5495 atque
2311 5426 2412 5479 alia
2466 5433 2712 5478 sexcenta
2766 5421 2903 5477 mala
2957 5418 3262 5489 inﬂigendo.
3315 5419 3453 5472 Deus
3502 5425 3691 5470 contra

2101 5518 2278 5572 omnia
2322 5525 2539 5581 movet,
2587 5516 2638 5570 in
2686 5513 2931 5568 omnibus
2978 5512 3206 5582 satagit,
3248 5519 3306 5564 ιιι
3333 5525 3452 5563 eum
3495 5507 3692 5563 liberet

2100 5623 2207 5663 :cre
2236 5607 2429 5662 alieno.
2462 5605 2517 5660 In
2551 5604 2704 5660 nobis
2741 5605 2884 5659 enim
2920 5603 3214 5659 debitorum
3246 5600 3454 5657 exactio
3479 5597 3689 5653 divitias

2103 5701 2225 5757 facit
2252 5717 2264 5754 :
2295 5700 2434 5755 Deus
2458 5710 2633 5754 autem
2660 5698 2709 5752 in
2741 5696 3070 5752 remittendis
3097 5694 3327 5766 peccatis
3353 5691 3584 5748 maxime
3609 5688 3688 5744 dl-
