4066 6274
435 289 505 346 ,3
579 301 582 304 ι
1195 283 1284 338 οε
1328 283 1558 340 DECEM
1600 275 1892 339 unum:
1932 269 2229 329 TALENT.
2275 273 2616 331 omnem:
2657 273 2960 330 "mum.
3475 339 3478 342 ,
3607 283 3676 380 ιμ

431 403 466 470 ἡ
497 398 678 454 πενία.
709 400 817 455 Καὶ
855 399 1062 472 μάρτυς
1099 411 1133 472 η
1158 403 1305 476 χήρα
1335 404 1368 474 ἡ
1401 403 1472 455 τά
1502 401 1596 456 δύο
1627 397 2010 454 καταϐαλοῦσα

438 491 630 557 λεπτὰ,
660 492 752 546 καὶ
778 494 904 558 τοὺς
933 493 1102 547 πολλά
1148 493 1488 558 καταθέντας
1535 490 2012 564 ὐπερακοντίσασα

437 583 526 638 διὰ
565 583 664 653 τῆς
693 586 894 654 μικρᾶς
921 585 1136 658 ἐκείνης
1169 585 1496 656 καταϐολῆς.
1547 586 1622 638 υύ
1675 583 1924 637 πλούσιοι
1955 582 2012 635 δέ

435 674 532 728 καὶ
557 674 788 744 πένητες
826 674 1005 744 μόνον,
1056 676 1192 730 ἀλλά
1222 678 1316 730 καὶ
1348 677 1610 747 ἄρχοντες
1638 675 1734 729 καὶ
1759 673 2012 727 δικασταὶ

440 763 579 833 μετά
612 763 812 834 πολλῆς
866 763 1210 830 ἐξετάζονται
1248 767 1350 836 τῆς
1384 765 1689 835 ἀκριϐείας,
1733 765 1782 818 εί
1825 764 1898 835 μή
1933 765 2012 817 δι-

436 853 695 926 έφθειραν
725 855 788 908 τὸ
823 855 1051 923 δίκαιον,
1101 858 1150 910 εί
1196 857 1269 928 μή
1313 857 1450 926 πρὸς
1475 857 1657 929 χάριν,
1684 859 1732 909 εἰ
1767 856 1840 928 μὴ
1873 855 2012 927 πρὸς

427 941 734 1013 ἀπέχθειαν
764 942 1102 1014 ἐψηφίσαντο
1134 947 1245 1007 τοῖς
1290 944 1684 1014 δικαζομένοις,
1733 943 1781 994 εί
1813 941 1886 1012 μή
1919 957 2010 994 κο-

433 1031 795 1094 λακευθέντες
843 1031 1048 1084 ἔδωκαν
1097 1032 1248 1104 παρὰ
1294 1031 1357 1085 τὸ
1393 1029 1513 1084 δέον
1556 1031 1655 1100 τὴν
1699 1029 1905 1100 ψῆφον,
1958 1027 2008 1080 εί

437 1121 513 1192 μὴ
576 1120 1040 1191 μνησικακοῦντες
1088 1122 1401 1193 ἐπηρέασαν
1454 1124 1568 1178 τοῖς
1619 1119 1769 1174 οὐδὲν
1819 1119 2010 1195 ήδικη-

426 1211 586 1266 κόσιν

502 1305 612 1375 Οὐχ
640 1306 687 1357 ot
711 1305 911 1373 ἔξωθεν
938 1306 994 1359 δὲ
1028 1306 1188 1378 μόνον
1221 1306 1502 1378 ἄρχοντες,
1535 1310 1670 1366 ἀλλά
1693 1309 1790 1364 καὶ¹
1811 1309 1861 1363 οί
1897 1302 2005 1356 τῶν

444 1393 780 1466 Ἐκκλησιῶν
802 1399 1148 1469 προεστῶτες
1172 1399 1271 1469 τῆς
1302 1399 1510 1463 οἰκείας
1535 1397 1714 1470 ἀρχῆς
1748 1397 2006 1466 ὑφέξουσι

431 1486 522 1540 τὸν
553 1487 713 1556 λόγον
737 1503 752 1519 '
785 1491 879 1543 καὶ
903 1490 1138 1560 μάλιστα
1160 1485 1305 1546 οὗτοί
1332 1492 1468 1544 εἰσιν
1508 1493 1557 1544 οἱ
1586 1491 1680 1543 ἐπὶ⁸
1715 1489 1877 1543 πλέον
1909 1488 2008 1552 τὰς

430 1577 632 1649 πικρὰς
653 1579 746 1632 καὶ
765 1579 986 1650 βαρείας
1011 1580 1243 1645 εὐθύνας
1265 1581 1575 1654 ὑπέχοντες.
1607 1580 1714 1634 Καὶ
1742 1579 1852 1652 γὰρ
1870 1580 1898 1634 6
1914 1578 2006 1633 τοῦ

428 1667 586 1738 λόγου
624 1671 722 1742 τὴν
759 1669 1034 1727 διακονίαν
1073 1673 1547 1746 ἐγκεχειρισμένος
1585 1673 2006 1744 ἐξετασθήσεται

419 1758 572 1826 ,μετά
605 1761 888 1830 ἀκριϐείας
942 1763 1077 1826 ἐκεῖ,
1137 1765 1184 1816 εί
1243 1763 1379 1834 μήτε
1430 1763 1593 1834 όκνῳ,
1634 1765 1772 1834 μήτε
1826 1763 2006 1834 φθόνῳ

423 1851 656 1922 ,Μρεῖὃέ
688 1869 738 1906 τι
772 1852 879 1906 τῶν
911 1853 1140 1906 δεόντων
1168 1855 1365 1922 εἰπεῖν,
1399 1855 1494 1907 καὶ
1542 1853 1631 1906 διὰ
1681 1853 1791 1909 τῶν
1828 1851 2006 1924 ἔργων

421 1942 724 2011 ἐπέδειξεν,
759 1945 839 1998 ὃτι
872 1945 1048 1999 πάντα
1087 1945 1436 2010 διεστείλατο,
1469 1944 1564 1998 καὶ
1608 1945 1759 1997 οὐδὲν
1801 1943 2007 2016 ἔκρυψε

429 2030 539 2082 τῶν
589 2033 998 2102 συμφερόντων.
1047 2033 1220 2088 Πάλιν
1252 2036 1280 2086 6
1330 2033 1428 2104 τὴν
1466 2031 1772 2104 ἐπισκοπὴν
1801 2031 2005 2104 λαχὼν,

427 2119 540 2191 ὅσῳ
569 2121 704 2192 πρὸς
727 2123 948 2192 μείζονα
965 2123 1130 2192 ὄγκον
1157 2123 1484 2194 ἀναϐέϐηκε,
1515 2123 1755 2194 τοσούτῳ
1784 2125 2007 2178 πλείονα

421 2209 864 2283 ἁπαιτηοὴσεται
917 2213 1093 2281 λόγον,
1149 2215 1270 2284 οὐχὶ
1329 2213 1678 2278 διδασκαλίας
1720 2215 1880 2285 μόνον
1913 2215 2006 2268 καὶ

426 2302 678 2372 πενήτων
709 2305 1064 2374 προστασίας,
1094 2305 1230 2358 ἀλλά
1261 2306 1355 2358 καὶ
1389 2306 1736 2375 χειροτονιῶν
1773 2307 1999 2378 δοκιμα-

425 2391 544 2456 σίας
572 2393 665 2447 καὶ
699 2393 906 2464 μυρίων
945 2395 1168 2468 ἐτέρων.
1201 2397 1309 2450 Καὶ
1337 2397 1510 2450 ταῦτα
1531 2397 1706 2468 δηλῶν
1734 2399 1761 2452 6
1794 2397 2004 2461 Παῦλος

422 2482 501 2554 τῷ
535 2485 783 2555 Τιμοθέῳ
813 2486 1020 2558 ἔγραφε
1042 2505 1054 2518 ·
1109 2487 1322 2556 Χεῖρας
1353 2488 1582 2556 ταχέως
1607 2489 1822 2558 μηδενὶ
1876 2489 2002 2542 ἐπι-

419 2573 588 2641 τίθει,
635 2575 791 2646 μηδὲ
818 2577 1090 2632 κοινώνει
1121 2579 1436 2648 ἁμαρτίαις
1487 2580 1838 2649 ἀλλοτρίαις
1863 2597 1876 2611 ·
1909 2581 2003 2634 καὶ

436 2664 711 2738 Ἑϐραίοις
747 2669 804 2722 δὲ
833 2669 1097 2742 περὶτῶν
1141 2669 1320 2725 αὐτῶν
1372 2671 1650 2742 ἀρχόντων
1690 2672 1998 2744 παραινῶν,

417 2756 624 2828 ἑτέρως
663 2761 846 2829 ἐφόϐει
879 2761 1020 2816 οὓτω
1051 2762 1225 2832 λέγων
1244 2779 1257 2792 ·
1285 2766 1568 2818 Πείθεσθε
1606 2764 1730 2830 τοῖς
1755 2765 2004 2834 ἡγουμέ-

425 2863 556 2914 νοις
591 2848 756 2917 ὑμῶν
778 2851 874 2904 καί
903 2855 1206 2906 ὑπείκετε·
1245 2854 1416 2906 αὐτοὶ
1442 2855 1552 2923 γὰρ
1585 2855 2003 2924 ἀγρυπνοῦσιν

417 2939 579 3008 ὑπὲρ
606 2940 724 2995 τῶν
752 2942 968 3011 ψυχῶν
995 2943 1183 3012 ὑμῶν,
1207 2945 1288 3012 ὡς
1310 2945 1500 3017 λόγον
1550 2947 1996 3016 ἀποδώσοντες.

426 3032 561 3087 Τότε
599 3035 720 3105 οὐχὶ
752 3037 1095 3107 πραγμάτων
1122 3037 1179 3091 δὲ
1215 3039 1415 3109 μόνων,
1447 3039 1583 3094 ἀλλά
1606 3041 1702 3094 καὶ
1741 3042 2003 3114 ῥημάτων

431 3125 732 3196 παρέξομεν
756 3127 1002 3192 εὐθύνας.
1029 3128 1297 3204 Καθάπερ
1330 3132 1438 3203 γάρ
1460 3134 1552 3186 καὶ
1577 3135 1740 3206 ἡμεῖς
1764 3135 2003 3208 ἀργύρια

421 3221 536 3282 τοῖς
559 3219 797 3284 οἰκέταις
833 3221 1324 3292 ἐμπιστεύσαντες,
1359 3225 1614 3280 ἀπάντων
1659 3228 2002 3302 ἀπαιτοῦμεν

422 3312 619 3376 αὐτοὺς
647 3311 825 3380 λόγον,
863 3313 1006 3367 οὓτω
1032 3315 1126 3368 καὶ
1153 3317 1182 3369 6
1203 3316 1357 3380 Θεὸς,
1399 3318 1620 3389 ῥήματα
1649 3321 1784 3391 ἡμῖν
1829 3324 2000 3392 ἐμπι-

417 3402 675 3468 στεύσας,
709 3403 932 3476 ζητήσει
965 3406 1064 3476 τῆς
1123 3405 1370 3478 δαπάνης
1404 3409 1583 3463 αὐτῶν
1634 3411 1727 3466 τὸν
1777 3414 1997 3485 τρόπον.

435 3495 840 3565 Ἀπαιτούμεθα
869 3496 925 3549 δὲ
963 3499 1056 3551 καὶ
1089 3497 1456 3570 ἐξεταζόμεθα
1511 3502 1648 3571 μετά
1678 3503 1964 3573 ἀκριϐείας
1983 3545 1998 3569 ,

423 3591 472 3644 ιι
502 3585 574 3656 μὴ
608 3586 732 3658 είκῆ
766 3587 901 3657 μηδέ
956 3589 1134 3659 μάτην
1166 3590 1306 3644 αὐτά
1335 3591 1692 3663 ἀναλώσαμεν
1713 3609 1726 3624 ο
1775 3594 1836 3648 οὐ
1895 3596 2000 3670 γὰρ

424 3677 594 3742 οὕτως
629 3678 892 3752 ἀργύριον
941 3681 1129 3747 ἀπλῶς
1186 3683 1464 3740 ἀναλωθὲν
1513 3685 1595 3760 [8]
1636 3687 1886 3760 ἔϐλαψεν,
1923 3691 2000 3755 ὡς

423 3773 642 3842 ῥήματα
679 3774 799 3843 είκῆ
859 3774 954 3826 καὶ
990 3775 1166 3846 μάτην
1191 3777 1542 3848 ἐξενεχθέντα
1587 3780 1680 3834 καὶ
1734 3784 1816 3848 είς
1848 3784 1999 3838 οὐδὲν

409 3858 559 3916 δέον.
602 3861 889 3931 ’Δργύριον
917 3863 1014 3932 μὲν
1063 3865 1172 3937 γὰρ
1221 3869 1400 3938 μάτην
1427 3868 1734 3940 δαπανηθὲν
1765 3874 1824 3925 ἐν
1861 3875 1998 3945 χρή-

425 3965 561 4016 μασι
590 3950 850 4015 πολλάκις
876 3951 972 4024 τὴν
1016 3955 1220 4026 ζημίαν
1274 3959 1495 4029 ἤνεγκε,
1531 3960 1689 4028 λόγος
1725 3961 1782 4016 δὲ
1813 3964 2000 4030 ἁπλῶς

425 4041 776 4112 προενεχθεὶς
798 4043 1124 4116 ὁλοκλήρους
1158 4047 1455 4120 ἀνέτρεψεν
1481 4050 1678 4118 οίκίας,
1703 4051 1797 4106 καὶ
1819 4051 2000 4123 ψυχάς

423 4131 670 4187 ἀπώλεσε
701 4135 797 4188 καὶ
838 4137 1133 4190 κατέλυσε·
1177 4139 1272 4193 καὶ
1305 4139 1411 4194 τῶν
1437 4140 1536 4210 μὲν
1567 4142 1864 4214 χρημάτων
1898 4145 1997 4217 τήν

420 4220 624 4295 ζημίαν
659 4224 948 4297 διορθῶσαι
987 4230 1148 4284 πάλιν
1187 4229 1286 4298 ἔνι,
1324 4231 1481 4302 λόγον
1512 4233 1570 4287 δὲ
1613 4235 1997 4308 ἐκπηδήσαντα

410 4315 672 4384 καθάπαξ
697 4319 1106 4388 ἀνακτήσασθαι
1132 4322 1294 4377 πάλιν
1319 4325 1422 4379 οὐκ
1453 4326 1552 4380 ἔνι.

490 4409 599 4462 Καὶ
621 4409 704 4462 ὅτι
725 4409 900 4477 λόγων
929 4411 1144 4483 δίδομεν
1175 4413 1350 4479 δίκας,
1379 4417 1612 4472 ἄκουσον
1663 4419 1717 4472 τί
1758 4437 1926 4492 φησιν
1967 4425 1997 4477 6

421 4497 684 4568 Xp:o'10';°
713 4497 876 4568 Λέγω
911 4499 978 4554 δὲ
1017 4502 1179 4572 ὑμῖν,
1235 4504 1325 4558 ὅτι
1357 4504 1482 4560 πᾶν
1499 4506 1669 4577 ῥῆμα
1719 4509 1928 4580 ἀργὸν,
1962 4512 1994 4566 ὃ

414 4588 527 4642 ἐὰν
558 4592 920 4660 λαλήσωσιν
943 4598 997 4649 οἱ
1024 4595 1323 4665 ἂνθρωποι
1355 4598 1452 4652 ἐπὶ
1501 4600 1614 4668 τῆς
1662 4601 1796 4671 τῆς,
1847 4605 1997 4659 ἀπο-

407 4679 686 4736 δώσουσι
713 4684 900 4754 λόγον
928 4688 1060 4754 περί
1081 4689 1273 4743 αὐτοῦ
1308 4689 1379 4742 ἐν
1403 4690 1591 4760 ἡμέρᾳ
1615 4693 1868 4762 κρίσεως
1884 4713 1900 4729 ο
1925 4697 1996 4752 ἐκ

402 4773 527 4840 ,ιὰρ
559 4770 680 4826 τῶν
715 4777 915 4844 λόγων
959 4791 1075 4831 σου
1133 4777 1538 4848 δικαιωθήσῃ,
1590 4782 1690 4836 καὶ
1747 4783 1816 4838 ἐκ
1875 4783 1995 4840 τῶν

404 4863 614 4932 λόγων
659 4879 776 4918 σου
819 4867 1248 4936 κατακριθήσῃ.
1299 4873 1376 4923 Οὐ
1422 4873 1682 4943 ῥημάτων
1725 4877 1782 4930 δέ
1832 4879 1992 4948 μόνον

411 4957 426 4989 ί
447 4952 630 5024 ίδομεν
657 4955 907 5024 εὐθύνας,
939 4959 1071 5012 ἀλλά
1097 4961 1190 5014 καὶ
1213 4963 1596 5033 ἀκουσμάτων
1629 4962 1740 5019 οἷον
1773 4969 1824 5021 εἰ
1852 4988 1992 5042 παρ-

415 5045 584 5110 δέξω
615 5050 954 5122 κατηγορίαν
985 5054 1124 5107 κατά
1162 5055 1257 5108 τοῦ
1297 5055 1525 5127 πλησίον
1555 5059 1724 5132 ψευδῆ
1764 5060 1993 5134 λεγομέ-

411 5157 514 5211 νην
533 5157 547 5170 ·
591 5141 804 5212 Ἆκοὴν
824 5141 954 5216 γὰρ,
990 5147 1142 5216 φησὶ,
1166 5149 1428 5217 ματαίαν
1445 5151 1532 5220 μὴ
1563 5153 1896 5223 παραδέξῃ.
1927 5155 1991 5209 Εἰ

411 5233 468 5286 δέ
501 5233 552 5284 οί
596 5231 876 5306 δεχόμενοι
910 5237 1147 5306 ματαίαν
1180 5239 1349 5310 ἀκοήν
1387 5241 1488 5294 οὐκ
1515 5242 1581 5296 ἂν
1610 5243 1824 5314 τύχοιεν
1857 5262 1990 5314 συγ-

415 5321 672 5396 γνώμης.
729 5327 779 5379 οί
811 5325 1188 5390 διαϐάλλοντες
1225 5332 1322 5384 καὶ
1353 5335 1786 5406 κατηγοροῦντες
1833 5338 1991 5391 ποίαν

415 5413 625 5480 ἐξουσιν
644 5417 937 5487 ἀπολογίαν
959 5437 974 5486 ;

488 5569 550 5620 ε’.
573 5564 681 5620 Καὶ
697 5567 748 5621 τί
767 5569 911 5638 λέγω
931 5572 1152 5643 ῥήματα
1169 5575 1260 5629 καὶ
1279 5576 1472 5650 ἀκοὴν,
1496 5581 1631 5636 ὅπου
1643 5597 1705 5652 γε
1723 5583 1817 5637 καὶ
1831 5581 1982 5638 ἐνθυ-

423 5659 686 5726 νημάτων
712 5661 936 5729 εὐθύνας
963 5664 1267 5738 ὑπέγομενς
1300 5670 1408 5726 Καὶ
1431 5672 1590 5728 τοῦτο
1615 5671 1748 5726 αὐτὸ
1777 5674 1806 5726 6
1829 5675 1978 5730 Παῦ-

2114 394 2206 459 λος
2231 396 2405 466 δηλῶν
2425 397 2608 467 ἔλεγεν
2627 415 2640 428 ·
2678 399 2857 450 Ὥστε
2879 397 2964 466 μὴ
2984 395 3094 465 πρὸ
3123 393 3330 463 καιροῦ
3351 409 3407 448 τι
3429 393 3684 463 κρίνετε.

2112 477 2222 544 ἕως
2256 479 2333 533 ἂν
2351 481 2501 549 ἔλθῃ
2534 485 2566 537 ό
2587 483 2822 549 Κύριος,
2845 479 2913 546 ὃς
2939 478 3038 532 καὶ
3065 478 3309 547 φωτίσει
3342 477 3414 531 τὰ
3453 481 3696 545 κρυπτὰ·

2113 563 2220 616 τοῦ
2268 565 2563 631 σκότους,
2615 564 2716 618 καὶ
2759 562 3090 632 φανερώσει
3141 561 3248 626 τὰς
3285 560 3522 626 ,βουλὰς
3567 558 3688 614 τῶν

2111 645 2388 716 καρδιῶν.
2421 649 2531 701 Καὶ
2563 650 2591 702 6
2617 647 2922 719 Ψαλμῳδὸς
2948 646 3005 700 δέ
3037 662 3225 715 φησιν,
3255 645 3338 697 ὅτι
3377 645 3688 713 Ὲνθύμιον

2111 729 2426 798 ἀνθρώπου
2468 730 2978 801 ἐξομολογήσεται
3015 744 3133 783 σοι.
3165 728 3230 782 Τί
3265 730 3432 794 ἐστιν,
3478 728 3687 784 Ἐν·θύ-

2107 831 2250 880 μιον
2267 814 2584 882 ἀνθρώπου
2611 813 3119 883 ἐξομολογήσεται
3139 828 3267 875 σοι;
3294 808 3440 876 Οἴου,
3469 813 3516 878 εί
3549 813 3686 882 μετά

2110 894 2263 948 δόλου
2304 897 2398 949 καὶ
2436 898 2680 968 πονηρᾶς
2711 895 2936 966 γνώμης
2969 896 3104 966 πρὸς
3139 895 3230 948 τὸν
3263 895 3487 964 ἀδελφὸν
3521 896 3688 950 διελέ-

2110 979 2276 1049 χθης,
2306 981 2354 1032 εί
2403 980 2488 1036 διὰ
2526 979 2621 1032 τοῦ
2651 980 2918 1050 στόματος
2965 978 3128 1034 αὐτὸν
3167 978 3404 1032 ἐπαινῶν
3449 979 3544 1032 καὶ
3588 980 3688 1051 τῆς

2111 1059 2384 1134 γλώττης,
2437 1063 2576 1117 κατά
2627 1063 2863 1116 διάνοιαν
2919 1061 3204 1125 ἐκάκωσας
3249 1061 3342 1115 καὶ
3385 1061 3688 1133 ἐφθόνησας

2111 1144 2280 1215 αὐτῷ.
2311 1145 2480 1200 Πάλιν
2501 1145 2610 1218 γὰρ
2638 1145 2795 1200 τοῦτο
2820 1145 2951 1199 αὐτὸ
2979 1149 3007 1199 6
3034 1144 3268 1216 Χριστὸς
3301 1145 3687 1216 αἰνιττόμενος,

2109 1226 2192 1282 δτι
2221 1229 2342 1298 οὐχὶ
2375 1228 2552 1301 ἔργων
2597 1229 2756 1300 μόνον
2775 1271 2790 1296 ,
2823 1229 2960 1282 ἀλλὰ
3001 1229 3094 1282 καὶ
3127 1227 3524 1298 ἐνθυμημάτων
3553 1228 3690 1282 δίδον

2114 1327 2212 1382 μεν
2238 1312 2426 1383 δίκην,
2465 1313 2681 1380 ἔλεγεν·
2727 1314 2792 1366 '0
2826 1311 3132 1382 ἐμϐλέψας
3169 1311 3404 1381 γυναικί
3447 1309 3596 1380 πρὸς
3621 1310 3692 1364 τὰ

2109 1393 2480 1463 ἐπιθυμῆσαι
2511 1394 2722 1464 αὐτῆς,
2749 1395 2866 1465 ἤδη
2891 1396 3252 1464 ἐμοίχευσεν
3286 1391 3482 1459 αὐτὴν
3516 1393 3588 1445 ἐν
3612 1389 3691 1462 τῇ

2108 1475 2324 1545 καρδίᾳ
2373 1479 2581 1535 αὑτοῦ.
2633 1480 2828 1532 Καίτοι
2875 1480 2937 1531 οὐ
2991 1477 3262 1549 προῆλθεν
3315 1479 3395 1540 είς
3441 1476 3599 1546 ἔργον
3653 1477 3688 1547 ή

2109 1559 2374 1631 ἁμαρτία,
2413 1561 2527 1615 ἀλλ’
2558 1562 2617 1614 ἐν
2649 1562 2857 1634 διανοίᾳ
2903 1561 3043 1625 τέως
3073 1562 3250 1614 ἐστίν·
3287 1559 3400 1613 ἀλλ’
3430 1559 3551 1612 οὐδέ
3595 1557 3690 1612 οὓ-

2105 1659 2215 1706 τως
2265 1644 2598 1714 ἀνέγκλητος
2634 1644 2858 1699 δύναται
2907 1647 3086 1716 μεῖναι
3119 1647 3148 1698 6
3189 1643 3278 1696 διὰ
3321 1643 3477 1696 τοῦτο
3529 1658 3688 1713 περι-

2109 1728 2328 1781 σκοπῶν
2355 1729 2527 1801 κάλλη
2553 1730 2850 1798 γυναικῶν,
2877 1730 2966 1783 ἵνα
3000 1728 3180 1801 ἀνάψῃ
3215 1726 3472 1799 πορνείας
3501 1725 3690 1778 ἐπιθυ-

2111 1810 2259 1880 μίαν.
2297 1811 2468 1865 Ὅταν
2506 1808 2599 1865 οὖν
2637 1812 2896 1886 ἀκούσῃς,
2933 1814 3014 1865 ὅτι
3049 1811 3294 1881 συναίρει
3343 1809 3502 1876 λόγον
3551 1808 3690 1878 μετὰ

2108 1893 2219 1945 τῶν
2245 1893 2446 1946 δούλων
2485 1893 2684 1960 αὐτοῦ,
2719 1896 2794 1966 μὴ
2827 1894 3103 1966 παρέλθῃς
3146 1893 3331 1956 ἁπλῶς
3367 1893 3465 1962 τὴν
3494 1893 3686 1963 ῥῆσιν,

2109 1976 2225 2028 ἀλλ’
2255 1978 2508 2049 ἐννόησον
2537 1981 2714 2032 πᾶσαν
2737 1979 2914 2043 ἀξίαν,
2947 1980 3129 2031 πᾶσαν
3153 1976 3384 2048 ἡλικίαν,
3419 1975 3688 2046 ἑκατέραν

2106 2061 2206 2132 τὴν
2236 2061 2430 2130 φύσιν,
2478 2063 2585 2116 τῶν
2619 2080 2678 2116 τε
2725 2063 2933 2134 ἀνδρῶν
2955 2103 2970 2126 ,
3012 2061 3120 2116 τῶν
3162 2079 3222 2115 τε
3249 2060 3562 2130 γυναικῶν
3603 2061 3689 2112 ἐν-

2107 2145 2300 2214 νόησον
2340 2143 2451 2198 οίον
2498 2146 2650 2200 ἔσται
2691 2146 2812 2198 τότε
2862 2145 2924 2198 τὸ
2953 2145 3333 2216 δικαστήριον,
3370 2143 3687 2210 ἀναλόγισαι

2105 2227 2176 2280 τά
2223 2229 2588 2300 ἡμαρτημένα
2624 2247 2706 2282 σοι
2739 2229 2935 2282 πάντα.
2967 2226 3089 2281 Κᾶν
3113 2229 3222 2298 γὰρ
3258 2227 3419 2288 αὐτὸς
3453 2224 3686 2296 ἐπιλάϐῃ

2105 2311 2212 2364 τῶν
2251 2312 2838 2383 πεπλημμελημένων,
2883 2311 3016 2375 Θεὸς
3047 2311 3306 2365 οὐδέποτε
3336 2309 3690 2380 ἐπιλήσεται,

2104 2393 2241 2447 ἀλλὰ
2281 2395 2458 2448 πάντα
2501 2395 2608 2466 πρὸ
2654 2394 2760 2449 τῶν
2816 2394 3114 2465 ὀφθαλμῶν
3173 2395 3362 2464 στήσει
3391 2393 3500 2446 τῶν
3549 2395 3692 2464 ἡμε-

2102 2479 2297 2550 τέρων.
2349 2480 2414 2533 ἂν
2451 2479 2526 2552 μὴ
2575 2479 2936 2551 προλαϐόντες
2975 2479 3113 2532 αὐτὰ
3165 2477 3560 2548 καταλύσωμεν
3591 2475 3688 2530 νῦν

2102 2560 2189 2614 διά
2220 2563 2505 2632 μετανοίας
2549 2565 2642 2618 καὶ
2671 2564 3130 2634 ἐξομολογήσεως,
3169 2564 3264 2617 καὶ
3290 2561 3385 2616 τοῦ
3419 2562 3687 2634 μηδέποτε

2107 2649 2468 2717 μνησικακεῖν
2518 2649 2630 2711 τοῖς
2669 2646 2919 2717 πλησίον.
2956 2647 3114 2710 Τίνος
3143 2646 3202 2698 δέ
3230 2645 3416 2700 ἕνεκεν
3461 2648 3606 2699 ποιεί
3627 2645 3689 2699 τὸ

2102 2726 2440 2796 λογοθέσιον;
2489 2731 2601 2800 Οὐχ
2647 2727 2722 2791 ὡς
2743 2725 2902 2788 αὐτὸς
2923 2728 3151 2796 ἀγνοῶν,
3185 2729 3338 2797 (πῶς
3368 2729 3478 2800 γάρ
3500 2771 3515 2794 ,
3553 2731 3582 2782 6
3609 2730 3689 2782 εί-

2102 2808 2208 2874 δὼς
2244 2811 2312 2864 τά
2361 2814 2540 2866 πάντα
2586 2811 2716 2884 πρὶν
2762 2812 3032 2880 γενέσεως
3059 2811 3329 2880 αὐτῶν;),
3361 2811 3475 2864 ἀλλ’
3509 2811 3598 2864 ἵνα
3624 2827 3686 2862 σε

2104 2893 2267 2964 πείσῃ
2313 2893 2405 2947 τὸν
2450 2896 2702 2965 οἰκέτην,
2736 2896 2818 2948 61:
2855 2895 3082 2957 δικαίως
3128 2894 3393 2963 ὀφείλεις,
3448 2894 3588 2964 ὅπερ
3620 2894 3688 2946 ἂν

2104 2974 2324 3046 ὀφείλῃς
2345 2991 2358 3005 ·
2400 2977 2598 3045 μᾶλλον
2649 2979 2706 3030 δὲ
2749 2977 2847 3050 οὐχ
2879 2979 2966 3031 ἵνα
3012 2977 3189 3048 μάθῃς
3245 2977 3424 3049 μόνον,
3451 2976 3566 3029 ἀλλ’
3598 2976 3687 3029 ἵνα

2105 3057 2199 3110 καὶ
2239 3058 2476 3130 ἀπονίψῃ
2499 3077 2512 3089 ·
2547 3061 2668 3112 ἐπεὶ
2712 3061 2806 3113 καὶ
2839 3059 2916 3130 τῷ
2963 3061 3216 3132 προφήτῃ
3260 3059 3349 3113 διά
3379 3058 3539 3114 τοῦτο
3568 3058 3688 3112 ἐκί-

2102 3139 2262 3194 λευσε
2294 3141 2363 3196 τὰ
2411 3143 2786 3214 ἁμαρτήματα
2829 3143 3008 3212 λέγειν
3041 3143 3150 3196 τῶν
3208 3143 3497 3198 Ἰουδαίων.
3539 3141 3689 3212 Λέγε

2103 3223 2235 3296 γὰρ,
2270 3226 2432 3296 φησὶ,
2475 3227 2584 3295 τὰς
2625 3227 2879 3296 ἀνομίας
2925 3223 3124 3281 αὐτῶν
3149 3225 3230 3292 τῷ
3276 3227 3419 3292 οἴκῳ
3456 3225 3684 3290 Ἰακὼϐ.

2101 3309 2201 3363 καὶ
2247 3312 2354 3376 τὰς
2386 3310 2674 3379 ἁμαρτίας
2710 3309 2910 3365 αὐτῶν
2953 3310 3034 3376 τῷ
3079 3313 3225 3376 οἴκῳ
3267 3310 3549 3380 Ἰσραήλο
3588 3310 3688 3382 οὐχ

2103 3393 2190 3445 [va
2221 3393 2497 3448 ἀκούσωσι
2528 3394 2720 3465 μόνον,
2749 3394 2862 3448 ἀλλ’
2901 3395 2988 3448 ἵνα
3019 3391 3443 3466 διορθὼσωνται.
3489 3395 3687 3463 Ἀρξα-

2095 3475 2284 3544 μένου
2315 3476 2384 3529 δὲ
2409 3477 2594 3531 αὐτοῦ
2623 3479 2957 3547 συναῲειν,
2990 3477 3375 3548 προσηνέχθη
3407 3475 3568 3543 αὐτῷ
3598 3473 3687 3543 εἷς

2101 3558 2415 3628 ὀφειλέτης
2455 3559 2534 3630 [9]
2572 3561 2802 3629 μυρίων
2843 3561 3175 3614 ταλάντων.
3231 3557 3378 3630 τΑρα
3411 3562 3554 3614 πόσα
3601 3561 3687 3612 ἐν·

2102 3637 2432 3710 επιστεύθη,
2485 3639 2567 3692 ὅτι
2611 3637 2850 3692 τοσαῦτα
2902 3639 3216 3706 κατέφαγε;
3259 3639 3452 3708 Μέγας
3497 3638 3527 3690 ὁ
3577 3637 3686 3692 τῶν

2101 3719 2432 3790 ὀφλημάτων
2465 3721 2628 3791 όγκος
2653 3738 2666 3753 ·
2715 3723 2808 3775 καὶ
2834 3723 2956 3793 οὐχὶ
3003 3721 3160 3793 μόνον
3198 3722 3358 3776 τοῦτο
3387 3717 3455 3794 ἦν
3497 3721 3556 3774 τὸ
3585 3738 3687 3793 χα-

2102 3803 2285 3868 λεπὸν,
2310 3805 2426 3856 ἀλλ’
2457 3807 2539 3857 ὅτι
2569 3805 2662 3858 καὶ
2689 3805 2904 3875 πρῶτος
2931 3806 3276 3876 προσηνέχθη
3310 3805 3387 3878 τῷ
3425 3805 3680 3880 δεσπότῃ.

2102 3885 2166 3938 El
2201 3885 2300 3954 μὲν
2329 3885 2439 3958 γὰρ
2472 3886 2608 3956 μετά
2639 3887 2867 3950 πολλοὺς
2905 3889 3126 3958 ἐτέρους
3161 3890 3686 3959 εὐγνωμονήσαντας

2103 3963 2257 4032 οὗτος
2307 3969 2683 4041 προσηνέχθην
2719 3971 2817 4040 οὐχ
2863 3969 3005 4023 οὕτω
3039 3970 3352 4038 θαυμαστὸν
3393 3966 3462 4040 ἦν
3511 3971 3572 4022 τὸ
3609 3969 3684 4041 μὴ

2102 4051 2506 4124 παροξυνθῆναι
2537 4053 2628 4106 τὸν
2658 4053 2959 4123 δεσπότην·
3011 4055 3044 4124 ἡ
3073 4053 3183 4124 γὰρ
3217 4053 3327 4106 τῶν
3361 4053 3685 4123 φθασάντων

2099 4135 2488 4207 εὐγνωμοσύνη
2528 4139 2640 4200 τοῖς
2695 4137 2832 4207 μετά
2863 4136 3037 4191 ταῦτα
3068 4137 3518 4208 ἡγνωμονηκόσιν
3548 4138 3685 4209 ἡμε-

2101 4218 2335 4292 ρώτερον
2368 4221 2529 4274 αὐτὸν
2571 4219 2765 4291 ἔμελλε
2800 4225 2990 4275 ποιεῖν.
3033 4221 3106 4274 Τὸ
3134 4221 3190 4275 δὲ
3238 4222 3454 4294 πρῶτον
3492 4225 3682 4294 είσαχ-

2100 4301 2262 4357 θέντα
2293 4302 2584 4374 ἀγνώμονα
2613 4303 2878 4374 φανῆναι,
2916 4304 3012 4357 καὶ
3052 4303 3225 4368 οὔτως
3263 4305 3558 4378 ἀγνώμονα
3587 4323 3682 4376 γε·

2097 4386 2320 4457 νόμενον
2342 4427 2357 4451 ,
2388 4387 2768 4459 φιλανθρώπου
2803 4391 2986 4458 τυχεῖν
3034 4390 3296 4442 δεσπότου
3316 4431 3332 4455 ,
3365 4391 3524 4444 τοῦτό
3565 4394 3682 4445 ἐστι

2097 4471 2158 4524 16
2206 4470 2441 4541 μάλιστα
2482 4470 2794 4539 θαυμαστὸν
2837 4473 2931 4523 καὶ
2985 4472 3308 4540 παράδοξον.
3371 4474 3680 4544 Ἄνθρωποι

2101 4553 2199 4623 μὲν
2224 4549 2338 4616 οὖν,
2376 4552 2597 4606 ἐπειδὰν
2629 4551 2829 4623 εὕρωσι
2858 4555 2980 4616 τοὺς
3003 4553 3334 4623 ὀφείλοντας,
3366 4555 3556 4627 ὥσπερ
3579 4558 3676 4628 θή-

2101 4653 2200 4708 ραν
2243 4639 2338 4690 καὶ
2365 4635 2540 4714 ἄγραν
2572 4636 2852 4706 εὑρόντες,
2885 4635 3028 4691 οὕτω
3059 4637 3346 4707 γεγήθασι,
3379 4639 3474 4692 καὶ
3499 4639 3679 4696 πάντα

2097 4733 2360 4798 ποιοῦσιν,
2385 4734 2532 4795 ὅπως
2559 4733 2621 4786 τὸ
2642 4735 2748 4786 πᾶν
2769 4733 3116 4804 ἀπαιτήσωσι
3137 4749 3151 4764 ·
3179 4733 3279 4786 κᾶν
3307 4734 3381 4805 μὴ
3407 4734 3675 4806 δυνηθῶσι

2097 4827 2186 4883 διὰ
2230 4829 2327 4900 τὴν
2359 4828 2550 4882 πενίαν
2577 4827 2684 4882 τῶν
2715 4827 3068 4897 ὀφειλόντων,
3115 4827 3214 4898 τὴν
3245 4829 3384 4901 ὑπὲρ
3410 4829 3522 4884 τῶν
3547 4847 3679 4902 χρη.

2099 4929 2286 4999 μάτων
2326 4925 2495 4997 ὀργὴν
2526 4929 2606 4988 εἰς
2646 4925 2707 4978 τὸ
2750 4923 3093 4995 ταλαίπωρον
3125 4925 3281 4995 σῶμα
3318 4927 3428 4980 τῶν
3475 4925 3675 4979 ἀθλίων

2097 5019 2399 5090 ἐκχέουσιν,
2435 5019 2739 5083 αίκίζοντες
2767 5019 2859 5072 καὶ
2880 5017 3174 5083 τύπτοντες
3198 5019 3291 5073 καὶ
3328 5018 3496 5092 μυρία
3525 5021 3674 5090 αὐτῷ

2094 5111 2419 5176 διατιθέντες
2467 5113 2634 5168 κακά.
2701 5114 2758 5166 Ὀ
2811 5112 2866 5166 δὲ
2911 5112 3042 5176 Θεὸς
3092 5111 3400 5166 τούναντίον
3459 5111 3676 5166 ἅπαντα

2095 5204 2262 5257 ἐκίνει
2305 5204 2398 5257 καὶ
2442 5205 2925 5276 ἐπραγματεύετο,
2973 5207 3120 5270 ὃπως
3167 5206 3329 5260 αὐτὸν
3388 5206 3674 5279 ἀπαλλάξῃ

2093 5294 2203 5362 τῶν
2253 5295 2605 5368 ὀφλημάτων.
2673 5298 2797 5352 Ἐπὶ
2844 5299 2953 5371 γὰρ
3005 5298 3162 5370 ἡμῶν
3218 5298 3281 5352 16
3332 5300 3669 5368 ἀπαιτῆσαι,

2094 5385 2322 5450 πλοῦτος
2342 5403 2355 5416 ·
2385 5387 2478 5441 ἐπὶ
2503 5389 2559 5443 δέ
2581 5388 2715 5442 Θεοῦ
2743 5389 2802 5443 τὸ
2833 5391 3203 5462 συγχωρῆσαι,
3228 5387 3476 5451 πλοῦτος·
3507 5390 3670 5460 ἡμεῖς

2094 5479 2312 5534 ἐπειδὰν
2348 5479 2602 5553 λάϐωμεν
2645 5482 2714 5536 τὰ
2745 5481 3094 5552 ὀφειλόμενα,
3141 5481 3263 5535 τότε
3303 5479 3671 5554 εὐπορώτεροι

2093 5569 2388 5642 γινόμεθα’
2429 5573 2458 5625 6
2496 5571 2556 5624 δέ
2584 5571 2715 5636 Θεὸς
2757 5571 2977 5626 ἐπειδὰν
3021 5572 3356 5645 συγχωρήσῃ
3385 5571 3453 5625 τά
3483 5570 3667 5642 πλημ-

2096 5664 2382 5734 μελήματα
2400 5706 2414 5732 ,
2439 5665 2558 5718 τότε
2591 5666 2824 5737 μάλιστα
2858 5665 3111 5719 πλουτεῖ·
3145 5665 3370 5730 πλοῦτος
3395 5665 3502 5737 γάρ
3529 5663 3662 5718 Θεοῦ
