4066 6274
373 247 445 305 τις
1111 256 1168 310 5.
1223 254 1510 312 JOANNIS
1552 254 2042 311 CIIRYSOSTOMI
2074 256 2393 313 ARCHIEP.
2433 260 2979 317 CONSTANTINOP.
3546 253 3618 307 26

371 375 482 427 τῶν
505 368 805 440 ἀνθρώπων
833 367 865 437 ὴ
897 366 1160 438 σωτηρία,
1182 367 1430 438 καθάπερ
1457 366 1486 420 6
1513 367 1720 430 Παῦλός
1744 384 1904 437 φησιν
1925 383 1938 396 ·

384 453 450 508 '0
473 450 751 506 πλουτῶν
791 452 874 516 εἰς
923 450 1173 515 πάντας,
1230 452 1325 504 καὶ
1377 450 1474 503 ἐπὶ
1523 450 1752 515 πάντας
1801 448 1943 514 τοὺς

371 534 885 605 ἐπικαλουμένους
928 534 1132 588 αὐτόν.
1197 533 1333 586 Ἀλλ’
1386 537 1515 596 ἴσως
1543 535 1686 588 εἴποι
1723 551 1808 596 τις
1841 533 1936 586 ἀν’

374 619 485 673 Καὶ
525 619 635 683 πῶς
674 621 702 672 6
730 618 1051 690 βουλόμενος
1098 619 1312 687 ἀφεῖναι
1357 620 1451 671 καὶ
1492 616 1943 687 συγχωρῆσαιτὰ

369 701 727 772 ἐγκλήματα,
778 703 1064 755 ἐκέλευσεν
1109 702 1268 755 αὐτὸν
1317 701 1621 770 πραθῆναι;
1657 701 1796 754 Αὐτὸ
1843 699 1942 770 μὲν

367 782 464 839 οὖν
491 785 651 839 τοῦτο
701 785 933 857 μάλιστα
961 784 1124 838 αὑτοῦ
1154 785 1252 856 τὴν
1289 784 1695 854 φιλανθρωπίαν
1724 783 1940 837 δείκνυε

375 886 479 923 σιν.
534 869 693 922 Ἀλλά
728 869 802 940 μὴ
851 867 1225 938 ἐπειγώμεθα,
1271 867 1407 920 ἀλλὰ
1447 867 1597 932 τάξει
1635 867 1940 939 προϐαίνω·

375 970 474 1023 μεν
509 953 602 1006 ἐπὶ
647 953 746 1021 τὴν
776 954 874 1022 τῆς
917 952 1224 1022 παροϐολῆς
1265 951 1534 1021 διήγησιν.
1567 951 1662 1019 Μὴ
1695 951 1942 1019 ἔχοντος

370 1030 440 1084 δὲ
469 1031 655 1086 αὐτοῦ
699 1030 1028 1084 ἀποδοῦναι
1048 1069 1062 1093 ,
1109 1031 1260 1101 φησί.
1292 1031 1369 1096 ,Τί
1395 1033 1532 1096 ἐστι,
1565 1029 1658 1097 Μὴ
1692 1030 1943 1099 ἔχοντος

369 1113 558 1168 αὐτοῦ
602 1112 966 1176 ἀποδοῦναι;
1021 1113 1188 1166 Πάλιν
1231 1112 1476 1179 ἐπίτασις
1520 1111 1936 1183 άγνωμοσύνης’

370 1197 499 1290 ξταν
527 1195 792 1290 γάρὶείπή
813 1240 827 1260 ,
853 1194 947 1290 D‘Ih
974 1195 1221 1264 ἔχοντος
1253 1196 1437 1250 αὑτοῦ
1468 1194 1817 1258 ἀποδοῦναι,
1849 1195 1942 1290 οὺ-

371 1277 461 1330 δὶν
489 1277 617 1332 ἄλλο
644 1272 812 1346 λέγεῖ,
840 1277 953 1331 ἀλλ’
981 1278 1014 1348 ἢ
1039 1279 1120 1331 ὅτι
1150 1279 1588 1348 κατορθωμάτων
1618 1278 1824 1350 ἕρημος
1849 1272 1938 1348 ἦν,

373 1361 468 1414 καὶ
519 1361 672 1416 οὐδὲν
727 1357 870 1431 εἶχεν
921 1360 1079 1431 ἔργον
1138 1362 1375 1429 ἀγαθὸν,
1433 1361 1576 1416 ὥστε
1626 1361 1941 1430 λογισθῆναι

372 1442 521 1513 αὐτῷ
561 1443 640 1505 είς
686 1442 782 1513 τὴν
831 1441 941 1496 τῶν
986 1445 1398 1514 ἁμαρτημάτων
1448 1445 1802 1514 ἀπαλλαγὴν·
1855 1443 1943 1495 λο-

371 1525 582 1591 γίζεται
606 1525 743 1595 γὰρ,
785 1524 1058 1592 λογίζεται
1089 1526 1304 1589 πάντως
1324 1528 1458 1596 ἡμῖν
1483 1528 1576 1579 ἐπὶ
1608 1525 1941 1596 ἁμαρτημά-

369 1626 480 1663 των
512 1609 799 1678 ἀπαλλαγῇ
834 1608 1264 1681 κατορθώματα,
1311 1610 1560 1679 καθάπερ
1597 1607 1690 1662 οὖν
1725 1609 1818 1662 καὶ
1847 1607 1940 1660 πίο

373 1709 490 1754 στις
533 1694 614 1755 εἰς
647 1692 1012 1763 δικαιοσύνην.
1055 1693 1138 1758 Τῷ
1174 1692 1283 1762 γὰρ
1308 1693 1393 1762 μὴ
1422 1691 1814 1762 ἐργαζομένῳ,
1847 1702 1942 1744 πι-

369 1774 646 1827 στεύοντι
683 1774 749 1828 δὲ
776 1775 874 1828 ἐπὶ
915 1775 1022 1828 τὸν
1059 1774 1404 1830 δικαιοῦντα
1435 1775 1542 1829 τὸν
1577 1772 1764 1842 ἀσεϐῆ
1787 1814 1800 1836 .
1835 1777 1941 1826 λο-

371 1854 582 1923 γίζεται
623 1856 661 1924 ἡ
695 1858 897 1922 πίστις
931 1857 1116 1912 αὐτοῦ
1149 1861 1234 1925 εἰς
1274 1857 1692 1925 δικαιοσύνην.
1740 1855 1848 1908 Καὶ
1889 1854 1940 1908 τί

371 1937 513 2006 λέγω
544 1940 723 1994 πίστιν
758 1943 850 1994 καὶ
886 1941 1288 2010 κατορθώματα
1309 1984 1322 2006 ,
1353 1942 1487 1994 ὅπου
1520 1957 1582 2009 γε
1609 1940 1705 1994 καὶ
1733 1939 1940 2007 θλίψεις

370 2018 672 2087 λογίζονται
733 2023 862 2092 ἡμῖν
909 2025 988 2085 εἰς
1036 2023 1447 2093 ἁμαρτημάτων
1499 2023 1785 2087 ἁνάλυσιν;
1833 2021 1942 2074 Καὶ

369 2101 527 2157 τοῦτο
551 2104 702 2173 δηλοί
729 2104 826 2175 μὲν
867 2107 896 2159 6
926 2104 1157 2174 Χριστὸς
1183 2106 1270 2158 διὰ
1291 2106 1390 2176 τῆς
1420 2105 1513 2158 τοῦ
1539 2106 1792 2176 Λαζάρου
1831 2123 1940 2158 πα-

374 2187 640 2257 ραϐολῆς,
691 2189 924 2256 εἰσάγων
967 2188 1057 2242 τὸν
1113 2188 1362 2260 Ἀϐραὰμ
1414 2190 1639 2258 λέγοντα
1673 2190 1808 2259 πρὸς
1850 2188 1940 2241 τὸν

372 2271 623 2326 πλούσιον
643 2313 657 2336 ,
694 2274 773 2326 ὅτι
801 2273 1048 2344 Λάζαρος
1073 2273 1340 2327 ἀπέλαϐεν
1371 2275 1426 2327 ἐν
1453 2277 1519 2345 τῇ
1547 2275 1658 2344 ζωῇ
1689 2270 1852 2326 αὐτοῦ
1875 2271 1942 2324 τὰ

370 2355 535 2418 κακὰ,
571 2355 663 2409 καὶ
685 2355 774 2409 διὰ
799 2355 955 2409 τοῦτο
988 2350 1090 2407 ὧδε
1121 2356 1535 2426 παρακαλεῖται.
1573 2355 1732 2426 Δηλοί
1760 2355 1814 2408 δὲ
1849 2353 1941 2406 καὶ

369 2437 397 2488 6
424 2437 633 2500 Παῦλος
657 2437 962 2508 Κορινθίοις
982 2437 1310 2491 ἐπιστέλλων
1361 2441 1488 2510 περὶ
1514 2438 1607 2491 τοῦ
1640 2453 1942 2508 πεπορνευο

367 2520 544 2583 κότος,
584 2521 677 2575 καὶ
708 2521 879 2588 λέγων
911 2521 1080 2574 οῦτω’
1105 2521 1408 2589 Παράδοτε
1433 2523 1538 2575 τὸν
1567 2521 1836 2574 τοιοῦτον
1867 2519 1942 2584 τῷ

369 2607 606 2674 Σατανᾷ
650 2611 734 2673 εἰς
779 2608 1026 2676 ὄλεθρον
1060 2607 1172 2678 τῆς
1203 2609 1447 2677 σαρκὸς,
1482 2610 1580 2661 ἵνα
1611 2609 1677 2662 τὸ
1707 2608 1941 2676 πνεῦμα

365 2694 555 2764 σωθῇ.
574 2695 684 2750 Καὶ
711 2696 930 2766 ἐτέρους
955 2697 1011 2749 δὲ
1036 2696 1425 2767 ἡμαρτηκότας
1455 2695 1942 2765 παραμυθούμενος

368 2783 542 2848 οὕτως
583 2785 760 2853 ἔλεγε·
790 2784 892 2838 Διά
929 2785 1101 2838 τοῦτο
1131 2785 1202 2837 ἐν
1229 2785 1373 2853 ὑμῖν
1403 2785 1621 2839 πολλοὶ
1667 2784 1941 2850 ἀσθενεῖς

370 2870 470 2925 καί
503 2872 820 2940 ἄρρωστοι,
852 2871 950 2925 καὶ
988 2870 1300 2941 κοιμῶνται
1327 2872 1538 2926 ἱκανοί.
1567 2874 1634 2925 El
1664 2871 1772 2940 γὰρ
1802 2872 1938 2924 ἑαυ-

370 2959 512 3025 τοὺς
537 2960 882 3028 ἑκρίνομεν,
925 2961 1036 3012 οὐκ
1073 2958 1149 3012 ἂν
1193 2960 1571 3029 ἐκρινόμεθα·
1612 2960 1940 3028 κρινόμενοι

369 3046 439 3100 δὲ
469 3050 586 3102 ὑπὸ
631 3048 882 3114 Κυρίου,
929 3048 1353 3117 παιδευόμεθα,
1411 3051 1509 3103 ἵνα
1549 3048 1635 3118 μὴ
1689 3049 1810 3102 σὺν
1860 3048 1941 3110 τῷ

371 3136 574 3202 νόσμῳ
609 3133 1069 3202 κατακριθῶμεν.
1095 3135 1156 3186 Εἰ
1187 3135 1242 3187 δέ
1273 3136 1596 3206 πειρασμὸς,
1628 3136 1722 3188 καὶ
1753 3136 1936 3199 νόσος,

370 3218 464 3269 καὶ
489 3215 738 3270 ἀσθένεια
759 3259 771 3282 ,
805 3219 898 3270 καὶ
942 3220 1142 3288 σαρκὸς
1179 3218 1417 3290 ὄλεθρος,
1453 3221 1594 3290 άπερ
1627 3219 1941 3288 ἀϐουλήτως

370 3303 745 3374 ὑπομένομεν,
778 3305 878 3356 οὐκ
921 3305 1073 3358 αὐτοὶ
1106 3305 1634 3371 κατασκευάζοντες,
1667 3305 1940 3373 λογίζεται

370 3390 502 3463 ήμῖν
529 3394 609 3455 είς
639 3392 914 3463 ἁμαρτίας
941 3392 1202 3457 διάλυσιν,
1231 3391 1408 3462 πολλῷ
1441 3393 1638 3462 μᾶλλον
1665 3391 1944 3461 κατορθώ-

373 3492 521 3549 ματα
540 3517 554 3541 ,
583 3479 726 3549 ἆπερ
761 3480 977 3542 ἑκόντες
1007 3481 1100 3532 καὶ
1126 3479 1515 3544 σπουδάζοντες
1545 3480 1936 3550 μετερχόμεθα.

381 3564 522 3618 Ἀλλ’
550 3559 703 3630 οὗτος
731 3566 934 3638 ἔρημος
961 3566 1074 3640 [10]
1113 3568 1210 3638 μὲν
1239 3567 1445 3636 ἀγαθοῦ
1475 3567 1672 3631 παντὸς
1694 3564 1781 3640 ἦν,
1808 3587 1940 3641 φορ-

371 3653 483 3707 τίον
509 3653 565 3706 δέ
586 3655 996 3725 ἁμαρτημάτων
1023 3657 1294 3726 ἀφόρητον
1318 3651 1426 3726 εἶχε
1446 3670 1459 3683 °
1487 3655 1574 3709 διὰ
1598 3655 1755 3708 τοῦτό
1786 3673 1938 3726 φησι·

371 3740 470 3810 Μὴ
503 3740 752 3811 ἔχοντος
778 3742 962 3796 αὑτοῦ
995 3743 1358 3806 ἀποδοῦναι,
1391 3741 1721 3797 ἐκέλευσεν
1757 3744 1944 3798 αὐτόν

372 3826 704 3897 πραθῆναι·
753 3829 874 3883 ὅθεν
922 3829 1154 3900 μάλιστα
1210 3829 1324 3884 ἔστι
1379 3830 1470 3884 τοῦ
1517 3832 1781 3886 Δεσπότου
1842 3830 1941 3904 τὴν

371 3919 780 3990 φιλανθρωπίαν
833 3921 1199 3990 καταμαθεῖν,
1251 3921 1332 3974 ὅτι
1373 3921 1466 3974 καὶ
1519 3922 1581 3974 τὸ
1634 3921 1943 3989 λογοθέσιον

370 4007 630 4078 ἐποίησε.
674 4008 768 4060 καὶ
820 4007 1090 4079 πραθῆναι
1125 4007 1442 4060 ἐκέλευσενο
1491 4008 1779 4077 ἀμφότερα
1835 4009 1942 4079 γάρ

372 4094 542 4148 ταῦτα
577 4094 904 4164 εἰργάσατο,
949 4094 1090 4146 ὥστε
1121 4094 1281 4144 αὑτὸν
1311 4094 1386 4162 μὴ
1430 4093 1724 4162 πραθῆναι.
1774 4093 1944 4146 Πόθεν

372 4181 530 4235 τοῦτο
578 4179 769 4248 δῆλονς
827 4179 959 4231 Ἀπὸ
1006 4178 1100 4230 τοῦ
1146 4178 1331 4241 τέλους
1359 4197 1372 4210 ο
1427 4180 1475 4229 εἰ
1509 4178 1617 4249 γὰρ
1670 4178 1944 4249 πραθῆναι

373 4265 536 4318 αὑτὸν
561 4263 846 4325 ἐϐούλετο,
876 4263 960 4325 τίς
985 4265 1011 4314 6
1035 4263 1257 4316 κωλύων
1285 4259 1386 4333 ἦν;
1421 4263 1502 4326 τίς
1534 4266 1562 4317 6
1604 4263 1940 4334 ἐμποδίζιι›ν;

446 4359 512 4417 ς’.
540 4353 696 4415 Τίνος
713 4348 806 4406 οὗν
826 4353 1010 4405 ἕνεκεν
1033 4352 1282 4406 ἐκέλευσε
1311 4391 1326 4415 ,
1379 4353 1452 4423 μὴ
1486 4353 1693 4423 μέλλων
1733 4358 1941 4422 ποιεῖνς

376 4442 494 4495 Ἵνα
521 4438 729 4511 αὐξήσῃ
766 4439 856 4493 τὸν
887 4439 1050 4508 φόϐον
1068 4456 1080 4468 ·
1107 4439 1198 4493 τὸν
1225 4440 1282 4492 δὲ
1320 4440 1480 4509 φόϐον
1503 4439 1706 4511 ηὔξησε
1730 4440 1818 4497 διὰ
1849 4443 1946 4514 τῆς

373 4530 640 4599 ἀπειλῆς,
682 4529 766 4582 ἵνα
801 4529 961 4581 αὑτὸν
995 4529 1073 4590 είς
1112 4529 1392 4599 ἱκετηρίαν
1442 4529 1682 4600 ἐμϐάλῃ·
1717 4532 1796 4594 εἰς
1836 4533 1946 4583 ἱκε-

373 4618 568 4692 τηρίαν
613 4617 671 4670 δὲ
703 4616 864 4671 αὐτὸν
898 4615 1180 4681 ἐνέϐαλεν,
1229 4617 1314 4668 ἵνα
1348 4615 1602 4685 ἀφορμὴν
1633 4615 1771 4687 λάϐῃ
1816 4635 1944 4686 συγ⁹

373 4704 686 4777 χωρήσεως.
753 4701 1008 4756 Ἢδύνατο
1057 4702 1156 4773 μὲν
1207 4702 1316 4772 γὰρ
1366 4703 1459 4754 καὶ
1492 4703 1597 4772 πρὸ
1631 4703 1730 4772 τῆς
1768 4721 1946 4776 παρα-

377 4795 623 4866 κλήσεως
665 4793 827 4849 αὐτὸν
859 4795 1075 4865 ἀφεῖναι
1095 4834 1110 4858 ,
1159 4793 1276 4847 ἀλλ’
1307 4793 1392 4845 ἵνα
1425 4792 1499 4864 μὴ
1538 4794 1756 4865 χείρονα
1783 4796 1946 4866 ἐργά-

378 4901 573 4955 σηται,
609 4881 765 4937 τοῦτο
808 4884 907 4936 οὐκ
959 4880 1236 4952 ἐποίησεν.
1297 4882 1556 4935 Ἢδύνατο
1594 4883 1686 4934 καὶ
1722 4883 1826 4952 πρὸ
1849 4883 1944 4938 τοῦ

375 4970 686 5039 λεγοθεσίου
738 4972 960 5040 ποιῆσαι
995 4969 1095 5038 τὴν
1151 4968 1526 5042 συγχώρησιν,
1573 4969 1686 5022 ἀλλ’
1730 4970 1816 5024 ἵνα
1872 4971 1945 5042 μὴ

376 5057 471 5112 τὸν
498 5057 660 5126 ὄγκον
703 5056 914 5125 ἀγνοῶν
952 5056 1058 5111 τῶν
1101 5059 1513 5130 ἁμαρτημάτων
1532 5099 1546 5122 ,
1588 5058 1947 5130 ἀπανθρωπό-

377 5160 533 5214 τερος
557 5143 782 5214 γένηται
817 5143 910 5198 καὶ
951 5143 1224 5216 ὠμότερος
1268 5146 1394 5216 περὶ
1419 5147 1544 5210 τοὺς
1578 5145 1800 5215 πλησίον
1819 5188 1833 5213 ,
1861 5146 1949 5200 διὰ

379 5229 537 5283 τοῦτο
558 5229 720 5284 αὑτὸν
747 5231 1011 5303 πρότερον
1039 5231 1244 5295 ἐδίδαξε
1265 5233 1324 5284 τὺ
1355 5232 1581 5302 μέγεθος
1612 5233 1705 5286 τοῦ
1731 5233 1943 5304 χρέους,

379 5318 474 5374 καὶ
504 5317 624 5372 τότε
665 5318 876 5390 ἀφῆκεν
905 5318 1071 5372 ἅπαν.
1124 5320 1188 5372 El
1214 5319 1320 5390 γὰρ
1365 5319 1458 5372 τοῦ
1507 5318 1814 5388 λογοθεσίου
1857 5338 1948 5389 γε-

379 5406 602 5479 νομένου
624 5448 639 5475 ,
668 5409 762 5464 ml
805 5407 899 5462 τοῦ
938 5408 1304 5481 θφειλήματος
1349 5408 1680 5478 δειχθέντος,
1729 5410 1823 5462 καὶ
1851 5410 1947 5481 τῆς

377 5494 609 5565 ἀπειλῆς
628 5495 1011 5566 ἐπενεχθείσης
1030 5535 1044 5560 ,
1068 5496 1161 5548 καὶ
1186 5495 1287 5564 τῆς
1313 5495 1608 5565 καταδίκης
1651 5495 1949 5566 γενομένης

376 5580 576 5650 δήλης,
610 5581 678 5651 ἢν
707 5584 997 5653 ὑπομεῖναι
1041 5581 1248 5645 δίκαιος
1292 5578 1380 5654 ἦν,
1420 5580 1591 5645 οὕτως
1623 5582 1812 5654 ἄγριος
1854 5584 1948 5636 καὶ⁸

375 5666 526 5738 ὠμὸς
567 5668 694 5738 περὶ
741 5669 831 5721 τὸν
870 5669 1149 5722 σύνδουλον
1194 5669 1439 5738 ἐγένετο³
1477 5672 1524 5722 εί
1554 5669 1717 5740 μηδὲν
1745 5669 1945 5724 τούτων

2047 368 2206 441 ὲξέϐη
2225 411 2238 434 ,
2282 372 2384 426 ποῦ
2409 375 2510 428 οὐκ
2536 373 2600 428 ἂν
2630 373 2919 438 ἐξώλισθεν
2960 371 3278 443 ἀγριότητος
3302 387 3316 438 ;
3345 370 3443 425 Διά
3466 370 3626 429 τοῦτο

2046 461 2219 514 ταῦτα
2266 463 2443 518 πάντα
2495 466 2522 517 6
2573 464 2707 527 Θεὸς
2757 464 2929 518 ἐποίει
2984 463 3078 516 καὶ
3137 461 3621 533 ἐπραγματεύετο,

2049 555 2496 620 προαναστέλλων
2539 555 2703 612 αὑτοῦ
2755 556 2852 627 τὴν
2899 556 3164 626 ἀπήνειαν
3206 554 3439 623 ἐκείνην.
3471 555 3535 608 El
3566 554 3626 609 δὲ

2053 645 2239 715 μηδενὶ
2264 646 2545 718 διωρθώθη
2575 647 2812 713 τούτων,
2857 648 2916 701 οὐ
2956 647 3106 718 παρὰ
3139 647 3230 699 τὸν
3267 647 3621 709 διδάσκαλον,

2047 735 2183 788 ἀλλά
2207 739 2337 807 παρ’
2371 739 2581 791 ἐκεῖνον
2607 739 2698 792 τὸν
2726 737 2802 809 μὴ
2825 737 3116 806 δεξάμενον
3144 735 3244 805 τὴν
3268 734 3552 804 διόρθωσιν
3587 735 3622 804 ἡ

2049 825 2213 878 αίτία.
2236 827 2382 898 Πλὴν
2400 828 2514 881 ἀλλ’
2540 828 2737 898 ἴδωμεν
2760 827 2874 892 πῶς
2905 826 3054 897 αὐτῷ
3081 825 3356 894 μεθοδεύει
3371 825 3430 878 τὸ
3447 824 3620 887 ἕλκος.

2049 918 2260 973 Πεσὼν
2289 914 2422 984 οὖν,
2452 920 2604 1000 φησί,
2636 919 2797 988 παρὰ
2824 919 2966 984 τοὺς
3006 917 3196 982 πόδας
3234 917 3440 981 αὑτοῦ,
3472 928 3622 983 παρ-

2045 1009 2250 1064 εκάλει
2281 1011 2468 1065 αὑτὸν
2493 1014 2706 1080 λέγων’
2732 1011 3214 1078 Μακροθύμησον
3234 1009 3325 1061 ἐπ’
3347 1007 3497 1078 ἐμοὶ,
3525 1006 3622 1061 καὶ

2049 1103 2244 1157 πάντα
2283 1119 2381 1156 σοι
2433 1103 2742 1157 ἀποδώσω.
2786 1103 2899 1156 Καὶ
2943 1100 3016 1172 μὴ
3058 1100 3163 1171 μὴν
3197 1095 3351 1151 εἶπεν
3374 1140 3387 1162 ,
3415 1099 3499 1151 ὅτι
3525 1098 3624 1150 οὐκ

2048 1190 2192 1265 εἶχεν
2233 1194 2556 1248 ἀποδοῦναι·
2593 1191 2731 1246 ἀλλὰ
2771 1191 3014 1245 τοιοῦτον
3053 1189 3159 1241 τῶν
3205 1188 3525 1255 ὀφειλόντων
3561 1186 3624 1240 τὸ

2049 1284 2189 1348 ἔθος,
2233 1284 2336 1338 κᾶν
2376 1284 2542 1355 μηδὲν
2571 1283 2765 1354 ἔχωσιν
2809 1278 3135 1345 ἀποδοῦναι,
3168 1277 3620 1347 ἐπαγγέλλονται,

2041 1375 2186 1431 ὥστε
2213 1376 2318 1428 τῶν
2342 1376 2624 1446 παρόντων
2649 1373 3024 1442 ἀπαλλαγῆναι
3045 1370 3251 1426 δεινῶν.

2131 1499 2478 1568 Ἀκούσωμεν
2529 1499 2643 1552 ὅσοι
2685 1495 3034 1571 ρᾳθυμοῦμεν
3081 1495 3276 1564 εὐχῆς,
3331 1493 3470 1560 πόση
3516 1490 3624 1542 τῶν

2047 1591 2284 1660 δεήσεων
2327 1593 2360 1659 ἡ
2401 1589 2646 1659 δύναμις.
2691 1589 2765 1641 Οὐ
2805 1587 3056 1658 νηστείαν
3099 1585 3412 1648 ἐπεδείξατο
3439 1577 3622 1648 οὗτος,

2049 1681 2148 1733 οὐκ
2205 1679 2625 1750 ἀκτήμοσύνην,
2669 1679 2771 1732 οὐκ
2815 1679 2942 1731 ἄλλο
2983 1677 3090 1730 τῶν
3139 1676 3396 1730 τοιούτων
3449 1673 3621 1737 οὐδὲν,

2048 1773 2161 1826 ἀλλ’
2214 1773 2420 1844 ἔρημος
2464 1771 2538 1824 ὣν
2581 1772 2672 1825 καὶ
2709 1771 2916 1841 γυμνὸς
2947 1771 3128 1840 πάσης
3169 1769 3403 1839 ἀρετῆς,
3435 1765 3623 1836 ἐπειδὴ

2050 1863 2390 1935 παρεκάλεσε
2458 1862 2550 1914 τὸν
2611 1860 2878 1930 δεσπότην
2943 1859 3134 1929 μόνον,
3181 1858 3400 1926 ἴσχυσεν
3462 1854 3624 1907 αὐτὸν

2048 1950 2458 2005 ἐπισπάσασθαι
2489 1950 2623 2018 προς
2653 1948 2819 2002 ἔλεον.
2857 1949 2949 2020 Μὴ
2979 1948 3158 2000 τοίνυν
3188 1944 3624 2016 ἀπαγορεύωμεν

2047 2045 2105 2097 ἐν
2140 2047 2260 2107 ταῖς
2286 2045 2520 2114 δεήσεσι.
2551 2042 2648 2106 Τίς
2671 2042 2780 2114 γὰρ
2809 2040 3000 2094 τούτου
3035 2038 3230 2109 γένοιτ’
3267 2038 3333 2091 ἂν
3365 2038 3625 2107 ἀμαρτω-

2047 2136 2264 2207 λότερος
2281 2177 2295 2201 ,
2318 2135 2380 2198 ,ὃς
2404 2135 2678 2196 τοσούτοις
2713 2133 2810 2203 μὲν
2833 2132 3172 2203 ἐγκλήμασιν
3203 2129 3504 2190 ὑπεύθυνος
3531 2123 3620 2197 ἦν,

2048 2229 2380 2299 κατόρθωμα
2410 2227 2466 2278 δέ
2505 2227 2564 2278 ού
2599 2226 2824 2296 μικρὸν,
2857 2225 2918 2276 οὐ
2955 2225 3098 2294 μέγα
3137 2223 3435 2290 ἐκέκτητο;
3480 2219 3622 2270 Ἀλλ’

2047 2321 2198 2388 ὅμως
2239 2320 2340 2372 οῦκ
2378 2315 2500 2371 εἷπε
2541 2318 2676 2388 πρὸς
2702 2318 2912 2369 ἑαυτόν·
2964 2312 3440 2386 Ἀπαρρησίαστός
3471 2312 3621 2378 εἰμι,

2049 2408 2311 2478 αἰσχύνης
2339 2408 2530 2477 γέμω,
2569 2405 2684 2469 πῶς
2723 2405 2955 2475 δύναμαι
3001 2404 3355 2476 προσελθεῖν;
3391 2400 3505 2464 πῶς
3531 2399 3624 2452 δύ-

2048 2519 2218 2572 ναμαι
2246 2501 2661 2570 παρακαλέσαι;
2693 2499 2721 2552 ὃ
2749 2498 2936 2550 πολλοὶ
2964 2496 3071 2550 τῶν
3104 2494 3522 2567 ἁμαρτανόντων
3543 2491 3624 2544 λέ-

2049 2606 2231 2659 γουσι,
2281 2589 2592 2660 διαϐολικὴν
2638 2586 2918 2650 νοσοῦντες
2971 2585 3278 2639 εὐλάϐειαν.
3342 2583 3623 2654 Ἀπαρρη-

2050 2684 2268 2747 σίαστος
2301 2678 2381 2747 el;
2426 2682 2524 2734 Διά
2549 2679 2706 2733 τοῦτο
2735 2677 3028 2752 πρόσελθε,
3063 2679 3148 2730 ἵνα
3191 2678 3368 2748 κτήσῃ
3409 2676 3624 2746 παρρη-

2050 2773 2170 2824 σίαν
2203 2771 2418 2842 πολλήν.
2459 2769 2549 2840 Μὴ
2590 2769 2698 2840 γὰρ
2740 2769 3024 2840 ἄνθρωπός
3068 2771 3214 2822 ἐστιν
3246 2771 3273 2822 6
3305 2767 3513 2838 μέλλων
3545 2782 3624 2818 σοι

2048 2863 2549 2927 καταλλάττεσθαι,
2607 2863 2693 2916 ἵνα
2759 2862 3053 2934 αἰσχυνθῇς
3114 2862 3209 2916 καὶ¹
3257 2860 3620 2933 ἐρυθριάσῃς;

2045 2956 2178 3021 Θεός
2209 2959 2385 3016 ἐστιν,
2432 2957 2459 3007 6
2506 2954 2599 3007 σοῦ
2635 2954 2832 3024 μᾶλλον
2869 2953 3187 3024 βουλόμενος
3230 2951 3533 3015 ἀπαλλάξαι
3564 2967 3624 3002 σε

2045 3047 2154 3100 τῶν
2196 3043 2591 3114 ἐγκλημάτων·
2625 3045 2722 3114 οὐχ
2770 3043 2912 3098 οὕτω
2947 3045 3012 3096 σὺ
3047 3044 3147 3112 τῆς
3177 3040 3402 3095 σεαυτοῦ
3444 3043 3622 3109 ἀσφα-

2007 3203 2016 3213 ι
2045 3135 2192 3197 λείας
2231 3133 2550 3202 ἐπιθυμεῖς,
2581 3133 2655 3195 ὡς
2687 3133 2894 3197 ἐκεῖνος
2933 3133 3144 3202 ἐφίεταί
3193 3149 3286 3184 σου
3317 3132 3415 3202 τῆς
3447 3148 3625 3199 σωτη-

2051 3222 2171 3291 ρίας
2193 3238 2205 3251 ·
2238 3221 2332 3273 καὶ
2360 3219 2515 3272 τοῦτο
2551 3221 2616 3273 δι’
2643 3221 2820 3274 αὐτῶν
2850 3222 2958 3275 τῶν
2993 3221 3170 3292 ἔργων
3196 3223 3344 3291 ἡμᾶς
3375 3221 3625 3274 ἐπαίδευ-

2052 3329 2161 3365 σεν.
2201 3310 2316 3365 Οὐκ
2350 3309 2492 3380 ἔχεις
2523 3311 2870 3382 παρῤησίαν;
2904 3313 3000 3365 Διὰ
3028 3312 3186 3366 τοῦτο
3225 3313 3429 3383 δυνήσῃ
3479 3315 3622 3384 παῤ-

2051 3403 2244 3473 ῥησίαν
2273 3402 2417 3473 ἔχειν
2438 3442 2452 3466 ,
2487 3404 2568 3456 ὅτι
2600 3402 2715 3475 [Η]
2745 3402 2888 3456 οὓτω
2916 3403 3219 3458 διάκεισαι·
3257 3403 3484 3474 μεγίστη
3515 3401 3624 3472 γὰρ

2050 3497 2353 3568 παρρησία,
2384 3496 2445 3548 τὸ
2482 3495 2556 3566 μὴ
2594 3496 2836 3566 νομίζειν
2869 3497 3012 3566 ἔχειν
3054 3497 3368 3568 παρρησίαν
3391 3514 3404 3527 ·
3435 3495 3623 3564 ὥσπερ

2047 3580 2140 3639 οὖν
2189 3585 2417 3655 αἰσχύνη
2455 3585 2722 3656 μεγίστη,
2766 3585 2826 3638 τὸ
2872 3586 3113 3640 δικαιοῦν
3165 3585 3355 3639 ἑαυτὸν
3395 3585 3625 3638 ἐνώπιον

2049 3677 2278 3747 Κυρίου.
2337 3677 2574 3739 Ἐκεῖνος
2637 3677 2948 3748 ἀκάθαρτός
3002 3680 3143 3741 ἐστι,
3205 3675 3308 3729 κᾶν
3369 3676 3623 3728 ἀπάντων

2049 3759 2352 3832 ἀνθρώπων
2383 3759 2680 3830 ἁγιώτερος
2828 3759 3017 3830 ὥσπερ
3055 3755 3148 3813 οῦν
3180 3759 3386 3822 δίκαιος
3414 3761 3622 3828 γίνεται

2048 3845 2078 3896 6
2116 3842 2310 3905 πείσας
2356 3842 2546 3896 ἐαυτὸν
2582 3843 2800 3897 πάντων
2845 3842 3068 3912 ἔσχατον
3102 3838 3263 3896 εἶναι.
3321 3841 3432 3895 Kal
3479 3842 3624 3913 μάρ-

2049 3943 2210 3997 τυρες
2243 3925 2351 3978 τῶν
2401 3925 2712 3996 λεγομένων
2764 3927 2793 3978 6
2845 3927 3133 3997 Φαρισαῖος
3168 3926 3263 3979 καὶ
3303 3926 3333 3978 6
3363 3923 3620 3996 τελώνης.

2050 4009 2143 4077 Μὴ
2167 4008 2346 4059 τοίνυν
2371 4006 2837 4077 ἀπογινώσκωμεν
2861 4010 2918 4060 ἐν
2937 4011 3050 4070 τοίς
3079 4009 3462 4078 ἁμαρτήμασι,
3490 4008 3624 4079 μηδὲ

2051 4081 2505 4157 ἀπαγορεύωμεν,
2534 4087 2669 4140 ἀλλὰ
2713 4089 3146 4160 προσερχώμεθα
3166 4090 3243 4160 τῷ
3271 4089 3392 4162 Θεῷ
3410 4131 3424 4156 ,
3459 4107 3625 4162 προσ-

2053 4183 2362 4252 πίπτωμεν,
2402 4182 2843 4252 παρακαλῶμεν,
2875 4186 3010 4255 ὅπερ
3058 4179 3210 4249 οὗτος
3231 4187 3486 4256 ἐποίησε,
3528 4185 3625 4257 μέ-

2051 4284 2144 4336 χρι
2184 4266 2372 4318 τούτου
2417 4265 2554 4335 καλῇ
2591 4267 2653 4335 τῇ
2697 4264 2887 4337 γνώμῃ
2936 4268 3301 4340 χρησάμενος.
3345 4270 3417 4322 Τό
3445 4287 3506 4322 τε
3548 4269 3622 4340 μὴ

2054 4347 2461 4418 ἀπαγορεῦσαι,
2501 4347 2559 4399 τό
2587 4365 2645 4399 τε
2683 4348 2756 4419 μὴ
2813 4350 3154 4417 ἀπογνῶναι,
3210 4353 3272 4406 τό
3321 4370 3381 4405 τε
3428 4353 3622 4424 ὁμολο-

2054 4432 2219 4501 γῆσαι
2255 4431 2324 4484 τὰ
2355 4431 2748 4502 ἡμαρτημένα,
2780 4432 2840 4484 τό
2869 4450 2927 4486 τε
2956 4435 3176 4504 αἰτῆσαι
3209 4435 3474 4507 ἀναϐολήν
3503 4453 3624 4491 τινα

2053 4516 2146 4569 καὶ
2197 4513 2486 4584 μέλλησιν,
2539 4513 2711 4566 ταῦτα
2767 4517 2942 4569 πάντα
3004 4517 3179 4580 καλά,
3237 4517 3331 4571 καὶ
3387 4517 3625 4580 διανοίας

2055 4596 2518 4666 συντετριμμένης
2538 4637 2550 4657 .
2585 4596 2675 4649 καὶ
2705 4599 3182 4669 τεταπεινωμένης
3208 4599 3408 4670 ψυχῆς.
3445 4598 3526 4653 Τὰ
3567 4601 3624 4653 δέ

2054 4680 2298 4735 ἐντεῦθεν
2321 4682 2419 4733 οὐκ
2444 4680 2523 4732 ἔτι
2547 4681 2706 4747 ὅμοια
2735 4679 2861 4744 τοῖς¹
2885 4671 3203 4754 προτέροις·
3235 4682 3377 4754 άπερ
3406 4684 3516 4754 γάρ
3539 4683 3626 4737 διὰ

2053 4766 2151 4835 τῆς
2171 4763 2448 4833 ἱκετηρίας
2466 4765 2759 4833 συνήγαγε,
2776 4764 2948 4818 ταῦτα
2967 4765 3162 4835 ἁθρόον
3177 4764 3391 4836 ἐξέχεεν
3408 4767 3624 4820 ἅπαντα

2052 4847 2140 4901 διὰ
2163 4848 2260 4917 τῆς
2298 4849 2376 4910 είς
2423 4845 2514 4898 τὸν
2562 4846 2787 4918 πλησίον
2831 4847 3020 4916 ὀργῆς.
3066 4847 3224 4901 Ἀλλὰ
3247 4849 3384 4911 τέως
3409 4850 3500 4902 ἐπὶ
3531 4849 3624 4903 τὸν

2052 4931 2249 5001 τρόπον
2277 4929 2375 4999 τῆς
2419 4930 2818 4999 συγχωρήσεως
2845 4929 3116 4998 ἔλθωμενο
3156 4931 3354 5000 ἴδωμεν
3380 4931 3494 4996 πῶς
3527 4933 3625 4986 αύ-

2052 5013 2142 5066 τὸν
2175 5012 2388 5082 ἀφῆκε,
2425 5011 2520 5064 καὶ
2559 5011 2721 5064 πόθεν
2763 5014 2855 5065 ἐπὶ
2895 5013 3049 5066 τοῦτο
3079 5009 3240 5085 ἦλθεν
3271 5015 3299 5067 6
3336 5014 3622 5085 δεσπότης.

2054 5092 2532 5162 Σπλαγχνισθεὶς
2557 5095 2589 5146 ό
2625 5094 2828 5162 κύριος
2858 5095 3063 5159 αὐτοῦ,
3099 5097 3284 5166 φησὶν,
3317 5097 3626 5154 ἀπέλυσεν

2053 5178 2258 5238 αὐτὸν,
2285 5175 2384 5229 καὶ
2411 5173 2476 5227 τὸ
2505 5172 2746 5230 δάνειον
2771 5176 3007 5247 ἀφῆκεν
3037 5177 3215 5243 αὐτῷ.
3245 5180 3478 5244 Ἐκεῖνος
3503 5181 3628 5252 μέλ-

2054 5262 2210 5333 λησιν
2234 5259 2453 5331 ᾔτησεν,
2477 5251 2633 5323 οὗτος
2662 5260 3007 5333 συγχώρησιν
3031 5262 3230 5315 ἔδωκεν
3249 5278 3263 5293 ⁸
3291 5262 3432 5316 ὥστε
3461 5251 3626 5319 πλέον

2054 5338 2114 5397 οῦ
2149 5343 2380 5414 ᾔτησεν,
2413 5341 2601 5396 ἔλαϐεν
2640 5345 2864 5407 ἐκεῖνος.
2889 5345 2979 5397 Διὸ
3004 5344 3097 5396 καὶ
3123 5343 3330 5408 Παῦλός
3357 5362 3512 5416 φησιο
3543 5347 3625 5412 Τῷ

2054 5425 2366 5490 δυναμένῳ
2397 5425 2594 5479 πάντα
2623 5426 2872 5494 ποιῆσαι
2903 5425 3056 5494 ὑπὲρ
3098 5427 3166 5479 ἐκ
3207 5430 3501 5495 περισσοῦ
3537 5424 3625 5484 ὧν

2056 5509 2373 5576 αἰτούμεθα
2417 5507 2456 5576 ἢ
2505 5508 2780 5576 νοοῦμεν.
2823 5509 2956 5562 Οὐδὲ
2993 5508 3103 5580 γάρ
3142 5511 3343 5580 ἰσχύεις
3375 5514 3622 5584 ἐννοῆσαι

2055 5592 2288 5644 τοσαῦτα
2307 5633 2322 5657 ,
2344 5589 2442 5642 ὅσα
2477 5591 2680 5654 ἐκεῖνός
2704 5609 2783 5644 σοι
2813 5591 3255 5664 παρεσκεύασται
3281 5593 3482 5650 δοῦναι.
3531 5595 3624 5668 Μὴ

2063 5674 2233 5727 τοίνυν
2265 5674 2589 5744 αἰσχυνθῇς,
2626 5675 2759 5745 μηδέ
2792 5670 3152 5749 ἐρυθριάσῃςῖ
3189 5677 3387 5750 μᾶλλον
3423 5679 3479 5732 δὲ
3505 5680 3622 5734 ala-

4053 3131 4060 3146 υ

4050 4073 4054 4084 ι

4050 4107 4052 4116 ι
