4066 6274
288 5900 301 5933 f

299 326 370 382 25

290 443 444 499 tesoit
461 460 477 498 :
495 457 616 498 nam
641 441 912 498 hominum
935 442 1079 497 salus
1099 444 1368 512 opulentia
1390 445 1481 500 Dei
1505 453 1605 511 est,
1626 445 1873 516 quemad-

290 535 505 590 modum
528 535 724 591 Paulus
746 534 870 588 dicit
894 552 907 587 :
935 534 1080 587 Dives
1109 535 1157 587 in
1184 535 1412 589 omnibus
1427 545 1472 589 et
1494 552 1582 604 per
1601 552 1770 590 omnes
1791 537 1877 606 qui

287 628 522 683 invocant
550 645 664 683 eum
693 626 869 699 (Rom.
902 626 987 681 l0.
1018 626 1141 697 12).
1170 625 1275 681 Sed
1301 626 1495 680 dixerit
1522 628 1712 697 aliquis
1737 667 1752 691 ,
1780 642 1876 681 cur

288 737 420 792 ergo
441 764 457 788 ,
491 721 534 775 si
557 721 849 776 destinarat
887 720 1157 775 remittere
1195 728 1250 774 et
1282 719 1585 775 condonare
1611 720 1829 774 crimina
1856 759 1872 785 ,

290 813 430 866 hunc
456 810 764 867 venumdari
787 811 984 881 jussit?
1007 811 1136 865 Illud
1153 821 1300 866 certe
1320 811 1581 881 imprimis
1603 811 1744 866 illius
1775 811 1876 864 hu-

290 905 598 958 manitatem
634 904 907 967 declarat;
939 901 1031 957 scd
1065 917 1131 956 ne
1162 900 1471 956 festinemus
1491 940 1507 968 ,
1537 912 1591 955 at
1617 917 1712 971 per
1737 901 1877 956 ordi-

291 1012 412 1055 netu
442 996 793 1067 procedamus
817 995 882 1048 ad
909 994 1172 1062 paraboltc
1198 994 1604 1048 enarrationem.
1634 993 1755 1048 Non
1782 994 1877 1047 ha-

290 1089 433 1142 bente
452 1099 619 1140 autent
640 1104 695 1139 eo
711 1090 845 1156 quod
858 1086 1102 1139 redderet.
1122 1085 1257 1151 Quid
1279 1094 1455 1140 autem
1480 1094 1563 1140 est
1585 1072 1712 1140 illud
1737 1084 1876 1156 quod

292 1178 441 1243 dicit,
461 1177 578 1235 Non
594 1178 802 1229 habente
816 1194 872 1230 eo
888 1177 1022 1247 quod
1032 1176 1284 1231 redderet?
1306 1177 1507 1231 Rursus
1523 1175 1670 1231 vides
1691 1178 1881 1247 impro-

291 1270 475 1325 bitatis
503 1270 860 1325 accessionem
889 1288 901 1324 :
926 1286 1045 1326 cum
1077 1269 1218 1324 enim
1247 1269 1411 1335 dicit,
1443 1268 1564 1324 Non
1590 1269 1798 1323 habente
1823 1286 1881 1324 eo

290 1362 425 1432 quod
440 1362 668 1425 solveret,
690 1361 820 1414 nihil
836 1360 977 1416 aliud
999 1361 1126 1415 dicit
1145 1376 1301 1431 quam
1322 1376 1445 1416 eum
1462 1361 1700 1417 omnium
1720 1361 1885 1416 virtti-

297 1462 409 1508 tum
440 1453 651 1522 inopem
670 1451 855 1519 fuisse,
881 1466 981 1507 nec
1000 1452 1163 1505 ullum
1183 1452 1379 1506 bonum
1404 1466 1539 1522 opus
1561 1451 1881 1521 possedisse,

292 1546 434 1617 quod
476 1546 725 1615 imputari
759 1558 937 1615 posset
975 1545 1042 1600 ad
1085 1546 1453 1601 remissionem
1496 1552 1833 1615 peccatorum
1866 1560 1880 1596 :

298 1640 623 1708 imputantur
636 1639 779 1693 enim
797 1638 1016 1692 omnino
1044 1639 1196 1693 nobis
1226 1638 1289 1692 ad
1310 1648 1646 1708 peccatorum
1676 1638 1883 1693 veniam

293 1743 443 1786 recte
472 1730 607 1785 facta
634 1770 650 1796 ,
681 1730 1126 1801 quemadmodum
1157 1739 1210 1784 et
1253 1729 1385 1785 iidcs
1416 1729 1480 1784 ad
1506 1728 1787 1800 justitiam.
1820 1728 1885 1782 Ei

295 1825 462 1886 enim,
486 1823 570 1891 qui
596 1839 696 1876 non
724 1832 983 1892 operatur,
1015 1822 1167 1876 credit
1193 1832 1359 1876 autem
1384 1822 1436 1876 in
1465 1838 1578 1874 eum
1606 1822 1692 1889 qui
1723 1821 1886 1891 justi-

299 1916 418 1983 ﬁcat
444 1915 653 1984 impium
674 1956 689 1981 ,
720 1916 1000 1984 imputatur
1028 1914 1154 1983 ﬁdes
1182 1916 1292 1982 ejus
1317 1914 1384 1967 ad
1404 1915 1656 1984 justitiam
1685 1913 1703 1982 (
1734 1910 1884 1966 Rom.

298 2007 352 2061 4.
386 2007 475 2076 5).
505 2005 767 2061 Cancrum
796 2005 920 2077 quid
949 2007 1120 2075 allego
1146 2006 1301 2060 iidem
1332 2014 1386 2060 et
1416 2015 1559 2061 recte
1585 2004 1739 2070 facta,
1767 2018 1887 2059 cum

302 2097 670 2152 tribulationcs
694 2112 906 2167 quoque
934 2098 1262 2166 itnputeutur
1288 2095 1442 2152 nobis
1462 2096 1528 2150 ad
1554 2104 1887 2166 reccatorum

299 2187 749 2243 condonationem
773 2189 795 2242 ?
837 2186 904 2242 Et
948 2188 1051 2243 hoc
1075 2187 1309 2242 declarat
1336 2187 1581 2242 Christus
1610 2203 1707 2258 per
1732 2201 1887 2255 para-

302 2281 478 2335 bolam
510 2279 717 2347 Lazari,
749 2279 1089 2334 introducens
1116 2279 1381 2334 Abraham
1410 2279 1676 2334 dicentem
1708 2278 1773 2332 ad
1803 2278 1888 2333 di-

302 2372 486 2436 vitem,
515 2370 767 2424 Lazarum
790 2370 1031 2439 accipere
1058 2369 1480 2424 consolationem
1508 2411 1522 2434 ,
1550 2369 1671 2439 quia
1703 2368 1754 2422 iu
1786 2369 1891 2422 vita

303 2478 396 2518 sua
429 2463 565 2517 ιηειΙτι
588 2472 866 2533 acceperat
895 2462 1053 2533 (Las.
1080 2463 1165 2517 16.
1188 2462 1259 2517 25
1280 2464 1319 2532 ).
1350 2462 1590 2518 Declarat
1617 2470 1671 2517 et
1696 2461 1892 2517 Paulus

306 2556 371 2608 ad
416 2555 720 2609 Corinthios
754 2554 822 2609 de
862 2553 1184 2608 fornicatore
1222 2553 1499 2608 scribens:
1528 2551 1736 2605 Tradite
1760 2553 1894 2604 hunc

307 2647 557 2700 hominem
586 2657 778 2699 satana:
803 2647 855 2699 in
879 2646 1089 2699 exiliunt
1114 2645 1279 2699 carnis
1300 2683 1315 2709 ,
1347 2653 1402 2697 ut
1430 2643 1638 2714 spiritus
1671 2650 1895 2696 servetur

308 2737 398 2806 (l.
432 2736 549 2792 Cor.
582 2737 631 2793 5.
663 2738 697 2793 5
722 2738 764 2807 ).
800 2738 867 2792 Et
896 2738 1028 2791 alios
1055 2738 1144 2805 qui
1177 2743 1528 2807 peccaverant
1569 2736 1852 2791 consolans
1876 2774 1892 2798 ,

309 2830 376 2884 ad
408 2830 549 2882 hunc
577 2828 792 2882 modum
820 2827 981 2882 verba
1013 2826 1137 2882 facit
1169 2845 1181 2879 :
1215 2826 1341 2880 Ideo
1378 2827 1431 2881 iu
1466 2825 1603 2880 vobis
1637 2825 1783 2879 multi
1811 2826 1895 2879 itt-

314 2920 450 2988 ﬁrmi
476 2930 521 2973 et
550 2920 726 2989 a’groti
750 2960 766 2986 ,
796 2928 843 2972 et
872 2919 1126 2971 dormiunt
1166 2919 1310 2972 multi
1339 2934 1357 2971 :
1394 2918 1438 2971 si
1462 2919 1593 2971 enim
1633 2934 1724 2972 nos
1760 2918 1897 2988 ipsos

306 3011 672 3084 judicaremus,
703 3027 803 3064 non
831 3010 1000 3080 utique
1016 3008 1384 3081 judicaremur.
1411 3007 1537 3063 Cum
1564 3019 1728 3063 autem
1745 3009 1896 3079 judi-

312 3119 489 3155 camur
512 3118 545 3155 ιι
584 3100 801 3155 Domino
824 3142 841 3167 ,
881 3102 1201 3171 castigantur,
1231 3110 1285 3152 ut
1322 3116 1422 3154 non
1447 3114 1560 3153 cum
1589 3099 1682 3153 hoc
1712 3098 1901 3151 "tundo

312 3194 613 3248 damnentur
633 3196 649 3263 (
672 3195 721 3247 l.
749 3195 866 3247 Cor.
894 3193 982 3248 il.
1008 3192 1189 3248 50—52
1275 3190 1328 3247 Si
1356 3201 1534 3247 autem
1558 3192 1896 3257 tentationcs,

315 3288 507 3354 morbi,
539 3288 902 3351 inﬁrmitates,
936 3295 990 3341 et
1013 3287 1189 3340 carnis
1217 3286 1435 3340 exitium
1458 3326 1472 3351 ,
1502 3300 1622 3354 qua:
1657 3299 1756 3339 nec
1783 3292 1898 3338 stu-

313 3378 423 3446 dio,
448 3394 545 3434 nec
573 3380 841 3432 voluntate
869 3379 1116 3447 patimur,
1146 3377 1472 3445 imputantur
1498 3376 1651 3430 nobis
1678 3375 1744 3429 ad
1774 3388 1901 3443 pec-

313 3482 554 3527 catorum
596 3470 937 3524 abolitionem
958 3510 972 3531 ,
1009 3470 1175 3522 multo
1205 3468 1372 3537 magis
1396 3476 1543 3523 recte
1572 3465 1709 3521 facta
1736 3508 1750 3531 ,
1782 3481 1902 3535 qua:

314 3563 588 3616 voluntate
608 3569 659 3616 et
690 3560 866 3615 studio
888 3560 1274 3628 persequimur.
1300 3558 1435 3612 Huic
1459 3565 1637 3611 autem
1664 3557 1901 3609 omnium

316 3653 578 3708 bonorum
607 3653 783 3720 inopia
809 3658 923 3704 erat
943 3688 957 3713 ,
992 3662 1126 3702 onus
1152 3656 1337 3701 contra
1362 3656 1701 3715 peccatorum
1730 3645 1903 3698 maxio

318 3761 464 3799 mum
495 3786 509 3808 ,
533 3754 589 3797 et
611 3742 818 3797 sarcina
842 3740 1208 3810 importabilis.
1240 3737 1442 3793 Idcirco
1467 3737 1631 3805 dicit,
1668 3736 1788 3791 Non
1808 3737 1907 3791 ha-

320 3838 462 3889 bente
486 3835 576 3887 illo
597 3834 730 3886 unde
752 3832 978 3885 redderet
995 3871 1011 3891 ,
1032 3831 1186 3899 jussit
1214 3846 1329 3882 eum
1357 3829 1650 3881 venumdari
1676 3829 1693 3896 (
1718 3828 1903 3881 Matth.

323 3926 411 3981 18.
443 3924 578 3995 25).
626 3924 699 3977 Ex
753 3922 855 3975 hoc
896 3919 1224 3989 potissimum
1268 3916 1393 3972 licet
1419 3917 1619 3971 domini
1662 3917 1908 3971 humani-

324 4026 485 4070 tatem
527 4013 829 4083 perdiscere
850 4050 865 4076 ,
913 4009 1055 4080 quod
1083 4020 1137 4064 et
1162 4010 1422 4064 rationem
1453 4008 1710 4075 instituit,
1740 4014 1794 4063 et
1822 4023 1908 4063 ve-

326 4104 568 4159 numdari
594 4103 750 4172 jussit
783 4118 796 4155 :
828 4101 988 4155 ambo
1027 4102 1167 4154 enim
1211 4101 1244 4153 i.~
1260 4107 1307 4153 ta
1355 4098 1490 4153 facta
1531 4106 1654 4152 sunt
1694 4099 1746 4152 in
1787 4113 1908 4152 eum

327 4195 485 4248 linem
506 4231 522 4256 ,
568 4202 625 4246 ut
658 4208 761 4247 non
803 4189 1143 4245 venderetur.
1179 4188 1327 4245 Unde
1357 4188 1407 4242 id
1441 4189 1644 4258 liquet?
1669 4203 1699 4241 a
1729 4201 1907 4241 rerum

325 4289 467 4341 exitu
498 4302 511 4339 :
542 4284 584 4339 si
616 4285 759 4338 enim
791 4283 1080 4348 voluisset,
1108 4282 1229 4352 quis
1258 4281 1464 4335 obicem
1488 4318 1502 4345 ,
1531 4280 1651 4350 quis
1681 4277 1908 4349 impedi-

325 4389 562 4434 mentum
592 4375 901 4431 attulisset?

398 4469 451 4523 6.
491 4468 752 4535 Quorsum
782 4467 941 4536 igitur
968 4464 1326 4521 venditionem
1350 4462 1651 4534 imperavit,
1677 4477 1798 4517 cum
1827 4462 1909 4515 ni-

327 4562 400 4615 hil
432 4562 534 4615 tale
565 4560 738 4617 facere
765 4558 1077 4613 statuisset?
1108 4557 1172 4613 Ut
1200 4564 1420 4628 augeret
1446 4565 1678 4618 metum;
1711 4564 1912 4609 metum

329 4666 462 4705 vero
484 4651 630 4704 ausit
657 4664 749 4719 per
775 4648 965 4715 minas,
990 4656 1048 4702 ut
1069 4661 1191 4702 eum
1216 4647 1280 4701 ad
1302 4646 1739 4717 supplicationem
1766 4659 1914 4699 com-

329 4742 554 4813 pelleret
579 4756 595 4803 ;
627 4740 692 4793 ad
713 4738 1150 4808 supplicationem
1173 4736 1466 4807 compulit,
1500 4745 1557 4789 ut
1580 4736 1915 4789 occasionem

330 4831 592 4887 donanda:
618 4830 787 4884 venite
822 4828 1063 4882 haberet.
1096 4828 1312 4881 Poterat
1347 4835 1400 4880 et
1428 4833 1553 4881 ante
1579 4823 1917 4895 deprecatio-

333 4938 454 4976 nem
477 4936 596 4976 eum
622 4921 844 4974 liberum
871 4918 939 4972 ab
961 4933 1067 4972 tere
1092 4918 1266 4972 alieno
1286 4915 1576 4978 dimittere.
1595 4914 1772 4970 sedne
1795 4914 1918 4969 inde

333 5014 478 5068 illum
513 5013 833 5067 deteriorem
862 5008 1060 5064 iaceret
1083 5050 1099 5075 ,
1136 5008 1207 5063 ita
1245 5022 1305 5063 se
1331 5009 1517 5078 gessit.
1551 5008 1766 5061 Poterat
1793 5017 1919 5061 ante

333 5104 592 5157 ηιίιιηιιηι
627 5101 809 5155 initam
836 5099 1043 5154 veniam
1074 5097 1370 5154 concedere
1390 5139 1404 5163 ,
1436 5097 1528 5152 sed
1561 5111 1627 5151 ne
1670 5099 1919 5167 ignorans

334 5195 527 5249 molem
573 5193 836 5247 scelerum
880 5206 1096 5244 suorum
1121 5231 1137 5255 ,
1179 5190 1516 5244 inhumanior
1558 5198 1613 5244 et
1652 5188 1919 5244 crudelior

333 5302 457 5356 erga
490 5287 758 5355 proximos
788 5294 951 5348 esset,
982 5283 1102 5337 ideo
1129 5283 1201 5337 illi
1232 5283 1376 5352 prius
1404 5282 1696 5337 declaravit
1717 5282 1797 5337 sui
1826 5281 1921 5336 de-

337 5377 431 5431 hiti
460 5376 873 5447 magnitudinem
900 5416 915 5437 ,
946 5388 1012 5429 ac
1036 5383 1145 5428 tum
1174 5374 1387 5429 demum
1413 5375 1461 5428 ei
1490 5373 1695 5433 remisit
1717 5374 1917 5429 omnia.

336 5469 467 5523 Nam
495 5470 537 5522 si
570 5468 743 5522 habita
788 5467 996 5521 ratione
1024 5482 1087 5520 ac
1122 5480 1228 5520 tere
1251 5466 1426 5520 alieno
1454 5474 1872 5519 commonstrato
1900 5510 1916 5531 ,

338 5561 601 5631 minisque
632 5561 789 5615 illatis
813 5602 827 5623 .
858 5569 913 5616 et
942 5559 1387 5614 condemnatione
1418 5563 1685 5628 proposita
1712 5600 1727 5622 ,
1761 5576 1918 5629 quam

337 5650 605 5705 sumiuere
630 5650 954 5714 merebatur,
986 5649 1121 5704 adeo
1148 5649 1289 5706 ferus
1326 5658 1382 5705 et
1423 5648 1655 5704 crudelis
1696 5646 1789 5703 l‘uit
1820 5647 1917 5702 ad—

339 5757 525 5800 versus
550 5756 703 5798 suum
731 5754 1077 5802 conservum;
1110 5740 1153 5794 si
1191 5740 1321 5794 nihil
1364 5740 1584 5796 istorum
1622 5739 1918 5795 adhibitum

664 5850 933 5909 ΡΑτιιοι..
975 5844 1090 5905 Gn.
1138 5842 1236 5903 LI.

1084 329 1172 383 DE
1215 328 1446 385 DECEM
1484 329 1768 387 MILLIUM
1808 331 2101 389 TALENT.
2144 333 2488 392 DEBITORE
2518 336 2819 394 IIOMILIA.

3496 348 3570 401 ‘16

1986 446 2207 516 fuisset,
2247 465 2353 521 quo
2396 467 2501 506 non
2547 452 2888 510 immanitatis
2932 455 3301 526 prorupisset?
3347 456 3455 513 Hac
3497 457 3569 514 du

1980 554 2141 595 causa
2172 539 2287 596 hare
2313 544 2487 597 omnia
2518 544 2657 600 Deus
2695 545 2820 601 fecit
2854 555 2909 601 ct
2947 547 3210 615 instituit,
3235 559 3290 604 ut
3336 552 3568 609 hominis

1984 630 2369 687 immanitatem
2402 634 2545 689 illam
2580 637 2940 706 prmmollirct.
2983 638 3038 693 Si
3083 640 3216 695 nihil
3259 640 3373 695 istis
3411 641 3570 697 rebus

1983 722 2296 778 emendatus
2324 725 2419 778 fuit
2443 764 2459 790 ,
2491 742 2595 780 non
2628 743 2790 797 penes
2816 731 3124 799 magistrum
3145 772 3160 795 ,
3188 730 3281 786 scd
3314 747 3475 801 penes
3505 733 3571 785 il-

1985 812 2094 867 lum
2125 813 2214 882 qui
2241 814 2666 871 emendationem
2706 833 2812 872 non
2845 821 3069 890 recipit,
3100 822 3255 891 culpa
3291 824 3570 877 statuenda

1984 912 2085 958 est.
2112 903 2490 960 Verumtamen
2518 905 2792 962 videamus
2812 924 2918 978 quo
2948 920 3099 979 pacto
3125 913 3240 981 ejus
3271 913 3421 966 ulcus
3446 913 3572 966 abso

1986 1004 2175 1064 tergat.
2229 996 2426 1051 Cadens
2448 999 2602 1068 igitur
2622 1001 2690 1052 ad
2716 1000 2865 1069 pedes
2890 1002 3019 1071 ejus,
3045 1002 3331 1057 obsecrabat
3361 1003 3530 1059 dicens
3550 1018 3571 1059 :

1985 1086 2293 1140 Patientiam
2323 1088 2450 1142 habe
2476 1089 2529 1142 in
2557 1105 2669 1155 me,
2702 1099 2747 1143 et
2775 1092 2945 1144 omnia
2972 1091 3182 1145 reddam
3212 1093 3300 1145 tibi
3328 1091 3348 1161 (
3380 1091 3571 1148 Matth.

1988 1178 2073 1233 i8.
2102 1177 2229 1249 26).
2262 1178 2377 1233 Non
2416 1178 2588 1234 fassus
2616 1191 2695 1235 est
2729 1196 2788 1236 se
2818 1181 2948 1237 nihil
2980 1182 3177 1239 habere
3203 1183 3346 1253 quod
3377 1184 3574 1239 redde-

1987 1278 2070 1324 ret
2098 1287 2111 1323 :
2139 1270 2232 1324 scd
2267 1269 2352 1325 hic
2380 1285 2498 1325 mos
2519 1280 2598 1325 est
2627 1270 2928 1327 debitorum
2954 1314 2969 1338 ,
3000 1280 3054 1328 ut
3080 1273 3134 1327 in
3166 1288 3370 1328 summa
3397 1273 3573 1344 inopia

1990 1362 2300 1431 promittant
2354 1371 2576 1429 tamen,
2628 1379 2736 1434 quo
2789 1379 3024 1434 prtesens
3069 1365 3363 1435 periculum
3406 1366 3594 1421 vitare

1990 1455 2215 1523 possint.

2040 1543 2356 1600 Precationis
2368 1546 2461 1600 vis.
2480 1544 2706 1601 Maxima
2719 1548 2906 1616 ﬁducia
2917 1562 3164 1617 quoniam.
3184 1544 3351 1602 Venia:
3366 1546 3568 1603 donata:

1991 1641 2187 1693 modus.
2212 1639 2586 1695 -——Audiamus
2606 1649 2860 1710 quotquot
2883 1642 3051 1712 ignavi
3069 1656 3252 1696 sumus
3268 1641 3333 1696 ad
3353 1656 3576 1711 precan-

1990 1732 2140 1799 dum,
2190 1740 2384 1802 quanta
2434 1734 2505 1787 sit.
2543 1732 2971 1788 ohsecrationum
3001 1733 3101 1788 vis.
3153 1732 3268 1788 Non
3316 1731 3576 1802 jejunium

1991 1825 2298 1891 ostentavit,
2346 1839 2450 1879 non
2480 1826 2772 1879 ultroneam
2824 1833 3187 1895 paupertatem
3211 1867 3225 1891 ,
3262 1834 3351 1878 aut
3371 1822 3571 1893 aliquid

1994 1915 2313 1980 istiusmodi,
2347 1916 2440 1970 sed
2476 1915 2742 1980 desertus,
2771 1916 2863 1970 sed
2893 1916 3062 1970 nudus
3086 1917 3228 1971 omni
3247 1915 3460 1980 virtute,
3488 1914 3580 1970 ubi

1993 2022 2052 2063 se
2073 2007 2137 2061 ad
2151 2006 2536 2063 obsecrandum
2565 2006 2850 2073 convertit,
2877 2022 2941 2062 eo
2957 2008 3073 2061 solo
3110 2008 3276 2076 potuit
3305 2006 3578 2061 dominum

1994 2100 2059 2153 ad
2086 2100 2503 2154 misericordiam
2534 2100 2860 2169 pertrahere.
2898 2098 2976 2154 Ne
3004 2100 3160 2169 igitur
3189 2099 3496 2154 deliciamus
3516 2098 3579 2153 'in

1994 2191 2274 2246 iundendis
2304 2190 2566 2259 precibus.
2594 2190 2727 2259 Quis
2756 2193 2896 2246 enim
2926 2191 3028 2246 hoc
3055 2191 3384 2254 sceleratior,
3412 2190 3501 2260 qui
3527 2199 3583 2243 et

1998 2289 2077 2337 tot
2105 2280 2414 2336 criminibus
2441 2280 2704 2336 obnoxius
2725 2290 2865 2346 erat,
2900 2290 2954 2336 et
2980 2281 3182 2336 nullum
3212 2291 3358 2336 recte
3384 2281 3581 2335 factum

1998 2373 2345 2444 possidebat?
2373 2373 2488 2428 Non
2515 2383 2693 2429 tamen
2738 2388 2918 2429 secum
2949 2374 3015 2427 ad
3060 2373 3219 2427 istum
3256 2371 3473 2427 modum
3502 2371 3583 2424 lo-

1995 2473 2191 2535 quutus
2217 2474 2317 2529 est,
2346 2464 2460 2519 Non
2490 2464 2660 2519 audeo
2688 2465 2849 2534 loqui,
2882 2464 3083 2534 pudore
3111 2464 3297 2533 plenus
3324 2478 3461 2528 sum,
3490 2462 3581 2530 qui

1998 2563 2183 2627 potero
2205 2555 2495 2611 accedere?
2512 2554 2600 2625 qui
2627 2565 2814 2624 porero
2835 2569 2988 2610 orare
3005 2554 3028 2607 ?
3043 2553 3183 2622 quod
3208 2554 3442 2624 plerique
3464 2567 3586 2621 pec-

1996 2653 2234 2701 catorum
2259 2644 2476 2712 dicunt,
2504 2645 2762 2699 diabolica
2793 2643 3097 2699 laborantes
3126 2640 3426 2698 timiditate.
3458 2641 3574 2697 Non

1998 2736 2149 2791 adest
2180 2736 2270 2790 tibi
2298 2736 2487 2791 iiducia
2515 2735 2809 2807 loquendi?
2833 2735 3118 2806 Propterea
3138 2733 3353 2797 accede,
3387 2743 3444 2788 ut
3470 2747 3584 2787 ma-

1995 2828 2168 2898 jorem
2199 2827 2441 2883 ﬁduciam
2460 2841 2635 2898 pares.
2662 2826 2799 2881 Num
2820 2826 2961 2883 enim
2984 2825 3146 2881 homo
3168 2834 3269 2891 est,
3297 2839 3453 2895 quem
3481 2823 3588 2893 pla.

1999 2934 2121 2974 care
2146 2919 2295 2988 cupis
2315 2958 2330 2982 ,
2360 2922 2417 2971 ut
2447 2918 2648 2988 pudore
2677 2926 2731 2972 ct
2756 2916 3071 2973 verecundia
3100 2912 3445 2971 laberondum
3474 2904 3601 2968 sit?

2003 3010 2141 3065 Deus
2165 3018 2249 3063 est
2273 3009 2360 3077 qui
2402 3009 2567 3078 magis
2590 3049 2605 3075 ,
2634 3023 2791 3078 quam
2833 2992 2890 3062 ti't
2920 3008 3033 3078 ipse
3058 3049 3071 3073 ,
3102 3015 3318 3077 emptat
3344 3012 3394 3060 te
3421 3019 3452 3059 a
3478 3005 3553 3059 eri
3571 3032 3587 3044 -

2003 3101 2237 3159 minibus
2263 3101 2477 3158 liberari
2504 3117 2518 3163 ;
2551 3116 2656 3156 non
2684 3109 2740 3156 tu
2768 3110 3043 3172 tantopere
3074 3108 3216 3154 tuam
3246 3100 3585 3154 securitatem

2002 3194 2336 3265 concupiscis
2364 3234 2378 3258 ,
2420 3201 2748 3263 quantOpere
2792 3193 2880 3247 ille
2918 3200 3060 3246 tuam
3090 3192 3314 3247 salutem
3340 3190 3542 3260 expetit
3571 3205 3586 3243 :

2005 3286 2164 3359 idque
2201 3286 2361 3342 rebus
2408 3285 2536 3355 ipsis
2576 3285 2778 3340 docuit.
2827 3284 2941 3338 Non
2982 3282 3148 3337 habes
3197 3280 3486 3336 ﬁduciam?
3514 3279 3591 3334 Eo

2006 3380 2122 3448 ipso
2154 3388 2305 3448 potes
2352 3376 2597 3432 ﬁduciam
2640 3374 2870 3441 habere,
2902 3373 3042 3445 quod
3092 3375 3162 3429 ita
3203 3372 3425 3428 aliectus
3470 3371 3588 3426 sis:

2007 3470 2233 3524 maxima
2257 3469 2399 3523 enim
2432 3467 2618 3522 iiducia
2636 3475 2736 3533 est,
2761 3480 2883 3521 cum
2908 3467 3027 3537 quis
3052 3480 3112 3520 se
3138 3465 3406 3520 existimat
3428 3461 3593 3517 tldcre

2009 3575 2113 3615 non
2142 3560 2358 3615 debere.
2383 3560 2514 3614 Nam
2542 3569 2602 3614 ut
2631 3572 2972 3626 summOpcre
3001 3558 3243 3627 pudenda
3270 3572 3358 3612 res
3380 3565 3482 3619 est,
3504 3557 3594 3624 ju-

2008 3649 2238 3706 stiﬁcare
2266 3650 2501 3719 seipsum
2531 3664 2711 3705 coram
2742 3648 2968 3702 Domino
3001 3663 3014 3702 :
3047 3648 3134 3702 ille
3168 3648 3313 3702 enim
3356 3647 3596 3716 impurus

2008 3748 2093 3795 est
2118 3741 2435 3810 quicumque
2482 3739 2535 3794 id
2586 3738 2708 3793 l'acit
2732 3779 2746 3803 ,
2774 3739 2984 3794 etiamsi
3016 3738 3263 3792 outnihus
3294 3736 3606 3791 hominibus

2011 3831 2248 3886 sanctior
2286 3830 2445 3885 fuerit
2476 3848 2490 3883 :
2524 3832 2593 3884 ita
2632 3846 2843 3900 quoque
2879 3829 3052 3899 justus
3083 3830 3140 3884 lit
3164 3870 3178 3894 ,
3212 3832 3299 3899 qui
3344 3845 3401 3885 se
3428 3829 3600 3884 credit

2012 3920 2250 3975 omnium
2299 3919 2572 3976 hominum
2617 3929 2913 3974 extremum
2955 3933 3094 3973 esse.
3125 3918 3288 3987 Cujus
3326 3920 3404 3972 rei
3435 3928 3598 3973 testes

2013 4019 2137 4065 sunt
2167 4009 2466 4065 Pbarisaaus
2490 4019 2544 4064 et
2571 4009 2904 4079 publicanus.
2947 4008 3025 4064 Ne
3065 4009 3222 4080 igitur
3262 4007 3596 4078 despondea-

2013 4116 2132 4155 mus
2173 4101 2406 4155 animum
2449 4101 2519 4155 ob
2552 4110 2768 4171 peccata
2793 4142 2809 4168 ,
2853 4116 3025 4171 neque
3069 4101 3412 4170 desperemus
3439 4142 3453 4165 ,
3504 4099 3597 4153 sed

2013 4192 2267 4247 adeamus
2290 4192 2476 4255 Deum,
2496 4191 2854 4262 procidamus,
2877 4191 3241 4258 obsecramus,
3261 4188 3607 4261 quemadmo;

2013 4284 2139 4339 dum
2172 4283 2271 4337 istc
2299 4282 2425 4337 fecit
2448 4328 2461 4346 ,
2492 4282 2751 4338 hactenus
2777 4282 2916 4338 bona
2956 4291 3137 4338 mente
3176 4295 3321 4336 usus.
3362 4280 3475 4336 Non
3503 4280 3614 4336 dc-'

2015 4374 2281 4444 spondere
2306 4374 2540 4427 aninuun
2558 4415 2573 4438 ,
2602 4389 2709 4427 non
2740 4374 3046 4442 desperare,
3074 4371 3316 4428 conﬁteri
3345 4380 3557 4443 peccata
3583 4377 3613 4436 ,’

2015 4464 2286 4537 postulare
2327 4464 2634 4518 dilationem
2677 4463 2909 4532 aliquam
2951 4470 3007 4517 et
3045 4474 3249 4516 moram
3275 4499 3290 4527 ,
3331 4471 3386 4516 et
3425 4461 3600 4515 omnia

2019 4556 2116 4609 ista
2142 4555 2279 4609 bona
2307 4562 2431 4607 sunt
2456 4562 2512 4607 et
2540 4552 2735 4607 mentis
2769 4551 3015 4607 contritae
3038 4591 3052 4613 .
3094 4559 3150 4605 et
3184 4549 3377 4603 anima:
3423 4549 3602 4604 humi-

2019 4644 2176 4698 lianc.
2207 4644 2336 4710 Quae
2361 4642 2471 4711 jam
2516 4648 2829 4710 sequuntur,
2868 4648 3201 4710 nequaquam
3242 4636 3433 4693 similia
3478 4647 3604 4693 sunt

2019 4736 2381 4805 superioribus
2409 4750 2423 4788 :
2451 4748 2570 4805 quae
2607 4732 2749 4788 enim
2776 4741 2870 4801 per
2906 4727 3344 4801 supplicationem
3374 4741 3602 4799 congre-

2020 4834 2237 4895 gaverat
2263 4863 2276 4887 ,
2318 4823 2434 4877 hmo
2460 4822 2639 4877 omnia
2676 4822 2727 4874 in
2755 4822 3060 4875 universum
3090 4818 3274 4874 eﬁ'udit
3302 4833 3397 4887 per
3426 4818 3556 4872 iram
3579 4858 3597 4883 ,

2020 4931 2177 4985 quam
2212 4915 2261 4968 iu
2294 4914 2594 4983 proximum
2624 4912 2881 4967 exercuit.
2911 4910 3016 4965 Sed
3036 4910 3147 4980 jam
3173 4910 3237 4962 ad
3262 4909 3478 4964 modum
3510 4909 3607 4963 do-

2022 5016 2161 5060 nata:
2186 5004 2355 5059 venia:
2385 5002 2751 5073 procedamus.
2785 5001 3069 5055 Videamus
3109 4999 3415 5069 qualitatem
3455 4999 3607 5055 istius

2024 5094 2354 5151 remissionis
2381 5135 2393 5158 .
2422 5104 2475 5148 et
2496 5092 2686 5164 quibus
2711 5092 2869 5146 rebus
2895 5091 2960 5146 ad
2989 5091 3039 5146 id
3070 5090 3318 5146 dominus
3344 5089 3605 5145 adductus

2023 5189 2204 5244 fuerit.
2258 5187 2493 5241 Misertus
2534 5186 2671 5240 illius
2712 5185 2984 5250 dominus,
3032 5184 3201 5254 inquit
3239 5183 3562 5253 evangelista
3588 5222 3604 5246 ,

2024 5280 2230 5333 absolvit
2259 5295 2373 5332 eum
2394 5317 2406 5338 .
2432 5286 2478 5331 et
2501 5277 2721 5331 debitum
2746 5277 2933 5331 remisit
2959 5275 3179 5347 (Matth.
3213 5276 3300 5330 18.
3337 5275 3406 5327 27
3428 5272 3468 5344 ).
3513 5273 3608 5327 Ille

2025 5371 2334 5425 dilationem
2364 5369 2533 5438 petiit,
2564 5370 2663 5425 iste
2687 5370 2895 5423 veniam
2918 5369 3216 5432 concessit,
3248 5366 3382 5421 adeo
3403 5375 3460 5419 ut
3492 5364 3609 5434 plus

2025 5464 2227 5534 cpperit
2250 5505 2264 5529 ,
2296 5480 2451 5531 quam
2487 5463 2783 5533 postularit.
2813 5463 3147 5531 Quapmpter
3174 5459 3367 5514 Paulus
3399 5458 3567 5527 inquit
3589 5472 3617 5524 ,'

2031 5555 2094 5609 Ei
2110 5598 2123 5616 .
2151 5557 2236 5622 qui
2261 5564 2417 5625 potest
2441 5557 2610 5609 omnia
2635 5558 2800 5624 facere
2825 5550 3314 5622 superabundantius
3337 5564 3487 5621 quam
3514 5566 3621 5619 μοι

2022 5646 2180 5700 timus
2203 5687 2215 5710 ,
2245 5655 2330 5699 aut
2356 5647 2632 5714 cogitamus
2658 5643 2873 5714 (Ephes.
2902 5641 2956 5695 5.
2983 5636 3099 5711 20).
3132 5640 3247 5695 Non
3288 5642 3430 5697 enim
3458 5649 3615 5710 prima

2029 5739 2259 5812 Cogitare
2290 5746 2431 5793 tanta
2459 5778 2472 5803 ,
2502 5745 2699 5807 quanta
2737 5733 2822 5788 ille
2866 5732 3093 5787 instituit
3130 5728 3334 5786 donare
3375 5730 3489 5809 tibi.
3533 5727 3613 5778 N3
