4066 6274
419 311 484 363 27
1121 313 1173 368 s.
1209 312 1487 369 JOANNIS
1523 313 1988 370 Cttnvsosrout
2029 315 2344 372 AltUllEP.
2383 295 2912 372 consummati.
3602 308 3676 361 28

419 424 582 491 igitur
611 425 846 494 pudeﬁas
866 467 880 490 ,
910 442 1040 480 neve
1071 428 1374 493 erubescas,
1400 429 1512 483 imo
1539 431 1709 496 potius
1729 429 1990 500 pudorem

421 513 488 565 de
519 513 746 582 peccatis
767 514 988 584 collige,
1014 531 1079 570 ne
1105 516 1381 585 desperes,
1412 533 1542 571 neve
1568 519 1796 572 absistas
1820 533 1848 570 a
1866 533 1998 587 pre-

352 661 358 674 .
423 606 651 670 ratione,
679 604 772 658 sed
795 606 988 660 accede
1007 648 1020 671 ,
1047 607 1171 662 licet
1196 618 1440 676 peccator
1464 610 1538 662 sis
1559 651 1576 676 ,
1609 618 1664 662 ut
1681 609 2000 663 reconcilies

354 684 360 764 ἧ
417 694 520 748 tibi
557 695 834 750 Dominum
859 737 873 760 ,
902 707 957 750 ut
979 697 1081 753 des
1109 699 1182 752 illi
1224 699 1394 754 locum
1433 715 1580 754 suam
1622 699 1999 754 humanitatem

357 804 362 858 ς
428 785 894 840 ἰηλεοηιιοηιιιὶοηο
916 795 1132 842 tuorum
1172 789 1450 842 criminum
1476 788 1765 842 exhibendi
1795 807 1806 841 :
1839 790 1958 858 quia
1981 829 1995 851 ,

360 890 364 954 ξ
426 875 469 929 si
501 877 684 930 timeas
721 876 976 932 accedere
998 916 1016 944 ,
1049 877 1276 946 impedis
1303 879 1442 932 illius
1473 878 1787 944 bonitatem,
1821 893 1998 933 remo-

347 957 364 1026 ,ί
428 967 562 1019 raris
608 966 746 1021 illius
789 968 1128 1037 benignitatis
1173 969 1471 1039 largitatem
1500 1010 1514 1034 ,
1563 980 1816 1040 quantum
1855 970 1919 1024 ad
1951 979 2002 1025 te

430 1057 640 1111 attinet.

503 1146 624 1202 Non
651 1149 776 1204 salte
805 1165 974 1220 preces
1011 1153 1202 1205 veuiam
1247 1153 1534 1224 impetrant,
1565 1153 1653 1206 sed
1680 1169 1793 1206 cum
1838 1153 2001 1222 gratia

429 1234 545 1293 Dei.
577 1240 878 1296 Recordutio
904 1253 1218 1312 peccatorum
1259 1245 1417 1300 utilis.
1445 1243 1643 1298 Paulus
1689 1251 2008 1313 peccatorum

435 1344 639 1383 suorum
666 1332 972 1387 recordatur.
1006 1363 1074 1372 —-
1100 1332 1176 1388 Ne
1228 1332 1382 1404 igitur
1409 1335 1641 1388 animum
1668 1333 2000 1403 despondea-

435 1433 574 1486 mus,
600 1434 733 1475 neve
770 1435 869 1474 nos
913 1436 1104 1490 segnes
1156 1423 1469 1491 timidusque
1514 1424 1579 1477 ad
1633 1437 1816 1492 preces
1855 1421 2007 1476 exhi-

433 1507 670 1562 beamus.
703 1509 921 1563 Etiamsi
960 1509 1162 1564 detrusi
1189 1512 1355 1566 simus
1389 1512 1455 1566 ad
1499 1512 1806 1566 barathrum
1848 1511 1999 1564 mali-

433 1596 544 1664 tiae,
575 1597 727 1654 facile
750 1599 875 1653 inde
906 1615 1003 1654 nos
1029 1600 1309 1656 extrahere
1347 1605 1557 1671 peterit.
1605 1602 1773 1657 Nemo
1803 1610 2002 1656 tantum

433 1689 670 1758 peccavit
695 1699 946 1759 quantum
975 1692 1075 1747 iste
1102 1711 1114 1746 :
1142 1709 1260 1747 nam
1289 1698 1341 1747 in
1363 1711 1520 1748 omne
1555 1709 1722 1764 genus
1745 1694 2004 1750 scelerum

436 1791 747 1850 proruperat
780 1799 793 1836 :
826 1783 874 1836 id
902 1785 1043 1839 enim
1071 1785 1366 1854 signiﬁcant
1411 1786 1546 1841 dena
1594 1787 1756 1840 millia
1785 1786 2006 1840 talento-

435 1884 551 1923 rum
586 1887 597 1921 :
656 1885 814 1925 nemo
860 1873 930 1926 ita
979 1875 1132 1948 inops
1160 1875 1368 1928 virtutis
1405 1885 1507 1938 est,
1536 1883 1593 1930 ut
1621 1876 1720 1930 iste
1747 1875 1841 1930 fuit
1870 1892 1883 1928 :
1908 1874 2006 1928 hoc

436 1958 578 2013 enim
614 1960 925 2032 intelligitur
975 1979 1044 2018 ex
1082 1979 1180 2030 eo,
1228 1965 1370 2035 quod
1419 1965 1549 2022 nihil
1601 1967 1820 2021 haberet
1865 1967 2004 2036 quod

436 2050 774 2118 rependeret.
822 2054 1070 2108 Attamen
1113 2056 1481 2126 undecumque
1519 2058 1784 2113 desertum
1821 2067 1875 2113 et
1921 2058 2005 2112 in-

438 2155 594 2209 opem
619 2145 786 2211 potuit
819 2145 898 2198 vis
925 2159 1137 2214 precum
1165 2145 1411 2202 liberare.
1432 2147 1678 2211 Tantum,
1710 2147 1896 2218 inquit,
1921 2164 2009 2201 va-

435 2225 510 2286 let
535 2236 815 2302 precatio,
845 2245 901 2291 ut
933 2253 1056 2292 eum
1087 2239 1176 2308 qui
1213 2239 1506 2294 innumeris
1545 2240 1704 2294 rebus
1749 2249 1803 2294 et
1853 2240 2009 2293 factis

439 2323 716 2378 Dominum
767 2326 1082 2394 offenderit,
1114 2343 1142 2382 a
1187 2343 1342 2399 paena
1395 2337 1450 2382 et
1499 2330 1756 2399 supplicio
1804 2329 2010 2399 eripere

438 2414 605 2480 possit
624 2414 844 2470 ?Rote.st
865 2417 1002 2472 haud
1032 2417 1208 2474 dubie.
1235 2420 1349 2474 Non
1369 2420 1511 2474 enim
1536 2421 1620 2474 illa
1645 2421 1758 2474 sola
1787 2432 1870 2475 est
1893 2435 2011 2488 qua!

439 2502 615 2578 otnnia
669 2503 911 2569 conﬁcit,
950 2507 1042 2560 sed
1082 2507 1242 2562 habet
1281 2511 1482 2562 sociam
1535 2518 1588 2561 et
1629 2509 2010 2562 auxiliatriccm

441 2591 719 2645 maximam
738 2593 1130 2651 humanitatem
1157 2598 1250 2653 Dei
1272 2639 1286 2662 ,
1310 2599 1400 2669 qui
1422 2613 1606 2669 preces
1625 2599 1838 2668 accipit,
1859 2599 2012 2669 cujus

443 2681 642 2736 viribus
663 2685 837 2738 omnia
871 2685 1021 2754 ﬁunt,
1046 2697 1098 2742 et
1125 2704 1243 2758 quae
1263 2691 1554 2744 orationem
1589 2691 1860 2744 efficacem
1886 2691 2012 2744 red-

443 2771 599 2827 didit.
632 2773 684 2828 ld
733 2775 891 2847 igitur
931 2778 1273 2835 subiudicans
1296 2819 1313 2847 ,
1340 2780 1491 2845 dixit,
1517 2779 1754 2835 Misertus
1781 2781 2013 2835 dominus

439 2864 548 2933 ejus
567 2865 776 2920 absolvit
796 2885 930 2936 eum,
959 2884 1004 2923 et
1023 2887 1090 2924 aes
1117 2871 1334 2925 alienant
1354 2873 1539 2926 remisit
1559 2873 1602 2927 ei
1627 2889 1645 2926 :
1667 2882 1720 2926 ut
1749 2872 1942 2938 discas,
1961 2882 2016 2927 ct

445 2964 560 3022 pOSt
601 2971 803 3024 preces,
835 2967 890 3013 et
931 2969 1056 3014 ante
1084 2975 1286 3029 ,preces
1331 2961 1534 3016 domini
1589 2964 1791 3018 viscera
1845 2971 2012 3016 totum

441 3052 570 3106 illud
623 3054 889 3122 negotium
929 3053 1136 3108 fecisse.
1182 3052 1435 3124 Egressus
1479 3062 1643 3108 autem
1693 3054 1780 3109 ille
1830 3055 2015 3109 invenit

446 3160 616 3197 unum.
640 3161 986 3199 conservorum
1030 3163 1257 3210 suorum,
1303 3147 1389 3216 qui
1433 3148 1532 3216 ipsi
1567 3147 1768 3202 debebat
1816 3159 2014 3202 centum

348 3274 354 3280 .
443 3237 674 3289 denarios
694 3270 712 3299 ,-
735 3246 780 3288 et
818 3236 1287 3303 tenens-sulfocabat
1311 3254 1422 3290 eum
1449 3239 1619 3292 dicens
1639 3257 1664 3292 .'
1690 3239 1862 3294 Redde
1883 3242 2016 3312 quod

432 3324 589 3378 .dcbes
617 3324 830 3393 (Matth.
859 3325 942 3380 18.
970 3324 1084 3397 28).
1116 3325 1252 3393 Quid
1309 3326 1581 3381 scelestius
1637 3327 1748 3382 fieri
1803 3331 2017 3398 potest?

447 3415 634 3491 Adhuc
661 3416 804 3472 enim
828 3417 1070 3473 beneficii
1101 3433 1285 3472 vocem
1316 3418 1368 3472 in
1395 3419 1612 3474 auribus
1639 3435 1852 3491 gerens,
1874 3421 2012 3477 obli-

443 3517 533 3562 tus
556 3519 636 3562 est
677 3509 857 3565 herilis
883 3509 1148 3564 bonitatis.

502 3604 568 3656 ..7.
611 3604 687 3657 En
727 3612 976 3672 quantum
1031 3604 1224 3658 bonum
1278 3613 1360 3658 est
1406 3616 1742 3674 peccatorum
1797 3621 2013 3660 suorum

449 3696 756 3749 meminisse
789 3713 802 3748 :
834 3696 878 3749 si
907 3696 1046 3750 enim
1095 3696 1179 3750 hic
1218 3707 1472 3766 perpetuo
1499 3715 1680 3754 eorum
1707 3699 2015 3752 memoriam

452 3787 905 3852 retiunissct,mon
933 3787 1206 3842 tamferus
1235 3800 1307 3843 .et
1332 3791 1580 3845 immanis
1616 3792 1784 3845 factus
1811 3791 2012 3846 fuisset.

453 3878 736 3946 Propterea
754 3877 965 3933 assidue
985 3878 1104 3932 dico
1118 3922 1132 3945 ,
1153 3894 1251 3935 nec
1275 3883 1509 3936 omittam
1533 3883 1732 3948 dicere,
1761 3884 1914 3938 valde
1936 3891 2020 3939 est

453 3969 580 4024 utile
608 3979 661 4024 et
699 3971 1058 4026 necessarium
1082 3983 1362 4042 perpetuo
1397 3975 1663 4029 recordari
1706 3974 2016 4030 deiictorum

449 4063 683 4115 omnium
715 4081 726 4114 :
760 4063 887 4116 nihil
915 4064 1054 4116 enim
1079 4064 1147 4116 ita
1178 4075 1320 4117 recte
1349 4065 1662 4130 institutam,
1693 4067 2016 4118 trac‘abilem

450 4161 505 4205 et
527 4153 706 4205 mitem
723 4152 951 4206 animam
975 4151 1148 4207 facere
1167 4162 1516 4222 potest,quam
1535 4165 1786 4222 perpetua
1799 4154 2017 4208 delicto-

452 4256 569 4294 rum
591 4239 905 4294 recordatio.
924 4240 1045 4295 ldeo
1071 4249 1124 4294 et
1149 4242 1342 4296 PauYus
1357 4259 1468 4297 .non
1490 4244 1659 4298 solum
1685 4253 2016 4312 peccatorum

449 4348 653 4395 eorum,
677 4344 794 4403 qua:
818 4342 942 4388 ante
983 4335 1270 4400 lavacrum,
1299 4336 1392 4390 sed
1429 4337 1592 4391 .etiam
1623 4352 1740 4407 qua:
1779 4345 1899 4406 post
1924 4338 2018 4392 ba-

451 4428 700 4495 ptismum
721 4427 1006 4483 commissa
1028 4437 1198 4494 erant,
1223 4444 1427 4484 memor
1455 4429 1824 4501 fuit,quamvis
1853 4429 2016 4484 semel

451 4520 628 4574 onittia
677 4528 730 4574 et
779 4520 1046 4577 deleta-et
1090 4523 1346 4577 exstincta
1387 4523 1666 4579 essent.-Si
1712 4533 1886 4577 autem
1933 4523 2020 4577 ille

450 4625 684 4678 eoi-tun,
711 4626 829 4682 qua:
855 4621 976 4667 ante
1003 4612 1320 4681 baptismum
1334 4621 1584 4684 «gesserat
1601 4653 1617 4680 ,
1651 4627 1861 4667 memor
1900 4614 2015 4676 fuit,

453 4702 622 4758 multo
649 4703 816 4771 magis
844 4718 1104 4771 nos-qum
1145 4713 1263 4772 post
1287 4703 1619 4774 baptismum
1645 4713 1760 4757 acta
1787 4705 2016 4769 suunt,iu

453 4792 710 4863 memoria
763 4795 993 4847 retinere
1039 4794 1460 4859 debemus;n0n
1509 4793 1650 4847 enim
1711 4795 1880 4848 solum
1933 4795 2017 4848 illa

455 4882 749 4937 istiusmodi
802 4885 1167 4938 recordatione
1218 4881 1633 4953 exstinguimus,
1661 4882 1755 4939 sed
1809 4893 1861 4938 et
1900 4866 2025 4941 inde

455 4989 578 5041 erga
608 4987 796 5027 omnes
820 4973 1062 5028 homines
1091 4974 1327 5031 mitiores
1347 4972 1658 5037 efﬁciemur,
1680 4982 1735 5029 et
1764 4974 1874 5028 Deo
1900 4991 2019 5029 cum

453 5061 643 5128 majori
689 5062 1054 5115 benevolentia
1107 5062 1493 5127 inserviemus,
1544 5062 1857 5117 ineffabilem
1907 5065 2017 5131 ejus

455 5149 836 5204 humanitatem
867 5165 929 5204 ex
975 5151 1273 5206 istiusmodi
1319 5153 1572 5206 memoria
1618 5155 2015 5222 perspicientes.

457 5237 738 5306 Quodjste
767 5255 869 5292 non
890 5240 1012 5293 fecit
1031 5280 1046 5304 ,
1075 5240 1165 5294 sed
1196 5240 1391 5295 oblitus
1417 5244 1792 5312 magnitudinis
1812 5245 2021 5298 debito-

458 5348 574 5387 rum
605 5346 844 5399 suorum,
871 5332 1028 5386 etiam
1044 5332 1299 5387 beneﬁcii
1327 5333 1524 5388 domini
1567 5348 1669 5388 non
1715 5336 2021 5390 recordatus

460 5434 580 5490 est;
611 5423 882 5478 oblivione
930 5438 1089 5493 porro
1135 5423 1375 5478 beneﬁcii
1416 5424 1606 5478 factum
1631 5435 1731 5488 est,
1759 5435 1816 5480 ut
1855 5427 2020 5482 scele-

459 5496 571 5579 rate
592 5530 651 5570 se
679 5516 902 5584 gesserit
942 5513 1195 5568 adversus
1223 5529 1558 5578 conservum,
1576 5527 1638 5570 et
1665 5519 1920 5572 scelerate
1961 5533 2020 5573 se

461 5604 693 5674 gerendo
722 5607 896 5660 omnia
925 5604 1229 5674 perdiderit,
1248 5621 1364 5675 qua:
1387 5621 1422 5660 -a
1455 5607 1542 5660 Dei
1568 5608 1805 5662 bonitate
1835 5623 2022 5664 conse-

453 5704 649 5766 quutus
697 5706 849 5766 erat,
894 5695 1090 5753 Tenetis
1139 5699 1268 5753 enim
1311 5697 1587 5768 stt/[acabat
1630 5717 1773 5768 eum,
1812 5701 2018 5770 dicens,

2109 431 2281 485 Redde
2303 433 2346 486 si
2367 432 2487 499 quid
2509 433 2654 485 debes
2683 447 2700 484 :
2731 447 2834 486 non
2862 431 2992 485 dixit
3013 473 3025 494 ,
3059 429 3240 484 Redde
3269 437 3479 480 centum
3506 425 3674 479 deua-

2108 526 2218 574 rios
2251 537 2265 574 :
2300 521 2572 590 puduisset
2603 522 2743 576 enim
2773 537 2894 576 cum
2921 522 3194 575 nominare
3239 518 3469 573 tantillas
3495 516 3674 570 minu-

2106 612 2224 675 tias,
2246 611 2339 664 sed
2371 611 2542 665 Redde
2564 612 2606 664 si
2627 612 2746 680 quid
2775 613 2937 664 debes.
2973 609 3071 663 Ille
3094 618 3256 662 autem
3279 609 3460 661 cadens
3487 607 3556 658 ad
3587 621 3677 674 pc-

2105 702 2190 753 des
2210 703 2318 773 ejus
2340 704 2636 756 obsecrabat
2678 701 2845 755 dicens
2877 717 2894 754 :
2923 699 3224 754 Patientiam
3251 697 3376 751 habe
3401 698 3451 750 in
3483 713 3558 749 me
3577 736 3592 760 ,
3628 703 3678 747 et

2104 791 2273 845 omnia
2315 791 2524 845 reddam
2573 793 2661 845 tibi
2702 791 2910 858 (Matth.
2966 791 3050 845 18.
3087 789 3204 859 29).
3236 787 3452 842 Eisdem
3499 783 3680 838 verbis

2103 894 2254 933 suam
2285 881 2508 934 salutem
2539 891 2675 946 orat,
2697 881 2890 951 quibus
2916 881 3005 935 ille
3033 880 3239 934 veniam
3265 892 3293 930 a
3321 875 3539 930 domino
3573 873 3674 926 im-

2104 976 2422 1037 petraverat.
2472 969 2520 1024 Is
2563 978 2740 1024 autem
2767 985 2875 1039 prae
2907 969 3064 1024 nimia
3112 967 3424 1023 crudelitate
3455 980 3520 1020 ne
3562 964 3679 1020 istis

2103 1057 2315 1126 quidem
2357 1060 2532 1114 verbis
2583 1058 2914 1124 flectebatur,
2945 1075 3114 1128 neque
3161 1057 3429 1126 cogitavit,
3468 1068 3527 1108 se
3583 1067 3679 1122 per

2105 1146 2219 1202 hare
2261 1147 2397 1203 dicta
2445 1149 2672 1204 salutem
2721 1149 3004 1204 invenisse.
3061 1149 3310 1217 Quinimo
3363 1147 3406 1200 si
3444 1145 3677 1200 debitum

2107 1239 2418 1307 remisisset,
2453 1256 2519 1296 ne
2575 1241 2644 1295 ita
2689 1242 2901 1313 quidem
2960 1257 3058 1312 pro
3109 1240 3436 1294 humanitate
3481 1236 3676 1292 factum

2107 1329 2236 1384 illud
2288 1331 2650 1401 imputandum
2681 1332 2896 1397 fuisset,
2945 1331 3038 1388 sed
3081 1347 3176 1401 pro
3205 1331 3403 1386 debito.
3431 1328 3486 1384 Si
3525 1327 3670 1382 enim

2106 1432 2230 1476 ante
2268 1427 2527 1477 rationem
2563 1423 2775 1488 initam,
2809 1432 2865 1479 et
2894 1424 3206 1478 beneficium
3233 1431 3547 1490 acceptum,
3577 1417 3678 1474 hoc

2108 1511 2344 1582 fecisset,
2373 1515 2538 1583 ipsius
2579 1515 2997 1585 magnanimitati
3050 1514 3153 1569 tale
3203 1513 3397 1567 factum
3447 1509 3678 1565 adscribi

2109 1603 2410 1670 potuisset:
2437 1604 2548 1673 jam
2599 1619 2728 1660 vero
2761 1614 2870 1658 tam
2920 1605 3213 1659 clementer
3263 1603 3476 1657 habitus
3517 1609 3570 1656 et
3604 1609 3682 1654 tot

2111 1703 2451 1759 peccatorum
2507 1695 2822 1751 remissione
2871 1695 3134 1763 donatus,
3189 1695 3253 1749 ad
3320 1708 3503 1765 parem
3556 1707 3678 1762 erga

2109 1796 2429 1837 conservum
2482 1783 2819 1838 clementiam
2876 1784 3138 1854 obligatus
3187 1793 3318 1838 erat.
3367 1784 3456 1838 ille
3508 1792 3682 1836 tamen

2110 1873 2239 1927 nihil
2267 1873 2563 1929 istiusmodi
2590 1874 2711 1930 fecit
2737 1917 2752 1942 ,
2781 1884 2870 1930 aut
2896 1877 2948 1929 in
2977 1882 3207 1930 mentem
3236 1875 3480 1938 admisit,
3509 1882 3566 1927 ut
3587 1887 3682 1927 co-

2109 1965 2316 2034 gitaret,
2348 1974 2600 2036 quantttm
2633 1967 2911 2022 interesset
2941 1969 3075 2021 inter
3097 1966 3683 2034 condonationem,quae

2111 2056 2208 2126 ipsi
2233 2072 2264 2111 a
2290 2056 2504 2111 domino
2524 2059 2832 2128 contigerat,
2854 2068 2908 2112 ct
2933 2073 3048 2112 eam
3075 2073 3193 2127 quae
3219 2073 3342 2127 erga
3369 2071 3684 2111 conservum

2110 2145 2408 2200 exhibenda
2439 2156 2554 2201 erat
2587 2165 2599 2202 :
2629 2164 2732 2200 non
2761 2149 2900 2203 enim
2938 2149 3106 2202 solum
3135 2147 3496 2216 magnitudine
3533 2143 3684 2199 debi-

2113 2244 2284 2289 torum
2311 2244 2403 2288 aut
2431 2236 2682 2305 dignitate
2709 2251 3073 2305 personarum,
3097 2237 3189 2290 sed
3239 2251 3304 2290 eo
3346 2239 3459 2303 ipso
3499 2233 3678 2296 modo,

2111 2340 2218 2394 quo
2256 2340 2344 2379 res
2371 2337 2484 2380 acta
2516 2335 2596 2381 est
2616 2367 2630 2388 ,
2662 2341 2907 2396 magnum
2939 2329 3073 2380 inter
3104 2336 3382 2394 utrumque
3401 2325 3685 2379 discrimen

2113 2415 2430 2483 conspicias.
2461 2416 2590 2470 lllud
2621 2417 2761 2470 enim
2787 2416 3020 2472 debitum
3051 2415 3232 2470 decem
3269 2417 3488 2469 millium
3516 2415 3685 2470 talen-

2115 2513 2285 2560 torum
2307 2520 2441 2573 erat,
2470 2507 2570 2562 hoc
2609 2517 2821 2563 centum
2858 2509 3196 2564 denariorqu
3229 2526 3242 2563 :
3273 2517 3325 2563 et
3355 2509 3442 2562 ille
3475 2507 3686 2577 quidem

2115 2597 2169 2651 in
2217 2598 2489 2654 dominum
2537 2601 2918 2656 contumeliose
2972 2609 3298 2672 peccaverat,
3325 2600 3410 2654 hic
3453 2608 3686 2654 tantum-

2116 2691 2275 2745 modo
2303 2707 2561 2747 conservo
2581 2693 2845 2764 obligatus
2872 2703 2987 2748 erat
3013 2712 3024 2746 :
3050 2694 3138 2748 ille
3167 2693 3435 2749 beneficiis
3456 2691 3688 2762 acceptis

2116 2782 2252 2837 bene
2298 2783 2494 2839 mereri
2543 2784 2773 2840 vicissim
2821 2785 3066 2850 debebat,
3095 2783 3379 2849 dominus,
3407 2783 3496 2854 qui
3557 2781 3688 2836 nihil

2118 2873 2240 2928 boni
2276 2884 2366 2928 aut
2403 2876 2576 2946 magni
2605 2885 2695 2930 aut
2739 2876 2888 2946 parvi
2927 2876 2994 2931 ab
3036 2875 3153 2945 ipso
3201 2876 3392 2929 factum
3442 2873 3688 2936 videbat,

2117 2965 2292 3019 omnia
2338 2966 2561 3020 remisit.
2594 2968 2841 3021 Attamen
2892 2967 3018 3021 nihil
3061 2966 3249 3021 horum
3275 2964 3562 3033 cogitavit;
3593 2962 3688 3015 sed

2117 3057 2282 3109 semel
2311 3055 2378 3109 ab
2401 3056 2476 3110 ira
2508 3069 2840 3121 excaecatus,
2868 3056 3157 3111 suffocahat
3185 3070 3324 3117 cum,
3349 3064 3402 3107 et
3433 3053 3482 3105 in
3508 3065 3688 3105 carce-

2121 3161 2233 3200 rem
2265 3144 2493 3212 conjecit
2521 3145 2679 3213 (Ibid.
2705 3162 2750 3198 υ.
2784 3145 2894 3216 30).
2930 3145 3181 3199 Videntcs
3229 3152 3404 3196 autem
3445 3140 3688 3195 conservi

2118 3237 2232 3306 ejus
2277 3235 2530 3305 indignati
2573 3245 2694 3290 sunt
2725 3234 2883 3307 (Ibid.
2907 3253 2954 3290 ιε.
2999 3236 3122 3305 51),
3167 3243 3221 3290 ut
3263 3234 3334 3289 ait
3373 3233 3688 3301 Scriptura,

2118 3336 2171 3381 et
2201 3335 2324 3382 ante
2357 3326 2628 3380 dominum
2691 3327 2934 3380 conservi
2989 3341 3108 3380 cum
3161 3326 3546 3380 damnaverunt
3588 3363 3601 3386 ,
3634 3333 3689 3376 ut

2119 3417 2293 3473 discas
2331 3417 2529 3473 domini
2573 3417 3051 3472 mansuetudinem.
3080 3416 3213 3471 Cum
3257 3416 3492 3470 audisset
3519 3413 3569 3469 id
3596 3413 3692 3467 do-

2121 3510 2316 3576 minus,
2347 3523 2532 3563 rursus
2559 3508 2815 3563 adversus
2841 3524 2960 3563 eum
2989 3508 3213 3561 accitum
3248 3506 3502 3577 judicium
3539 3506 3689 3558 insti-

2121 3602 2415 3671 tuit,neque
2435 3602 2517 3656 vel
2541 3609 2646 3656 tum
2666 3600 2975 3670 simpliciter
2999 3598 3492 3654 condemnationem
3515 3595 3689 3660 effert,

2120 3693 2214 3748 sed
2245 3693 2389 3764 prius
2417 3701 2680 3762 tamquam
2709 3691 2776 3745 de
2800 3692 2923 3760 jure
2951 3706 3070 3744 cum
3107 3691 3193 3743 illo
3217 3689 3494 3757 disceptant.
3517 3687 3690 3740 Caete-

2121 3801 2240 3839 rum
2271 3783 2464 3854 quibus
2490 3783 2541 3837 id
2573 3783 2746 3837 verbis
2769 3781 2892 3836 facit
2913 3781 2934 3834 ?
2956 3781 3108 3835 Serve
3124 3795 3359 3848 nequam,
3386 3792 3531 3830 omne
3557 3775 3694 3828 debi-

2121 3887 2226 3930 tum
2254 3876 2385 3930 illud
2411 3875 2578 3929 remisi
2604 3874 2691 3928 tibi
2717 3871 2880 3944 (Ibid.
2910 3889 2958 3926 v.
2990 3871 3104 3942 5'2).

2191 3966 2420 4020 Facilius
2447 3967 2541 4021 sibi
2562 3983 2713 4036 quam
2739 3966 2856 4018 aliis
2884 3963 3050 4016 debita
3075 3962 3279 4016 remittit
3311 3960 3539 4036 Deum-j—
3558 3957 3694 4026 Quid

2122 4056 2310 4108 melius
2338 4070 2402 4109 eo
2426 4054 2666 4118 domino,
2697 4054 2781 4106 cui
2811 4067 2932 4105 cum
2961 4051 3282 4104 dehcrentur
3315 4050 3502 4103 decem
3531 4048 3692 4101 millia

2122 4147 2462 4210 talentorum,
2488 4158 2560 4197 ne
2585 4144 2749 4197 verbo
2795 4142 3008 4211 quidem
3054 4139 3419 4194 stomachatus
3445 4147 3522 4192 est
3543 4178 3558 4202 ,
3606 4146 3696 4187 aut

2122 4237 2400 4293 scelestum
2425 4234 2752 4306 appellavit?
2778 4233 2870 4288 sed
2910 4247 3038 4286 eum
3085 4229 3448 4286 tantuunuodo
3475 4241 3695 4280 venum-

2123 4327 2237 4383 dari
2263 4325 2421 4396 jussit
2453 4343 2468 4379 :
2499 4326 2654 4395 idque
2704 4340 2769 4379 eo
2811 4325 2936 4387 ﬁne,
2971 4334 3025 4377 ut
3064 4338 3092 4376 a
3122 4320 3315 4375 debitis
3361 4319 3693 4373 liberaretur.

2124 4420 2310 4475 Eidem
2350 4435 2485 4474 cum
2525 4418 2786 4472 adversus
2822 4431 3142 4470 conservum
3189 4413 3429 4481 improbe
3476 4414 3692 4482 egisset,

2122 4513 2483 4568 stomachatur
2515 4525 2529 4563 :
2561 4518 2618 4564 ut
2662 4509 2836 4564 discas
2877 4507 3051 4576 ipsum
3097 4505 3300 4560 facilius
3345 4503 3486 4576 quod
3535 4504 3586 4558 in
3638 4517 3698 4557 se

2124 4611 2373 4672 peccetur
2391 4643 2406 4668 ,
2438 4615 2595 4670 quam
2621 4600 2761 4670 quod
2799 4599 3056 4654 adversus
3079 4597 3229 4660 alios,
3261 4595 3532 4649 remittere
3560 4593 3699 4647 sole-

2123 4712 2204 4750 re.
2237 4697 2314 4750 Ac
2357 4711 2460 4748 non
2484 4693 2620 4747 istud
2642 4698 2692 4746 in
2712 4691 2949 4746 thocsolo
2967 4689 3082 4744 loco
3099 4687 3442 4753 facit,verum
3469 4693 3526 4740 et
3545 4684 3687 4739 alibi.

2125 4789 2188 4844 Si
2213 4790 2365 4851 enim,
2397 4786 2587 4856 inquit,
2611 4785 2761 4851 o/I'ers
2784 4799 2969 4837 manus
3005 4793 3142 4835 luunt
3178 4781 3246 4833 ad
3284 4781 3474 4842 altare,
3499 4787 3545 4831 et
3591 4776 3696 4830 illic

2123 4879 2414 4934 recordatus
2433 4878 2619 4948 fueris,
2649 4876 2782 4946 quod
2808 4876 2966 4944 frater
2995 4884 3110 4927 tuus
3137 4873 3282 4926 habet
3303 4871 3494 4940 aliquid
3517 4870 3697 4923 adver-

2122 4978 2303 5024 sumte
2321 5009 2336 5034 ,
2365 4967 2446 5020 abi
2469 4968 2706 5036 primum,
2731 4976 2793 5019 ut
2821 4965 3151 5019 reconcilieris
3173 4963 3319 5033 fratri
3345 4971 3460 5026 tuo,
3491 4976 3551 5014 ac
3591 4971 3698 5013 tum

2123 5061 2321 5112 veniens
2364 5057 2494 5124 o/fer
2541 5074 2723 5110 manus
2757 5067 2906 5109 .tttuut
2934 5055 3144 5125 (Matth.
3172 5055 3226 5109 5.
3257 5054 3346 5108 25.
3378 5053 3494 5124 24).
3541 5051 3698 5106 Vides

2124 5164 2280 5215 quam
2332 5148 2525 5218 ubique
2584 5147 2696 5201 suis
2745 5155 2924 5200 nostra
2971 5153 3293 5214 anteponat,
3323 5157 3610 5212 pacetuque
3644 5151 3700 5196 et

2123 5243 2398 5297 caritatem
2443 5239 2802 5309 proximorum
2855 5252 3064 5293 summo
3112 5239 3227 5290 loco
3277 5234 3608 5289 constituat?
3631 5232 3697 5288 Et

2126 5347 2308 5388 l'lll'StlS
2327 5332 2449 5386 alibi
2473 5354 2486 5385 :
2513 5329 2823 5398 Quicumque
2849 5327 3082 5396 repudiat
3117 5343 3323 5380 uxorem
3364 5341 3507 5378 suam
3524 5367 3538 5389 ,
3569 5339 3696 5393 prta-

2125 5433 2346 5493 terquam
2371 5429 2563 5476 ratione
2586 5421 2842 5482 adulterii,
2872 5435 2983 5471 eam
3010 5417 3290 5471 adulterari
3311 5419 3432 5485 facit
3460 5418 3475 5472 l
3483 5414 3618 5468 Ibid.
3643 5431 3692 5480 tt.

2125 5515 2238 5586 δί).
2263 5516 2363 5569 Per
2394 5515 2612 5568 Paulum
2641 5524 2814 5566 autem
2844 5509 2979 5564 hanc
3005 5509 3174 5579 legem
3199 5508 3390 5571 sancit,
3411 5507 3470 5561 Si
3489 5509 3600 5578 quis
3626 5510 3698 5560 vir

2124 5624 2330 5663 uxorem
2353 5608 2496 5660 habet
2512 5606 2786 5674 inﬁdelem,
2806 5605 2944 5671 eique
2962 5603 3156 5672 placeat
3180 5617 3292 5655 cum
3316 5602 3425 5671 ipso
3449 5601 3696 5667 habitare,

2129 5715 2190 5754 nc
2211 5699 2426 5753 dimittat
2471 5714 2578 5752 eam
2605 5697 2677 5768 (l.
2703 5695 2819 5777 Cor.
2849 5697 2901 5750 7.
2939 5694 3041 5766 12).
3069 5692 3221 5762 Quod
3247 5693 3292 5749 si
3321 5692 3555 5748 adultera
3585 5692 3653 5747 sit
3674 5729 3692 5759 ,
