4066 6274
266 378 336 436 219
690 379 756 435 ΙΝ
796 379 1024 445 ILLUD,
1064 378 1311 447 PATER,
1356 378 1417 435 SI
1452 378 1804 436 POSSIBILE
1844 379 1997 447 EST,
2040 380 2435 451 TRANSEAT,
2477 383 2630 440 ETC.
2659 383 3091 442 -—MON|TUM.
3412 389 3511 448 ‘30'

264 491 455 562 inquit,
487 492 762 562 ejiciatur;
790 496 834 550 si
875 505 1052 551 autem
1104 496 1331 551 infidelis
1366 497 1467 562 sit,
1509 513 1578 552 ne
1605 499 1837 568 expella-

259 594 346 639 tur
377 603 391 639 :
424 586 492 650 si,
522 586 710 656 inquit,
738 587 789 641 in
815 598 867 643 te
895 590 1235 659 peccaverit,
1259 590 1547 656 abscinde;
1577 592 1622 647 si
1652 593 1702 646 iu
1730 608 1837 658 me,

258 674 516 731 detineas.
550 676 622 732 Ita
661 686 714 732 et
744 678 850 743 bic,
877 693 997 734 cum
1031 690 1173 734 tanta
1211 692 1427 751 peccata
1472 684 1754 738 adversum
1780 698 1840 739 se

256 769 540 823 commissa
569 778 751 837 erant,
785 771 992 827 veniam
1022 772 1196 838 dedit,
1227 789 1347 828 cum
1378 784 1553 829 autem
1584 774 1840 831 adversus

254 874 610 927 conservum,
658 862 781 917 licet
830 864 1035 918 minora
1087 865 1468 936 paucioraque,
1504 881 1836 937 nequaquam

253 951 477 1017 remisit,
508 951 602 1007 sed
635 953 894 1009 ultionem
921 966 1270 1025 persequutus
1291 966 1372 1013 est
1400 976 1412 1012 :
1437 969 1488 1013 et
1512 959 1597 1014 hic
1621 959 1835 1030 quidem

257 1056 371 1096 eum
400 1042 687 1097 scelestum
716 1046 1020 1115 appellavit,
1047 1047 1153 1102 illic
1183 1063 1250 1103 ne
1278 1049 1442 1104 verbo
1468 1049 1681 1120 quidem
1704 1065 1835 1105 con-

256 1130 503 1186 tristavit.
532 1132 598 1187 Et
641 1133 762 1188 ideo
811 1134 897 1189 hic
939 1136 1067 1191 illud
1121 1153 1333 1208 quoque
1378 1139 1684 1209 adjunctum
1731 1150 1831 1208 cst,

249 1222 391 1291 quod
419 1222 666 1278 dominus
696 1224 862 1279 iratus
886 1225 1164 1282 tradiderit
1192 1244 1314 1283 eum
1347 1229 1637 1285 tortoribus
1669 1249 1684 1285 :
1713 1246 1831 1287 cum

244 1323 427 1370 autem
454 1315 521 1371 ab
546 1316 636 1371 illo
664 1317 979 1387 reposcebat
998 1319 1259 1375 rationem
1285 1319 1465 1377 decies
1497 1322 1641 1378 mille
1668 1324 1835 1378 talen-

245 1416 390 1474 tum,
414 1406 543 1462 nihil
574 1408 870 1463 istiusmodi
899 1408 1135 1466 additum
1166 1410 1262 1466 fuit
1303 1429 1318 1466 :
1350 1422 1409 1467 ut
1435 1412 1697 1483 intelligas
1724 1415 1831 1470 illic

242 1498 458 1570 quidem
481 1500 742 1555 calculum
771 1500 1090 1557 subductum
1120 1501 1309 1571 fuisse,
1347 1518 1453 1560 non
1482 1505 1677 1560 irarum
1695 1546 1711 1573 ,
1737 1506 1831 1562 sed

244 1590 641 1659 sollicitudinis,
664 1607 782 1663 qua:
812 1593 980 1649 venite
1008 1593 1184 1649 locum
1230 1604 1458 1664 pararet.
1500 1596 1613 1653 lloc
1651 1607 1828 1653 autem

244 1690 522 1750 peccatum
547 1681 820 1738 dominum
844 1682 1003 1753 plane
1030 1684 1385 1745 exacerbavit.
1409 1685 1543 1754 Quid
1568 1687 1726 1757 igitur
1747 1698 1832 1746 est

243 1772 396 1843 pejus
418 1772 625 1845 injuria:
646 1772 1037 1841 recordatione,
1053 1790 1174 1831 cum
1204 1774 1582 1848 benignitatem
1605 1778 1697 1835 Dei
1717 1778 1829 1849 jam

240 1863 611 1935 depromptam
642 1873 884 1931 revocet,
916 1873 971 1921 et
1003 1882 1122 1937 qua:
1160 1881 1265 1922 non
1305 1875 1593 1937 potuerunt
1615 1868 1830 1925 efficere

239 1953 343 2009 alia
390 1965 603 2023 peccata
628 1996 643 2021 ,
677 1954 793 2013 hmc
830 1955 1031 2011 efﬁciat
1071 1956 1148 2011 ira
1177 1956 1435 2012 adversus
1479 1959 1777 2028 proximum
1806 1961 1831 2013 ?

241 2047 419 2115 Atque
448 2045 705 2115 scriptum
736 2055 839 2114 est,
874 2047 967 2103 Dei
1015 2047 1153 2104 dona
1197 2063 1318 2104 esse
1353 2050 1469 2105 sine
1516 2052 1826 2121 poenitentia

237 2136 418 2205 (liam.
453 2137 541 2192 11.
564 2136 681 2208 29).
711 2136 820 2193 Cur
849 2138 1007 2210 igitur
1032 2138 1119 2195 hic
1163 2150 1283 2210 post
1314 2140 1566 2197 eductum
1592 2157 1784 2200 munus
1808 2186 1825 2210 ,

236 2235 359 2295 post
375 2242 706 2299 progressam
729 2229 1105 2301 benignitatem
1128 2273 1144 2299 ,
1170 2232 1424 2289 reductus
1448 2242 1528 2290 est
1548 2234 1826 2290 calculus?

236 2315 465 2387 Propter
492 2318 698 2389 injuria:
737 2321 1049 2376 memoriam
1083 2338 1097 2374 :
1126 2323 1475 2393 quamobrem
1522 2339 1628 2380 non
1674 2340 1825 2381 erra-

236 2408 376 2463 verit
421 2409 560 2480 quis,
587 2410 631 2464 si
684 2410 788 2468 hoc
833 2422 1110 2482 peccatum
1154 2414 1300 2470 onmi
1351 2424 1571 2486 peccato
1613 2417 1827 2488 gravius

236 2502 548 2568 pronuntiet
579 2520 594 2556 :
621 2502 726 2557 alia
754 2503 895 2559 enim
926 2505 1106 2560 omnia
1143 2505 1355 2562 veniam
1396 2507 1685 2577 impetrare
1717 2523 1818 2579 po-

236 2602 485 2661 tuerunt,
510 2594 650 2651 istud
681 2596 854 2651 solum
895 2596 1032 2651 adeo
1077 2612 1185 2654 non
1240 2598 1411 2668 potuit
1452 2600 1659 2656 veniam
1701 2599 1819 2655 adi-

236 2685 405 2754 pisci,
438 2695 495 2741 ut
516 2686 629 2757 jam
673 2686 868 2755 deleta,
896 2697 949 2743 ct
984 2687 1096 2759 jam
1121 2689 1382 2746 exstincta
1430 2690 1622 2748 iterum
1663 2707 1823 2749 reno-

235 2777 397 2832 varit.

303 2866 460 2922 Nihil
488 2868 559 2923 ita
591 2868 725 2924 Deus
750 2871 858 2925 odit
882 2878 936 2926 ut
964 2880 1178 2926 mentem
1205 2888 1472 2927 memorem
1503 2874 1725 2945 injuriae.
1750 2905 1822 2916 —-

235 2960 444 3032 Duplex
488 2962 647 3032 igitur
690 2963 891 3020 malum
934 2963 1177 3034 pertinax
1206 2964 1415 3034 injuria:
1445 2966 1702 3021 memoria
1723 3009 1739 3033 ,
1767 2977 1823 3023 et

232 3051 377 3121 quod
420 3053 618 3109 nullam
658 3055 1058 3111 excusationem
1093 3055 1233 3127 apud
1286 3056 1453 3112 Deum
1501 3057 1732 3124 haheat,
1766 3068 1822 3115 et

231 3141 377 3210 quod
407 3144 606 3214 reliqua
636 3153 856 3216 peccata
877 3145 988 3217 jam
1017 3148 1239 3201 remissa
1269 3147 1461 3203 iterum
1491 3157 1734 3213 revocet,
1764 3157 1819 3205 et

231 3244 420 3291 contra
450 3251 548 3293 nos
574 3238 1041 3306 constituat.Quod
1071 3241 1241 3311 ipsum
1271 3249 1326 3298 et
1353 3239 1442 3296 hic
1470 3240 1666 3297 factum
1695 3249 1814 3297 est:

234 3326 369 3381 nihil
399 3328 567 3395 enim,
599 3328 730 3384 nihil
757 3330 977 3385 omnino
1005 3330 1076 3385 ita
1110 3331 1251 3386 Deus
1272 3329 1404 3396 odit,
1429 3340 1484 3386 et
1502 3340 1814 3398 aversatur,

234 3426 292 3471 ut
310 3418 581 3474 hominem
609 3419 930 3476 offensarum
956 3436 1277 3486 memorem,
1305 3429 1362 3476 et
1389 3422 1591 3478 tenacis
1617 3422 1732 3477 irm.
1754 3421 1818 3476 Et

234 3509 360 3565 illud
391 3510 609 3580 quidem
636 3512 901 3581 praecipue
927 3527 996 3568 ex
1023 3511 1125 3566 hoc
1153 3512 1274 3566 loco
1306 3511 1639 3577 declaravit,
1668 3519 1724 3565 et
1750 3526 1816 3565 ex

230 3601 474 3656 oratione
495 3641 512 3667 ,
540 3601 593 3655 in
621 3615 724 3671 qua
749 3602 911 3670 jussit
949 3615 1045 3655 nos
1073 3601 1143 3654 ita
1168 3600 1350 3655 dicere
1381 3616 1397 3658 ς
1428 3599 1634 3654 Dimitte
1676 3599 1818 3653 nobis

227 3689 398 3744 debita
424 3701 596 3745 nostra
614 3732 629 3755 ,
659 3693 788 3745 sicut
812 3702 857 3746 et
878 3707 968 3746 nos
988 3691 1286 3745 dimittimus
1312 3690 1613 3745 debitoribus
1634 3691 1817 3745 nostris

230 3778 448 3847 (Matth.
477 3781 530 3835 6.
562 3781 671 3850 12).
699 3781 823 3836 Ilaec
862 3782 1021 3852 igitur
1048 3781 1228 3836 omnia
1276 3781 1441 3848 docti,
1481 3789 1537 3836 et
1567 3783 1815 3850 parabola

230 3873 330 3928 ista
375 3874 430 3928 in
468 3872 718 3928 cordibus
763 3872 1035 3941 inscripta,
1078 3887 1202 3927 cum
1247 3872 1654 3942 cogitaverimus
1699 3888 1817 3941 qua:

226 3962 377 4032 passi
401 3974 585 4016 sumus
628 3975 658 4015 a
687 3962 984 4027 conservis,
1015 3962 1321 4031 cogitemus
1346 3976 1466 4031 quae
1492 3960 1715 4017 fecimus
1760 3961 1814 4016 in

226 4049 408 4120 ipsum
432 4050 733 4121 Dominum,
755 4061 810 4107 et
836 4059 979 4107 metu
1004 4052 1340 4122 propriorum
1368 4051 1650 4107 criminum
1681 4051 1810 4107 iram

257 4362 2376 4392 Μ

1946 498 2014 555 de
2029 501 2216 557 alienis
2243 499 2454 556 delictis
2481 500 2762 557 collectam
2795 500 3044 556 facillime
3072 501 3531 570 poterimus-sum-

1948 605 2165 648 movere
2196 610 2210 646 :
2236 592 2282 647 si
2311 592 2454 647 enim
2473 592 2780 648 meminisse
2803 601 3012 662 oportet
3042 591 3378 661 delictorum,
3404 608 3527 665 proo

1947 682 2183 750 priorum
2212 690 2411 736 tantum
2442 682 2749 738 meminisse
2776 690 3020 751 oportet;
3044 682 3188 753 quod
3218 683 3263 738 si
3296 684 3526 753 proprio-

1944 788 2064 827 rum
2115 788 2383 829 memores
2439 772 2717 838 fuerimus,
2764 788 3052 844 numquam
3104 772 3281 830 aliena
3335 772 3537 830 delicta

1943 865 2350 935 supputabimus
2379 882 2392 919 :
2421 874 2610 919 contra
2648 865 2693 919 si
2739 865 2953 919 illorum
2983 865 3385 931 obliviscamur,
3425 865 3537 921 ista

1942 953 2150 1009 facilius
2179 955 2612 1010 obversabuntur
2641 954 2839 1009 nostris
2859 954 3290 1025 cogitationibus.
3314 954 3447 1010 Nam
3474 962 3526 1010 et

1941 1042 2028 1098 hic
2048 1044 2092 1098 si
2117 1044 2297 1099 decies
2318 1044 2466 1099 mille
2495 1045 2811 1100 talentorum
2857 1060 3064 1100 memor
3106 1044 3295 1101 fuisset
3318 1087 3333 1113 ,
3369 1062 3524 1100 num-

1939 1149 2098 1204 quam
2119 1142 2334 1191 centum
2366 1135 2703 1190 denariorum
2733 1135 3158 1191 recordationem
3198 1132 3524 1191 retinuisset.

1940 1224 2064 1281 ldeo
2091 1235 2369 1296 postquam
2413 1226 2625 1281 illorum
2672 1226 2869 1282 oblitus
2910 1236 3063 1294 erat,
3100 1227 3293 1282 factum
3325 1238 3439 1291 est,
3472 1240 3525 1283 ut

1938 1331 2257 1374 conservum
2278 1317 2582 1384 sull‘ocaret,
2606 1326 2661 1374 et
2682 1334 2848 1388 pauca
2874 1319 3059 1374 volens
3089 1319 3320 1390 exigere,
3354 1336 3527 1389 neque

1939 1408 2027 1463 illa
2083 1409 2297 1479 quidem
2343 1418 2659 1479 assequutus
2712 1421 2831 1475 est;
2893 1409 2989 1464 scd
3035 1420 3091 1465 et
3144 1409 3527 1466 decies'mille

1938 1500 2259 1556 talentorum
2306 1500 2503 1556 molem
2552 1501 2605 1555 in
2658 1516 2815 1556 suum
2856 1500 3022 1570 ipsius
3074 1512 3235 1571 caput
3279 1503 3522 1556 retraxit.

1935 1591 2193 1659 Quocirca
2220 1591 2475 1647 audacter
2502 1591 2691 1648 dixero
2716 1632 2730 1656 ,
2774 1592 2919 1647 omni
2967 1601 3186 1661 peccato
3222 1593 3360 1647 istud
3400 1608 3525 1662 grao

1936 1684 2052 1739 vius
2079 1698 2200 1740 esse
2229 1701 2244 1738 :
2273 1684 2513 1755 quiuimo
2542 1699 2649 1739 non
2678 1699 2780 1755 ego
2819 1684 2922 1741 hoc
2948 1684 3094 1749 dico,
3141 1684 3237 1743 sed
3280 1685 3526 1756 Christus

1937 1789 2032 1843 per
2057 1774 2363 1844 parabolam
2414 1774 2568 1830 istam
2620 1775 2761 1831 istud
2801 1775 3113 1831 declaravit.
3142 1775 3199 1830 Si
3224 1776 3366 1831 enim
3416 1791 3522 1831 non

1933 1863 2120 1920 decem
2150 1864 2385 1920 millibus
2407 1865 2693 1933 talentum,
2718 1864 2821 1921 hoc
2848 1874 2932 1921 est
2954 1906 2970 1932 ,
3000 1864 3351 1921 ineﬂ'ahilihus
3395 1881 3522 1936 pec-

1932 1955 2066 2009 catis
2093 1953 2233 2010 istud
2255 1954 2471 2025 gravius
2501 1963 2665 2023 esset,
2698 1970 3032 2035 ncquaqnam
3058 1955 3215 2023 hujus
3242 1970 3400 2011 causa
3429 1956 3519 2010 illa

1933 2045 2112 2101 omnia
2133 2046 2242 2116 jam
2268 2046 2462 2102 donata
2495 2055 2741 2103 revocata
2773 2046 3018 2102 fuissent.
3056 2045 3198 2101 Nihil
3245 2047 3404 2118 igitur
3448 2049 3518 2102 ita

1930 2135 2264 2204 studeamus,
2295 2153 2453 2209 quam
2495 2146 2555 2195 ut
2594 2137 2696 2208 ipsi
2738 2137 2815 2192 ira
2845 2151 3131 2205 vacemus,
3161 2146 3215 2193 ct
3244 2138 3398 2193 nobis
3438 2139 3519 2193 iu-

1932 2229 2112 2287 fensos
2162 2230 2571 2286 reconciliemus
2603 2247 2617 2284 :
2648 2246 2771 2286 cum
2823 2230 2955 2285 illud
2999 2231 3256 2294 sciamus,
3314 2229 3513 2283 nullam

1930 2337 2031 2378 nec
2054 2322 2375 2391 orationem,
2405 2338 2504 2379 nec
2546 2325 2965 2395 eleemosynam,
2992 2338 3090 2379 nec
3112 2323 3397 2394 jejunium,
3419 2338 3519 2377 nee

1932 2416 2396 2487 participationem
2425 2419 2803 2488 mysteriorum
2824 2457 2840 2485 ,
2869 2425 2961 2471 aut
2984 2416 3131 2471 aliud
3154 2416 3449 2487 quidpiam,
3472 2418 3515 2470 si

1932 2519 2200 2562 memores
2228 2505 2555 2560 offensarum
2598 2507 2785 2571 simus,
2818 2506 2974 2560 nobis
3008 2506 3328 2575 patrocinari
3361 2520 3518 2575 posse

1932 2596 1986 2652 in
2018 2597 2105 2652 illa
2128 2596 2215 2654 die
2244 2615 2257 2651 :
2286 2606 2347 2653 ut
2391 2606 2578 2653 contra
2620 2597 2665 2653 si
2707 2596 2810 2652 hoc
2851 2605 3130 2667 peccatum
3178 2611 3518 2667 superemus.

1931 2688 2146 2743 etiamsi
2194 2688 2342 2743 mille
2391 2687 2609 2744 delictis
2652 2686 2916 2757 inquinati
2942 2687 3146 2754 simus,
3182 2686 3400 2742 veniam
3419 2687 3515 2751 ali-

1929 2796 2093 2851 quam
2119 2780 2375 2850 consequi
2410 2794 2512 2835 nos
2538 2794 2714 2849 posse.
2744 2778 2854 2834 Nec
2883 2793 3031 2833 meus
3061 2793 3245 2834 sermo
3267 2786 3351 2834 est
3376 2777 3477 2833 iste
3500 2820 3514 2840 .

1930 2871 2023 2926 sed
2055 2871 2196 2925 illius
2220 2870 2310 2941 qui
2344 2879 2470 2925 tunc
2496 2886 2595 2925 nos
2614 2869 2953 2939 judicaturus
2974 2876 3058 2924 est
3099 2868 3219 2924 Dei.
3244 2868 3512 2936 Quemad-

1930 2961 2147 3017 modum
2181 2960 2283 3016 hoc
2313 2962 2365 3016 in
2393 2961 2513 3017 loco
2541 2960 2901 3030 pronuntiavit
2923 2977 2937 3015 :
2962 2959 3049 3013 Ita
3072 3001 3088 3026 ,
3122 2960 3365 3030 inquiens
3384 3002 3400 3027 ,
3429 2964 3513 3032 fu-

1930 3055 2023 3108 ciet
2041 3055 2190 3112 Pater
2213 3069 2352 3108 meus
2369 3094 2383 3116 ,
2412 3055 2458 3108 si
2502 3068 2603 3108 non
2640 3054 2929 3108 remiseritis
2957 3053 3295 3123 unusquisque
3318 3069 3380 3105 ea:
3397 3068 3513 3105 cor-

1927 3143 2073 3197 dibus
2114 3145 2304 3198 vestris.
2337 3142 2406 3198 Et
2445 3158 2654 3199 rursum
2709 3142 2835 3197 alibi
2865 3160 2877 3196 :
2911 3143 2973 3197 Si
3020 3142 3310 3196 remiseritis
3348 3140 3511 3193 Itami-

1927 3234 2071 3288 nibus
2098 3233 2281 3287 delicta
2304 3251 2397 3288 sua
2414 3275 2430 3299 ,
2462 3234 2674 3287 remittet
2704 3242 2749 3287 et
2790 3231 2925 3286 vobis
2946 3237 3093 3292 Pater
3120 3241 3277 3285 vester
3304 3231 3515 3285 cwlcstis

1926 3323 2138 3396 (Matth.
2174 3325 2262 3381 18.
2284 3326 2356 3381 55
2383 3336 2428 3380 et
2458 3324 2512 3379 6.
2544 3325 2660 3395 14).
2689 3323 2760 3379 Ut
2796 3324 2953 3393 igitur
2984 3332 3038 3377 et
3067 3322 3153 3376 hic
3182 3330 3510 3377 mansuetam

1924 3425 1979 3473 et
2000 3418 2180 3472 mitem
2208 3432 2428 3486 agamus
2468 3417 2651 3482 vitam,
2674 3424 2730 3470 et
2765 3414 2872 3469 illic
2898 3415 3104 3469 veniam
3142 3422 3197 3468 et
3235 3415 3512 3470 remissio-

1926 3522 2050 3563 nem
2074 3506 2414 3562 obtineamus
2442 3523 2457 3559 :
2485 3505 2806 3561 studendum
2832 3520 2896 3560 ac
2922 3505 3271 3576 satagendum
3297 3516 3412 3571 est,
3455 3517 3512 3561 ut

1923 3604 2183 3667 quotquot
2210 3596 2468 3653 habemus
2487 3595 2753 3663 inimicos,
2775 3609 2871 3651 eos
2892 3596 3043 3650 nobis
3065 3597 3469 3651 reconciliemus
3495 3613 3507 3648 :

1923 3689 1995 3743 ita
2012 3688 2153 3743 enim
2178 3696 2231 3742 et
2252 3687 2533 3743 Dominum
2556 3694 2815 3751 nostrum,
2837 3686 3043 3741 etiamsi
3070 3687 3371 3742 sexcenties
3388 3703 3509 3755 pee-

1922 3779 2260 3845 caverimus,
2316 3778 2472 3832 nobis
2513 3777 3008 3842 reconciliabimus,
3053 3789 3109 3833 et
3149 3778 3321 3832 futura
3374 3778 3506 3832 bona

1923 3868 2298 3938 adipiscemur,
2321 3866 2514 3937 quibus
2560 3879 2659 3920 nos
2697 3865 2886 3935 dignos
2918 3875 3046 3936 Opto
3071 3867 3183 3922 ﬁeri
3204 3908 3220 3933 ,
3247 3868 3412 3937 gratia
3456 3876 3512 3922 et

1923 3957 2256 4012 humanitate
2285 3956 2491 4012 Domini
2520 3958 2687 4013 nostri
2717 3956 2844 4013 Jesu
2872 3957 3104 4024 Christi,
3132 3959 3215 4013 cui
3262 3958 3427 4028 gloria
3457 3967 3521 4013 et

1918 4049 2203 4121 imperium
2233 4050 2285 4105 in
2332 4049 2539 4106 saecula
2568 4050 2906 4106 seculorum.
2935 4050 3126 4107 Amen.

2496 4369 3207 4386 1:2W
3228 4378 3265 4386 ιο-
3278 4378 3341 4386 v.-

2352 4368 2483 4393 _._.==
2496 4368 3149 4397 _--m,===::
3177 4376 3207 4398 ε
3228 4375 3472 4398 -.μηδι

469 4641 553 4706 ΙΝ
592 4646 856 4721 ILLUD,
898 4646 1144 4708 PATER
1173 4693 1189 4723 ,
1235 4649 1305 4710 SI
1345 4648 1723 4711 POSSIBILE
1765 4650 1941 4726 EST,
1983 4652 2380 4715 TRANSEAT
2421 4654 2467 4713 A
2511 4650 2618 4713 ME
2659 4652 2880 4714 CALIX
2920 4652 3110 4731 ISTE,
3151 4674 3284 4721 ETO.

254 4853 348 4907 bus
376 4854 734 4923 supplantare.
788 4854 941 4912 Unde
972 4856 1140 4927 liquet
1175 4857 1459 4915 haereticos
1496 4858 1618 4916 illos
1640 4899 1657 4927 ,
1696 4861 1790 4931 qui
1829 4862 2026 4919 Filium
2060 4864 2219 4919 Patre
2255 4864 2519 4921 minorem
2544 4905 2561 4932 ,
2601 4864 2815 4935 ipsique
2849 4865 3168 4921 dissimilem
3204 4865 3479 4930 dicebant,

252 4980 447 5035 nempe
472 4968 789 5036 Anomteos,
827 4968 1204 5040 Chrysostomi
1235 4972 1593 5029 conciouibus
1620 4973 1949 5033 interfuisse.
1985 4976 2118 5032 Illud
2162 4987 2342 5033 autem
2390 4977 2702 5049 frequenter
2747 4979 3050 5035 Antiochiae
3090 4980 3379 5044 accidisse,
3425 4988 3478 5035 et

252 5084 543 5144 praesentes
566 5075 849 5134 haereticos
871 5076 1321 5149 Chrysostomum
1348 5082 1687 5153 confutasse,
1712 5085 1829 5157 ipse
1854 5089 2056 5144 diserte
2080 5089 2179 5155 ait,
2207 5088 2379 5145 Tomo
2409 5090 2427 5145 l
2460 5091 2527 5146 de
2550 5091 3093 5162 lncomprehensibili
3128 5101 3329 5150 contra
3368 5096 3477 5149 An-

251 5202 461 5244 ommos
494 5205 548 5259 p.
580 5189 706 5256 450,
738 5190 1085 5264 idipsumque
1112 5205 1295 5264 postea
1321 5196 1694 5271 subindicatp.
1720 5199 1845 5267 525,
1870 5211 1999 5273 etp.
2028 5202 2153 5269 509,
2184 5204 2237 5259 in
2269 5204 2383 5260 haec
2420 5205 2583 5262 verba
2608 5205 2764 5276 queis
2795 5203 3044 5262 Christus
3068 5205 3283 5262 Petrum
3314 5222 3473 5277 repu-

248 5303 332 5374 lit,
372 5307 518 5362 Vade
546 5320 662 5378 post
696 5311 1040 5378 me,Satana,
1065 5322 1199 5379 etc.,
1223 5314 1411 5372 eadem
1443 5331 1581 5386 pene
1608 5318 1725 5389 ipsa
1748 5334 1868 5392 quae
1892 5320 1982 5377 hic
2010 5322 2172 5391 paulo
2204 5333 2325 5393 post
2356 5323 2570 5381 initium
2593 5326 2781 5395 babes,
2807 5328 3107 5399 iisdemque
3139 5328 3251 5384 fere
3294 5327 3474 5383 verbis

247 5437 662 5482 commemorat.
696 5428 1064 5495 Quamobrem
1097 5432 1401 5502 putaverim
1426 5433 1568 5492 hanc
1593 5434 1872 5493 bomiliam
1903 5435 2206 5493 Antiochia:
2238 5437 2478 5495 habitam
2509 5441 2711 5509 fuisse,
2750 5458 2850 5500 nec
2879 5445 2969 5501 diu
3013 5453 3134 5514 post
3178 5444 3299 5500 illas
3332 5459 3469 5500 con-

246 5546 329 5591 tra
364 5537 659 5596 Anommos
688 5541 985 5611 llomilias;
1024 5546 1168 5615 quod
1202 5555 1381 5602 tamen
1413 5548 1745 5618 conjectura:
1773 5557 1981 5608 tantum
2020 5551 2140 5609 loco
2169 5552 2371 5610 dictum
2396 5554 2487 5610 sit.

319 5673 689 5746 lntcrpretatio
717 5678 902 5737 Latina
936 5690 1020 5740 est
1052 5680 1341 5741 Frontonis
1375 5683 1572 5745 θυι)σεί-
