4066 6274
581 393 587 396 ’
635 400 698 454 31
979 387 1014 435 ι’
1329 403 1384 455 S.
1421 402 1704 459 JOANMS
1743 403 2230 462 CIIRYSOSTOMI
2289 403 2605 465 ARCIHEI‘.
2646 403 3184 460 (TONS'I'ANTINOP.
3743 387 3745 390 l
3799 411 3869 467 δὲ

1991 811 2088 893 ΙΝ
2173 811 2528 901 ILLUD,

605 1105 832 1160 PATER,
878 1105 934 1150 SI
993 1105 1308 1156 I‘OSSIBILE
1352 1104 1484 1158 EST,
1531 1101 1858 1154 TRANSEAT
1900 1107 1937 1146 Δ
2005 1105 2094 1146 ΜΕ
2138 1105 2171 1146 C

2284 1105 2322 1145 ιι
2369 1088 2526 1154 tsrn'
2553 1107 2567 1146 ι

2620 1105 3058 1154 νΕΙιυΜΤΔΜΕΝ
3104 1105 3227 1150 NOX
3271 1106 3451 1151 SICUT
3512 1107 3634 1152 ιιαο
3692 1108 3879 1166 νοω,

683 1206 802 1248 εει)
844 1205 1022 1252 srcu'r
1064 1205 1145 1255 τυ
1194 1185 1213 1266 (
1257 1184 1493 1246 Matth.
1539 1183 1640 1244 26.
1685 1184 1812 1265 39)
1851 1205 1866 1244 :
1905 1203 1984 1244 ιςτ
2027 1202 2274 1246 οοΝτιιΑ
2317 1204 2801 1260 MARCIONISTAS,
2849 1206 2929 1248 er
2973 1205 3371 1256 murena-:03,
3419 1207 3501 1250 ET
3544 1207 3716 1260 ouon
3770 1211 3880 1254 tu-

681 1307 936 1350 GERERE
1001 1307 1077 1355 8E,
1141 1304 1466 1356 PERICUUS
1537 1304 1660 1353 NON
1728 1303 2080 1362 OPORTEAT,

683 1407 892 1452 πεηκε
937 1389 1047 1468 (α).

2154 1304 2270 1358 SE!)
2336 1306 2494 1352 ΟΜΝΙ
2581 1307 2940 1357 VOLUNTATI
3000 1309 3107 1358 DEI
3181 1310 3605 1360 VOLUNTATEM
3673 1315 3879 1360 ANTE-

2050 1558 2417 1615 ⁵8(Ξῶἓέἒῆ

677 1702 725 1757 Ι.
767 1698 1090 1754 Profundum
1135 1698 1425 1755 sectionem
1471 1713 1640 1770 nuper
1667 1697 1953 1754 infliximns
1982 1701 2045 1754 iis
2085 1698 2174 1770 qui

593 1791 906 1861 praedantur
926 1799 981 1845 et
1008 1789 1142 1845 alios
1185 1804 1281 1861 per
1304 1789 1579 1844 avaritiam
1617 1789 1862 1844 fraudare
1889 1799 2178 1856 conantur;

600 1899 706 1937 non
744 1893 802 1936 ut
831 1898 924 1938 eos
948 1882 1369 1948 vulneraremus,
1411 1881 1505 1938 sed
1536 1888 1594 1935 ut
1629 1895 1723 1936 eos
1746 1881 2134 1951 corrigeremns
2163 1897 2176 1934 :

599 1991 706 2029 non
742 1974 889 2044 quod
910 1975 1153 2030 homines
1190 1975 1316 2029 odio
1344 1989 1745 2044 prosequamur,
1786 1973 1879 2027 sed
1907 1973 2045 2044 quod
2079 1975 2180 2027 im-

599 2067 913 2138 probitatem
942 2083 1269 2123 aversemur.
1293 2067 1727 2136 Quandoquidem
1760 2065 1996 2121 medicus
2021 2067 2179 2122 etiam

599 2169 746 2217 secat
787 2161 957 2230 ulcus,
999 2178 1103 2216 non
1144 2160 1291 2232 quod
1328 2176 1472 2230 aegro
1514 2161 1583 2214 sit
1620 2159 1863 2226 infestus,
1905 2160 2006 2215 sed
2039 2161 2179 2230 quod

601 2252 846 2306 morbum
887 2257 941 2307 et
970 2253 1158 2306 vulnus
1197 2259 1488 2321 oppugnet.
1533 2251 1644 2320 Age
1681 2252 1949 2321 paululum
1987 2252 2180 2320 quietis

597 2342 756 2398 hodie
791 2343 979 2399 demus
1029 2342 1179 2412 ipsis,
1229 2349 1287 2396 ut
1337 2355 1366 2394 a
1416 2339 1600 2395 dolore
1641 2341 1845 2412 possint
1892 2343 2176 2410 respirare,

594 2450 774 2504 neque
797 2435 1099 2503 frequenter
1127 2433 1217 2488 icti
1245 2450 1273 2487 a
1307 2432 1566 2486 medicina
1591 2432 1847 2487 resiliant.
1876 2431 1948 2486 lta
1981 2432 2180 2486 faciunt

595 2537 650 2583 et
692 2525 925 2581 medici:
958 2527 1240 2595 emplastra
1287 2532 1404 2593 post
1449 2526 1713 2578 sectiones
1763 2524 2068 2592 imponunt.
2115 2537 2178 2577 ac

595 2615 1005 2682 medicamenta,
1036 2624 1144 2670 tum
1184 2615 1382 2684 aliquot
1410 2613 1531 2669 dies
1551 2613 1686 2668 elabi
1719 2614 1917 2679 sinunt,
1949 2612 2074 2666 dum
2113 2628 2175 2667 ea

595 2707 919 2776 excogitant,
943 2720 1060 2775 qua:
1081 2703 1320 2760 dolorem
1349 2703 1555 2773 possint
1580 2702 1840 2772 mitigare.
1867 2703 1972 2756 llos
1996 2703 2177 2772 utique

593 2813 692 2852 nos
717 2797 877 2852 etiam
923 2796 1082 2851 hodie
1108 2796 1397 2860 imitemur,
1440 2809 1503 2849 ac
1538 2793 1902 2864 indulgeamus
1945 2793 2092 2862 ipsis,
2121 2801 2176 2846 ut

589 2904 656 2943 ex
684 2901 932 2942 sermone
959 2895 1143 2941 nostro
1163 2885 1448 2939 utilitatem
1467 2883 1743 2954 percipere
1770 2882 2002 2948 Valeant,
2028 2897 2090 2936 ac
2109 2881 2177 2936 de

587 2976 924 3048 dogmatibus
973 2975 1207 3030 instituta
1253 2973 1610 3044 disputatione
1651 2986 1953 3026 sermonem
1997 2970 2070 3024 ad
2111 2986 2176 3026 ea

589 3082 710 3136 qute
739 3067 872 3122 lecta
900 3073 1025 3121 sunt
1067 3066 1424 3120 traducamus.
1453 3061 1584 3117 Nam
1615 3071 1668 3117 et
1711 3061 1907 3115 multos
1933 3076 2175 3131 quaerere

588 3159 840 3225 arbitror,
885 3174 990 3228 qua
1018 3158 1085 3213 de
1122 3171 1280 3212 causa
1308 3156 1446 3210 dicta
1477 3155 1591 3209 hcce
1617 3154 1721 3208 sint
1756 3170 1790 3207 a
1814 3153 2032 3208 Christo
2067 3173 2079 3207 :
2113 3168 2174 3208 ac

587 3250 880 3304 verisimile
921 3258 1002 3304 est
1051 3263 1145 3304 eos
1166 3248 1252 3318 qui
1293 3245 1488 3300 adsunt
1527 3245 1808 3299 haereticos
1855 3245 1969 3298 haec
2011 3245 2173 3298 verba

594 3342 853 3411 arripere,
890 3339 1195 3411 multosque
1224 3353 1288 3393 ex
1319 3335 1568 3391 fratribus
1611 3335 2023 3407 simplicioribus
2050 3351 2175 3406 sup-

591 3432 848 3502 plantare.

661 3523 833 3577 Lectio
865 3523 972 3576 sine
993 3522 1323 3592 inteliigentia
1361 3537 1470 3574 non
1491 3519 1712 3591 prodest.
1739 3548 1807 3559 —
1835 3517 1906 3574 Ut
1943 3517 2101 3587 igitur
2119 3525 2176 3572 et

591 3616 802 3668 illorum
831 3615 1202 3683 propulsemus
1245 3613 1492 3678 insultns,
1524 3620 1576 3666 et
1605 3625 1698 3666 eos
1725 3610 1814 3680 qui
1849 3609 2174 3679 qurstiones

591 3713 914 3777 proponunt,
939 3705 1204 3759 anxietate
1240 3719 1309 3757 ae
1333 3702 1730 3773 perturbatione
1758 3701 2064 3764 liberemus,
2095 3700 2176 3753 lo-

592 3809 714 3848 cun
768 3794 925 3849 istum
985 3802 1369 3865 pertractantes
1422 3792 1612 3846 horum
1664 3791 1948 3847 verborum
2000 3803 2168 3858 expo-

595 3887 772 3942 sitioni
802 3887 880 3943 sic
905 3888 1274 3951 immoremur,
1304 3896 1362 3940 ut
1394 3885 1694 3941 reconditos
1721 3899 1962 3954 quosque
1983 3898 2174 3938 sensus

591 3979 932 4051 attingamus.
958 3978 1072 4033 Non
1102 3979 1248 4034 enim
1282 3978 1477 4033 sufficit
1516 3977 1698 4039 lectio,
1741 3976 1841 4030 nisi
1872 3974 2090 4030 accedat
2119 3983 2174 4029 et

590 4071 824 4140 cognitio
865 4087 878 4123 :
915 4084 1037 4122 nam
1084 4077 1140 4122 et
1183 4066 1456 4121 Candaces
1495 4065 1770 4120 eunuchus
1809 4063 2035 4133 legebat,
2077 4064 2171 4118 sed

590 4173 869 4230 quousque
898 4165 1091 4227 [ιι-διιειο
1132 4155 1230 4210 fuit
1253 4156 1342 4226 qui
1371 4155 1587 4211 doceret
1610 4169 1755 4220 eum,
1784 4153 1909 4224 quid
1937 4152 2064 4208 illud
2087 4167 2175 4208 es-

587 4258 673 4307 set
698 4248 838 4320 quod
868 4248 1095 4318 legebat,
1123 4261 1227 4302 non
1259 4261 1500 4317 magnam
1530 4244 1652 4301 inde
1677 4245 1956 4299 utilitatem
1985 4257 2172 4313 perce-

599 4338 678 4406 pit
702 4336 838 4407 (Act.
862 4335 914 4390 8.
938 4335 1030 4390 27.
1053 4333 1312 4406 sqq.),Ne
1335 4333 1501 4404 igitur
1524 4329 1662 4386 idem
1691 4326 1848 4383 vobis
1863 4325 2170 4395 contingat,

596 4443 660 4484 ea
683 4444 803 4499 qua:
824 4426 1084 4483 dicuntur
1100 4427 1365 4484 advertite
1380 4441 1394 4479 :
1409 4421 1674 4478 attendite
1694 4419 1956 4482 animum,
1971 4425 2023 4473 et
2043 4426 2162 4471 stu-

599 4523 808 4578 diosam
832 4520 962 4576 mihi
984 4527 1218 4576 mentem
1246 4517 1514 4590 prabete:
1541 4513 1650 4568 acri
1673 4512 1744 4567 sit
1769 4509 1885 4564 acie
1905 4506 2167 4578 praeditus

583 4609 798 4677 oculus,
821 4616 1054 4670 attentus
1088 4607 1410 4670 intellectus,
1443 4606 1619 4664 anima
1644 4604 1786 4660 curis
1825 4599 2178 4663 saecularibus,

585 4701 854 4770 expedita,
901 4715 975 4756 ne
1017 4701 1069 4755 in
1098 4701 1298 4770 spinas,
1345 4713 1444 4753 nec
1491 4698 1543 4751 i‘n
1573 4703 1768 4766 petras,
1801 4709 1972 4764 neque
2013 4707 2168 4748 secus

584 4791 724 4845 viam
754 4791 912 4847 verba
937 4803 1246 4861 spargamus
1274 4785 1424 4858 (Luc.
1455 4785 1509 4841 8.
1539 4786 1572 4841 5
1593 4784 1728 4855 -8);
1766 4783 1858 4838 sed
1888 4782 2167 4838 fecundum

584 4895 648 4936 ac
674 4880 867 4952 pingue
889 4878 1154 4951 quoddam
1180 4891 1366 4932 arvum
1394 4874 1655 4938 colentes,
1688 4872 1905 4928 uberem
1931 4881 2170 4943 segetem

583 4970 934 5027 demetamus.
964 4969 1027 5025 Si
1047 4967 1190 5023 enim
1218 4967 1321 5022 hoc
1349 4975 1506 5036 pacto
1545 4964 1780 5020 sermoni
1809 4971 2036 5019 attentas
2073 4979 2168 5018 an.

583 5075 674 5117 res
698 5059 1055 5131 praebueritis,
1080 5073 1201 5114 cum
1246 5056 1509 5114 leviorem
1527 5053 1682 5112 nobis
1704 5054 1941 5109 laborem
1969 5053 2164 5109 redde-

586 5152 676 5214 tis,
705 5159 815 5204 tum
841 5149 1103 5213 efficietis,
1133 5157 1190 5203 nt
1217 5146 1424 5203 facilius
1452 5145 1526 5210 id,
1549 5145 1689 5218 quod
1711 5144 1987 5214 quaeritur,
2013 5159 2168 5215 repe-

584 5241 696 5297 rire
735 5239 972 5310 possitis.
1002 5239 1140 5308 Quid
1176 5239 1334 5309 igitur
1362 5237 1553 5292 Iretum
1576 5249 1653 5291 est
1677 5237 1708 5291 ?'
1727 5235 1903 5302 Pater,
1936 5237 1980 5289 si
2005 5236 2170 5306 possi-

581 5330 681 5386 bile
698 5340 790 5397 est,
818 5339 1039 5384 transeat
1066 5347 1098 5384 ιι
1123 5347 1201 5384 me
1224 5329 1364 5385 calix
1391 5330 1486 5383 iste
1513 5328 1722 5400 (blattis.
1756 5328 1851 5383 36.
1888 5327 2004 5398 39).
2029 5328 2167 5395 Quid

580 5421 794 5479 tandem
826 5419 965 5476 istud
1011 5430 1095 5476 est
1131 5419 1273 5495 quod
1299 5419 1466 5476 dicit?
1493 5419 1600 5476 Nos
1626 5420 1776 5474 enim
1813 5427 2051 5489 oportet,
2077 5417 2168 5472 ubi

584 5512 738 5582 prius
783 5511 1066 5567 verborum
1115 5527 1332 5567 sensum
1375 5511 1807 5582 exposueritnus,
1849 5508 2167 5568 solutionem

579 5600 775 5658 deinde
795 5601 1135 5675 subiungere.
1171 5601 1309 5669 Quid
1339 5601 1496 5672 igitur
1520 5599 1689 5656 dicit?
1716 5599 1892 5665 Pater,
1933 5598 1979 5653 si
2005 5596 2166 5668 possio

640 5755 714 5818 (a)
736 5757 921 5821 Aeollata
941 5771 1052 5808 eum
1071 5764 1152 5808 διδ.
1173 5757 1322 5821 ttegio
1349 5750 1490 5815 1938,
1511 5755 1592 5819 qui
1611 5765 1759 5819 pauca
1780 5750 1984 5802 exhibet
2002 5749 2167 5800 lectio-

583 5831 698 5876 Μ
719 5819 1007 5876 discrimina.

2293 1696 2399 1752 bile
2435 1707 2536 1766 est,
2583 1700 2809 1756 teansfer
2842 1715 2871 1756 a
2925 1716 3010 1758 me
3055 1717 3288 1759 crucem.
3339 1704 3476 1772 Quid
3515 1707 3632 1762 ais?
3670 1707 3880 1778 ignorat

2288 1787 2427 1842 sitne
2452 1787 2554 1844 hoc
2581 1790 2851 1859 possibile,
2882 1806 2949 1846 an
2975 1808 3082 1847 non
3109 1794 3403 1864 possibile?
3424 1795 3552 1864 Quis
3576 1797 3676 1852 hoc
3697 1797 3879 1852 dicat?

2290 1880 2403 1934 Etsi
2435 1882 2593 1936 verba
2625 1883 2917 1950 ignoraan
2937 1885 3046 1939 sint
3077 1904 3090 1940 :
3123 1902 3245 1941 nam
3278 1887 3391 1942 haec
3415 1888 3635 1955 additio,
3665 1889 3745 1954 Si,
3773 1889 3879 1944 du-

2288 1970 2504 2026 bitantis
2565 1982 2680 2037 cst;
2725 1989 2933 2041 verum,
2985 1985 3045 2030 ut
3091 1977 3222 2042 dixi,
3271 1993 3376 2032 non
3435 1989 3646 2046 oportet
3696 1981 3877 2035 verbis

2287 2062 2582 2131 adlucrere,
2613 2065 2708 2120 sed
2752 2066 2817 2119 ad
2863 2080 3019 2120 sensa
3067 2070 3325 2132 converti,
3357 2079 3408 2124 et
3452 2085 3673 2138 scopum
3711 2084 3876 2124 nosse

2286 2155 2535 2223 dicentis,
2566 2166 2620 2212 et
2656 2172 2870 2212 causam
2910 2167 2964 2214 et
2991 2161 3346 2225 occasionem,
3381 2160 3730 2228 omnibusque
3754 2161 3875 2214 col-

2286 2245 2438 2300 lectis
2477 2261 2691 2302 sensum
2738 2248 2789 2302 in
2831 2249 2908 2304 eis
2955 2249 3206 2304 latentem
3261 2233 3530 2318 indagare.
3581 2249 3873 2306 lnell'abilis

2286 2352 2411 2408 ergo
2449 2338 2728 2408 sapientia,
2762 2340 2850 2395 ille
2877 2341 2965 2409 qui
3003 2341 3214 2395 Patrem
3260 2343 3329 2394 ita
3373 2343 3538 2406 novit,
3571 2352 3626 2397 ut
3671 2343 3868 2399 Filium

2285 2429 2431 2482 novit
2461 2429 2636 2494 Pater,
2682 2430 2774 2500 qui
2817 2431 2990 2500 potuit
3029 2431 3130 2486 hoc
3175 2433 3463 2503 ignorare?
3498 2433 3679 2504 Neque
3721 2437 3870 2491 cnim

2285 2517 2456 2587 major
2505 2527 2589 2573 est
2634 2521 2868 2590 cognitio
2919 2522 3217 2592 passionis,
3271 2539 3430 2592 quam
3479 2525 3564 2578 illa
3622 2534 3866 2592 natnrze,

2282 2624 2442 2678 quam
2471 2609 2618 2664 solus
2665 2611 2778 2680 ipse
2825 2612 2974 2666 novit
3011 2623 3217 2668 exacte.
3260 2614 3408 2669 Sicut
3451 2617 3582 2668 enim
3625 2618 3760 2669 novit
3787 2633 3870 2670 me

2284 2701 2458 2766 Pater,
2492 2703 2680 2772 inquit,
2710 2713 2757 2756 et
2785 2721 2876 2775 ego
2913 2721 3133 2775 agnosco
3162 2705 3369 2760 Patrem
3409 2707 3589 2777 (Joan.
3623 2709 3707 2763 10.
3746 2709 3866 2779 ιδ).

2285 2792 2348 2845 Et
2372 2792 2499 2861 quid
2551 2793 2670 2848 dico
2712 2793 2780 2850 de
2832 2796 3102 2864 unigenilo
3141 2797 3232 2852 Dei
3275 2795 3454 2852 Filio?
3505 2798 3634 2852 Nam
3691 2814 3869 2869 neque

2283 2882 2557 2952 propheta:
2597 2885 2844 2940 videntur
2879 2887 2932 2941 id
2969 2887 3263 2957 ignorasse,
3306 2888 3398 2944 sed
3443 2889 3720 2945 manifeste
3768 2906 3870 2944 no-

2282 2974 2442 3040 visse,
2476 2974 2745 3044 multaque
2766 2990 2886 3030 eum
2915 2978 3310 3032 asseveratione
3337 2978 3664 3046 praidixisse,
3695 2994 3864 3048 opor-

2283 3075 2394 3120 tere
2420 3076 2477 3120 ιιι
2507 3067 2607 3122 hoc
2633 3067 2802 3134 fleret,
2833 3079 2993 3138 atque
3025 3069 3073 3123 id
3101 3070 3320 3124 omnino
3352 3069 3605 3124 futurum.

2354 3155 2537 3209 Maria:
2575 3157 2838 3227 integritas
2884 3174 2945 3210 ac
2995 3160 3208 3227 paritas.
3279 3157 3528 3213 Miracula
3579 3159 3764 3215 Christi
3808 3163 3869 3216 in

2281 3254 2459 3298 morte.
2517 3245 2657 3300 Mors
2702 3248 3062 3316 prophetarum
3126 3253 3306 3319 futura
3351 3251 3747 3317 prtrdireutium.
3791 3283 3871 3294 —

2281 3333 2418 3388 Audi
2461 3349 2592 3390 sane
2618 3351 2722 3405 quo
2760 3346 2916 3406 pacto
2955 3337 3160 3393 diversa
3196 3339 3400 3394 ratione
3441 3356 3627 3396 omnes
3648 3358 3867 3399 crucem

2279 3426 2654 3494 praenuntient.
2686 3427 2894 3480 Primus
2925 3436 3004 3482 est
3041 3426 3204 3484 Jacob
3227 3430 3526 3498 patriarcha
3554 3449 3566 3484 :
3595 3432 3862 3502 siquidem

2278 3513 2344 3568 ad
2373 3514 2542 3584 ipsum
2569 3530 2871 3571 sermonem
2900 3516 3136 3586 dirigens
3160 3519 3233 3572 ait
3258 3537 3271 3571 :
3300 3517 3385 3574 Ea:
3399 3523 3639 3589 genuine,
3663 3523 3739 3591 ﬁli
3769 3527 3863 3591 mi,

2278 3605 2545 3661 ascendisti
2572 3604 2726 3674 (Gen.
2756 3605 2846 3661 49t
2879 3607 2957 3677 9),
3003 3623 3220 3677 germen
3248 3609 3450 3664 scilicet
3480 3612 3737 3682 virginem
3761 3630 3862 3668 vo-

2277 3711 2406 3751 cans
2429 3739 2444 3763 ,
2497 3708 2553 3752 et
2591 3698 2769 3752 Maria:
2799 3699 3159 3769 integritatem
3185 3714 3248 3754 ac
3275 3702 3558 3769 puritatem
3591 3705 3688 3758 hac
3728 3719 3864 3760 voce

2277 3790 2606 3860 signiﬁcans.
2632 3790 2769 3845 Tum
2799 3805 3012 3846 crucem
3043 3791 3330 3862 designans
3358 3793 3569 3850 dicebat
3595 3814 3608 3848 :
3637 3794 3860 3849 necum-

2277 3880 2397 3936 beas
2421 3879 2666 3936 dormiisti
2691 3891 2748 3935 ut
2778 3883 2875 3948 leo,
2903 3890 2952 3936 et
2972 3882 3120 3953 quasi
3141 3884 3338 3936 catulus
3359 3884 3537 3952 leonis,
3561 3887 3859 3957 quis-susci-

2273 3971 2403 4044 tubit
2423 3987 2540 4025 eum
2563 3969 2730 4041 (1b.)?
2757 3971 2984 4026 Mortem
3005 3971 3205 4042 quippe
3225 3971 3598 4028 domuitionem
3635 3975 3774 4030 illius
3799 3987 3860 4033 et

2275 4075 2519 4114 somnum
2545 4061 2849 4128 appellavit,
2873 4069 2925 4114 et
2952 4070 3174 4116 mortem
3196 4077 3314 4117 cum
3353 4066 3739 4121 resurrectione
3764 4081 3861 4123 co-

2276 4150 2492 4220 pulavit,
2535 4150 2716 4204 dicens
2765 4166 2778 4202 :
2827 4150 2952 4214 Quis
2991 4153 3427 4208 suscitabiteum?
3452 4155 3602 4209 Alius
3638 4156 3858 4225 quidem

2276 4255 2454 4306 nemo,
2498 4240 2590 4295 sed
2635 4240 2751 4310 ipse
2799 4243 3051 4312 scipsum.
3085 4243 3416 4314 Quapropter
3453 4245 3661 4299 dicebat
3697 4247 3863 4302 etiam

2274 4332 2517 4387 Christus
2547 4349 2561 4386 :
2585 4331 2886 4388 Potrstatem
2914 4335 3069 4388 habeo
3122 4336 3339 4404 ponendi
3371 4335 3590 4387 animum
3612 4351 3792 4404 meam,
3811 4349 3864 4393 et

2275 4426 2728 4495 potestatemhabco
2745 4428 2970 4481 sumendi
2985 4443 3093 4480 eam
3114 4427 3287 4492 (Joan.
3311 4425 3394 4479 10.
3423 4424 3510 4494 18)
3534 4441 3548 4478 :
3571 4434 3625 4480 et
3651 4443 3858 4493 rursus,

2275 4518 2468 4574 Solvite
2505 4519 2741 4586 templum
2767 4521 2881 4585 hoc,
2909 4529 2955 4573 et
2985 4521 3036 4573 in
3067 4519 3223 4572 tribus
3266 4517 3437 4571 diebus
3478 4518 3702 4572 excitabo
3726 4520 3862 4574 illud

2275 4610 2398 4683 (Id.
2438 4612 2490 4669 2,
2513 4612 2575 4667 l9
2595 4613 2626 4684 ).
2657 4611 2792 4683 Quid
2812 4628 2968 4683 porro
2985 4611 3225 4675 estillud,
3245 4609 3506 4665 Hecubam
3536 4611 3782 4667 dormiisti
3805 4624 3861 4669 ut

2273 4701 2377 4755 (eo?
2387 4701 2533 4756 Sicut
2549 4703 2630 4757 leo
2646 4702 2894 4756 nimirum
2909 4715 3012 4754 non
3032 4700 3200 4754 solum
3218 4699 3342 4754 dum
3365 4701 3564 4771 vigilat,
3585 4701 3677 4756 sed
3694 4701 3856 4758 etiam

2271 4793 2396 4848 dum
2413 4793 2624 4860 dormit,
2639 4792 2988 4848 formidabilis
3007 4801 3088 4846 est
3111 4809 3123 4845 :
3152 4792 3227 4846 sic
3247 4801 3302 4847 et
3326 4780 3570 4848 Christus
3599 4809 3703 4848 non
3727 4803 3858 4849 ante

2269 4897 2479 4940 crucem
2497 4893 2719 4947 tantum,
2734 4882 2826 4937 sed
2842 4891 2896 4936 et
2913 4882 2963 4935 in
2984 4882 3095 4951 ipsa
3110 4896 3290 4948 cruce,
3309 4891 3467 4952 atque
3489 4882 3540 4936 in
3555 4883 3664 4951 ipsa
3683 4892 3858 4939 morte

2271 4974 2618 5031 formidabilis
2640 4973 2755 5039 fuit,
2776 4987 3068 5042 magnaque
3090 4980 3204 5027 tum
3228 4972 3483 5027 miracula
3512 4971 3699 5038 edidit,
3722 4971 3853 5027 dum

2269 5069 2398 5124 solis
2448 5081 2663 5123 cursum
2707 5073 2850 5121 retro
2895 5065 3181 5131 convertit,
3217 5073 3395 5134 petras
3437 5063 3610 5129 scidit,
3659 5073 3855 5118 terram

2271 5162 2582 5225 tremefecit,
2603 5160 2776 5219 velum
2800 5159 2977 5230 templi
2999 5158 3277 5225 conscidit,
3301 5157 3458 5212 uxori
3472 5156 3626 5212 Pilati
3650 5165 3852 5210 metum

2270 5253 2469 5323 injecit,
2499 5251 2688 5307 Iudam
2729 5251 2985 5322 coarguit.
3024 5250 3160 5305 Tum
3199 5249 3344 5305 enim
3390 5247 3524 5304 dixit
3580 5266 3593 5301 :
3639 5245 3854 5301 Peccavi

2285 5350 2498 5407 tradens
2520 5348 2826 5418 sanguinem
2860 5345 3182 5418 innocentem
3207 5337 3424 5409 (Matth.
3447 5337 3536 5389 27.
3561 5337 3637 5403 6).
3675 5335 3853 5403 Atque

2285 5444 2389 5500 hoc
2403 5441 2560 5497 Pilati
2581 5454 2721 5494 uxor
2745 5431 3197 5511 indicabat,Nibil
3211 5431 3376 5496 tibi,"
3389 5429 3532 5499 justo
3550 5428 3668 5481 isti:
3683 5429 3852 5482 multa

2288 5535 2426 5591 enim
2446 5547 2610 5602 passa
2637 5543 2756 5583 sunt
2799 5540 2888 5593 per
2921 5525 3088 5578 nisum
3121 5529 3344 5590 propter
3369 5535 3490 5573 eum
3516 5517 3624 5587 (Ib.
3653 5534 3702 5572 tl.
3737 5518 3849 5589 i9).

2270 5615 2407 5671 Tum
2450 5612 2634 5668 orbem
2661 5620 2918 5666 terrarum
2952 5607 3185 5662 tenebrat
3212 5615 3558 5676 occuparunt,
3589 5614 3646 5660 et
3671 5604 3852 5660 medio

2273 5709 2360 5762 die
2387 5720 2492 5761 nox
2516 5700 2776 5774 apparuit,
2803 5710 2909 5756 tum
2940 5715 3083 5754 mors
3109 5699 3400 5761 contabuit.
3429 5697 3650 5768 ejusque
3682 5695 3764 5752 vis
3785 5713 3852 5752 ac

2275 5803 2510 5870 potestas
2531 5794 2796 5852 destructa
2811 5800 2892 5849 est
2912 5807 2925 5846 :
2946 5790 3110 5848 multa
3134 5798 3278 5847 certe
3300 5803 3525 5861 corpora
3545 5799 3753 5844 sanctor
3763 5801 3850 5843 unt
