4066 6274
459 344 525 397 ειςδ
1085 337 1149 394 ιχ
1188 338 1413 403 tLLco,
1455 336 1703 405 PATER,
1742 336 1800 394 Sl
1841 334 2186 395 rossunu:
2224 337 2370 407 usr,
2413 339 2798 412 TRANSEAT,
2841 346 2991 402 ure.
3648 357 3715 411 δι

448 474 537 528 qm
559 456 906 519 dnrtnicraut,
932 463 1298 511 surrexerunt.
1326 454 1448 509 llaec
1475 454 1600 508 olim
1625 452 1916 522 prtedicens
1939 467 2029 521 pa—

453 549 703 611 triarcha,
725 555 781 602 ct
814 546 1101 603 ostendens
1144 547 1288 600 illum
1322 547 1480 600 etiam
1503 545 1817 599 cruciﬁxum
1849 543 2032 597 formi-

448 640 679 694 dabilem
711 639 839 700 fore,
861 636 1115 692 dicebat:
1157 637 1420 691 Recubans
1450 636 1695 690 dormiisti
1718 647 1772 688 ut
1794 636 1870 688 leo
1893 651 1911 688 :
1935 650 2031 688 nec

452 730 613 794 dixit,
646 728 903 792 Dormics,
943 728 1036 781 sed
1069 726 1347 790 Dormiisti,
1398 736 1673 796 propterea
1720 725 1860 795 quod
1902 726 2026 779 illud

446 820 666 875 omnino
692 830 806 874 erat
832 819 1090 873 futurum.
1121 820 1230 874 Mos
1248 820 1389 872 enim
1417 818 1501 872 ltie
1520 829 1600 871 est
1626 819 2027 886 prophetarum,

447 920 504 965 ut
536 910 716 964 multis
763 910 815 965 in
862 910 992 964 locis
1027 920 1294 979 tamquam
1324 911 1590 979 pra-terita
1620 908 1791 962 futura
1833 909 2026 978 praedi-

444 1011 587 1055 cant.
631 1000 765 1054 Nam
807 1001 1253 1070 quemadmodum
1299 1001 1408 1054 ﬁeri
1439 1000 1659 1069 nequit,
1693 1009 1748 1053 ut
1776 1016 1892 1068 quae
1918 999 2027 1069 jam

447 1102 758 1155 evenerunt,
800 1107 903 1147 non
946 1094 1194 1147 eveniant
1222 1109 1235 1144 :
1268 1092 1336 1146 ita
1362 1106 1531 1161 neque
1560 1100 1614 1145 ut
1643 1090 1743 1146 hoc
1771 1132 1785 1155 ,
1820 1092 2027 1145 tametsi

448 1181 677 1236 futurum
729 1192 833 1246 est,
886 1196 992 1238 non
1032 1182 1261 1243 eveniat.
1306 1182 1592 1251 Propterea
1646 1182 1892 1235 nimirum
1936 1198 2028 1250 per

445 1274 678 1345 Speciem
709 1274 962 1343 temporis
1000 1274 1106 1343 jam
1143 1275 1393 1343 prteteriti
1428 1275 1600 1331 futura
1652 1276 2023 1345 praenuntiant,

445 1375 502 1420 ut
531 1366 631 1421 hac
652 1366 857 1421 ratione
882 1366 992 1421 ﬁeri
1024 1383 1127 1420 non
1157 1381 1313 1436 posse
1328 1367 1648 1439 signiﬁcent,
1677 1367 1801 1437 quin
1828 1368 2025 1422 exitum

446 1456 675 1509 habeant
701 1471 764 1510 ac
786 1471 1004 1525 prorsus
1024 1457 1293 1513 eveniant.
1323 1458 1411 1512 Sic
1433 1458 1591 1512 etiam
1623 1457 1786 1511 David
1813 1472 2025 1512 crucem

442 1547 729 1617 designans
756 1547 929 1602 aiebat
955 1563 969 1600 :
998 1546 1046 1601 F
1045 1549 1257 1601 oderunt
1284 1564 1463 1601 manus
1479 1556 1695 1611 nteas,et
1719 1547 1866 1615 pedes
1892 1563 2027 1601 meos

443 1640 616 1711 (Psal.
644 1640 732 1695 2|.
762 1641 873 1709 17).
896 1640 1010 1695 Non
1033 1640 1183 1705 dixit,
1215 1640 1458 1705 Fodient,
1489 1639 1583 1694 sed
1615 1638 1893 1693 Fuderunt.
1922 1638 2023 1692 Di-

443 1740 827 1784 numeraverunt
869 1732 1039 1784 onmia
1067 1748 1181 1784 ossa
1208 1748 1316 1785 mea
1347 1729 1452 1802 (Ib.
1483 1746 1529 1784 υ.
1563 1729 1676 1801 18).
1705 1730 1815 1785 Nec
1852 1731 2024 1785 solum

444 1822 558 1877 lure
603 1822 756 1887 dixit,
802 1821 897 1877 sed
935 1823 1093 1878 etiam
1119 1838 1203 1888 ea,
1232 1839 1351 1893 qua:
1374 1838 1404 1876 a
1435 1822 1688 1876 militibus
1713 1822 1847 1876 facta
1880 1830 2022 1877 sunt.

445 1911 730 1966 Diviserunt
756 1914 850 1967 sibi
890 1913 1176 1968 uestimenta
1208 1931 1339 1979 mea,
1380 1922 1430 1967 et
1454 1930 1606 1983 super
1633 1923 1814 1967 restem
1862 1929 2023 1966 meam

442 2004 684 2058 miserunt
722 2013 905 2057 sortem
945 2002 1051 2075 (Ib.
1077 2019 1125 2057 υ.
1175 2005 1285 2074 19).
1328 2003 1509 2073 Neque
1557 2003 1655 2057 hoc
1681 2003 1879 2068 Solum,
1930 2002 2024 2057 sed

441 2093 600 2148 etiam
641 2094 783 2163 quod
832 2109 955 2149 eum
1005 2094 1128 2150 felle
1177 2095 1443 2160 eibarnut,
1471 2103 1702 2149 ctaccto
1729 2104 2021 2163 putarunt:

440 2184 698 2239 Dederunt
741 2185 903 2249 enim,
953 2185 1143 2255 inquit,
1173 2185 1225 2238 in
1252 2202 1416 2239 escam
1458 2200 1620 2237 meam
1651 2184 1739 2255 fel,
1773 2192 1823 2237 et
1856 2185 1906 2237 in
1935 2184 2022 2237 siti

438 2291 550 2329 mea
589 2286 885 2345 potaverunt
924 2293 1002 2330 me
1026 2286 1165 2331 aceto
1204 2277 1371 2347 (Psal.
1398 2277 1487 2332 68.
1518 2276 1635 2349 22).
1663 2277 1814 2330 Alius
1841 2292 2024 2332 rursus

437 2382 560 2421 eum
609 2368 789 2420 lancea
818 2382 1128 2437 percussum
1174 2366 1242 2421 ab
1269 2368 1374 2421 illis
1406 2366 1567 2422 fuisse
1604 2377 1783 2421 narrat
1817 2386 1830 2420 :
1879 2368 2025 2421 Vide-

438 2458 558 2510 bunt
581 2458 741 2523 enim,
768 2458 955 2528 inquit,
979 2458 1567 2526 inquemtransﬁxerunt
1590 2457 1771 2527 (Zach.
1798 2457 1881 2511 ιθ.
1909 2457 2021 2526 10).

437 2547 599 2604 Isaias
639 2557 814 2603 autem
866 2564 1051 2603 rursus
1087 2550 1243 2603 aliter
1267 2564 1476 2603 crucem
1527 2549 1886 2617 prurnttntiatts
1937 2549 2020 2601 di-

436 2639 636 2695 cebat:
685 2640 831 2695 Sicut
875 2642 980 2695 ovis
1017 2640 1085 2694 ad
1128 2642 1427 2695 occisionem
1480 2643 1658 2695 ductus
1686 2654 1776 2705 est,
1806 2650 1853 2694 et
1894 2641 2022 2694 sicut

437 2746 597 2801 agnus
654 2747 824 2784 coram
870 2732 1101 2785 tondente
1142 2748 1196 2785 sc
1240 2740 1407 2785 mutus
1435 2771 1449 2796 ,
1500 2732 1572 2785 sic
1614 2747 1712 2786 non
1745 2733 1942 2800 aperuit
1964 2747 2023 2788 ss

439 2837 606 2874 suum.
634 2820 699 2875 In
737 2821 1022 2876 humilitate
1055 2823 1162 2893 ejus
1196 2822 1448 2893 judicium
1477 2823 1634 2890 ipsius
1663 2823 1917 2878 sublatum
1947 2834 2021 2878 est

438 2910 589 2979 (Isai.
617 2914 704 2968 53.
736 2914 785 2966 7.
810 2912 891 2984 8).

507 3003 562 3060 2.
605 3005 822 3059 Mortem
866 3005 1093 3060 Christus
1121 3006 1286 3059 subire
1327 3021 1427 3058 non
1468 3004 1730 3058 recusauit.
1762 3002 2021 3059 Mirabilia

432 3098 593 3152 crucis
632 3114 809 3166 opera.
861 3128 934 3137 -—
965 3097 1046 3152 Tu
1095 3113 1221 3153 vero
1267 3098 1396 3150 mihi
1428 3097 1672 3161 observa,
1702 3112 1809 3167 quo
1860 3104 2015 3166 pacto

433 3190 796 3259 unusquisque
840 3190 1061 3243 istorum
1116 3198 1384 3259 tamquam
1418 3189 1486 3244 de
1526 3189 1685 3244 rebus
1730 3188 2015 3258 praeteritis

434 3283 596 3339 verba
644 3281 821 3346 faciat,
865 3292 920 3337 ιιι
955 3298 1015 3337 ea
1064 3284 1219 3353 plane
1244 3283 1418 3336 futura
1442 3323 1457 3347 ,
1498 3290 1552 3336 et
1592 3284 1706 3337 sine
1735 3281 2009 3337 contradi-

432 3375 609 3428 ctione
634 3384 885 3428 eventura
917 3390 1010 3442 per
1031 3374 1134 3429 hoc
1163 3383 1373 3443 tempus
1407 3375 1669 3429 ostendat.
1703 3374 1774 3428 Ita
1798 3389 2013 3444 quoque

432 3463 595 3518 David
653 3463 755 3517 hoc
793 3463 1046 3531 judicium
1087 3464 1396 3518 describens
1434 3463 1651 3517 aiebat:
1687 3464 1855 3529 Quare
1906 3464 2013 3532 fre-

430 3565 663 3611 muerunt
690 3565 858 3625 gentes
877 3595 892 3617 ,
923 3563 967 3608 et
995 3556 1172 3624 populi
1202 3555 1427 3606 meditati
1449 3563 1564 3606 sunt
1595 3554 1767 3606 inania
1790 3554 1815 3606 ?
1842 3554 2016 3606 Adsti-

428 3657 594 3703 terunt
632 3663 772 3717 reges
816 3656 981 3712 terrae,
1012 3656 1059 3699 et
1100 3646 1350 3715 principes
1399 3657 1733 3699 convenerunt
1768 3647 1820 3699 in
1850 3662 2009 3700 unum

427 3738 666 3790 adversus
718 3736 1010 3803 Dominum,
1041 3746 1087 3791 et
1128 3736 1366 3791 adversus
1397 3735 1653 3791 Christum
1697 3738 1807 3807 ejus
1837 3737 2011 3807 (Psal.

429 3829 485 3883 2.
517 3829 563 3882 I.
594 3828 672 3899 2).
723 3828 906 3895 Neque
951 3842 1080 3880 vero
1109 3826 1365 3893 judicium
1416 3834 1620 3881 tantum
1662 3836 1718 3881 et
1767 3842 2007 3893 crucem,

431 3936 656 3992 qua:un
686 3920 736 3972 in
759 3934 918 3973 cruce
952 3920 1307 3987 contigerunt,
1336 3927 1743 3985 commemorat,
1770 3919 1865 3973 sed
1893 3934 2014 3971 eum

433 4025 641 4081 quoque
666 4009 755 4079 qui
786 4008 1001 4063 tradidit
1029 4049 1045 4073 ,
1070 4008 1211 4078 quod
1242 4009 1493 4063 nimirum
1517 4010 1929 4075 contubernalis,
1963 4019 2017 4064 et

432 4100 671 4170 ejusdem
702 4100 963 4169 particeps
988 4115 1186 4155 mensae
1214 4100 1386 4155 luerit.
1420 4100 1520 4167 Qui
1546 4100 1687 4155 enim
1720 4100 1894 4154 edebat
1921 4118 2014 4171 pa-

429 4211 518 4249 nes
542 4211 696 4259 meos,
726 4193 1064 4261 magni/ienuit
1089 4209 1242 4261 super
1266 4209 1344 4246 me
1358 4192 1814 4262 supplantationem
1835 4192 2009 4265 (Psal.

428 4286 517 4341 40.
567 4285 675 4357 10).
711 4285 907 4340 Vocem
943 4298 1154 4354 quoque
1197 4285 1274 4338 sic
1308 4283 1482 4350 eﬁert,
1514 4300 1669 4354 quam
1716 4285 2012 4340 emissurus

428 4384 542 4432 erat
586 4377 637 4431 in
678 4391 878 4432 cruce:
922 4376 1080 4440 Deus,
1132 4374 1268 4429 Deus
1316 4392 1475 4441 meus,
1506 4392 1663 4443 quare
1700 4392 1778 4430 me
1826 4376 2010 4430 dereli-

429 4469 577 4541 quisti
598 4468 773 4537 (Psal.
800 4468 890 4522 2t.
915 4468 971 4539 2)
998 4468 1021 4521 ?
1065 4467 1198 4521 Tum
1227 4467 1527 4534 sepulcrum
1556 4481 1737 4522 rursus
1769 4486 1783 4523 :
1818 4467 2013 4521 Posue—

431 4572 545 4614 runt
577 4578 655 4617 me
680 4562 731 4614 in
760 4561 875 4614 lacu
916 4561 1113 4627 inﬁmo,
1145 4560 1197 4613 in
1227 4559 1497 4614 tenebrosis
1516 4569 1563 4612 et
1588 4560 1643 4613 in
1667 4561 1845 4614 umbra
1874 4578 2010 4614 mor-

431 4653 494 4705 tis
541 4652 711 4722 (I’sal.
769 4652 860 4709 87.
912 4651 987 4719 6).
1031 4652 1096 4706 Et
1138 4651 1580 4705 resurrectionem
1631 4672 1644 4704 :
1696 4650 1817 4705 Non
1867 4653 2010 4706 enim

431 4743 744 4811 derelinques
766 4744 989 4796 animum
1025 4760 1183 4801 meam
1209 4745 1261 4796 in
1292 4744 1512 4812 inferno,
1538 4759 1696 4813 neque
1720 4744 1861 4797 dabis
1886 4763 2010 4798 sane

430 4847 563 4890 ctum
610 4847 751 4890 tuum
799 4836 963 4890 videre
1002 4837 1372 4906 corruptionem
1423 4835 1442 4906 (
1473 4834 1615 4889 Psal.
1649 4836 1733 4891 15.
1764 4836 1901 4908 10).
1948 4839 2012 4892 Et

430 4930 795 4984 ascensionem
822 4928 1090 4983 :Ascendit
1111 4928 1247 4982 Deus
1279 4930 1329 4981 in
1344 4928 1665 4999 jubilatione,
1690 4927 1933 4983 Dominus
1958 4931 2011 4983 in

405 5037 544 5092 .roce
572 5021 704 5074 tubae
730 5018 904 5090 (Psal.
940 5019 1027 5073 46.
1053 5018 1133 5088 6).
1178 5018 1306 5073 Item
1345 5020 1528 5073 sedem
1548 5033 1578 5072 a
1607 5019 1841 5074 dextris:
1868 5020 2011 5074 Dixit

401 5105 405 5109 ’
434 5108 686 5164 Dominus
711 5109 926 5165 Domino
956 5126 1084 5174 meo,
1115 5108 1249 5166 Sede
1276 5127 1309 5163 a
1335 5110 1523 5164 dextris
1554 5112 1695 5176 meis,
1726 5111 1887 5165 donec
1914 5127 2009 5178 po-

430 5223 547 5259 nam
576 5205 804 5260 inimicos
826 5214 937 5259 tuos
956 5204 1433 5274 scabellumpedum
1465 5214 1665 5259 tuorum
1684 5202 1852 5274 (Psal.
1886 5204 2006 5258 109.

434 5297 509 5365 1).
562 5296 723 5352 Isaias
758 5311 885 5351 vero
939 5310 1152 5350 causam
1209 5295 1368 5350 etiam
1419 5294 1683 5363 expressit
1757 5294 1941 5348 dicens
1993 5312 2005 5348 :

437 5390 687 5457 Quoniam
713 5389 777 5443 ab
802 5387 1144 5458 iniquitatibus
1174 5386 1350 5456 populi
1378 5387 1474 5439 mei
1495 5387 1676 5440 ductus
1700 5396 1772 5439 est
1788 5387 1854 5439 ad
1870 5403 2007 5439 mor-

434 5491 533 5536 tem
556 5482 575 5553 (
602 5480 728 5536 Isai.
759 5481 829 5535 55
868 5479 960 5545 8),
990 5487 1044 5533 et
1069 5478 1230 5547 quod,
1265 5477 1516 5545 Quoniam
1548 5492 1718 5531 omnes
1742 5479 1869 5532 sicut
1896 5495 2009 5533 oves

428 5581 741 5638 erraverunt,
787 5571 977 5627 idcirco
1021 5578 1270 5623 mactatur
1300 5568 1462 5639 (Ibid.
1490 5582 1538 5622 tt.
1569 5566 1624 5623 6.
1656 5567 1733 5641 7).
1762 5569 1894 5623 Tum
1916 5570 2008 5623 ad-

433 5651 573 5719 jicit,
595 5654 714 5720 quid
745 5670 808 5705 ex
844 5669 909 5705 co
935 5654 1056 5706 boni
1079 5663 1463 5721 conscquutnm
1490 5654 1579 5715 sit,
1601 5653 1804 5715 dicens,
1838 5650 2015 5703 Livore

437 5741 656 5809 ejusnus
674 5758 846 5798 otnnes
873 5752 1037 5797 sanati
1065 5758 1235 5799 smnus
1256 5742 1273 5814 (
1298 5741 1378 5798 Ib.
1406 5761 1450 5798 ι’.
1481 5745 1553 5814 5)
1578 5783 1592 5810 ,
1622 5754 1669 5799 et
1694 5743 1851 5814 quod,
1883 5739 2011 5797 I’cc-

2140 463 2254 506 cata
2279 452 2550 511 multorum
2592 460 2704 512 tulit
2739 464 2759 531 (
2777 459 2904 516 Isai.
2934 463 3021 517 53.
3054 462 3119 518 l2
3144 463 3187 534 ).
3221 465 3426 537 Ergone
3457 468 3725 536 propheta

2137 546 2349 615 quidem
2368 565 2578 604 crucem
2598 563 2925 616 noverant,et
2944 556 3115 610 erucis
3131 573 3591 631 causam,qu:equc
3608 578 3734 631 pro-

2140 644 2256 703 pter
2267 654 2477 693 crucem
2497 644 2769 695 commoda
2787 646 3134 713 obvenerunt,
3155 657 3206 702 et
3223 652 3545 719 sepulcrum,
3565 663 3617 706 ct
3637 669 3725 709 re-

2136 730 2541 794 surrectionem,
2569 740 2623 785 et
2647 736 3036 802 ascensionem,
3075 748 3125 791 et
3157 739 3529 807 proditionem,
3561 753 3614 798 et
3637 744 3723 813 ju-

2135 816 2351 883 d'citnu,
2384 830 2435 874 et
2466 823 2640 874 ontuia
2668 836 2850 877 exacte
2877 825 3272 896 descripserunt
3307 852 3319 885 :
3350 832 3437 900 qui
3475 849 3601 886 vero
3621 834 3720 887 mi-

2136 908 2199 959 sit
2226 924 2339 969 eos,
2382 919 2436 963 et
2464 910 2577 964 lt:t:c
2612 914 2713 967 illis
2749 914 2968 968 dicenda
2999 917 3289 985 mandavit,
3330 922 3441 989 ipse
3472 922 3723 991 ignorat?

2136 998 2263 1063 Quis
2298 1015 2547 1069 umquam
2580 1003 2813 1071 prudens
2844 1004 2943 1059 huc
2987 1005 3179 1061 dixerit
3209 1009 3231 1061 ?
3263 1010 3416 1065 Vides
3449 1029 3551 1065 non
3594 1030 3715 1069 esse

2138 1088 2295 1142 verba
2322 1100 2521 1143 tanturn
2543 1100 2741 1145 temere
2759 1096 3044 1161 spectanda
3070 1098 3092 1149 ?
3119 1114 3222 1151 nun
3247 1100 3387 1153 enim
3417 1100 3515 1155 hnc
3542 1104 3715 1158 solum

2133 1187 2215 1232 est
2240 1179 2485 1247 dubittm,
2516 1182 2608 1237 sed
2640 1194 2692 1237 et.
2719 1186 2977 1253 majorem
3004 1188 3074 1253 id,
3108 1189 3247 1258 quod
3275 1192 3531 1260 sequitur,
3561 1194 3718 1249 dubi-

2136 1270 2277 1323 tandi
2324 1274 2658 1328 occasioaem
2704 1275 2878 1330 aﬁert.
2931 1277 3067 1343 Quid
3108 1281 3248 1334 enim
3290 1282 3403 1337 ait?
3436 1283 3610 1349 Pater,
3672 1296 3718 1349 εὶ

2136 1364 2370 1429 possibile
2392 1374 2483 1428 est,
2527 1376 2749 1420 transeat
2771 1387 2803 1420 α
2831 1387 2910 1423 me
2928 1372 3064 1425 calix
3086 1372 3197 1426 iste.
3226 1372 3341 1427 Non
3374 1376 3515 1430 enim
3543 1378 3716 1431 solum

2135 1452 2405 1520 ignorasse
2450 1457 2762 1523 reperietur,
2807 1459 2898 1512 sed
2947 1462 3105 1514 etiam
3150 1478 3365 1517 crucem
3412 1481 3711 1522 recusasse.

2135 1542 2258 1599 llaec
2286 1560 2515 1614 namque
2541 1547 2821 1601 verborum
2853 1550 3073 1603 istorum
3102 1563 3181 1605 est
3216 1556 3475 1611 sententia
3507 1575 3519 1611 :
3556 1558 3609 1612 Si
3641 1560 3705 1612 li-

2128 1644 2237 1702 cet,
2260 1635 2450 1704 inquit,
2481 1653 2547 1691 ne
2588 1639 2803 1692 subeam
2836 1656 3070 1707 crucem,
3104 1660 3238 1699 neve
3282 1645 3565 1702 interliciar
3593 1671 3604 1704 :
3641 1661 3718 1704 ta-

2131 1727 2286 1780 metsi
2309 1727 2521 1781 Petrum
2550 1731 2913 1798 apostolorum
2954 1735 3244 1804 principem
3278 1736 3379 1791 hoc
3411 1739 3506 1807 ipsi
3531 1739 3715 1794 diecu-

2133 1825 2260 1879 tem,
2293 1817 2558 1887 PrOpitius
2606 1821 2695 1873 tibi
2733 1832 2855 1886 esto,
2898 1822 3117 1878 Domine
3148 1841 3167 1879 :
3205 1844 3305 1881 non
3352 1830 3443 1881 erit
3473 1830 3561 1883 tibi
3600 1832 3712 1896 hoc,

2129 1906 2265 1960 adeo
2290 1907 2633 1964 vehementer
2680 1911 2988 1980 increpavit,
3024 1924 3078 1967 ut
3122 1916 3319 1972 diceret
3357 1935 3371 1971 :
3422 1918 3559 1974 Vade
3599 1934 3712 1992 post

2130 2014 2228 2063 me,
2259 2008 2439 2052 satana
2470 2042 2485 2066 ,
2514 2002 2810 2056 scandalum
2842 2004 2964 2059 ntihi
2994 2024 3043 2060 cs
3088 2022 3107 2062 ε
3146 2010 3264 2077 quia
3305 2026 3405 2064 non
3447 2014 3585 2082 sapis
3629 2033 3711 2080 ea,

2128 2104 2240 2157 quw
2266 2088 2364 2143 Dei
2399 2101 2516 2145 sunt
2541 2135 2555 2157 ,
2600 2095 2688 2146 sed
2714 2112 2771 2146 ea
2810 2112 2924 2163 qua:
2968 2098 3229 2152 hominum
3258 2100 3471 2169 (Matth.
3508 2106 3591 2159 16.
3622 2105 3714 2160 22.

2128 2180 2242 2252 23):
2269 2182 2426 2252 idque
2455 2198 2574 2237 cum
2607 2185 2818 2240 beatum
2843 2189 2987 2243 illum
3018 2191 3173 2259 paulo
3194 2203 3316 2247 ante
3342 2196 3706 2262 pnedicasset.

2130 2269 2325 2326 Verum
2360 2274 2496 2328 adeo
2526 2275 2804 2332 videbatur
2829 2279 3118 2335 absurdum
3161 2299 3286 2338 esse
3313 2299 3416 2338 neu
3444 2288 3703 2358 cruciﬁgi,

2128 2370 2187 2415 ut
2227 2363 2391 2429 illum,
2427 2366 2511 2435 qui
2566 2381 2594 2419 a
2649 2367 2805 2423 Patre
2845 2372 3224 2427 revelatiunmn
3275 2390 3575 2445 acceperat,
3623 2381 3714 2450 qui

2129 2451 2315 2507 beatus
2334 2455 2506 2514 dictus
2533 2457 2722 2521 fuerat,
2754 2463 2836 2515 cui
2870 2464 3121 2517 ett-lorum
3149 2466 3327 2520 elavvs
3363 2468 3569 2521 tradita:
3601 2470 3716 2525 ineo

2127 2554 2267 2609 rant,
2300 2561 2543 2602 satanam
2570 2553 2885 2620 appellaret,
2909 2565 2960 2609 et
2989 2556 3321 2622 scandalum,
3351 2574 3413 2612 ac
3445 2571 3712 2630 tamquam

2126 2649 2187 2688 ea
2219 2651 2337 2704 anc
2369 2638 2458 2692 Dei
2488 2648 2630 2701 sunt,
2676 2644 2892 2697 minime
2924 2646 3216 2713 sapientem
3261 2661 3555 2718 accusaret,
3592 2667 3715 2722 ιιι-ο-

2126 2735 2305 2794 ptcrea
2328 2728 2466 2797 quod
2496 2730 2723 2797 dixerat,
2758 2732 3019 2803 Propitius
3045 2737 3133 2789 tibi
3161 2748 3287 2805 esto,
3320 2738 3533 2795 Domine
3562 2759 3580 2797 :
3613 2762 3713 2799 non

2127 2817 2221 2870 erit
2248 2818 2334 2871 tibi
2361 2820 2475 2888 hoc,
2505 2830 2565 2875 ut
2590 2824 2939 2895 cruciﬁgaris.
2966 2827 3103 2897 Ergo
3131 2830 3218 2898 qui
3241 2830 3559 2901 discipulum
3584 2849 3713 2890 con-

2126 2911 2359 2965 tumeliis
2395 2912 2591 2980 alTecit,
2639 2914 2880 2985 adeoque
2924 2922 3159 2987 graviter
3188 2921 3237 2973 in
3277 2922 3427 2976 illum
3472 2924 3711 2980 invectus

2124 3010 2228 3067 est,
2263 3012 2319 3056 ut
2345 3012 2399 3057 et
2422 3014 2661 3059 satanam
2691 3017 2812 3076 post
2843 3016 3016 3062 tantas
3044 3010 3228 3065 laudes
3254 3014 3568 3082 appellaret,
3588 3018 3710 3085 quia

2123 3092 2349 3160 dixerat,
2381 3094 2457 3150 Ne
2486 3097 2813 3168 cruciﬁgaris
2845 3118 2859 3153 :
2888 3117 2991 3169 quo
3020 3111 3177 3171 pacto
3200 3103 3413 3158 nolebat
3441 3106 3552 3174 ipse
3573 3123 3703 3162 cru-

2123 3186 2261 3256 ciﬁgi
2283 3187 2307 3240 ?
2331 3186 2612 3253 Quomodo
2639 3206 2766 3245 vero
2807 3202 2990 3260 postea
3034 3194 3155 3247 boni
3192 3198 3385 3264 pastori
3417 3198 3709 3270 depingcns

2123 3275 2407 3346 imaginem
2432 3319 2445 3340 ,
2477 3279 2578 3333 hoc
2618 3282 2884 3350 prtecipue
2926 3286 3130 3338 virtutis
3160 3286 3275 3355 ejus
3306 3287 3555 3343 indicium
3588 3307 3707 3346 esse

2119 3366 2272 3432 dixit,
2294 3379 2350 3421 ut
2376 3384 2469 3437 pro
2490 3370 2602 3424 suis
2623 3371 2810 3426 ovibus
2825 3373 3115 3435 occidatur,
3137 3375 3203 3431 ita
3221 3376 3403 3431 dicens
3428 3398 3438 3431 ε
3464 3378 3573 3451 Ego
3597 3397 3710 3433 sum

2121 3469 2294 3526 pastor
2322 3461 2478 3513 bonus
2506 3480 2524 3514 :
2574 3460 2733 3515 bonus
2783 3474 2957 3532 pastor
3002 3466 3225 3519 animam
3274 3485 3417 3521 suam
3452 3471 3591 3540 ponit
3617 3488 3714 3542 pro

2121 3565 2180 3601 oo
2204 3551 2294 3603 bus
2335 3551 2513 3620 (Joan.
2548 3553 2634 3606 10.
2668 3554 2785 3623 ll)?
2827 3554 3009 3623 Neque
3037 3572 3164 3610 vero
3197 3557 3282 3611 hic
3327 3561 3582 3626 substitit,
3615 3564 3712 3617 sed

2119 3642 2312 3710 adjecit
2337 3659 2350 3695 :
2384 3643 2726 3698 Mercenarius
2757 3655 2948 3711 autem,
2976 3656 3021 3699 et
3052 3648 3136 3717 qui
3161 3665 3261 3702 non
3288 3660 3360 3702 est
3399 3661 3593 3720 pastor,
3629 3654 3710 3706 ri-

2121 3735 2202 3786 det
2227 3735 2405 3802 lupum
2432 3736 2705 3789 venientem
2733 3777 2747 3799 ,
2777 3746 2820 3789 et
2851 3738 3055 3791 dimittit
3086 3757 3200 3793 oues
3222 3781 3237 3805 ,
3281 3750 3326 3793 et
3351 3742 3482 3811 fugit
3513 3741 3615 3814 (lb.
3657 3760 3705 3799 tt.

2121 3826 2233 3895 12).
2266 3827 2321 3880 Si
2348 3841 2476 3895 ergo
2500 3826 2623 3879 boni
2653 3830 2881 3894 pastoris
2911 3838 2992 3882 est
3016 3831 3209 3894 occidi,
3245 3834 3560 3886 mercenarii
3584 3850 3713 3890 vero

2120 3917 2262 3971 nolle
2304 3916 2405 3970 hoc
2452 3918 2582 3985 pati,
2632 3917 2901 3986 quomodo
2947 3919 3055 3983 ille,
3098 3921 3277 3988 quise
3307 3922 3500 3975 bonum
3533 3932 3711 3990 pasto-

2120 4022 2231 4061 rem
2282 4007 2576 4075 proﬁtetur,
2626 4007 2796 4061 occidi
2828 4010 3079 4062 recusat?
3122 4010 3390 4080 quomodo
3416 4022 3594 4066 autem
3625 4014 3707 4068 dis

2117 4097 2290 4160 cebat,
2325 4096 2433 4167 Ego
2463 4114 2595 4167 pono
2622 4099 2844 4151 animant
2866 4116 3027 4152 meum
3054 4117 3085 4152 a
3124 4117 3202 4155 me
3233 4101 3342 4171 ipso
3374 4100 3478 4175 (Ib.
3515 4119 3560 4156 υ.
3592 4104 3709 4175 18)?

2117 4187 2248 4242 Nam
2273 4191 2316 4242 si
2345 4203 2375 4242 a
2407 4188 2577 4258 teipso
2621 4189 2776 4257 ponis
2797 4231 2812 4255 ,
2845 4190 2931 4257 qui
2967 4190 3055 4255 ﬁt,
3086 4199 3145 4246 ut
3169 4190 3396 4245 alterum
3428 4208 3605 4262 roges,
3641 4210 3709 4249 ue

2118 4280 2323 4350 ponas?
2347 4280 2616 4350 quomodo
2638 4280 2763 4334 item
2794 4279 2892 4333 bac
2920 4282 3208 4337 occasione
3234 4282 3412 4337 laudat
3433 4300 3554 4339 eum
3576 4286 3709 4340 Pau-

2116 4372 2214 4436 lus,
2248 4374 2299 4425 in
2328 4371 2443 4426 hinc
2460 4372 2618 4426 verba
2644 4393 2656 4424 :
2682 4372 2783 4437 Qui
2807 4390 2918 4425 cum
2940 4374 2992 4426 in
3020 4378 3185 4444 forma
3207 4373 3306 4428 Dei
3326 4387 3474 4443 esset,
3498 4394 3597 4431 non
3620 4396 3708 4431 ra-

2118 4464 2290 4532 pinam
2320 4463 2598 4516 arbitratus
2628 4473 2700 4516 est
2743 4480 2847 4515 esse
2872 4480 2925 4517 se
2955 4466 3200 4534 (aqualem
3232 4464 3337 4519 Deo
3362 4507 3377 4533 ,
3406 4468 3495 4520 sed
3522 4447 3701 4523 catinoi

2116 4556 2237 4609 nivit
2261 4557 2581 4626 semetipsum
2601 4560 2817 4625 formam
2835 4557 2965 4609 servi
2980 4557 3256 4626 accipiens,
3286 4559 3339 4610 in
3368 4559 3701 4615 similitudine

2116 4649 2376 4702 hominum
2403 4653 2589 4720 factus,
2614 4658 2659 4702 et
2710 4648 2879 4701 habitu
2911 4650 3140 4703 inventus
3170 4660 3223 4701 ut
3252 4650 3425 4715 homo,
3463 4651 3705 4705 humilia-

2114 4741 2181 4794 vit
2208 4741 2528 4809 semetipsum
2572 4742 2736 4808 factus
2775 4738 3007 4791 obediens
3032 4756 3187 4808 usque
3220 4740 3286 4792 ad
3312 4751 3540 4804 mortem,
3570 4758 3707 4796 mor~

2116 4840 2213 4882 tem
2256 4840 2420 4882 autem
2448 4831 2610 4882 crucis
2637 4828 2887 4900 (Philipp.
2920 4828 2973 4880 2.
3004 4829 3035 4882 0
3060 4858 3082 4868 -
3117 4830 3200 4898 8)?
3227 4830 3342 4898 Ipse
3368 4846 3494 4885 vero
3522 4847 3702 4887 rursus

2115 4921 2193 4975 sic
2218 4920 2346 4973 dicit
2373 4937 2387 4949 '
2422 4919 2702 4987 Propterea
2751 4935 2827 4971 me
2875 4919 3042 4988 diligit
3076 4918 3266 4984 Pater,
3305 4922 3421 4989 quia
3450 4938 3542 4991 ego
3571 4939 3705 4991 pono

2114 5014 2337 5066 animum
2388 5029 2570 5075 nteant,
2600 5022 2652 5064 ut
2678 5011 2856 5065 iterum
2886 5029 3081 5064 sumant
3109 5029 3217 5066 eam
3249 5011 3425 5084 (Joan.
3473 5014 3561 5068 10.
3592 5014 3697 5084 17)-

2114 5106 2167 5161 Si
2192 5106 2331 5159 enim
2383 5120 2487 5158 non
2516 5102 2648 5168 vult,
2682 5103 2775 5157 sed
2807 5113 3035 5163 recusat.
3065 5113 3119 5158 et
3156 5104 3364 5158 Patren:
3392 5114 3528 5172 orat,
3557 5096 3701 5175 quo?

2116 5196 2276 5250 modo
2330 5204 2609 5265 propterea
2654 5194 2888 5263 diligitur
2924 5209 2952 5247 a
2980 5195 3180 5249 Patre?
3222 5194 3426 5248 Caritas
3452 5196 3593 5249 enim
3616 5206 3698 5251 est

2115 5302 2322 5350 eorum,
2366 5301 2485 5356 quae
2514 5301 2578 5338 cx
2608 5284 2767 5338 animi
2814 5286 3076 5339 sententia
3122 5285 3272 5337 ﬁunt.
3307 5284 3583 5352 Quomodo
3608 5300 3704 5339 au-

2117 5388 2223 5433 tem
2255 5393 2437 5433 rursus
2454 5378 2521 5431 ait
2557 5378 2748 5431 Paulus
2775 5394 2788 5431 :
2817 5376 3024 5447 Diligite
3055 5378 3286 5442 invicem,
3316 5376 3440 5428 sicut
3462 5386 3507 5429 et
3556 5375 3707 5429 Chri-

2122 5484 2227 5527 stus
2254 5472 2430 5526 dileasit
2453 5489 2561 5535 nos,
2593 5482 2638 5525 et
2665 5473 2872 5525 tradidit
2897 5472 3216 5540 semetipsum
3248 5486 3340 5541 pro
3371 5469 3510 5522 nobis
3536 5468 3699 5540 (Eph.

2116 5565 2169 5619 5.
2201 5563 2285 5633 2)?
2310 5563 2556 5617 Christus
2582 5563 2694 5633 ipse
2725 5576 2928 5624 rursus,
2958 5576 3078 5614 cum
3110 5568 3252 5614 esset
3279 5559 3689 5631 cruciﬁgendus,

2116 5654 2359 5717 dicebat,
2408 5651 2606 5715 Pater,
2655 5652 2786 5704 reuit
2832 5651 2996 5712 hora;
3038 5648 3270 5719 glori/ica
3316 5648 3509 5703 Filium
3561 5650 3701 5703 tuum

2119 5745 2302 5817 (Joan.
2333 5749 2418 5803 l7.
2452 5746 2503 5817 l)
2531 5762 2541 5799 :
2575 5744 2799 5814 gloriam
2834 5756 3031 5798 vocans
3081 5756 3314 5799 crucem.
3351 5742 3415 5798 Et
3436 5739 3700 5812 quomodo
