4066 6274
376 361 446 415 55
1118 350 1176 406 S.
1217 344 1495 406 JOANNIS
1531 332 2006 400 CllRYSOSTOMl
2047 329 2358 390 ABCHILP.
2401 326 2930 386 CONSTANTINOP.
3591 335 3658 388 56

2075 454 2180 509 tur,
2202 457 2365 513 seque
2393 441 2661 497 desiderio
2681 441 2986 496 desiderare
3014 437 3150 495 hanc
3179 453 3290 495 rem
3321 438 3444 495 dicit
3468 483 3482 507 ,
3512 450 3567 496 et
3591 447 3658 495 ad

2074 536 2176 592 hoc
2213 545 2403 606 sponte
2453 535 2618 597 venit,
2664 532 2932 603 quomodo
2975 539 3154 602 rogat,
3180 541 3236 586 ut
3261 531 3362 588 hoc
3383 547 3488 586 non
3519 532 3602 586 fiat
3638 534 3662 586 ἲ

2073 625 2224 692 Quod
2261 626 2303 678 si
2335 624 2581 690 nolebat,
2612 640 2738 678 num
2765 623 2979 678 difficile
3025 622 3120 676 fuit
3146 622 3214 676 ad
3242 622 3345 677 hoc
3387 624 3663 678 venientes

2075 715 2580 788 prohibere?Nunc
2631 723 2809 769 autem
2853 713 3032 778 vides,
3079 727 3200 768 eum
3241 713 3305 767 ad
3357 713 3495 768 hanc
3549 731 3661 767 rem

2075 808 2232 860 etiam
2261 820 2561 860 accurrere.
2594 806 2748 860 Certe
2773 820 2892 859 cum
2925 804 2978 858 in
3001 803 3172 873 ipsum
3203 803 3461 858 irruerent
3490 803 3627 857 dixit
3647 845 3661 867 ,

2078 897 2238 963 Quem
2281 897 2506 963 quieritis
2537 897 2560 948 ?
2589 895 2658 950 At
2688 896 2759 949 illi
2789 895 3008 961 dicunt,
3040 893 3238 948 Iesum.
3287 895 3348 948 Et
3402 895 3474 948 ait
3522 896 3627 948 illis
3647 939 3662 958 ,

2077 987 2209 1042 Ecce
2233 1004 2325 1058 ego
2352 1003 2465 1040 sum
2482 1003 2500 1051 ;
2533 996 2578 1040 et
2607 987 2835 1040 abierunt
2865 995 3164 1052 retrorsum,
3197 1001 3258 1038 ac
3290 985 3572 1039 ceciderunt
3613 987 3666 1040 in

2077 1089 2262 1134 terram
2292 1077 2472 1148 (Ioan.
2502 1079 2588 1133 l8.
2611 1077 2690 1144 6).
2721 1076 2854 1132 Cum
2898 1077 3054 1147 igitur
3082 1091 3176 1131 eos
3212 1076 3360 1144 prius
3395 1091 3665 1132 exerceas-

2078 1181 2196 1236 set,
2247 1186 2411 1240 seque
2453 1169 2706 1240 aufugere
2763 1169 2998 1240 potuisse
3049 1169 3407 1234 ostendisset,
3446 1180 3554 1225 tum
3583 1185 3668 1226 se-

2080 1266 2252 1335 ipsum
2280 1263 2493 1318 tradidit
2515 1304 2529 1328 ,
2554 1273 2614 1317 ut
2637 1263 2896 1333 intelligas
2917 1278 3039 1318 eum
3068 1277 3174 1317 non
3205 1263 3549 1330 necessitate,
3577 1281 3672 1319 nc-

2079 1373 2188 1428 que
2214 1358 2298 1424 vi,
2331 1371 2504 1428 neque
2536 1371 2629 1426 rer
2659 1354 2990 1427 tyrannidem
3035 1355 3350 1410 irruentium
3379 1355 3480 1411 hoc
3503 1359 3670 1412 susti-

377 477 467 530 hie
503 479 734 533 recusat,
766 469 877 524 illic
909 465 1100 538 urget?
1130 463 1368 520 Gloriam
1398 459 1542 516 enim
1569 471 1691 513 esse
1719 465 1958 514 crucem,

377 564 497 619 audi
536 561 806 634 quomodo
834 570 1057 618 testetur
1078 555 1425 627 evangelista,
1457 552 1640 607 dicens
1673 565 1686 603 :
1721 547 1964 602 Nondum

379 655 510 708 enim
551 663 657 707 erat
699 653 848 707 datus
879 651 1102 722 Spiritus
1153 657 1356 702 sanctus
1375 682 1390 709 ,
1421 644 1540 712 quia
1566 639 1716 694 Iesus
1743 636 1965 690 nondum

379 754 486 798 erat
516 745 833 816 gloriﬁcatus
863 742 882 814 (
916 741 1000 795 Id.
1033 742 1086 796 7.
1136 739 1205 795 59
1235 737 1275 808 ).
1323 735 1522 790 florum
1567 739 1746 786 autem
1776 727 1967 783 verbo-

387 851 505 889 rum
565 833 680 889 ha-c
727 842 810 888 est
853 831 1117 887 sententia
1151 845 1169 882 :
1195 827 1439 882 Nondum
1482 830 1598 878 erat
1626 820 1746 874 data
1773 817 1963 889 gratia,

379 929 504 997 quia
530 925 764 1000 nondum
789 924 1097 979 restinctum
1112 929 1220 976 erat
1241 919 1334 973 Dei
1356 933 1477 987 erga
1502 915 1744 969 homines
1762 911 1963 974 odium;

384 1016 529 1088 quod
561 1016 794 1071 nondum
823 1014 1068 1068 Christus
1097 1010 1163 1064 ad
1185 1023 1398 1064 crucent
1430 1004 1798 1076 processisset.
1821 1001 1966 1056 Crux

385 1110 530 1166 enim
561 1108 652 1163 Dei
675 1108 726 1161 in
751 1104 994 1159 homines
1023 1103 1205 1158 odium
1228 1099 1492 1162 restinxit,
1529 1097 1695 1152 Deum
1725 1109 1846 1150 cum
1865 1093 1966 1147 hoe

389 1200 622 1255 minibus
651 1194 1032 1258 reconciliavit,
1062 1201 1260 1248 terram
1283 1190 1470 1245 ca-lum
1497 1186 1696 1252 effecit,
1724 1183 1969 1240 homines

388 1307 510 1347 cum
541 1287 742 1360 angelis
770 1285 1003 1350 miscuit,
1035 1283 1224 1339 mortis
1249 1296 1427 1336 arcem
1457 1278 1868 1332 munitissimam
1891 1276 1972 1330 di-

389 1382 519 1447 ruit,
551 1378 748 1436 diaboli
787 1377 930 1433 vires
969 1373 1264 1437 enervavit,
1295 1369 1502 1442 peccati
1539 1369 1791 1424 virtutem
1821 1366 1970 1422 dele-

392 1473 487 1538 vit,
529 1480 726 1526 terram
772 1469 840 1524 ab
883 1482 1065 1521 errore
1111 1464 1374 1527 liberavit,
1409 1461 1689 1517 veritatem
1734 1460 1972 1526 reduxit,

391 1565 663 1620 da‘mones
688 1559 908 1628 expulit,
941 1559 1134 1626 templa
1163 1555 1446 1618 destruxit,
1477 1554 1664 1607 altaria
1690 1552 1972 1618 subvertit,

395 1652 634 1707 nidorem
695 1649 908 1704 sustulit
961 1646 1386 1712 sacrificiorum,
1425 1645 1674 1698 virtutem
1729 1643 1973 1709 inseruit,

396 1741 662 1798 Ecclesias
690 1739 945 1794 fundavit.
978 1737 1119 1793 Crux
1149 1737 1323 1792 Patris
1347 1736 1614 1799 voluntas,
1640 1733 1758 1788 Filii
1785 1735 1972 1803 gloria,

395 1832 624 1905 Spiritus
657 1829 824 1886 sancti
847 1830 1153 1894 exsultatio,
1193 1828 1341 1882 Pauli
1364 1825 1608 1898 gloriatio
1637 1842 1651 1878 :
1684 1824 1812 1879 Mihi
1833 1826 1977 1881 enim

397 1925 544 1989 absit,
576 1923 766 1994 ittquit,
808 1922 1036 1993 gloriari,
1069 1922 1165 1975 nisi
1192 1921 1242 1974 in
1269 1935 1414 1972 cruce
1441 1917 1648 1972 Domini
1670 1919 1828 1972 nostri
1856 1918 1983 1974 Iesu

400 2007 589 2064 Christi
611 2007 754 2077 (Gal.
789 2007 842 2060 ti.
879 2006 989 2075 14).
1021 2004 1160 2059 Crux
1188 2005 1301 2058 sole
1318 2003 1532 2068 clarior,
1562 2002 1724 2057 radiis
1749 2003 1984 2072 splendi-

400 2099 518 2155 dior
545 2115 559 2152 :
587 2112 708 2152 cum
736 2095 878 2149 enim
906 2095 992 2150 ille
1017 2094 1352 2157 obscuratur,
1377 2101 1486 2146 tum
1519 2091 1617 2147 ista
1640 2091 1804 2162 fulget
1833 2109 1847 2157 ;
1873 2103 1984 2146 tum

405 2206 533 2246 vero
575 2189 657 2244 sol
682 2187 1018 2251 obscuratur,
1049 2201 1154 2239 non
1187 2183 1330 2254 quod
1355 2199 1386 2238 e
1415 2181 1594 2237 medio
1621 2183 1856 2250 tollatur,
1891 2182 1986 2238 sed

406 2281 547 2354 quod
573 2280 746 2337 crucis
775 2277 1059 2349 splendore
1105 2283 1408 2344 superetur.
1433 2273 1575 2327 Crux
1603 2282 1844 2328 nostrum
1869 2272 1988 2326 chi-

408 2370 732 2443 rographum
772 2367 1044 2432 laceravit,
1076 2365 1262 2419 mortis
1290 2378 1561 2418 carcerem
1593 2363 1832 2418 inutilem
1870 2365 1993 2418 red-

411 2465 564 2528 didit,
591 2477 722 2516 crux
751 2459 940 2513 divina:
975 2454 1211 2512 caritatis
1261 2453 1536 2508 indicium.
1569 2452 1660 2508 Sic
1684 2454 1816 2507 enim
1858 2452 1994 2508 Deus

406 2552 588 2607 dilexit
626 2549 891 2611 mundum,
921 2556 974 2600 ut
1007 2545 1052 2599 F
1055 2545 1198 2598 ilium
1232 2561 1380 2599 suum
1405 2544 1718 2614 unigenitum
1743 2543 1906 2607 daret,
1941 2552 1996 2597 ut

414 2641 574 2696 onmis
602 2639 689 2710 qui
713 2638 870 2692 credit
899 2637 949 2689 in
977 2636 1139 2706 ipsum
1166 2650 1266 2688 non
1296 2642 1463 2702 pereat
1495 2631 1676 2705 (Joan.
1699 2633 1754 2686 5.
1791 2632 1902 2701 l6).
1933 2633 1998 2687 Et

417 2749 600 2790 rursus
631 2729 846 2798 Paulus,
884 2729 944 2785 Si
975 2729 1125 2792 enim,
1157 2743 1273 2781 cum
1296 2726 1488 2779 inimici
1512 2741 1748 2789 essemus,
1773 2725 1999 2778 reconci-

421 2827 528 2881 liati
568 2841 740 2880 sumus
786 2823 892 2876 Deo
924 2839 1011 2891 per
1053 2829 1259 2873 ntortem
1292 2817 1417 2872 Filii
1457 2819 1567 2888 ejus
1593 2816 1769 2890 (Rom.
1798 2818 1850 2873 5.
1886 2818 1998 2889 l0).

418 2921 562 2975 Crux
601 2933 783 2972 nun-us
829 2911 1269 2982 inexpugnabilis,
1297 2919 1504 2965 scutum
1539 2909 1810 2974 invictum,
1844 2924 2004 2964 secu-

423 3009 554 3064 ritas
579 3007 820 3070 divitum,
853 3015 1143 3074 pauperum
1169 2999 1460 3069 opulentia,
1492 3015 1676 3054 corum
1706 3000 1896 3069 quibus
1921 3001 2004 3052 iu-

423 3100 572 3153 sidize
601 3105 848 3168 parantur
873 3092 1347 3164 propugnaculum,
1374 3106 1582 3155 eorum,
1615 3091 1704 3160 qui
1737 3091 1880 3147 bello
1906 3107 2000 3145 ve-

428 3197 640 3252 xantur,
669 3192 959 3248 armatura,
991 3180 1445 3250 perturbationum
1463 3179 1778 3245 destructio,
1799 3181 2008 3235 virtutis

428 3277 688 3343 fundatio,
715 3277 923 3346 signum
939 3273 1254 3327 admirabile
1282 3287 1346 3326 ac
1361 3272 1706 3342 stupendum.
1737 3271 2006 3327 Geucratio

425 3372 569 3428 enim
597 3369 702 3424 lucc
725 3368 923 3436 signum
940 3365 1140 3437 quierit,
1169 3373 1216 3418 et
1241 3365 1442 3434 signant
1469 3381 1570 3418 non
1596 3364 1798 3417 dabitur
1823 3365 1886 3430 ei,
1913 3365 2011 3418 nisi

427 3464 624 3534 signum
646 3457 793 3512 Iona:
818 3455 1032 3527 (Matth.
1061 3455 1147 3511 l2.
1180 3455 1293 3526 39).
1326 3456 1564 3526 itemque
1587 3455 1798 3521 Paulus,
1832 3456 2012 3522 Quan-

430 3549 696 3612 doquidem
715 3546 887 3600 Judwi
908 3547 1052 3618 signa
1079 3555 1275 3616 petunt,
1304 3557 1350 3600 et
1364 3545 1530 3600 (ἔτωεὶ
1552 3546 1852 3617 sapientiam
1871 3562 2013 3617 quae-

433 3650 571 3707 runt,
616 3655 702 3692 nos
717 3647 889 3690 autem
927 3637 1264 3706 prardicamus
1302 3634 1561 3692 Christum
1603 3637 1908 3706 crucifixum
1935 3637 2013 3708 (l.

433 3735 550 3790 Cor.
587 3732 638 3786 l.
673 3729 788 3800 22).
809 3729 949 3784 Crux
981 3729 1286 3798 paradisum
1330 3732 1587 3784 reseravit
1618 3729 1718 3800 (α),
1750 3730 2010 3785 latronem

435 3822 744 3888 introduxit,
773 3834 940 3890 genus
969 3819 1279 3885 humanum,
1307 3823 1446 3891 quod
1476 3821 1768 3892 periturum
1791 3829 1926 3887 erat,
1953 3836 2020 3878 ac

437 3928 505 3970 ne
558 3922 695 3966 terra
742 3908 957 3981 quidem
1000 3909 1236 3981 dignum,
1265 3910 1317 3965 in
1368 3926 1588 3982 regnum
1627 3911 1881 3966 catiorum
1924 3911 2019 3967 de-

439 4003 609 4061 duxit.
639 4002 806 4057 Tanta
837 4000 1280 4072 nobisbeneficio
1304 4003 1477 4056 crucis
1494 4003 1630 4058 bona
1661 4002 2018 4070 obvenerunt,

437 4105 494 4152 et
517 4094 822 4157 obveniant,
850 4101 905 4147 et
930 4109 1034 4147 non
1057 4094 1164 4146 vult
1193 4092 1476 4162 crucifigi?
1505 4093 1636 4159 Quis
1668 4092 1790 4157 hoc,
1818 4107 2020 4160 quaeso,

439 4183 672 4240 dixcrit?
720 4181 814 4235 Sin
844 4191 1020 4235 autem
1052 4181 1287 4247 nolebat,
1310 4180 1425 4249 quis
1459 4195 1581 4234 eum
1609 4181 1881 4250 cogebat?
1903 4180 2024 4250 quis

443 4277 494 4333 ei
522 4274 625 4328 vim
653 4271 950 4326 inferebat?
975 4271 1040 4326 Ut
1067 4272 1192 4340 quid
1206 4281 1383 4325 autem
1415 4279 1468 4325 et
1487 4270 1778 4342 prephelas
1807 4272 2024 4341 przemi-

442 4369 511 4423 sit
537 4363 913 4420 ammntiantes
941 4361 1072 4428 fore,
1105 4371 1161 4416 ut
1185 4363 1604 4432 crucifigeretur,
1631 4362 1677 4418 si
1705 4363 2026 4432 crucifigen-

443 4461 544 4518 dus
583 4472 688 4512 non
720 4464 856 4520 erat,
885 4469 1058 4525 neque
1083 4453 1184 4509 hoc
1211 4455 1316 4523 pati
1344 4453 1594 4509 volebat?
1621 4462 1678 4508 ut
1699 4453 1823 4525 quid
1851 4463 2026 4508 autem

445 4560 500 4606 et
526 4548 743 4603 calicem
770 4559 984 4600 crucem
1016 4555 1189 4612 vocat,
1229 4546 1275 4601 si
1304 4545 1486 4617 utique
1508 4545 1744 4616 erucifigi
1774 4545 2029 4601 nolebat?

450 4642 554 4697 hoc
580 4639 724 4694 enim
755 4645 840 4691 est
867 4638 1198 4692 ostendentis
1217 4678 1230 4703 ,
1253 4648 1452 4707 quanto
1481 4637 1636 4704 hujus
1664 4637 1739 4691 rei
1767 4636 2032 4692 desiderio

450 4739 740 4786 teneretur.
765 4727 1225 4795 Quemadmodum
1263 4728 1406 4782 enim
1433 4726 1733 4782 sitientibus
1760 4726 1896 4781 calix
1911 4741 2034 4782 sua-

449 4826 531 4879 vis
565 4831 666 4888 est,
696 4822 773 4876 sic
801 4831 853 4875 et
883 4822 981 4892 ipsi
1011 4821 1246 4893 crueifigi
1273 4836 1288 4885 ;
1320 4834 1482 4892 quam
1508 4819 1578 4875 ob
1616 4834 1731 4875 rem
1762 4821 1919 4877 etiam
1949 4821 2033 4877 di-

450 4915 602 4972 cebat
624 4957 638 4983 ,
670 4911 934 4971 Desiderio
962 4913 1242 4969 desideravi
1266 4914 1360 4966 hoc
1398 4913 1585 4983 pascha
1612 4912 1918 4967 manducare
1944 4930 2035 4969 vo-

451 5006 641 5062 biscum
668 5005 819 5077 (Luc.
860 5005 950 5059 22.
984 5005 1112 5075 15):
1147 5019 1252 5057 non
1279 5003 1421 5072 quod
1449 5002 1551 5057 hoc
1584 5010 1785 5057 temere
1811 5003 2033 5074 diceret,

453 5098 548 5154 sed
572 5099 641 5152 ob
667 5097 806 5151 hanc
843 5111 1081 5162 causam,
1111 5110 1178 5151 eo
1200 5094 1339 5164 quod
1375 5103 1496 5165 post
1523 5109 1798 5164 vesperam
1837 5097 2040 5152 subitu-

458 5203 550 5245 I'US
569 5201 782 5242 crucem
809 5193 972 5241 esset.

527 5281 580 5335 5.
611 5278 795 5334 Contra
813 5277 1078 5331 Anomaeos
1097 5287 1142 5332 et
1163 5275 1377 5330 Arianos
1404 5277 1528 5349 agit.
1548 5276 1662 5332 Una
1687 5278 1913 5332 voluntas
1933 5275 2041 5330 Pa-

457 5371 549 5426 tris
571 5379 617 5424 et
651 5367 791 5423 Filii.
812 5367 1054 5421 Doctrina
1078 5366 1141 5420 de
1157 5365 1513 5422 Incarnatione
1535 5368 1740 5423 Christi.
1760 5399 1828 5408 ——
1844 5370 1893 5424 is
1916 5385 2042 5440 ergo

461 5465 552 5534 qui
577 5461 735 5518 etiam
763 5459 986 5532 gloriam
1020 5475 1129 5513 rem
1163 5458 1316 5515 istam
1339 5461 1606 5530 appellat,
1635 5472 1686 5516 et
1725 5460 2041 5531 discipulum

462 5561 704 5622 increpat
727 5595 743 5622 ,
765 5568 831 5608 co
855 5551 996 5622 quod
1025 5551 1195 5624 ipsum
1224 5552 1534 5625 prohibeat,
1566 5564 1618 5610 et
1647 5555 1841 5610 bonmn
1871 5565 2046 5624 pasto-

465 5661 580 5707 rem
602 5660 666 5701 cx
699 5645 801 5702 hoc
825 5660 884 5701 se
912 5645 1178 5715 ostendit,
1204 5643 1347 5718 quod
1375 5663 1470 5718 pro
1489 5647 1675 5702 ovibus
1703 5649 1812 5703 suis
1838 5646 2047 5703 occida-

527 5755 603 5820 (a)
635 5757 718 5810 llic
741 5755 873 5811 locus
896 5759 1067 5819 citatur
1091 5761 1138 5812 in
1156 5759 1364 5813 concilio
1385 5765 1530 5813 sexto
1553 5762 1870 5812 mcumcnico.

2082 1449 2264 1505 nuisse
2293 1449 2585 1515 nolentem,
2603 1447 2698 1502 sed
2722 1448 2859 1501 ultro
2885 1461 2949 1502 ac
2977 1446 3244 1501 volentem
3272 1457 3326 1502 et
3355 1445 3666 1518 eligentem,

2082 1558 2147 1599 ac
2187 1542 2354 1597 multo
2400 1549 2524 1595 ante
2565 1541 2644 1595 sic
2698 1539 3118 1610 dispensantem.
3166 1537 3367 1592 Idcirco
3399 1541 3673 1611 propheta:

2085 1632 2562 1706 praemittebantur,
2592 1640 2647 1685 et
2688 1628 3003 1699 patriarcha:
3035 1627 3393 1699 prmdicebant
3417 1671 3432 1694 ,
3460 1639 3514 1685 et
3543 1647 3671 1686 crux

2087 1725 2263 1782 verbis
2280 1723 2436 1779 simul
2459 1738 2522 1778 ac
2543 1722 2704 1778 rebus
2725 1721 3180 1791 prmfigurabatur.
3205 1720 3476 1791 Siquidem
3508 1722 3669 1779 lsaaci

2087 1816 2338 1872 mactatio
2368 1829 2579 1869 crucem
2617 1811 2769 1866 nobis
2795 1810 3142 1881 designabat,
3176 1811 3316 1867 unde
3344 1821 3396 1866 et
3418 1813 3626 1868 dicebat
3658 1834 3670 1868 :

2091 1907 2346 1962 Abraham
2379 1916 2522 1976 pater
2547 1914 2706 1960 uester
2724 1903 2990 1958 exsultavit
3017 1912 3072 1956 ut
3101 1902 3284 1956 videret
3313 1903 3444 1958 diem
3469 1921 3632 1959 meum
3657 1948 3674 1972 ,

2090 2011 2140 2055 et
2166 2002 2324 2067 cidit,
2371 2008 2420 2054 et
2462 1998 2660 2070 gavisus
2700 2006 2774 2051 est
2821 1999 2842 2066 (
2874 1995 2958 2050 Id.
2983 1996 3036 2052 8.
3083 1996 3152 2051 56
3179 1993 3221 2067 ).
3265 1995 3406 2067 Ergo
3456 2000 3678 2068 patriar-

2093 2094 2191 2149 cha
2216 2092 2430 2163 quidem
2471 2090 2682 2159 gavisus
2709 2097 2790 2144 est
2809 2129 2823 2153 ,
2853 2103 2974 2144 cum
3016 2088 3296 2158 imaginem
3329 2091 3502 2142 erucis
3531 2089 3681 2143 vidc-

2096 2192 2198 2248 ret,
2232 2183 2345 2252 ipse
2372 2195 2498 2236 vero
2526 2195 2638 2234 rem
2662 2179 2829 2248 ipsam
2857 2187 3068 2233 recusat
3090 2179 3113 2231 ?
3136 2178 3200 2232 Et
3220 2193 3348 2232 vero
3377 2178 3584 2247 Moyses
3604 2179 3682 2232 sic

2099 2275 2318 2332 Amalec
2344 2271 2641 2342 superavit,
2690 2271 2811 2338 quia
2860 2270 3080 2338 figuram
3124 2269 3300 2324 crucis
3328 2268 3558 2325 ostendit
3588 2286 3601 2324 :
3629 2278 3685 2324 et.

2099 2374 2346 2433 sexcenta
2367 2360 2626 2431 ejusmodi
2655 2360 2706 2411 in
2728 2357 2893 2412 veteri
2914 2357 3258 2412 Testamento
3283 2357 3528 2427 leguntur
3546 2358 3686 2412 acci-

2101 2457 2263 2518 disse,
2297 2468 2414 2523 qua:
2440 2465 2651 2505 crucem
2700 2447 3132 2518 prmfigurabant.
3168 2447 3233 2503 Ut
3255 2447 3385 2518 quid
3417 2448 3576 2516 igitur
3614 2450 3685 2503 Lta

2096 2547 2323 2614 fiebant,
2357 2543 2400 2598 si
2425 2542 2468 2596 is
2489 2541 2577 2612 qui
2608 2555 2819 2595 crucem
2843 2548 2958 2594 erat
2984 2539 3274 2606 subiturus,
3306 2540 3406 2594 hoc
3430 2539 3541 2594 fieri
3586 2556 3686 2595 no-

2093 2639 2242 2695 ‘lebat
2271 2637 2295 2690 ?
2327 2636 2382 2690 id
2403 2648 2532 2688 vero
2557 2631 2695 2702 quod
2723 2631 2985 2701 sequitur,
3013 2629 3186 2684 adhuc
3202 2640 3284 2686 est
3301 2647 3366 2686 ex
3377 2632 3568 2701 plicatu
3589 2630 3690 2685 dif-

2108 2731 2316 2787 ficilius.
2341 2732 2474 2787 Cant
2505 2732 2646 2788 enim
2674 2730 2935 2796 dixisset,
2963 2729 3206 2784 Trauseat
3233 2747 3265 2783 a
3290 2745 3366 2783 me
3391 2729 3525 2783 ralia:
3560 2729 3652 2782 iste
3675 2767 3693 2795 ,

2108 2825 2347 2880 addidit:
2383 2823 2733 2879 Verumtamen
2775 2841 2875 2898 non
2921 2824 3048 2878 sicut
3074 2840 3163 2895 ego
3189 2821 3330 2887 volo,
3365 2821 3453 2875 sed
3480 2822 3607 2874 sicut
3638 2829 3694 2874 tu

2113 2915 2321 2988 (Matth.
2347 2914 2439 2971 26.
2463 2915 2664 2986 59).Ex
2688 2914 2791 2970 hoc
2813 2913 2977 2975 enim,
2993 2922 3148 2983 prout
3165 2914 3320 2968 verba
3346 2920 3557 2975 sonant,
3577 2910 3694 2965 dua:

2113 3008 2419 3062 Voluntates
2467 3006 2566 3059 sibi
2616 3006 2840 3060 invicem
2888 3003 3168 3058 contrarie
3217 3002 3693 3056 demonstrantur:

2113 3101 2374 3170 siquidem
2419 3100 2573 3153 Pater
2601 3114 2720 3152 eum
2749 3097 2859 3150 vult
2887 3094 3121 3164 crucifigi
3141 3136 3154 3160 ,
3187 3103 3240 3146 at
3269 3093 3380 3160 ipse
3409 3107 3511 3146 non
3545 3091 3652 3145 vult
3680 3108 3694 3144 :

2117 3193 2325 3247 tametsi
2345 3190 2539 3260 ubique
2556 3189 2795 3242 videmus
2816 3186 3000 3242 eadem
3035 3187 3203 3254 ipsum
3228 3200 3348 3237 cum
3369 3183 3524 3238 Patre
3539 3182 3697 3247 velle,

2117 3294 2276 3355 atque
2294 3282 2480 3338 eadem
2509 3282 2725 3350 eligere.
2771 3278 2997 3346 Quando
3021 3278 3161 3332 enim
3188 3275 3317 3330 dicit
3337 3319 3350 3340 ,
3381 3275 3460 3328 Da
3494 3275 3564 3328 eis
3587 3317 3601 3341 ,
3647 3283 3701 3327 ut

2117 3373 2536 3448 quemadmodum
2565 3389 2654 3444 ego
2683 3382 2729 3425 et
2752 3382 2804 3424 tu
2833 3386 2986 3422 unum
3017 3383 3216 3433 sumus,
3249 3376 3294 3421 et
3321 3367 3418 3437 ipsi
3458 3367 3507 3419 in
3559 3364 3700 3419 nobis

2119 3483 2278 3520 unum
2302 3465 2399 3518 sint
2435 3462 2612 3535 (Joan.
2639 3463 2725 3516 l7.
2756 3461 2865 3528 ll),
2909 3459 3038 3514 nihil
3063 3458 3203 3512 aliud
3235 3457 3384 3523 dicit,
3406 3456 3504 3511 nisi
3539 3473 3698 3514 unam

2120 3573 2241 3614 esse
2288 3556 2460 3611 Patris
2497 3562 2552 3609 et
2600 3553 2718 3608 Filii
2773 3551 3122 3604 voluntatem.
3172 3547 3240 3601 Et
3283 3547 3494 3617 quando
3545 3547 3703 3613 dicit,

2135 3650 2292 3705 Verba
2320 3664 2434 3719 qua:
2454 3664 2544 3718 ego
2572 3647 2768 3716 loquor,
2797 3660 2896 3697 non
2916 3659 3005 3713 ego
3031 3643 3210 3712 loquor
3237 3655 3255 3693 :
3287 3638 3440 3691 I’ater
3463 3648 3628 3694 autem
3653 3639 3706 3692 in

2123 3757 2202 3794 me
2221 3755 2426 3792 manens
2455 3738 2563 3806 ipse
2586 3735 2707 3806 facit
2738 3733 2844 3786 ha’c
2877 3748 3028 3801 opera
3080 3731 3098 3800 (
3129 3728 3212 3782 Id.
3249 3730 3332 3783 N.
3366 3731 3432 3783 lli
3461 3727 3512 3800 ),
3569 3729 3707 3783 istud

2126 3831 2297 3900 ipsum
2337 3826 2657 3884 ostenditur.
2701 3824 2833 3879 Cum
2863 3835 2992 3892 ergo
3017 3821 3177 3884 dicit,
3205 3819 3243 3872 Α
3267 3836 3344 3873 me
3371 3819 3481 3889 ipso
3517 3837 3616 3873 non
3643 3820 3711 3874 lo-

2125 3938 2273 3992 quor,
2299 3931 2343 3974 et
2366 3936 2399 3972 a
2419 3934 2497 3972 me
2513 3918 2623 3987 ipso
2642 3931 2740 3969 non
2763 3913 2871 3968 veni
2915 3911 2934 3982 (
2966 3910 3050 3964 Id.
3080 3913 3132 3964 7.
3151 3910 3220 3965 28
3253 3911 3293 3980 ),
3318 3919 3391 3977 et,
3427 3909 3469 3964 Α
3491 3927 3568 3964 me
3599 3909 3710 3980 ipso

2129 4031 2229 4068 non
2264 4027 2470 4083 possum
2508 4009 2779 4079 quidquam
2817 4008 2983 4076 facere
3032 4003 3052 4075 (
3083 4002 3167 4055 Id.
3198 4003 3249 4058 5.
3280 4003 3349 4058 50
3373 4002 3417 4072 ),
3474 4019 3579 4057 non
3613 4003 3712 4057 hoc

2129 4103 2294 4167 dicit,
2322 4109 2380 4155 ut
2407 4097 2654 4155 ostendat
2700 4112 2760 4152 se
2796 4096 2878 4150 vel
2921 4095 3169 4161 loquendi
3216 4094 3300 4148 vel
3345 4094 3566 4149 faciendi
3594 4108 3712 4148 esse

2131 4200 2394 4263 potestate
2432 4190 2694 4260 privatum
2723 4229 2739 4253 ,
2785 4186 2957 4251 absit;
3003 4187 3096 4240 sed
3119 4197 3306 4242 exacte
3327 4186 3507 4240 volens
3535 4183 3713 4238 osten—

2131 4283 2261 4340 dere
2287 4280 2605 4337 concordem
2635 4293 2784 4334 suam
2811 4293 2931 4334 esse
2955 4293 3074 4331 cum
3097 4277 3253 4332 Patre
3273 4275 3586 4332 sententiam
3605 4285 3713 4329 tam

2136 4378 2188 4432 in
2218 4375 2415 4439 verbis,
2438 4388 2595 4444 quam
2623 4371 2677 4426 in
2709 4372 2901 4435 rebus;
2925 4371 3052 4426 etin
3084 4370 3330 4425 onmibus
3357 4365 3716 4437 dispensatio;

2135 4467 2294 4523 nibus
2313 4481 2484 4520 unam
2512 4461 2861 4532 eamdemque
2877 4476 3016 4527 esse,
3042 4461 3178 4515 sicut
3193 4459 3302 4528 jam
3325 4471 3469 4531 saepe
3496 4456 3718 4514 demon—

2137 4557 2442 4613 stravimus.
2472 4554 2600 4610 lllud
2623 4552 2864 4622 enim,A
2911 4569 2989 4607 me
3037 4552 3147 4624 ipso
3198 4567 3298 4605 non
3343 4550 3522 4622 loquor
3576 4549 3716 4623 (Id.

2139 4651 2228 4706 M.
2279 4648 2369 4720 10)
2391 4688 2405 4712 ,
2437 4661 2544 4703 non
2599 4644 2877 4718 potestatis
2908 4643 3134 4715 privatio
3154 4684 3170 4708 ,
3201 4642 3293 4696 sed
3323 4657 3615 4698 consensus
3639 4651 3722 4697 est

2140 4738 2405 4813 probatio.
2453 4738 2554 4807 Qui
2607 4738 2664 4792 fit
2708 4738 2885 4808 igitur,
2921 4745 2977 4788 ut
3019 4733 3105 4788 hic
3155 4733 3324 4797 dicat,
3367 4732 3722 4788 Verumtamen

2141 4851 2241 4890 non
2265 4835 2393 4888 sicut
2417 4848 2506 4903 ego
2529 4831 2660 4897 volo,
2685 4830 2773 4884 sed
2793 4831 2922 4883 sicut
2949 4837 3000 4879 tu
3043 4825 3252 4896 (Matth.
3277 4825 3366 4880 26.
3393 4826 3525 4897 ευρ
3547 4826 3723 4880 Forsi-

2143 4936 2230 4982 tan
2259 4927 2310 4980 in
2338 4923 2554 4978 multam
2582 4923 2900 4976 anxietatem
2927 4935 3022 4974 vos
3043 4918 3368 4986 conjecimus
3389 4959 3403 4984 ,
3435 4917 3527 4972 sed
3549 4925 3721 4970 atten-

2142 5019 2252 5072 dite
2278 5016 2512 5070 animum
2541 5031 2554 5066 :
2590 5013 2714 5067 licet
2755 5010 2895 5066 enim
2926 5009 3178 5079 prolixior
3222 5007 3380 5062 fuerit
3423 5021 3602 5061 sermo
3631 5021 3723 5060 uo-

2143 5116 2276 5173 ster,
2304 5106 2484 5177 vigere
2502 5113 2680 5158 tamen
2710 5111 2868 5170 atque
2888 5099 3196 5154 adolescere
3220 5107 3517 5153 vestrorum
3541 5095 3727 5150 alacri-

2147 5208 2308 5254 tatem
2335 5197 2632 5252 animorum
2664 5191 2828 5263 probe
2856 5191 2978 5246 novi
3009 5205 3162 5246 :nam
3189 5188 3255 5244 ad
3286 5189 3453 5258 ipsam
3473 5188 3725 5258 qua-stio-

2147 5291 2232 5347 nis
2257 5290 2579 5344 solutionem
2610 5294 2791 5340 nostra
2822 5283 3073 5350 deinceps
3103 5280 3318 5336 festinat
3342 5279 3531 5333 oratio.
3559 5276 3726 5343 Quam

2149 5384 2308 5453 igitur
2327 5383 2396 5437 ob
2415 5395 2628 5436 causam
2655 5379 2725 5434 ita
2751 5377 2950 5432 dictum
2969 5385 3052 5430 est
3078 5374 3104 5428 ?
3133 5372 3422 5442 Diligenter
3445 5369 3728 5425 advertite.

2152 5474 2447 5531 Difficulter
2469 5469 2756 5527 admodum
2803 5466 3181 5522 admittebatur
3207 5478 3385 5518 sermo
3413 5461 3732 5517 incarnatio-

2152 5567 2255 5622 nis.
2283 5563 2557 5634 Siquidem
2579 5560 2848 5617 excelleus
2873 5557 2988 5627 ejus
3013 5556 3100 5610 illa
3131 5553 3412 5610 clementia
3441 5563 3494 5606 et
3535 5559 3728 5606 attem-

2155 5654 2444 5725 perationis
2471 5653 2588 5722 ejus
2621 5649 2928 5721 magnitudo
2959 5663 3045 5703 res
3073 5655 3225 5702 erant
3255 5644 3606 5699 admiratione
3649 5641 3730 5694 di-

2157 5745 2426 5819 gnissimae
2450 5787 2463 5812 ,
2497 5745 2766 5814 multaque
2797 5739 3179 5812 praeparatione
3200 5778 3213 5804 ,
3243 5745 3299 5792 ut
3341 5735 3726 5805 reciperentur,
