4066 6274
307 309 406 369 .57
1007 308 1071 363 S.
1122 307 1405 365 JOANNIS
1440 310 1932 370 CHRYSOSTOMI
1971 311 2294 370 ABCHIEP.
2337 313 2884 371 CONSTANTINOP.
3506 311 3575 370 53

335 421 565 492 σκευῆς,
603 418 744 473 ὥστε
783 421 1206 492 παραδεχθῆναι.
1254 424 1535 496 Ἐννόησον
1577 426 1684 495 γὰρ
1718 426 1900 496 ήλίκον

334 500 403 574 ἦν
435 503 661 556 ἀκοῦσαι
705 503 796 556 καὶ
836 504 1046 572 μαθεῖν,
1089 507 1168 559 61:
1213 508 1242 558 6
1289 507 1440 571 Θεὸς,
1490 511 1518 561 6
1548 509 1846 578 ἄρῤητοςα,
1880 512 1908 562 6

335 588 631 658 ἄφθαρτος,
661 588 688 638 6
715 587 1088 658 ἀπερινόητος,
1120 593 1148 642 6
1175 590 1423 659 ἀόρατος,
1452 593 1479 644 6
1507 593 1905 660 ἀκατάληπτος,

340 666 423 726 Οὗ
451 670 520 722 ὲν
551 669 624 737 τῇ
661 670 809 739 χειρὶ
837 671 908 723 τὰ
934 670 1158 738 πέρατα
1187 672 1297 741 τῆς
1329 673 1461 742 γῆς,
1501 674 1553 724 '0
1576 673 1911 726 ἐπιϐλέπων

335 753 432 806 ἐπὶ
462 752 577 820 τὴν
601 753 738 822 γῆν,
771 754 868 807 καὶ
896 755 1084 807 ποιῶν
1111 755 1309 822 αὐτὴν
1335 742 1586 823 τρέμειν,
1613 759 1645 808 ὀ
1661 756 1912 824 ἁπτόμε-

337 853 444 900 νος
476 834 595 889 τῶν
617 836 822 903 ὀρέων,
859 838 956 890 καὶ
987 836 1286 896 καπνίζων
1309 837 1481 899 αὐτὰ,
1515 830 1575 890 οὑ
1612 837 1708 908 τὴν
1740 838 1911 909 ῥοπήν

337 921 436 990 τῆς
483 920 938 988 συγκαταϐάσεως
963 921 1081 972 οὐδὲ
1111 921 1176 972 τὰ
1206 919 1482 990 Χερουϐὶμ
1515 922 1756 988 ἐνεγκεῖν
1783 921 1912 990 ήδυ-

337 1001 605 1074 νήθησαν,
655 1003 792 1057 ἀλλά
833 1004 930 1066 τὰς
974 1002 1124 1072 ὄψεις
1173 1003 1520 1074 ἀπέκρυπτον
1571 1008 1638 1076 τῇ
1673 1006 1909 1076 προϐολῇ

339 1086 445 1139 τῶν
477 1086 759 1156 πτερύγων
781 1102 794 1114 ·
821 1080 973 1148 οὗτος
1000 1089 1028 1139 6
1068 1087 1244 1140 πάντα
1270 1089 1393 1142 νοῦν
1419 1089 1782 1161 ὑπερϐαίνων,
1820 1093 1913 1144 καὶ

342 1170 518 1223 πάντα
552 1169 807 1236 λογισμὸν
845 1168 1006 1222 νικῶν
1029 1208 1044 1232 ,
1081 1172 1450 1244 παραδραμὼν
1479 1175 1744 1244 ἀγγέλους
1779 1177 1912 1245 ἀρχ-

341 1253 624 1321 αγγέλους,
653 1251 831 1315 πάσας
860 1251 958 1316 τὰς
1003 1252 1115 1308 ἄνω
1155 1256 1348 1327 νοερὲις
1384 1258 1660 1328 δυνάμεις,
1705 1257 1916 1311 κατεδέ-

343 1335 470 1398 ξατο
494 1335 742 1403 γενέσθαι
768 1335 1070 1406 ἄνθρωπος,
1099 1340 1193 1392 καὶ
1225 1341 1402 1411 σάρκα
1431 1343 1528 1413 τὴν
1553 1343 1660 1397 ἀπὸ
1685 1342 1788 1411 γῆς
1823 1342 1914 1394 καὶ

347 1420 516 1491 πηλοῦ
552 1421 878 1476 πλασθεῖσαν
922 1423 1229 1488 ἀναλαϐεῖν,
1261 1426 1354 1479 καὶ
1395 1428 1474 1490 εἰς
1505 1428 1717 1498 μήτραν
1743 1425 1914 1478 ἐλθεῖν

347 1503 699 1575 παρθενικὴν,
747 1505 840 1558 καὶ
871 1509 1249 1577 ὲνναμηνιαῖον
1284 1509 1682 1579 κυοφορηθῆναι
1703 1509 1911 1580 χρόνον,

346 1587 440 1639 καὶ
483 1587 1077 1660 γαλακτοτροφηθῆναι,
1127 1591 1222 1644 καὶ
1253 1590 1320 1643 τά
1369 1591 1684 1662 ἀνθρώπινα
1740 1593 1917 1646 πάντα

346 1669 556 1721 παθεῖν.
598 1669 749 1723 Ἐπεὶ
774 1665 866 1724 οὗν
896 1671 1037 1724 οὑτω
1064 1672 1363 1744 παράδοξον
1385 1669 1452 1743 ἦν
1473 1675 1535 1728 16
1569 1674 1762 1745 μέλλον
1799 1673 1918 1726 ἔσε-

349 1749 489 1813 σθαι,
534 1753 610 1813 ὼς
648 1752 740 1805 καὶ
776 1754 1064 1824 γενόμενον
1107 1755 1257 1826 παρά
1300 1756 1511 1820 πολλοῖς
1549 1755 1913 1818 ἀπιστεῖσθαι,

349 1832 562 1904 πρῶτον
600 1834 879 1904 προφήτας
914 1838 1250 1908 προπέμπει,
1284 1839 1442 1892 τοῦτο
1471 1839 1601 1892 αύτδ
1639 1839 1916 1908 ἀπαγγέλ-

347 1914 557 1977 λοντας.
610 1915 716 1968 Καὶ
742 1917 849 1988 γὰρ
871 1918 900 1972 6
919 1933 978 1973 τε
1016 1922 1353 1992 πατριάρχης
1391 1922 1522 1974 αὑτὸ
1548 1920 1918 1992 προανεφώνει

349 1997 543 2065 λέγων,
574 1999 667 2051 Ἐκ
691 1999 988 2064 βλαστοῦ,
1023 2003 1114 2055 υίέ
1137 2022 1276 2071 μου,
1308 2006 1530 2072 ἁνέὅης
1550 2020 1563 2034 ·
1591 2004 1918 2059 ἀναπεσὼν

349 2077 669 2146 ἐκοιμήθης
712 2081 792 2145 ὡς
819 2081 1130 2134 .1έων·ὅτε
1181 2085 1405 2148 Ἡσαΐας
1451 2086 1643 2155 λέγων,
1687 2086 1830 2140 Ἰδοὺ
1878 2089 1916 2156 ἡ

351 2160 642 2231 παρθένος
680 2163 750 2218 ἐν
791 2166 999 2235 γαστρὶ
1036 2166 1178 2231 ἔξει,
1220 2169 1319 2222 καί
1349 2170 1577 2235 τέξεται
1609 2172 1762 2236 υΙὸν,
1820 2172 1918 2225 καὶ

320 2300 324 2306 .
354 2248 686 2303 καλέσουσι
718 2249 785 2303 τὸ
815 2250 1001 2320 ὄνομα
1031 2252 1216 2307 αὑτοῦ
1257 2255 1660 2324 Ἐμμανουήλ·
1693 2257 1786 2310 καὶ
1802 2257 1920 2310 ἕτε-

359 2347 448 2401 ρος
485 2332 608 2402 (sic)
633 2332 810 2393 πάλιν.
837 2334 1092 2402 Είδομεν
1113 2337 1299 2390 αὑτὸν
1334 2338 1416 2404 ὡς
1445 2338 1708 2403 παιδίον,
1742 2339 1920 2406 ὠςρἰ-

354 2411 456 2472 ζὶιν
477 2413 547 2466 ἐν
570 2414 643 2483 γῇ
675 2415 931 2484 διψώσῃ.
984 2417 1091 2487 Γῆν
1120 2418 1176 2472 δὲ
1204 2418 1442 2488 διψῶσαν
1467 2420 1567 2492 τὴν
1597 2421 1810 2491 μήτραν
1836 2419 1923 2472 λέ-

354 2511 439 2562 γει
476 2495 572 2567 τὴν
600 2498 953 2568 παρθενικὴν,
991 2498 1079 2553 διὰ
1103 2501 1164 2554 16
1195 2502 1270 2572 μὴ
1293 2501 1549 2568 δέξασθαι
1581 2503 1800 2572 σπέρμα
1830 2502 1923 2554 ἀν-

355 2577 592 2648 θρώπου,
629 2579 764 2650 μηδὲ
802 2581 1082 2645 συνουσίας
1110 2583 1409 2637 ἀπολαῦσαι
1433 2624 1450 2650 ,
1474 2583 1608 2638 ἀλλά
1633 2584 1800 2654 χωρὶς
1823 2585 1924 2652 γά-

358 2678 472 2731 μων
492 2661 650 2716 αὑτὸν
665 2664 858 2717 τεκεῖν.
881 2661 989 2716 Καὶ
1011 2663 1187 2729 πάλιν,
1211 2665 1453 2721 Παιδίον
1470 2667 1756 2738 ἐγεννήθη
1779 2667 1939 2737 ἡμῖν,

354 2741 484 2806 υίὸς
529 2742 626 2796 καὶ
662 2742 837 2814 ἐδόθη
883 2745 1063 2814 ἡμῖν·
1128 2747 1218 2800 καὶ
1265 2748 1452 2812 πάλιν,
1507 2749 1924 2822 Ἐξελεύσεται

347 2823 568 2891 ῥάϐδος
602 2827 670 2879 ἐκ
711 2826 820 2894 τῆς
849 2827 1016 2895 ῥίζης
1053 2829 1305 2892 Ἰεσσαὶ,
1348 2830 1447 2883 καὶ
1480 2830 1663 2897 ἄνθος
1707 2831 1774 2883 ἐκ
1814 2829 1924 2897 τῆς

348 2908 516 2976 ῥίζης
532 2909 913 2977 ἀναϐήσεται.
968 2912 1024 2963 '0
1053 2913 1110 2966 δὲ
1158 2913 1369 2983 Βαροῦχ
1394 2915 1422 2965 6
1455 2915 1512 2966 ὲν
1553 2915 1789 2986 Ἱερεμίᾳ
1821 2931 1924 2984 '91;-

359 2990 442 3042 σίν
461 3007 474 3021 ·
535 2987 723 3057 Οὗτος
754 2995 787 3046 ὁ
819 2992 962 3057 Θεὸς
999 2993 1194 3062 ἡμῶν·
1246 2997 1318 3048 οὐ
1344 2996 1774 3066 λογισθήσεται
1805 2995 1925 3049 ἓτε-

349 3090 460 3140 ρος
491 3072 640 3142 πρὸς
667 3076 855 3129 αὐτόν
876 3092 890 3106 ·
917 3077 1124 3144 ἐξεῦρε
1152 3077 1359 3132 πᾶσαν
1389 3078 1534 3133 ὀδόν
1565 3079 1921 3147 ἐπιστήμης,

359 3155 460 3210 καί
509 3156 733 3210 ἔδωκεν
767 3157 960 3225 αὐτὴν
1008 3160 1206 3212 Ἰακὼϐ
1243 3159 1324 3225 τῷ
1373 3161 1538 3215 παιδὶ
1581 3160 1802 3222 αὐτοῦ,
1830 3161 1928 3214 καί

372 3238 607 3306 Ἰσραήλ
638 3237 716 3304 τῷ
748 3241 1108 3310 ἠγαπημένῳ
1153 3244 1254 3296 ὐπ’
1285 3245 1491 3298 αὐτοῦ.
1537 3246 1697 3300 Μετὰ
1743 3245 1930 3299 ταῦτα

359 3320 456 3373 ἐπὶ
497 3319 606 3390 τῆς
653 3321 767 3390 γῆς
812 3321 999 3394 ὤφθη,
1038 3324 1138 3377 καὶ
1184 3325 1306 3392 τοῖς
1341 3326 1672 3395 ἀνθρώποις
1712 3345 1932 3381 συναν-

360 3402 644 3472 εστράφη.
676 3407 784 3458 Καὶ
804 3409 832 3460 6
847 3406 1007 3459 Δαυῒδ
1034 3408 1131 3478 τὴν
1155 3408 1416 3480 ἐνσαρκον
1436 3410 1599 3462 αὑτοῦ
1633 3411 1930 3482 παρουσίαν

360 3486 534 3557 δηλῶν
580 3488 729 3559 ἔλεγε
749 3506 763 3520 ·
816 3490 1226 3556 Καταϐιξσεται
1267 3493 1348 3558 ὠς
1379 3493 1552 3559 ὑετὸς
1584 3493 1685 3546 ἐπὶ
1715 3495 1928 3560 πόκον,

363 3571 459 3625 καὶ
493 3573 634 3627 ὡσεὶ
678 3574 918 3643 σταγὼν
947 3576 986 3643 ἡ
1043 3575 1346 3636 στάζουσα
1375 3577 1472 3630 ἐπὶ
1511 3577 1626 3646 τὴν
1665 3576 1809 3647 γῆν,
1851 3579 1933 3631 61:

363 3654 598 3725 ἀψοφητὶ
642 3659 733 3713 καὶ
774 3658 1063 3730 ἀταράχως
1106 3661 1186 3722 είς
1231 3661 1331 3732 τὴν
1369 3662 1582 3732 μήτραν
1623 3661 1934 3732 εἰσελήλυθε

363 3737 460 3809 τήν
496 3741 845 3813 παρθενικήν.

435 3835 496 3893 δ’.
528 3838 666 3892 Ἀλλ’
700 3839 798 3893 οὑκ
828 3840 1026 3911 ήρκεσε
1055 3842 1225 3896 ταῦτα
1257 3842 1435 3912 μόνον,
1479 3841 1614 3895 ἀλλά
1641 3843 1733 3896 καὶ
1761 3859 1937 3914 παρα-

367 3923 672 3993 γενόμενος,
715 3924 799 3978 ἴνα
829 3927 902 3997 μή
933 3925 1157 3997 νομισθῇ
1207 3927 1473 3995 φαντασία
1509 3927 1570 3979 16
1610 3927 1934 3996 γενόμενον,

367 4007 429 4058 οὑ
475 4010 537 4078 τῇ
583 4007 699 4076 ὕψει
741 4008 897 4079 μόνον
947 4010 1228 4063 πιστοῦται
1272 4009 1332 4062 τὸ
1375 4011 1622 4080 πρᾶγμα,
1667 4011 1802 4064 ἀλλὰ
1844 4011 1938 4064 καὶ

369 4088 544 4159 χρόνῳ
587 4089 805 4158 πολλῷ,
831 4091 926 4143 καὶ
969 4091 1047 4158 τῷ
1093 4091 1181 4143 διὰ
1219 4090 1435 4142 πάντων
1481 4091 1654 4142 ἐλθεῖν
1697 4091 1802 4142 τῶν
1848 4092 1941 4141 άν-

371 4169 676 4240 θρωπίνων.
707 4172 782 4222 Οὐ
809 4170 918 4241 γὰρ
957 4171 1142 4233 ἁπλῶς
1183 4173 1262 4233 εἰς
1311 4171 1596 4241 ἄνθρωπον
1634 4171 1942 4240 εἰσέρχεται

371 4251 776 4322 ἀπηρτισμένον
810 4253 903 4305 καὶ
953 4252 1396 4324 πεπληρωμένον,
1430 4252 1545 4306 ἀλλ’
1601 4255 1680 4316 εἰς
1726 4255 1942 4324 μήτραν

373 4331 726 4402 παρθενικὴν,
753 4333 892 4388 ὥστε
924 4335 1019 4388 καὶ⁵
1051 4336 1437 4406 κυοφορήσεως
1475 4337 1568 4390 καὶ
1596 4335 1769 4390 τόκων
1813 4338 1945 4388 ἀνα-

375 4415 629 4486 σχέσθαι,
666 4416 760 4470 καὶ
807 4417 1292 4489 γαλακτοτροφίας,
1335 4420 1429 4473 καὶ
1480 4419 1789 4491 αὐξήσεως,
1848 4419 1944 4472 καὶ

370 4496 451 4567 τῷ
491 4499 656 4569 μήκει
684 4498 775 4554 τοῦ
818 4501 1009 4572 χρόνου
1051 4503 1146 4556 καὶ
1185 4507 1250 4574 τῇ
1296 4503 1527 4574 διαφορᾷ
1567 4503 1676 4555 τῶν
1715 4501 1944 4572 ἡλικιῶν

373 4581 601 4636 ἁπασῶν
624 4583 996 4638 πιστώσασθαι
1024 4586 1086 4638 16
1104 4587 1412 4658 γενόμενον.
1431 4587 1540 4638 Καὶ
1560 4584 1682 4637 οὑδὲ
1714 4583 1946 4638 ἐνταῦθα

373 4667 584 4722 ἵσταται
632 4668 700 4722 τὰ
737 4671 834 4741 τῆς
867 4670 1190 4737 ἀποδείξεως
1251 4671 1442 4740 μόνον,
1494 4669 1629 4722 ἀλλά
1678 4669 1772 4722 καὶ
1827 4666 1943 4739 [22]

374 4751 682 4822 περιφέρων
707 4751 805 4823 τήν
832 4751 1007 4824 σάρκα
1024 4793 1038 4817 ,
1073 4753 1296 4823 ἀφίησιν
1327 4751 1494 4822 αὐτὴν
1520 4750 1586 4803 τὰ
1605 4751 1703 4820 τῆς
1733 4750 1946 4818 φύσεως

375 4830 731 4902 ἐλαττώματα
756 4835 1065 4907 ὑπομεῖναι,
1086 4836 1180 4888 καὶ
1207 4835 1461 4905 πεινῆσαι
1490 4834 1581 4887 καὶ
1601 4833 1822 4903 διψήσαι
1853 4834 1946 4886 καὶ

375 4916 707 4988 καθευδῆσαι
742 4921 834 4972 καὶ
873 4922 1133 4972 κοπιάσαι
1157 4936 1169 4948 ·
1193 4918 1342 4980 τέλος
1367 4918 1460 4969 καὶ
1485 4916 1577 4969 ἐπὶ
1600 4916 1690 4968 τὸν
1719 4915 1946 4987 σταυρὸν

378 5001 691 5071 ὲρχόμενος,
724 5003 948 5070 ἀφίησιν
980 5001 1147 5071 αὑτὴν
1175 5001 1242 5054 τὰ
1261 5000 1361 5068 τῆς
1383 4998 1582 5069 σαρκὸς
1611 4999 1817 5052 παθεῖν.
1851 4999 1950 5053 Διά

379 5083 487 5152 γὰρ
511 5083 669 5136 τοῦτο
707 5084 801 5135 καὶ⁸
838 5083 1055 5151 κρουνοὶ
1101 5082 1460 5151 κατεφέροντο
1489 5080 1725 5151 ἱδρώτων
1753 5082 1813 5146 ἐξ
1851 5083 1949 5135 αύ-

378 5167 500 5234 τὶς.
530 5165 624 5219 καὶ
677 5165 907 5232 ἄγγελος
943 5165 1232 5237 ηὑρίσκετο
1265 5163 1432 5232 αὑτήν
1484 5163 1788 5234 διακρατῶν
1813 5207 1826 5230 ,
1857 5165 1951 5219 καὶ

379 5249 625 5303 λυπεῖται
654 5248 746 5300 καὶ
773 5247 1029 5316 ἀδημονεῖ
1051 5265 1064 5277 ·
1096 5247 1188 5300 καὶ
1215 5246 1323 5314 γάρ
1348 5245 1476 5315 πρὶν
1497 5245 1530 5314 ἢ
1553 5247 1722 5300 ταῦτα
1753 5250 1946 5312 εἰπεῖν,

383 5331 546 5402 φησίν
569 5348 583 5362 ·
624 5331 697 5386 Ἡ
737 5330 907 5401 ψυχή
932 5348 1049 5398 μου
1088 5327 1456 5395 τετάρακται,
1491 5329 1586 5382 καὶ
1621 5331 1951 5398 περίλυπός

380 5415 552 5468 ἐστιν
577 5414 688 5480 ἕως
727 5412 1004 5468 θανάτου.
1038 5413 1100 5466 Εἰ
1131 5406 1224 5464 οὖν
1269 5411 1473 5464 τούτων
1509 5413 1760 5467 ἁπάντων
1800 5431 1953 5482 γενο-

386 5495 561 5566 μένων
589 5497 649 5548 16
671 5497 903 5566 πονηρὸν
930 5496 1024 5548 τοῦ
1053 5495 1294 5549 διαϐόλου
1318 5494 1489 5565 στόμα
1518 5496 1604 5549 διὰ
1629 5499 1951 5568 Μαρκίωνος

382 5578 478 5636 τοῦ
533 5580 792 5634 Ποντικοῦ
841 5582 933 5633 καὶ
974 5580 1346 5644 Οὐαλεντίνου,
1394 5583 1485 5635 καὶ
1520 5585 1819 5654 Μανιχαὲου
1858 5584 1950 5638 τοῦ

447 5688 475 5723 ⁸
513 5689 631 5746 Reg.
667 5691 694 5738 6
714 5689 929 5750 ἀόρατος,
958 5696 1009 5739 el
1042 5690 1160 5740 intra
1180 5691 1376 5752 ἀόρατος
1399 5692 1554 5742 deest.

2017 429 2246 499 Πέρσου,
2283 431 2376 484 καὶ
2407 430 2608 501 ἑτέρων
2649 430 2905 484 πλειόνων
2937 429 3199 500 αἱρέσεων
3227 427 3579 500 ἐπεχείρησεν

2011 527 2306 597 ἀνατρέψαι
2341 527 2432 580 16v
2461 528 2588 592 περὶ
2616 527 2718 597 τῆς
2755 524 3063 596 οἰκονομίας
3083 526 3260 594 λόγον,
3285 526 3379 579 καὶ
3409 527 3578 595 ήχησε

2015 619 2310 688 σατανικήν
2343 635 2464 671 τινα
2491 619 2629 689 ἠχὴν
2657 617 2850 686 λέγων,
2881 619 2962 670 ὅτι
2983 617 3102 670 οὑδὲ
3135 614 3580 686 ὲσαρκώθηωὺδι
3609 691 3612 694 ι

2015 711 2188 779 σάρκα
2219 709 2589 780 περιεϐάλετο,
2625 709 2760 763 ἀλλά
2790 709 3006 779 δόκησις
3037 707 3195 761 τοῦτο
3225 702 3294 778 ἦν
3324 708 3419 760 καὶ
3446 723 3581 774 φαν-

2013 800 2190 861 τασία,
2221 802 2313 852 καὶ
2353 799 2528 870 σκηνὴ
2570 800 2665 852 καὶ
2709 800 3016 870 ὑπόκρισις,
3048 798 3222 852 καίτοι
3253 796 3362 850 τῶν
3392 797 3581 852 παθῶν

2016 888 2282 958 βοώντων,
2316 889 2408 943 τοῦ
2446 889 2678 942 θανάτου
2700 932 2714 955 ,
2745 889 2840 942 τοῦ
2873 889 3046 956 τάφου
3072 930 3087 955 ,
3121 890 3219 959 τῆς
3261 888 3454 958 πείνης
3488 905 3500 917 ·
3535 889 3582 939 εί

2018 980 2180 1050 μηδὲν
2212 979 2415 1033 τούτων
2442 981 2686 1048 ἐγεγόνει
2705 1020 2718 1042 ,
2752 979 2867 1043 πῶς
2910 980 2970 1032 οὑ
3005 978 3183 1046 πολλῷ
3220 977 3380 1031 πλέον
3407 979 3434 1030 6
3466 977 3582 1032 διά-

2015 1067 2166 1131 ϐολος
2188 1067 2254 1120 τά
2274 1068 2482 1139 πονηρᾶ
2510 1068 2682 1122 ταῦτα
2701 1068 2988 1139 ἀνέσπειρε
3009 1068 3106 1138 τῆς
3121 1067 3373 1131 ἀσεϐείας
3389 1067 3585 1137 δόγμα-

2013 1173 2108 1221 τα;
2139 1155 2237 1208 Διά
2269 1173 2347 1209 τοι
2373 1155 2550 1220 τοῦτο,
2585 1154 2774 1226 ὥσπερ
2805 1157 3110 1226 ὲπείνησεν,
3135 1156 3323 1228 ὥσπερ
3356 1156 3585 1210 ἐκαθεύ-

2014 1244 2197 1315 δησεν,
2227 1243 2412 1316 ῶσπερ
2429 1245 2738 1309 ἐκοπίασεν,
2755 1245 2944 1316 ῶσπερ
2961 1247 3180 1315 ἔφαγεν,
3203 1248 3391 1318 ῶσπερ
3411 1247 3584 1310 ἔπιεν,

2015 1334 2157 1388 οὑτω
2191 1337 2284 1390 καὶ
2332 1337 2558 1390 θάνατον
2593 1340 2958 1408 παραιτεῖται.
3001 1339 3062 1391 16
3111 1338 3449 1408 ἀνθρώπινον
3501 1341 3587 1393 ἐν·

2015 1425 2379 1496 δεικνύμενος,
2416 1429 2510 1480 καὶ
2540 1428 2639 1499 τὴν
2666 1428 2951 1482 ἀσθένειαν
2979 1430 3077 1498 τῆς
3108 1429 3321 1498 φύσεως
3355 1429 3454 1499 τὴν
3485 1431 3584 1482 οὑκ

2015 1516 2350 1588 ἀνεχομένην
2364 1519 2590 1582 ἀπαθῶς
2608 1521 2986 1591 ἀπορραγῆναι
3007 1523 3103 1591 τῆς
3124 1521 3404 1592 παρούσης
3420 1519 3583 1591 ζωῆς.

2016 1607 2080 1660 Εἰ
2110 1607 2218 1678 γάρ
2246 1607 2408 1678 μηδὲν
2435 1608 2638 1662 τούτων
2666 1611 2896 1681 εἰρήκει,
2920 1606 3065 1680 εἶχεν
3105 1611 3169 1664 ἂν
3201 1613 3393 1675 εἰπεῖν,
3425 1613 3506 1664 61:
3537 1613 3587 1664 εί

2016 1697 2298 1769 ἄνθρωπος
2334 1695 2434 1769 ἦν,
2466 1699 2571 1752 ἔδει
2616 1701 2776 1755 αὑτὸν
2811 1701 3002 1754 παθεῖν
3038 1701 3105 1754 τά
3142 1702 3235 1755 τοῦ
3275 1701 3585 1774 ἀνθρώπου.

2017 1788 2152 1842 Τίνα
2186 1789 2243 1842 δέ
2277 1791 2391 1843 ἐστι
2429 1790 2632 1858 ταῦτα;
2661 1792 2733 1844 T6
2766 1793 3028 1862 μέλλοντα
3072 1793 3456 1864 σταυροῦσθαι,
3493 1794 3588 1848 καὶ

2017 1879 2216 1952 δειλιᾷν
2260 1881 2353 1935 καὶ
2390 1882 2659 1954 ἀγωνιᾷν,
2703 1885 2796 1937 καὶ
2840 1885 2916 1955 μή
2968 1883 3194 1948 ἀπαθῶς
3239 1886 3588 1956 ἀπορρήγνυ-

2020 1971 2143 2025 σθαι
2168 1972 2267 2042 τῆς
2297 1973 2576 2044 παρούσης
2611 1973 2789 2046 ζωῆςο
2824 1978 2888 2047 τῇ
2921 1976 3078 2044 φύσει
3105 1976 3213 2046 γάρ
3257 1976 3497 2044 ἔγκειται
3530 1977 3588 2031 16

2018 2061 2238 2134 φίλτρον
2264 2065 2326 2118 τὸ
2367 2067 2493 2136 περὶ
2524 2067 2592 2121 τά
2646 2069 2924 2139 παρόντα·
2957 2068 3046 2122 διά
3090 2086 3173 2122 τοι
3219 2068 3376 2121 τοῦτο
3422 2068 3590 2134 δείξαι

2020 2155 2337 2228 βουλόμενος
2376 2158 2551 2228 ἀληθῆ
2588 2160 2687 2228 τῆς
2712 2160 2911 2232 σαρκὸς
2929 2160 3026 2232 τὴν
3045 2161 3354 2230 περιϐολὴν,
3373 2161 3466 2212 καὶ
3494 2160 3591 2229 τὴν

2017 2249 2324 2317 οἰκονομίαν
2357 2247 2763 2312 πιστώσασθαι,
2797 2249 2936 2318 μετά
2989 2249 3190 2318 πολλῆς
3218 2249 3315 2316 τῆς
3371 2249 3590 2301 ἀποδεί-

2020 2339 2154 2403 ξεως
2191 2340 2259 2392 τὰ
2286 2338 2431 2406 πάθη
2460 2338 2644 2408 γυμνά
2681 2338 3020 2408 προτίθησιν.
3060 2334 3152 2401 Εἷς
3193 2338 3291 2406 μὲν
3317 2337 3409 2394 οὖν
3432 2339 3590 2408 λόγος

2018 2424 2202 2493 οὗτος·
2234 2428 2350 2480 ἔστι
2382 2427 2439 2480 δὲ
2478 2429 2570 2480 καὶ
2613 2428 2798 2498 ἕτερος
2830 2430 3019 2482 τούτου
3066 2429 3166 2481 οὑκ
3202 2429 3456 2483 ἐλάττων.
3496 2430 3591 2493 Τίς

2019 2519 2076 2572 δὲ
2123 2509 2317 2582 οῦτος;
2353 2517 2799 2588 Παραγενόμενος
2823 2519 2850 2570 6
2881 2519 3134 2590 Χριστὸς,
3171 2522 3350 2574 πᾶσαν
3390 2521 3589 2593 ἀρετὴν

2022 2606 2309 2661 παιδεῦσαι
2335 2608 2463 2670 106;
2514 2607 2834 2679 ἀνθρώπους
2858 2608 3128 2663 ἐϐούλετο·
3157 2613 3186 2664 6
3231 2612 3286 2665 δὲ
3323 2612 3592 2665 παιδεύων

2021 2698 2082 2750 οὑ
2120 2696 2263 2766 λόγῳ
2316 2695 2474 2767 μόνον
2505 2697 2764 2764 διδάσκει,
2791 2697 2927 2752 άλλά
2976 2700 3070 2754 καὶ
3114 2699 3289 2771 ἔργῳ·
3323 2700 3459 2773 αὕτη
3487 2701 3596 2772 γάρ

2024 2788 2058 2858 ή
2091 2785 2288 2858 ἀρίστη
2319 2786 2636 2840 διδασκαλία
2665 2788 2780 2840 ἐστὶ
2797 2787 2890 2840 τοῦ
2921 2788 3281 2853 διδάσκοντος.
3329 2780 3481 2844 Ἐπεὶ
3503 2792 3595 2845 καὶ

2025 2877 2359 2948 κυϐερνήτης
2401 2877 2790 2948 παρακαθίζων
2819 2879 2907 2932 τὸν
2933 2879 3200 2953 μαθητὴν,
3229 2881 3464 2936 δείκνυσι
3496 2884 3594 2952 μὲν

2027 2970 2175 3040 αὑτῴ
2207 2971 2324 3034 πῶς
2354 2970 2572 3042 κατέχει
2613 2973 2739 3035 τοὺς
2783 2971 2994 3034 οἴακας,
3045 2972 3366 3042 προστίθησι
3395 2974 3450 3026 δὲ
3501 2975 3596 3026 καὶ

2025 3061 2184 3130 λόγον
2215 3060 2291 3132 τῷ
2321 3061 2488 3134 ἔργῳ,
2509 3064 2601 3115 καὶ
2625 3061 2747 3115 οὔτε
2774 3062 2920 3130 λέγει
2946 3064 3125 3132 μόνον,
3155 3062 3277 3116 οὔτε
3306 3064 3595 3134 ἐργάζεται

2030 3153 2220 3222 μόνον·
2249 3155 2446 3224 ὁμοίως
2487 3155 2580 3207 καὶ
2613 3154 2890 3223 οἰκοδόμος
2943 3155 3302 3225 παραστήσας
3345 3155 3437 3207 τὸν
3474 3153 3596 3219 μέλ.

2027 3247 2186 3300 λοντα
2215 3247 2344 3316 παρ’
2384 3244 2549 3298 αὑτοῦ
2585 3244 2876 3316 μανθάνειν
2920 3245 3035 3309 πῶς
3071 3249 3248 3316 τοῖχος
3293 3246 3598 3314 ὑφαίνεται.

2029 3337 2265 3390 δείκνυσι
2306 3338 2404 3408 μὲν
2437 3337 2586 3408 αὑτῷ
2623 3337 2712 3390 διὰ
2739 3337 2832 3389 τοῦ
2879 3337 3062 3408 ἔργου,
3095 3337 3332 3390 δείκνυσι
3365 3338 3419 3390 δὲ
3453 3337 3597 3408 αὑτῷ

2032 3431 2125 3482 καὶ
2160 3429 2248 3483 διὰ
2278 3428 2372 3481 τοῦ
2414 3429 2606 3497 λόγουο
2639 3427 2898 3491 ὡσαύτως
2937 3428 3028 3482 καὶ
3064 3427 3325 3498 ὑφάντης,
3355 3429 3446 3481 καὶ
3484 3447 3597 3482 ποι-

2033 3522 2239 3592 κιλτὴς,
2270 3520 2363 3574 καὶ
2403 3520 2715 3590 χρυσοχόος,
2763 3520 2854 3572 καὶ
2907 3519 3274 3590 χαλκοτύπος,
3310 3522 3402 3573 καὶ
3455 3523 3602 3574 πᾶσα

2032 3611 2192 3680 τέχνη
2234 3610 2321 3663 διὰ
2354 3609 2530 3677 λόγων
2567 3626 2626 3660 τε
2658 3609 2751 3661 καὶ
2791 3607 2965 3680 ἔργων
2998 3607 3111 3679 ἔχει
3142 3608 3232 3662 τὸν
3263 3609 3602 3664 διδάσκοντα.

2047 3702 2198 3756 Ἐπεὶ
2224 3699 2315 3755 οὖν
2347 3702 2441 3755 καὶ
2471 3701 2631 3764 αὑτὸς
2651 3700 2980 3769 παρεγένετο
3009 3701 3296 3754 παιδεῦσαι
3324 3703 3470 3772 ἡμᾶς
3504 3705 3606 3756 πᾶ-

2039 3810 2134 3846 σαν
2154 3793 2371 3865 ἀρετήν,
2386 3792 2474 3846 διὰ
2495 3790 2650 3845 τοῦτο
2672 3791 2764 3844 καὶ
2788 3789 3022 3859 λέγειτά
3038 3791 3306 3861 πρακτέα,
3325 3793 3418 3845 καὶ
3441 3796 3604 3846 ποιεῖ.

2048 3887 2108 3940 '0
2134 3888 2241 3959 γὰρ
2274 3886 2554 3952 ποιήσας,
2580 3884 2741 3954 φησὶ,
2772 3883 2869 3937 καί
2903 3881 3150 3948 διδάξας
3169 3922 3184 3945 ,
3217 3879 3396 3949 οὗτος
3420 3885 3609 3954 μέγας

2038 3978 2404 4045 κληθήσεται
2423 3977 2493 4030 ἐν
2521 3975 2594 4042 τῇ
2634 3974 2922 4039 βασιλείᾳ
2953 3971 3071 4025 τῶν
3095 3973 3386 4040 οὐρανῶν.
3413 3976 3609 4028 Σκόπει

2039 4070 2130 4122 δέ·
2189 4069 2470 4120 ἐκέλευσεν
2513 4061 2651 4116 εἶναι
2675 4062 3102 4131 ταπεινόφρονας
3147 4064 3240 4116 καὶ
3270 4069 3483 4133 πραεῖς,
3519 4067 3612 4119 καὶ

2040 4159 2242 4222 ἐδίδαξε
2271 4157 2358 4210 διὰ
2401 4153 2507 4207 τῶν
2549 4152 2827 4223 ῥημάτων.
2863 4152 3005 4222 ’Ὅρα
3051 4153 3170 4217 πῶς
3205 4155 3344 4210 αὑτά
3370 4156 3608 4210 παιδεύει

2042 4251 2135 4304 κει)⁸
2158 4247 2246 4300 διὰ
2277 4245 2383 4299 τῶν
2437 4244 2791 4315 πραγμάτων.
2826 4242 3008 4295 Εἰπὼν
3059 4243 3189 4316 γὰρ,
3242 4246 3527 4312 Μακάριοι
3555 4249 3611 4299 οὶ

2042 4337 2263 4406 πτωχοὶ
2292 4334 2369 4400 τῷ
2392 4334 2701 4402 πνεύματι,
2731 4334 3008 4401 μακάριοι
3034 4338 3087 4388 οἱ
3117 4337 3352 4404 πραεῖς,
3375 4337 3613 4391 δείκνυσι

2045 4431 2161 4493 πῶς
2208 4428 2346 4482 αὑτά
2402 4427 2483 4480 δεῖ
2534 4425 2850 4495 κατορθοῦν.
2886 4428 3010 4491 Πῶς
3058 4425 3155 4492 ,οὖν
3205 4428 3408 4493 ἐδίδαξε
3442 4448 3458 4496 ;

2045 4521 2237 4576 Λαϐὼν
2287 4520 2489 4574 λέντιον
2521 4516 2770 4581 διέζωσεν
2815 4519 3007 4573 ἑαυτὸν
3028 4560 3043 4582 ,
3069 4521 3160 4573 καὶ
3191 4518 3340 4588 ἔνιψε
3371 4521 3478 4574 τῶν
3519 4540 3611 4593 μα-

2047 4613 2223 4685 θητῶν
2248 4613 2374 4675 τοὺς
2403 4611 2586 4673 πόδας.
2611 4610 2674 4662 Τί
2715 4611 2917 4680 ταύτης
2959 4610 3072 4663 ἴσον
3116 4609 3212 4678 τῆς
3253 4627 3615 4684 ταπεινοφρο-

2049 4708 2251 4777 σύνης;
2285 4705 2397 4759 Ούκ
2429 4704 2509 4758 ἔτι
2556 4704 2664 4773 γὰρ
2710 4703 2799 4756 διά
2841 4704 2949 4755 τῶν
2991 4702 3163 4769 λόγων
3207 4703 3364 4772 μόνον
3414 4705 3618 4776 ταύτην

2051 4797 2312 4860 παιδεύει,
2341 4796 2478 4852 ἀλλά
2502 4795 2596 4848 καὶ
2635 4794 2723 4848 διὰ
2753 4793 2862 4847 τῶν
2897 4793 3092 4866 ἔργων.
3123 4794 3293 4847 Πάλιν
3320 4796 3418 4866 τήν
3445 4798 3618 4868 πραό-

2049 4908 2186 4959 τητα
2219 4890 2312 4943 καὶ
2351 4888 2448 4959 τὴν
2473 4886 2822 4951 ἀνεξικακίαν
2862 4884 3102 4938 διδάσκει
3144 4885 3232 4939 διά
3275 4885 3382 4940 τῶν
3420 4887 3616 4958 ἔργων.

2050 4980 2206 5044 Πῶς;
2247 4977 2578 5049 Ἑρραπίσθη
2617 4975 2768 5046 παρά
2808 4975 2903 5028 τοῦ
2935 4974 3119 5028 δούλου
3167 4974 3260 5029 τοῦ
3298 4976 3622 5048 ἀρχιερέως,

2052 5072 2143 5128 καί
2172 5088 2365 5142 φησιν’
2395 5072 2466 5125 Εἰ
2507 5068 2622 5138 μὲν
2663 5066 2860 5132 κακῶς
2897 5067 3196 5136 ἐλάλησα,
3233 5068 3626 5136 μαρτύρησον

2052 5165 2184 5232 περὶ
2216 5163 2320 5216 τοῦ
2349 5159 2566 5214 κακοῦ·
2603 5155 2748 5211 εἰδὲ
2768 5157 2984 5222 καλῶς,
3016 5157 3071 5210 τί
3103 5175 3182 5226 με
3217 5157 3440 5224 δέρεις;
3473 5157 3624 5212 Ἐχέ-

2054 5247 2238 5301 λευσεν
2269 5242 2523 5314 εὔχεσθαι
2551 5241 2691 5312 ὑπὲρ
2719 5240 2828 5294 τῶν
2860 5240 3068 5311 ἐχθρῶν
3089 5257 3104 5273 ο
3141 5238 3302 5293 πάλιν
3339 5240 3432 5293 καὶ
3469 5238 3618 5294 τοῦτο

2051 5336 2139 5389 διὰ
2181 5335 2288 5387 τῶν
2327 5333 2502 5406 ἔργων
2537 5330 2806 5388 παιδεύειο
2838 5329 3044 5391 ἀναϐὰς
3071 5327 3177 5399 γὰρ
3213 5330 3269 5380 ὲν
3297 5327 3374 5398 τῷ
3409 5329 3624 5400 σταυρῷ

2053 5419 2220 5486 λέγει·
2249 5415 2458 5484 Πάτερ,
2491 5415 2640 5483 ἄφες
2672 5411 2875 5476 αὐτοῖς
2903 5426 2916 5439 ·
2947 5413 3019 5464 οὐ
3056 5410 3164 5480 γὰρ
3187 5409 3383 5463 οἴδασι
3410 5412 3467 5463 τί
3494 5428 3623 5464 ποι-

2056 5503 2214 5556 οῦσι.
2262 5502 2469 5570 Ὥσπερ
2505 5494 2598 5550 οὖν
2633 5496 2916 5549 ἐκέλευσεν
2949 5493 3221 5562 εὑχεσθαι,
3246 5493 3385 5545 οὕτω
3419 5495 3510 5546 καὶ
3532 5493 3628 5546 a6-

2056 5588 2142 5651 11,;
2180 5583 2424 5654 εΰχεται,
2460 5581 2516 5634 σε
2566 5577 2831 5637 παιδεύων
2875 5575 3128 5643 εὔχεσθαι
3181 5575 3278 5628 οὐκ
3316 5575 3474 5638 αὐτὸς
3513 5577 3628 5630 ἀτο-
