4066 6274
355 319 424 426 5⁸1,
1043 359 1108 417 IN
1151 358 1375 422 ILLUD,
1419 355 1668 422 PATER,
1711 353 1769 408 Sl
1809 349 2154 407 POSSIBILE
2199 349 2348 417 EST,
2394 348 2783 411 TRANSEAT,
2832 347 2982 402 ETC.
3565 350 3633 406 38

347 481 671 552 indigebant.
720 477 902 548 Cogita
932 490 1159 544 namque
1183 472 1340 544 quale
1389 469 1514 525 illud
1566 467 1721 523 fuerit
1757 465 1942 520 audire

348 589 413 632 ac
450 574 660 629 discere
710 571 875 625 Deum
925 566 1284 632 ineffabilem,
1318 559 1816 634 incorruptibilem,
1849 557 1940 627 qui

345 679 521 734 neque
590 661 786 733 percipi
859 666 1041 714 mente
1085 663 1259 726 potest
1297 695 1316 716 ,
1370 667 1469 707 nec
1510 649 1679 705 oculis
1751 648 1896 703 cerni
1923 687 1938 711 ,

346 769 444 808 nec
484 753 591 808 ullo
630 751 788 806 modo
836 745 1217 819 comprehendi
1252 784 1266 810 ,
1313 742 1471 812 Cujus
1521 741 1573 794 in
1615 754 1769 792 manu
1825 746 1941 821 sunt

345 849 472 916 lines
527 856 672 900 terra:
740 843 931 915 (Psal.
990 842 1078 896 94.
1131 841 1165 894 4
1189 839 1207 910 )
1232 880 1248 906 ,
1300 837 1397 904 Qui
1445 836 1646 906 respicit
1700 844 1890 887 terrant
1920 872 1936 895 ,

343 949 390 992 et
453 954 562 992 eam
609 935 887 1005 tremefecit
921 975 936 1000 ,
993 933 1077 1003 qui
1117 931 1277 1002 tangit
1321 938 1513 982 montes
1544 967 1560 992 ,
1589 936 1636 980 et
1683 923 1936 996 funtigant

350 1029 532 1101 (Psal.
575 1029 698 1082 105.
749 1024 878 1097 52),
927 1024 1078 1093 cujus
1118 1018 1577 1090 attemperationis
1605 1022 1936 1071 momentum

347 1137 447 1178 nec
468 1121 580 1192 ipsa
601 1117 889 1176 C-herubim
918 1116 1058 1171 ferre
1088 1118 1392 1183 potuerunt,
1431 1107 1526 1164 sed
1556 1105 1809 1178 oppansis
1837 1104 1938 1158 alis

348 1217 508 1270 facies
525 1213 896 1276 occultarum;
927 1209 1067 1264 hunc
1092 1207 1182 1278 qui
1211 1213 1448 1260 mentem
1469 1215 1684 1256 omnem
1710 1211 1938 1266 exsupe-

345 1317 460 1374 rat,
516 1318 839 1374 omnemque
883 1301 1048 1356 vincit
1094 1297 1501 1368 cogitationem,
1562 1287 1938 1362 praetermissis

346 1398 552 1469 angelis
569 1437 587 1464 ,
620 1392 952 1464 archangelis
980 1390 1334 1458 omnibusque
1359 1381 1663 1439 caelestibus
1685 1395 1750 1434 ac
1775 1379 1937 1448 spiri-

352 1489 582 1544 tualibus
607 1487 714 1541 illis
743 1483 1047 1549 virtutibus,
1069 1479 1338 1534 hominem
1365 1475 1478 1530 ﬁeri
1501 1474 1773 1541 dignatum
1794 1483 1934 1535 esse,

345 1593 668 1648 carnemque
709 1575 776 1631 de
806 1584 945 1629 terra
980 1580 1034 1627 ct
1073 1571 1184 1626 luto
1229 1567 1512 1622 formatam
1541 1561 1894 1631 assumpsisse
1917 1598 1933 1622 ,

349 1683 508 1743 atque
534 1671 586 1724 in
602 1668 908 1738 virgineum
938 1663 1151 1720 venisse
1180 1671 1424 1721 uterum,
1465 1664 1521 1712 et
1559 1668 1749 1708 novem
1778 1665 1935 1706 men-

348 1742 483 1816 sium
511 1759 683 1830 spatio
709 1758 761 1810 in
789 1764 976 1811 ventre
998 1753 1159 1807 fuisse
1182 1757 1468 1820 gestatum,
1487 1746 1622 1800 lacte
1652 1742 1932 1804 nutritum,

348 1862 404 1910 et
427 1829 655 1907 humana
678 1857 867 1904 cuncta
896 1847 1171 1901 tolerasse.
1201 1840 1459 1909 Quoniam
1492 1837 1652 1907 igitur
1680 1833 1815 1888 adeo
1837 1829 1936 1884 fuit

349 1945 595 2002 mirabile
620 1942 763 2013 quod
797 1940 1030 1994 futurum
1071 1943 1217 2001 erat,
1268 1943 1324 1988 ut
1372 1932 1532 1986 etiam
1561 1928 1688 1983 dum
1730 1926 1880 1980 fieret
1905 1936 1934 1974 a

349 2041 530 2096 multis
555 2037 776 2094 minime
804 2033 1135 2094 crederetur,
1158 2029 1389 2099 primum
1409 2021 1624 2094 quidem
1652 2017 1936 2088 prophetas

349 2132 416 2188 ad
467 2134 571 2186 hoc
617 2129 788 2200 ipsum
832 2121 1252 2180 annuntiandum
1299 2113 1590 2186 praemisit,
1638 2119 1798 2178 atque
1836 2106 1937 2161 hoc

349 2221 520 2294 ipsum
569 2195 870 2291 patriarcha
911 2211 1233 2285 praedicebat
1270 2208 1354 2261 his
1397 2203 1574 2258 verbis
1623 2208 1778 2254 utens
1812 2214 1825 2250 :
1860 2195 1938 2294 lle

349 2285 586 2386 genuine
611 2307 912 2371 ascendisti,
967 2303 1045 2373 ﬁli
1091 2302 1191 2363 mi;
1222 2297 1464 2352 recubans
1490 2289 1722 2347 domuisti
1766 2296 1821 2340 ut
1859 2285 1936 2339 leo

349 2376 506 2473 (Gen.
537 2401 627 2457 49.
655 2400 734 2469 9).
764 2397 982 2452 llesaias
1012 2401 1190 2446 autem
1219 2407 1232 2443 :
1265 2388 1398 2441 Ecce
1421 2386 1563 2454 uirgo
1602 2383 1665 2473 in
1673 2387 1816 2473 utero
1847 2376 1940 2473 ha:

349 2463 498 2557 bebit,
523 2501 570 2546 et
589 2463 747 2558 pariet
767 2488 951 2556 lilium,
972 2494 1016 2537 et
1041 2480 1284 2536 vocabunt
1303 2491 1485 2531 nomen
1505 2473 1613 2545 ejus
1636 2463 1940 2523 Emmanuel

349 2583 553 2654 (Ilesai.
581 2582 635 2636 7.
669 2580 778 2648 l4).
807 2578 871 2631 Et
890 2574 1012 2629 alibi
1032 2585 1217 2627 rursus
1241 2587 1253 2621 :
1281 2567 1509 2622 Vidimus
1533 2578 1647 2654 eum
1667 2561 1934 2654 infantem,

348 2648 598 2744 tamquam
622 2669 841 2724 radicem
865 2670 917 2719 in
947 2673 1082 2717 terra
1120 2659 1307 2715 sitienti
1350 2653 1552 2728 (Hesai.
1576 2653 1664 2709 55.
1692 2649 1772 2721 2).
1801 2648 1938 2744 Ter:

349 2736 475 2820 ram'
488 2777 615 2818 vero
641 2760 908 2815 sitientem
935 2765 1144 2810 uterum
1187 2750 1314 2806 dicit
1336 2746 1632 2818 virgineum
1658 2784 1673 2810 ,
1701 2756 1766 2796 eo
1797 2736 1937 2810 quod

350 2855 580 2912 hominis
607 2867 788 2908 semen
821 2864 926 2903 non
948 2842 1274 2914 susceperit,
1302 2853 1476 2910 neque
1515 2836 1715 2893 coitum
1742 2832 1813 2887 sit
1840 2845 1938 2885 ex-

351 2956 562 3016 pertus,
589 2942 681 2998 sed
713 2942 914 3010 absque
942 2935 1193 3005 conjugio
1224 2931 1373 2986 illum
1406 2925 1694 2999 pepererit.
1721 2922 1786 2976 Et
1816 2935 1938 2974 rur-

348 3011 476 3099 sus,
524 3033 662 3089 Puer
712 3045 857 3086 natus
903 3037 976 3084 est
1019 3025 1192 3089 nobis,
1246 3021 1385 3092 ﬁlius
1417 3027 1466 3072 et
1509 3016 1659 3070 datus
1689 3024 1759 3068 est
1798 3011 1940 3066 nobis

352 3127 552 3197 (llesai.
583 3124 636 3181 9.
664 3124 746 3194 6),
801 3128 858 3176 et
875 3161 890 3188 ,
923 3117 1220 3190 Egredietur
1239 3113 1380 3184 virga
1406 3109 1469 3164 de
1494 3107 1666 3162 radice
1693 3104 1866 3197 Jessc,
1892 3110 1940 3197 et

349 3192 443 3288 ﬂos
475 3217 538 3270 de
573 3192 742 3270 radice
770 3214 882 3278 eius
923 3209 1157 3265 ascendet
1185 3205 1335 3278 (Hes.
1367 3203 1454 3258 ll.
1490 3199 1558 3269 l).
1609 3197 1695 3288 Et
1727 3192 1935 3251 Baruch

348 3285 484 3381 apud
503 3308 787 3364 Jeremiam
810 3324 823 3360 :
851 3303 950 3358 llic
971 3301 1108 3356 Deus
1127 3307 1316 3364 noster,
1335 3311 1435 3349 non
1451 3285 1784 3348 wstimabitur
1801 3287 1935 3340 alius

348 3377 528 3473 prieter
558 3416 691 3456 eum.
723 3397 924 3452 Invenit
959 3409 1157 3449 omnem
1183 3391 1318 3446 viam
1343 3385 1664 3473 disciplinas,
1715 3390 1759 3434 et
1803 3377 1939 3432 dedit

347 3469 457 3547 eum
478 3491 639 3546 Jacob
665 3505 820 3560 puero
841 3502 955 3552 suo,
986 3494 1033 3538 et
1053 3480 1219 3538 Israel
1240 3479 1420 3533 dilecto
1446 3490 1558 3528 suo.
1585 3469 1710 3526 Post
1752 3470 1858 3523 lucc
1885 3470 1936 3521 in

349 3585 491 3638 terris
518 3584 650 3637 visus
666 3558 746 3636 est
762 3621 778 3647 ,
803 3588 852 3634 et
877 3593 991 3630 cum
1018 3571 1302 3628 hominibus
1324 3573 1645 3621 conversatus
1676 3570 1748 3614 est
1789 3558 1935 3632 (Bar.

348 3678 404 3732 3.
436 3674 651 3745 56-38).
701 3671 863 3726 [)avid
889 3669 1052 3723 etiam
1077 3665 1362 3718 adventum
1393 3658 1508 3728 ejus
1531 3656 1584 3710 in
1613 3667 1775 3710 carne
1797 3667 1938 3745 prae-

348 3771 533 3824 dicans
556 3742 631 3819 ait.
662 3783 676 3819 :
706 3759 982 3816 Descendet
1021 3759 1148 3812 sicut
1197 3751 1368 3825 pluvia
1408 3750 1460 3802 in
1501 3746 1679 3808 uellus,
1724 3752 1769 3797 et
1811 3742 1938 3796 sicut

349 3855 666 3912 stillicidium
699 3851 900 3904 stillans
928 3861 1078 3912 super
1119 3853 1302 3895 terram
1342 3836 1516 3909 (Psal.
1561 3835 1651 3888 7|.
1691 3831 1780 3902 6),
1808 3845 1941 3899 quo.

351 3951 493 4005 niam
520 3946 719 4014 absque
740 3939 964 4008 strepitu
991 3939 1042 3990 in
1076 3933 1367 4003 virgineum
1396 3937 1604 3983 uterum
1635 3922 1806 3978 venit.

424 4062 476 4116 4.
511 4057 762 4119 Marcion,
791 4049 1106 4112 Valentinus,
1149 4053 1196 4098 et
1227 4040 1540 4096 Manicheam
1567 4032 1939 4089 lncarnationis

349 4159 718 4224 oppugnatores
731 4142 1065 4216 refelluntur;
1103 4136 1263 4190 altera
1299 4131 1431 4186 ratio
1468 4143 1558 4182 cur
1604 4125 1861 4224 passiones
1893 4129 1938 4173 et

349 4214 558 4311 eiectus
581 4214 811 4296 Christus
837 4235 887 4288 in
917 4247 971 4286 se
997 4221 1453 4297 sus..eperit.—At
1472 4234 1584 4273 non
1615 4214 1938 4270 suffecerunt

351 4337 466 4391 hinc
492 4327 826 4389 solummodo
856 4325 936 4400 (a)
956 4366 972 4391 ,
1008 4321 1100 4377 sed
1128 4327 1184 4375 et
1208 4331 1328 4373 cum
1357 4311 1683 4373 advenisset,
1716 4323 1784 4362 ne
1832 4321 1932 4400 pn-

352 4436 556 4482 taretur
575 4436 696 4479 esse
725 4395 1036 4490 phantasma
1061 4409 1202 4481 quod
1227 4405 1406 4472 ﬂebat,
1437 4418 1544 4457 non
1575 4407 1792 4469 aspectu
1822 4395 1936 4448 solo

352 4533 462 4572 rem
489 4511 798 4570 credibilem
830 4505 1040 4570 reddit,
1073 4497 1424 4556 verumetiam
1459 4492 1628 4547 multo
1658 4499 1899 4556 tempore
1919 4526 1932 4550 ,

351 4607 596 4676 quodque
632 4618 728 4675 per
751 4601 983 4656 humana
1013 4601 1202 4651 cuncta
1232 4585 1558 4644 transiverit.
1586 4581 1769 4650 Neque
1791 4578 1932 4676 enim

350 4669 564 4768 quoquo
589 4669 746 4748 modo
786 4691 837 4744 in
867 4687 1137 4742 hominem
1170 4680 1471 4768 perfectum
1489 4685 1649 4744 atque
1693 4669 1934 4768 comple-

352 4758 658 4847 tum-venit,
687 4780 781 4837 sed
810 4780 862 4834 in
892 4786 1101 4832 uterum
1147 4765 1510 4840 virginiszsic
1561 4770 1618 4816 ut
1666 4761 1824 4815 etiam
1883 4758 1934 4811 in

351 4879 504 4932 vulva
531 4880 853 4946 gestaretur,
901 4876 954 4921 et
985 4874 1194 4936 partum
1236 4859 1544 4919 sustineret,
1577 4861 1632 4908 et
1659 4850 1810 4905 lactis
1835 4849 1935 4902 ali-

355 4943 613 5033 mentum,
645 4975 698 5020 et
726 4964 1138 5022 incrementum,
1167 4969 1230 5010 ac
1260 4967 1355 5023 per
1384 4946 1637 5019 temporis
1664 4943 1935 5033 prolixita-

353 5070 482 5125 tem,
505 5032 848 5124 omniumque
873 5048 1236 5105 diversitatem
1267 5052 1505 5103 natatum,
1545 5035 1686 5108 quod
1712 5032 1937 5104 gereba—

354 5161 442 5208 tur
460 5147 714 5206 credibile
735 5144 1000 5200 redderet.
1026 5139 1162 5208 Quin
1185 5151 1251 5191 ne
1273 5134 1374 5188 hac
1392 5130 1604 5202 quidem
1626 5125 1938 5196 probatione

353 5251 634 5300 contentus
667 5237 786 5300 fuit,
813 5233 909 5290 sed
935 5241 990 5287 et
1029 5243 1246 5285 carnem
1270 5222 1671 5283 circumferens,
1699 5232 1816 5273 eam
1848 5230 1940 5268 na-

356 5345 486 5389 turae
515 5330 716 5401 perpeti
741 5325 1056 5382 detrimenta
1089 5317 1371 5390 permittit,
1395 5323 1450 5369 et
1477 5313 1682 5368 esurire
1708 5316 1763 5362 ct
1790 5307 1940 5361 sitire

353 5435 410 5479 et
434 5423 665 5478 dormire
705 5427 760 5475 et
799 5413 1002 5486 fatigari
1034 5431 1048 5466 :
1077 5420 1344 5483 postremo
1400 5405 1559 5460 etiam
1605 5401 1671 5456 ad
1726 5413 1938 5454 crucem

358 5515 579 5570 veniens
613 5511 741 5566 sinit
783 5522 900 5562 eam
930 5519 1050 5574 quae
1087 5499 1266 5558 carnis
1321 5503 1445 5552 sunt
1492 5493 1620 5562 pati.
1651 5491 1941 5560 PrOpterea

356 5619 586 5675 Italllqlle
615 5613 670 5657 et
689 5608 850 5672 guttae
871 5595 1084 5651 sudoris
1106 5607 1172 5647 ex
1202 5589 1292 5644 illa
1321 5585 1602 5651 cadebant,
1632 5590 1689 5637 et
1719 5578 1944 5650 angelus

416 5787 490 5850 (a)
538 5783 744 5833 atl'ertur
767 5780 844 5829 hic
864 5777 1000 5828 locus
1026 5777 1072 5825 in
1098 5771 1274 5824 eodem
1295 5744 1504 5819 Concilio
1539 5773 1589 5816 \‘t
1622 5763 1940 5816 meumcuioo.

2051 478 2169 519 eam
2198 461 2528 519 confertas-ac
2558 461 2840 532 reperitur,
2889 470 2941 516 et
2991 461 3247 525 tristatur,
3302 470 3355 516 et
3414 470 3636 514 Incestus

2049 564 2149 610 est.
2176 555 2327 609 Prius
2351 556 2516 622 enim,
2548 571 2707 626 quam
2745 555 2859 610 huic
2906 555 3130 619 diceret,
3160 555 3232 608 ait
3262 571 3273 605 :
3316 555 3498 608 Anima
3525 571 3635 608 mea

2049 646 2247 699 turbata
2268 656 2360 711 est,
2391 657 2436 700 et
2466 648 2620 701 tristis
2647 657 2717 701 est
2750 663 2906 716 usque
2940 648 3006 700 ad
3037 659 3246 701 ntortem
3277 649 3294 714 (
3323 645 3507 699 Matth.
3539 646 3632 700 26.

2049 737 2175 807 58).
2224 737 2278 792 Si
2307 739 2448 792 enim
2480 737 2565 792 his
2590 739 2837 793 omnibus
2877 739 3061 809 gestis,
3108 739 3397 806 malignum
3427 752 3488 793 os
3514 737 3632 791 dia-

2046 828 2155 884 boli
2205 844 2300 899 per
2351 828 2673 883 Marcionem
2711 829 3012 894 Ponticum,
3066 837 3120 882 et
3166 827 3525 890 Valentinum,
3581 835 3634 880 et

2047 919 2394 974 Manicltteum
2415 919 2653 986 Persam,
2677 927 2730 973 et
2750 919 2881 972 alios
2896 919 3070 988 plures
3101 919 3365 972 Incresum
3385 928 3634 972 auctores

2047 1025 2349 1067 sermonem
2363 1011 2430 1066 de
2450 1010 2846 1082 dispensatione
2863 1008 2936 1081 (a)
2953 1010 3140 1079 potuit,
3159 1017 3415 1079 quantum
3435 1008 3485 1062 in
3506 1009 3633 1078 ipsis

2048 1109 2184 1167 erat,
2204 1100 2536 1166 subvertere,
2555 1109 2608 1155 et
2625 1100 2914 1156 satanicam
2933 1115 3114 1154 vocem
3128 1098 3322 1166 emisit,
3342 1107 3398 1153 ut
3412 1100 3631 1164 diceret,

2048 1205 2172 1246 eum
2205 1207 2378 1262 neque
2403 1193 2730 1247 incarnatum
2761 1207 2900 1260 esse,
2931 1207 3102 1262 neque
3129 1206 3343 1247 carnem
3371 1191 3630 1260 induisse,

2046 1282 2142 1338 sed
2172 1284 2402 1353 speciem
2435 1285 2486 1338 id
2516 1284 2798 1356 quamdam
2830 1284 3012 1350 fuisse,
3045 1283 3380 1353 phantasma,
3411 1283 3634 1340 simula-

2048 1374 2244 1429 tionem
2289 1390 2353 1430 ac
2381 1371 2601 1430 mimum
2634 1394 2647 1430 :
2679 1376 2885 1430 tametsi
2933 1376 3229 1444 passiones,
3275 1384 3330 1431 et
3377 1391 3543 1439 mors,
3578 1385 3632 1430 et

2045 1467 2368 1536 sepulcrum,
2405 1477 2458 1523 et
2506 1468 2672 1523 fames
2715 1469 3071 1524 reclamarent
3115 1485 3132 1524 :
3184 1469 3228 1522 si
3281 1469 3412 1523 nihil
3446 1473 3633 1523 horum

2042 1558 2375 1629 contigisset,
2397 1574 2572 1614 nonne
2596 1559 2762 1616 multo
2789 1561 3018 1630 amplius
3037 1561 3280 1617 diabolus
3309 1561 3422 1616 htec
3449 1561 3634 1632 impie-

2047 1651 2166 1701 tatis
2218 1649 2444 1716 pessima
2495 1649 2740 1719 dogmata
2787 1651 3226 1706 disseminasset?
3274 1651 3632 1718 Quamobrem

2044 1740 2182 1794 sicut
2199 1741 2440 1805 esurivit,
2464 1743 2602 1801 sicut
2633 1739 2879 1812 fatigatus
2906 1751 3006 1806 est,
3040 1743 3178 1798 sicut
3203 1742 3474 1810 dormivit,
3498 1743 3634 1797 sicut

2045 1831 2404 1898 manducavit,
2436 1833 2572 1887 sicut
2613 1833 2763 1897 bibit,
2795 1834 2872 1888 sic
2919 1844 2972 1889 et
3016 1844 3242 1890 mortem
3296 1844 3526 1901 recusat,
3580 1834 3630 1889 id

2043 1921 2189 1989 quod
2225 1931 2309 1977 est
2361 1923 2647 1978 humanum
2699 1925 3008 1989 ostendens,
3052 1934 3106 1979 ct
3148 1925 3504 1980 infirmitatem
3533 1941 3632 1978 na-

2045 2019 2198 2076 turm,
2222 2028 2340 2081 quae
2369 2014 2522 2068 avelli
2552 2028 2611 2068 se
2645 2029 2676 2068 a
2707 2016 2952 2084 praesenti
2985 2015 3088 2068 vita
3136 2015 3252 2070 sine
3301 2015 3487 2070 dolore
3527 2030 3630 2070 non

2046 2104 2266 2172 patitur.
2294 2104 2426 2160 Nam
2452 2105 2496 2159 si
2520 2105 2650 2160 nihil
2669 2106 2856 2160 horum
2878 2106 3122 2172 dixisset,
3145 2107 3592 2177 potuissetdicere
3616 2125 3630 2162 :

2043 2195 2097 2248 Si
2132 2195 2292 2249 homo
2316 2205 2449 2261 erat,
2481 2197 2761 2266 Oportebat
2785 2212 2906 2251 eum
2936 2197 3044 2267 pati
3074 2213 3193 2267 qua:
3218 2197 3446 2253 hominis
3486 2209 3630 2253 sunt.

2045 2284 2298 2352 Qutenam
2324 2295 2500 2342 autem
2532 2286 2618 2341 illa
2645 2287 2805 2342 sunt?
2842 2286 2908 2342 Ut
2932 2288 3182 2342 nimirum
3204 2287 3292 2357 qui
3320 2287 3632 2358 cruciﬁgeth

2044 2373 2144 2428 dus
2171 2381 2310 2435 erat.
2343 2373 2656 2430 formidaret
2685 2385 2739 2431 et
2759 2377 2949 2431 anxius
2975 2385 3148 2444 esset,
3178 2392 3277 2433 nec
3305 2379 3420 2433 sine
3448 2377 3636 2433 dolore

2044 2478 2074 2516 a
2103 2465 2354 2534 prmsenti
2391 2466 2494 2520 vita
2536 2467 2883 2532 avelleretur;
2914 2467 3173 2536 siquidem
3218 2467 3404 2521 insitus
3430 2477 3512 2522 cst
3535 2483 3631 2521 na.

2047 2564 2178 2610 tura:
2208 2571 2361 2610 amor
2407 2558 2748 2627 prtesentium
2778 2573 2794 2612 2
2829 2567 3104 2627 ριόριοτρει
3132 2573 3251 2612 cum
3282 2573 3466 2613 verum
3510 2573 3632 2614 CSSO

2045 2647 2221 2701 carnis
2271 2647 2638 2702 indumentum
2670 2648 2827 2703 vellet
2862 2647 3162 2714 ostendere,
3192 2664 3255 2703 ac
3273 2647 3631 2719 dispensatio—

2045 2753 2166 2792 nem
2190 2737 2499 2794 credibilem
2533 2739 2778 2804 reddere,
2809 2739 2971 2793 multa
3000 2754 3120 2794 cum
3166 2739 3625 2794 demonstratione

2047 2830 2325 2898 passiones
2367 2830 2508 2900 ipsas
2534 2829 2702 2886 nudas
2729 2831 3024 2900 proposuit.
3049 2830 3114 2884 Et
3140 2834 3253 2884 Inrc
3290 2830 3502 2900 quidem
3531 2847 3630 2888 una

2045 2930 2126 2974 est
2152 2921 2286 2975 ratio
2314 2938 2328 2974 :
2360 2920 2454 2975 sed
2484 2929 2538 2976 ct
2557 2921 2720 2974 altera
2740 2921 2980 2990 qtttcdam
3009 2931 3090 2975 est
3113 2920 3281 2975 nihilo
3305 2921 3402 2975 ista
3431 2921 3625 2976 minor.

2047 3009 2174 3065 llaec
2199 3027 2441 3081 quamam
2489 3011 2607 3066 est?
2661 3009 2963 3066 Adveniens
2989 3011 3235 3067 Christus
3267 3027 3480 3067 omnem
3520 3013 3631 3067 vir-

2048 3107 2212 3154 tutem
2261 3099 2505 3156 homines
2554 3095 2748 3156 docere
2776 3099 3024 3155 volebat:
3054 3111 3105 3155 at
3127 3100 3172 3155 is
3199 3102 3287 3172 qui
3337 3101 3494 3157 doce:
3527 3118 3631 3158 non

2046 3189 2210 3244 verbo
2241 3188 2411 3244 solum
2465 3188 2558 3244 sed
2587 3190 2746 3245 etiam
2793 3205 2960 3261 opere
3012 3191 3222 3246 instruit
3254 3209 3266 3244 :
3296 3192 3410 3246 h:rc
3437 3192 3632 3262 quippe

2045 3279 2280 3336 doctoris
2308 3277 2509 3351 optima
2535 3292 2618 3337 est
2653 3281 2916 3337 doctrina.
2970 3283 3408 3354 Quandoquidem
3439 3284 3626 3355 guber-

2047 3383 2200 3427 nator
2245 3388 2456 3444 quoque
2497 3371 2622 3429 dum
2668 3373 2983 3444 discipulum
3021 3375 3264 3440 collocat,
3323 3391 3429 3446 quo
3480 3385 3635 3446 pacto

2046 3463 2249 3518 clavum
2292 3475 2500 3531 traCtet,
2539 3467 2795 3532 ostendit,
2849 3479 2895 3520 et
2923 3466 3078 3520 simul
3109 3467 3258 3536 aperi
3289 3466 3510 3521 verbum
3539 3468 3621 3522 ad-

2041 3553 2235 3624 jungit,
2273 3565 2326 3608 et
2369 3570 2539 3624 neque
2566 3555 2799 3625 loquitur
2855 3555 3244 3622 tantmnmodo,
3298 3573 3467 3626 neque
3517 3566 3639 3611 tan-

2049 3644 2322 3700 tummodo
2347 3656 2597 3716 operatur
2631 3664 2643 3700 :
2676 3647 2787 3715 pari
2811 3647 3014 3701 ratione
3052 3661 3172 3700 cum
3204 3647 3434 3701 medium
3461 3647 3629 3703 addu-

2045 3737 2112 3791 cit
2159 3754 2303 3803 eum,
2334 3754 2490 3808 quem
2521 3737 2586 3793 ad
2618 3738 2995 3794 exstruendum
3036 3755 3244 3793 mttrum
3276 3739 3630 3795 instructurus

2048 3836 2132 3881 est
2183 3828 2526 3893 architectus,
2553 3827 2708 3882 docet
2758 3828 2902 3881 illutn
2935 3843 3118 3897 Opere,
3151 3829 3307 3883 docet
3345 3838 3396 3882 et
3428 3829 3626 3884 verbo:

2049 3917 2294 3972 similiter
2314 3926 2366 3973 et
2396 3925 2571 3972 textor
2599 3927 2654 3973 et
2683 3917 2907 3989 phrygio
2949 3925 3002 3972 ct
3031 3919 3144 3971 auri
3197 3917 3361 3983 lusor,
3385 3927 3439 3973 ct
3483 3919 3630 3974 faber

2047 4010 2268 4066 :crarius
2297 4019 2351 4066 et
2371 4009 2544 4065 omnis
2570 4009 2783 4072 artifex,
2807 4025 2924 4065 cum
2955 4008 3133 4064 verbis
3157 4007 3331 4075 docet,
3364 4019 3474 4064 tum
3497 4025 3630 4080 ope-

2047 4102 2216 4158 ribus.
2242 4102 2466 4171 Quando
2496 4101 2656 4173 igitur
2679 4111 2733 4156 ct
2761 4101 2875 4171 ipse
2901 4115 2998 4156 nos
3022 4099 3088 4155 ad
3134 4115 3348 4155 omnem
3381 4101 3627 4156 virtutem

2046 4196 2399 4250 instructurus
2423 4193 2662 4262 advenit,
2714 4202 2990 4263 propterea
3018 4202 3072 4247 et
3097 4208 3216 4264 qua:
3244 4190 3480 4248 facienda
3508 4201 3631 4248 sunt

2045 4289 2192 4356 dicit,
2222 4299 2275 4344 ct
2301 4290 2413 4359 ipse
2439 4287 2660 4359 peragit.
2695 4283 2794 4350 Qui
2833 4285 2964 4339 enim
2994 4285 3186 4354 fecerit,
3225 4285 3414 4356 inquit,
3467 4295 3512 4338 et
3538 4286 3631 4339 do-

2045 4381 2221 4449 cuerit,
2254 4381 2334 4434 hic
2357 4396 2570 4450 magnus
2599 4378 2854 4431 vocabitur
2878 4378 2930 4431 in
2958 4394 3112 4448 regno
3141 4378 3378 4432 cartorum
3403 4376 3628 4447 (Matth.

2044 4475 2099 4529 5.
2125 4473 2192 4528 19
2212 4471 2362 4542 ).Sic
2403 4481 2581 4525 autem
2612 4485 2726 4524 rem
2749 4468 2990 4538 expende
3021 4484 3035 4519 :
3060 4468 3285 4522 humiles
3311 4477 3365 4521 ut
3389 4481 3630 4523 essemus

2045 4580 2108 4619 ac
2137 4565 2293 4618 mites
2324 4562 2596 4632 prtecepit,
2628 4568 2685 4614 ct
2721 4558 2900 4614 verbis
2925 4557 3104 4612 docuit
3137 4575 3150 4610 :
3187 4557 3306 4612 vide
3347 4572 3453 4628 quo
3474 4570 3630 4625 pacto

2046 4665 2100 4711 et
2125 4653 2285 4709 rebus
2317 4653 2443 4724 ipsis
2471 4653 2556 4706 illa
2605 4648 2864 4706 docuerit.
2892 4647 3026 4702 Cum
3053 4648 3192 4701 enim
3221 4646 3458 4711 dixisset,
3488 4633 3637 4701 Beati

2057 4758 2310 4812 pauperes
2336 4752 2548 4810 spiritu,
2583 4743 2724 4796 beati
2740 4741 2893 4795 mites
2908 4735 3327 4805 (Mattlt.5.5.4).
3347 4755 3454 4810 quo
3476 4751 3634 4810 parto

2059 4832 2151 4888 illa
2191 4832 2496 4903 praestanda
2541 4833 2673 4896 sint,
2727 4831 2958 4886 indicat.
2998 4829 3246 4895 Quonam
3288 4845 3418 4899 ergo
3473 4843 3632 4900 pacto

2058 4922 2288 4979 docuit?
2318 4924 2455 4978 Cum
2493 4925 2795 4994 accepisset
2843 4925 3095 4982 linteum,
3133 4921 3418 4991 praecinxit
3457 4930 3539 4988 se,
3574 4929 3628 4976 et

2060 5013 2193 5068 lavit
2217 5012 2381 5084 pedes
2410 5013 2803 5083 discipulorum
2828 5011 3014 5079 (Joan.
3035 5011 3121 5064 15.
3147 5009 3202 5064 4.
3233 5008 3306 5078 5).
3331 5008 3472 5073 Quid
3498 5025 3624 5065 cum

2003 5143 2008 5146 -
2047 5111 2147 5166 hac
2171 5107 2472 5164 humilitate
2512 5101 2739 5158 conferri
2771 5097 2980 5170 potest?
3006 5096 3119 5152 Non
3147 5095 3287 5150 enim
3309 5095 3419 5164 jam
3453 5094 3630 5148 verbis

2049 5211 2252 5258 tantum
2278 5199 2419 5254 illam
2443 5194 2617 5260 docet,
2639 5206 2823 5246 verum
2855 5188 3012 5244 etiam
3038 5186 3312 5260 operibus.
3329 5184 3631 5260 Mansuetth

2048 5297 2225 5352 dinem
2251 5303 2436 5346 rursus
2463 5296 2517 5342 et
2549 5283 2857 5357 patientiam
2901 5279 3055 5336 docet
3086 5256 3354 5349 operibus.
3381 5256 3643 5340 Quonam‘

2048 5384 2242 5460 pacto?
2267 5383 2429 5453 Alapa
2451 5393 2739 5452 percussus
2762 5385 2844 5431 est
2869 5389 2897 5428 a
2929 5387 3085 5428 servo
3130 5368 3416 5440 pontificis,
3437 5375 3491 5418 et
3515 5366 3586 5418 ait
3606 5381 3620 5418 :

2051 5456 2113 5539 Si
2135 5477 2338 5552 quidem
2376 5474 2510 5529 male
2538 5474 2772 5542 loquutus
2800 5483 2932 5530 sunt,
2973 5461 3310 5518 testimonium
3339 5457 3541 5529 perhibe
3569 5456 3631 5508 de

2049 5546 2184 5630 malo
2211 5588 2229 5627 :
2257 5572 2300 5628 si
2347 5578 2513 5624 autem
2538 5568 2678 5629 bene,
2704 5561 2826 5632 quid
2861 5573 2939 5611 me
2963 5555 3115 5611 cordis
3145 5551 3330 5624 (Joan.
3369 5548 3448 5605 l8.
3483 5546 3628 5618 πῃ

2115 5690 2188 5753 (a)
2221 5695 2289 5736 ne
2311 5677 2696 5753 Dispensatione.
2719 5674 2811 5722 hoc
2828 5675 2922 5753 est.
2941 5669 3004 5753 de
3029 5662 3533 5753 iquam
3561 5661 3636 5709 vel

2052 5721 2741 5817 H-‘i?i§5{§¢§¢r¢
2767 5747 2848 5795 exi
2867 5721 3072 5779 lieabant
3096 5723 3310 5774 ltmt'etici
3328 5721 3412 5772 illi.
