4066 6274
461 319 531 374 88
1173 314 1230 369 S.
1271 312 1550 370 JOANNIS
1586 313 2059 371 CIIRYSOSTOMI
2098 313 2420 371 ARCHIEP.
2459 317 2992 378 CONSTANTINOP.
3665 331 3738 385 ιο

460 438 566 492 Pro
607 433 832 488 inimicis
862 445 1016 485 orare
1061 429 1348 500 prmcepit:
1383 442 1566 484 rursus
1595 429 1696 483 hoc
1723 431 1880 484 etiam
1919 442 2042 498 ope-

459 526 604 580 ribus
629 524 786 578 docet
815 540 830 577 :
858 537 978 577 cum
1008 523 1150 576 enim
1192 525 1244 576 in
1271 536 1484 577 crucem
1515 522 1862 587 ascendisset,
1885 521 2036 581 dixit,

459 617 633 680 l’ater,
665 615 857 670 dimitte
878 617 979 670 illis
1004 631 1136 680 ;non
1160 616 1291 669 enim
1313 617 1478 670 sciunt
1513 617 1634 687 quid
1663 610 1896 685 faciunt(
1911 611 2036 665 Luc.

451 706 542 760 25.
567 707 632 760 54
656 707 694 774 ).
718 703 790 761 Ut
819 706 978 776 igitur
1007 706 1258 776 praecepit
1295 713 1352 760 ut
1371 719 1663 769 oraremus,
1713 704 1790 757 sic
1825 709 1879 756 et
1920 708 2041 755 orat

454 801 590 866 ipse,
632 806 793 867 teque
821 797 978 852 docet
1003 812 1180 862 orare,
1218 812 1339 852 cum
1378 811 1474 850 nec
1506 796 1616 864 ipse
1643 792 1939 848 dimittendi
1969 793 2041 847 sit

453 900 716 959 petestate
755 890 1060 945 destitutus.
1093 889 1351 956 Pratcepit
1393 902 1594 952 rursus,
1625 896 1680 940 ut
1717 887 1781 941 iis
1823 886 1911 956 qui
1941 899 2038 940 nos

451 983 682 1038 oderunt
719 982 1175 1044 bcnel‘aeeremus,
1227 994 1288 1032 ac
1326 979 1394 1032 de
1442 978 1542 1031 illis
1581 977 1796 1046 quinos
1833 977 2037 1032 calum-

454 1074 669 1130 niantur
701 1074 838 1128 bene
873 1083 1201 1125 mercremur
1234 1065 1457 1139 (Matth.
1478 1067 1530 1122 5.
1555 1068 1622 1121 Η
1644 1067 1702 1136 ):
1732 1066 1833 1122 hoc
1856 1073 2033 1121 autem

450 1178 617 1233 apere
643 1164 758 1233 ipso
786 1159 1072 1229 complevit
1099 1176 1112 1210 :
1140 1158 1402 1228 siquidem
1431 1173 1494 1211 ex
1516 1155 1716 1213 Judxis
1761 1158 2033 1213 dmmones

449 1254 671 1324 expulit,
703 1267 732 1305 a
765 1251 955 1323 quibus
981 1259 1261 1320 correptus
1290 1265 1320 1303 a
1351 1249 1595 1304 dmmone
1639 1249 2030 1318 appellabatur,

451 1354 832 1414 persequentes
878 1358 937 1397 se
984 1340 1261 1396 beneficiis
1321 1337 1659 1404 cumulabat,
1718 1338 2033 1395 insidiantes

446 1435 640 1498 alebat,
673 1433 983 1502 cruciﬁgere
1011 1432 1251 1486 volentes
1292 1429 1359 1484 ad
1412 1444 1632 1500 regnum
1665 1443 1826 1482 manu
1863 1427 2027 1484 duce-

445 1527 554 1581 bat.
595 1526 799 1580 Rursus
841 1524 906 1578 ad
953 1523 1244 1593 discipulos
1283 1522 1534 1578 dicebat:
1566 1521 1742 1575 Nolite
1778 1521 2033 1590 possidere

443 1633 647 1679 aurum,
701 1631 858 1684 neque
911 1622 1194 1684 argentum,
1262 1629 1421 1684 neque
1473 1613 1734 1684 pecuniam
1783 1612 1838 1665 in
1885 1612 2030 1666 sonis

443 1707 617 1761 uestris
637 1704 856 1776 (Matth.
883 1705 971 1759 10.
1000 1705 1072 1774 9)
1098 1747 1111 1770 ,
1143 1715 1204 1759 ut
1243 1705 1308 1759 ad
1339 1714 1706 1776 paupertatem
1739 1704 1983 1759 incitaret
2011 1722 2026 1761 :

443 1798 544 1852 hoc
592 1813 778 1851 rursus
822 1796 1072 1868 operibus
1120 1795 1364 1861 docebat,
1414 1810 1534 1850 cum
1576 1795 1646 1849 ita
1678 1795 2028 1866 loqueretur:

454 1892 636 1962 Vulpes
669 1895 835 1963 foveas
875 1891 1096 1956 habent,
1135 1901 1182 1943 et
1217 1889 1438 1943 volucres
1481 1887 1593 1942 creti
1639 1887 1786 1941 nidos
1813 1902 1832 1940 :
1861 1885 2028 1940 Filius

439 1995 607 2038 autem
645 1983 864 2036 hominis
889 1998 989 2036 non
1041 1981 1186 2034 habet
1225 1981 1310 2033 ubi
1351 1989 1498 2049 caput
1548 1978 1752 2032 reclinet
1798 1976 2024 2049 (Matth.

439 2077 491 2130 8.
519 2074 629 2143 '20)
665 2091 678 2127 :
704 2087 875 2142 neque
897 2086 1080 2126 mensa
1109 2070 1182 2124 illi
1205 2080 1341 2136 erat,
1375 2083 1478 2122 non
1501 2067 1713 2134 domus,
1745 2083 1850 2122 non
1881 2067 2026 2122 aliud

439 2166 728 2238 quid-luant
771 2163 1080 2236 ejusmodi:
1127 2176 1233 2216 non
1286 2159 1427 2230 quod
1477 2173 1675 2229 egenus
1728 2169 1891 2225 esset,
1931 2159 2026 2214 sed

439 2262 580 2328 quod
631 2260 873 2315 homines
919 2257 985 2312 ad
1029 2255 1166 2310 hanc
1209 2251 1553 2308 insistendum
1597 2253 1738 2306 viam
1767 2253 2022 2308 erudiret.

441 2355 551 2408 llac
602 2354 847 2407 nimirum
896 2349 1103 2405 ratione
1143 2345 1369 2401 docebat
1413 2344 1532 2398 illos
1561 2359 1736 2398 orare.
1771 2344 2029 2398 Dicebant

443 2447 604 2515 igitur
649 2444 769 2498 illi:
817 2441 959 2496 Dore
1006 2455 1096 2492 nos
1143 2451 1290 2491 orare
1325 2433 1488 2506 (Luc.
1538 2435 1626 2491 ll.
1684 2430 1774 2506 1).
1823 2433 2026 2489 Idcirco

439 2541 597 2590 etiam
646 2543 782 2598 orat,
816 2540 950 2586 utet
993 2528 1070 2584 illi
1108 2527 1314 2582 discant
1339 2541 1513 2581 orare.
1544 2525 1652 2581 Sed
1685 2541 1790 2580 non
1819 2534 2023 2580 tantum

437 2641 612 2691 orare,
640 2623 1009 2686 vcrumetiatn,
1037 2634 1142 2690 quo
1164 2628 1318 2689 pacto
1338 2617 1597 2673 deberent
1616 2632 1793 2681 orare,
1818 2616 2025 2672 discere

438 2723 554 2774 illos
587 2715 821 2786 Oportuit
845 2733 857 2768 :
885 2721 1162 2785 propterea
1209 2725 1402 2780 nempe
1429 2707 1645 2763 tradidit
1667 2718 1722 2763 ct
1773 2708 1878 2763 illis
1906 2722 2025 2763 ora-

438 2813 634 2864 tionem
665 2807 716 2860 in
746 2805 859 2859 ha-c
886 2803 1045 2858 verba
1074 2808 1384 2872 conceptam
1413 2816 1426 2852 :
1464 2797 1618 2852 Pater
1641 2807 1828 2864 noster,
1852 2798 1936 2868 qui
1972 2813 2024 2852 es

434 2907 488 2958 in
526 2901 680 2966 ca'lis,
731 2897 1066 2966 saneti/icetur
1108 2908 1290 2946 nomen
1319 2899 1481 2944 tuum.
1529 2889 1772 2944 Adveniet
1813 2906 2023 2961 regnum

435 3010 596 3052 tuum.
626 2994 741 3048 Fiat
762 2993 988 3047 voluntas
1017 2997 1131 3051 tua,
1157 2985 1284 3040 sicut
1318 2985 1370 3037 in
1399 2982 1523 3037 calo
1545 2993 1589 3037 et
1620 2983 1670 3036 in
1715 2991 1867 3036 terra.
1911 2979 2022 3034 Pa-

435 3107 545 3144 neut
569 3096 795 3140 nostrum
829 3079 1176 3153 quotidianum
1220 3077 1286 3129 da
1323 3074 1464 3129 nobis
1493 3075 1662 3132 hodie.
1713 3073 1779 3127 Et
1828 3073 2024 3132 dimitte

433 3180 573 3235 nobis
612 3177 778 3230 debita
814 3183 1006 3236 nostra,
1030 3171 1157 3223 sicut
1187 3177 1231 3222 et
1265 3185 1356 3222 nos
1393 3167 1692 3220 dimittimus
1714 3165 2023 3224 debitoribus

435 3271 640 3326 nostris.
670 3267 734 3320 Et
761 3283 822 3320 ne
851 3282 940 3318 nos
963 3263 1172 3316 inducas
1197 3262 1248 3314 in
1272 3260 1635 3329 tentationem(
1666 3256 1748 3313 Ib.
1774 3276 1825 3318 υ,
1856 3262 2018 3333 24),

432 3367 533 3421 hoc
585 3373 706 3428 et,
761 3363 812 3416 in
867 3359 1179 3430 periculum,
1235 3356 1288 3410 in
1340 3353 1580 3410 insidias.
1608 3353 1832 3426 Quando
1863 3356 2022 3425 igitur

429 3471 585 3510 orare
624 3453 812 3524 jussit,
859 3449 942 3503 Ne
984 3464 1074 3501 nos
1113 3447 1326 3501 inducas
1375 3446 1427 3499 in
1484 3447 1829 3512 tentationem,
1881 3447 2018 3502 istud

431 3550 604 3619 ipsum
634 3545 807 3616 reipsa
837 3542 995 3596 docet
1033 3539 1153 3594 illos
1174 3580 1189 3605 ,
1219 3539 1344 3594 dum
1377 3537 1471 3607 ait,
1501 3538 1680 3606 Pater,
1717 3540 1759 3594 si
1783 3539 2020 3610 possibile

427 3647 521 3706 est,
549 3644 766 3692 transeat
783 3651 814 3686 a
843 3649 921 3686 nte
945 3632 1081 3686 calix
1108 3632 1219 3696 iste,
1250 3630 1379 3688 dum
1401 3646 1586 3687 omnes
1603 3642 1818 3686 sanctus
1837 3631 2014 3698 docet,

429 3747 496 3786 ne
518 3726 765 3800 periculis
783 3739 901 3778 sese
926 3723 1198 3792 objiciaut,
1223 3738 1398 3793 neque
1425 3737 1484 3778 se
1506 3722 1808 3793 prtccipites
1834 3732 2012 3790 agant,

427 3822 520 3877 sed
549 3817 796 3875 iusultum
836 3814 1262 3873 adversariorum
1310 3821 1638 3886 exspectent,
1696 3829 2018 3884 omnemque

427 3911 790 3969 fortitudinem
821 3923 931 3981 pne
980 3924 1039 3964 se
1091 3908 1264 3964 ferant
1292 3924 1306 3961 :
1340 3922 1444 3962 non
1473 3917 1650 3961 tamen
1680 3915 1737 3960 ut
1763 3905 1861 3975 ipsi
1895 3923 2017 3975 pro-

425 4005 621 4069 siliant,
671 4015 837 4074 seque
887 4005 1094 4072 priores
1141 3999 1294 4054 malis
1338 3999 1611 4068 objicient.
1643 3997 1780 4063 Quid
1813 3997 1916 4051 ita?
1950 3997 2016 4052 Ut

427 4095 676 4152 nimirum
697 4093 1049 4150 humilitatem
1073 4091 1284 4157 doceat,
1332 4100 1386 4146 et
1412 4107 1560 4144 vanae
1583 4090 1767 4161 gloria:
1792 4091 2016 4144 crimine

425 4187 634 4246 liberet.
666 4185 835 4252 Quam
865 4185 1026 4239 etiam
1053 4183 1122 4237 ob
1141 4196 1353 4236 causam
1378 4181 1462 4235 hic
1485 4196 1718 4250 quoque,
1745 4179 1869 4234 dum
1901 4179 2016 4235 lucc

427 4280 654 4344 diceret,
705 4276 910 4339 Abiens,
964 4272 1320 4342 inquit,oravit
1370 4269 1590 4342 (Matth.
1640 4270 1731 4325 26.
1788 4271 1914 4340 39),
1961 4279 2015 4326 cl

427 4378 706 4440 postquam
755 4376 980 4430 orasset,
1011 4366 1082 4420 ita
1111 4365 1246 4418 dixit
1295 4363 1586 4434 discipulis,
1634 4362 1756 4418 Non
1784 4364 2014 4434 potuistis

421 4479 524 4516 una
546 4463 671 4516 hora
692 4461 898 4530 vigilare
927 4458 1158 4511 mecum?
1195 4455 1428 4528 Vigilate,
1459 4466 1504 4509 et
1532 4465 1689 4521 orate,
1722 4473 1784 4510 ne
1817 4456 2014 4510 intretis

2151 427 2203 481 in
2239 431 2557 485 tentationem
2587 431 2705 504 (Ib.
2737 451 2783 487 ιν.
2808 435 2896 488 40.
2938 435 3066 505 41).
3103 436 3261 494 Vides
3297 447 3355 494 ut
3406 453 3512 495 non
3553 443 3730 500 solum

2150 528 2287 582 oret,
2336 521 2428 574 sed
2454 522 2612 577 etiam
2665 525 2985 580 admoneat?
3029 527 3258 598 Spiritus
3295 532 3433 587 enim
3471 547 3736 604 promptus

2147 619 2240 673 est,
2288 611 2476 680 inquit,
2525 630 2643 668 raro
2690 625 2856 671 autem
2891 618 3150 690 inﬁrma!
3163 617 3303 675 Ibid.
3365 637 3412 675 υ.
3470 625 3593 696 41).
3619 627 3734 681 Hoc

2144 707 2322 752 autem
2365 701 2594 768 dicebat,
2645 713 2700 756 ut
2729 720 2796 758 ex
2835 721 3020 761 eorum
3060 709 3236 764 anima
3285 710 3476 767 fastum
3518 729 3734 771 omnem

2143 790 2453 862 depelleret,
2487 804 2543 848 ut
2566 811 2660 850 eos
2687 801 2934 866 superbia
2967 800 3236 870 liberaret,
3285 803 3517 862 humiles
3545 808 3735 864 redde-

2142 892 2245 948 ret,
2279 899 2340 937 ae
2387 886 2657 942 modestos
2695 887 2948 945 efﬁceret.
2989 891 3144 960 Quod
3185 893 3347 964 igitur
3379 911 3474 952 eos
3527 901 3733 969 precari

2140 975 2336 1033 docere
2364 980 2596 1048 volebat,
2652 981 2753 1037 hoc
2783 992 2836 1039 et
2885 984 2998 1054 ipse
3047 987 3362 1056 precabatur
3403 989 3731 1059 humanitus,

2140 1083 2244 1122 non
2277 1071 2568 1126 secundum
2595 1073 2928 1132 divinitatem
2960 1077 3080 1149 (est
3105 1081 3247 1135 enim
3268 1084 3442 1138 omnis
3467 1088 3734 1156 passionis

2137 1176 2328 1231 evpers
2373 1164 2578 1220 Numen
2599 1169 2639 1237 ),
2671 1169 2765 1224 sed
2797 1171 3083 1227 secundum
3125 1174 3528 1234 humanitatem.
3561 1180 3733 1238 Porro

2139 1263 2195 1307 ut
2218 1270 2315 1309 nos
2347 1271 2503 1312 orare
2523 1259 2758 1328 doceret,
2791 1263 2995 1330 orabat,
3023 1275 3076 1321 et
3100 1279 3312 1338 semper
3326 1285 3569 1340 qu:erere
3597 1274 3733 1330 libe-

2137 1344 2244 1398 rari
2299 1360 2330 1399 a
2375 1348 2526 1403 malis
2553 1366 2567 1402 :
2596 1354 2736 1420 quod
2768 1353 2812 1407 si
2864 1353 2978 1409 fieri
3010 1367 3272 1426 nequeat,
3301 1373 3402 1426 eo,
3435 1361 3574 1431 quod
3620 1363 3731 1420 Deo

2135 1433 2308 1490 visum
2379 1431 2561 1506 fuerit,
2617 1451 2895 1499 contentos
2947 1461 3087 1501 esse.
3149 1447 3435 1519 Propterea
3485 1453 3726 1525 dicebat,

2150 1524 2501 1584 Verumtamen
2533 1549 2631 1586 non
2682 1535 2809 1588 sicut
2847 1553 2937 1607 ego
2974 1539 3107 1606 volo,
3148 1541 3238 1593 sed
3277 1542 3404 1596 sicut
3429 1553 3482 1598 tu
3507 1524 3725 1615 (Matth.

2134 1616 2225 1671 26.
2254 1619 2357 1689 59)
2387 1637 2400 1673 :
2431 1636 2535 1675 non
2559 1623 2701 1693 quod
2731 1626 2830 1679 alia
2872 1627 3117 1682 voluntas
3163 1629 3280 1699 ejus
3319 1642 3482 1699 esset,
3530 1645 3585 1690 et
3625 1636 3727 1696 alia

2135 1708 2341 1776 Patris;
2372 1712 2465 1766 sed
2498 1723 2554 1767 ut
2609 1716 2850 1772 homines
2899 1717 3138 1787 doceret,
3182 1723 3426 1792 quamvis
3479 1736 3726 1794 a'stueut,

2132 1805 2374 1872 quamvis
2441 1814 2714 1874 tremant,
2784 1813 3026 1880 quamvis
3084 1814 3316 1882 pericula
3372 1816 3726 1888 immineant,

2133 1895 2378 1964 quamvis
2427 1895 2496 1952 ab
2540 1898 2641 1953 hac
2687 1900 2790 1954 vita
2835 1902 3002 1956 nolint.
3049 1904 3227 1971 avelli,
3282 1907 3509 1978 propria:
3549 1918 3726 1969 tamen

2132 1987 2388 2042 voluntati
2443 1989 2536 2044 Dei
2605 1993 2856 2060 prmferre
2915 1994 3241 2050 voluntatem
3291 2013 3304 2050 :
3353 1998 3495 2069 quod
3547 2005 3728 2074 utique

2135 2078 2328 2135 l‘aultts
2385 2080 2607 2137 edoctus
2653 2098 2832 2154 agere,
2887 2095 3171 2156 utrumque
3218 2103 3384 2159 opere
3435 2096 3726 2163 prmstitit:

2133 2183 2256 2222 nam
2286 2177 2340 2224 et
2387 2173 2703 2228 tentationes
2728 2191 2756 2227 a
2783 2191 2841 2230 se
2871 2178 3156 2244 postulavit
3203 2185 3460 2248 amoveri,
3490 2200 3610 2240 cum
3657 2187 3726 2244 ita

2131 2257 2336 2314 diceret
2367 2279 2379 2313 :
2407 2259 2625 2333 PrOpter
2665 2267 2802 2336 quod
2847 2277 2920 2320 ter
2949 2265 3227 2325 Dominum
3255 2275 3430 2343 rogavi
3473 2274 3558 2344 (2.
3603 2276 3722 2329 Cor.

2133 2347 2217 2401 12.
2244 2347 2313 2420 8)
2342 2366 2354 2402 :
2384 2359 2439 2404 et
2478 2353 2729 2421 quoniam
2779 2355 2891 2410 Deo
2919 2357 3091 2413 visum
3139 2375 3245 2414 non
3276 2371 3378 2428 est,
3413 2363 3601 2432 inquit,
3633 2364 3725 2418 Id-

2129 2444 2263 2496 circo
2289 2443 2487 2512 placide
2513 2449 2773 2516 acquiesco
2799 2449 2851 2506 in
2877 2451 3279 2522 inﬁrmitatibus,
3308 2457 3360 2510 in
3383 2460 3721 2525 contumeliis,

2129 2533 2181 2585 in
2226 2537 2690 2605 persequuttonibus
2727 2537 2843 2613 (Ib.
2871 2559 2918 2598 v.
2949 2544 3073 2616 10).
3107 2544 3266 2600 Forte
3291 2562 3420 2603 vero
3459 2565 3566 2604 non
3591 2554 3723 2608 satis

2129 2635 2370 2691 apertum
2392 2633 2492 2692 est,
2521 2631 2666 2701 quod
2684 2631 2878 2688 dicitur
2904 2652 2916 2687 :
2951 2635 3127 2706 itaque
3153 2637 3483 2694 manifestius
3515 2656 3544 2695 a
3568 2643 3722 2697 nobis

2129 2712 2403 2769 reddetur.
2455 2716 2636 2776 Multis
2687 2723 3032 2781 obsidebatur
3081 2729 3330 2797 periculis
3376 2731 3612 2796 Paulus,
3668 2745 3722 2790 et

2127 2804 2335 2875 orabat,
2353 2822 2422 2865 ne
2439 2811 2687 2880 periculis
2704 2813 3044 2884 objicerelur.
3067 2817 3283 2873 Audivit
3309 2837 3435 2892 ergo
3450 2821 3719 2879 Christum

2125 2892 2390 2954 dicentem
2420 2917 2433 2954 :
2467 2899 2661 2972 Suﬁicit
2691 2905 2781 2957 tibi
2803 2907 2967 2975 gratia
2989 2923 3097 2961 mea
3121 2923 3139 2962 :
3174 2909 3329 2964 uirtus
3354 2912 3488 2967 enim
3533 2929 3644 2968 mea
3667 2914 3720 2968 in

2127 2983 2420 3056 infirmitate
2469 2993 2730 3062 perﬁcitur
2777 2994 2895 3066 (Ib.
2945 3012 2991 3052 υ.
3039 2999 3133 3068 9).
3188 3000 3476 3072 Postquam
3525 3005 3717 3074 igitur,

2127 3096 2372 3151 quamam
2405 3093 2547 3140 esset
2577 3086 2670 3141 Dei
2700 3089 2960 3155 voluntas,
2987 3093 3222 3161 agnovit,
3251 3103 3361 3148 tum
3384 3097 3714 3154 voluntatem

2126 3187 2276 3228 suam
2294 3174 2547 3244 deinceps
2568 3177 2659 3232 Dei
2681 3179 2938 3235 voluntati
2955 3182 3200 3252 subjecit.
3233 3184 3358 3240 lla‘c
3381 3185 3539 3257 igitur
3569 3197 3716 3242 utra-

2125 3278 2228 3334 que
2247 3279 2340 3333 per
2359 3267 2652 3322 orationem
2679 3269 2833 3324 istam
2855 3270 3055 3338 docuit,
3087 3281 3142 3326 ut
3171 3289 3340 3344 neque
3353 3277 3601 3346 periculis
3619 3295 3713 3334 nos

2124 3353 2456 3423 obiiciamus,
2483 3357 2576 3412 sed
2620 3365 2673 3413 et
2702 3373 2918 3415 oremus
2945 3377 3011 3417 ne
3049 3363 3100 3417 in
3145 3379 3208 3418 ea
3259 3365 3552 3422 incidamus
3586 3387 3599 3423 :
3631 3368 3714 3425 sin

2123 3454 2301 3498 autem
2351 3460 2450 3501 nos
2477 3447 2788 3516 invaserint,
2839 3466 2899 3505 ea
2938 3454 3201 3522 patienter
3227 3455 3476 3522 feramus,
3502 3475 3563 3513 ac
3593 3475 3714 3530 pro.

2125 3537 2255 3609 prim
2281 3539 2540 3594 voluntati
2571 3541 2662 3596 Dei
2687 3543 3010 3600 voluntatem
3045 3547 3407 3616 prwferamus.
3439 3550 3570 3618 Qua:
3590 3567 3711 3608 cum

2123 3630 2192 3684 ita
2244 3631 2398 3686 nobis
2447 3632 2717 3703 explorata
2772 3636 2898 3699 sint,
2939 3652 3172 3706 oremus,
3226 3649 3280 3694 ut
3332 3656 3620 3712 numquam
3659 3647 3712 3701 in

2125 3724 2469 3779 tentationem
2504 3726 2802 3782 intremus:
2834 3730 2976 3800 quod
3029 3731 3074 3785 si
3129 3732 3448 3804 quandoque
3477 3736 3711 3793 intrave-

2122 3813 2309 3881 ritnus,
2347 3815 2509 3870 Deum
2530 3833 2830 3886 precemur,
2861 3829 2922 3874 ut
2951 3821 3104 3876 nobis
3125 3823 3431 3890 patientiam
3467 3835 3521 3880 et
3563 3826 3712 3882 l'orti-

2123 3904 2358 3960 tudinem
2397 3907 2666 3976 largiatur.
2694 3909 2964 3980 ipsiusque
2994 3911 3316 3968 voluntatem
3345 3917 3489 3970 omni
3517 3926 3711 3972 nostr:.e

2121 3997 2377 4052 voluntati
2409 4001 2774 4068 pneferatnus.
2818 4002 2908 4058 Sic
2951 4003 3094 4057 enim
3126 4003 3235 4070 lict,
3270 4013 3329 4060 ut
3367 4007 3528 4062 vitam
3574 4024 3711 4079 pra:-

2121 4099 2326 4145 sentem
2352 4106 2474 4145 cum
2513 4093 2798 4147 securitate
2825 4095 3200 4165 trausigamus,
3255 4104 3309 4151 et
3359 4097 3533 4153 futura
3573 4101 3710 4155 bona

2121 4195 2547 4250 consequamur:
2575 4197 2799 4251 quorum
2841 4198 2938 4239 nos
2957 4197 3232 4254 compotes
3263 4189 3376 4243 ﬁeri
3416 4191 3706 4260 contingat,

2120 4271 2287 4342 gratia
2316 4282 2370 4326 ct
2401 4271 2724 4342 benignitate
2753 4273 2959 4330 Domini
3000 4278 3164 4331 nostri
3190 4278 3314 4334 .It-su
3339 4279 3557 4345 Christi,
3585 4296 3708 4336 cum

2119 4379 2225 4432 quo
2243 4363 2408 4428 Patri,
2425 4379 2526 4417 una
2544 4380 2664 4418 eum
2678 4365 2875 4434 Spiritu
2892 4377 3076 4423 saneto
3091 4371 3280 4440 gloria,
3296 4371 3598 4440 imperium,
3619 4373 3712 4426 ho-

2121 4468 2242 4519 nor,
2268 4469 2407 4510 uunc
2437 4466 2488 4510 et
2514 4471 2744 4527 semper,
2765 4467 2818 4513 et
2845 4457 2897 4513 in
2929 4463 3122 4515 szecula
3144 4463 3480 4517 saeculorum.
3512 4464 3706 4518 Amen.

449 4661 3675 4703 mm

1542 4945 1619 5004 ΙΝ
1661 4948 2084 5008 CONCIONEM
2131 4950 2584 5023 SEQUENTEM

520 5149 752 5207 ilomilia
784 5150 850 5206 de
888 5150 1128 5224 Angusta
1163 5161 1317 5225 porta
1365 5160 1418 5209 et
1458 5151 1525 5211 de
1557 5150 1818 5210 Oratione
1857 5149 2131 5212 Dominica
2175 5155 2375 5214 nullam
2426 5173 2535 5231 pne
2575 5173 2632 5217 se
2672 5156 2779 5217 fert
2819 5169 3026 5229 notam,
3054 5174 3116 5220 ex
3153 5176 3261 5236 qua
3298 5162 3379 5222 vel
3412 5171 3672 5238 ιοιιιροιις

447 5267 530 5327 cal
553 5271 739 5334 ‘ulum,
775 5271 853 5323 vel
889 5270 992 5325 loci
1026 5271 1078 5325 in
1110 5285 1219 5340 quo
1252 5271 1430 5325 habita
1476 5283 1558 5326 est
1601 5282 1977 5341 argumentum
2005 5273 2204 5330 ducere
2255 5279 2546 5346 possimus.
2598 5277 2711 5334 Hoc
2758 5296 2924 5334 unum
2961 5291 3110 5336 certo
3159 5283 3339 5338 dicere
3377 5286 3672 5348 licet,eam

443 5380 838 5450 Chrysostomo
873 5381 1086 5451 dignam
1116 5398 1256 5442 esse.
1297 5384 1524 5454 ejusque
1550 5385 1672 5456 styli
1705 5395 1937 5442 tesseras
1977 5388 2029 5442 in
2061 5404 2122 5442 ea
2155 5406 2260 5443 non
2297 5389 2490 5446 dubias
2519 5392 2865 5462 deprehendi,
2892 5411 3050 5450 secus
3083 5412 3244 5466 quam
3277 5401 3534 5468 Opinatur
3568 5399 3674 5452 lla-

447 5495 615 5550 lesius
643 5497 696 5549 in
722 5497 863 5550 notis
888 5494 1176 5551 Savilianis
1208 5513 1260 5567 ι).
1292 5499 1416 5561 725,
1448 5499 1538 5568 qui
1584 5503 1935 5568 pronuntiare
1973 5517 2140 5558 ausus
2177 5514 2261 5559 est
2283 5547 2297 5570 ,
2333 5515 2521 5561 contra
2563 5508 2812 5576 opusculi
2847 5510 3172 5580 γνησιότητα
3207 5525 3270 5565 es
3309 5513 3430 5582 styli
3473 5529 3674 5584 genere

443 5613 732 5680 scrupulos
759 5611 912 5665 oriri.
947 5608 1053 5666 Nos
1081 5623 1268 5665 contra
1303 5627 1409 5666 non
1453 5613 1649 5685 stylum
1687 5617 1847 5670 modo
1881 5618 2276 5687 Chrysostomi,
2310 5629 2494 5687 tropos
2517 5631 2570 5675 et
2601 5621 2792 5675 orandi
2830 5623 3049 5679 modum
3094 5625 3181 5681 hic
3217 5626 3546 5692 invenimus,
3577 5631 3672 5686 sed

441 5727 605 5783 etiam
639 5727 755 5782 loca
787 5726 906 5783 aliis
935 5727 1306 5798 Chrysostomi
1343 5730 1500 5786 thetis
1527 5746 1787 5802 perquam
1820 5732 2059 5796 similia;
2091 5743 2146 5790 ut
2179 5743 2258 5789 cst
2286 5735 2412 5789 illud
2445 5753 2592 5792 ntnn.
2618 5738 2673 5804 9.,
2703 5739 2792 5793 ubi
2829 5739 2894 5794 de
2929 5743 3174 5812 corporis
3210 5747 3430 5802 humani
3457 5750 3665 5806 consti-
