4066 6274
434 770 443 805 1

470 313 528 367 Η

1192 309 1250 362 S.
1292 306 1577 363 JOANNlS
1612 306 2091 364 CHRYSOSTOMI
2132 307 2453 365 ARCHIEP.
2487 308 3040 367 CONSTANTINOP.

3652 309 3727 366 ιε

542 590 658 665 [εδ]
693 590 832 661 Περὶ
870 588 975 645 τοῦ
1005 587 1150 643 κατὰ
1198 587 1349 642 Θεὸν
1382 586 1824 665 πολιτεύεςθαι,
1864 583 1961 636 καί
2003 584 2091 663 εἷς
2122 582 2432 665 τό,-Στενὴ
2475 586 2509 654 ἡ
2544 584 2707 665 πύλη.
2755 586 2853 638 ναὶ
2912 585 2983 640 τὰ
3011 584 3156 654 ἑξῆς
3178 600 3193 616 ·
3231 583 3333 638 καί
3377 582 3658 654 ἑρμηνεία

1636 654 1745 723 τῆς
1771 654 2117 722 προσευχῆς
2150 654 2278 718 τοῦ,
2308 654 2499 725 ¹Πάτερ
2539 654 2714 724 ἡμᾶν.

501 867 570 921 α’.
602 867 788 936 nam;
821 863 918 936 μὲν
952 862 1305 917 θεοπνεύστου
1328 858 1553 932 Γραφῆς
1584 856 1944 929 ἡάνάγνωσις
1964 858 2049 926 γί-

468 973 619 1010 νεται
669 957 781 1019 τοῖς
828 949 1187 1025 προσέχουσιν
1231 947 1510 1010 εὐσεϐείας
1551 946 1882 1015 ἐπίγνωσις·
1910 947 1945 1017 ἡ
1990 945 2049 999 δὲ

470 1046 643 1117 σεπτὴ
668 1045 777 1097 τῶν
803 1041 1147 1112 Εὑαγγελίων
1183 1037 1369 1112 γραφὴ
1398 1037 1746 1109 ὑψηλοτέρων
1772 1035 1891 1091 ἐστὶ
1907 1036 2051 1090 διδα-

466 1137 691 1208 γμάτων
749 1134 1020 1206 ὑπεροχή·
1078 1130 1146 1184 τά
1182 1130 1290 1201 γὰρ
1346 1131 1404 1182 ἐν
1462 1129 1645 1193 αὑτοῖς
1694 1128 2048 1200 ἐμφερόμενα

466 1230 622 1297 λόγια
674 1225 901 1296 ὑψίστου
950 1223 1225 1287 Βασιλέως
1280 1221 1516 1291 ὑπάρχει
1550 1218 1915 1290 θεσπίσματα.
1958 1219 2049 1272 Διὸ

468 1320 559 1372 καὶ
582 1316 786 1390 φοϐερά
812 1334 895 1380 τις
923 1315 1214 1386 ἡπείληται
1245 1313 1465 1376 κόλασις
1496 1313 1611 1375 τοῖς
1637 1309 1711 1383 μὴ
1744 1309 2047 1381 φυλάττου⁴

469 1429 553 1464 σιν
587 1409 829 1480 ἀκριϐῶς
854 1407 922 1461 τὰ
946 1409 1037 1461 ὑπ’
1072 1406 1239 1460 αὑτοῦ
1268 1403 1551 1477 εἰρημένα.
1579 1403 1642 1457 Et
1676 1403 1784 1474 γὰρ
1815 1401 1923 1456 τῶν
1954 1400 2046 1455 ἐπὶ

467 1503 574 1573 γῆς
598 1500 871 1572 ἀρχόντων
893 1500 920 1551 6
939 1497 1288 1569 παραϐαίνων
1307 1497 1431 1558 τοὺς
1452 1494 1648 1565 νόμους
1675 1493 2047 1565 ἀπαραίτητον

471 1594 759 1662 ὑφίσταται
785 1589 1026 1650 κόλασιν,
1056 1589 1206 1658 πόσῳ
1235 1587 1435 1657 μᾶλλον
1454 1586 1745 1657 ἀφορήτοις
1772 1583 2048 1655 ἐκδοθήσε-

465 1700 556 1737 ται
590 1682 840 1752 βασάνοις
870 1681 899 1732 6
944 1677 1037 1732 τοῦ
1068 1677 1392 1749 ἐπουρανίου
1436 1677 1707 1730 Δεσπότου
1741 1673 1948 1728 ἀθετῶν
1975 1674 2046 1728 τὰ

469 1771 903 1844 προστάγματας
944 1770 1100 1823 Ἐπεὶ
1132 1764 1224 1823 οὖν
1259 1767 1431 1838 μέγας
1456 1766 1604 1820 ὶστὶν
1626 1766 1655 1818 ὀ
1682 1764 1782 1835 τῆς
1805 1764 2043 1836 ἀπροσε-

465 1864 583 1930 ξίας
629 1861 890 1924 κίνδυνος,
935 1858 1071 1932 μετά
1122 1858 1323 1929 πολλῆς
1368 1856 1652 1928 ἀκριϐείας
1680 1854 2043 1926 προσέχωμεν

466 1957 531 2026 τῇ
564 1952 827 2023 ἀκροάσει
847 1951 956 2005 τῶν
983 1950 1185 2021 ἀρτίως
1210 1946 1665 2017 ἀναγνωσθέντων
1691 1947 1825 2017 ἡμῖν
1857 1947 1922 1999 ἐκ
1945 1944 2041 1998 τοῦ

468 2044 793 2113 Εὑαγγελίου
832 2041 1112 2114 ῥημάτων.
1149 2040 1284 2092 Τίνα
1327 2037 1385 2091 δὲ
1429 2036 1604 2091 ταῦτά
1638 2038 1791 2100 ἐστι;
1825 2033 2039 2103 Στενή,

465 2138 649 2208 φησὶν,
673 2136 710 2203 ἠ
733 2135 918 2200 πύλη,
951 2132 1051 2186 καί
1090 2129 1444 2200 τεθλιμμένη
1477 2129 1516 2197 ἡ
1543 2127 1682 2194 ὁδὸς
1710 2128 1748 2193 ἠ
1778 2125 2043 2196 ἀπάγου-

465 2242 545 2280 σα
576 2226 662 2289 είς
689 2223 804 2292 τὴν
826 2221 977 2290 ζωήν
996 2234 1011 2251 ·
1041 2218 1139 2273 καὶ
1166 2218 1355 2287 ὀλίγοι
1374 2214 1534 2270 εἰσίν
1558 2216 1613 2267 οἱ
1654 2212 2046 2281 εὑρίσκοντες

465 2317 677 2381 αὑτήν.
707 2314 817 2368 Kal
851 2312 1012 2366 πάλιν
1031 2323 1046 2339 ·
1082 2305 1343 2363 Π.ἰατεῖα
1374 2307 1412 2375 ἠ
1446 2306 1634 2371 πύλη,
1665 2302 1766 2357 καὶ
1793 2301 2047 2371 εὐρύχω-

466 2423 567 2470 ρος
594 2404 631 2470 ὴ
665 2401 806 2467 ὁδὸς
838 2399 876 2466 ἡ
910 2395 1233 2466 ἀπάγουσα
1272 2396 1361 2461 εὶς
1406 2393 1521 2462 τὴν
1556 2391 1856 2447 ἀπώλειαν
1884 2430 1899 2455 ,
1944 2390 2043 2444 καί

467 2493 684 2549 πολλοί
713 2494 872 2546 εἰσιν
899 2492 953 2543 οι
978 2488 1342 2559 διερχόμενοι
1383 2485 1458 2539 δι’
1484 2484 1699 2553 αὐτῆς.

533 2607 753 2661 Τούτων
805 2603 916 2674 ἐγὼ
962 2601 1201 2674 συνεχῶς
1255 2599 1468 2656 ἀκούων
1524 2597 1634 2652 τῶν
1686 2597 1885 2666 λόγων,
1949 2597 2046 2651 καὶ

470 2699 571 2754 τῶν
599 2694 900 2769 ἀνθρώπων
930 2695 1032 2767 τὴν
1077 2695 1168 2748 ἐπὶ
1193 2692 1263 2747 τὰ
1306 2692 1512 2764 μάταια
1540 2689 1754 2761 βλέπων
1787 2689 2042 2761 σπουδὴν,

466 2793 582 2845 λίαν
610 2787 874 2860 θαυμάζω
895 2786 1005 2839 τῶν
1025 2784 1329 2857 εἰρημένων
1349 2783 1450 2855 τὴν
1470 2780 1725 2853 ἀληθειαν
1743 2792 1769 2821 ι
1790 2811 1807 2828 ο
1835 2780 2046 2845 Πάντες

468 2884 568 2956 γάρ
591 2881 677 2936 διὰ
700 2881 799 2953 τῆς
827 2876 1084 2941 πλατείας
1119 2875 1423 2946 βαδίζουσιν
1464 2873 1607 2939 ὀδοῦ,
1644 2872 1845 2937 πάντες
1874 2874 1955 2937 εἰς
1974 2872 2045 2926 τά

467 2972 706 3043 παρόντα
729 2971 993 3042 κεχήνασι
1023 2968 1345 3039 πράγματα,
1377 2962 1601 3020 καὶτῶν
1627 2963 1927 3035 μελλόντων
1954 2964 2048 3017 οὑ-

465 3065 651 3119 δέποτε
670 3061 1038 3133 λαμϐάνουσιν
1066 3058 1305 3113 ἔννοιαν·
1334 3056 1447 3112 ἀλλ’
1480 3058 1561 3121 είς
1591 3056 1688 3127 μὲν
1734 3054 1833 3119 τάς
1858 3071 2048 3127 σωμα-

467 3152 624 3217 τικὰς
678 3150 1012 3213 ἀπολαύσεις
1068 3147 1428 3209 ἀδιαλείπτως
1480 3146 1811 3215 ἐπείγονται,
1861 3145 1960 3209 τάς
1989 3144 2046 3199 δὲ

467 3242 639 3311 ψυχὰς
680 3238 842 3294 ἐῶσιν
871 3240 928 3293 ἐν
951 3236 1095 3310 λιμῷ
1127 3234 1531 3307 κατατήκεσθαι
1550 3253 1563 3266 ·
1601 3237 1694 3290 καὶ
1730 3237 1900 3308 μυρία
1924 3234 2044 3290 καθ’

467 3335 701 3406 ἑκάστην
752 3331 967 3403 ἡμέραν
1007 3329 1377 3401 λαμϐάνοντες
1423 3328 1749 3400 τραύματα,
1781 3328 2043 3382 οὑδέποτε

467 3422 717 3494 αἴσθησιν
749 3422 930 3492 έχουσι
951 3420 1059 3475 τῶν
1092 3422 1151 3474 ἐν
1180 3414 1262 3483 οἷς
1290 3419 1396 3472 εἰσι
1417 3417 1601 3473 κακῶν
1623 3435 1635 3446 ·
1672 3419 1768 3473 καὶ
1804 3418 1911 3473 τῶν
1946 3418 2045 3489 μὲν

472 3515 557 3569 τοῦ
588 3514 836 3587 σώματος
854 3514 1016 3567 ἕνεκα
1052 3511 1414 3582 παθημάτων,
1460 3510 1690 3582 φοιτῶσι
1730 3509 1871 3583 πρὸς
1914 3509 2045 3574 τοὺς

468 3607 636 3663 ταῦτα
666 3605 1087 3679 θεραπεύοντας·
1143 3606 1238 3660 καὶ
1279 3604 1478 3669 αὑτοὺς
1510 3605 1568 3660 δέ
1603 3604 1826 3670 τούτους
1856 3604 2041 3659 οἴκαδε

466 3698 945 3769 παραπέμπονται,
974 3699 1067 3751 καὶ
1095 3697 1321 3769 μισθοὺς
1345 3698 1675 3770 παρέχουσιν
1701 3699 1783 3753 δτι
1811 3698 2043 3769 μάλιστα

466 3788 767 3854 πλείστους,
797 3789 893 3843 καί
918 3788 1208 3861 καρτερίαν
1240 3788 1644 3844 ἐπιδείκνυνται
1694 3789 1918 3863 πολλὴν,
1948 3791 2045 3845 καὶ

466 3881 565 3953 τῆς
597 3880 849 3934 ἐπιπόνου
883 3880 1180 3950 θεραπείας
1222 3880 1527 3952 ἀνέχονται,
1566 3882 1652 3936 ῖνα
1684 3883 1786 3953 τὴν
1830 3878 2042 3937 ἐκείνου

468 3972 653 4041 ὑγείαν
673 3972 989 4042 ὠνήσωνται
1013 3985 1027 4000 ·
1060 3971 1159 4042 τῆς
1189 3969 1246 4023 δὲ
1275 3967 1452 4042 ψυχῆς
1478 3971 1664 4035 κακῶς
1695 3971 2045 4043 διακειμένης

467 4061 748 4123 παντελῶς
777 4059 1061 4129 ἀμελοῦσι,
1084 4059 1178 4111 καὶ
1198 4057 1297 4127 τὴν
1318 4059 1635 4128 ἀξιέραστον
1658 4060 1830 4129 αὑτῆς
1861 4060 2046 4125 ὑγείαν

467 4150 651 4204 λαϐεῖν
694 4149 756 4200 οὑ
806 4146 1186 4210 σπουδάζουσι,
1235 4145 1409 4197 καίτοι
1446 4147 1630 4213 σαφῶς
1667 4145 2042 4216 ἐπιστάμενοι,

468 4241 551 4292 δτι
584 4238 647 4290 τὸ
676 4237 775 4307 μὲν
806 4235 963 4305 σῶμα
983 4234 1176 4305 θνητόν
1208 4234 1325 4286 ἐστι
1353 4235 1448 4287 καὶ
1481 4235 1742 4308 ἐπίκηρον
1763 4275 1778 4300 ,
1810 4235 1906 4288 καὶ
1931 4238 2045 4301 τοῖς

469 4326 705 4396 ἐαρινοῖς
754 4323 1071 4393 προσέοικεν
1120 4321 1370 4376 ἄνθεσιν·
1426 4322 1626 4393 ὁμοίως
1660 4322 1769 4393 γὰρ
1815 4325 2045 4390 ἐκείνοις

470 4415 794 4489 μαραίνεται
854 4416 951 4469 καὶ
999 4414 1299 4482 σϐέννυται,
1333 4416 1426 4469 καὶ
1455 4414 1629 4488 φθορᾷ
1671 4417 2041 4489 παραδίδοται·

469 4508 565 4581 τὴν
590 4506 646 4562 δὲ
677 4506 854 4579 ψυχὴν
886 4508 1062 4561 ἴσασιν
1081 4505 1350 4580 ἀθανασίᾳ
1373 4508 1761 4579 τετιμημένην,
1797 4508 1891 4563 καὶ
1923 4508 2043 4564 κατ’

469 4598 652 4653 είκόνα
675 4596 826 4650 θείαν
856 4596 1247 4667 γεγενημένην,
1279 4597 1372 4650 καὶ
1399 4596 1493 4649 τοῦ
1516 4595 1653 4660 ζώου
1678 4598 2045 4668 πεπιστευμέ-

469 4670 565 4760 νην
597 4689 721 4751 τοὺς
749 4687 959 4750 οἴακας.
997 4688 1173 4758 Ὅπερ
1207 4686 1317 4758 γάρ
1355 4687 1504 4741 ἑστιν
1550 4687 1764 4758 ἡνίοχος
1799 4688 2005 4761 ἅρματι
2028 4728 2044 4753 ,

465 4782 564 4833 καὶ
604 4778 941 4849 κυϐερνήτης
968 4778 1158 4849 πλοίῳ,
1200 4780 1294 4831 καὶ
1329 4779 1585 4849 μουσικὸς
1617 4780 1853 4851 ὀργάνῳ,
1890 4780 2047 4835 τοῦτο

469 4868 606 4925 εἶναι
638 4870 716 4942 τῷ
747 4871 920 4942 γηΐνῳ
963 4871 1137 4943 τούτῳ
1167 4871 1349 4926 σκεύει
1380 4870 1478 4942 τὴν
1513 4871 1692 4944 ψυχὴν
1723 4873 1753 4926 6
1802 4873 2046 4945 πλάστης

470 4962 879 5034 ἐνομοθέτησεν.
910 4962 1056 5034 Αὑτη
1084 4964 1193 5034 γάρ
1214 4964 1429 5033 κατέχει
1458 4963 1557 5028 τὰς
1586 4963 1762 5033 ἡνίας,
1794 4982 1883 5019 και
1909 4968 2052 5019 κινεῖ

469 5054 540 5105 τὰ
575 5051 829 5121 πηδάλια,
863 5053 1076 5115 καὶτὰς
1102 5054 1297 5125 χορδὰς
1330 5053 1709 5125 ἀνακρούεται,
1744 5055 1837 5108 καὶ
1866 5051 1924 5109 εὗ
1951 5057 2047 5126 μὲν

471 5139 630 5193 τοῦτο
670 5141 1005 5210 πράττουσα,
1053 5142 1115 5195 τὸ
1146 5143 1517 5213 παναρμόνιον
1559 5145 1660 5215 τῆς
1686 5143 1887 5215 ἀρετῆς
1915 5145 2049 5198 ἀνα-

471 5228 726 5302 κρούεται
755 5229 916 5300 μέλος
935 5246 948 5261 ·
977 5231 1105 5284 ὅταν
1135 5232 1193 5284 δέ
1227 5233 1260 5305 ἢ
1299 5233 1509 5305 χαλάσῃ
1530 5235 1656 5299 τοὺς
1685 5234 1975 5304 φθόγγους,
2011 5235 2046 5307 ἦ

472 5320 589 5395 [26]
617 5320 854 5404 διατείνῃ
889 5321 1031 5393 πέρα
1068 5323 1163 5375 τοῦ
1197 5323 1427 5388 δέοντος,
1458 5325 1551 5379 καὶ
1576 5327 1643 5396 τῇ
1674 5325 1837 5397 τέχνῃ
1865 5327 1959 5380 καὶ
1978 5330 2045 5398 τῇ

470 5413 705 5485 ἁρμονίᾳ
749 5411 1078 5482 λυμαίνεται.
1151 5413 1366 5485 Ταύτης
1422 5414 1602 5468 τοίνυν
1654 5413 1951 5485 ἀμελοῦσιν
1997 5417 2045 5467 οί

469 5503 655 5557 πολλοὶ
710 5502 820 5557 τῶν
870 5504 1170 5576 ἀνθρώπων
1194 5549 1208 5569 ,
1265 5506 1359 5560 καὶ
1388 5506 1509 5559 οὑδὲ
1562 5506 1821 5577 βραχείας
1875 5506 2047 5576 αὐτὴν

469 5594 786 5663 ἐπιμελείας
815 5594 1080 5662 ἀξιοῦσιν,
1131 5597 1245 5650 ἀλλ’
1288 5598 1503 5651 ἅπαντα
1539 5597 1638 5668 τῆς
1686 5595 1834 5666 ζωῆς
1865 5595 2047 5651 αὑτῶν

532 5704 571 5775 ⁸³.
587 5705 769 5775 Ungues
792 5709 1011 5775 ωας-τῷν
1035 5710 1288 5771 εἰρημένων
1311 5712 1393 5768 τήν
1416 5711 1651 5767 ἀλήθειαν.
1677 5711 1786 5760 Duo
1800 5714 2045 5770 postrema

473 5766 619 5818 verba
646 5767 827 5815 desunt
860 5767 908 5814 iu
934 5766 1102 5815 Morel’.

2149 859 2240 913 τὸν
2265 857 2456 930 χρόνον
2479 858 2564 923 εἰς
2581 858 2679 923 τὰς
2705 859 3022 930 σωματικάς
3042 859 3391 914 ἀναλίσκουσι
3414 862 3723 932 φροντίδαςι

2150 952 2261 1007 Kal
2285 954 2335 1006 οἱ
2385 953 2485 1023 μὲν
2508 954 2603 1007 τὸν
2645 954 2753 1009 τῶν
2774 956 3043 1009 ναυτίλων
3095 952 3428 1017 ἀσπάζονται
3457 952 3598 1023 βίον,
3633 954 3731 1008 καί⁵

2149 1045 2355 1116 κύμασι
2395 1047 2490 1099 καὶ
2539 1045 2812 1117 πνεύμασι
2845 1047 3129 1119 μάχονται,
3174 1046 3276 1117 τὴν
3309 1046 3457 1117 ζωὴν
3507 1047 3603 1099 καὶ
3634 1046 3727 1099 τὸν

2149 1137 2376 1192 θάνατον
2411 1139 2528 1209 μεθ’
2559 1139 2767 1193 ἑαυτῶν
2799 1142 3205 1212 περιφέροντες,
3241 1139 3336 1192 καί
3363 1138 3461 1203 τάς
3489 1139 3590 1209 τῆς
3622 1156 3727 1193 σω-

2148 1226 2342 1298 τηρίας
2384 1228 2605 1291 ἐλπίδας
2636 1230 2694 1282 ἐν
2733 1228 2939 1297 ὀλίγαις
2974 1231 3150 1284 σανίσι
3189 1228 3543 1299 κατέχοντες·
3589 1230 3639 1282 οῖ
3669 1228 3729 1282 δὲ

2145 1310 2237 1370 τὸν
2266 1316 2364 1388 τῆς
2391 1318 2695 1387 γεωπονίας
2722 1319 3085 1390 ἀναδέχονται,
3105 1317 3323 1391 ἱδρῶτα,
3357 1318 3483 1389 βοῦς
3521 1319 3727 1391 ἀροτῆ-

2151 1425 2249 1479 ρας
2287 1406 2632 1476 ζευγνύντες,
2668 1409 2763 1463 καὶ
2790 1408 2894 1480 τὴν
2942 1410 3043 1479 γῆν
3091 1409 3472 1481 ἀροτριῶντες,
3507 1410 3602 1462 καὶ
3631 1408 3728 1462 νῦν

2150 1498 2250 1569 μὲν
2279 1499 2591 1571 σπείροντες
2619 1500 2714 1554 καὶ
2736 1499 3060 1572 θερίζοντες,
3091 1500 3186 1555 νῦν
3216 1500 3274 1553 δὲ
3295 1498 3617 1570 φυτεύοντες
3632 1499 3729 1552 καὶ

2145 1588 2474 1660 τρυγῶντες,
2508 1590 2603 1642 καὶ
2631 1590 2779 1655 άπας
2798 1591 2982 1654 αὐτοῖς
3002 1593 3030 1644 6
3058 1591 3248 1663 χρόνος
3274 1589 3413 1661 μετά
3427 1591 3525 1663 τῆς
3544 1589 3729 1645 τοιαύ-

2144 1696 2245 1750 της
2279 1679 2452 1732 ὁδεύει
2495 1679 2873 1752 ταλαιπωρίας
2895 1697 2909 1713 ·
2954 1682 3005 1734 οἰ
3044 1681 3103 1736 δέ
3133 1681 3232 1746 τὰς
3260 1682 3527 1754 ἐμπορίας
3559 1684 3725 1756 ἐπέρ-

2146 1787 2331 1842 χονται
2361 1772 2411 1836 b,
2436 1772 2531 1825 καὶ
2558 1771 2699 1844 ὑπὲρ
2722 1772 2926 1826 τούτων
2953 1772 3052 1837 τὰς
3078 1775 3137 1827 ἐν
3168 1776 3238 1845 γῇ
3276 1790 3337 1827 τε
3363 1774 3456 1828 καὶ
3488 1773 3725 1848 θαλάττῃ

2145 1863 2424 1917 ποιοῦνται
2451 1862 2781 1933 ἀποδημίας,
2817 1864 2911 1917 καὶ
2939 1865 3037 1934 τῆς
3063 1864 3269 1928 οἰκείας
3300 1863 3399 1935 τὴν
3425 1863 3730 1937 ἀλλοδαπὴν

2152 1952 2481 2025 προτιμῶσι,
2509 1953 2604 2008 καὶ
2635 1955 2890 2026 πατρίδα,
2926 1956 3021 2010 καὶ
3048 1955 3228 2025 γένος,
3267 1957 3360 2010 καὶ
3397 1957 3605 2025 φίλους,
3630 1957 3729 2011 καὶ

2143 2044 2445 2116 ὀμοζύγους
2491 2045 2630 2117 μετά
2694 2046 2899 2101 παίδων
2947 2047 3488 2119 καταλιμπάνοντες,
3530 2047 3726 2117 ὀλίγων

2146 2139 2307 2193 ἕνεκα
2342 2137 2549 2211 κερδῶν
2583 2139 2682 2210 τὴν
2713 2139 2872 2211 ξένην
2905 2138 3260 2205 ἀσπάζονται.
3292 2140 3400 2194 Kal
3428 2140 3481 2192 τί
3514 2139 3597 2194 δεῖ
3616 2140 3727 2194 πά-

2148 2241 2247 2287 σας
2268 2222 2588 2292 καταλέγειν
2634 2223 2733 2288 τάς
2765 2224 2979 2295 τέχνας,
3009 2224 3075 2288 ἀς
3103 2227 3222 2288 ταῖς
3252 2223 3465 2294 χρείαις
3494 2222 3589 2277 τοῦ
3620 2222 3728 2277 σώ-

2149 2324 2320 2378 ματος
2345 2306 2564 2377 ἐξεῦρον
2586 2307 2635 2359 οἱ
2658 2305 2753 2362 ἀνθ
2764 2324 2953 2378 ρωποι,
2987 2308 3044 2360 ἐν
3081 2302 3166 2369 αἶς
3190 2304 3603 2375 διημερεύοντες
3631 2304 3727 2358 καὶ

2145 2389 2667 2461 διανυκτερεύοντες,
2700 2390 2801 2459 τὴν
2831 2389 2929 2459 μὲν
2962 2386 3169 2442 ἐκείνου
3190 2386 3484 2460 θεραπείαν
3514 2387 3726 2453 ἑαυτοῖς

2147 2472 2581 2545 περιποιοῦνται,
2606 2471 2704 2543 τὴν
2732 2472 2788 2524 δὲ
2816 2470 2994 2543 ψυχὴν
3027 2470 3335 2543 ὑπερορῶσι
3361 2468 3635 2524 πεινῶσάν
3668 2487 3729 2526 τε

2147 2557 2240 2610 καὶ
2267 2555 2507 2626 διψῶσαν
2557 2556 2651 2611 καὶ
2681 2555 2980 2626 αὐχμῶσαν
3026 2553 3120 2608 καὶ
3169 2551 3451 2626 ῥυπῶσαν,
3496 2553 3591 2607 καί⁸
3623 2550 3730 2608 ύπδ

2151 2638 2358 2711 μυρίων
2403 2637 2798 2711 ἐνοχλουμένην
2856 2637 3074 2703 κακῶν;
3133 2638 3245 2691 Kal
3303 2635 3444 2710 μετὰ
3500 2636 3731 2704 πολλοῦς

2151 2723 2379 2795 ἱδρῶτας
2412 2724 2509 2778 καὶ
2560 2722 2759 2786 πόνους
2818 2721 2939 2775 οὑδέ
2975 2719 3037 2775 τὸ
3082 2719 3276 2792 θνητὸν
3308 2718 3470 2792 σῶμα
3499 2719 3730 2775 θανάτου

2148 2808 2394 2877 κρεῖττον
2447 2805 2788 2878 ἐργάζονται,
2842 2804 2940 2858 καὶ
2970 2803 3069 2876 τὴν
3119 2803 3385 2859 ἀθάνατον
3444 2803 3582 2874 μετά
3634 2803 3730 2858 τοῦ

2148 2887 2343 2960 θνητοῦ
2373 2889 2493 2953 ταῖς
2516 2888 2805 2952 ἀθανάτοις
2823 2886 3185 2943 ὑποϐάλλουσι
3208 2887 3517 2959 τιμωρίαις.

2221 2973 2286 3045 β’.
2303 2972 2404 3026 Διά
2423 2972 2583 3026 τοῦτο
2612 2972 2733 3027 λίαν
2752 2971 3150 3046 ὀλοφυρόμενος
3176 2972 3277 3043 τὴν
3297 2968 3731 3042 περικεχυμένην

2145 3058 2371 3126 ἄγνοιαν
2407 3058 2529 3119 ταῖς
2554 3054 2665 3109 τῶν
2687 3053 2990 3126 ἀνθρώπων
3020 3053 3240 3123 ψυχαῖς,
3273 3052 3368 3105 καὶ
3403 3052 3500 3122 τῆς
3529 3051 3729 3103 ἐπικειο

2151 3141 2318 3211 μένης
2358 3140 2543 3202 αὑτοῖς
2589 3135 2788 3207 ἀχλύος
2818 3135 2918 3206 τὴν
2953 3136 3266 3207 παχύτητα,
3296 3134 3596 3205 ἐϐουλόμην
3632 3134 3730 3204 μὲν

2147 3221 2327 3293 εὑρεῖν
2358 3220 2591 3272 σκοπιάν
2619 3236 2739 3272 τινα
2756 3217 2967 3290 ὑψηλὴν
2985 3216 3444 3271 ὑποδεικνύουσάν
3486 3233 3579 3288 μοι
3601 3216 3729 3270 πάν-

2146 3322 2216 3358 τα
2246 3304 2313 3357 τὰ
2334 3302 2441 3356 τῶν
2466 3301 2769 3373 ἀνθρώπων
2803 3300 2956 3370 γένη·
2991 3299 3294 3371 ἐϐουλόμην
3333 3300 3392 3354 δὲ
3420 3301 3513 3353 καὶ
3546 3299 3729 3370 φωνῆς

2144 3387 2347 3458 τυχεῖν,
2379 3384 2557 3438 πάντα
2608 3382 2980 3456 περιηχούσης
3030 3382 3101 3437 τά
3151 3383 3384 3455 πῷατα,
3416 3383 3510 3435 καὶ
3563 3383 3729 3435 πᾶσιν

2145 3468 2420 3541 ἀρκούσης
2459 3469 2572 3531 τοῖς
2600 3468 2692 3520 ἐπὶ
2738 3469 2837 3537 τῆς
2868 3466 2993 3537 γῆς,
3030 3466 3122 3519 καὶ
3150 3465 3341 3537 στῆναι
3385 3465 3481 3519 καί⁵
3509 3464 3730 3537 βοῆσαι⁹

2148 3553 2243 3608 καὶ
2299 3553 2395 3625 τὴν
2422 3550 2709 3623 Δαυῖδικὴν
2758 3550 2975 3622 ἐκείνην
3012 3546 3318 3621 ἀνακράξαι
3362 3550 3565 3622 φωνήν·
3611 3548 3729 3602 Υἱοὶ

2146 3638 2491 3707 ἀνθρώπων,
2521 3635 2631 3703 ἕως
2659 3635 2804 3689 πότε
2825 3632 3219 3703 βαρυκὰρδιοι
3242 3648 3261 3698 ;
3289 3634 3376 3687 ἵνα
3402 3633 3455 3686 τί
3482 3633 3729 3702 ἀγαπᾶτε

2149 3722 2487 3794 ματαιότητα
2502 3722 2596 3775 καὶ
2624 3719 2838 3791 ζητεῖτε
2861 3717 3079 3789 ψεῦδος,
3105 3717 3481 3789 προτιμῶντες
3508 3717 3616 3772 τῶν
3648 3717 3728 3771 οῦ·

2149 3806 2347 3877 ρανίων
2395 3805 2462 3858 τά
2507 3804 2872 3876 φθειρόμενας
2909 3802 3055 3866 Ἕως
3092 3801 3224 3855 πότε
3263 3802 3390 3867 τοῦς
3421 3799 3729 3871 ὀφθαλμοὺς

2151 3889 2337 3959 μύετε,
2384 3888 2479 3941 καὶ
2511 3887 2579 3941 τὰ
2609 3880 2725 3941 ὦτα
2755 3886 2933 3957 βύετε,
2987 3887 3083 3940 καὶ
3118 3884 3215 3957 τῆς
3241 3883 3391 3948 θείας
3419 3884 3604 3956 φωνῆς
3631 3883 3729 3937 οὑν

2146 3973 2397 4037 ἀκούετε,
2432 3972 2531 4043 τῆς
2564 3971 2685 4026 καθ’
2714 3970 2951 4040 ἑκάστην
2981 3969 3198 4041 ἡμέραν
3225 3966 3455 4039 βοώσης·
3485 3966 3727 4029 Αἰτεῖτε,

2147 4056 2244 4108 καὶ
2256 4055 2574 4120 δοθήσεται
2592 4054 2753 4122 ὑμῖν,
2767 4053 3005 4119 ζητεῖτε,
3027 4051 3125 4106 καὶ
3141 4049 3452 4117 εὑρήσετε,
3466 4050 3730 4117 κρούετε,

2148 4136 2248 4189 καὶ
2272 4135 2658 4204 ἀνοιγήσεται
2688 4133 2829 4203 ὑμῖν
2846 4151 2860 4165 ·
2892 4132 3012 4199 πᾶς
3030 4134 3141 4202 γὰρ
3171 4136 3203 4186 ὁ
3229 4130 3726 4203 αἰτῶι-λαμϐάνει,

2147 4219 2247 4271 καὶ
2279 4221 2312 4271 ὀ
2346 4215 2531 4283 ζητῶν
2563 4217 2850 4283 εὑρίσκει,
2882 4214 2978 4268 καὶ
3009 4214 3089 4280 τῷ
3113 4214 3391 4282 κρούοντι
3417 4213 3728 4284 ἀνοιγήσε-

2146 4317 2273 4366 ται;
2317 4298 2538 4370 Ἐπειδὴ
2581 4298 2640 4352 δέ
2680 4314 2823 4361 τινες
2871 4295 3222 4368 ἀτελέστερον
3258 4297 3591 4368 διακείμενοι
3634 4298 3729 4351 καὶ

2149 4382 2284 4449 πρὸς
2313 4380 2380 4435 τὰ
2403 4380 2627 4451 βιωτικά
2649 4379 2846 4451 μᾶλλον
2870 4379 3187 4450 ἐπιῤῥεπῶς
3226 4378 3460 4450 ἔχοντες,
3498 4380 3588 4433 καὶ
3616 4381 3727 4444 τοῖς

2149 4464 2498 4537 φιλοσάρκοις
2520 4462 2980 4535 ἐνηδυπαθοῦντες
3021 4462 3325 4533 λογισμοῖς,
3361 4462 3421 4515 οὑ
3459 4461 3726 4533 καθηκόν-

2146 4564 2257 4611 τως
2296 4546 2575 4602 ποιοῦνται
2620 4546 2720 4612 τὰς
2748 4547 3012 4617 αἰτήσεις,
3068 4545 3259 4599 τούτου
3311 4545 3473 4617 χάριν
3499 4545 3530 4598 ὀ
3553 4544 3729 4608 κοινὸς

2148 4631 2429 4702 Δεσπότης
2464 4630 2632 4701 εὐχῆς
2659 4630 2795 4700 ἡμῖν
2827 4627 3178 4682 διδασκαλίαν
3204 4629 3506 4693 ὑπέδειξεν,
3535 4626 3733 4681 animo:

2152 4716 2337 4769 Ὅταν
2361 4716 2809 4784 προσεύχησθε,
2850 4710 2938 4781 μὴ
2964 4711 3410 4781 ,Βαττολογεῒτε.
3443 4710 3648 4781 ὥσπερ
3672 4712 3729 4766 οι

2149 4800 2375 4855 ἐθνικοί
2383 4818 2394 4828 ·
2422 4799 2672 4853 δοκοῦσι
2696 4796 2826 4866 γὰρ,
2857 4797 2945 4850 ὅτι
2980 4796 3052 4850 ἐν
3075 4795 3151 4864 τῇ
3166 4797 3503 4866 πολυλογίᾳ
3528 4794 3731 4851 αὐτῶν

2148 4881 2752 4947 εἰσακουσθήσονται·
2781 4877 3129 4948 βαττολογίαν
3140 4878 3422 4949 ὀνομάζων
3439 4877 3539 4948 τὴν
3561 4878 3730 4946 φλυα-

2153 4965 2297 5036 ρίαν,
2341 4964 2441 5034 τὴν
2497 4962 2586 5015 διά
2639 4961 2849 5016 πολλῶν
2898 4961 2995 5032 μὲν
3023 4961 3199 5030 λόγων
3254 4961 3726 5032 προσφερομένην,

2150 5046 2416 5116 ὠφελείας
2433 5044 2490 5098 δέ
2516 5044 2697 5113 πάσης
2721 5042 3116 5115 ἐστερημένην.

2234 5129 2635 5183 ’Υπαινίττεται
2658 5127 2859 5190 τοίνυν,
2876 5124 3237 5195 ἀπαγορεύων
3261 5124 3359 5197 τὴν
3376 5125 3731 5198 βαττολογίαν

2152 5214 2181 5266 6
2206 5211 2429 5282 Κύριος,
2461 5210 2538 5281 μὴ
2565 5209 2763 5280 χρῆναι
2783 5212 2910 5273 τοὺς
2948 5208 3418 5279 προσευχομένους
3447 5210 3620 5261 αἰτεῖν
3655 5209 3725 5262 τε

2156 5295 2345 5365 ῥέοντα
2372 5294 2467 5346 καὶ
2493 5290 2858 5362 ἀπολλύμενα·
2902 5290 2977 5362 μὴ
3004 5289 3255 5361 σώματος
3280 5289 3610 5360 ὡραιότητα,
3628 5289 3727 5361 τὴν

2152 5377 2260 5429 ὑπὸ
2277 5377 2469 5447 χρόνου
2500 5374 2925 5446 μαραινομένην,
2962 5373 3058 5426 καὶ
3085 5371 3190 5426 ὑπὸ
3213 5372 3371 5425 νόσου
3393 5371 3725 5443 δαπανωμέ-

2154 5475 2275 5529 νην,
2304 5460 2397 5512 καὶ
2443 5458 2547 5512 ὑπὸ
2594 5458 2824 5512 θανάτου
2861 5455 3296 5525 καλυπτομένην·
3345 5454 3588 5510 τοιοῦτον
3616 5456 3728 5529 γὰρ

2152 5542 2216 5597 τὸ
2273 5541 2585 5612 σωματικὸν
2632 5540 2844 5605 κάλλος.
2896 5538 3090 5603 ’Δνθος
3139 5538 3285 5592 ἐστὶν
3341 5536 3723 5611 ὀλιγοχρόνιον,

2214 5706 2243 5746 ὶι
2265 5705 2392 5771 λιες.
2420 5708 2738 5771 μετέρχονται.
2789 5706 2925 5756 Unus
2967 5718 3056 5756 ms.
3101 5717 3213 5756 mox
3256 5705 3338 5756 καὶ
3375 5711 3460 5767 τῆς
3488 5706 3733 5771 ἡμεδαπῆς

2152 5769 2236 5826 τὴν
2257 5768 2542 5825 ἀλλοδαπήν.
