4066 6274
341 308 404 365 Η
1037 308 1124 366 DE
1167 305 1491 362 ANGUS'I‘A
1527 302 1776 366 rou'ra,
1817 300 1902 354 liT

2047 296 2346 354 ORATION
2355 295 2444 350 ΕΜ
2488 289 2885 349 DOMINICAM.
3509 281 3574 338 l2

355 523 1836 552 _______________._._____________..._.___

322 829 402 870 ne.
449 823 871 869 INSTITUENDA
915 818 1256 866 SECUNDUM
1301 815 1478 858 unus:
1548 812 1716 864 vna,
1764 808 1843 852 ετ
1898 803 1962 848 1N
2020 799 2234 852 ILLUD,
2291 795 2591 862 annos“.
2631 797 2747 840 ss'r
2815 796 3016 840 norm
3086 780 3349 861 (Matth.
3378 781 3441 842 ⁵1..
3475 779 3606 861 Η),

1044 919 1210 962 ETC.:
1259 917 1412 958 rrum
1447 907 1826 956 EXPLICATIO
1871 897 2233 952 ORATIONIS,
2279 895 2482 938 PATER
2525 895 2763 939 uos-mn
2809 877 2919 958 (α).
3551 925 3554 928 λ

395 1145 447 1199 1.
477 1143 664 1199 Omnis
689 1141 978 1210 Scriptura:
1001 1136 1256 1192 divinitus
1289 1132 1559 1202 inspirata:
1595 1126 1754 1183 lectio
1787 1120 1904 1176 ani-

324 1250 472 1291 mum
503 1231 872 1288 adhibentibus
897 1229 998 1298 piae
1027 1226 1300 1296 religionis
1332 1221 1574 1277 notitiam
1595 1216 1750 1272 all'ert
1778 1227 1906 1268 :ve-

325 1325 558 1382 ueranda
593 1334 770 1378 autent
799 1319 1192 1391 evangeliorum
1216 1315 1492 1384 Scriptum
1520 1305 1906 1381 praestantiori-

323 1418 426 1472 bus
456 1413 790 1470 documentis
823 1411 1072 1467 excellit:
1096 1423 1216 1478 qua:
1257 1405 1400 1461 enim
1440 1403 1494 1458 in
1529 1417 1592 1456 ea
1617 1398 1908 1454 efferuntur

322 1505 486 1570 dicta,
513 1504 748 1576 supremi
791 1503 952 1572 Regis
989 1508 1116 1555 sunt
1156 1497 1390 1553 oracula.
1432 1489 1790 1561 Quamobrem
1818 1487 1904 1552 iis,

321 1597 410 1668 qui
434 1595 574 1651 dicta
601 1595 718 1665 ejus
742 1601 987 1648 accurate
1008 1606 1112 1646 non
1135 1587 1488 1648 observarint,
1517 1580 1773 1638 horribile
1802 1578 1904 1631 im-

323 1665 520 1758 pendet
546 1681 947 1755 supplicium.Si
973 1680 1118 1736 enim
1146 1679 1210 1744 is,
1233 1677 1324 1748 qui
1343 1686 1674 1731 terrenarum
1708 1665 1905 1739 princi-

323 1795 450 1850 pum
519 1779 664 1848 leges
731 1773 1138 1844 transgreditur,
1201 1767 1624 1838 indeprecabiles
1687 1761 1910 1818 onntino

325 1885 512 1942 poenas
547 1871 656 1924 luet
687 1886 700 1921 :
731 1875 930 1938 quanto
955 1865 1122 1936 magis
1147 1863 1236 1934 qui
1265 1860 1495 1918 ca-lestis
1521 1855 1734 1912 Domini
1759 1854 1908 1923 jussa

325 1963 624 2027 detrectat,
671 1957 1021 2014 intolerandis
1061 1953 1382 2010 cruciatibus
1432 1946 1729 2004 afficietur?
1774 1944 1908 2012 Quia

327 2055 488 2123 igitur
527 2065 777 2121 magnum
813 2057 898 2104 est
941 2047 1156 2102 incuriae
1201 2043 1518 2114 periculum,
1551 2053 1758 2094 summa
1785 2051 1908 2090 cum

323 2143 596 2213 diligentia
620 2139 838 2210 jamjam
867 2138 1019 2194 lectis
1047 2135 1402 2190 attendamus.
1429 2131 1560 2199 Quae
1583 2137 1708 2213 sunt
1730 2134 1911 2182 autem

325 2211 448 2288 illa‘i
480 2233 706 2303 Augusta
733 2238 824 2292 est,
857 2228 1047 2298 inquit,
1080 2234 1246 2297 porta,
1272 2235 1317 2279 et
1333 2233 1476 2277 arcta
1501 2223 1605 2286 via,
1633 2211 1749 2292 qtae
1771 2217 1910 2272 ducit

322 2323 392 2378 ad
427 2323 578 2376 vitam
610 2337 630 2375 .'
657 2329 704 2375 et
747 2319 900 2391 pauci
941 2317 1200 2372 inveniunt
1241 2332 1352 2369 eam
1380 2312 1592 2386 (Matth.
1613 2313 1668 2378 7,
1703 2310 1814 2380 14.)
1845 2309 1913 2363 Et

325 2430 510 2472 rursus
537 2431 554 2468 :
577 2413 707 2468 Lata
741 2421 812 2466 est
855 2419 1022 2482 porta,
1051 2417 1098 2462 et
1140 2409 1364 2478 spatiosa
1404 2406 1503 2468 via,
1525 2418 1641 2474 quae
1677 2401 1816 2455 ducit
1843 2402 1910 2453 ad

325 2505 653 2573 perditionem
673 2544 690 2568 ,
718 2509 766 2554 et
787 2498 933 2554 multi
955 2505 1070 2553 sunt
1095 2495 1180 2565 qui
1201 2501 1460 2548 transeunt
1499 2507 1588 2564 per
1621 2505 1751 2544 eam.
1799 2484 1908 2557 (ιθ.

323 2611 372 2648 υ.
409 2595 520 2664 l5.)

395 2683 634 2756 Corporis
683 2699 806 2738 cura
840 2681 998 2736 animi
1043 2695 1179 2736 cura
1217 2674 1585 2750 postponenda.
1607 2702 1679 2714 —-
1706 2671 1910 2729 [lorum

323 2795 425 2850 ego
454 2777 704 2848 frequens
727 2775 938 2830 auditor
971 2773 1280 2835 verborum,
1304 2769 1688 2838 hominumque
1737 2763 1912 2820 studia

325 2882 558 2924 cernens
581 2866 826 2921 inanibus
851 2865 906 2918 in
933 2863 1094 2920 rebus
1119 2863 1310 2931 posita,
1340 2861 1602 2915 dictorum
1630 2857 1910 2912 veritatem

325 2959 673 3016 vehementer
698 2957 954 3012 admiror.
983 2953 1182 3008 Omnes
1211 2951 1408 3020 quippe
1436 2951 1486 3004 in
1514 2948 1618 3003 lata
1661 2946 1910 3018 gradiun-

326 3061 416 3106 tur
434 3049 536 3112 via,
557 3061 748 3103 omnes
768 3045 931 3101 rebus
953 3043 1158 3098 inhiant
1187 3040 1558 3112 praesentibus,
1587 3037 1911 3092 futurorum-

325 3155 428 3212 que
457 3138 833 3209 cogitationem
858 3151 1144 3206 numquam
1163 3133 1486 3201 suscipiunt;
1511 3131 1604 3186 sed
1629 3129 1696 3184 ad
1719 3142 1911 3198 corpo-

327 3247 447 3287 reas
483 3231 780 3298 voluptates
824 3243 946 3282 cum
1003 3227 1204 3294 impetu
1267 3221 1587 3292 assidueque
1645 3219 1908 3284 feruntur,

326 3323 532 3378 animas
559 3335 685 3376 vero
705 3333 832 3374 suas
858 3317 1041 3372 sinunt
1069 3315 1212 3372 fame
1240 3314 1620 3370 contabesccre
1641 3327 1655 3377 ;
1680 3325 1912 3380 cumque

325 3412 619 3468 innumeris
665 3410 902 3480 quotidie
937 3407 1246 3464 vulneribus
1284 3405 1680 3468 confodiantur,
1721 3417 1910 3459 eorum

326 3506 378 3560 in
407 3504 599 3575 quibus
619 3511 900 3558 versantur
919 3500 1180 3555 malorum
1209 3499 1410 3554 nullum
1441 3497 1640 3552 habent
1659 3509 1908 3550 sensum:

325 3612 390 3652 ac
411 3595 503 3667 qui
533 3595 584 3649 in
612 3592 884 3663 corporeis
900 3590 1306 3661 :egritudinibus
1331 3588 1398 3643 ad
1427 3587 1666 3642 medicos
1692 3585 1908 3652 adeunt,

323 3689 470 3757 ipsos
505 3685 728 3741 domum
759 3692 1014 3749 evocant,
1040 3680 1534 3752 amplissimamque
1575 3679 1680 3734 illis
1704 3691 1912 3732 mercc-

323 3781 446 3836 dem
475 3777 794 3842 retribuunt,
821 3773 1156 3830 tolerantiam
1186 3788 1314 3828 vero
1340 3786 1603 3826 summam
1631 3769 1908 3832 exhibent,

324 3884 380 3929 et
409 3872 740 3928 curationem
761 3868 1026 3922 sustinent
1053 3866 1402 3930 laboriosam,
1419 3879 1528 3934 quo
1554 3861 1910 3917 valetudinem

321 3968 728 4032 consequantur
764 3957 1042 4026 corporis;
1076 3956 1150 4010 illi
1177 3997 1193 4022 ,
1223 3955 1468 4025 inquam,
1498 3953 1640 4008 male
1667 3952 1909 4006 affect-tm

322 4057 562 4113 animam
605 4067 828 4124 prorsus
873 4050 1166 4120 negligunt,
1199 4047 1659 4118 expetendamth
1685 4045 1800 4115 ejus
1824 4058 1910 4098 sa-

325 4149 544 4205 nitatem
583 4150 950 4205 contemuunt,
975 4142 1098 4196 licet
1141 4139 1304 4211 probe
1342 4138 1510 4194 sciant
1539 4151 1735 4208 corpus
1764 4151 1910 4191 mor-

323 4240 430 4294 tale
450 4247 505 4293 et
531 4234 861 4305 corruptioni
890 4233 1180 4288 obnoxium
1209 4247 1350 4298 esse,
1376 4229 1663 4300 vet-nisque
1689 4227 1912 4283 floribus

321 4328 602 4384 consimile
623 4341 638 4378 :
659 4324 879 4396 perinde
898 4323 1039 4378 enim
1062 4321 1362 4387 marcescit,
1386 4321 1761 4391 exstinguitur,
1791 4333 1914 4373 cor-

325 4419 588 4487 rumpitur
613 4418 880 4482 ;animam
921 4429 1052 4470 vero
1099 4412 1498 4468 immortalitate
1523 4410 1824 4480 prmditam,
1857 4415 1913 4464 et

323 4513 390 4568 ad
416 4512 699 4583 imaginem
731 4509 828 4564 Dei
857 4507 1082 4573 factam,
1111 4505 1196 4562 cui
1223 4505 1530 4561 concredita
1556 4511 1682 4558 sunt
1707 4503 1912 4556 animu-

323 4606 390 4661 lis
417 4602 658 4674 corporis
685 4597 1062 4672 gubernacula.
1093 4595 1246 4663 Quod
1281 4594 1426 4650 enim
1453 4604 1538 4650 est
1575 4593 1760 4662 auriga
1789 4607 1911 4647 cur-

325 4697 434 4760 rui,
461 4694 788 4766 gubernatur
830 4689 984 4755 navi,
1009 4688 1245 4743 musicus
1273 4685 1652 4749 instrumento,
1681 4683 1908 4753 idipsum

321 4788 450 4844 huic
485 4795 700 4841 terreno
743 4781 956 4836 vasculo
998 4794 1118 4834 esse
1165 4777 1398 4833 animam
1439 4775 1693 4846 pracepit
1719 4772 1908 4843 Opifcx

321 4881 436 4936 ille.
465 4877 592 4934 Haec
618 4875 851 4930 habenas
879 4881 1046 4937 tenet,
1074 4874 1280 4926 clavum
1312 4867 1638 4930 moderatur,
1671 4877 1726 4922 et
1745 4866 1910 4921 chor-

318 4971 418 5027 das
467 4964 840 5039 pulsalzqttod
879 4978 1000 5018 cum
1049 4962 1280 5016 scienter
1323 4960 1480 5024 facit,
1531 4959 1908 5013 suaviSsimtun

321 5060 532 5118 virtutis
549 5058 726 5115 reddit
750 5064 1068 5111 concentum
1099 5071 1111 5107 :
1144 5068 1265 5108 cum
1293 5061 1469 5106 autem
1511 5049 1596 5106 vel
1644 5050 1913 5105 remiserit

321 5169 503 5220 sonos,
539 5149 624 5206 vel
664 5147 951 5204 intenderit
979 5147 1096 5215 plus
1147 5160 1306 5215 quam
1345 5152 1612 5214 oporteat,
1643 5153 1697 5199 et
1738 5153 1910 5198 artem

319 5254 373 5300 et
414 5243 746 5300 harmoniam
791 5237 1091 5294 labefactat.
1121 5236 1288 5306 Hujus
1326 5251 1456 5306 ergo
1495 5236 1688 5291 anima:
1727 5249 1910 5289 curam

321 5337 580 5408 abjiciunt
621 5333 772 5390 inulti
808 5331 1092 5398 mortales,
1122 5345 1220 5384 nec
1249 5329 1466 5384 minima
1507 5329 1724 5399 quidem
1767 5327 1908 5381 illum

321 5443 448 5484 cura
479 5421 802 5498 dignantur;
832 5426 926 5479 sed
959 5431 1128 5478 totum
1156 5423 1277 5477 vitae
1303 5431 1512 5493 tempus
1541 5422 1594 5476 in
1621 5437 1911 5491 corporeas

321 5519 710 5575 sollicitudines
737 5514 1072 5587 impendunt.
1101 5514 1274 5584 Atque
1303 5512 1354 5568 lii
1383 5513 1596 5584 quidem
1637 5514 1911 5568 nauticum

327 5633 458 5748 mg?
493 5629 669 5683 collata
706 5643 818 5682 cum
851 5635 958 5679 lss.
985 5628 1147 5692 Regiis
1173 5627 1290 5678 1964
1315 5633 1366 5678 ct
1387 5626 1527 5690 2549,
1555 5631 1606 5678 et
1636 5627 1914 5680 Colbertino

661 5793 934 5856 ΡΑτιιοι.
984 5793 1097 5854 Gn.
1153 5792 1248 5854 LI.

1773 1030 2171 1051 __________

2009 1113 2130 1168 vitm
2161 1125 2332 1182 genus
2361 1109 2774 1178 amplectuntur,
2807 1122 2870 1162 ac
2897 1123 3017 1164 cum
3055 1109 3299 1166 fluctibus
3333 1120 3389 1166 et
3427 1114 3602 1168 ventis

2009 1207 2323 1258 concertant
2358 1215 2372 1252 ;
2410 1200 2571 1254 vitam
2620 1208 2954 1270 mortemque
2997 1214 3178 1254 secum
3231 1215 3448 1271 semper
3499 1217 3604 1257 una

2009 1291 2482 1356 circumferentes,
2510 1305 2770 1360 spemque
2796 1290 2983 1345 salutis
3017 1299 3180 1346 totam
3216 1294 3422 1364 exiguis
3459 1309 3610 1349 com-

2021 1384 2295 1438 mittentes
2319 1380 2510 1436 tabulis
2533 1397 2548 1434 :
2569 1381 2642 1434 illi
2664 1380 3001 1452 agriculturae
3027 1383 3254 1439 sudores
3286 1386 3606 1456 suscipiunt,

2009 1475 2178 1530 boves
2205 1480 2384 1527 aratro
2424 1470 2687 1542 jungunt,
2721 1480 2916 1526 terram
2954 1471 3182 1536 sulcant,
3215 1489 3356 1529 nunc
3390 1490 3605 1530 semen-

2012 1573 2120 1620 tem
2165 1563 2391 1632 jaciunt,
2445 1577 2589 1617 nunc
2639 1563 3070 1617 metuntunodo
3123 1565 3384 1634 plantant,
3447 1568 3609 1622 modo

2012 1659 2294 1714 vindemia?
2310 1656 2442 1712 dant
2459 1671 2712 1726 operam;
2741 1664 2795 1712 et
2823 1655 2924 1712 hac
2949 1657 3002 1711 in
3035 1657 3248 1713 miseria
3270 1667 3437 1715 totum
3469 1670 3609 1716 tem~

2012 1764 2109 1820 pus
2137 1749 2480 1803 emetiuntur.
2525 1747 2630 1802 Alii
2685 1757 3039 1802 mercaturam
3088 1747 3317 1814 adeunt,
3353 1759 3408 1806 et
3447 1767 3508 1806 ea
3540 1753 3608 1808 de

2010 1855 2170 1894 causa
2221 1847 2366 1892 terra
2413 1838 2652 1908 marique
2700 1839 3124 1908 peregrinantur,
3153 1839 3385 1896 alienum
3431 1843 3606 1898 solum

2012 1943 2111 1986 suo
2158 1927 2516 1984 anteferentes
2535 1968 2553 1994 ,
2585 1928 2832 1997 patriam,
2860 1943 3048 1998 genus,
3079 1930 3299 1994 amicos,
3330 1931 3605 2002 coujngcs,

2014 2019 2211 2074 liberos
2232 2017 2866 2088 relinquunt,,exiguique
2884 2017 3016 2072 lucri
3043 2033 3200 2072 causa
3229 2019 3456 2076 libenter
3483 2037 3608 2092 pcr-

2015 2118 2222 2181 agrant.
2268 2108 2376 2164 Sed
2427 2107 2555 2180 quid
2602 2108 2793 2162 attinet
2843 2117 2986 2162 artes
3025 2123 3214 2164 omnes
3263 2127 3604 2176 enumerare,

2019 2215 2152 2270 quas
2194 2200 2248 2254 in
2280 2214 2432 2254 usum
2473 2197 2718 2269 corporis
2755 2199 3045 2253 commenti
3087 2209 3212 2254 sunt
3257 2199 3523 2270 homines,
3553 2203 3604 2256 in

2013 2292 2207 2363 quibus
2244 2291 2331 2346 die
2374 2299 2642 2361 noctuque
2679 2299 2977 2356 versantes,
3013 2305 3198 2346 curam
3229 2293 3471 2362 corporis
3504 2294 3605 2348 sibi

2013 2381 2330 2457 suscipiunt,
2360 2380 2593 2436 animam
2623 2395 2751 2436 vero
2800 2379 3101 2450 despiciunt
3147 2382 3492 2450 esurientem,
3530 2385 3606 2440 si-

2015 2472 2254 2537 tientem,
2279 2471 2632 2544 squalentem,
2657 2471 2906 2527 sordibus
2928 2471 3199 2539 fmdatam,
3231 2475 3605 2546 sexcentisque

2013 2567 2262 2638 agitatam
2289 2565 2580 2623 utrumuis?
2601 2564 2866 2621 Cancrum
2895 2575 3014 2636 post
3038 2573 3214 2622 tantos
3241 2567 3360 2622 illos
3384 2567 3609 2624 sudores

2014 2659 2334 2731 laboresque
2383 2659 2616 2715 mortale
2645 2674 2838 2729 corpus
2878 2673 2908 2712 a
2950 2669 3125 2714 morte
3171 2675 3277 2714 non
3315 2660 3604 2724 vindicant,

2013 2753 2357 2824 animamque
2385 2752 2742 2809 immortalem
2773 2767 2894 2807 cum
2912 2753 3122 2808 mortali
3149 2767 3376 2825 corpore
3393 2757 3608 2811 :eternis

2015 2846 2292 2916 suppliciis
2319 2841 2632 2916 subjiciunt.

2083 2937 2138 2991 2.
2172 2937 2394 2992 Tantam
2422 2952 2522 3007 ego
2549 2935 2856 2992 mortalium
2878 2935 3073 2992 animis
3101 2935 3325 2992 offusam
3347 2937 3600 3008 ignoran-

2015 3028 2163 3096 tiam,
2193 3029 2636 3098 ingruentemque
2663 3027 2792 3097 ipsis
2814 3027 3033 3083 densam
3065 3029 3344 3099 caliginem
3372 3029 3600 3096 deﬂens,

2015 3119 2204 3174 vellem
2233 3119 2416 3189 utique
2433 3119 2716 3174 sublimem
2733 3118 3019 3188 quamdam
3047 3119 3285 3190 reperire
3311 3121 3604 3190 speculam,

2014 3227 2132 3281 quae
2162 3211 2409 3265 universa
2440 3210 2570 3264 mihi
2604 3209 2880 3264 hominum
2923 3225 3116 3280 genera
3161 3212 3332 3266 oculis
3371 3213 3604 3284 subjice-

2015 3312 2096 3357 ret
2116 3319 2129 3357 :
2147 3318 2442 3372 vocemque
2459 3302 2574 3357 dari
2592 3300 2744 3368 mihi,
2764 3317 2884 3371 qua:
2898 3309 3075 3372 posset
3093 3301 3160 3356 ab
3175 3303 3438 3358 universis
3453 3313 3610 3360 terra!

2016 3393 2210 3448 finibus
2228 3393 2492 3461 exaudiri,
2527 3401 2586 3448 ut
2613 3392 2920 3448 Davidicum
2949 3392 3096 3448 illum
3130 3407 3318 3448 sonum
3346 3393 3558 3449 ederem
3591 3413 3606 3448 :

2016 3485 2143 3540 Filii
2168 3487 2457 3550 hominum,
2484 3501 2735 3556 usquequo
2765 3485 2904 3555 gravi
2946 3485 3144 3539 corde?
3168 3496 3222 3539 ut
3242 3487 3364 3558 quid
3387 3487 3600 3558 diligitis

2013 3579 2319 3644 vanitatem,
2367 3587 2415 3631 et
2457 3577 2680 3648 quwritis
2723 3574 3040 3628 mendacium
3072 3573 3241 3646 (Psal.
3271 3575 3326 3641 4,
3357 3575 3448 3646 5)?
3467 3576 3596 3631 dum

2013 3678 2226 3724 terrena
2246 3666 2566 3735 caalestibus,
2595 3674 2940 3738 temporanea
2967 3664 3203 3732 aeternis,
3234 3665 3599 3736 corruptibilia

2015 3758 2508 3830 incorruptibilibus
2544 3755 2887 3827 anteponitis.
2915 3754 3204 3826 Usquequo
3231 3755 3419 3811 oculos
3455 3756 3606 3811 elati-

2012 3851 2160 3918 ditis,
2187 3865 2346 3905 aures
2374 3848 2657 3910 obturatis,
2685 3847 3030 3916 divinamque
3059 3845 3201 3900 illam
3224 3861 3411 3901 vocem
3428 3848 3608 3918 quoti-

2011 3943 2100 4000 die
2123 3943 2443 3998 clamantem
2475 3954 2580 3994 non
2619 3937 2813 3993 auditis
2847 3953 2863 3990 :
2909 3935 3090 4003 Petito,
3115 3945 3162 3990 et
3197 3936 3403 3992 dabitur
3445 3939 3601 4004 vobis,

2012 4036 2240 4106 quaerite,
2258 4043 2305 4088 et
2329 4032 2626 4098 invenietis;
2643 4029 2861 4101 pulsate,
2878 4038 2927 4082 et
2943 4027 3201 4100 aperietur
3221 4029 3358 4083 vobis
3380 4027 3598 4098 (Matth.

2013 4128 2067 4190 7,
2100 4125 2192 4197 7)?
2225 4123 2404 4180 Omnis
2425 4123 2557 4176 enim
2582 4123 2671 4187 qui
2698 4119 2839 4190 petit,
2868 4117 3092 4188 accipit;
3114 4127 3160 4171 et
3181 4118 3267 4188 qui
3291 4119 3493 4189 quierit,
3523 4119 3604 4172 in-

2013 4218 2165 4282 reuit,
2188 4225 2232 4268 et
2253 4213 2478 4286 pulsanti
2496 4213 2748 4282 aperietur
2769 4207 2876 4284 (Ib.
2905 4226 2954 4264 υ.
3024 4208 3106 4280 8).
3138 4207 3270 4278 Quia
3296 4223 3427 4264 vero
3468 4225 3606 4264 non-

2016 4309 2146 4362 nulli
2178 4305 2604 4377 itnperfectiores
2629 4311 2774 4368 sunt,
2802 4311 2855 4357 et
2876 4301 2941 4356 ad
2967 4300 3245 4357 saecularia
3277 4303 3428 4372 proni
3445 4344 3460 4366 ,
3485 4316 3603 4357 car-

2015 4397 2332 4466 nalibusqne
2385 4393 2794 4465 cogitationibus
2847 4391 3160 4462 indulgent,
3211 4407 3317 4447 non
3383 4409 3446 4450 ea
3494 4410 3598 4466 qua

2013 4495 2289 4558 oporteret
2344 4485 2554 4540 ratione
2601 4497 2789 4554 preces
2836 4481 3268 4538 adhibentzideo
3305 4489 3606 4541 communis

2013 4579 2252 4634 omnium
2277 4577 2532 4632 Dominus
2560 4573 2810 4646 precandi
2844 4573 2998 4629 nobis
3019 4573 3244 4629 formam
3277 4576 3604 4646 praescripsit

2015 4669 2199 4725 dicens
2241 4686 2254 4721 :
2305 4666 2518 4722 Orontes
2555 4676 2746 4734 autem,
2793 4665 2950 4720 nolite
2991 4666 3205 4718 multum
3253 4665 3428 4735 loqui,
3473 4668 3604 4722 sicut

2013 4765 2200 4818 ethnici
2223 4779 2242 4817 :
2264 4769 2444 4830 putant
2470 4761 2625 4826 enim,
2650 4759 2787 4829 quod
2821 4758 2875 4812 in
2918 4757 3238 4829 multiloquio
3271 4759 3606 4813 exaudientur

2015 4855 2230 4930 (Matth.
2257 4855 2310 4912 6.
2339 4855 2396 4925 7)
2426 4852 2852 4922 :multiloquium
2875 4865 3071 4904 vocans
3103 4849 3428 4917 futilitatem,
3459 4854 3594 4908 mul-

2013 4948 2239 5004 titudiue
2287 4947 2570 5003 verborum
2610 4943 3015 5005 redundantem,
3051 4941 3384 5014 utilitateque
3407 4957 3600 4999 caren-

2016 5056 2146 5101 tem.

2091 5135 2431 5190 Pulchritudo
2471 5133 2730 5204 corporis,
2777 5149 2957 5205 resque
3001 5142 3214 5188 terrena:
3255 5150 3407 5204 quam
3452 5137 3612 5206 fluxa:

2015 5229 2136 5283 sint.
2159 5227 2397 5282 Omnium
2425 5226 2734 5296 dispensatio
2770 5224 2881 5280 Deo
2915 5225 3293 5280 committenda.
3319 5255 3388 5268 ι·-
3409 5227 3609 5283 Subiu-

2015 5319 2162 5376 dicat
2206 5319 2366 5388 igitur
2414 5317 2702 5382 Dominus,
2749 5316 2876 5372 dum
2922 5317 3294 5388 mutiloquium
3339 5319 3608 5388 prohibet,

2023 5425 2129 5464 non
2158 5415 2408 5479 Oportere
2435 5422 2550 5472 eos,
2583 5408 2672 5478 qui
2703 5417 3006 5478 precantur,
3037 5406 3178 5462 ﬂuxa
3207 5417 3262 5461 et
3285 5409 3598 5478 corruptibi-

2023 5501 2088 5554 lia
2147 5497 2418 5568 postulare
2465 5515 2480 5552 :
2535 5514 2641 5552 non
2690 5497 2934 5567 corporis
2985 5493 3456 5565 pulchritudinem,
3491 5511 3610 5567 qua:

2023 5599 2264 5658 tempore
2301 5589 2612 5652 marcescit,
2644 5595 2697 5641 et
2738 5586 2932 5642 morbo
2975 5583 3343 5649 labefactatur,
3368 5585 3603 5642 demum-

2025 5697 2129 5753 que
2159 5689 2330 5736 morte
2362 5677 2586 5735 deletur.
2619 5676 2762 5731 Talis
2810 5689 3038 5746 namque
3087 5683 3170 5730 est
3211 5677 3452 5748 corporis
3497 5679 3612 5748 pul-

3196 5795 3235 5852 3
