4066 6274
457 310 538 365 $3
1236 311 1273 372 S
1332 311 1609 370 JOANNYS
1644 310 2119 370 CllRYSOSTOMI
2157 311 2477 371 ARCHIEP.
2518 313 3054 375 CONSTANTINOP.
3693 326 3763 378 46

448 427 743 490 «cbritudo.
796 427 895 483 llos
948 426 1167 483 minimc
1216 427 1516 493 diuturnus,
1546 426 1637 497 qui
1673 425 1964 497 pauxillum
1995 424 2051 480 in

458 519 771 589 ιίηνυιιιηιίε
803 534 927 574 vere
966 517 1138 585 ﬂoret,
1171 517 1268 574 sed
1320 519 1468 574 brevi
1518 518 1774 588 temporis
1828 517 2055 572 decursu

473 611 850 680 corrumpitur.
880 611 935 666 Si
963 611 1082 682 quis
1108 626 1235 665 vero
1264 610 1613 665 substantiam
1637 609 1750 680 ejus
1778 609 2060 679 explorare

476 703 623 766 velit,
654 711 781 758 tunc
811 702 961 757 illum
993 702 1160 773 magis
1188 701 1451 771 despuere
1489 701 1709 771 poterit.
1738 698 1881 753 Nihil
1912 700 2057 753 enim

472 792 617 850 aliud
663 803 767 860 est,
792 808 949 862 quam
990 793 1204 863 pituita,
1245 792 1462 863 sanguis
1501 799 1556 847 et
1606 790 1820 858 humor,
1848 790 2060 860 cibique

472 886 644 939 mansi
665 883 871 956 chylus.
890 883 1027 939 Hinc
1053 883 1196 937 enim
1222 881 1386 947 oculi,
1416 895 1589 952 genae,
1616 894 1792 945 nares,
1816 879 2058 950 superci-

473 977 562 1042 lia,
595 975 756 1042 labia,
789 983 1067 1044 totumque
1093 987 1291 1043 corpus
1315 972 1567 1042 irrigatur
1595 987 1611 1025 :
1638 985 1759 1041 quae
1782 970 1827 1026 si
1852 970 2061 1025 desinat

472 1065 730 1136 irrigatio,
764 1066 850 1119 illa
896 1063 1086 1119 formae
1121 1072 1373 1119 venustas
1419 1076 1641 1133 prorsus
1683 1061 1910 1117 desinet.
1942 1060 2057 1117 Non

472 1158 815 1228 pecuniarum
861 1156 1158 1222 facultates,
1187 1171 1306 1227 qua:
1349 1169 1604 1227 aquarum
1652 1155 1821 1209 instar
1869 1152 2057 1208 fluvia-

471 1251 597 1306 lium
642 1248 870 1305 inlluunt
898 1259 952 1305 et
984 1247 1245 1316 defluunt,
1276 1257 1332 1305 et
1352 1263 1494 1304 nunc
1521 1247 1589 1303 ad
1616 1247 1795 1315 illum,
1824 1261 1967 1301 nunc
1991 1246 2058 1301 ad

473 1342 630 1398 alium
659 1342 994 1398 transiliunt:
1019 1356 1137 1414 qua':
1178 1354 1542 1412 possessorem
1585 1338 1815 1411 fugiunt,
1837 1347 1892 1395 et
1918 1337 2058 1409 apud

471 1448 529 1489 se
553 1432 832 1504 diligentes
849 1447 1067 1487 manere
1091 1439 1342 1487 recusant
1371 1447 1385 1484 :
1413 1429 1752 1486 insidiatores
1773 1443 1902 1484 vero
1923 1427 2060 1483 mul—

472 1535 554 1581 tos
582 1524 803 1588 habent,
834 1523 1024 1589 tineas,
1055 1522 1220 1588 fures,
1243 1521 1621 1592 schpbantas,
1652 1521 1916 1588 incendia,
1936 1535 2061 1575 nau-

470 1617 657 1687 fragia,
685 1617 946 1672 bellorum
975 1615 1244 1680 incursus,
1274 1613 1588 1684 populorum
1621 1614 1928 1680 seditiones,
1960 1612 2058 1668 do-

469 1707 811 1762 mesticorum
852 1705 1118 1776 nequitias
1140 1747 1154 1771 ,
1185 1703 1669 1776 cbirographorum
1715 1703 2054 1769 amissiones,

468 1797 550 1853 vel
597 1796 933 1863 additiones,
968 1795 1369 1851 imminutiones
1401 1810 1417 1849 :
1444 1795 1654 1867 aliaque
1700 1795 1903 1864 multa,
1936 1810 2058 1867 quae

469 1890 810 1961 pecuniarum
863 1897 1105 1944 amantes
1144 1886 1402 1943 invadunt
1442 1885 1787 1943 detrimenta.
1814 1885 1931 1943 Non
1971 1886 2057 1942 di-

464 1985 720 2055 gnitatum
749 1984 1060 2054 potentiam,
1092 1996 1213 2052 quae
1239 1989 1295 2037 et
1319 1980 1432 2051 ipsa
1459 1980 1624 2036 multa
1672 1980 1814 2051 parit
1842 1980 2051 2037 incom-

467 2074 654 2139 moda,
704 2073 1119 2129 sollicitudinum
1170 2072 1369 2139 tabem,
1419 2071 1682 2126 insomnia
1728 2072 2051 2143 frequentia,

465 2165 763 2221 tnvidorum
797 2164 1036 2232 insidias,
1071 2163 1408 2219 inimicorum
1447 2162 1899 2232 machinamenta,
1926 2163 2055 2219 sub-

464 2258 640 2315 dolam
690 2258 962 2315 rhetorum
1011 2259 1291 2330 argutiam,
1342 2273 1464 2329 quae
1514 2258 1830 2330 compositis
1873 2261 2054 2316 verbis

461 2353 740 2409 veritatem
788 2352 1172 2417 circumvenit,
1207 2350 1582 2422 iudicibusque
1631 2349 1763 2422 ipsis
1801 2365 2049 2421 magnum

463 2443 755 2513 periculum
796 2452 963 2498 creat.
1012 2441 1147 2498 Sunt
1190 2442 1356 2508 enim,
1379 2449 1507 2496 sunt
1536 2455 1722 2496 revera
1750 2440 2050 2510 multiloqui

465 2533 562 2587 viri
608 2532 783 2597 multi,
820 2540 876 2586 et
914 2530 1155 2585 futilibus
1203 2531 1448 2585 instructi
1494 2531 1707 2595 verbis,
1733 2530 1826 2600 qui
1853 2531 1969 2585 lucc
1994 2540 2050 2587 ct

460 2621 654 2676 similia
676 2634 706 2674 a
738 2619 848 2674 Deo
870 2619 1238 2674 universorum
1266 2619 1556 2689 postulant,
1587 2634 1902 2689 eorumque,
1928 2632 2050 2690 quas

460 2727 585 2768 vero
614 2719 737 2766 sunt
765 2709 925 2774 bona,
955 2709 1155 2764 nullam
1194 2693 1453 2764 rationem
1481 2707 1701 2764 habent.
1729 2710 1893 2780 Atqui
1927 2725 2047 2766 me-

458 2806 638 2862 dicum
684 2801 1199 2858 medicamentorum
1249 2815 1403 2856 usum
1443 2816 1549 2856 non
1588 2801 1775 2872 aegroti
1824 2801 2046 2871 docent,

457 2896 552 2953 sed
594 2896 671 2963 hi,
701 2892 1044 2967 quantumvis
1063 2892 1232 2949 durus
1277 2891 1642 2965 molestusque
1666 2893 1735 2949 sit
1754 2894 2047 2950 curationis

458 2989 669 3054 modus,
708 3002 826 3058 qua:
869 2986 937 3041 ab
987 2984 1083 3041 illo
1126 2984 1422 3042 offeruntur
1468 2987 1755 3041 sustinent.
1805 2985 2045 3058 Itemque

457 3080 867 3149 gubernatorem
898 3092 1006 3131 non
1030 3087 1275 3133 vectores
1319 3076 1509 3148 jubent
1552 3075 1655 3133 hoc
1693 3077 1853 3133 illove
1882 3077 2045 3134 modo

459 3173 670 3227 clavum
702 3179 921 3238 tenere,
959 3178 1014 3225 et
1055 3171 1232 3226 navim
1269 3171 1533 3242 dirigere;
1563 3170 1657 3227 sed
1704 3170 1757 3228 in
1795 3173 2042 3249 tabulatis

457 3264 739 3329 sedentes,
774 3262 915 3317 illius
965 3261 1203 3332 peritiae,
1245 3276 1350 3317 non
1407 3260 1570 3317 modo
1614 3263 1865 3319 secundis
1906 3279 2039 3320 ven-

461 3346 568 3420 tis,
622 3352 719 3408 sed
781 3351 944 3407 etiam
1006 3360 1254 3406 extremo
1315 3351 1595 3423 ingruente
1646 3353 1884 3424 periculo
1922 3369 2043 3412 sese

454 3445 814 3502 committunt.
890 3443 991 3500 Uni
1053 3452 1256 3498 tantum
1329 3442 1474 3511 Deo,
1526 3443 1618 3514 qui
1689 3459 1809 3516 qua:
1885 3447 2042 3504 nobis

456 3539 603 3596 utilia
649 3546 1054 3609 opportunaque
1096 3545 1224 3591 sunt
1271 3543 1516 3591 accurate
1551 3536 1719 3601 novit,
1773 3536 1850 3593 illi
1902 3538 2042 3595 male

456 3629 628 3687 feriati
686 3628 931 3683 homines
984 3625 1180 3682 cedere
1243 3626 1533 3693 nesciunt,
1589 3625 1685 3682 sed
1738 3627 2040 3698 perniciosa

458 3722 608 3795 quasi
641 3720 791 3775 utilia
819 3718 1118 3790 postulant,
1143 3717 1365 3789 perinde
1405 3728 1567 3789 atque
1605 3728 1868 3790 aegrotus,
1889 3720 1980 3792 qui
2009 3737 2039 3777 a

457 3814 668 3872 medico
695 3813 857 3884 petit,
886 3826 993 3869 non
1047 3825 1110 3867 ea
1154 3827 1277 3883 quae
1329 3811 1574 3868 morbum
1626 3810 1920 3884 depellant,
1944 3813 2041 3870 sed

455 3922 575 3977 qua:
622 3904 900 3960 materiam
952 3903 1095 3958 illam
1144 3901 1316 3957 morbi
1373 3912 1596 3958 matrem
1651 3902 2039 3960 alant.Verum

455 3998 693 4054 medicus
730 3995 926 4051 infirmi
953 4009 1144 4067 preces
1174 4010 1279 4050 non
1306 3994 1555 4062 admittit,
1584 3995 1680 4051 sed
1711 3997 1920 4053 etiamsi
1965 3998 2042 4054 la-

453 4097 781 4160 crymantem
818 4087 1286 4157 ingementemque
1337 4086 1536 4153 videat,
1572 4087 1704 4140 artis
1757 4087 2041 4158 praeceptis

455 4179 847 4251 obtemperabit
870 4176 1069 4249 potius,
1097 4192 1255 4245 quam
1286 4176 1430 4231 illius
1459 4175 1701 4232 ﬂectatur
1740 4177 1992 4250 lacrymis
2022 4194 2037 4232 :

455 4279 677 4339 tumque
705 4266 899 4322 medici
927 4265 1413 4335 iuobsequentiam,
1441 4281 1546 4320 non
1573 4265 2036 4336 inhumanitatem,

457 4360 550 4417 sed
607 4356 992 4414 humanitatem
1036 4370 1314 4411 vocamus.
1348 4355 1545 4412 Contra
1594 4372 1725 4412 vero
1762 4358 1806 4413 si
1837 4369 2041 4429 aegroto

455 4466 659 4509 morem
689 4455 861 4521 gerat,
877 4446 1101 4519 ejusque
1121 4446 1377 4519 voluptati
1408 4447 1754 4520 obsequatur,
1775 4448 2041 4507 hostiliter

452 4561 575 4602 cum
612 4543 706 4600 illo
743 4540 882 4614 agit;
906 4539 989 4597 sin
1015 4540 1297 4608 renitatur,
1324 4540 1547 4612 ejusque
1566 4540 1909 4610 cupiditatem
1938 4557 2039 4614 op-

456 4643 681 4707 pugnet,
715 4629 1080 4688 misericordia
1101 4640 1259 4701 atque
1282 4631 1567 4686 clementia
1596 4630 1778 4686 utitur.
1810 4631 1899 4687 Sic
1924 4635 2039 4688 ani-

454 4744 663 4785 marum
703 4736 1002 4782 nostrarum
1031 4723 1303 4793 Medicus,
1332 4740 1449 4794 qum
1502 4723 1663 4778 noxia
1702 4722 1874 4779 futura
1914 4734 2041 4780 sunt

454 4816 759 4891 petentibus
781 4832 1071 4889 numquam
1097 4814 1324 4871 dederit.
1349 4815 1529 4886 Neque
1551 4815 1692 4870 enim
1712 4825 1894 4887 patres
1915 4829 2039 4886 pro-

457 4914 521 4970 lis
565 4919 810 4968 amantes
838 4908 962 4965 filiis
997 4908 1173 4965 adhuc
1224 4907 1431 4985 tenellis
1474 4906 1680 4976 gladios
1719 4915 1812 4962 aut
1844 4906 2038 4978 ignitus

450 5004 715 5059 carbones
754 4999 1090 5072 petentibus,
1122 5014 1371 5069 umquam
1413 4998 1750 5068 porrexerint
1792 5014 1806 5052 :
1841 5004 2038 5053 norunt

451 5096 595 5152 enim
648 5094 765 5150 haec
814 5093 1013 5148 damno
1059 5090 1237 5146 futura
1290 5104 1411 5146 esse
1460 5089 1504 5145 si
1533 5088 1763 5144 dentur:
1794 5088 2037 5143 nonnulli

450 5204 578 5245 vero
623 5188 676 5243 in
731 5194 1025 5242 extremm
1071 5182 1307 5255 prolapsi
1355 5180 1700 5245 dementiam,
1734 5194 1839 5237 non
1877 5180 2038 5237 modo

448 5276 693 5352 corporis
720 5274 1190 5348 pulchritudinem,
1217 5272 1448 5340 divitias,
1482 5273 1772 5344 potentiam
1802 5281 2032 5329 ctetera-

447 5387 551 5442 que
587 5369 643 5427 id
688 5381 858 5442 genus
897 5364 966 5421 ab
1018 5364 1387 5421 universorum
1436 5365 1545 5420 Deo
1599 5364 1899 5435 postulant;
1939 5364 2036 5422 sed

450 5464 613 5517 etiam
632 5457 863 5516 inimicis
891 5457 1003 5514 suis
1029 5457 1412 5528 imprecantur,
1441 5457 1690 5527 ipsosque
1713 5456 1885 5528 penis
1907 5472 2034 5527 sup-

451 5551 718 5622 plicioque
743 5550 884 5607 affici
912 5558 1136 5622 rogant:
1163 5558 1215 5604 et
1242 5563 1401 5619 quem
1438 5546 1537 5602 sibi
1573 5548 1858 5619 propitium
1886 5547 2038 5603 beni-

449 5658 722 5713 gnumque
751 5658 871 5699 esse
911 5649 1217 5715 precantur,
1249 5641 1479 5698 inimicis
1502 5640 1757 5696 immitem
1788 5639 2035 5695 inhuma-

452 5751 687 5808 numque
716 5749 837 5790 esse
876 5744 1176 5806 peroptant.
1205 5733 1337 5802 Quae
1362 5736 1540 5791 omnia
1568 5732 1828 5790 Dominus
1863 5733 2036 5805 repri-

2174 441 2321 482 mere
2365 441 2780 498 praeoccupans,
2833 429 3224 501 multiloquium
3269 437 3451 496 vetat,
3494 429 3762 503 docetque

2169 516 2296 587 quid
2326 517 2398 572 sit
2440 517 2493 572 in
2534 518 2777 573 oratione
2817 517 3102 574 dicendum
3137 537 3151 575 :
3180 533 3246 574 ac
3270 521 3454 590 paucis
3478 523 3658 578 verbis
3685 524 3755 578 ad

2162 622 2378 664 omnem
2432 608 2682 665 virtutem
2729 609 3009 665 instituit:
3052 611 3141 665 illa
3180 612 3377 683 quippe
3431 613 3595 669 verba
3644 632 3755 672 non

2165 697 2326 754 modo
2380 698 2626 755 doctrina
2679 700 2745 754 ad
2797 701 3122 771 precandum
3165 712 3309 769 sunt,
3342 705 3436 760 sed
3479 706 3641 763 etiam
3686 708 3755 764 ad

2164 789 2455 859 perfectam
2479 791 2643 847 vitam
2667 791 2951 847 institutio.

2235 883 2288 938 3.
2321 880 2501 938 Oratio
2535 882 2789 937 dominica
2812 884 3019 954 ejusque
3044 884 3356 955 explanatio.
3386 916 3459 927 -
3495 887 3754 954 Qumnarn

2163 980 2339 1028 autem
2366 973 2454 1028 illa
2484 973 2613 1041 sint,
2645 982 2699 1030 et
2728 973 2849 1044 quis
2877 989 3067 1030 eorum
3098 990 3312 1044 sensus,
3339 976 3753 1049 diligentissime

2162 1063 2530 1134 exquiramus,
2558 1079 2729 1135 eaque
2754 1073 3027 1136 tamquam
3053 1066 3265 1123 divinas
3290 1068 3436 1139 leges
3460 1084 3567 1125 non
3592 1071 3720 1126 dubi
3738 1103 3754 1113 -

2165 1160 2341 1209 tanter
2387 1153 2740 1210 observemus
2779 1172 2793 1209 :
2832 1155 2990 1210 Pater
3033 1169 3222 1224 noster,
3279 1160 3367 1227 qui
3416 1176 3471 1215 es
3518 1162 3573 1216 in
3614 1164 3755 1218 caelis

2164 1244 2378 1315 (Matth.
2409 1244 2463 1301 6.
2494 1246 2548 1301 9.
2579 1247 2737 1319 sqq.).
2772 1247 2820 1302 Ο
2845 1256 3097 1317 quantam
3140 1262 3265 1319 erga
3314 1249 3561 1308 homines
3594 1252 3756 1308 beni-

2162 1337 2417 1408 gnitatem
2438 1339 2453 1393 l
2483 1353 2520 1394 o
2540 1348 2792 1410 quantam
2812 1339 3089 1411 dignitatis
3109 1341 3513 1399 excellentiam!
3545 1346 3746 1417 Ecquis

2162 1443 2342 1483 sermo
2379 1430 2484 1485 erit
2524 1429 2591 1485 ad
2640 1430 2838 1501 gratias
2885 1438 3155 1487 tantorum
3207 1431 3470 1489 bonorum
3515 1436 3751 1507 largitori

2162 1518 2399 1589 agendas
2436 1520 2609 1575 satis?
2637 1519 2952 1592 Perpende,
2984 1522 3213 1590 dilecte,
3242 1531 3347 1579 tute
3382 1541 3622 1599 memque
3657 1544 3755 1584 na-

2165 1620 2295 1666 turae.
2320 1611 2573 1668 vilitatem
2603 1628 2620 1665 :
2648 1622 2890 1670 scrutare
2924 1616 3298 1686 cognationem
3321 1657 3338 1685 ,
3370 1626 3599 1686 terram,
3635 1624 3751 1690 pul-

2161 1717 2377 1766 verem,
2405 1701 2614 1768 lutum,
2657 1700 2919 1771 laterem,
2955 1705 3232 1762 cinerem:
3262 1722 3296 1762 e
3338 1716 3479 1764 terra
3521 1725 3753 1779 namque

2160 1791 2343 1860 efficti,
2375 1792 2428 1848 in
2458 1800 2659 1849 terram
2701 1793 2917 1849 demum
2949 1796 3285 1853 resolvimur.
3316 1798 3410 1854 liis
3450 1803 3749 1870 perpensis,

2160 1886 2533 1943 inscrutabiles
2550 1885 2744 1942 divinae
2758 1901 2884 1958 erga
2907 1903 3004 1943 nos
3031 1888 3371 1960 benignitatis
3390 1891 3603 1949 divitias
3622 1908 3747 1949 cum

2159 1986 2378 2046 stupore
2400 1975 2681 2032 considam
2712 1994 2728 2032 :
2759 1977 2902 2048 quod
2933 1977 3143 2035 Patrem
3168 1979 3318 2036 illum
3349 1996 3544 2038 vocare
3564 1982 3749 2053 jussus

2158 2069 2253 2139 sis,
2289 2059 2888 2136 terrenus'carlestem,
2918 2071 3161 2127 mortalis
3208 2072 3587 2141 immortalem,
3629 2089 3750 2128 cor-

2159 2160 2423 2230 ruptibilis
2467 2159 2968 2230 incorruptibilem,
3028 2172 3407 2232 temporaneus
3460 2173 3746 2231 attentum,

2156 2251 2245 2321 qui
2277 2250 2391 2306 beri
2415 2259 2504 2304 aut
2539 2266 2710 2319 nuper
2734 2251 2905 2306 lutum
2945 2266 3088 2318 eras,
3121 2267 3243 2306 cum
3282 2252 3370 2322 qui
3400 2261 3523 2306 ante
3548 2254 3747 2310 sarcula

2158 2340 2303 2395 Deus
2327 2349 2462 2396 erat.
2493 2339 2742 2396 Profecto
2763 2355 2868 2395 non
2901 2340 2968 2395 ad
3001 2341 3146 2395 illam
3172 2339 3368 2395 frustm
3392 2341 3744 2397 emittendum

2154 2446 2340 2489 vocem
2368 2432 2589 2487 edoctus
2609 2446 2669 2487 es
2701 2447 2716 2497 ;
2754 2432 2848 2486 sed
2879 2441 2938 2487 ut
2959 2433 3027 2487 ad
3057 2431 3226 2500 ill-am,
3253 2447 3414 2503 quam
3443 2433 3622 2505 lingua
3655 2445 3746 2491 tua

2154 2523 2398 2594 protulit,
2427 2523 2601 2579 Patris
2623 2523 3062 2595 appellationem,
3091 2525 3392 2580 reverentia
3418 2534 3743 2593 commotus,

2152 2616 2268 2687 ejus
2293 2615 2675 2687 benignitatem
2715 2615 3451 2687 imiteriszquemadmodum
3498 2618 3623 2674 alibi
3655 2618 3744 2672 di-

2151 2708 2224 2763 cit
2250 2723 2263 2761 :
2291 2706 2469 2762 Estote
2507 2707 2697 2763 similes
2741 2706 2921 2763 Patris
2959 2708 3143 2774 uestri,
3170 2709 3257 2779 qui
3295 2709 3349 2763 in
3376 2710 3513 2764 etatis
3537 2719 3630 2774 est,
3655 2711 3743 2780 qui

2150 2797 2307 2851 solem
2328 2814 2475 2852 suum
2499 2798 2622 2852 oriri
2643 2799 2768 2871 facit
2791 2814 2944 2869 super
2963 2799 3127 2854 malos
3147 2808 3196 2853 et
3216 2798 3396 2867 bonos,
3423 2810 3471 2855 et
3496 2801 3624 2871 pluit
3651 2817 3741 2855 su-

2150 2904 2242 2960 per
2254 2890 2424 2958 justas
2463 2898 2510 2945 et
2546 2891 2767 2961 injustas
2819 2890 3032 2964 (Matth.
3064 2893 3120 2948 5.
3148 2891 3266 2961 45).
3299 2892 3415 2948 Non
3444 2902 3618 2963 potest
3645 2894 3742 2947 be-

2150 2981 2370 3052 nignum
2422 2981 2588 3037 Deum
2627 2983 2841 3039 Patrem
2878 2984 3150 3054 appellare
3189 2985 3431 3055 quisquis
3468 2993 3551 3038 est
3575 2985 3742 3041 feroci

2148 3071 2446 3143 itnmitique
2463 3073 2644 3128 animo
2664 3090 2677 3126 :
2697 3087 2870 3144 neque
2886 3074 3028 3127 enim
3044 3081 3227 3127 servat
3242 3072 3360 3127 illas
3374 3073 3739 3142 benignitatis,

2147 3178 2266 3234 qua:
2290 3163 2342 3218 iu
2372 3164 2570 3220 caelesti
2597 3165 2757 3222 Patre
2781 3173 2885 3231 est,
2919 3174 3170 3230 tesseras,
3199 3163 3293 3218 sed
3325 3163 3378 3218 in
3413 3163 3634 3218 ferinam
3668 3179 3731 3220 se

2146 3255 2380 3325 speciem
2425 3257 2825 3323 transmutavit,
2852 3264 3014 3326 atque
3057 3271 3086 3309 a
3120 3255 3298 3310 divina
3344 3255 3434 3310 illa
3463 3257 3741 3313 nobilitate

2147 3343 2365 3411 excidit,
2390 3344 2687 3401 secundum
2704 3344 2833 3401 illud
2859 3344 3025 3400 David
3053 3345 3254 3401 dictum
3289 3362 3304 3401 :
3339 3345 3510 3401 Homo
3547 3363 3661 3401 cunt
3682 3347 3736 3401 in

2146 3436 2342 3492 honore
2375 3445 2521 3503 esset,
2552 3453 2654 3493 non
2694 3437 2942 3492 intellexit
2970 3453 2991 3492 :
3017 3446 3342 3507 comparatus
3388 3446 3460 3492 est
3491 3438 3741 3508 jumentis

2145 3526 2498 3600 insipientibus
2517 3569 2534 3596 ,
2562 3535 2610 3581 et
2654 3527 2836 3582 similis
2876 3527 3045 3596 [actus
3073 3537 3145 3581 est
3182 3526 3288 3582 illis
3310 3526 3483 3599 (Psal.
3505 3528 3596 3594 48,
3616 3528 3735 3598 ﬁt).

2145 3618 2358 3675 Etenim
2387 3619 2478 3690 qui
2506 3626 2564 3673 ut
2585 3627 2770 3674 taurus
2800 3618 2966 3674 insilit
2991 3625 3047 3673 et
3067 3617 3288 3681 invadit,
3313 3619 3567 3673 utasiuus
3588 3619 3738 3674 calce

2145 3709 2287 3776 ferit,
2322 3718 2383 3764 ut
2404 3710 2641 3766 camelus
2672 3710 2881 3781 injuria:
2907 3709 3170 3777 meminit,
3199 3718 3258 3764 ut
3291 3721 3453 3764 unus
3480 3718 3655 3777 vorat,
3679 3720 3740 3766 ut

2149 3802 2305 3872 lupus
2337 3802 2514 3872 rapit,
2544 3811 2602 3859 ut
2628 3802 2874 3873 scorpius
2911 3800 3117 3874 pungit,
3146 3799 3374 3856 subdole
3396 3801 3506 3871 agit
3527 3809 3583 3856 ut
3612 3801 3735 3855 vul-

2145 3907 2260 3964 pes,
2293 3892 2467 3948 ltinnit
2488 3892 2555 3948 ad
2575 3892 2804 3948 feminas
2824 3893 2996 3947 instar
3029 3892 3150 3963 equi
3176 3891 3461 3959 emissarii,
3489 3892 3580 3962 qui
3609 3906 3733 3960 pos-

2145 3986 2217 4041 sit
2260 3986 2474 4057 dignam
2518 3985 2629 4041 filio
2668 4000 2856 4042 vocem
2900 3985 3180 4052 emittere,
3210 3985 3528 4054 Patremque
3565 3986 3734 4041 Deum

2146 4079 2509 4147 compellare?
2533 4079 2700 4147 Quem
2737 4080 2878 4134 hunc
2921 4079 3081 4150 igitur
3106 4080 3401 4134 vocemus?
3434 4079 3734 4135 Feranme?

2149 4171 2215 4224 At
2239 4168 2369 4224 form
2398 4183 2508 4224 uno
2556 4183 2621 4223 ex
2661 4171 2991 4224 enumeratis
3022 4169 3154 4223 vitio
3194 4169 3461 4240 laborant,
3489 4171 3577 4227 hic
3605 4188 3735 4227 vero

2146 4261 2324 4314 omnia
2355 4260 2516 4316 simul
2540 4260 2936 4330 complectens,
2965 4259 3177 4317 feritate
3205 4261 3442 4332 ipsarum
3466 4262 3736 4319 efferatior

2146 4360 2250 4407 est.
2278 4351 2478 4422 Ecquid
2500 4351 2621 4407 dico
2650 4350 2864 4406 feram?
2892 4351 3004 4408 fera
3034 4355 3222 4423 quavis
3244 4354 3485 4411 deterior
3510 4357 3599 4410 ille
3625 4366 3734 4412 est.

2146 4443 2356 4499 Etenim
2395 4443 2519 4500 fera:
2552 4444 2678 4500 licet
2710 4452 2899 4500 natura
2939 4459 3035 4500 sua
3073 4446 3310 4503 immites
3339 4448 3466 4516 sint,
3499 4448 3732 4504 humana

2148 4545 2323 4593 tamen
2360 4546 2476 4593 arte
2517 4537 2725 4594 cicures
2773 4538 2909 4593 fiunt
2950 4548 3005 4593 et
3048 4551 3464 4596 mansuescunt:
3496 4541 3583 4597 hic
3604 4558 3736 4597 vero

2146 4628 2330 4696 homo,
2357 4629 2448 4701 qui
2475 4630 2689 4685 insitam
2711 4630 2816 4686 illis
2841 4646 2871 4686 a
2897 4641 3087 4686 natura
3114 4632 3378 4688 feritatem
3407 4635 3461 4689 in
3491 4650 3736 4691 mansue-

2145 4722 2405 4788 tudinem,
2429 4738 2550 4794 qum
2574 4734 2759 4779 contra
2784 4725 2995 4779 illarum
3024 4734 3269 4782 naturam
3293 4737 3399 4795 est,
3416 4738 3731 4796 commutat,

2143 4830 2301 4886 quam
2324 4818 2722 4872 excusationem
2745 4816 2979 4885 habebit,
3001 4819 3092 4891 qui
3111 4819 3331 4875 inditam
3355 4821 3454 4877 sibi
3479 4834 3508 4876 a
3538 4831 3731 4879 natura

2146 4907 2608 4965 mansuetudinem
2633 4909 2686 4964 in
2718 4907 2982 4964 feritatem
3014 4919 3222 4966 natura:
3260 4927 3371 4967 sua:
3396 4914 3727 4970 contrariam

2144 5000 2432 5069 convertit,
2463 5011 2517 5056 et
2543 5000 2686 5073 quod
2714 5009 2831 5056 erat
2859 5010 3048 5059 natura
3084 5002 3287 5066 ferum,
3316 5005 3446 5059 mite
3472 5005 3732 5074 reddidit,

2145 5104 2205 5146 se
2242 5105 2370 5147 vero
2404 5101 2590 5146 natura
2631 5091 2839 5159 mitem,
2868 5091 3038 5149 fermn
3068 5092 3285 5149 effecit?
3314 5102 3368 5149 et
3395 5095 3489 5167 qui
3520 5095 3734 5153 leonem

2147 5180 2353 5252 mitigat
2380 5182 2822 5252 tractabilemque
2852 5181 2999 5251 facit,
3039 5185 3171 5239 iram
3196 5200 3345 5240 suam
3377 5186 3536 5242 leone
3559 5188 3737 5244 reddit

2145 5274 2618 5330 intractabiliorem
2635 5275 2666 5328 ἲ
2682 5276 2752 5330 At
2777 5279 2830 5330 ln
2854 5276 3013 5333 leone
3035 5276 3142 5332 duo
3170 5287 3294 5332 sunt
3325 5277 3733 5347 impedimenta,

2144 5366 2285 5436 quod
2332 5366 2376 5420 is
2422 5366 2628 5421 ratione
2652 5377 2858 5432 careat,
2884 5377 2938 5422 et
2963 5366 3108 5437 quod
3142 5375 3460 5422 cmterorum
3492 5369 3734 5425 omnium

2145 5457 2213 5510 sit
2245 5456 2609 5513 ferocissimus
2638 5476 2651 5512 :
2682 5467 2739 5514 et
2764 5469 2941 5513 tamen
2977 5473 3075 5528 per
3101 5457 3358 5513 divinitus
3389 5458 3612 5515 inditam
3643 5472 3735 5514 sa-

2147 5549 2400 5620 pientiam
2434 5549 2660 5607 ferinam
2695 5551 2837 5605 illam
2873 5557 3092 5621 superat
3132 5558 3413 5620 naturam;
3445 5569 3640 5610 verum
3664 5555 3734 5623 is,

2145 5643 2235 5714 qui
2284 5642 2339 5698 in
2375 5642 2503 5700 feris
2552 5652 2793 5699 naturam
2840 5643 3042 5711 vincit,
3072 5644 3126 5699 in
3166 5645 3344 5716 seipse
3369 5659 3422 5705 et
3457 5658 3659 5704 natura:
3682 5661 3732 5703 et

2148 5736 2403 5806 prepositi
2455 5734 2734 5792 voluntarii
2777 5736 2972 5792 bonum
3008 5735 3182 5806 perdit
3215 5755 3227 5792 :
3258 5739 3489 5812 dumque
3520 5745 3735 5800 leontm
