4066 6274
332 358 400 414 45
993 344 1081 400 DE
1120 341 1448 400 ANGUSTA
1491 339 1744 404 PORTA,
1781 335 1868 391 ET
1911 333 1974 388 IN
2013 333 2416 394 ORATIONEM
2459 335 2864 393 DOMINICAM.
3499 347 3568 400 44

325 462 463 534 πρὸς
485 460 666 531 ὀλίγον
697 459 796 530 μέν
825 458 1144 530 φαινόμενον
1179 459 1258 530 τῷ
1292 457 1412 529 ἔαρι
1447 469 1471 497 ι
1496 457 1597 527 τῆς
1623 455 1895 524 νεότητος.

325 545 444 618 [27]
469 547 587 616 μετ’
623 541 802 610 ὀλίγον
850 542 908 595 δέ
938 541 1292 612 φθειρόμενον
1319 541 1425 593 ὐπὸ
1451 541 1550 610 τῆς
1573 538 1765 618 χρόνου
1794 553 1900 588 πα-

325 617 629 698 λαιότητος.
662 627 725 679 Εἰ
749 623 804 676 δέ
831 625 926 676 καὶ
963 625 1064 694 τὴν
1093 624 1396 676 ὑπόστασιν
1417 621 1582 675 αὐτοῦ
1611 637 1697 683 τις
1719 617 1904 682 ἐξετά-

329 713 443 769 ζειν
490 709 684 770 ἐθέλοι,
713 705 836 760 τότε
891 705 1053 760 πλέον
1085 703 1252 759 αὐτοῦ
1289 703 1571 759 διαπτύειν
1593 702 1900 772 δυνήσεται.

328 793 497 847 Οὐδὲν
525 793 632 862 γάρ
654 789 842 861 ἐτερόν
871 790 1042 853 ἐστιν,
1071 788 1104 859 ἥ
1135 788 1354 859 φλέγμα
1379 787 1474 840 καὶ
1502 779 1641 856 αἷμα
1666 785 1758 836 καὶ
1781 781 1905 853 ῥεῦ-

331 892 408 945 μα
423 875 518 928 καὶ
537 873 745 944 τροφῆς
767 871 1204 942 διαμασηθείσης
1245 869 1421 940 χυλός.
1466 869 1560 921 Ἐκ
1583 866 1774 920 τούτου
1795 864 1906 934 γάρ

329 957 422 1012 καὶ
445 956 740 1026 ὀφθαλμοὶ,
793 954 890 1008 καὶ
939 956 1182 1023 παρειαί,
1214 953 1308 1006 καὶ
1347 953 1510 1022 ῥῖνες,
1551 950 1646 1004 καὶ
1681 947 1904 1018 ὀφρύες,

329 1040 422 1094 καὶ
447 1038 622 1110 χείλη,
647 1037 742 1092 καὶ
765 1037 882 1091 ὅλον
907 1035 1192 1106 ἀρδεύεται
1219 1036 1280 1090 τὸ
1307 1035 1486 1105 σῶμαο
1519 1034 1621 1090 κᾶν
1653 1033 1904 1102 ἐπιλείψῃ

331 1125 463 1178 ποτέ
493 1126 527 1194 ὴ
557 1121 762 1176 τούτων
799 1120 1008 1190 ἀρδεία,
1041 1118 1408 1188 συνεπιλείψει
1439 1119 1656 1181 πάντως
1683 1119 1778 1172 καὶ
1809 1115 1906 1171 τοῦ

328 1206 626 1279 προσώπου
656 1206 688 1274 ή
735 1203 1030 1274 εὐμορφία.
1072 1203 1172 1274 ιΜὴ
1223 1201 1452 1256 πλοῦτον
1485 1201 1782 1274 χρημάτων
1814 1201 1908 1254 τὸν

331 1289 453 1344 καθ’
482 1287 776 1358 ὁμοιότητα
807 1285 918 1339 τῶν
958 1285 1238 1356 ποταμίων
1272 1285 1482 1340 ὑδάτων
1503 1284 1825 1355 ἐπιῤῥέοντά
1845 1299 1908 1336 τε

330 1371 422 1425 καὶ
441 1369 828 1441 μεταρρεοντα,
847 1367 944 1420 καὶ
959 1367 1054 1420 νῦν
1085 1367 1183 1438 μὲν
1199 1367 1352 1437 παρὰ
1365 1366 1575 1430 τοῦτον,
1597 1366 1690 1418 νῦν
1705 1366 1760 1418 δέ
1779 1363 1908 1436 παρ’

330 1454 536 1506 ἐκεῖνον
558 1449 877 1522 πηδῶνταδ,
892 1449 1130 1513 καὶτοὺς
1154 1449 1482 1520 κατέχοντας
1509 1447 1797 1518 φεύγοντα,
1816 1448 1911 1500 καὶ

327 1537 440 1599 τοῖς
463 1534 710 1603 φιλοῦσιν
749 1533 914 1587 αὐτὸν
944 1533 1287 1604 παραμένειν
1326 1532 1426 1585 οὐκ
1450 1532 1792 1602 ἀνεχόμενον,
1817 1531 1912 1584 καὶ

335 1618 562 1689 μυρίους
579 1616 900 1679 ἐπιϐούλους
915 1615 1129 1685 ἔχοντα,
1147 1614 1246 1668 καὶ
1257 1613 1448 1682 σῆτας,
1468 1615 1562 1666 καὶ
1571 1613 1792 1684 λῃστάς,
1817 1612 1911 1666 καὶ

331 1699 696 1769 συκοφάντας,
731 1699 825 1753 καὶ
847 1699 1244 1769 ἐμπρησμοὺς,
1275 1698 1370 1750 καὶ
1395 1697 1652 1765 ναυάγια,
1689 1697 1783 1749 καὶ
1815 1711 1912 1748 πο-

329 1782 510 1854 λέμων
525 1783 771 1851 ἐφόδους,
789 1782 886 1835 καὶ
909 1781 1098 1852 δήμων
1121 1779 1538 1842 ἐπαναστάσεις,
1563 1779 1656 1832 καὶ
1683 1795 1914 1848 κακουρ-

331 1866 460 1933 γίας
481 1863 731 1928 οἰκετῶν,
759 1865 854 1918 καὶ
883 1863 1230 1933 γραμμάτων
1258 1863 1596 1932 ἀφαιρέσεις,
1624 1860 1718 1915 καὶ
1741 1877 1912 1932 προσ-

333 1948 530 2020 θήκας,
553 1949 648 2002 καὶ
675 1945 955 2018 μειώσεις,
993 1947 1090 2000 καὶ
1114 1945 1284 2000 τᾶλλα
1312 1947 1414 1999 ὅσα
1442 1945 1554 2008 τοῖς
1584 1944 1752 2016 ἐρῶσι
1776 1962 1913 2016 χρη-

336 2030 524 2100 μάτων
547 2029 652 2084 ὐπὺ
697 2027 798 2097 τῆς
845 2027 1227 2098 φιλοπλουτίας
1280 2027 1571 2095 ἐπιφύεται
1601 2025 1767 2080 δεινά.
1821 2027 1912 2098 Μὴ

331 2112 653 2166 δυναστείαν
677 2111 1026 2181 ἀξιωμάτων·
1051 2109 1220 2162 πολλὰ
1251 2108 1361 2179 γὰρ
1386 2109 1478 2162 καὶ
1502 2108 1672 2181 ταύτῃ
1695 2109 1914 2178 ἀλγεινά

331 2195 700 2265 παραφύεται,
737 2193 1036 2264 φροντίδων
1081 2192 1386 2262 τηκεδόνες,
1437 2192 1734 2262 ἀγρυπνίαι
1791 2209 1914 2245 συν-

331 2281 499 2349 εχεῖς,
547 2277 837 2330 ἐπιϐουλαὶ⁸
864 2275 1017 2346 παρά
1046 2276 1153 2329 τῶν
1193 2275 1550 2343 φθονούντων,
1583 2275 1916 2329 κατασκευαὶ

333 2360 484 2432 παρά
518 2359 626 2412 τῶν
659 2358 1286 2429 μισούντων,στωμυλία
1309 2359 1554 2430 ρητόρων
1579 2360 1692 2422 τοῖς
1725 2376 1916 2412 κατευ-

333 2443 760 2513 γλωττισμένοις
805 2441 988 2510 λόγοις
1038 2441 1453 2495 ὑποκλέπτουσα
1499 2440 1598 2512 τὴν
1657 2443 1915 2514 ἀλήθειαν

333 2525 428 2578 καὶ
455 2524 620 2578 πολὺν
641 2525 753 2588 τοῖς
790 2523 1070 2589 δικάζουσι
1122 2524 1458 2595 προξενοῦσα
1485 2524 1747 2578 κίνδυνον.
1795 2526 1916 2578 Εἰσὶ

332 2606 462 2679 γὰρ,
495 2608 606 2660 εἰσὶ
652 2606 969 2676 βαττολόγοι
1010 2607 1172 2670 τινές,
1214 2607 1307 2660 καὶ
1343 2606 1712 2676 ματαιολόγοι,
1741 2607 1917 2662 ταῦτά

333 2709 392 2744 τε
455 2693 552 2744 καὶ
593 2691 662 2744 τά
704 2689 930 2744 τοιαῦτα
973 2689 1122 2761 παρὰ
1167 2689 1260 2742 τοῦ
1315 2689 1450 2743 Θεοῦ
1497 2689 1606 2742 τῶν
1645 2691 1784 2745 ὅλων
1832 2693 1915 2744 αἰ-

331 2773 576 2835 τοῦντες,
607 2773 706 2824 καὶ
744 2772 854 2826 τῶν
879 2772 1050 2834 ὅντως
1097 2772 1318 2838 ἀγαθῶν
1361 2771 1554 2825 οὐδένα
1604 2773 1916 2844 ποιούμενοι

340 2855 524 2922 λόγον.
543 2853 654 2907 Καὶ
675 2853 888 2924 τὸνμὲν
917 2853 1100 2924 ἰατρὸν
1121 2855 1220 2923 οὐχ
1241 2855 1292 2906 οί
1307 2855 1590 2918 νοσοῦντες
1607 2853 1916 2910 διδάσκουσι

339 2938 450 2990 τῶν
501 2935 814 3006 φαρμάκων
871 2935 968 3006 τὴν
1014 2935 1242 3007 χρῆσιν,
1291 2935 1424 2988 ἀλλά
1476 2935 1586 2988 τῶν
1630 2937 1720 2990 ὐπ’
1751 2937 1915 2991 αὐτοῦ

337 3018 804 3090 προσφερομένων
833 3019 1118 3088 ἀνέχονται
1161 3017 1343 3086 μόνον,
1379 3019 1482 3072 κάν
1527 3018 1782 3083 ἐπίπονος
1889 3022 1919 3073 ὀ

331 3102 434 3171 τῆς
469 3101 768 3171 θεραπείας
791 3102 1015 3172 τρόπος·
1048 3099 1142 3153 καὶ
1170 3099 1260 3153 τὸν
1277 3101 1614 3172 κυϐερνήτην
1653 3103 1700 3154 οί
1731 3101 1914 3157 πλέον·

334 3200 424 3248 τες
451 3183 512 3237 οὐ
551 3181 834 3236 κελεύουσι
867 3183 1090 3236 τοίωσδε
1131 3181 1383 3252 κατέχειν
1416 3183 1542 3246 τοὺς
1576 3183 1788 3247 οἴακας,
1823 3185 1918 3238 καὶ

333 3267 396 3320 τὸ
435 3267 640 3335 σκάφος
691 3265 914 3328 ἰθύνειν,
963 3265 1078 3319 ἀλλ’
1130 3265 1226 3318 ἐπὶ
1268 3264 1378 3318 τῶν
1433 3267 1920 3337 καταστρωμάτων

336 3349 654 3420 καθήμενοι,
691 3350 790 3422 τῆς
823 3349 1036 3403 ἐκείνου
1059 3349 1370 3419 ἐπιστήμης
1395 3348 1699 3418 ἀνέχονται,
1727 3351 1788 3402 οὐ
1817 3349 1918 3420 μό-

334 3449 426 3486 νον
450 3431 510 3496 ἐξ
535 3432 736 3502 οὐρίων
769 3431 1079 3502 φερόμενοι,
1111 3427 1248 3484 ἀλλά
1281 3431 1376 3484 καὶ
1397 3431 1488 3484 τὸν
1525 3430 1756 3502 ἔσχατον
1783 3433 1920 3486 ὑπο--

339 3515 590 3586 μένοντες
619 3515 892 3568 κίνδυνονο
919 3513 996 3584 τῷ
1017 3513 1136 3584 Θεῷ
1155 3514 1212 3567 δὲ
1241 3514 1424 3584 μόνον,
1448 3514 1528 3584 τῷ
1551 3515 1614 3568 τὸ
1643 3518 1920 3588 συμφέρον

335 3601 468 3668 ἡμῖν
493 3597 736 3668 ἀκριϐῶς
769 3597 1120 3668 ἐπισταμένῳ
1134 3596 1356 3662 διδόναι,
1382 3599 1431 3649 oi
1463 3597 1564 3662 τὰς
1585 3599 1788 3668 φρένας
1821 3617 1920 3654 κα·-

337 3681 448 3743 κῶς
475 3681 812 3750 διακείμενοι
855 3682 1205 3751 παραχωρεῖν
1233 3681 1332 3732 οὐκ
1373 3679 1677 3751 ἀνέχονται,
1705 3681 1820 3736 ἀλλ’
1843 3683 1920 3736 αί-

335 3762 524 3816 τοῦσιν
553 3763 630 3825 ὠς
657 3762 909 3832 ὠφέλιμα
933 3761 1004 3814 τά
1027 3761 1266 3832 ὀλέθρια,
1295 3763 1482 3832 ὅμοιον
1509 3763 1790 3828 ποιοῦντες
1820 3765 1920 3837 ἀρ-

339 3846 556 3919 ρώστῳ,
586 3845 677 3898 τὸν
719 3845 902 3915 ίατρδν
933 3843 1116 3897 δοῦναι
1165 3844 1314 3912 αὐτῷ
1343 3845 1768 3914 παρακαλοῦντι,
1821 3847 1920 3917 οὐχ

333 3932 440 3987 ὅσα
468 3931 590 3982 λύει
614 3928 712 3999 τὴν
741 3929 918 3992 νόσον,
938 3928 1052 3980 ἀλλ’
1077 3931 1176 3982 ὅσα
1197 3928 1388 4000 τρέφει
1409 3929 1507 4000 τὴν
1540 3929 1673 4000 ὓλην
1703 3933 1801 4004 τὴν
1821 3932 1922 4002 τῆς

335 4016 500 4068 νόσου
535 4013 766 4084 μητέρα.
817 4013 956 4066 Ἀλλ’
1001 4013 1102 4066 οὐκ
1143 4013 1390 4080 ἀνέξεται
1427 4016 1456 4067 ό
1493 4016 1676 4087 ἰατρὸς
1704 4017 1801 4088 τῆς
1826 4017 1920 4071 τοῦ

335 4099 646 4170 κάμνοντος
685 4095 915 4160 ἱκεσίας,
941 4097 1078 4150 ἀλλά
1120 4096 1222 4150 κᾶν
1245 4097 1544 4168 δακρύοντα
1575 4098 1664 4172 ῖδῃ
1693 4100 1788 4152 καὶ
1813 4101 1922 4154 ὀλο-

339 4183 666 4254 φυρόμενον,
709 4180 788 4250 τῷ
817 4181 966 4251 νόμῳ
1013 4181 1114 4250 τῆς
1158 4181 1356 4252 τέχνης
1389 4183 1672 4236 ἀκολουθεῖ
1701 4184 1920 4254 μᾶλλον,

342 4267 374 4337 ἢ
411 4267 523 4328 τοῖς
547 4264 740 4317 τούτου
763 4264 1026 4336 δάκρυσιν
1057 4265 1488 4335 ἐπικάμπτεται,
1519 4266 1614 4320 καὶ
1638 4265 1736 4337 τὴν
1761 4267 1920 4320 ἀπεί-

343 4347 494 4402 θειαν
521 4348 624 4402 οὐκ
652 4347 1068 4418 ἀπανθρωπίαν,
1105 4347 1242 4400 ἀλλά
1291 4348 1698 4420 φιλανθρωπίαν
1734 4351 1926 4420 ὀνομά·

341 4431 530 4501 ζομεν“
557 4429 882 4498 πειθόμενος
901 4430 1002 4500 μὲν
1028 4430 1135 4500 γὰρ
1167 4429 1244 4499 τῷ
1273 4430 1537 4494 νοσοῦντι,
1571 4434 1665 4484 καὶ
1687 4431 1755 4484 τά
1787 4433 1923 4502 πρὸς

341 4513 534 4584 ἡδονὴν
549 4511 924 4584 χαριζόμενος,
943 4512 1012 4566 τά
1029 4513 1301 4582 πολεμίων
1317 4513 1396 4575 είς
1425 4513 1586 4566 αὐτὸν
1610 4514 1919 4585 ἐργάζεται·

339 4595 652 4652 ἀντιτείνων
665 4596 726 4648 δέ
753 4596 926 4667 αὐτῷ,
955 4597 1050 4650 καὶ
1068 4599 1133 4664 τῇ
1158 4596 1424 4667 ἐπιθυμίᾳ
1449 4597 1778 4667 μαχόμενος,
1791 4598 1926 4670 ἐλέῳ

341 4681 608 4752 κέχρηται
635 4683 729 4734 καὶ
763 4679 1165 4749 φιλανθρωπίᾳ·
1185 4677 1326 4730 οὕτω
1355 4680 1450 4730 καὶ
1473 4679 1620 4731 ὁτῶν
1638 4681 1924 4754 ἡμετέρων

337 4764 532 4834 ψυχῶν
568 4765 750 4836 ἰατρὸς
776 4765 876 4816 οὐκ
896 4763 1148 4832 ἀνέχεται
1172 4759 1354 4814 δοῦναι
1383 4764 1497 4825 τοῖς
1518 4762 1728 4816 αἰτοῦσι
1760 4765 1825 4816 τά
1845 4766 1925 4828 είς

345 4847 554 4918 βλάϐην
584 4851 768 4910 αὐτοῖς
790 4847 1043 4916 ἐσόμενα.
1073 4843 1210 4898 Οὔτε
1241 4842 1350 4913 γάρ
1375 4843 1426 4896 οἱ
1451 4843 1790 4916 φιλόστοργοι
1817 4863 1924 4899 πα·-

341 4931 502 5001 τέρες
545 4934 657 4994 τοῖς
697 4929 894 5000 κομιδῇ
936 4927 1152 4998 νηπίοις
1195 4926 1472 4997 μαχαίρας
1505 4929 1852 4998 ἐπιζητοῦσιν
1889 4929 1923 5000 ἢ

339 5015 515 5084 πυρὸς
545 5015 846 5086 ἄνθρακας,
886 5011 1097 5081 ὀρέγειν
1113 5010 1413 5080 ἀνέχονται·
1439 5013 1708 5084 ἵσασιγάρ
1739 5013 1924 5082 σαφῶς

343 5097 615 5168 Βλαϐεράν
653 5097 841 5158 αὐτοῖς
889 5091 1056 5147 οὖσαν
1083 5091 1179 5163 τὴν
1219 5093 1476 5164 τοιαύτην
1506 5094 1670 5148 δόσιν·
1699 5097 1842 5160 τινές
1866 5097 1923 5150 δὲ

339 5181 452 5234 τῶν
500 5184 581 5245 εἰς
633 5181 872 5251 ἐσχάτην
903 5177 1130 5245 ἀλογίαν
1157 5178 1614 5244 ἐκπεπτωκότων,
1647 5181 1709 5233 οὐ
1765 5181 1924 5248 μόνον

343 5265 592 5335 σώματος
623 5263 958 5336 ὡραιότητα,
995 5260 1089 5314 καὶ⁹
1147 5261 1396 5324 πλοῦτον,
1454 5265 1550 5316 καὶ
1585 5263 1920 5330 δυναστείαν,

341 5349 436 5400 καὶ
457 5349 556 5401 ὅσα
586 5346 812 5400 τοιαῦτα
861 5343 1015 5416 παρά
1067 5341 1161 5396 τοῦ
1193 5344 1300 5396 τῶν
1323 5345 1460 5398 ὅλων
1492 5345 1628 5398 Θεοῦ
1657 5346 1920 5410 αἰτοῦσιν,

341 5431 476 5484 ἀλλά
632 5431 728 5485 καὶ
754 5433 865 5492 τοῖς
885 5429 1098 5500 ἐχθροῖς
1123 5426 1303 5482 αὐτῶν
1335 5427 1668 5498 ἐπαρῶνται,
1695 5430 1923 5484 καίτινα

341 5515 608 5584 τιμωρίαν
633 5513 995 5583 ἐπενεχθῆναι
1029 5513 1212 5575 αὐτοῖς
1249 5511 1572 5579 ίκετεύουσι,
1601 5515 1692 5566 καὶ
1714 5515 1772 5567 ὃν
1798 5516 1923 5568 ἐαυ-

405 5599 428 5626 ³
459 5597 542 5646 Sic
566 5597 663 5647 duo
685 5611 802 5646 mss.
831 5597 1005 5658 Morel.
1023 5631 1036 5648 .
1073 5600 1128 5643 et
1154 5593 1304 5644 Savil.
1331 5597 1380 5643 in
1405 5608 1556 5658 marg.
1585 5602 1741 5646 recte.
1769 5597 1922 5648 Savil.

339 5657 390 5708 iu
418 5665 560 5706 textu
585 5665 637 5707 el
659 5672 786 5707 unus
809 5660 928 5720 ἀέρι.
957 5657 1064 5705 Mox
1090 5661 1193 5720 tres
1215 5670 1327 5720 mss.
1359 5657 1657 5720 φθειρόμενον
1677 5659 1788 5714 ὑπό,
1814 5661 1923 5707 ndi-

339 5723 373 5770 li
411 5733 530 5782 vero
556 5721 832 5782 φαινόμενον
855 5719 1132 5779 perperam.
1176 5719 1326 5782 Savjl.
1347 5719 1405 5782 _in
1438 5719 1604 5782 _m_arg.
1637 5721 1918 5782 ἀφανιζόμε-

336 5799 434 5829 νον.
463 5781 530 5842 εις
551 5777 662 5842 dum
683 5777 962 5841 éequurilul‘
1000 5792 1199 5842 prorsus
1229 5777 1414 5842 "similia
1438 5777 1589 5829 habeé
1614 5777 1756 5842 supra
1781 5777 1912 5831 Uiat.

345 5847 368 5892 ι
392 5843 452 5890 ad
475 5839 788 5891 'Ihéndorurh
813 5842 1001 5900 lapsum
1023 5852 1154 5888 num.
1181 5839 1260 5888 13.

403 5905 434 5940 δ
455 5901 554 5956 Alii
578 5903 754 5952 ἐκεῖνον
776 5902 1029 5966 φοιτῶντα.

2003 452 2114 514 τοῖς
2148 451 2352 523 ἥμερον
2379 445 2518 505 εῖναι
2555 451 2652 505 καὶ
2682 449 3064 522 φιλάνθρωπον
3093 446 3362 522 εὔχονται,
3386 453 3574 508 τοῦτον

2002 538 2114 599 τοῖς
2131 536 2344 607 ἐχθροῖς
2361 537 2633 608 ἀνήμερον
2659 535 2912 603 γενέσθαι
2941 535 3036 588 καὶ
3063 533 3428 606 ἀπάνθρωπον
3460 535 3579 606 βού-

2003 621 2206 674 λονται.
2241 619 2428 674 Ταῦτα
2480 619 2659 674 τοίνυν
2715 622 2744 674 ό
2775 621 3054 691 Δεσπότης
3107 620 3576 690 προαναστέλλων,

2006 704 2296 774 παρεγγυᾷ
2331 703 2430 772 μὲν
2463 702 2536 772 μὴ
2569 703 2928 772 βαττολογείν·
2961 702 3200 758 διδάσκει
3241 703 3297 756 δέ
3323 703 3444 756 τίνα
3470 702 3578 773 χρὴ

2003 787 2181 854 λέγειν
2207 787 2264 840 ἐν
2283 789 2350 857 τῇ
2385 790 2684 859 προσευχῇ,
2712 787 2808 841 καὶ
2843 788 2902 841 ἐν
2929 786 3129 855 ὀλίγοις
3157 787 3364 858 ῥήμασι
3397 789 3580 840 πᾶσαν

2005 871 2204 942 ἀρετὴν
2220 871 2553 926 ἐκπαιδεύει·
2571 873 2632 924 οὐ
2653 872 2814 942 μόνον
2827 870 2934 942 γὰρ
2947 870 3115 940 εὐχῆς
3135 871 3252 923 ἐστι
3265 869 3580 924 διδασκαλία

2005 955 2188 1008 ἐκεῖνα
2209 955 2276 1008 τά
2298 955 2364 1026 ρή
2375 955 2692 1026 ματα,ἀλλὰ
2719 955 2813 1009 καὶ
2835 954 2950 1025 βίου
2977 955 3182 1008 τελείου
3211 954 3577 1022 παιδαγωγία.

2076 1038 2286 1105 γ’.Τίνα
2313 1037 2702 1103 δέέστιταῦτα,
2729 1039 2826 1094 καὶ
2840 1038 2924 1102 τίς
2948 1039 2980 1108 ἡ
3003 1036 3208 1091 τούτων
3221 1038 3418 1102 ἔννοια,
3441 1037 3583 1108 μετὰ

2008 1121 2208 1190 πολλῆς
2229 1121 2515 1195 ἀκριϐείας
2541 1121 2910 1193 ἐξετάσωμεν,
2941 1121 3036 1175 καὶ
3067 1120 3144 1184 ὡς
3181 1120 3582 1190 θείους.νόμους

2007 1204 2265 1272 ἀσφαλῶς
2298 1207 2648 1277 τηρήσωμεν.
2679 1205 2870 1273 Πάτερ
2900 1203 3088 1274 ἡμῶν,
3116 1205 3148 1258 ό
3178 1201 3248 1256 ἐν
3267 1201 3392 1268 τοῖς
3415 1204 3584 1269 οὐρα-

2007 1285 2156 1353 νοῖς.
2180 1287 2244 1338 Ὢ
2275 1287 2416 1356 πόση
2439 1287 2540 1357 τῆς
2567 1285 3024 1358 φιλανθρωπίαςή
3051 1284 3354 1356 ὐπερϐολήί
3381 1283 3426 1337 ὣ
3441 1284 3582 1352 πόση

2007 1369 2107 1439 τῆς
2137 1369 2498 1440 φιλοτιμίαςή
2525 1369 2796 1440 ὐπεροχήί
2827 1371 2976 1430 ποῖος
3006 1368 3230 1440 ἀρκέσει
3260 1366 3414 1435 λόγος
3449 1365 3584 1437 πρὸς

2009 1453 2358 1526 εὐχαριστίαν
2400 1452 2493 1506 τοῦ
2548 1453 2787 1506 τοσαῦτα
2828 1449 3166 1522 πηγάζοντος
3199 1451 3330 1520 ἡμῖν
3364 1449 3582 1517 ἀγαθά;

2009 1537 2314 1606 Σκόπησον,
2343 1535 2616 1606 ἀγαπητέ,
2660 1535 2760 1605 τῆς
2789 1535 2890 1605 σῆς
2925 1534 3018 1588 καὶ
3053 1533 3152 1603 τῆς
3193 1531 3336 1602 ἐμῆς
3371 1531 3584 1600 φύσεως

2009 1619 2110 1682 τὴν
2157 1619 2451 1683 εὐτέλειαν,
2505 1617 2794 1688 ἐρεύνησον
2831 1617 2930 1686 τὴν
2965 1615 3300 1685 συγγένειαν,
3329 1613 3426 1684 τὴν
3459 1614 3582 1683 γῆν,

2011 1701 2101 1756 τὸν
2127 1701 2273 1772 χοῦν,
2309 1703 2400 1756 τὸν
2431 1702 2622 1774 πηλὸν,
2663 1702 2764 1772 τὴν
2799 1699 3040 1760 πλίνθον,
3077 1699 3180 1769 τὴν
3219 1697 3432 1751 σποδόν
3477 1696 3586 1750 ἀπὸ

2011 1785 2118 1855 γὰρ
2149 1786 2249 1856 τῆς
2271 1787 2374 1856 γῆς
2401 1785 2841 1848 διαπλασθέντες,
2883 1783 3044 1838 πάλιν
3073 1784 3154 1846 είς
3186 1782 3285 1853 τὴν
3305 1782 3408 1852 γῆν
3445 1783 3586 1851 μετά

2011 1868 2162 1930 τέλος
2189 1868 2513 1938 ἀναλύομεν.
2537 1868 2722 1922 Ταῦτα
2749 1863 2844 1920 οὖν
2869 1867 3128 1936 ἐννοήσας
3161 1864 3464 1933 ἐκπλάγηθι
3493 1865 3584 1916 τὸν

2011 1949 2412 2020 ἀνεξιχνίαστον
2439 1951 2664 2003 πλοῦτον
2683 1949 2783 2019 τῆς
2811 1949 3012 2020 πολλῆς
3037 1947 3165 2019 περὶ
3181 1947 3326 2017 ἡμᾶς
3341 1946 3434 2000 τοῦ
3449 1946 3586 2000 Θεοῦ

2013 2033 2368 2104 άγαθότητος,
2397 2034 2480 2086 ὅτι
2507 2033 2726 2104 Πατέρα
2759 2031 2944 2084 καλεῖν
2993 2029 3371 2101 προαετάχθης
3399 2029 3582 2094 αὐτὸν,
3649 2073 3654 2078 ,

2013 2117 2042 2170 ό
2065 2118 2250 2187 γήϊνος
2275 2117 2366 2170 τὸν
2383 2115 2653 2188 οὐράνιον,
2687 2117 2715 2168 6
2743 2113 2932 2185 θνητὸς
2949 2113 3040 2167 τὸν
3055 2112 3340 2176 ἀθάνατον,
3371 2114 3400 2166 6
3423 2111 3586 2182 φθαρ-

2013 2199 2104 2262 τὸς
2134 2199 2224 2264 τόν
2261 2199 2556 2271 ἄφθαρτον,
2592 2199 2620 2250 6
2648 2197 2984 2269 πρόσκαιρος
3005 2195 3097 2248 τὸν
3121 2194 3359 2258 αἰώνιον,
3395 2195 3423 2247 6
3459 2192 3585 2263 χθὲς

2015 2283 2109 2336 καὶ
2141 2281 2334 2353 πρώην
2379 2281 2571 2354 πηλὸς,
2616 2281 2708 2336 τὸν
2737 2281 2868 2334 ὄντα
2899 2280 3006 2352 πρὸ
3045 2279 3155 2334 τῶν
3191 2277 3400 2333 αἰώνων
3429 2277 3583 2331 Θεόν.

2028 2365 2166 2418 Ἀλλ’
2188 2365 2248 2418 οὐ
2275 2364 2450 2436 μάτην
2469 2363 2752 2434 ἐδιδάχθης
2778 2362 2982 2433 ταύτην
3005 2361 3225 2432 ἀφιέναι
3249 2359 3350 2432 τὴν
3379 2358 3585 2428 φωνὴν,

2013 2452 2128 2505 ἀλλ’
2160 2453 2246 2505 ἵνα
2303 2451 2402 2522 τὴν
2450 2449 2554 2504 ὐπὸ
2589 2451 2688 2520 τῆς
2729 2447 2978 2518 γλώττης
3035 2463 3128 2499 σου
3174 2443 3590 2516 προφερομένην

2015 2534 2108 2588 τοῦ
2133 2534 2346 2606 Πατρὺς
2373 2534 2669 2605 ὀνομασίαν
2715 2529 3054 2602 αίδούμενος,
3101 2532 3242 2601 μιμῇ
3271 2528 3438 2582 αὐτοῦ
3489 2527 3590 2599 τὴν

2016 2619 2346 2689 άγαθότητα,
2373 2617 2448 2681 ὡς
2483 2616 2578 2670 καὶ
2630 2615 2862 2686 ἀλλαχοῦ
2897 2629 3050 2684 φησι·
3104 2613 3361 2667 Γίνεσθε
3401 2611 3590 2680 ὅμοιοι

2015 2701 2120 2756 τοῦ
2144 2701 2372 2770 Πατρός
2395 2699 2562 2769 ὑμῶν
2597 2698 2704 2753 τοῦ
2735 2698 2805 2752 ἐν
2836 2695 3133 2764 οὐρανοῖς,
3163 2695 3254 2749 ὅτι
3280 2694 3387 2748 τὸν
3414 2695 3590 2762 ἥλιον

2014 2785 2200 2839 αὐτοῦ
2231 2785 2550 2840 ἀνατέλλει
2599 2782 2695 2836 ἐπὶ
2721 2779 3024 2848 πονηροὺς
3050 2777 3148 2832 καί
3177 2777 3456 2847 ἀγαθοὺς,
3491 2778 3591 2832 καί

2010 2869 2218 2939 βρέχει
2265 2868 2366 2922 ἐπὶ
2413 2867 2683 2933 δικαίους
2711 2865 2808 2921 καί
2826 2865 3094 2928 ἀδίκους.
3123 2863 3200 2916 Οὐ
3227 2861 3450 2916 δύναται
3481 2863 3591 2932 γάρ

2017 2954 2235 3024 Πατέρα
2264 2952 2450 3006 καλεῖν
2471 2950 2564 3004 τὸν
2587 2949 2967 3020 φιλάνθρωπον
3003 2946 3136 3000 Θεδν
3164 2948 3194 3000 6
3221 2945 3320 3018 τὴν
3366 2945 3590 3016 γνώμην

2017 3034 2155 3105 έχων
2185 3033 2427 3106 θηριώδη
2455 3033 2548 3086 καὶ
2578 3030 2973 3102 ἀπάνθρωπον·
3003 3029 3126 3083 οὐδέ
3145 3029 3254 3100 γάρ
3285 3030 3446 3092 σώζει
3467 3029 3591 3100 τοῦς

2017 3118 2368 3189 χαρακτῆρας
2395 3117 2520 3180 τοῦς
2547 3118 2605 3169 ἐν
2634 3115 2711 3186 τῷ
2739 3125 2760 3153 ο
2784 3111 3090 3184 ἐπουρανίῳ
3114 3113 3290 3184 Πατρὶ
3321 3112 3592 3182 άγαθότη-

2016 3218 2130 3264 τος,
2169 3200 2283 3254 ἀλλ’
2322 3201 2402 3263 είς
2426 3200 2486 3252 τὸ
2514 3197 2776 3270 θηριῶδες
2801 3191 2937 3260 εἶδος
2957 3195 3146 3248 ἐαυτὸν
3179 3195 3589 3266 μετεμόρφωσε,

2019 3287 2231 3356 καὶτῆς
2265 3285 2451 3357 θεῖκῆς
2485 3283 2762 3353 εὐγενείας
2789 3281 3032 3347 ἐξέπεσε,
3071 3279 3215 3336 κατά
3251 3279 3312 3334 τὸ
3356 3277 3461 3334 ὐπὸ
3498 3277 3592 3332 τοῦ

2018 3370 2180 3424 Δαυῒδ
2207 3370 2511 3441 εἰρημένον·
2533 3371 2874 3436 Ἀνθρωπος
2893 3366 2964 3420 ἐν
2976 3364 3116 3435 τιμῇ
3131 3365 3217 3419 ὢν
3241 3366 3314 3420 οὐ
3335 3363 3592 3434 συνῆκε,

2021 3451 2526 3522 παρασυνεϐλήθη
2564 3451 2688 3516 τοῖς
2721 3449 2974 3516 κτήνεσι
3009 3448 3134 3513 τοῖς
3167 3448 3468 3515 ἀνοήτοις,
3495 3447 3592 3501 καί

2017 3537 2280 3606 ὡμοιώθη
2313 3534 2534 3600 αὐτοῖς.
2567 3535 2734 3587 Ὅταν
2765 3532 2874 3602 γάρ
2903 3549 2990 3595 τις
3023 3533 3218 3601 σκιρτᾷ
3243 3532 3340 3600 μὲν
3365 3529 3442 3593 ὡς
3472 3530 3595 3584 ταῦ-

2025 3635 2138 3688 ρος,
2163 3616 2391 3688 λακτίζῃ
2433 3616 2490 3670 δέ
2530 3615 2604 3678 ὡς
2623 3616 2764 3680 δνος,
2791 3615 3100 3686 μνησικακῇ
3141 3613 3200 3666 δὲ
3226 3612 3302 3677 ὼς
3325 3613 3592 3684 κάμηλος,

2023 3701 2118 3754 καὶ
2149 3701 2534 3771 γαστριμαργῇ
2559 3698 2658 3768 μέν
2683 3697 2758 3762 ὡς
2790 3697 3012 3768 ἄρκτος,
3047 3694 3269 3769 ἁρπάζῃ
3309 3696 3365 3749 δέ
3393 3696 3468 3760 ὡς
3499 3695 3594 3749 λύ-

2021 3801 2135 3848 κος,
2157 3784 2366 3854 πλήττῃ
2391 3783 2448 3835 δέ
2469 3781 2540 3843 ὡς
2557 3780 2833 3852 σκορπίος,
2860 3779 3087 3844 ῦπουλος
3102 3781 3158 3834 δὲ
3237 3779 3313 3843 ὡς
3345 3779 3590 3848 ἀλώπηξ,

2019 3865 2316 3937 χρεμετίζῃ
2340 3865 2398 3918 δέ
2427 3863 2520 3917 ἐπὶ
2553 3861 2798 3930 γυναιξὶν
2818 3861 2894 3924 ὡς
2931 3861 3096 3925 ἵππος
3125 3861 3458 3932 θηλυμανὴς,
3475 3863 3594 3925 πῶς

2020 3949 2240 4002 δύναται
2267 3951 2296 4001 6
2337 3946 2574 4008 τοιοῦτος
2617 3945 2716 4015 τὴν
2765 3941 2866 4013 υίῷ
2915 3943 3232 4014 πρέπουσαν
3273 3945 3594 4014 ἀναπέμψαι

2023 4031 2226 4102 φωνὴν,
2259 4029 2356 4083 καί¹
2399 4027 2618 4099 Πατέρα
2657 4026 2849 4081 ἐαυτοῦ
2873 4026 3058 4080 καλεῖν
3092 4027 3181 4080 τὸν
3203 4026 3369 4089 Θεὸν;
3414 4028 3478 4080 Τί
3500 4023 3594 4080 οὖν

2021 4111 2378 4184 ὀνομάζεσθαι
2427 4111 2530 4182 χρὴ
2587 4110 2678 4164 τὸν
2714 4109 2986 4174 τοιοῦτον;
3041 4107 3272 4180 Θηρίον;
3323 4108 3486 4162 Ἀλλά
3525 4109 3596 4164 τά

2023 4199 2188 4271 θηρία
2211 4198 2292 4250 ἐνὶ
2315 4196 2520 4252 τούτων
2559 4196 2669 4250 τῶν
2712 4194 3109 4264 ἐλαττωμάτων
3155 4194 3464 4264 κατέχεται’
3503 4191 3594 4250 οῦν

2021 4293 2114 4340 τος
2158 4276 2216 4330 δὲ
2243 4276 2418 4330 πάντα
2447 4272 2769 4342 συναγαγὼν
2817 4273 2875 4325 ἐν
2898 4271 3096 4342 ἐαυτῷ,
3121 4272 3214 4326 καὶ
3247 4273 3344 4342 τῆς
3371 4272 3596 4325 ἐκείνων

2023 4355 2248 4424 ἀλογίας
2303 4353 2526 4422 γέγονεν
2565 4351 2922 4423 ἀλογώτερος.
2960 4352 3070 4405 Καὶ
3105 4352 3157 4404 τί
3201 4351 3344 4419 λέγω
3377 4352 3592 4423 θηρίονς

2023 4433 2222 4506 Θηρίου
2249 4432 2448 4494 παντὸς
2471 4431 2848 4502 χαλεπώτερός
2877 4431 3024 4484 ἐστιν
3049 4433 3348 4492 ὀτοιοῦτος.
3383 4431 3596 4484 Ἐκεῖνα

2028 4516 2124 4584 μὲν
2139 4513 2265 4583 γάρ,
2306 4512 2483 4565 καίτοι
2511 4510 2652 4564 κατά
2679 4511 2839 4578 φύσιν
2868 4511 3034 4582 ἀγρια
3069 4509 3218 4572 ὄντα,
3249 4508 3594 4584 ἀνθρωπίνης

2023 4580 2404 4647 ἀπολαύσαντα
2433 4590 2648 4660 τέχνης,
2676 4591 2858 4662 ἥμερα
2887 4580 3144 4652 πολλάκις
3172 4587 3398 4664 γίνεται·
3443 4580 3596 4652 οὗτος

2023 4674 2100 4736 δὲ,
2130 4672 2414 4744 ἄνθρωπος
2445 4671 2540 4735 ὢν,
2560 4672 2654 4724 καὶ
2674 4670 2769 4740 τὴν
2808 4668 3029 4723 ἐκείνων
3054 4666 3351 4744 ἀγριότητα
3383 4666 3480 4736 τὴν
3507 4683 3596 4718 κα-

2023 4753 2092 4806 τὰ
2123 4743 2282 4820 φύσιν
2333 4752 2414 4813 εἰς
2458 4751 2557 4820 τὴν
2601 4747 2914 4818 ἡμερότητα
2951 4743 3268 4816 μεταϐαλὼν
3301 4745 3398 4813 τὴν
3445 4743 3596 4814 παρά

2026 4829 2209 4898 φύσιν,
2235 4827 2392 4880 ποίαν
2439 4827 2550 4891 ἐξει
2597 4825 2917 4892 ἀπολογίαν,
2945 4825 3043 4894 τὴν
3073 4821 3264 4876 ἐαυτοῦ
3313 4823 3595 4892 πραότητα

2023 4907 2121 4978 τὴν
2153 4907 2295 4960 κατά
2325 4906 2485 4974 φύσιν
2519 4908 2594 4970 εἰς
2627 4905 2923 4976 ἀγριότητα
2967 4902 3176 4968 ἐξάγων
3203 4900 3299 4972 τὴν
3327 4899 3474 4970 παρά
3499 4899 3595 4968 φύ-

2028 5002 2132 5051 σιν,
2157 4986 2251 5038 καὶ
2266 4985 2326 5038 τὸ
2347 4987 2442 5057 μέν
2475 4985 2663 5056 ἄγριον
2691 4984 2848 5054 φύσει
2879 4983 3046 5035 ποιῶν
3065 4983 3291 5054 ἥμερον,
3326 4979 3516 5033 ἑαυτὸν
3539 4979 3596 5032 δέ

2023 5065 2115 5118 τὸν
2139 5063 2254 5136 [29]
2279 5066 2482 5136 ἥμερον
2509 5063 2667 5134 φύσει
2697 5062 2864 5116 ποιῶν
2898 5062 3118 5131 ἀγριον;
3152 5060 3246 5112 καὶ
3281 5059 3468 5112 λέοντα
3499 5058 3596 5128 μὲν

2023 5143 2382 5206 τιθασσεύων,
2430 5145 2524 5195 καὶ
2565 5140 2823 5212 χειροήθη
2857 5140 3048 5202 ποιῶν,
3087 5139 3179 5190 τὸν
3201 5137 3257 5192 δέ
3292 5137 3460 5208 θυμὸν
3507 5137 3597 5191 τὸν

2027 5222 2157 5276 ἴδιον
2183 5222 2396 5282 λέοντος
2445 5218 2869 5282 κατασκευάζων
2909 5217 2937 5256 ἀ
2985 5215 3349 5288 ἀγριώτερον;
3404 5217 3598 5270 Καίτοι

2025 5303 2140 5354 ἐκεῖ
2164 5300 2255 5352 δύο
2293 5300 2408 5352 ἐστὶ
2435 5299 2752 5367 κωλύματα,
2785 5297 2878 5350 κα¹ι
2899 5295 2958 5348 τὸ
2984 5293 3246 5366 λογισμοῦ
3273 5295 3595 5364 ἐστερῆσθαι

2022 5380 2084 5432 τὸ
2123 5378 2328 5448 θηρίον,
2375 5379 2466 5430 καὶ
2495 5377 2554 5429 τὸ
2585 5376 2800 5430 πάντων
2829 5373 2966 5427 εἶναι
3021 5373 3449 5441 θυμωδέστερον·
3481 5371 3594 5423 ἀλλ’

2021 5459 2169 5529 ὅμως
2197 5458 2286 5510 διὰ
2314 5459 2410 5526 τῆς
2457 5456 2606 5527 παρὰ
2649 5455 2744 5507 τοῦ
2777 5454 2912 5508 Θεοῦ
2959 5451 3204 5520 δοθείσης
3249 5449 3458 5517 σοφίας,
3503 5451 3598 5502 καὶ

2023 5539 2120 5606 τῆς
2165 5535 2458 5606 θηριώδους
2514 5534 2851 5605 περιγίνεται
2893 5531 3128 5600 φύσεως.
3170 5531 3278 5582 Καὶ
3307 5531 3336 5580 6
3365 5531 3456 5581 ἐπὶ
3490 5529 3598 5582 τῶν

2024 5618 2226 5690 θηρίων
2255 5617 2350 5686 τὴν
2369 5616 2528 5684 φύσιν
2551 5613 2738 5676 νικῶν,
2763 5615 2848 5680 ἐφ’
2881 5609 3075 5690 ἐαυτοῦ
3096 5607 3232 5690 μετά
3259 5609 3356 5679 τῆς
3385 5607 3598 5690 φύσεως

2024 5687 2114 5750 κάξ
2151 5697 2210 5748 τὺ
2248 5695 2348 5765 τῆς
2381 5691 2752 5764 προαιρέσεως
2783 5689 3044 5744 ἀπόλλυσι
3076 5689 3257 5742 καλόν·
3289 5690 3383 5742 καὶ
3411 5687 3599 5740 λέοντα

2089 5781 2110 5840 ς
2133 5779 2269 5840 Lege
2286 5777 2394 5833 τοὺς
2410 5792 2518 5840 χαρ.
2551 5782 2634 5832 τῆς
2654 5775 2701 5822 ἐν
2727 5776 2812 5835 τῷ.
2837 5772 2975 5840 Εοιτ.

2089 5839 2112 5876 ἀ
2157 5829 2264 5888 Μξς.
2309 5829 2442 5887 ’ἰδιδῖ
2468 5829 2653 5891 λέοντος
2675 5829 2880 5884 κατασκ.
2907 5833 2958 5881 In
3003 5833 3174 5882 Morel.
3202 5839 3255 5881 et
3289 5831 3436 5882 Savil.
3470 5829 3601 5875 λέονο

2023 5917 2102 5958 τος
2151 5905 2314 5962 deest,
2339 5901 2426 5949 sed
2454 5898 2512 5948 ad
2534 5897 2714 5948 seriem
2745 5897 2994 5958 pcrtiuere
3030 5896 3240 5945 videtur.
