4066 6274
497 365 566 420 65
1163 357 1220 415 S.
1249 356 1536 415 JOANNIS
1569 347 2068 412 CHRYSOSTOMI
2107 347 2426 409 ARCHIEP.
2456 352 3004 415 CONSTANTINOP.
3674 353 3749 410 66

499 485 598 559 μὲν
631 481 774 535 ποιεί
804 475 1326 559 άνθρωπον,ῗέαυτδν
1348 475 1403 528 δὲ
1430 473 1661 559 περιορᾷ
1690 471 1750 559 ἐξ
1777 467 2064 559 ἀνθρώπου

495 551 776 638 γινόμενον
810 551 1019 615 λέοντα·
1049 558 1143 611 καὶ
1166 557 1358 628 ἐκείνῳ
1395 557 1493 628 μὲν
1522 554 1594 609 τὰ
1621 555 1760 625 ὑπὲρ
1789 551 2069 638 φύσιν-χήσε-

497 631 722 723 ρίζεται,
753 643 928 715 ἐαυτῷ
959 644 1014 697 δὲ
1044 642 1163 696 οὐδὲ
1179 641 1248 695 τὰ
1267 641 1409 696 κατὰ
1437 640 1597 709 φύσιν
1629 631 2069 723 πορίζεταιλΠῶς

493 715 674 788 τοίνυν
705 732 732 783 6
764 727 1005 789 τοιοῦτος
1024 726 1310 795 δυνήσεται
1339 723 1560 793 Πατέρα
1597 721 1780 775 καλεῖν
1798 718 1888 770 τὸν
1904 715 2067 778 Θεόν;

505 817 566 868 '0
601 815 784 885 μέντοι
814 810 943 881 περί
985 810 1111 872 τοὺς
1149 808 1375 878 πλησίον
1404 809 1610 878 ἥμερος
1636 804 1732 858 καὶ
1767 799 2072 885 φιλάνθρω-

498 883 617 962 πος,
647 897 740 951 καὶ
768 896 895 956 τοὺς
918 894 998 954 είς
1032 891 1194 946 αὐτὸν
1231 889 1685 961 πλημμελοῦντας
1733 887 1834 940 οὐκ
1861 883 2066 955 ἀμυνόο

501 997 677 1052 μενος,
702 977 815 1033 ἀλλ’
845 973 1186 1046 εὐεργεσίαις
1218 974 1316 1036 τάς
1345 972 1557 1036 ἀδικίας
1600 969 1980 1052 ἀμειϐόμενος,
2007 965 2067 1019 οὐ

496 1051 883 1133 κατακρίνεται
913 1061 1130 1130 Πατέρα
1153 1057 1333 1112 καλῶν
1355 1057 1445 1108 τὸν
1473 1055 1625 1108 Θεόν.
1654 1053 1893 1124 Πρόσεχε
1919 1051 1974 1103 δὲ
2003 1052 2066 1120 τῇ

496 1144 750 1216 ἀκριϐείᾳ
782 1141 876 1195 τοῦ
902 1141 1083 1212 λόγου,
1114 1141 1230 1202 πῶς
1264 1140 1395 1210 ἡμῖν
1425 1137 1703 1208 νομοθετεῖ
1729 1135 1790 1188 τὸ
1813 1133 2069 1205 φιλάλλη-

492 1229 604 1295 λον,
639 1228 733 1281 καὶ
758 1228 838 1289 εἰς
873 1225 1219 1296 άγαπητικὴν
1244 1222 1489 1284 ἅπαντας
1524 1221 1784 1274 συνάπτει
1807 1218 2066 1272 διάθεσιν.

494 1315 570 1368 Οὐ
595 1315 703 1384 γὰρ
725 1310 939 1366 ἐκέλευε
970 1309 1166 1378 λέγειν,
1189 1307 1370 1378 Πάτερ
1395 1323 1518 1376 μου,
1547 1308 1574 1359 6
1589 1308 1646 1360 ἐν
1669 1307 1780 1370 τοῖς
1800 1303 2066 1375 οὐρανοῖς,

492 1396 649 1460 ἀλλά,
674 1383 865 1462 Πάτερ
893 1392 1078 1461 ἡμῶν,
1105 1396 1136 1446 ό
1177 1391 1247 1444 ἐν
1289 1389 1413 1455 τοῖς
1438 1389 1733 1458 οὐρανοῖς,
1780 1388 1872 1442 ῐνα
1894 1383 2069 1438 κοινὸν

498 1479 716 1547 Πατέρα
737 1477 879 1547 ἔχειν
907 1473 1262 1543 διδαχθέντες,
1301 1470 1592 1539 ἀδελφικὴν
1636 1468 1774 1540 πρὸς
1807 1467 2072 1537 ἀλλήλους

494 1561 828 1631 δεικνύωμεν
854 1557 1085 1610 εὔνοιαν.
1122 1551 1255 1609 Εῐτα
1277 1555 1545 1608 διδάσκων
1574 1554 1720 1624 ἡμᾶς
1752 1550 2071 1604 καταλιπεῖν

495 1645 595 1716 τὴν
622 1644 725 1714 γῆν
755 1641 853 1696 καὶ
873 1639 942 1694 τά
967 1638 1098 1710 περί
1124 1638 1229 1708 γῆν
1260 1649 1309 1704 ι,
1345 1636 1439 1690 καὶ
1473 1635 1548 1707 μὴ
1582 1633 1868 1704 κεχηνέναι
1897 1633 2068 1716 κάτω,

496 1713 632 1780 ἀλλά
663 1713 764 1794 τῆς
819 1723 1054 1786 πίστεως
1083 1721 1270 1774 λαϐεῖν
1325 1719 1396 1772 τά
1433 1717 1608 1788 πτερά
1639 1717 1731 1769 καί
1759 1713 2072 1784 ἀναπτῆναι

493 1810 586 1864 τὸν
611 1809 770 1879 ἀέρα,
804 1808 899 1862 καὶ
945 1805 1192 1875 διαϐῆναι
1238 1804 1329 1857 τὸν
1359 1801 1551 1873 αἰθέρα
1583 1801 1677 1854 καὶ
1715 1798 1949 1871 ζητῆσαι
1977 1799 2072 1852 τὸν

494 1893 828 1964 καλούμενον
852 1889 1094 1961 Πατέρα,
1123 1885 1426 1959 προσέταξε
1452 1885 1648 1954 λέγειν’
1675 1883 1866 1951 Πάτερ
1881 1881 2070 1952 ἡμῶν,

493 1980 528 2032 ό
550 1976 622 2031 ἐν
646 1975 774 2041 τοῖς
796 1973 1094 2042 οὺρανοῖςο
1137 1972 1237 2024 οὐκ
1267 1970 1452 2039 ἐπειδὴ
1477 1970 1534 2022 ἐν
1569 1970 1680 2032 τοῖς
1706 1968 1957 2039 οὐρανοῖς
1974 1967 2072 2036 μό-

494 2077 584 2114 νον
614 2058 763 2112 ἐστὶν
790 2059 818 2110 6
848 2057 1004 2119 Θεὸς,
1045 2054 1160 2108 ἀλλ’
1191 2055 1278 2109 ἴνα
1308 2054 1457 2124 ἡμᾶς
1487 2052 1640 2106 κάτω
1673 2051 1802 2122 περὶ
1835 2051 1940 2121 γῆν
1971 2066 2071 2104 κα-

491 2141 868 2212 λινδουμένους
909 2136 1202 2193 ἀνανεῦσαι
1240 2139 1321 2200 εἰς
1352 2137 1613 2207 οὐρανοὺς
1650 2133 2070 2207 παρασκευάσῃ,

491 2226 587 2280 καὶ
615 2224 693 2296 τῷ
720 2222 908 2278 κάλλει
936 2221 1044 2275 τῶν
1075 2220 1412 2291 ἐπουρανίων
1447 2218 1668 2288 ἀγαθῶν
1703 2235 1767 2270 πε
1779 2216 2070 2290 ριλάμψας,

489 2308 589 2380 τὴν
619 2307 912 2380 ἐπιθυμίαν
935 2304 1090 2377 ἡμῶν
1122 2305 1302 2357 πᾶσαν
1335 2305 1450 2356 ἐκεῖ
1476 2302 1800 2374 μετενέγκῃ.

558 2392 626 2447 δ’.
661 2388 792 2444 Εἶτα
817 2389 1072 2460 δευτέραν
1100 2386 1405 2458 προσέθηκε
1435 2386 1614 2456 ῥῆσιν,
1644 2386 1830 2438 εἰπών’
1891 2384 2073 2453 Ἅγια-

487 2474 689 2540 σθήτω
714 2472 782 2527 τὸ
811 2472 998 2541 ὄνομά
1028 2484 1164 2524 σου.
1203 2469 1312 2524 Καί
1342 2486 1430 2540 μοι
1457 2469 1645 2539 μηδεὶς
1672 2469 1913 2538 ἀνοήτως
1942 2468 2074 2520 ὐπο-

487 2561 811 2632 λαμϐανέτω
838 2556 1110 2627 ἀγιασμοῦ
1145 2555 1461 2625 προσθήκην
1496 2555 1814 2625 χαρίζεσθαι
1844 2552 1922 2624 τῷ
1953 2553 2073 2624 Θεῷ

486 2645 546 2696 ἐν
600 2641 679 2712 τῷ
735 2640 933 2710 λέγειν’
970 2637 1327 2708 Ἁγιασθήτω
1373 2637 1437 2690 τὸ
1489 2636 1674 2705 ὄνομά
1729 2651 1873 2690 σου·
1919 2636 2073 2705 ἅγιος

485 2726 595 2796 γάρ
626 2727 764 2789 ἐστι,
798 2725 893 2778 καὶ
927 2723 1211 2790 πανάγιος,
1258 2719 1354 2774 καὶ
1395 2720 1564 2788 ἀγίων
1606 2719 1925 2788 ἀγιώτατος.
1963 2720 2072 2772 Καὶ

487 2809 690 2881 ταύτην
717 2807 866 2879 αὐτῷ
899 2807 999 2880 τὴν
1033 2806 1304 2877 ὑμνῳδίαν
1345 2805 1642 2877 προσφέρει
1681 2803 1751 2857 τά
1791 2805 2070 2875 Σεραφείμ

483 2892 766 2965 ἀσιγήτοις
817 2891 1024 2964 βοῶντα
1075 2891 1363 2961 κραυγαῖς,
1411 2890 1618 2958 Ἄγιος,
1675 2889 1859 2958 ἅγιος,
1903 2888 2069 2959 ἅγιος

487 2978 700 3045 Κύριος
723 2975 982 3039 σῶαὼθ,
1026 2973 1263 3042 πλήρης
1298 2976 1331 3027 ό
1359 2973 1615 3041 οὐρανὸς
1653 2973 1748 3026 καὶ
1777 2973 1817 3040 ἡ
1853 2971 1925 3042 γῆ
1959 2969 2070 3038 τῆς

483 3062 670 3131 δόξης
713 3063 920 3117 αὐτοῦ.
973 3061 1110 3114 Ἀλλ’
1157 3060 1345 3134 ὥσπερ
1393 3062 1442 3113 οἰ
1484 3063 1598 3125 τοῖς
1649 3060 1924 3131 βασιλεῦσι
1971 3060 2070 3124 τάς

481 3146 757 3216 εὐφημίας
793 3146 1207 3217 προσφέροντες,
1249 3146 1343 3198 καί
1373 3145 1626 3214 βασιλέας
1661 3145 1946 3208 καλοῦντες
1974 3143 2069 3198 καὶ

474 3229 908 3299 αὐτοκράτορας,
941 3229 1038 3297 οὐχ
1066 3227 1094 3279 ὃ
1126 3227 1202 3298 μὴ
1227 3227 1409 3297 έχουσι
1437 3227 1768 3298 χαρίζονται,
1797 3227 1908 3279 ἀλλ’
1934 3228 2069 3297 ὅπερ

476 3311 696 3382 ἔχουσιν
729 3309 1065 3380 εὐφημοῦσιν
1085 3327 1097 3339 ·
1136 3309 1279 3362 οὕτω
1308 3309 1402 3361 καὶ
1431 3310 1589 3379 ἡμεῖς
1629 3309 1688 3361 οὐ
1720 3308 1816 3378 τὴν
1849 3309 1946 3360 οὐκ
1983 3303 2070 3360 οὐ·

483 3411 584 3448 σαν
643 3391 950 3463 ἁγιωσύνην
1016 3391 1397 3462 προσφέρομεν
1454 3390 1530 3462 τῷ
1580 3390 1738 3461 Θεῷ,
1794 3390 2064 3458 λέγοντες,

493 3471 853 3542 Ἁγιασθήτω
897 3471 966 3525 τὸ
1015 3469 1204 3538 ὄνομά
1239 3485 1377 3536 σου,
1412 3469 1549 3524 ἀλλά
1581 3470 1680 3541 τὴν
1717 3465 1880 3525 οὖσαν
1913 3471 2070 3538 δοξά-

481 3555 676 3627 ιξομεν·
724 3555 786 3609 τὸ
839 3556 948 3627 γάρ
1017 3553 1388 3622 ἁγιασθήτω,
1438 3553 1561 3607 άντί
1596 3552 1691 3609 τοῦ
1735 3553 2066 3625 δοξασθήτω,

480 3642 713 3712 εἴρηται.
756 3638 1127 3710 Διδασκόμεθα
1166 3640 1344 3693 τοίνυν
1381 3639 1468 3694 διά
1515 3639 1615 3709 τῆς
1645 3641 1826 3711 φωνῆς
1864 3641 2069 3709 ταύτης

479 3723 570 3776 τὸν
619 3723 740 3777 κατ’
783 3723 985 3794 ἀρετὴν
1032 3723 1275 3794 μετιέναι
1320 3722 1463 3792 βίον,
1497 3723 1584 3777 ἴνα
1620 3722 1806 3776 τοῦτον
1834 3723 2068 3792 ὁρῶντες

477 3807 528 3861 οἰ
552 3806 847 3877 ἄνθρωποι,
877 3807 971 3859 τὸν
1006 3807 1254 3879 οὐράνιον
1285 3806 1442 3878 ήμῶν
1470 3806 1690 3878 Πατέρα
1735 3806 2029 3871 δοξάζωσιν
2049 3825 2063 3840 ο

477 3890 507 3943 ὃ
555 3889 650 3944 καὶ
694 3889 928 3960 ἀλλαχοῦ
973 3908 1139 3961 φησι·
1175 3890 1479 3960 Λαμψάτω
1516 3891 1580 3944 τὸ
1614 3889 1742 3960 φῶς
1771 3891 1940 3960 ὑμῶν
1965 3893 2067 3962 ἐμ-

475 3977 745 4041 προσοεν
789 3972 908 4029 τῶν
957 3973 1306 4041 ἀνθρώπων,
1355 3974 1515 4041 ὅπως
1563 3974 1734 4028 ιδωσι
1783 3975 1855 4029 τὰ
1911 3977 2066 4032 καλὰ

476 4058 622 4126 ἔργα
648 4059 838 4128 ὑμῶν,
867 4059 964 4112 καὶ
1001 4057 1306 4121 δοξάσωσι
1346 4057 1453 4110 τὸν
1491 4057 1722 4125 Πατέρα
1767 4060 1934 4127 ὑμῶν
1959 4060 2069 4115 τὸν

477 4141 548 4194 ἐν
575 4141 700 4204 τοῖς
731 4142 1026 4209 οὐρανοῖς.
1075 4138 1231 4192 Μετὰ
1272 4138 1430 4192 τοῦτο
1471 4139 1650 4206 λέγειν
1687 4140 2062 4212 ἐδιδάχθημεν·

493 4222 738 4276 Ἐλθέτω
772 4225 809 4290 ἡ
855 4222 1145 4286 βασιλεία
1178 4237 1295 4274 σου
1315 4237 1328 4252 ·
1360 4219 1781 4292 τυραννούμενοι
1818 4222 1927 4294 γὰρ
1961 4225 2066 4279 ὐπὸ

477 4303 585 4357 τῶν
609 4305 702 4357 τοῦ
735 4304 985 4374 σώματος
1015 4302 1373 4374 παθημάτων,
1395 4303 1489 4356 καί
1521 4303 1718 4374 μυρίας
1745 4307 2065 4378 πειρασμῶν

478 4386 593 4459 150]
640 4388 918 4458 δεχόμενοι
965 4377 1290 4459 προσϐολὰς,
1331 4386 1430 4457 τῆς
1477 4387 1571 4442 τοῦ
1610 4386 1743 4442 Θεοῦ
1794 4377 2066 4460 χρῄζομεν

479 4469 774 4540 βασιλείας,
807 4469 890 4524 ἵνα
919 4469 994 4543 μὴ
1026 4471 1316 4544 βασιλεύσῃ
1348 4475 1381 4544 ή
1408 4472 1656 4545 ἁμαρτία
1693 4474 1749 4526 ἐν
1787 4472 1864 4544 τῷ
1888 4473 2067 4546 θνητῷ

476 4552 691 4626 σώματι
730 4554 886 4626 ήμῶν
917 4556 996 4619 εἰς
1033 4554 1094 4608 τὸ
1117 4555 1414 4610 ὐπακούειν
1439 4559 1578 4628 αὐτῇ
1615 4557 1672 4610 ἐν
1715 4559 1836 4620 ταῖς
1873 4556 2063 4610 ἐπιθυ-

479 4636 632 4708 μίαις
676 4637 873 4702 αὐτοῦ,
933 4638 1069 4710 μηδὲ
1126 4640 1547 4711 παριστάνωμεν
1595 4640 1664 4693 τά
1715 4640 1850 4711 μέλη
1909 4640 2065 4712 ήμῶν

473 4720 618 4774 ὅπλα
653 4721 866 4785 ἀδικίας
903 4725 971 4794 τῇ
1019 4723 1283 4795 ἁμαρτίᾳ,
1336 4722 1452 4776 ἀλλ’
1496 4723 1583 4777 ἵνα
1626 4724 2066 4795 παραστήσωμεν

474 4803 614 4856 ὅπλα
641 4803 986 4875 δικαιοσύνης
1011 4805 1087 4878 τῷ
1116 4805 1254 4879 Θεῷ,
1288 4807 1382 4860 καὶ
1409 4805 1834 4878 στρατευώμεθα
1864 4805 1940 4878 τῷ
1971 4806 2066 4877 βα·-

476 4887 615 4940 σιλεῖ
649 4888 758 4941 τῶν
798 4887 1030 4944 αἰώνων.
1074 4883 1446 4960 Διδασκόμεθα
1484 4890 1539 4942 δὲ
1565 4889 1701 4960 πρὸς
1728 4889 1956 4953 τούτοις,
1989 4891 2064 4962 μὴ

475 4971 682 5041 σφόδρα
713 4970 791 5042 τῷ
830 4972 1057 5042 παρόντι
1107 4972 1205 5043 βίῳ
1248 4973 1693 5044 προστετηκέναι,
1721 4975 1855 5029 ἀλλὰ
1897 4992 2062 5030 κατα-

475 5055 693 5123 φρονεῖν
739 5053 837 5122 μέν
875 5054 984 5106 τῶν
1025 5055 1328 5124 παρόντων,
1378 5055 1665 5126 ἐπιθυμεῖν
1709 5056 1765 5110 δὲ
1796 5056 1903 5110 τῶν
1938 5057 2064 5127 μελ-

471 5136 676 5190 λόντων
711 5137 786 5200 ώς
824 5137 1111 5206 μενόντων,
1148 5137 1241 5192 καὶ
1289 5137 1386 5208 τὴν
1421 5138 1690 5208 βασιλείαν
1724 5139 1936 5210 ἐκείνην
1964 5139 2064 5213 ζη-

473 5222 586 5274 τεῖν
611 5219 719 5290 τὴν
736 5220 983 5292 οὐράνιον
1023 5221 1117 5275 καὶ
1144 5222 1378 5288 αἰώνιον,
1418 5223 1511 5276 καὶ
1538 5225 1649 5289 τοῖς
1680 5223 1913 5279 ἐνταῦθα
1939 5243 2064 5298 τερ-

473 5307 626 5369 πνοῖς
679 5304 756 5379 μὴ
807 5304 1154 5374 κατέχεσθαι,
1210 5305 1285 5376 μή
1329 5307 1594 5377 σωμάτων
1642 5309 1936 5383 εὐμορφίᾳ,
1988 5312 2061 5382 μὴ

472 5388 774 5461 χρημάτων
810 5387 1062 5461 εὐπορίᾳ,
1119 5389 1193 5462 μὴ
1243 5391 1537 5462 κτημάτων
1585 5393 1831 5466 εὐθηνίᾳ,
1878 5395 1952 5466 μὴ
1994 5395 2065 5448 λί.

473 5472 584 5527 θων
607 5471 996 5540 πολυτελείαις,
1036 5471 1111 5545 μὴ
1137 5473 1299 5528 οίκων
1339 5475 1782 5548 μεγαλουργίαις,
1813 5477 1889 5550 μὴ
1931 5479 2060 5550 ήγε-

535 5656 574 5720 ⁸,
588 5653 672 5704 Sic
704 5669 878 5720 omnes
899 5671 1013 5707 mss.
1039 5657 1171 5708 Edili
1215 5669 1334 5720 vero
1367 5657 1472 5706 haec
1511 5671 1608 5706 non
1652 5657 1858 5720 habent,
1899 5659 2061 5707 καὶτὰ

474 5716 580 5790 περὶ
597 5721 700 5790 γῆν..
727 5718 878 5766 Paulo
911 5727 1020 5781 post
1042 5723 1092 5769 in
1120 5719 1268 5771 editis
1292 5719 1374 5769 τὸν
1400 5721 1524 5783 ἀέρα
1547 5721 1712 5780 deest,
1733 5721 1822 5770 sed
1843 5716 2060 5770 habetur

479 5779 532 5828 iu
549 5778 774 5827 omnibus
791 5791 904 5828 mss.

2177 468 2389 537 μονίαις
2415 469 2509 524 καί
2537 475 2906 544 στρατηγίαις,
2933 473 3007 546 μή
3029 472 3304 544 ἁλουργίδι
3329 471 3421 526 καὶ
3440 472 3590 545 διαδή
3601 491 3760 544 ματι⁹

2175 562 2248 632 μὴ
2289 561 2590 631 ὀψοποιίαις
2624 566 2718 618 καὶ
2765 567 3086 635 καρυκείαις
3116 566 3210 620 καὶ
3247 564 3612 628 παντοδαπαῖς
3643 566 3764 637 χλι-

2168 645 2306 708 δαῖς,
2353 647 2427 718 μὴ
2470 646 2611 718 ἀλλῳ
2655 649 2761 702 τινὶ
2791 649 2897 703 τῶν
2940 650 3035 713 τὰς
3079 649 3351 719 ήμετέρας
3401 647 3764 712 δελεαζόντων

2169 729 2471 800 αἰσθήσεις,
2518 730 2649 784 ἀλλά
2689 734 2822 785 πᾶσι
2863 733 3070 797 τούτοις
3117 731 3389 802 ἐρρῶσθαι
3429 731 3761 803 φράσαντες,

2167 811 2270 880 τῆς
2296 810 2389 864 τοῦ
2429 811 2562 865 Θεοῦ
2600 813 2878 882 βασιλείας
2922 814 3279 878 ἀδιαλείπτως
3320 814 3625 884 ὀρέγεσθαι.
3656 814 3756 868 Οὖ-

2168 911 2276 958 τως
2315 895 2460 964 ἡμᾶς
2495 895 2589 949 καὶ
2617 896 2820 967 ταύτην
2865 898 3079 964 διδάξας
3119 899 3216 967 τὴν
3247 897 3468 968 ἀρετὴν,
3508 898 3759 954 ἐκέλευσε

2168 977 2376 1045 λέγειν’
2412 980 2735 1047 Γενηθήτω
2773 981 2841 1035 τὸ
2882 981 3111 1050 θέλημὰ
3141 999 3278 1044 σου,
3313 982 3393 1046 ὡς
3422 982 3492 1034 ἐν
3524 980 3760 1050 οὐρανῷ

2170 1059 2269 1114 καὶ
2295 1060 2392 1114 ἐπὶ
2424 1060 2536 1128 τῆς
2557 1062 3034 1131 γῆςοὲντεθεικὼς
3077 1064 3185 1134 γὰρ
3221 1064 3350 1133 ἡμῖν
3387 1063 3496 1116 τῶν
3537 1064 3758 1134 μελλόν-

2169 1160 2278 1196 των
2321 1143 2413 1197 τὸν
2445 1143 2643 1215 ἔρωτα,
2678 1145 2772 1198 καὶ
2819 1146 2920 1215 τῆς
2961 1145 3282 1217 ἐπουρανίου
3340 1145 3614 1215 βασιλείας
3658 1149 3761 1219 τὴν

2171 1228 2487 1298 ἐπιθυμίαν,
2522 1229 2616 1282 καὶ
2644 1229 2859 1299 τρώσας
2885 1231 3030 1300 ἡμᾶς
3061 1229 3250 1299 ἐκείνῳ
3276 1229 3354 1300 τῷ
3387 1230 3556 1301 πόθῳ,
3581 1248 3759 1303 παρα-

2173 1307 2426 1374 σκευάζει
2471 1310 2668 1378 λέγειν·
2704 1311 3022 1378 Γενηθήτω
3060 1312 3126 1365 τὸ
3159 1311 3387 1380 θέλημὰ
3418 1329 3554 1378 σου,
3582 1314 3662 1380 ώς
3689 1315 3759 1367 ἐν

2171 1393 2424 1463 οὐρανῷ,
2457 1393 2554 1447 καὶ
2579 1394 2674 1448 ἐπὶ
2705 1393 2809 1460 τῆς
2835 1394 2968 1465 γῆς.
3001 1394 3098 1459 Δὸς
3133 1397 3284 1465 ἡμῖν,
3317 1395 3469 1465 φησί,
3493 1396 3759 1463 Δέσποτα,

2171 1476 2270 1546 τὴν
2303 1477 2360 1529 ἐν
2389 1477 2602 1548 οὐρανῷ
2633 1477 2916 1548 μιμεῖσθαι
2961 1479 3252 1541 πολιτείαν,
3293 1479 3358 1531 ἵν’
3385 1477 3420 1532 ἃ
3449 1478 3621 1542 θέλεις
3660 1479 3760 1532 αὐ-

2171 1559 2281 1624 τὸς,
2311 1559 2404 1613 καὶ
2427 1562 2590 1630 ἡμεῖς
2621 1560 2884 1631 θέλωμεν.
2924 1559 3264 1632 Ἐπάρκεσον
3289 1560 3467 1613 τοίνυν
3503 1562 3761 1634 προαιρέο
3827 1606 3838 1612 -

2174 1658 2256 1694 σει
2289 1641 2593 1714 καμνούσῃ,
2620 1641 2715 1695 καὶ
2747 1645 2922 1696 ποιεῖν
2948 1645 3046 1713 μὲν
3076 1643 3412 1714 ἐπιθυμούσῃ
3435 1643 3504 1697 τὰ
3537 1644 3625 1708 σά,
3653 1645 3762 1698 ύπδ

2171 1723 2228 1776 δὲ
2267 1723 2366 1795 τῆς
2407 1723 2500 1777 τοῦ
2549 1722 2799 1794 σώματος
2842 1725 3127 1790 ἀσθενείας
3176 1725 3523 1798 κωλυομένῃ’
3573 1726 3761 1797 ὄρεξον

2173 1808 2329 1877 χεῖρα
2375 1809 2488 1870 τοῖς
2539 1807 2753 1877 τρέχειν
2804 1807 2905 1876 μὲν
2957 1808 3353 1877 ἐπειγομένοις,
3407 1808 3662 1877 χωλεύειν
3702 1809 3761 1862 δέ

2173 1889 2628 1960 ἠναγκασμένοις.
2672 1890 3006 1961 ’Υπόπτερος
3057 1893 3089 1960 ἡ
3137 1891 3302 1962 ψυχὴ,
3352 1891 3486 1945 ἀλλά
3540 1892 3762 1964 βαρύνει

2174 1971 2377 2043 ταύτην
2408 1973 2441 2042 ή
2478 1971 2644 2044 σάρξ·
2674 1972 2820 2037 ὀξεῖα
2857 1973 3040 2042 ἐκείνη
3073 1974 3208 2044 πρὸς
3241 1974 3309 2026 τὰ
3343 1975 3589 2046 οὐράνια,
3626 1975 3762 2028 ἀλλά

2177 2054 2396 2128 βραδεῖα
2425 2055 2562 2128 αῦτη
2595 2055 2731 2127 πρὸς
2763 2055 2833 2109 τὰ
2876 2057 3126 2125 ἐπίγεια’
3162 2057 3261 2126 τῆς
3297 2055 3356 2109 δὲ
3383 2057 3479 2127 σῆς
3511 2056 3762 2128 βοηθείας

2176 2139 2477 2211 παρούσης,
2509 2139 2660 2191 ἔσται
2691 2140 2891 2192 δυνατά
2918 2141 3012 2192 καὶ
3047 2139 3115 2193 τά
3138 2138 3257 2193 λίαν
3279 2139 3539 2193 ἀδύνατα.
3569 2142 3763 2206 Γενη-

2175 2222 2331 2286 θήτω
2367 2222 2547 2274 τοίνυν
2595 2219 2664 2274 τὸ
2696 2221 2924 2290 θέλημά
2965 2238 3102 2287 σου,
3156 2221 3238 2286 ὠς
3270 2221 3340 2275 ἐν
3373 2220 3632 2288 οὐρανῷ,
3659 2223 3761 2277 καὶ

2174 2303 2272 2358 ἐπὶ
2304 2303 2416 2372 τῆς
2443 2303 2577 2373 γῆς.

2245 2387 2306 2441 ε’.
2335 2389 2446 2441 Καὶ
2471 2387 2657 2456 ἐπειδὴ
2671 2387 2772 2456 τῆς
2800 2387 2904 2456 γῆς
2921 2387 3311 2458 ἐμνημόνευσε,
3329 2386 3486 2465 χρεία
3501 2387 3677 2452 δὲτοῖς
3701 2389 3764 2455 ἐξ

2173 2469 2344 2539 αὐτῆς
2389 2471 2774 2540 γεγενημένοις
2818 2468 2913 2521 καὶ
2953 2471 3012 2522 ἐν
3063 2470 3195 2540 αὐτῇ
3232 2470 3625 2541 διαιτωμένοις,
3665 2475 3762 2525 καὶ

2172 2551 2401 2623 γηγενὲς
2453 2551 2612 2621 σῶμα
2672 2552 3094 2623 περικειμένοις,
3130 2553 3224 2606 καὶ
3279 2554 3377 2625 τῆς
3423 2554 3760 2626 καταλλήλου

2171 2634 2396 2706 τροφῆς,
2431 2634 2743 2703 ἀναγκαίως
2779 2636 3050 2706 ἐπήγαγε·
3089 2637 3200 2691 Τὸν
3232 2637 3416 2707 ἄρτον
3446 2637 3617 2708 ἡμῶν
3653 2639 3763 2692 τὸν

2171 2717 2483 2771 ἐπιούσιον
2509 2717 2616 2784 δὸς
2647 2717 2793 2787 ἡμῖν
2814 2718 3101 2786 σήμερον.
3132 2721 3331 2792 ’Ἄρτον
3361 2722 3642 2775 ἐκέλευσεν
3677 2724 3762 2775 αἰο

2170 2803 2284 2854 τεῖν
2317 2801 2610 2866 ἐπιούσιον,
2645 2801 2705 2854 οὐ
2742 2801 2971 2875 τρυφὴν,
3008 2803 3144 2857 ἀλλὰ
3179 2804 3404 2875 τροφὴν,
3439 2804 3536 2875 τὴν
3572 2803 3634 2857 τδ
3670 2805 3758 2856 ὲλ-

2171 2883 2352 2938 λεῖπον
2375 2883 2793 2955 ἀναπληροῦσαν
2826 2884 2921 2938 τοῦ
2955 2885 3225 2957 σώματος,
3258 2887 3354 2941 καὶ
3389 2888 3480 2941 τὸν
3507 2890 3572 2940 ἐκ
3600 2886 3760 2958 λιμοῦ

2170 2967 2486 3021 κωλύουσαν
2527 2967 2785 3021 θάνατον·
2819 2968 2875 3021 οὐ
2922 2968 3200 3040 τραπέζας
3242 2970 3672 3040 φλεγμαινούσας
3709 2969 3758 3033 ιι,

2169 3048 2290 3102 οὐδὲ
2327 3049 2472 3119 ὄψων
2508 3050 2801 3113 ποικιλίας,
2833 3051 2926 3103 καί
2965 3050 3236 3119 ὀψοποιῶν
3271 3052 3628 3121 μαγγανείας,
3665 3054 3762 3105 καὶ

2169 3131 2474 3202 ἀρτοποιῶν
2505 3133 2766 3196 ἐπινοίας,
2798 3133 2893 3184 καὶ
2920 3132 3096 3195 οἴνους
3129 3133 3442 3204 ἀνθοσμίας,
3470 3133 3564 3186 καὶ
3595 3132 3762 3187 τάλλα

2167 3213 2270 3266 ὅσα
2298 3214 2389 3267 τὸν
2425 3216 2522 3284 μὲν
2555 3213 2749 3284 λαιμὸν
2775 3213 2974 3284 ήδύνει,
3004 3213 3105 3286 τὴν
3129 3215 3186 3269 δὲ
3217 3216 3457 3287 γαστέρα
3492 3215 3760 3287 φορτίζει,

2167 3296 2267 3367 τὴν
2293 3295 2348 3348 δὲ
2372 3296 2612 3350 διάνοιαν
2648 3295 2905 3359 σκοτίζει,
2943 3297 3038 3351 καί¹
3076 3300 3303 3368 σκιρτᾷν
3333 3299 3393 3352 τὺ
3431 3299 3589 3370 σῶμα
3619 3300 3763 3352 κατά

2168 3378 2267 3447 τῆς
2305 3377 2486 3449 ψυχῆς
2535 3379 2967 3449 παρασκευάζει,
3013 3380 3108 3433 καί
3153 3381 3401 3453 δυσήνιον
3440 3381 3518 3453 τῷ
3559 3382 3764 3452 ἡνιόχῳ

2166 3461 2257 3515 τὸν
2287 3461 2465 3514 πῶλον
2499 3461 2808 3532 ἐργάζεται.
2843 3462 2921 3514 Οὐ
2958 3463 3131 3517 ταῦτα
3161 3465 3306 3534 ἡμᾶς
3338 3467 3506 3518 αἰτεῖν
3536 3466 3564 3518 6
3605 3463 3764 3532 λόγος

2167 3543 2424 3610 ἐδίδαξεν,
2471 3544 2586 3597 ἀλλ’
2625 3546 2832 3614 Ἄρτον
2879 3545 3214 3610 ἐπιούσιον,
3261 3546 3407 3599 τοῦτ’
3449 3547 3616 3612 ἔστιν,
3667 3551 3764 3601 ἐπὶ

2165 3626 2264 3698 τὴν
2294 3627 2481 3680 οὐσίαν
2508 3625 2602 3680 τοῦ
2637 3626 2888 3698 σώματος
2922 3627 3285 3693 διαϐαίνοντα,
3327 3630 3423 3682 καὶ
3455 3632 3762 3703 συγκροτῆ-

2169 3727 2258 3764 σαι
2294 3711 2498 3782 ταύτην
2536 3711 2852 3781 δυνάμενον.
2886 3711 2995 3765 Καὶ
3023 3712 3212 3765 τοῦτον
3244 3713 3302 3765 δὲ
3345 3713 3445 3765 οὐκ
3484 3714 3562 3776 εἰς
3595 3714 3764 3768 πολὺν

2167 3795 2304 3848 ἐτῶν
2331 3793 2564 3864 ἀριθμὸν
2589 3795 2758 3847 αἰτεῖν
2787 3794 3208 3867 ἐκελεύσθημεν,
3236 3795 3372 3849 ἀλλά
3401 3795 3493 3849 τὸν
3521 3797 3763 3868 σήμερον

2167 3879 2298 3948 ήμῖν
2325 3876 2602 3948 ἀρκοῦντα
2636 3876 2795 3946 μόνον
2815 3894 2827 3904 ·
2857 3877 2953 3944 Μὴ
2980 3876 3388 3946 μεριμνήσητε
3412 3878 3542 3951 γὰρ,
3573 3879 3762 3949 φησὶν,

2165 3962 2250 4026 εἰς
2273 3959 2389 4027 τὴν
2412 3957 2526 4031 [51]
2552 3959 2779 4027 αὔριον.
2811 3960 2875 4013 Τί
2907 3960 3106 4032 δήποτε
3141 3960 3249 4032 γάρ
3283 3961 3411 4032 περί
3439 3962 3535 4031 τῆς
3573 3961 3762 4033 αὐριον

2167 4042 2440 4114 φροντίζει
2489 4059 2593 4108 τις,
2645 4044 2674 4095 6
2721 4043 2822 4112 τὴν
2874 4041 3062 4114 αὔριον
3103 4045 3164 4097 οὐ
3213 4045 3427 4108 πάντως
3475 4045 3760 4120 ὀψόμενος,

2165 4125 2300 4178 ἀλλά
2330 4124 2420 4177 τδν
2452 4125 2551 4194 μὲν
2581 4123 2738 4177 πόνον
2763 4124 3066 4200 δεχόμενος,
3100 4126 3190 4179 τὸν
3223 4126 3278 4180 δὲ
3312 4128 3522 4197 καρπὸν
3551 4129 3612 4180 οὐ
3641 4128 3760 4200 δραι

2167 4209 2436 4277 πόμενος;
2486 4204 2770 4276 Θάρῤησον
2822 4195 2898 4276 τῷ
2942 4206 3060 4278 Θεῷ
3110 4206 3192 4273 τῷ
3245 4195 3471 4263 διδόντι
3531 4195 3763 4279 τροφὴν

2166 4291 2334 4360 πάσῃ
2372 4292 2573 4359 σαρκί.
2619 4292 2676 4343 '0
2702 4293 2762 4345 τὺ
2804 4293 2964 4363 σῶμά
2996 4313 3077 4348 σοι
3100 4295 3369 4361 δεδωκὼς,
3399 4298 3494 4351 καί
3529 4299 3627 4370 τὴν
3654 4299 3761 4368 ψυ-

2167 4375 2268 4446 χὴν
2299 4376 2640 4446 ἐμφυσήσας,
2667 4377 2762 4430 καὶ
2799 4375 2937 4442 ζῶόν
2968 4395 3027 4431 σε
3061 4377 3279 4448 λογικὸν
3319 4383 3759 4449 κατασκευάσας,

2167 4461 2262 4514 καὶ
2295 4459 2472 4514 πάντα
2504 4477 2584 4514 σοι
2622 4460 2690 4514 τὰ
2723 4461 2901 4530 ἀγαθὰ
2931 4463 3037 4532 πρὸ
3069 4462 3413 4528 διαπλάσεως
3443 4465 3758 4536 ἑτοιμάσας,

2168 4545 2286 4609 πῶς
2316 4562 2375 4599 σε
2403 4544 2800 4599 διαπλασθέντα
2825 4545 3144 4618 παρόψεται,
3184 4549 3282 4614 Ὃς
3311 4549 3628 4602 ἀνατέλλει
3652 4548 3762 4603 τὸν

2167 4629 2348 4696 ἥλιον
2371 4629 2558 4684 αὐτοῦ
2583 4629 2681 4683 ἐπί
2713 4629 3020 4697 πονηροὺς
3044 4630 3142 4684 καὶ
3181 4631 3463 4700 ἀγαθοὺς,
3495 4633 3593 4685 καὶ
3616 4632 3760 4700 ,βρέ-

2167 4729 2258 4785 χει
2293 4711 2392 4766 ἐπὶ
2434 4711 2704 4778 δικαίους
2739 4711 2837 4765 καὶ
2874 4713 3153 4778 ἀδίκους;
3195 4713 3380 4784 Τούτῳ
3409 4714 3586 4768 τοίνυν
3622 4715 3756 4786 θαρ-

2169 4795 2298 4868 ρῶν,
2327 4796 2425 4866 τὴν
2467 4795 2745 4866 ἐφήμερον
2791 4794 2957 4864 μόνην
2994 4796 3133 4848 αίτει
3179 4796 3404 4868 τροφὴν,
3433 4797 3531 4868 τῆς
3563 4798 3621 4852 δὲ
3659 4796 3759 4851 αὐ-

2170 4897 2282 4951 ριον
2316 4877 2464 4949 αὐτῷ
2495 4877 2760 4932 κατάλιπε
2793 4876 2888 4948 τὴν
2919 4879 3197 4948 φροντίδα,
3246 4879 3321 4941 ώς
3370 4879 3462 4932 καὶ
3504 4882 3532 4933 6
3579 4881 3758 4951 μακά-ο

2169 4981 2281 5034 ριος
2308 4962 2460 5031 ἔλεγε
2486 4961 2680 5015 Δαυῑδ·
2725 4961 3073 5029 Ἑπιζρριψον
3105 4963 3204 5016 ἐπὶ
3250 4962 3471 5032 Κύριον
3505 4961 3621 5031 τὴν
3651 4964 3758 5033 μέ-

2158 5045 2382 5115 ριμνὰν
2401 5062 2538 5112 σου,
2567 5044 2665 5098 καί
2695 5044 2876 5109 αὑτός
2895 5059 2967 5097 σε
2991 5044 3312 5114 διαθρέψει.
3353 5045 3509 5099 Οῦτω
3533 5046 3620 5100 διά
3645 5047 3758 5104 τῶν

2165 5127 2468 5200 εἰρημένων
2496 5127 2595 5198 τὴν
2626 5127 2802 5196 ἄκραν
2836 5127 3197 5192 ἐκπαιδεύσας
3241 5129 3577 5198 φιλοσοφίαν,
3601 5130 3755 5194 εἰδὼς

2165 5214 2247 5267 ὅτι
2269 5210 2378 5265 τῶν
2401 5210 2676 5264 ἀδυνάτων
2707 5210 2873 5274 ἐστὶν,
2896 5210 3215 5281 ἀνθρώπους
3247 5213 3406 5275 ὄντας
3435 5215 3528 5267 καί
3561 5212 3754 5283 θνητὸν

2168 5296 2327 5367 σῶμα
2351 5291 2763 5365 περικειμένους
2790 5293 2862 5364 μὴ
2889 5295 3120 5360 πταίειν,
3171 5294 3375 5361 ἐδίδαξε
3410 5295 3608 5363 λέγειν’
3643 5295 3753 5349 Kal

2165 5380 2313 5449 ἄφες
2347 5377 2494 5448 ἡμῖν
2549 5375 2619 5429 τὰ
2667 5375 3036 5445 ὀφειλήματα
3066 5375 3258 5445 ἡμῶν,
3304 5377 3385 5442 ὡς
3427 5377 3530 5431 καί
3581 5377 3752 5446 ἡμεῖς

2163 5465 2416 5533 ἀφίεμεν
2451 5461 2577 5526 τοῖς
2623 5460 2953 5530 ὀφειλέταις
3006 5459 3192 5528 ἡμῶν.
3244 5460 3382 5530 Τρία
3421 5461 3542 5515 κατ’
3589 5459 3753 5514 αὐτὸν

2164 5546 2344 5616 ἀγαθά
2379 5544 2468 5600 διά
2494 5543 2644 5599 τοῦδε
2680 5542 2773 5597 τοῦ
2803 5542 2962 5607 λόγου
2989 5543 3467 5614 πραγματεύεταιο
3490 5546 3616 5609 τοὺς
3647 5547 3747 5616 μὲν

2225 5769 2255 5808 λ
2279 5769 2386 5820 Duo
2405 5782 2520 5819 mss.
2547 5765 2934 5831 φλεγμαινούσας,
2956 5763 3034 5813 καὶ
3054 5764 3120 5839 εἷς
3137 5766 3308 5824 ἡδονὰς
3345 5768 3673 5829 ἐκμαινούσας,
