4066 6274
360 412 420 469 t5
1056 416 1142 474 ne
1183 418 1500 478 ascusra
1544 422 1793 495 potira,
1837 424 1925 482 ET
1964 424 2031 482 ut
2068 426 2467 484 ORATIONEM
2509 426 2906 486 oommcasn
3464 394 3471 397 ’
3572 433 3640 485 ao

351 529 477 584 facit
500 528 793 598 hominem,
818 546 876 586 se
899 546 962 585 ex
993 531 1210 589 homine
1231 533 1428 590 factum
1454 551 1573 592 esse
1605 537 1815 593 leonem
1844 554 1942 608 pro

354 621 524 675 nihilo
554 622 697 678 ducit
730 641 743 677 :
774 624 847 677 illi
875 640 994 694 quae
1039 640 1200 695 supra
1246 636 1491 683 naturam
1532 640 1658 684 sunt
1683 630 1939 700 impertit,

352 711 451 765 sibi
506 728 624 782 quae
665 728 849 769 contra
904 725 1146 770 naturam
1194 727 1318 772 sunt
1363 717 1630 774 adsciscit.
1664 720 1945 788 Quomodo

357 806 515 874 igitur
554 805 672 860 talis
696 821 822 861 cum
847 807 937 873 sit,
973 808 1141 862 Deum
1179 809 1372 878 poterit
1397 811 1667 879 appellare
1694 812 1943 867 Patrem?

350 895 601 965 Quisquis
624 897 784 967 igitur
809 914 933 968 erga
959 899 1261 967 proximum
1284 901 1428 956 mitis
1450 901 1821 973 humanusque
1836 915 1939 971 est,

351 986 549 1056 quique
594 987 646 1040 in
688 1002 746 1042 se
778 998 1061 1057 peccantes
1090 1006 1197 1044 non
1228 991 1522 1056 ulciscitur,
1548 992 1642 1048 sed
1669 992 1943 1049 beneﬁciis

353 1077 578 1146 injurias
617 1079 719 1132 sibi
766 1080 938 1134 illatas
977 1090 1316 1147 remunerat,
1351 1083 1397 1137 is
1433 1084 1478 1137 si
1508 1084 1673 1138 Deum
1712 1086 1945 1155 appellet

355 1169 590 1236 Patrem,
614 1185 720 1225 non
776 1187 902 1226 reus
944 1172 1140 1242 agitur.
1190 1173 1460 1230 Orationis
1505 1177 1610 1231 vim
1662 1177 1944 1248 diligenter

352 1261 595 1327 adverte,
624 1261 893 1331 quomodo
922 1264 1077 1318 nobis
1106 1274 1349 1320 mutuum
1382 1282 1620 1323 amorem
1650 1268 1940 1338 praecipiat,

350 1361 510 1422 atque
544 1354 783 1409 caritatis
811 1354 1004 1410 aﬁ'ectu
1023 1371 1212 1412 omnes
1239 1358 1555 1431 coniungat.
1588 1361 1775 1432 Neque
1799 1363 1941 1417 enim

349 1445 530 1500 dicere
551 1445 728 1516 jussit,
761 1447 919 1503 Pater
948 1448 1042 1515 mi,
1074 1449 1166 1519 qui
1220 1465 1278 1505 es
1327 1449 1381 1505 in
1438 1452 1623 1518 caelis;
1668 1452 1762 1508 sed
1791 1452 1946 1508 Pater

352 1547 537 1602 noster,
566 1541 651 1607 qui
675 1556 729 1594 es
755 1540 807 1594 in
832 1542 971 1595 cwlis
995 1555 1015 1605 ;
1043 1553 1100 1596 ut
1125 1542 1303 1598 edocti
1336 1559 1435 1599 nos
1468 1560 1806 1601 communem
1850 1546 1945 1600 ha-

352 1628 480 1684 bere
510 1628 757 1696 Patrem,
794 1629 1085 1687 fraternam
1117 1641 1303 1689 mutuo
1330 1633 1761 1691 benevolentiam
1791 1637 1946 1693 exhi-

353 1719 590 1775 beamus.
620 1720 824 1778 Deinde
872 1738 968 1777 nos
1019 1724 1245 1779 instituit
1269 1734 1325 1780 ut
1361 1735 1559 1782 terram
1592 1731 1938 1800 terrenaque‘

354 1810 740 1880 relinquamus,
794 1827 894 1867 nec
933 1815 1159 1869 terrenis
1199 1814 1487 1881 inhiemus,
1518 1817 1611 1872 sed
1652 1820 1944 1888 assumptis

356 1899 479 1954 ﬁdei
508 1901 627 1965 alis,
654 1918 750 1971 per
778 1918 957 1958 aerem
992 1904 1235 1960 volemus
1270 1906 1581 1977 aetheraque
1604 1909 1946 1965 transcenda-

355 2006 506 2058 mus,
537 2001 591 2047 et
619 2008 778 2063 quem
808 2008 1063 2050 vocamus
1092 1996 1305 2052 Patrem
1332 2014 1661 2068 quaeramus,
1687 2000 1943 2071 jubctque

353 2083 555 2149 dicere,
588 2080 746 2137 Pater
789 2094 973 2149 noster,
1009 2087 1096 2156 qui
1137 2104 1188 2141 es
1224 2088 1274 2142 in
1303 2089 1460 2153 caelis,
1494 2106 1601 2145 non
1630 2091 1773 2161 quod
1805 2092 1943 2149 Deus

354 2173 407 2227 in
434 2175 581 2229 caelis
609 2184 815 2231 tantum
851 2178 940 2242 sit,
974 2178 1067 2233 sed
1101 2188 1157 2234 ut
1202 2196 1300 2234 nos
1330 2181 1383 2235 in
1410 2191 1550 2236 terra
1580 2183 1845 2241 volutatos
1874 2185 1940 2241 ad

348 2265 541 2319 caelum
590 2268 982 2336 respiciendum
1028 2270 1276 2337 inducat,
1324 2273 1583 2344 nobisque
1632 2276 1928 2332 caelestium

350 2354 613 2409 bonorum
643 2357 1037 2426 pulchritudine
1060 2360 1338 2416 illustratis
1365 2362 1417 2417 id
1437 2363 1700 2433 conferat,
1734 2373 1791 2420 ut
1814 2381 1943 2422 con-

353 2449 677 2517 cupiscentia
710 2460 888 2505 nostra
917 2459 1026 2507 tota
1053 2468 1119 2508 co
1151 2454 1476 2511 traducatur.

423 2539 475 2592 4.
503 2537 802 2595 Secundam
841 2541 1033 2598 deinde
1059 2544 1351 2599 clausulam
1380 2546 1563 2617 adjicit
1594 2566 1607 2603 :
1642 2548 1944 2620 Sanctiﬁca-

352 2639 433 2682 tur
474 2646 653 2684 nomen
701 2641 859 2685 tuum.
906 2633 983 2689 Ne
1008 2636 1128 2705 quis
1168 2652 1294 2690 vero
1336 2637 1648 2708 insipienter
1675 2641 1945 2697 existimet

352 2720 785 2777 sanctiﬁcationis
822 2726 1182 2780 accessionem
1226 2727 1335 2783 Deo
1380 2729 1619 2797 attribui,
1651 2729 1777 2785 dum
1807 2732 1944 2788 dici-

352 2818 461 2877 tur,
495 2810 856 2881 Sanctiﬁcetur
897 2831 1077 2869 nomen
1125 2826 1262 2870 tuum
1295 2833 1313 2872 :
1341 2831 1559 2875 sanctus
1594 2822 1735 2876 enim
1767 2832 1869 2892 est,
1892 2833 1945 2880 et

352 2902 575 2956 omnino
623 2915 861 2971 sanctus,
912 2915 965 2960 et
1009 2919 1313 2964 sanctorum
1365 2913 1748 2969 sanctissimus.
1797 2915 1945 2973 Hanc

352 3002 531 3047 autem
564 2993 661 3064 ipsi
694 2996 905 3051 laudem
949 2998 1179 3054 offerunt
1206 3001 1506 3072 Seraphim,
1539 3006 1617 3061 sic
1646 3008 1944 3066 incessabili

351 3099 486 3139 voce
513 3086 810 3143 clamantes
836 3108 848 3143 :
879 3089 1123 3159 Sanctus,
1183 3105 1415 3162 sanctus,
1456 3108 1658 3154 sanctus
1696 3099 1945 3159 Dominus

354 3176 580 3233 Sabaoth
613 3197 633 3236 :
660 3182 863 3252 plenum
884 3194 957 3239 est
977 3187 1156 3241 caelum
1185 3198 1232 3243 et
1254 3200 1387 3245 terra
1415 3191 1577 3262 gloria
1602 3195 1710 3265 ejus
1735 3194 1943 3267 (llesai.

354 3269 407 3323 6.
437 3272 517 3343 3).
542 3273 646 3329 Sed
673 3276 1123 3346 quemadmodum
1153 3282 1210 3349 ii,
1251 3286 1339 3354 qui
1368 3302 1522 3357 reges
1551 3290 1946 3347 acclamationi-

354 3361 449 3417 bus
478 3366 773 3436 excipiunt,
813 3385 876 3425 ac
902 3370 1075 3442 Reges
1102 3373 1560 3450 lmperatoresque
1588 3393 1799 3449 vocant,
1838 3400 1945 3442 non

355 3454 457 3509 illis
490 3457 540 3511 id
571 3459 868 3515 attribuunt
893 3464 1036 3532 quod
1066 3480 1169 3519 non
1212 3466 1427 3535 habent,
1457 3469 1550 3526 sed
1576 3472 1718 3542 quod
1750 3474 1947 3531 habent

353 3545 595 3603 laudibus
636 3550 943 3607 celebrant:
972 3555 1045 3609 ita
1092 3565 1146 3611 et
1177 3573 1274 3613 nos
1305 3574 1410 3615 non
1457 3576 1596 3627 eam,
1625 3579 1743 3633 quae
1771 3565 1943 3636 absit,

352 3638 684 3695 azttictitatem
716 3642 825 3699 Deo
850 3644 1126 3702 oll‘erimus
1152 3664 1273 3703 cum
1301 3650 1553 3717 dicimus,
1587 3654 1946 3727 Sattcliﬁcetur

354 3746 534 3784 nomen
563 3742 722 3801 tuum,
767 3736 859 3792 sed
903 3753 1042 3807 eam,
1086 3756 1202 3811 quae
1234 3743 1391 3810 inest,
1435 3745 1678 3803 laudibus
1704 3750 1945 3807 celebra-

351 3840 473 3879 mus
506 3843 519 3879 ε
548 3842 670 3880 nam
716 3829 865 3895 illud,
916 3829 1310 3903 Sanctiﬁcatur,
1357 3836 1585 3908 idipsum
1634 3852 1716 3896 est
1762 3845 1901 3913 quod
1928 3887 1942 3911 ,

349 3917 698 3983 glorilieetur.
733 3919 842 3975 Hac
872 3921 1049 3991 itaque
1083 3940 1214 3979 voce
1243 3925 1517 3996 docemur,
1553 3940 1609 3985 ut
1636 3934 1793 3987 vitam
1823 3950 1944 3990 cum

350 4007 551 4061 virtute
579 4007 856 4075 ducamus,
889 4022 942 4066 ut
968 4029 1085 4068 eam
1116 4016 1357 4073 videntes
1387 4019 1648 4085 homines,
1678 4026 1943 4082 caelestem

350 4098 567 4153 Patrem
599 4111 840 4157 nostrum
884 4104 1204 4174 gloriﬁcent,
1235 4119 1292 4164 ut
1318 4111 1442 4166 alibi
1483 4113 1677 4171 dicitur
1708 4137 1719 4171 :
1755 4117 1945 4175 Luceat

351 4188 442 4241 luas
488 4198 648 4243 vestra
686 4208 855 4246 coram
894 4196 1195 4267 hominibus,
1240 4211 1294 4254 ut
1340 4204 1541 4259 videant
1584 4224 1736 4278 Opera
1783 4223 1944 4266 vestra

351 4281 497 4344 bona,
526 4292 574 4337 et
616 4284 895 4354 glorificent
938 4288 1145 4345 Patrem
1192 4305 1427 4361 vestrum,
1478 4300 1567 4367 qui
1608 4302 1659 4354 in
1697 4305 1833 4357 caalis
1873 4317 1943 4360 est

351 4371 644 4441 (Matt/:35.
679 4378 791 4449 16).
821 4379 1011 4436 Postea
1042 4384 1331 4443 edocemur
1359 4388 1559 4457 dicere,
1594 4394 1837 4449 Adveniet
1858 4415 1939 4453 re-

346 4484 503 4535 gnum
542 4480 683 4524 tuum
714 4490 732 4526 :
766 4476 1221 4542 perturbationum
1280 4484 1643 4552 corporalium
1699 4492 1941 4558 oppressi

348 4561 643 4631 tyrannide,
677 4575 730 4619 et
760 4569 1026 4623 sexcentis
1057 4572 1409 4627 teutationum
1448 4576 1729 4634 insultibus
1770 4580 1938 4653 impe-

346 4654 449 4719 titi,
482 4655 572 4710 Dei
604 4673 770 4728 regno
816 4676 1060 4731 egemus,
1097 4674 1153 4719 ut
1194 4676 1470 4735 peccatum
1520 4688 1624 4725 non
1669 4684 1853 4745 regnet
1885 4677 1936 4732 in

342 4748 554 4801 mortali
597 4765 822 4820 corpore
870 4767 1054 4810 nostro
1097 4756 1273 4827 (Rom.
1312 4760 1364 4814 6.
1400 4761 1519 4832 l2),
1556 4762 1625 4818 ita
1667 4774 1725 4819 ut
1770 4767 1839 4821 illi
1883 4768 1938 4825 in

339 4837 719 4906 cupiditatibus
772 4843 1160 4915 obsequamur,
1216 4858 1379 4920 utque
1431 4869 1535 4908 non
1591 4856 1936 4915 exhibeamns

338 4928 581 4984 membra
616 4943 802 4989 nostra
848 4951 995 4989 arma
1042 4939 1337 5009 iniquitatis
1380 4955 1617 5013 peccato,
1664 4948 1756 5003 sed
1785 4950 1937 5004 exhi-

336 5019 559 5077 beamus
588 5038 737 5079 arma
778 5026 1003 5096 justitiae
1034 5029 1163 5098 Deo,
1192 5042 1245 5087 et
1274 5034 1405 5105 Regi
1436 5038 1752 5094 saeculorum
1797 5044 1935 5097 mili—

337 5122 531 5171 temus.
562 5117 642 5170 Ad
675 5118 788 5174 haec
817 5122 975 5175 etiam
1018 5122 1295 5191 docemur,
1328 5143 1394 5181 ne
1424 5141 1741 5199 praesentem
1769 5136 1931 5189 vitam

334 5207 510 5276 magni
542 5207 819 5277 faciamus,
879 5214 973 5268 sed
1017 5219 1296 5284 praesentia
1336 5219 1712 5291 despiciamus,
1756 5226 1930 5282 futura

335 5315 485 5368 vero,
538 5311 721 5373 utpote
762 5309 1029 5362 manentia
1086 5313 1546 5381 concupiscamus,
1597 5326 1650 5371 et
1704 5333 1926 5388 regnum

333 5392 463 5447 illud
490 5411 793 5464 quaeramus
835 5400 1070 5467 caeleste,
1101 5415 1493 5474 aeternumque,
1524 5423 1623 5463 nec
1654 5412 1928 5478 praesenti-

331 5482 431 5537 bus
467 5488 825 5558 voluptatibus
856 5490 1193 5561 haereamus;
1237 5511 1342 5550 non
1375 5498 1559 5553 formae
1602 5513 1885 5569 corporum
1910 5543 1925 5567 ,

330 5592 437 5631 non
468 5583 707 5648 pecuniae
736 5584 808 5649 vi,
856 5599 961 5638 non
990 5588 1385 5654 possessionum
1421 5589 1778 5659 abundantiae,
1822 5610 1928 5651 non

327 5684 654 5737 gemmarum
688 5675 1110 5744 magniﬁcentiae,
1146 5694 1251 5732 non
1281 5680 1470 5735 aedium
1499 5683 1790 5752 splendori,
1820 5700 1927 5741 non

324 5760 566 5829 imperiis
596 5773 651 5818 ct
679 5766 993 5821 militaribus
1019 5769 1369 5837 pru'fecturis,
1397 5788 1501 5827 non
1527 5790 1795 5843 purpurae,
1820 5793 1925 5833 non

393 5852 409 5882 ⁸
446 5854 515 5903 sic
540 5868 710 5905 omnes
738 5864 839 5906 Mss.
868 5858 984 5909 Editi
1006 5873 1122 5910 vero
1146 5873 1241 5910 non
1266 5861 1465 5922 habent,
1490 5874 1788 5930 terrenaque.

2057 539 2365 609 diademati,
2396 557 2499 598 non
2528 542 2764 613 opsoniis
2794 552 2847 598 et
2889 542 3047 599 lautis
3091 544 3281 613 epulis,
3310 558 3504 614 neque
3529 546 3645 600 aliis

2049 630 2379 700 quibuslibet
2407 647 2616 697 eorum,
2658 649 2776 704 quae
2803 649 2997 690 sensus
3044 644 3257 690 nostros
3287 636 3527 691 inescare
3553 651 3641 690 so-

2051 721 2194 786 lent;
2226 719 2320 775 sed
2358 720 2422 775 iis
2451 722 2698 779 omnibus
2725 724 2901 780 valere
2920 724 3107 795 jussis,
3140 741 3363 795 regnum
3389 727 3643 781 caelorum

2049 810 2415 866 indesinenter
2430 824 2763 882 appetamus.
2786 815 2934 871 Hanc
2950 831 3079 871 vero
3098 820 3344 871 virtutem
3361 828 3642 887 postquam

2050 918 2147 958 nos
2185 903 2387 969 docuit,
2434 905 2613 961 dicere
2647 905 2800 975 jubet
2831 924 2855 961 ε’
2876 906 3002 961 Fiat
3033 908 3261 963 voluntas
3308 918 3394 962 tua
3420 910 3558 963 sicut
3589 910 3641 962 in

2048 996 2171 1048 caelo
2194 1004 2240 1049 et
2270 996 2320 1048 in
2349 1007 2504 1055 terra.
2530 997 2814 1068 Postquam
2834 1000 2975 1054 enim
3002 999 3155 1055 nobis
3174 1000 3472 1056 futurorum
3494 1016 3643 1056 amo-

2048 1100 2161 1140 rem
2190 1086 2398 1154 indidit,
2429 1102 2636 1144 necnon
2673 1090 2819 1160 regni
2858 1092 3089 1147 caelestis
3113 1094 3595 1163 concupiscentiam
3622 1135 3638 1159 ,

2050 1176 2154 1231 hoc
2188 1177 2497 1234 vulneratos
2524 1180 2794 1237 desiderio
2821 1183 2886 1237 ad
2920 1184 3034 1238 haec
3058 1183 3282 1240 dicenda
3325 1195 3641 1255 comparat,

2051 1268 2173 1323 Fiat
2198 1271 2431 1325 uoluntas
2459 1280 2565 1341 tua,
2596 1273 2725 1327 sicut
2768 1275 2820 1328 in
2846 1276 2969 1329 caelo
2995 1286 3043 1329 et
3068 1277 3120 1330 in
3151 1286 3302 1330 terra.
3336 1277 3409 1331 Da
3442 1278 3594 1332 nobis
3621 1318 3638 1344 ,

2050 1360 2239 1430 inquit,
2290 1360 2556 1430 Domine,
2606 1372 2664 1417 ut
2707 1364 2976 1420 caelestem
3024 1366 3169 1421 illam
3216 1368 3336 1421 vitae
3378 1368 3638 1423 rationem

2049 1468 2354 1523 sequamur,
2384 1463 2443 1509 ut
2469 1470 2554 1523 ea,
2578 1470 2696 1526 quae
2729 1466 2781 1510 tu
2814 1458 2913 1523 vis,
2940 1474 3039 1513 nos
3062 1459 3220 1514 etiam
3241 1459 3485 1515 velimus.
3514 1458 3642 1530 Opi-

2049 1544 2219 1600 tulare
2247 1544 2406 1616 igitur
2429 1545 2590 1601 debili
2613 1546 2906 1603 voluntatis
2936 1549 3230 1620 proposito,
3260 1548 3402 1621 quod
3433 1566 3493 1605 ea
3521 1565 3640 1620 quae

2044 1635 2200 1705 jubes
2226 1636 2446 1707 exsequi
2476 1638 2643 1707 cupit,
2690 1637 2786 1694 sed
2814 1640 3055 1711 corporis
3095 1640 3404 1695 inﬁrmitate
3434 1655 3640 1710 ιιι-θερε-

2048 1728 2192 1784 ditur
2224 1747 2235 1783 :
2270 1730 2481 1799 porrige
2511 1746 2723 1785 manum
2766 1746 2983 1787 currere
3030 1732 3244 1802 quidem
3292 1731 3593 1787 volentibus
3621 1773 3638 1798 ,

2048 1820 2143 1875 sed
2171 1821 2238 1875 ad
2270 1820 2677 1876 elaudicandum
2716 1822 2934 1877 coactis.
2970 1824 3081 1879 Alis
3109 1824 3364 1878 instructa
3410 1832 3492 1879 est
3519 1823 3644 1877 ani-

2050 1926 2159 1976 ma,
2188 1912 2282 1966 sed
2326 1912 2467 1966 illam
2513 1928 2640 1968 caro
2676 1928 2890 1984 gravem
2921 1914 3082 1970 efficit
3112 1930 3127 1981 ;
3161 1914 3277 1970 haec
3300 1914 3366 1969 ad
3403 1915 3638 1970 caelestia

2049 2004 2205 2059 velox
2233 2014 2334 2073 est,
2387 2005 2476 2059 illa
2512 2021 2639 2062 vero
2684 2007 2859 2077 gravis
2905 2016 2958 2061 et
2999 2006 3065 2062 ad
3115 2017 3320 2063 terrena
3368 2008 3635 2077 proclivis.

2050 2097 2204 2153 Adsit
2227 2097 2385 2153 modo
2405 2098 2660 2153 auxilium
2686 2109 2853 2164 tuum,
2882 2110 2935 2154 ct
2960 2116 3041 2166 ea,
3070 2116 3189 2170 quae.
3215 2099 3331 2155 ﬁeri
3354 2116 3456 2154 non
3482 2116 3639 2170 posse

2048 2190 2316 2255 videntur,
2352 2189 2523 2245 facilia
2553 2189 2797 2247 evadent.
2828 2190 2948 2245 Fiat
2977 2190 3136 2263 igitur
3155 2192 3383 2246 voluntas
3403 2200 3490 2245 tua
3507 2192 3638 2245 sicut

2049 2284 2101 2336 in
2131 2283 2254 2338 cwlo
2280 2293 2324 2337 et
2353 2283 2405 2337 in
2431 2292 2583 2338 terra.

2121 2373 2175 2429 5.
2206 2375 2344 2443 Quia
2374 2390 2502 2429 vero
2547 2385 2743 2431 terram
2782 2382 3183 2442 commemorat,
3231 2382 3389 2446 atque
3432 2375 3516 2441 iis,
3547 2377 3649 2445 qui.

2050 2482 2114 2521 ex
2141 2475 2281 2521 terra
2328 2467 2586 2535 procreati
2614 2477 2757 2533 sunt,
2803 2468 2854 2522 in
2887 2467 3078 2538 illaque
3115 2476 3398 2523 versantur
3424 2474 3652 2521 terreno-

2047 2557 2225 2614 amicti
2269 2572 2515 2628 corpore,
2554 2560 2867 2629 congruenti
2894 2559 3015 2614 cibo
3042 2569 3125 2615 est
3148 2574 3301 2629 opus,
3335 2559 3651 2614 necessario

2049 2649 2319 2720 subjunxit
2346 2670 2359 2705 :
2392 2650 2586 2705 Panem
2614 2661 2841 2705 nostrum
2860 2652 3389 2721 supersubstantialem
3410 2651 3477 2705 da
3497 2651 3637 2705 nobis

2051 2745 2217 2798 hodie.
2249 2744 2449 2799 Panem
2493 2745 3056 2814 supersubstantialem
3098 2755 3281 2816 petere
3320 2746 3497 2815 jussit,
3530 2761 3636 2800 non

2050 2837 2100 2891 in
2127 2835 2570 2892 delectamentum
2604 2879 2619 2904 ,
2651 2835 2747 2892 sed
2790 2838 2843 2891 in
2868 2835 3200 2903 alimentum,
3243 2836 3381 2906 quod
3430 2836 3639 2892 decedit

2048 2926 2114 2982 de
2132 2942 2356 2997 corpore
2381 2930 2655 2997 supplens,
2676 2937 2728 2983 et
2749 2929 3016 2985 interitum
3043 2945 3107 2984 ex
3130 2928 3268 2984 fame
3294 2929 3524 2983 futurum
3546 2929 3630 2985 dc-

2051 3017 2275 3087 pellens.
2316 3016 2429 3072 Non
2461 3019 2745 3075 instructas
2774 3019 2996 3089 dapibus
3024 3035 3237 3075 mensas
3271 3021 3310 3087 ί,
3338 3037 3443 3074 non
3480 3036 3618 3090 opso

2052 3109 2136 3162 nia
2163 3109 2332 3177 varia,
2375 3124 2481 3164 non
2527 3109 2785 3165 delicatos
2835 3108 3155 3165 ferculorum
3185 3121 3488 3182 apparatus,
3532 3129 3638 3167 non

2050 3202 2309 3273 pistorum
2354 3202 2598 3266 artiﬁcia,
2647 3219 2751 3259 non
2797 3204 2919 3259 vina
2963 3204 3130 3260 odore
3177 3204 3554 3272 demulcentia,
3584 3216 3640 3262 ct

2050 3312 2169 3366 quae
2208 3296 2312 3351 alia
2351 3295 2583 3366 palatum
2612 3296 2900 3363 delectant,
2934 3308 3174 3353 ventrem
3201 3311 3448 3366 onerant,
3484 3315 3640 3354 men-

2053 3398 2161 3444 tem
2188 3389 2496 3455 obscurant,
2544 3398 2598 3444 et
2642 3389 2853 3460 corpori
2898 3391 3039 3445 vires
3081 3390 3283 3445 addunt
3326 3401 3383 3445 ut
3425 3391 3639 3447 insultet

2051 3480 2263 3544 animae,
2303 3495 2365 3534 ac
2396 3480 2597 3549 pullum
2649 3482 2846 3551 aurigae
2887 3480 3118 3535 reddunt
3174 3480 3478 3536 indocilem.
3523 3482 3651 3537 Non

2052 3571 2166 3627 haec
2196 3579 2252 3625 ut
2290 3586 2572 3641 poscamus
2600 3574 2772 3625 oratio
2814 3571 3013 3635 docuit,
3043 3571 3137 3626 sed
3169 3571 3646 3641 Supersubstantia—

2050 3667 2147 3719 lem
2170 3681 2371 3735 panem,
2400 3662 2571 3730 idest,
2600 3662 2691 3734 qui
2719 3662 2770 3717 in
2796 3662 3145 3718 substantiam
3164 3663 3405 3732 corporis
3427 3663 3639 3723 transit.

2050 3771 2276 3826 eamque
2303 3754 2620 3810 conﬁrmare
2649 3764 2844 3826 potest.
2880 3754 3030 3809 llunc
3059 3770 3186 3809 vero
3214 3768 3407 3824 panem
3437 3769 3541 3809 non
3571 3754 3635 3808 ad

2050 3849 2272 3903 multum
2303 3863 2562 3903 annorum
2592 3864 2870 3901 numerum
2916 3857 3097 3916 petere
3134 3847 3398 3917 jubemur,
3428 3847 3522 3902 sed
3547 3848 3637 3916 qui

2049 3940 2114 3993 ad
2146 3939 2459 3994 hodiernum
2488 3948 2689 3993 tantum
2720 3938 2861 3993 diem
2889 3939 3017 3993 satis
3046 3939 3115 3992 sit
3144 3955 3158 3991 :
3189 3937 3365 3992 Nolite
3394 3979 3409 4005 ,
3444 3938 3634 4009 inquit,

2049 4032 2249 4087 solliciti
2275 4048 2381 4087 esse
2406 4032 2460 4085 in
2485 4032 2757 4086 crastinum
2792 4030 3001 4103 (Matth.
3040 4030 3096 4086 6.
3128 4030 3242 4101 54).
3268 4029 3377 4085 Cur
3397 4030 3538 4085 enim
3568 4030 3637 4086 de

2048 4126 2283 4180 crastino
2307 4125 2426 4195 quis
2454 4124 2712 4178 sollicitus
2740 4124 2831 4188 sit,
2873 4122 2963 4193 qui
3006 4138 3110 4178 non
3140 4124 3310 4191 ipsum
3352 4122 3493 4178 diem
3519 4138 3637 4179 cra-

2047 4218 2243 4273 stinum
2276 4226 2424 4273 certo
2463 4217 2676 4272 visurus
2702 4217 2809 4281 sit;
2840 4215 2935 4272 sed
2977 4216 3068 4288 qui
3110 4216 3348 4272 laborem
3373 4217 3633 4288 suscipit-,

2048 4309 2275 4364 fructum
2297 4324 2404 4365 non
2425 4308 2704 4378 decerpit?
2736 4308 2788 4363 ln
2814 4309 2922 4365 Deo
2950 4309 3109 4379 igitur
3134 4308 3379 4367 ﬁduciam
3406 4310 3632 4378 colloca,

2050 4400 2147 4467 Qui
2173 4402 2262 4455 dat
2305 4418 2469 4455 escam
2508 4402 2647 4455 omni
2692 4402 2835 4455 carni
2881 4400 3050 4471 (Psal.
3084 4401 3206 4459 l55.
3250 4400 3366 4473 25).
3413 4401 3513 4477 Qui
3542 4402 3659 4463 tibi,

2045 4507 2241 4562 corpus
2283 4491 2466 4558 dedit,
2507 4492 2845 4562 animamque
2891 4492 3186 4561 inspiravit,
3235 4502 3392 4562 teque
3436 4494 3655 4548 animal=

2046 4584 2303 4640 rationale
2346 4584 2641 4652 constituit,
2670 4593 2830 4655 atque
2855 4587 3033 4639 omnia
3081 4584 3171 4638 tibi
3199 4583 3490 4639 bonaante
3520 4584 3631 4639 for-

2044 4679 2332 4733 mulionem
2374 4677 2711 4748 praeparavit,
2742 4677 3011 4748 quomodo
3044 4687 3095 4731 te
3133 4677 3418 4732 formatum
3444 4691 3631 4746 asper-

2042 4769 2272 4837 nabitur,
2318 4770 2420 4838 Qui
2465 4770 2622 4825 solem
2663 4786 2811 4824 suum
2854 4770 2978 4823 oriri
3022 4769 3142 4839 facit
3186 4786 3340 4840 super
3379 4769 3540 4823 malos
3585 4777 3645 4823 eL

2041 4860 2216 4927 bonos,
2250 4870 2295 4914 et
2325 4862 2452 4930 pluit
2478 4877 2630 4931 super
2648 4862 2817 4932 justas
2846 4861 3133 4929 etinjustos
3165 4860 3375 4931 (Matth.
3406 4860 3460 4915 5.
3491 4859 3581 4929 45)
3608 4862 3649 4913 1*

2042 4953 2177 5008 lluic
2202 4953 2362 5024 igitur
2405 4952 2451 5008 si
2491 4952 2657 5020 ﬁdas,
2697 4951 3065 5023 quotidianum
3114 4959 3313 5006 tantum
3344 4965 3505 5021 posce
3533 4952 3629 5005 ali-

2040 5054 2300 5112 mentum,
2331 5045 2405 5100 illi
2436 5045 2655 5100 crastini
2682 5060 2862 5101 curam
2893 5045 3153 5116 relinque,
3181 5044 3628 5116 quemadmodum

2038 5148 2092 5190 et
2119 5137 2302 5191 beatus
2346 5135 2510 5190 David
2551 5135 2687 5190 dixit
2714 5153 2728 5191 :
2754 5134 2907 5190 lucta
2948 5153 3099 5207 super
3140 5135 3413 5191 Dominum
3453 5154 3629 5192 curam

2037 5238 2196 5295 tuam,
2226 5238 2272 5283 et
2299 5229 2409 5297 ipse
2438 5230 2719 5283 te-enutriet
2748 5228 2923 5299 (Psal.
2953 5230 3040 5285 54.
3068 5228 3183 5301 25).
3216 5229 3289 5285 Ita
3315 5246 3436 5286 cum
3466 5246 3630 5300 supe-

2037 5322 2266 5378 rioribus
2313 5322 2491 5377 verbis
2531 5338 2835 5392 supremam
2881 5322 3269 5395 philosophiam
3312 5324 3635 5390 docuisset,

2034 5432 2230 5486 gnarus
2263 5415 2375 5469 ﬁeri
2416 5432 2522 5471 non
2551 5431 2732 5487 posse,
2764 5425 2821 5470 ut
2851 5432 2948 5473 nos
2993 5414 3239 5471 homines
3267 5414 3475 5468 mortali
3506 5429 3628 5468 cor-

2035 5522 2165 5577 pore
2202 5507 2513 5562 circumdati
2542 5522 2646 5562 non
2687 5507 2961 5573 cadamus,
2993 5507 3153 5561 etiam
3190 5506 3292 5560 hoc
3319 5504 3498 5560 dicere
3522 5505 3635 5559 do‘

2033 5600 2143 5655 cuit
2171 5616 2185 5653 :
2218 5597 2285 5655 Et
2309 5598 2501 5652 dimitte
2527 5597 2668 5653 nobis
2697 5597 2864 5651 debita
2890 5607 3096 5664 nostra,
3112 5597 3241 5650 sicut
3265 5604 3310 5652 et
3335 5612 3427 5651 nos
3452 5596 3623 5654 dimit-

2035 5692 2186 5746 timus
2212 5691 2515 5745 debitoribus
2539 5691 2739 5744 nostris.
2767 5690 2888 5744 Tria
2920 5688 3078 5743 simul
3104 5688 3239 5743 bona
3272 5688 3418 5744 hisce
3446 5690 3622 5745 verbis

2103 5805 2117 5836 ι
2156 5810 2255 5853 nuo
2279 5811 2405 5867 Mss,
2436 5817 2528 5856 non
2552 5815 2737 5854 mensas
2758 5801 3059 5854 lumriuntca
3084 5805 3132 5852 et
3151 5801 3216 5852 ad
3240 5800 3520 5865 voluptatem
3541 5801 3620 5862 {u-

2036 5890 2142 5927 rcrt'
2160 5877 2399 5940 facientes.
