4066 6274
516 399 588 455 ιθ
1212 405 1268 462 S.
1310 403 1596 466 JOANNIS
1633 403 2126 467 CHRYSOSTOMI
2163 406 2476 471 ARLTIIIEI‘.
2515 411 3058 476 CONSTANTI‘NOP.
3691 420 3762 480 50

509 513 602 565 καὶ
633 512 829 585 πολλὴν
853 514 950 586 τὴν
977 515 1109 590 πρὸς
1144 518 1231 572 τὸν
1261 520 1396 577 Θεὸν
1429 525 1638 592 ἐλπίδα,
1666 526 1700 597 ἢ
1732 527 1926 590 παντὸς
1947 545 2078 597 χρυ-

507 602 623 656 σίου
657 605 750 658 καὶ
775 607 957 679 πάσης
985 609 1248 682 εὐπορίας
1274 615 1389 669 ἐστὶ
1419 617 1740 688 τιμιωτέρα.
1761 619 1818 670 Ὀ
1849 619 1945 688 μέν
1970 618 2078 689 7&9

505 695 759 767 αἰσθητὸς
808 699 1037 765 πλοῦτος
1079 703 1172 756 καὶ
1217 704 1429 777 λῃστῶν
1463 709 1772 772 ἐπιδουλαῖς
1803 708 1916 780 [55]
1947 711 2079 781 πρό-

505 802 719 854 κειται,
765 791 860 844 καὶ
901 796 1250 864 συκοφαντῶν
1295 799 1546 868 στόμασι,
1596 800 1690 851 καὶ
1733 801 2076 871 τοιχωρύχων

501 877 659 946 χερσὶ
708 881 802 932 καὶ
845 882 1070 934 οἰκετῶν
1122 884 1500 955 κακουργίαις,
1547 885 1640 936 καὶ¹
1687 885 1813 936 ὅταν
1860 885 2076 938 ἅπαντα

502 969 673 1022 ταῦτα
714 969 972 1043 διαφύγῃ,
999 973 1117 1026 τότε
1148 976 1260 1037 τοῖς
1290 973 1646 1044 κεκτημένοις
1691 975 1949 1046 μέγιστον
1979 977 2076 1030 ἐπ-

499 1059 623 1127 άγει
664 1061 921 1124 πολλάκις
953 1061 1042 1114 τὸν
1078 1061 1318 1134 δλεθρον,
1348 1062 1632 1132 βασκάνων
1661 1065 1972 1136 ὀφθαλμοὺς
1999 1065 2076 1120 δι-

500 1151 748 1221 εγείρων,
776 1153 869 1204 καὶ
901 1152 1128 1223 μυρίους
1166 1154 1229 1207 ἐκ
1256 1155 1446 1207 τούτου
1470 1155 1669 1208 τίκτων
1699 1157 1994 1227 χειμῶνας.
2011 1157 2070 1212 '0

497 1243 553 1296 δὲ
581 1245 946 1315 πνευματικὸς
980 1244 1206 1308 πλοῦτος
1234 1246 1451 1311 ἁπάσας
1488 1245 1689 1311 ταύτας
1717 1248 1936 1318 διέφυγε
1970 1248 2070 1314 τάς

497 1333 688 1398 λαϐὰς,
721 1336 814 1389 καὶ
844 1337 1023 1408 πάσης
1065 1337 1327 1410 ἐπηρείας
1378 1339 1525 1392 ἐστὶν
1573 1339 1848 1412 ἀνώτερος
1892 1339 2068 1394 τοιαύ-

493 1441 614 1494 της,
649 1427 744 1479 καὶ
777 1427 990 1498 λῃστῶν
1020 1429 1114 1480 καὶ
1133 1427 1480 1498 τοιχωρύχων
1515 1429 1609 1482 καὶ
1643 1429 1930 1499 βασκάνων
1973 1432 2067 1484 καὶ

497 1517 846 1585 συκοφαντῶν
884 1517 978 1570 καὶ
1006 1517 1172 1571 αὐτοῦ
1203 1518 1520 1587 καταγελῶν
1547 1520 1642 1573 τοῦ
1666 1519 1914 1575 θανάτου.
1935 1521 2069 1574 Οὐδέ

493 1605 600 1676 7&9
633 1606 846 1677 θανάτῳ
871 1607 1250 1677 διαζεύγνυται
1276 1608 1371 1662 τοῦ
1400 1610 1760 1680 κεκτημένου,
1791 1611 1928 1664 ἀλλά
1949 1612 2067 1664 τότε

493 1696 729 1766 μάλιστα
773 1697 1154 1770 ἀσφαλεστέρα
1201 1701 1235 1771 ἡ
1287 1700 1480 1770 κτῆσις
1522 1701 1684 1754 αὐτοῦ
1731 1704 1846 1764 τοῖς
1886 1702 2066 1773 έχουσι

491 1784 718 1852 γίνεται,
747 1787 842 1840 καὶ
883 1790 1272 1860 συναποδημεῖ,
1309 1789 1400 1843 καὶ
1447 1789 1878 1860 συμμεθίσταται
1931 1791 2067 1862 πρὸς

489 1875 588 1946 τὴν
620 1877 913 1949 μέλλουσαν
943 1879 1107 1952 ζωὴν,
1135 1881 1227 1934 καὶ
1270 1881 1566 1950 συνήγορος
1599 1880 1808 1948 γίνεται
1856 1879 2068 1951 θαυμα-

492 1969 635 2032 στὸς,
665 1964 745 2032 οἷς
792 1969 858 2023 ἂν
899 1971 1017 2023 ἐκεῖ
1058 1971 1397 2042 συναπέλθῃ,
1432 1971 1526 2024 καὶ
1573 1971 1699 2024 ἵλεω
1747 1971 2066 2045 καθίστησιν

490 2061 671 2122 αὐτοῖς
703 2061 795 2113 τὸν
821 2061 1129 2125 δικάζοντα.

557 2150 759 2204 Τοῦτον
792 2152 884 2204 xal
915 2153 1074 2223 ἡμεῖς
1117 2151 1208 2206 τὸν
1252 2150 1480 2206 πλοῦτον
1532 2153 1670 2224 μετά
1723 2150 1924 2224 πολλῆς
1967 2155 2065 2224 τῆς

486 2239 765 2309 δαψιλείας
821 2241 1132 2312 εὑρήκαμεν
1179 2241 1238 2293 ἐν
1282 2242 1347 2310 τῇ
1386 2240 1479 2294 τοῦ
1527 2241 1898 2312 παραλυτικοῦ
1940 2260 2065 2295 κατ-

485 2327 868 2400 ορωρυγμένον
920 2327 1088 2396 ψυχῇ.
1136 2325 1248 2380 Kal
1291 2327 1568 2400 μάρτυρες
1619 2329 1776 2400 ὑμεῖς
1820 2331 1870 2383 οἱ
1925 2331 2064 2400 μετά

485 2418 687 2490 πολλῆς
719 2418 881 2472 αὐτὸν
913 2417 1336 2488 ἐξαντλήσαντες
1368 2422 1466 2491 τῆς
1511 2421 1841 2492 προθυμίας,
1873 2424 1932 2475 οὐ
1973 2440 2063 2475 κε-

485 2508 756 2570 νώσαντες
782 2507 858 2560 δέ.
891 2505 1124 2578 Τοιαύτη
1157 2506 1265 2580 γὰρ
1297 2508 1332 2577 ή
1366 2507 1458 2560 τοῦ
1495 2508 1862 2578 πνευματικοῦ
1895 2509 2058 2561 πλού-

483 2617 578 2652 του
604 2599 765 2668 φύσις
788 2615 803 2628 ο
826 2597 925 2661 τάς
952 2595 1060 2651 τῶν
1089 2597 1294 2652 ὑδάτων
1323 2597 1606 2668 ἐπιρροίας
1632 2601 1897 2669 μιμεῖται,
1927 2599 2060 2670 μᾶλ-

482 2692 573 2744 λον
616 2690 673 2743 δὲ
706 2691 803 2742 xal
831 2688 1054 2742 ἐκείνων
1084 2690 1209 2758 νικᾷ
1235 2688 1336 2758 τὴν
1374 2689 1656 2757 ἀφθονίαν,
1687 2689 1805 2742 τότε
1833 2689 2055 2744 πλεονά-

481 2780 650 2844 ζουσα
703 2778 923 2849 μᾶλλον,
959 2778 1086 2831 ὅταν
1133 2777 1362 2842 πολλοὺς
1409 2778 1508 2850 ἔχῃ
1553 2781 1680 2843 τούς
1726 2781 2058 2851 ἀρυομένους

481 2872 670 2941 αὐτήν.
707 2870 796 2932 Εἰς
823 2870 931 2942 7&9
966 2869 1064 2940 τὴν
1102 2871 1331 2924 ἑκάστου
1355 2869 1530 2942 ψυχὴν
1568 2870 1770 2937 εἰσιὼν,
1812 2874 1872 2926 οὐ
1905 2873 2060 2944 μερί-

479 2961 652 3026 ζεται,
682 2961 803 3014 οὐδέ
829 2961 1163 3026 ἐλαττοῦται,
1185 2961 1301 3016 ἀλλ’
1317 2962 1510 3034 όλόκλη
1520 2980 1609 3034 ρος
1639 2964 1852 3036 ἑκάστῳ
1880 2983 2058 3036 παρα-

479 3051 760 3121 γινόμενος
792 3050 1063 3115 ἀνάλωτος
1089 3051 1239 3122 μένει
1259 3052 1541 3124 διηνεκῶς,
1572 3055 1825 3107 οὐδέποτε
1856 3055 2056 3108 ἐπιλεί-

477 3157 599 3193 πειν
631 3139 925 3210 δυνάμενος
947 3157 960 3171 ·
997 3141 1025 3194 ὃ
1052 3141 1115 3212 δὴ
1162 3142 1256 3195 καὶ
1288 3142 1406 3196 τότε
1443 3144 1744 3199 συνέϐαινε.
1773 3145 2054 3199 Τοσούτων

476 3232 583 3303 7&9
621 3233 985 3286 ἐπιπεσόντων
1022 3231 1100 3302 τῷ
1131 3233 1408 3304 θησαυρῷ,
1444 3236 1538 3287 καὶ
1567 3236 1784 3289 πάντων
1813 3235 1882 3289 τά
1914 3236 2054 3288 κατά

474 3323 701 3394 δύναμιν
722 3324 1035 3394 ἀρυομένων
1061 3324 1269 3378 ἐκεῖθεν
1289 3341 1305 3354 ·
1339 3326 1432 3378 καὶ
1459 3325 1512 3378 τί
1541 3325 1683 3393 λέγω
1711 3329 1840 3398 περὶ
1875 3328 2049 3396 ὐμῶν,

473 3413 606 3465 ὅπου
636 3428 699 3481 γε
735 3412 793 3477 ἐξ
833 3411 1041 3464 ἐκείνου
1070 3411 1162 3464 τοῦ
1209 3411 1400 3484 χρόνου
1438 3412 1598 3484 μέχρι
1643 3413 1743 3484 τῆς
1772 3414 2052 3487 παρούσης

473 3506 686 3578 ἡμέρας
722 3506 949 3578 μυρίους
977 3507 1210 3576 ποιήσας
1249 3506 1535 3576 εὐπόρους,
1583 3509 1675 3560 ἐπὶ
1716 3508 1816 3579 τῆς
1845 3509 2051 3573 οἰκείας

471 3596 804 3668 τελειότητος
841 3601 1022 3668 μένει;
1054 3597 1145 3668 Μὴ
1178 3597 1358 3652 τοίνυν
1383 3599 1761 3672 ἀποκάμωμεν
1787 3601 1924 3674 πρὸς
1950 3602 2051 3674 τήν

473 3689 851 3758 πνευματικὴν
875 3688 1077 3760 ταύτην
1105 3690 1362 3762 εὐπορίαν
1381 3707 1395 3721 ·
1423 3689 1538 3743 ἀλλ’
1561 3691 1685 3745 ὅσον
1711 3692 1936 3747 δυνατὸν
1955 3697 2048 3747 xal

470 3774 567 3829 νῦν
610 3775 1042 3847 ἐξαντλήσωμεν,
1079 3777 1172 3830 καὶ
1207 3777 1408 3848 ἴδωμεν
1437 3777 1815 3851 φιλάνθρωπον
1844 3783 2048 3837 Δεσπό-

469 3884 591 3937 την,
622 3865 822 3936 ἴδωμεν
851 3867 1174 3939 καρτερικὸν
1205 3868 1443 3940 οἰκέτην.
1470 3871 1774 3941 Τριάκοντα
1800 3874 1931 3942 γοῦν
1955 3880 2048 3930 καὶ
2090 3904 2096 3910 -

469 3957 613 4012 ὀκτὼ
641 3959 734 4030 ἐτη
768 3960 1052 4032 ἀρρωστίᾳ
1084 3961 1326 4015 παλαίων
1357 3962 1563 4034 ἀνιάτῳ
1587 3966 1680 4017 καὶ
1717 3965 2046 4038 μαστιζόμε-

468 4068 558 4114 νος
582 4051 864 4122 διηνεκῶς,
887 4053 986 4105 οὐκ
1009 4052 1386 4123 ἐδυσχέρανεν,
1419 4054 1520 4108 οὐκ
1543 4055 1723 4125 ἀφῆκε
1749 4060 1899 4127 ῥῆμα
1921 4059 2046 4128 βλά-

469 4159 705 4213 σφημον,
740 4143 799 4194 οὐ
835 4142 1180 4212 κατηγόρησε
1215 4142 1308 4194 τοῦ
1338 4143 1716 4213 πεποιηκότος,
1750 4146 1887 4200 ἀλλά
1919 4165 2045 4216 γεν-

467 4234 632 4296 ναίως
663 4233 755 4286 καὶ
783 4232 920 4304 μετά
946 4232 1145 4302 πολλῆς
1174 4233 1270 4304 τῆς
1303 4232 1603 4298 ἐπιεικείας
1629 4235 1727 4308 τὴν
1762 4241 2044 4310 συμφορὰν

467 4325 662 4395 ἔφερεν
705 4322 938 4392 ἐκείνην.
969 4323 1075 4375 Kal
1108 4322 1270 4376 πόθεν
1300 4321 1459 4377 τοῦτο
1499 4325 1692 4396 δῆλον;
1730 4329 1893 4400 φησίν
1913 4348 1927 4362 ο
1952 4333 2044 4385 οὐ-

464 4416 553 4472 δὲν
577 4414 682 4485 γάρ
708 4414 835 4485 περὶ
865 4413 964 4484 τῆς
985 4413 1096 4466 ἀνω
1125 4411 1271 4485 ζωῆς
1295 4415 1456 4469 αὐτοῦ
1489 4419 1674 4488 σαφῶς
1697 4422 1846 4492 ἡμᾶς
1869 4422 2043 4477 ἐδίδα-

466 4510 558 4574 ξεν
585 4508 618 4578 ἡ
652 4506 862 4579 Γραφὴ,
893 4505 1006 4559 ἀλλ’
1035 4506 1117 4558 ὅτι
1157 4507 1256 4578 μὲν
1285 4509 1575 4580 τριάκοντα
1606 4511 1749 4566 ὀκτὼ
1776 4513 1870 4582 ἐτη
1899 4511 2042 4586 εἶχεν

464 4603 523 4654 ἐν
567 4603 635 4672 τῇ
681 4598 933 4668 ἀσθενείᾳ
973 4597 1161 4664 αὐτοῦ,
1191 4597 1348 4668 δῆλον
1397 4601 1683 4671 ἐποίησεν·
1719 4604 1800 4657 ὅτι
1845 4605 1902 4659 δὲ
1941 4609 2040 4662 οὐκ

463 4691 837 4762 ἐδυσχέρανεν,
861 4689 983 4744 οὐδὲ
1009 4689 1406 4761 ἠγανάκτησεν,
1440 4694 1560 4746 οὐδέ
1605 4695 2037 4769 ἁπεδυσπέτησε,

461 4783 619 4836 τοῦτο
649 4781 833 4836 οὐκέτι
862 4782 1224 4853 προσέθηκεν.
1254 4783 1363 4836 Kal
1407 4783 1512 4856 μὴν
1556 4787 1652 4838 καὶ
1699 4787 1855 4841 τοῦτο
1881 4790 2038 4862 δῆλον

460 4875 735 4946 ἐποίησεν,
759 4875 813 4928 εῐ
833 4891 916 4937 τις
944 4873 1186 4945 ἀκριϐῶς
1208 4873 1486 4946 προσέχοι,
1511 4877 1604 4929 καὶ
1630 4876 1704 4950 μὴ
1725 4881 2034 4952 παρέργως,

463 4967 598 5039 μηδέ
624 4966 1004 5029 ἀπλῶς.⁶’οταν
1027 4966 1134 5036 7&9
1157 4966 1393 5038 ἀκούσῃς
1417 4969 1498 5021 ὅτι
1522 4971 1799 5024 ἐπιστάντι
1818 4975 2037 5050 Χριστῷ

458 5061 554 5112 καὶ
602 5059 702 5111 οὐκ
737 5058 849 5111 όντι
898 5057 1194 5128 γνωρίμῳ,
1242 5059 1355 5112 ἀλλ’
1385 5059 1654 5132 ἀνθρώπῳ
1699 5065 2037 5141 νομιζομένῳ

456 5150 619 5218 ψιλῷ,
653 5148 788 5218 μετά
819 5147 1087 5217 τοσαύτης
1113 5149 1410 5212 ἐπιεικείας
1441 5149 1712 5221 διελέγετο
1740 5156 1908 5229 αὐτῷ,
1941 5163 2035 5217 καὶ

457 5240 558 5309 τὴν
595 5237 902 5308 ἔμπροσθεν
931 5237 1094 5291 αὐτοῦ
1131 5238 1447 5309 φιλοσοφίαν
1486 5240 1690 5314 δυνήσῃ
1716 5242 2030 5306 θεάσασθαι.

457 5330 678 5384 Είπόντι
721 5327 830 5399 γὰρ
860 5327 1028 5399 αὐτῷ,
1063 5329 1268 5396 Θέλεις
1307 5331 1479 5399 ὑγιὴς
1518 5333 1830 5402 γενέσθαι;
1881 5342 2032 5398 οὐδὲν

456 5417 610 5476 εἶπεν
656 5415 766 5475 οἷον
811 5418 959 5484 εἰκὸς
1006 5413 1096 5490 ἦν,
1139 5418 1221 5473 ὅτι
1261 5420 1422 5491 Ὁρᾷς
1474 5439 1540 5492 με
1589 5428 2031 5501 παραλελυμένον

455 5514 642 5586 χρόνον
668 5510 922 5566 τοσοῦτον
955 5511 1370 5584 κατακείμενον,
1403 5515 1496 5568 καὶ
1525 5517 1735 5590 ἐρωτᾷς
1764 5522 1812 5575 εξ
1845 5522 2032 5592 βούλο-

454 5623 553 5675 μαι
589 5606 839 5674 γενέσθαι
875 5605 1066 5677 ὐγιής;
1099 5606 1404 5678 ἐπεμϐῆναί
1439 5625 1540 5680 μου
1568 5613 1677 5676 τοῖς
1709 5617 1898 5678 κακοῖς
1928 5612 2027 5688 ἦλ-

458 5694 570 5757 θες,
600 5697 874 5760 ὀνειδίσαι,
908 5698 1000 5753 καὶ
1027 5698 1417 5767 καταγελάσαι,
1450 5702 1542 5755 καὶ
1577 5705 1908 5774 κωμῳδῆσαι
1929 5708 2027 5779 τὴν

456 5791 738 5862 συμφοράν
758 5807 772 5854 ;
823 5791 987 5844 Οὐδὲν
1018 5789 1135 5863 [δαί]
1169 5790 1403 5847 τοιοῦτον
1428 5794 1547 5847 οὐδέ
1583 5790 1751 5863 εἶπεν,
1786 5795 1905 5850 οὐδέ
1934 5799 2019 5852 ἐν-

2183 528 2422 599 ενόησεν,
2450 532 2584 586 ἀλλά
2635 537 2754 604 μετ’
2788 535 3087 598 ἐπιεικείας
3107 552 3119 566 ·
3149 535 3258 588 Ναὶ
3279 576 3294 601 ,
3331 536 3524 606 Κύριε,
3571 543 3758 611 φησίν.

2179 619 2240 672 Εἰ
2270 620 2326 673 δὲ
2360 622 2498 691 μετά
2526 625 2821 694 τριάκοντα
2853 625 2998 678 ὀκτὼ
3027 625 3121 696 ἐτη
3163 625 3306 680 οὕτω
3343 629 3517 697 πρᾶος
3546 623 3634 699 ἦν,
3664 627 3758 682 οὐ·

2176 725 2282 772 τως
2335 712 2619 784 ἐπιεικὴς,
2676 715 2776 784 τῆς
2829 716 3073 779 εὐτονίας
3117 717 3287 787 αὐτῷ·
3316 719 3756 789 καταϐληθεισης

2173 800 2392 872 ἀπάσης
2429 805 2522 857 καὶ
2567 806 2665 876 τῆς
2710 806 2992 876 δυνάμεως
3035 808 3145 863 τῶν
3173 809 3469 881 λογισμῶν,
3502 810 3757 882 ἐννόησον

2172 890 2357 944 ὁποῖον
2382 893 2528 956 εἰκὸς
2555 890 2693 948 εἶναι
2717 895 2905 950 τοῦτον
2935 901 2992 952 ἐν
3028 902 3142 963 τοῖς
3174 901 3477 971 προοιμίοις
3507 901 3614 954 τῶν
3645 902 3754 956 δει-

2171 980 2450 1036 νῶν.Ἴστε
2493 984 2602 1056 γὰρ
2647 985 2819 1058 δήπου
2864 989 3086 1055 πάντες,
3112 992 3195 1045 ὅτι
3245 993 3344 1062 οὐχ
3392 992 3594 1062 ὁμοίως
3645 993 3753 1047 εἰσὶ

2169 1071 2486 1145 δυσάρεστοι
2516 1075 2566 1128 οί
2591 1079 2870 1144 νοσοῦντες
2911 1081 2967 1133 ἐν
3011 1084 3154 1154 ἀρχῇ
3183 1083 3281 1153 τῆς
3309 1084 3620 1154 ἀρρωστίας
3653 1087 3752 1139 καὶ

2171 1165 2366 1219 πολλοῦ
2395 1167 2677 1242 προϊόντος
2705 1167 2798 1223 τοῦ
2825 1171 3017 1242 χρόνου
3039 1190 3051 1202 ·
3070 1174 3191 1226 τότε
3223 1173 3331 1245 γάρ
3361 1176 3595 1245 μάλιστα
3621 1177 3750 1230 δυσ-

2170 1258 2349 1326 χερεῖς
2373 1256 2613 1327 γίνονται
2647 1261 2697 1314 οί
2736 1263 3036 1329 νοσοῦντες,
3071 1266 3199 1320 ὅταν
3229 1268 3308 1331 είς
3341 1268 3514 1338 μῆκος
3578 1269 3750 1340 ἐπιδῷ

2167 1347 2229 1399 τὸ
2265 1348 2495 1420 νόσημα,
2525 1352 2646 1405 τότε
2676 1355 2840 1407 πᾶσιν
2871 1355 3152 1427 ἀφόρητοι.
3171 1358 3228 1411 ’0
3256 1358 3312 1411 δὲ
3344 1358 3481 1429 μετά
3509 1359 3750 1414 τοσαῦτα

2168 1434 2262 1506 ἔτη
2287 1437 2429 1491 οὕτω
2458 1439 2782 1511 φιλοσοφῶν,
2811 1443 2984 1508 οὕτως
3011 1443 3348 1512 ἀνεξικάκως
3375 1449 3744 1519 ἀποκρινόμε-

2165 1542 2277 1591 νος,
2298 1526 2520 1599 εὐδηλον
2543 1533 2624 1585 ὅτι
2657 1533 2751 1587 καὶ
2781 1535 2873 1589 τὸν
2902 1535 3209 1609 ἔμπροσθεν
3233 1539 3422 1609 χρόνον
3454 1540 3594 1611 μετά
3617 1541 3747 1594 πο)-

2165 1615 2262 1688 λῆς
2285 1621 2384 1689 τῆς
2418 1621 2764 1694 εὐχαριστίας
2787 1627 2885 1698 τὴν
2913 1627 3199 1698 συμφορὰν
3223 1628 3418 1700 ἔφερεν
3451 1631 3685 1701 ἐκείνην.

2235 1709 2421 1765 Ταῦτα
2463 1707 2557 1767 οῦν
2607 1717 2701 1770 καὶ¹
2730 1719 2892 1788 ἡμεῖς
2926 1718 3264 1789 λογιζόμενοι
3311 1721 3606 1792 μιμώμεθα
3645 1723 3744 1793 τὴν

2165 1800 2440 1872 ὑπομονὴν
2485 1803 2580 1857 τοῦ
2625 1807 2945 1862 συνδούλου⁸
2995 1809 3154 1881 ἱκανὴ
3200 1810 3309 1882 7&9
3353 1814 3385 1882 ή
3439 1813 3743 1884 παράλυσις

2163 1892 2369 1946 ἐκείνου
2410 1895 2510 1958 τὰς
2545 1899 2820 1970 ήμετέρας
2851 1901 3166 1970 ἐπισφίγξαι
3192 1903 3369 1973 ψυχάς
3389 1921 3402 1936 ο
3431 1904 3607 1968 οὐδεὶς
3633 1906 3743 1978 γάρ

2161 1984 2303 2038 οὕτω
2352 1986 2558 2058 νωθρὸς
2604 1991 2696 2043 καὶ
2745 1993 3098 2062 παρειμένος,
3137 1994 3214 2058 ὡς
3254 1995 3314 2047 τὸ
3369 1995 3597 2066 μέγεθος
3643 1997 3741 2066 τῆς

2164 2080 2448 2147 συμφορᾶς
2479 2081 2737 2151 ἐννοήσας
2765 2083 3000 2154 ἐκείνης,
3043 2084 3116 2156 μὴ
3149 2085 3326 2140 πάντα
3364 2089 3628 2154 γενναίως
3655 2089 3741 2140 ἐν-

2161 2170 2344 2234 εγκεῖν
2370 2169 2436 2221 τά
2467 2171 2879 2241 προσπίπτοντα
2909 2174 3074 2240 δεινά,
3115 2175 3215 2228 κᾶν
3243 2177 3495 2229 ἁπάντων
3530 2178 3740 2247 ἀφορη-

2161 2259 2354 2330 τότερα
2471 2261 2607 2315 Οῦτε
2649 2263 2757 2335 γάρ
2797 2267 2830 2336 ή
2862 2266 3039 2334 ὑγίεια
3065 2266 3231 2320 αὐτοῦ
3263 2269 3440 2337 μόνον,
3465 2267 3602 2321 ἀλλά
3643 2270 3738 2322 καὶ

2161 2350 2192 2418 ἡ
2223 2350 2374 2415 νόσος
2407 2356 2670 2424 μεγίστης
2701 2357 2832 2426 ἡμῖν
2865 2356 3131 2424 ὠφελείας
3160 2358 3379 2426 γέγονεν
3405 2358 3553 2410 αίτία
3572 2375 3584 2388 ⁸
3613 2359 3648 2428 ἦ
3674 2377 3736 2412 τε

2159 2441 2268 2512 γάρ
2306 2443 2568 2514 θεραπεία
2598 2447 2733 2517 πρὸς
2763 2447 3068 2516 δοξολογίαν
3096 2449 3189 2502 τοῦ
3213 2450 3485 2502 Δεσπότου
3517 2453 3609 2504 καὶ
3635 2451 3738 2516 τὰς

2161 2531 2272 2584 τῶν
2301 2533 2608 2587 ἀκουόντων
2634 2537 2821 2607 ήγειρε
2859 2535 3062 2607 ψυχάς
3094 2539 3127 2609 ἦ
3153 2556 3212 2591 τε
3243 2540 3396 2602 νόσος
3420 2541 3516 2593 καὶ
3553 2542 3586 2611 ἠ
3630 2542 3735 2611 ἁῤ-

2160 2623 2365 2691 ρωστία
2389 2625 2522 2695 πρὸς
2543 2626 2818 2698 ὑπομονὴν
2841 2629 2984 2698 ὑμᾶς
3005 2629 3212 2701 ἤλειφε,
3235 2633 3330 2685 καὶ
3353 2633 3488 2704 πρὸς
3507 2634 3597 2686 τὸν
3621 2635 3734 2688 ἴσον

2158 2715 2498 2785 παρεκάλεσε
2529 2718 2688 2788 ζῆλον
2711 2735 2722 2748 ’
2753 2719 2951 2790 μᾶλλον
2973 2722 3028 2775 δὲ
3054 2722 3148 2776 καὶ
3174 2724 3342 2793 αὐτὴν
3366 2724 3460 2777 τοῦ
3479 2724 3615 2779 Θεοῦ
3636 2726 3733 2797 τὴν

2156 2805 2562 2879 φιλανθρωπίαν
2591 2811 2909 2876 ἐνεδείξατο.
2943 2814 3053 2866 Kal
3083 2814 3188 2886 7&9
3213 2817 3344 2869 αὐτὸ
3367 2817 3428 2869 τὸ
3459 2818 3731 2890 παραδοῦ-

2155 2911 2241 2947 ναι
2267 2895 2491 2968 τοιούτῳ
2521 2901 2806 2970 νοσήματι,
2837 2903 2930 2955 καὶ
2953 2903 3044 2956 τὸν
3073 2905 3262 2975 χρόνον
3288 2907 3521 2961 ἐκτεῖναι
3548 2906 3734 2960 τοσοῦ-

2152 3000 2242 3038 τον
2270 2985 2367 3056 τὴν
2393 2989 2720 3059 ἀρρωστίαν,
2748 2992 3011 3064 μεγίστης
3036 2995 3363 3066 κηδεμονίας
3384 2997 3519 3050 ἐστί.
3549 2997 3735 3050 Καθά-

2152 3091 2259 3146 περ
2288 3076 2393 3148 γάρ
2423 3081 2714 3150 χρυσοχόος
2737 3084 2816 3145 είς
2842 3086 3206 3156 χωνευτήριον
3232 3086 3484 3156 ἐμϐαλὼν
3508 3089 3731 3159 χρυσίον

2155 3165 2316 3235 μέχρι
2341 3168 2598 3221 τοσούτου
2624 3172 2911 3243 ἐπιτρέπει
2943 3174 3330 3243 βασανίζεσθαι
3359 3177 3434 3248 τῷ
3457 3181 3733 3252 πυρὶ,ἐως

2150 3252 2215 3306 ἂν
2247 3253 2331 3327 ἴδῃ
2355 3257 2645 3327 γενόμενον
2681 3259 3064 3332 καθαρώτερον
3085 3280 3096 3292 ·
3131 3262 3274 3317 οὕτω
3301 3265 3363 3336 δὴ
3393 3268 3488 3320 καὶ
3528 3270 3556 3321 ό
3599 3269 3732 3336 Θεὸς

2153 3345 2314 3416 μέχρι
2339 3347 2594 3402 τοσούτου
2622 3349 2720 3412 τὰς
2743 3351 2848 3406 τῶν
2879 3352 3181 3423 ἀνθρώπων
3201 3354 3378 3425 ψυχάς
3402 3358 3623 3429 ἀφίησιν
3646 3362 3732 3428 ἐξ-

2149 3437 2436 3503 ετάζεσθαι
2484 3442 2542 3494 ἐν
2591 3442 2804 3508 δεινοῖς,
2839 3443 2944 3507 ἕως
2975 3445 3040 3498 ἂν
3065 3445 3331 3514 γένωνται
3366 3450 3603 3523 καθαραί⁵
3637 3454 3731 3506 καὶ

2148 3527 2387 3594 διειδεῖς,
2425 3533 2518 3584 καὶ
2561 3532 2763 3603 πολλὴν
2812 3534 2921 3587 ἀπὸ
2969 3537 3068 3606 τῆς
3115 3536 3347 3605 βασάνου
3387 3541 3588 3613 ταύτης
3630 3546 3730 3616 τὴν

2146 3621 2412 3688 ὠφέλειαν
2446 3624 2878 3694 καρπωσάμεναι
2898 3641 2912 3656 ⁸
2940 3627 3080 3681 ὥστε
3107 3628 3200 3680 καὶ
3225 3629 3382 3684 τοῦτο
3411 3633 3730 3707 εὐεργεσίας

2147 3707 2286 3776 εἶδός
2313 3715 2428 3766 ἐστι
2457 3713 2519 3766 τὸ
2550 3715 2828 3784 μέγιστον.
3536 3723 3538 3725 ’

2219 3803 2282 3874 β’.
2313 3803 2403 3875 Μὴ
2433 3805 2612 3858 τοίνυν
2641 3806 3017 3879 θορυδώμεθα,
3052 3815 3185 3884 μηδὲ
3207 3815 3478 3890 ἀλύωμεν,
3498 3837 3727 3892 πειρασ-

2149 3893 2264 3965 μῶν
2287 3895 2666 3965 ἐμπιπτόντων
2684 3900 2833 3969 ήμῖν.
2855 3900 2917 3952 Et
2939 3902 3043 3973 7&9
3072 3907 3100 3958 ό
3117 3909 3404 3978 χρυσοχόος
3434 3906 3537 3963 εἶδε
3565 3910 3726 3964 πόσον

2149 3985 2247 4053 μὲν
2268 3986 2488 4055 ἀφιέναι
2515 3989 2572 4040 ἐν
2592 3991 2660 4061 τῇ
2687 3989 2902 4062 καμίνῳ
2922 3994 3114 4065 χρόνον
3135 3997 3216 4050 δεῖ
3239 3999 3298 4052 τὸ
3327 4003 3565 4070 χρυσίον,
3594 4003 3723 4054 πότε

2144 4077 2200 4129 δὲ
2224 4078 2557 4144 ἀνασπάσαι,
2587 4082 2682 4134 καὶ
2707 4083 2806 4134 οὐκ
2832 4083 3024 4155 ἀφίησι
3053 4088 3214 4160 μέχρι
3236 4093 3330 4145 τοῦ
3359 4093 3724 4163 διαφθαρῆναι

2145 4167 2240 4218 καλ⁵
2291 4169 2700 4241 κατακαυθῆναι
2750 4173 2930 4243 μένειν
2976 4180 3035 4231 ἐν
3067 4180 3145 4250 τῷ
3174 4183 3334 4253 πυρίο
3370 4184 3549 4253 πολλῷ
3581 4185 3720 4254 μᾶλ-

2144 4254 2236 4310 λον
2260 4259 2288 4310 ό
2309 4258 2440 4324 Θεὸς
2465 4260 2621 4315 τοῦτο
2653 4264 2963 4332 ἐπίσταται,
2998 4272 3090 4324 καὶ
3119 4273 3246 4326 ὅταν
3282 4273 3364 4345 ἴδῃ
3404 4274 3719 4344 καοαρωτέ-

2147 4366 2274 4419 ρους
2295 4353 2634 4422 γενομένους,
2665 4357 2859 4428 ἀφίησι
2885 4361 2992 4414 τῶν
3019 4365 3358 4434 πειρασμῶν,
3379 4365 3518 4418 ὥστε
3542 4368 3616 4437 μὴ
3641 4368 3720 4438 τῷ

2146 4438 2472 4513 πλεονασμῷ
2505 4445 2612 4497 τῶν
2639 4447 2823 4500 κακῶν
2859 4449 3310 4522 ὐποσκελισθῆναι
3349 4455 3442 4504 καὶ
3481 4472 3720 4510 καταπε-

2145 4533 2275 4585 σεῖν.
2307 4532 2397 4601 Μὴ
2419 4534 2597 4588 τοίνυν
2625 4537 3081 4610 δυσχεραίνωμεν,
3109 4541 3241 4611 μηδὲ
3270 4545 3715 4618 μικροψυχῶμεν,

2142 4620 2359 4676 ἐπειδάν
2392 4642 2442 4678 τι
2487 4626 2593 4679 τῶν
2620 4627 2893 4700 ἀδοκήτων
2925 4631 3137 4702 ἐμπέσῃ
3157 4649 3169 4661 ·
3201 4632 3336 4686 ἀλλὰ
3373 4640 3716 4709 παραχωρῶ-

2145 4728 2244 4782 μεν
2293 4713 2370 4785 τῷ
2411 4716 2586 4771 ταῦτα
2633 4719 2771 4787 μετά
2817 4720 3100 4789 ἀκριϐείας
3131 4723 3312 4790 εἰδότι,
3353 4727 3457 4790 ἕως
3488 4727 3552 4780 ἂν
3591 4729 3715 4798 βού-

2140 4802 2302 4868 λοιτο,
2332 4807 2536 4878 πυροῦν
2563 4809 2661 4881 τήν
2684 4809 2921 4864 διάνοιαν
2947 4811 3046 4880 τὴν
3074 4814 3348 4887 ἡμετέραν
3365 4835 3379 4848 ο
3411 4821 3715 4890 συμφερόν-

2137 4911 2245 4960 τως
2273 4895 2381 4968 7&9
2405 4897 2564 4952 τοῦτο
2595 4903 2738 4953 ποιεῖ
2778 4902 2872 4954 καὶ
2909 4902 3001 4954 ἐπὶ
3031 4904 3210 4975 κέρδει
3245 4908 3351 4961 τῶν
3386 4909 3712 4980 πειραζομέ-

2138 5005 2243 5041 νων
2250 5028 2263 5041 .

2207 5077 2307 5131 Διά
2343 5080 2500 5134 τοῦτο
2534 5082 2697 5150 σοφός
2733 5101 2818 5148 τις
2859 5091 3116 5159 παραινεῖ
3145 5089 3347 5159 λέγων’
3385 5091 3623 5157 Τέκνον,
3660 5097 3715 5147 εί

2137 5169 2444 5240 προσέρχῃ
2476 5172 2791 5228 δουλεύειν
2822 5176 2903 5242 τῷ
2935 5179 3075 5245 Θεῷ,
3106 5181 3431 5251 ἐτοὶμαοόν
3462 5183 3575 5250 τὴν
3596 5187 3714 5252 ψυ-

2136 5262 2258 5332 χήν
2302 5275 2418 5317 σου
2464 5265 2547 5328 είς
2599 5269 2952 5337 πειρασμόν,
3005 5273 3264 5326 εὔθυνον
3307 5273 3422 5340 τὴν
3463 5274 3714 5342 καρδίαν

2135 5367 2273 5418 σου,
2305 5355 2401 5407 καὶ
2439 5355 2828 5426 καρτέρηο-ον,
2868 5362 2966 5414 καὶ
3001 5361 3087 5430 μὴ
3121 5365 3400 5428 σπεύσῃς
3435 5364 3505 5414 ἐν
3530 5365 3713 5432 καιρῷ

2132 5443 2460 5513 ἐπαγωγῆς.
2502 5447 2661 5518 Αὐτῷ
2711 5450 3134 5522 παραχώρησον,
3186 5452 3369 5520 φησὶν,
3416 5453 3708 5509 ἁπάντων

2132 5528 2240 5586 οἶδε
2271 5536 2380 5606 γάρ
2406 5537 2646 5607 ἀκριϐῶς
2677 5539 2802 5593 πότε
2831 5541 2978 5610 ἡμᾶς
3008 5539 3296 5594 ἀνελέσθαι
3322 5541 3386 5594 ἐκ
3419 5542 3516 5614 τῆς
3539 5546 3708 5615 καμί-

2133 5640 2223 5676 νου
2257 5625 2336 5678 δεῖ
2360 5627 2470 5678 τῶν
2505 5629 2710 5683 κακῶν.
2747 5631 2864 5702 Χρὴ
2906 5631 3085 5685 τοίνυν
3115 5631 3266 5704 αὐτῷ
3299 5635 3576 5705 πανταχοῦ
3612 5656 3712 5692 πα-

2137 5720 2418 5786 ραχωρεῖν,
2456 5720 2549 5772 καὶ
2591 5719 2679 5772 διὰ
2727 5722 2927 5786 παντὸς
2976 5724 3340 5793 εὐχαριστεῖν,
3392 5728 3484 5779 καὶ
3535 5729 3709 5782 πάντα

2138 5801 2321 5874 φέρειν
2353 5803 2466 5876 [55]
2499 5808 2870 5881 εὐγνινιμόνως,
2905 5811 3004 5867 κάν
3041 5813 3321 5887 εὐεργετῇ,
3354 5815 3455 5871 κᾶν
3483 5815 3704 5887 κολάζῃ.
