4066 6274
364 376 429 432 ιο
1268 369 1331 425 ΙΝ
1373 368 1861 427 PABALY'I'ICUM
1904 368 2241 426 DEMISSUM
2283 371 2418 428 PER
2458 372 2757 433 TECTUM.
3568 372 3640 429 50

353 502 524 556 spem,
556 501 677 557 qute
703 498 835 542 auro
857 485 1047 556 quovis
1073 494 1131 541 et
1149 483 1297 540 lucro
1322 486 1510 555 quovis
1530 493 1611 540 est
1637 483 1941 554 pretiosior.

356 578 485 631 Nam
518 577 764 632 sensibus
800 577 1015 648 quidem
1047 576 1299 646 subjectae
1325 575 1523 630 divitia:
1570 577 1835 631 latronmn
1864 575 1944 628 in-

355 668 532 731 sidiis,
566 667 1013 738 sycophantarum
1042 667 1259 737 linguis,
1289 668 1547 736 parietum
1587 665 1946 736 perfossorum

358 761 640 826 manibus,
692 770 745 815 et
791 759 1111 814 famulorum
1157 759 1451 814 sceleribus
1498 769 1625 813 sunt
1665 759 1947 824 obnoxiae;

357 867 585 921 cumque
610 853 789 906 omnia
821 854 921 905 ista
942 852 1243 921 effugerint,
1274 862 1383 905 tum
1406 851 1696 905 maximam
1720 850 1951 905 dominis

356 944 651 1013 perniciem
681 942 989 1014 frequenter
1012 952 1311 1005 accersunt,
1340 942 1465 997 dum
1495 942 1793 997 invidorum
1822 957 1950 996 ocu-

359 1034 440 1090 los
472 1034 728 1099 excitant,
755 1042 811 1089 et
836 1035 1066 1104 pericula
1093 1041 1283 1088 creant
1308 1035 1584 1088 innumera
1608 1051 1621 1086 :
1647 1033 1953 1103 spirituales

360 1137 539 1182 autem
570 1127 772 1181 divitia:
802 1126 1083 1196 petitiones
1112 1126 1240 1180 istas
1283 1140 1470 1180 omnes
1499 1125 1775 1195 eﬁ‘ugiuut,
1807 1133 1862 1179 et
1886 1124 1954 1178 ab

363 1220 573 1290 injuriis
616 1221 732 1274 istis
777 1220 1027 1273 onmibus
1073 1226 1199 1273 sunt
1237 1234 1526 1283 nuntunes,
1569 1234 1631 1273 ac
1679 1219 1910 1272 latrones
1936 1258 1951 1281 ,

366 1313 627 1381 parietum
675 1310 1027 1380 perfossores,
1075 1309 1317 1374 invidos,
1359 1308 1738 1380 syc0phantas,
1785 1308 1955 1377 ipsum

362 1405 590 1475 denique
620 1414 846 1458 mortem
866 1410 1240 1473 aspernantur.
1264 1400 1379 1456 Non
1402 1401 1542 1456 enim
1565 1400 1763 1455 domini
1785 1408 1956 1453 morte

361 1497 708 1559 divelluntur,
733 1496 825 1551 sed
850 1506 961 1550 tum
990 1496 1221 1549 maxime
1247 1494 1409 1548 tutior
1435 1494 1492 1552 ﬁt
1517 1493 1747 1551 dominis
1770 1507 1957 1550 earum

367 1589 636 1659 possessio
669 1606 683 1642 :
713 1603 836 1644 cum
886 1587 989 1645 illis
1035 1587 1463 1659 peregrinantur,
1512 1595 1567 1642 et
1610 1587 1677 1642 ad
1725 1586 1955 1642 futuram

363 1679 914 1753 eomntigrantvitam,
936 1689 1173 1751 patrona:
1194 1679 1325 1735 ﬁunt
1352 1681 1560 1735 illorum
1583 1680 1809 1745 eximite,
1833 1696 1955 1734 cum

366 1775 562 1844 quibus
591 1774 719 1830 illuc
749 1774 1113 1844 discesserint,
1146 1783 1200 1829 et
1240 1774 1368 1845 ipsis
1398 1774 1682 1844 prapitium
1720 1772 1956 1843 judieem

368 1864 618 1920 reddunt.

446 1954 805 2025 Spiritualium
852 1972 1006 2025 opum
1071 1966 1257 2010 natura
1318 1956 1481 2027 qualis
1525 1956 1627 2018 sit;
1680 1952 1962 2024 Paralytici

370 2056 561 2113 quanta
587 2046 761 2099 uirtus.
790 2075 862 2087 —
889 2046 994 2101 llas
1022 2046 1326 2101 invenimus
1349 2061 1447 2100 nos
1488 2061 1700 2115 quoque
1751 2045 1962 2099 divitias

371 2136 660 2191 admodum
691 2137 938 2207 copiosas
968 2138 1019 2192 in
1051 2137 1327 2209 paralytici
1359 2146 1539 2191 mente
1575 2135 1851 2199 defossas;
1881 2146 1959 2188 te-

372 2237 486 2283 stes
519 2244 611 2283 vos
632 2231 784 2296 estis,
815 2230 907 2300 qui
934 2246 1142 2285 summa
1172 2247 1295 2285 cum
1337 2230 1500 2284 animi
1546 2229 1823 2283 alacritate
1845 2228 1962 2282 illas

370 2322 620 2388 eruistis;
652 2337 750 2377 nec
780 2332 955 2377 tamen
985 2324 1303 2377 evacuastis.
1330 2322 1473 2377 Talis
1492 2321 1686 2392 quippe
1711 2321 1963 2390 spiritua-

374 2413 501 2467 lium
531 2422 609 2468 est
640 2427 800 2482 opum
825 2423 1010 2467 natura
1046 2432 1058 2467 ε
1091 2412 1324 2467 inﬁuxus
1366 2428 1623 2483 aquarum
1665 2411 1960 2474 imitantur,

375 2504 455 2557 vel
479 2506 656 2575 potius
682 2504 887 2558 illarum
919 2506 1127 2574 c0piam
1156 2506 1394 2571 vincunt,
1431 2514 1647 2575 tumque
1676 2504 1843 2574 magis
1865 2520 1962 2558 ex-

378 2594 616 2659 uberant,
662 2610 782 2648 cum
826 2594 1004 2664 plures
1056 2595 1272 2662 fuerint,
1313 2610 1341 2648 a
1392 2596 1587 2666 quibus
1624 2596 1959 2650 hauriuntur.

380 2686 515 2739 Dum
543 2687 684 2740 enim
736 2687 788 2740 in
835 2687 1092 2757 cujusque
1137 2688 1375 2742 animum
1422 2688 1810 2757 ingrediuntur,
1857 2701 1962 2741 non

375 2778 704 2838 dividuntur,
730 2794 828 2833 nec
852 2780 1259 2846 imminuantur,
1274 2780 1369 2835 sed
1398 2778 1465 2833 ad
1493 2779 1729 2849 singulos
1747 2779 1965 2847 integra:

377 2868 697 2934 adveniunt,
740 2877 796 2922 et
841 2868 980 2939 apud
1027 2885 1120 2925 eos
1162 2880 1419 2939 perpetuo
1463 2877 1741 2923 morantur
1784 2869 1969 2922 incon-

377 2969 628 3030 sumptze,
660 2974 759 3015 nec
787 2959 1018 3015 deﬁcere
1048 2969 1272 3030 possunt
1315 2975 1561 3031 umquam
1596 2979 1609 3014 :
1641 2959 1782 3029 quod
1809 2958 1966 3013 nimi—

377 3066 495 3106 rum
525 3060 633 3104 tum
661 3051 820 3105 etiam
850 3051 1049 3107 evenit.
1075 3051 1207 3105 Cum
1248 3052 1391 3106 enim
1422 3060 1526 3105 tam
1574 3052 1726 3106 multi
1769 3052 1819 3106 in
1849 3050 1968 3108 the-

377 3159 591 3198 saurum
613 3145 914 3210 inciderint,
934 3155 1184 3201 etomnes
1203 3145 1323 3200 inde
1344 3162 1438 3215 pro
1458 3145 1656 3201 viribus
1674 3145 1966 3201 hauserint:

380 3236 504 3305 quid
533 3252 631 3307 ego
655 3236 722 3291 de
743 3238 898 3291 vobis
953 3237 1176 3307 loquor,
1224 3254 1345 3292 cum
1387 3253 1453 3292 ex
1495 3238 1586 3292 illo
1632 3248 1873 3307 tempore
1901 3236 1967 3292 ad

382 3328 522 3383 hunc
543 3345 711 3399 usque
736 3328 877 3383 diem
908 3331 1216 3385 innumeros
1244 3330 1615 3401 locupletarit,
1650 3339 1705 3385 et
1751 3332 1969 3402 integri-

383 3428 542 3473 tatem
569 3436 720 3475 suam
744 3420 1007 3476 retineat?
1028 3422 1104 3476 Ne
1136 3422 1292 3493 igitur
1307 3423 1638 3492 spiritualem
1664 3422 1802 3477 hunc
1822 3440 1972 3493 quze-

382 3519 522 3564 stum
545 3519 812 3567 sectantes
840 3512 1224 3583 defatigemur,
1258 3513 1349 3567 sed
1379 3523 1634 3581 quantum
1690 3513 1740 3566 in
1790 3522 1969 3568 nostra

384 3612 644 3672 potestate
662 3605 822 3658 situm
856 3606 977 3669 erit,
1006 3620 1146 3658 nunc
1166 3605 1326 3658 etiam
1349 3604 1681 3669 hauriamus,
1711 3620 1772 3659 ae
1793 3604 1974 3659 videa-

384 3710 503 3749 mus
528 3694 805 3749 Dominum
843 3696 1164 3765 benignum,
1195 3694 1469 3750 videamus
1512 3704 1567 3750 et
1614 3710 1828 3751 servum
1875 3712 1971 3765 pa-

391 3786 630 3840 tientem.
652 3787 887 3857 Triginta
915 3786 1109 3856 quippe
1130 3796 1184 3840 et
1212 3796 1334 3841 octo
1361 3802 1529 3841 annos
1572 3802 1692 3840 cum
1724 3787 1972 3841 immedi-

382 3878 543 3931 cabili
576 3878 764 3931 morbo
793 3878 1153 3943 conflictatus,
1185 3892 1248 3931 ac
1278 3886 1534 3947 perpetuo
1582 3877 1971 3944 diverberatus,

385 3987 492 4025 non
524 3985 666 4041 :egre
698 3970 836 4035 tulit,
863 3986 967 4023 non
993 3970 1359 4039 blasphemum
1385 3971 1602 4026 verbum
1631 3973 1828 4037 emisit,
1863 3988 1968 4027 non

383 4064 696 4117 Creatorem
718 4064 1004 4127 accusavit,
1030 4064 1123 4118 sed
1154 4064 1419 4133 patienter
1447 4065 1802 4119 calamitatem
1831 4064 1972 4120 illam

384 4166 438 4210 et
467 4154 633 4209 turrita
658 4170 777 4208 cum
810 4155 971 4209 animi
1002 4156 1250 4225 mquitate
1278 4156 1557 4210 tolerabat.
1584 4156 1737 4212 Unde
1764 4173 1893 4211 vero
1922 4158 1972 4212 id

385 4247 635 4301 constat?
686 4247 827 4302 dicet
880 4248 1071 4317 aliquis
1102 4266 1115 4301 :
1146 4264 1318 4319 neque
1358 4250 1499 4303 enim
1543 4250 1610 4305 de
1652 4251 1973 4318 prmcedenti

387 4340 506 4409 ejus
529 4341 631 4393 vita
661 4339 806 4394 clare
830 4341 1100 4410 Scriptura
1130 4357 1228 4396 nos
1249 4342 1449 4407 docuit,
1485 4342 1580 4397 sed
1606 4359 1727 4397 eum
1763 4344 1974 4414 triginta

388 4441 511 4485 octo
531 4447 700 4485 annos
728 4433 901 4502 egisse
929 4433 979 4486 in
1009 4434 1313 4489 inﬁrmitate
1333 4450 1427 4489 sua
1458 4435 1786 4509 declaravit(
1816 4436 1971 4492 Joan.

390 4522 442 4578 5.
480 4523 537 4593 5)
566 4540 580 4575 :
612 4524 752 4593 quod
780 4536 958 4579 autem
989 4541 1095 4579 non
1141 4541 1282 4595 zegre
1310 4527 1512 4591 tulerit,
1538 4543 1636 4583 nec
1676 4528 1978 4599 indignatus

390 4614 491 4680 sit,
552 4616 1123 4685 nequestomachatus,
1181 4616 1282 4672 hoc
1336 4632 1441 4673 non
1497 4618 1697 4674 diserte
1752 4620 1974 4675 addidit.

392 4706 642 4760 Attamen
673 4705 775 4761 hoc
813 4708 973 4761 etiam
1024 4708 1415 4775 subindicavit,
1451 4710 1496 4764 si
1535 4711 1654 4781 quis
1699 4712 1981 4782 diligenter

390 4801 648 4865 attendat,
679 4809 732 4855 et
757 4817 862 4855 non
895 4801 1249 4870 perfunctorie
1278 4812 1331 4857 et
1357 4802 1813 4857 oscitanter.Cum
1836 4805 1979 4858 enim

391 4894 546 4949 audis
576 4910 718 4961 ctnn,
743 4895 1088 4949 accedentem
1112 4895 1404 4962 Christum,
1430 4897 1517 4966 qui
1547 4906 1703 4951 notus
1745 4898 1843 4966 ipsi
1873 4913 1978 4953 non

394 4994 531 5050 erat,
556 4985 649 5040 sed
682 4985 855 5039 nudus
883 4987 1043 5039 homo
1064 4985 1366 5054 putabatur,
1393 4995 1534 5040 tanta
1578 5002 1698 5041 cum
1723 4986 1980 5042 modestia

392 5093 513 5132 esse
533 5077 882 5146 alloquutum,
904 5076 1286 5146 prmeedentem
1312 5078 1470 5132 etiam
1504 5077 1643 5132 illius
1664 5078 1979 5147 probitatem

392 5185 455 5221 ac
484 5168 876 5238 philosophiam
912 5168 1109 5237 poteris
1139 5178 1399 5237 spectare.
1426 5168 1556 5222 Nam
1586 5185 1706 5223 cum
1729 5168 1776 5222 ei
1812 5167 1981 5221 dixis-

393 5274 498 5330 set,
535 5263 619 5318 Vis
647 5282 801 5319 sanus
829 5266 939 5335 ﬁeri
963 5266 988 5318 ?
1020 5265 1149 5317 nihil
1175 5264 1279 5317 tale
1326 5264 1478 5328 dixit,
1510 5264 1667 5334 quale
1695 5262 1984 5317 verisimile

396 5367 510 5411 erat
555 5374 677 5412 eum
730 5357 1039 5411 dicturum:
1073 5356 1233 5411 Vides
1282 5371 1368 5410 me
1413 5356 1643 5425 paralysi
1688 5353 1985 5408 resolutum

398 5458 505 5503 tam
536 5451 790 5505 diuturno
823 5460 1061 5521 tempore
1082 5450 1283 5520 jacere,
1314 5460 1368 5504 et
1396 5450 1714 5518 interrogas,
1744 5463 1869 5501 num
1902 5462 1987 5501 sa-

399 5559 499 5596 nus
531 5544 644 5598 ﬁeri
675 5544 869 5597 velim?
899 5543 1088 5598 venisti
1122 5553 1177 5596 ut
1216 5542 1349 5597 meis
1390 5541 1544 5596 malis
1583 5541 1899 5603 insultares,
1929 5548 1987 5593 ut

398 5636 773 5702 exprobrares,
808 5634 1078 5701 irrideres,
1102 5644 1155 5689 et
1186 5634 1543 5688 subsannares
1583 5630 1935 5686 calamitatem
1963 5629 1987 5681 ?

398 5728 537 5783 Nihil
570 5729 758 5782 horum
803 5742 973 5796 neque
995 5726 1147 5791 dixit,
1182 5742 1351 5795 neque
1385 5723 1672 5794 cogitavit,
1730 5720 1822 5776 sed
1867 5736 1986 5775 cum

401 5822 648 5886 arquitatc
697 5818 882 5884 animi,
931 5816 1164 5889 l’rofrclu
1217 5816 1430 5871 Domine
1460 5858 1473 5883 ,
1507 5815 1693 5885 inquit.
1744 5810 1895 5880 Quod
1943 5810 1987 5867 si

2068 516 2191 576 post
2215 513 2383 560 annos
2422 504 2544 549 octo
2586 502 2639 548 et
2688 492 2901 563 triginta
2932 491 3068 548 adeo
3112 490 3277 558 mitis,
3304 488 3442 545 adeo
3460 488 3636 543 tunde-

2058 608 2174 652 stus
2205 603 2341 658 erat,
2372 606 2492 647 cum
2515 602 2702 643 omnes
2730 585 2801 639 illi
2833 584 2971 639 vires
3019 598 3082 637 ac
3116 581 3278 636 robur
3317 579 3482 634 animi
3533 578 3640 631 fra-

2057 698 2201 745 ctum
2227 702 2290 741 ac
2319 682 2652 740 debilitatum
2676 686 2837 741 esset,
2873 674 3048 743 cogita
3078 672 3287 743 qualem
3318 670 3464 725 illum
3481 669 3644 722 fuisse

2056 782 2126 836 sit
2147 775 2441 850 probabile,
2493 786 2615 827 cum
2662 768 2800 823 mala
2852 774 3053 820 tantum
3104 763 3423 832 inciperent.
3467 757 3647 813 Nostis

2056 874 2251 944 quippe
2275 882 2462 923 omnes
2487 879 2593 918 non
2626 863 2695 915 ita
2722 875 2893 929 a‘gros
2925 858 3074 912 initio
3110 855 3280 910 morbi
3308 867 3428 908 esse
3469 864 3651 905 moro-

2057 978 2168 1029 sos,
2201 969 2259 1015 ut
2284 975 2405 1014 cum
2435 956 2659 1010 multum
2713 950 2968 1021 temporis
3008 948 3246 1017 elapsum
3298 944 3455 998 fuerit
3485 959 3497 995 :
3531 951 3643 994 tum

2059 1055 2203 1110 enim
2234 1050 2497 1123 prtecipne
2518 1044 2762 1101 difﬁciles
2793 1040 2979 1111 a‘groti
3023 1039 3175 1102 ﬁunt,
3206 1051 3327 1091 cum
3363 1032 3647 1088 inﬁrmitas

2060 1146 2112 1201 iu
2140 1146 2353 1215 longum
2378 1150 2586 1208 tempus
2615 1134 2934 1197 excreverit,
2985 1141 3095 1186 tum
3126 1127 3376 1183 omnibus
3414 1134 3539 1180 sunt
3566 1125 3646 1177 in-

2062 1235 2385 1293 tolerabiles.
2417 1232 2517 1301 Qui
2540 1246 2667 1285 vero
2695 1236 2812 1297 post
2840 1234 2913 1281 tot
2937 1238 3105 1279 annos
3128 1223 3197 1277 ita
3221 1218 3650 1292 philosophatur,

2062 1331 2132 1384 ita
2162 1328 2423 1399 patienter
2462 1321 2772 1392 respondet,
2803 1317 2944 1373 haud
2988 1316 3231 1379 dubiutn,
3274 1314 3402 1383 quin
3447 1325 3649 1382 pra-ee-

2061 1422 2202 1478 denti
2222 1436 2433 1491 quoque
2451 1428 2689 1486 tempore
2710 1430 2831 1468 cum
2850 1410 3111 1481 frequenti
3128 1411 3417 1479 gratiarum
3435 1405 3648 1460 actione

2060 1514 2415 1574 calamitatem
2444 1510 2587 1568 illam
2620 1504 2947 1568 toleraverit.

2136 1611 2263 1675 Qua:
2290 1609 2479 1661 utilitas
2505 1622 2569 1660 ea:
2595 1602 2803 1657 historia
2839 1596 3117 1671 Paralytici
3144 1594 3417 1656 derivetur;
3444 1605 3652 1658 compa-

2061 1711 2240 1756 rantur
2269 1698 2556 1769 aﬂlictiones
2586 1711 2699 1749 cum
2742 1694 2969 1762 fornace.
3010 1718 3082 1730 —-
3112 1687 3235 1743 llaec
3262 1683 3424 1757 igitur
3454 1689 3507 1739 et
3549 1693 3647 1735 nos

2062 1809 2184 1847 cum
2216 1792 2395 1845 animo
2439 1801 2623 1843 nosno
2670 1795 3001 1857 reputantes,
3051 1780 3298 1838 conservi
3340 1775 3648 1849 patientiam

2067 1887 2337 1940 imitemur
2370 1900 2382 1934 :
2417 1879 2613 1935 sufﬁcit
2642 1880 2782 1933 enim
2810 1877 2875 1931 ad
2903 1884 3111 1929 nostras
3158 1873 3365 1926 animas
3390 1869 3650 1923 corrobo-

2068 1975 2262 2031 randas
2291 1974 2432 2027 illius
2457 1970 2718 2042 paralysis
2751 1986 2763 2022 :
2788 1982 2886 2022 nec
2931 1966 3068 2019 ullus
3110 1972 3193 2017 est
3220 1960 3356 2016 adeo
3383 1959 3605 2029 supinus
3632 2000 3649 2022 ,

2067 2078 2121 2122 et
2149 2065 2376 2137 paralysi
2423 2063 2712 2127 resolutus,
2742 2070 2800 2115 ut
2828 2059 2870 2113 si
2906 2058 3223 2113 calamitatis
3253 2054 3393 2107 illius
3423 2050 3656 2121 gravita-

2070 2168 2176 2213 tem
2208 2158 2387 2211 animo
2419 2156 2612 2219 volvat,
2640 2168 2744 2206 non
2776 2152 2975 2213 omnia,
3017 2164 3133 2217 qua:
3164 2144 3448 2201 inciderint
3468 2184 3483 2207 ,
3514 2142 3653 2195 mala

2070 2251 2333 2319 patienter
2387 2246 2542 2311 ferat,
2595 2244 2719 2299 licet
2771 2238 3182 2295 intolerabiliora
3238 2236 3343 2289 sitit
3386 2230 3654 2287 omnibus.

2069 2340 2201 2395 Nam
2247 2352 2417 2408 neque
2468 2335 2670 2391 sanitas
2699 2333 2814 2401 ejus
2842 2341 3068 2391 tantum,
3113 2327 3208 2382 sed
3236 2327 3397 2381 etiam
3442 2320 3658 2376 morbus

2071 2431 2357 2485 maximam
2390 2427 2544 2482 nobis
2574 2424 2781 2495 peperit
2809 2423 3087 2477 utilitatem
3124 2432 3279 2472 :cmu
3312 2414 3425 2485 ejus
3452 2411 3659 2467 sanatio

2068 2523 2133 2576 ad
2160 2518 2566 2590 glorilicandum
2592 2515 2872 2570 Dominum
2896 2515 3103 2565 animos
3127 2507 3426 2561 auditorum
3457 2503 3659 2557 excita-

2069 2616 2159 2681 rit,
2179 2622 2234 2669 et
2255 2612 2473 2667 morbus
2500 2619 2658 2679 atque
2681 2608 2962 2661 inﬁrmitas
3007 2604 3072 2657 ad
3100 2601 3404 2672 patientiam
3451 2613 3546 2652 vos
3577 2598 3658 2649 iu-

2070 2704 2350 2769 struxerit,
2404 2710 2458 2757 et
2487 2701 2553 2754 ad
2607 2699 2835 2753 similem
2877 2696 3047 2750 zelum
3094 2694 3368 2747 eohortata
3424 2689 3513 2750 sit,
3552 2687 3660 2739 imo

2074 2814 2199 2853 vero
2223 2798 2390 2864 ipsam
2414 2807 2624 2864 quoque
2654 2791 2745 2845 Dei
2795 2787 3173 2857 benignitatem
3203 2781 3514 2836 ostenderit.
3550 2776 3660 2830 lloc

2072 2892 2216 2945 enim
2248 2888 2442 2957 ipsum,
2489 2884 2631 2955 quod
2659 2891 2817 2937 tantm
2854 2881 3000 2934 illum
3033 2875 3289 2945 objecerit
3337 2868 3657 2941 aegritudini,

2074 2980 2201 3036 etin
2230 2988 2430 3032 tantam
2474 2974 2728 3043 temporis
2777 2970 3135 3041 prolixitatem
3177 2965 3535 3019 inlirmitatcm
3564 2973 3660 3012 ex-

2078 3070 2328 3135 tenderit,
2358 3069 2605 3122 maxima:
2655 3063 2909 3118 indicium
2959 3068 3043 3115 est
3084 3053 3477 3112 sollicitudinis.
3527 3049 3661 3105 Nam

2075 3158 2521 3233 quemadmodum
2550 3172 2670 3211 cmu
2702 3155 2754 3208 in
2777 3151 3143 3209 eonﬁatoriam
3167 3148 3437 3201 fornacem
3459 3140 3665 3196 aurifex

2073 3231 2261 3307 aurum
2294 3250 2554 3319 injecerit,
2589 3245 2787 3300 tamdiu
2816 3243 2884 3298 ab
2911 3243 3030 3311 igne
3054 3240 3180 3295 illud
3203 3234 3495 3293 examinari
3513 3231 3659 3295 sinit,

2074 3357 2354 3414 quousque
2385 3340 2570 3411 purius
2612 3336 2803 3391 viderit
2846 3333 3084 3389 evasisse
3112 3350 3125 3386 :
3150 3330 3222 3383 ita
3268 3341 3480 3398 quoque
3524 3324 3665 3377 Deus

2078 3413 2279 3488 tamdiu
2326 3431 2600 3485 hominum
2641 3427 2849 3480 animas
2904 3422 3116 3494 probari
3164 3420 3322 3474 malis
3370 3413 3661 3486 permittit,

2075 3541 2352 3595 quousque
2381 3538 2526 3593 pura:
2556 3522 2706 3584 ﬁant,
2756 3533 2819 3571 ac
2857 3513 3181 3585 splendidaz,
3236 3509 3433 3563 multm:
3458 3520 3573 3595 quo
3597 3517 3664 3556 ex

2079 3593 2165 3669 illa
2192 3593 2561 3683 exploratione
2603 3608 2883 3662 utilitatem
2937 3601 3291 3673 perceperint.
3337 3596 3520 3664 Itaque
3563 3593 3664 3645 hoc

2078 3722 2289 3779 quoque
2316 3702 2681 3760 beneﬁcentiae
2710 3712 2879 3770 genus
2901 3705 2983 3751 est
3010 3693 3321 3748 maximum.

2149 3798 2206 3851 ‘2.
2246 3795 2322 3849 Ne
2348 3795 2620 3848 turbemur
2652 3792 2830 3860 igitur,
2861 3803 2993 3842 neve
3020 3784 3198 3839 animo
3226 3779 3591 3843 concidamus,
3620 3778 3663 3830 si

2080 3886 2293 3958 quando
2323 3885 2643 3939 tentationes
2686 3896 2784 3935 nos
2815 3876 3127 3932 invaserint.
3175 3874 3233 3928 Si
3276 3868 3664 3926 euim'anrifex

2083 3980 2250 4045 novit,
2283 3984 2481 4047 quanto
2510 3984 2751 4043 tempore
2790 3967 3084 4036 derelinqui
3134 3980 3321 4019 aurum
3362 3966 3412 4015 in
3447 3960 3663 4014 fornace

2081 4070 2384 4136 conveniat,
2414 4076 2468 4122 et
2489 4063 2702 4136 quando
2732 4061 2962 4125 extrahi,
2990 4073 3164 4127 neque
3194 4055 3319 4109 sinit
3350 4065 3583 4120 eousque
3610 4049 3661 4103 in

2083 4167 2202 4237 igne
2237 4176 2538 4225 remanere,
2573 4167 2630 4212 ut
2676 4160 3052 4224 corrumpatur
3077 4160 3130 4205 et
3171 4156 3424 4203 exuratur
3452 4161 3466 4197 :
3500 4142 3667 4195 multo

2083 4236 2251 4324 magis
2274 4252 2324 4306 id
2359 4252 2467 4305 Deo
2510 4260 2693 4304 notum
2717 4256 2819 4310 est,
2851 4252 2904 4300 et
2930 4258 3050 4297 cum
3082 4240 3326 4311 puriores
3353 4236 3522 4290 factos
3547 4247 3667 4288 esse

2083 4363 2181 4402 nos
2208 4345 2372 4408 videt,
2404 4343 2727 4397 tentationes
2750 4338 2992 4399 remittit,
3018 4351 3085 4390 ne
3120 4334 3379 4388 malorum
3412 4326 3668 4395 nmltipli-

2082 4439 2295 4494 catione
2320 4434 2725 4503 sopplantemur
2751 4438 2804 4485 et
2830 4427 3194 4483 concidamus.
3220 4424 3295 4478 Ne
3327 4424 3485 4492 igitur
3524 4434 3666 4489 mgre

2086 4530 2344 4590 feratnus,
2374 4538 2474 4579 nec
2502 4522 2740 4576 animum
2764 4516 3210 4587 despondeamus,
3256 4513 3298 4567 si
3326 4511 3451 4580 quid
3488 4508 3663 4577 inepi-

2088 4631 2267 4676 natum
2298 4616 2554 4672 acciderit
2592 4632 2604 4667 :
2640 4611 2731 4667 sed
2764 4610 2813 4664 ei
2860 4609 3261 4678 permittamus,
3292 4604 3384 4673 qui
3421 4608 3669 4655 accurate

2087 4716 2184 4769 ista
2219 4711 2385 4771 novit,
2414 4703 2736 4778 utquamdiu
2766 4701 3013 4765 voluerit,
3043 4698 3273 4752 animam
3307 4702 3540 4748 nostram
3567 4705 3665 4744 ex-

2088 4810 2277 4874 purget
2306 4820 2320 4855 :
2346 4800 2551 4856 utiliter
2594 4794 2735 4851 enim
2776 4792 2829 4847 id
2856 4791 2984 4861 agit,
3015 4798 3069 4843 et
3095 4789 3146 4842 in
3190 4802 3303 4841 rem
3345 4797 3530 4839 eorum
3577 4780 3670 4850 qui

2086 4905 2379 4953 tentantur.

2158 4988 2286 5045 Cum
2322 4986 2516 5040 medico
2548 4993 2594 5038 et
2648 4990 2791 5051 patre
2839 4984 3163 5047 comparatur
3208 4970 3385 5035 Dens;
3424 4964 3673 5020 auxilium

2088 5080 2268 5153 gratia:
2294 5078 2478 5131 divina:
2496 5072 2923 5128 necessarium.——
2939 5070 3106 5133 Quam
3126 5064 3195 5119 ob
3214 5076 3430 5117 causam
3459 5058 3672 5127 sapiens

2089 5149 2303 5241 quidam
2323 5167 2596 5229 admonet,
2625 5163 2810 5217 dicens
2843 5179 2856 5214 :
2892 5157 3014 5223 Fili,
3045 5157 3087 5210 si
3126 5153 3334 5208 accedas
3364 5150 3431 5203 ad
3453 5149 3674 5203 seruien-

2091 5264 2213 5316 dum
2238 5260 2475 5324 l)omino,
2511 5271 2745 5327 prwpara
2768 5254 2991 5307 animam
3020 5258 3159 5303 tuam
3206 5246 3274 5299 ad
3312 5243 3632 5297 tentationem
3656 5255 3675 5303 ;

2090 5354 2253 5424 dirige
2276 5369 2361 5405 cor
2400 5361 2559 5413 tuum,
2591 5358 2636 5402 et
2665 5347 2858 5401 sustine
2886 5353 2971 5399 εει
2996 5359 3059 5396 ne
3104 5340 3307 5411 festines
3355 5337 3407 5388 in
3457 5344 3676 5397 tempore

2089 5423 2334 5501 illationis
2366 5440 2544 5513 (Eccli.
2564 5439 2618 5492 2.
2645 5439 2692 5505 ι,
2712 5437 2787 5508 :2).
2810 5434 3022 5497 Omnia,
3061 5433 3250 5502 inquit,
3280 5427 3353 5480 illi
3384 5423 3631 5493 permitte
3659 5438 3673 5476 :

2094 5537 2259 5608 probe
2284 5533 2545 5605 siquidem
2567 5532 2735 5596 novit,
2758 5526 2971 5598 quando
2996 5539 3094 5578 nos
3118 5538 3148 5577 e
3174 5522 3387 5574 fornace
3418 5516 3676 5570 malorum

2093 5626 2340 5697 expediat
2366 5624 2500 5678 erui.
2529 5619 2890 5690 Quamobrem
2922 5616 2996 5669 illi
3028 5613 3220 5681 ubique
3237 5609 3429 5663 cedere
3446 5614 3676 5697 oportet,

2094 5695 2442 5787 aoperpctuo
2468 5715 2665 5784 gratias
2711 5722 2888 5779 agere,
2920 5714 3077 5775 atque
3103 5700 3276 5758 omnia
3328 5713 3481 5769 aequo
3501 5695 3679 5787 animo

2097 5812 2255 5877 ferte,
2289 5812 2397 5865 sive
2421 5806 2662 5865 conferat
2696 5801 2948 5859 beneﬁcia
2972 5839 2987 5866 ,
3034 5798 3145 5854 sive
3172 5794 3385 5866 puniat,
3425 5803 3546 5847 cutn
3578 5784 3680 5839 hoc
