  <div class='ocr_page' id='page_1' title='image "/cluster/home/n/w/nwhite01/storage/ocr_20150623/51/mdp.39015052813998/049.png"; bbox 0 0 4066 6274; ppageno 0'>
   <div class='ocr_carea' id='block_1_1' title="bbox 464 373 2057 449">
    <p class='ocr_par' dir='ltr' id='par_1_1' title="bbox 464 373 2057 433">
     <span class='ocr_line' id='line_1_1' title="bbox 464 373 2057 433; baseline -0.001 -2"><span class='ocrx_word' id='word_1_1' title='bbox 464 376 524 431; x_wconf 77' lang='lat' dir='ltr'><strong>5i</strong></span> <span class='ocrx_word' id='word_1_2' title='bbox 1176 373 1233 429; x_wconf 90' lang='lat' dir='ltr'><strong>S.</strong></span> <span class='ocrx_word' id='word_1_3' title='bbox 1274 375 1553 431; x_wconf 75' lang='lat' dir='ltr'><strong>JOANNIS</strong></span> <span class='ocrx_word' id='word_1_4' title='bbox 1581 375 1982 433; x_wconf 77' lang='lat' dir='ltr'><strong>CllliYSOSTO</strong></span> <span class='ocrx_word' id='word_1_5' title='bbox 1992 375 2057 430; x_wconf 67' lang='grc'><strong>311</strong></span> 
     </span>
    </p>
   </div>
   <div class='ocr_carea' id='block_1_2' title="bbox 2160 373 3728 449">
    <p class='ocr_par' dir='ltr' id='par_1_2' title="bbox 2160 376 3728 449">
     <span class='ocr_line' id='line_1_2' title="bbox 2160 376 3728 449; baseline 0.013 -20"><span class='ocrx_word' id='word_1_6' title='bbox 2160 376 2418 433; x_wconf 80' lang='lat' dir='ltr'><strong>llClllEP.</strong></span> <span class='ocrx_word' id='word_1_7' title='bbox 2459 379 2980 439; x_wconf 70' lang='lat' dir='ltr'><strong>CONSTANTINOP.</strong></span> <span class='ocrx_word' id='word_1_8' title='bbox 3655 394 3728 449; x_wconf 73' lang='lat'><strong>52</strong></span> 
     </span>
    </p>
   </div>
   <div class='ocr_carea' id='block_1_3' title="bbox 464 488 2042 559">
    <p class='ocr_par' dir='ltr' id='par_1_3' title="bbox 464 488 2042 559">
     <span class='ocr_line' id='line_1_3' title="bbox 464 488 2042 559; baseline 0.003 -18"><span class='ocrx_word' id='word_1_9' title='bbox 464 503 673 559; x_wconf 80' lang='lat' dir='ltr'><strong>quoque</strong></span> <span class='ocrx_word' id='word_1_10' title='bbox 721 502 892 557; x_wconf 86' lang='lat' dir='ltr'><strong>genus</strong></span> <span class='ocrx_word' id='word_1_11' title='bbox 931 488 1001 545; x_wconf 94' lang='lat' dir='ltr'><strong>sit</strong></span> <span class='ocrx_word' id='word_1_12' title='bbox 1049 489 1316 545; x_wconf 84' lang='lat' dir='ltr'><strong>beneﬁcii.</strong></span> <span class='ocrx_word' id='word_1_13' title='bbox 1359 489 1494 546; x_wconf 89' lang='lat' dir='ltr'><strong>Nam</strong></span> <span class='ocrx_word' id='word_1_14' title='bbox 1531 500 1586 547; x_wconf 89' lang='lat' dir='ltr'><strong>et</strong></span> <span class='ocrx_word' id='word_1_15' title='bbox 1632 491 1903 557; x_wconf 90' lang='lat' dir='ltr'><strong>medicus,</strong></span> <span class='ocrx_word' id='word_1_16' title='bbox 1936 506 2042 546; x_wconf 91' lang='lat' dir='ltr'><strong>non</strong></span> 
     </span>
    </p>
   </div>
   <div class='ocr_carea' id='block_1_4' title="bbox 463 578 2046 649">
    <p class='ocr_par' dir='ltr' id='par_1_4' title="bbox 463 578 2046 649">
     <span class='ocr_line' id='line_1_4' title="bbox 463 578 2046 649; baseline 0.001 -16"><span class='ocrx_word' id='word_1_17' title='bbox 463 594 583 633; x_wconf 87' lang='lat' dir='ltr'><strong>cum</strong></span> <span class='ocrx_word' id='word_1_18' title='bbox 612 578 753 634; x_wconf 87' lang='lat' dir='ltr'><strong>lavat</strong></span> <span class='ocrx_word' id='word_1_19' title='bbox 777 579 973 646; x_wconf 88' lang='lat' dir='ltr'><strong>solum,</strong></span> <span class='ocrx_word' id='word_1_20' title='bbox 1004 589 1058 635; x_wconf 90' lang='lat' dir='ltr'><strong>et</strong></span> <span class='ocrx_word' id='word_1_21' title='bbox 1081 578 1267 641; x_wconf 94' lang='lat' dir='ltr'><strong>nutrit,</strong></span> <span class='ocrx_word' id='word_1_22' title='bbox 1299 588 1459 649; x_wconf 87' lang='lat' dir='ltr'><strong>atque</strong></span> <span class='ocrx_word' id='word_1_23' title='bbox 1492 580 1561 635; x_wconf 91' lang='lat' dir='ltr'><strong>ad</strong></span> <span class='ocrx_word' id='word_1_24' title='bbox 1595 580 1842 635; x_wconf 88' lang='lat' dir='ltr'><strong>viridaria</strong></span> <span class='ocrx_word' id='word_1_25' title='bbox 1867 579 2046 635; x_wconf 92' lang='lat' dir='ltr'><strong>educit</strong></span> 
     </span>
    </p>
   </div>
   <div class='ocr_carea' id='block_1_5' title="bbox 465 670 2044 740">
    <p class='ocr_par' dir='ltr' id='par_1_5' title="bbox 465 670 2044 740">
     <span class='ocr_line' id='line_1_5' title="bbox 465 670 2044 740; baseline 0.003 -18"><span class='ocrx_word' id='word_1_26' title='bbox 465 681 725 740; x_wconf 65' lang='lat' dir='ltr'><strong>aegrotum</strong></span> <span class='ocrx_word' id='word_1_27' title='bbox 756 688 768 723; x_wconf 93' lang='lat'>:</span> <span class='ocrx_word' id='word_1_28' title='bbox 796 671 892 726; x_wconf 83' lang='lat' dir='ltr'><strong>sed</strong></span> <span class='ocrx_word' id='word_1_29' title='bbox 914 679 969 727; x_wconf 86' lang='lat' dir='ltr'><strong>et</strong></span> <span class='ocrx_word' id='word_1_30' title='bbox 997 687 1117 726; x_wconf 87' lang='lat' dir='ltr'><strong>eum</strong></span> <span class='ocrx_word' id='word_1_31' title='bbox 1150 672 1255 726; x_wconf 90' lang='lat' dir='ltr'><strong>urit</strong></span> <span class='ocrx_word' id='word_1_32' title='bbox 1275 678 1330 725; x_wconf 91' lang='lat' dir='ltr'><strong>et</strong></span> <span class='ocrx_word' id='word_1_33' title='bbox 1348 680 1513 733; x_wconf 87' lang='lat' dir='ltr'><strong>secat,</strong></span> <span class='ocrx_word' id='word_1_34' title='bbox 1538 671 1649 739; x_wconf 87' lang='lat' dir='ltr'><strong>pari</strong></span> <span class='ocrx_word' id='word_1_35' title='bbox 1693 670 1899 730; x_wconf 88' lang='lat' dir='ltr'><strong>ratione</strong></span> <span class='ocrx_word' id='word_1_36' title='bbox 1928 686 2044 726; x_wconf 88' lang='lat' dir='ltr'><strong>mc-</strong></span> 
     </span>
    </p>
   </div>
   <div class='ocr_carea' id='block_1_6' title="bbox 461 760 2042 833">
    <p class='ocr_par' dir='ltr' id='par_1_6' title="bbox 461 760 2042 833">
     <span class='ocr_line' id='line_1_6' title="bbox 461 760 2042 833; baseline 0.001 -17"><span class='ocrx_word' id='word_1_37' title='bbox 461 761 616 818; x_wconf 89' lang='lat' dir='ltr'><strong>dicus</strong></span> <span class='ocrx_word' id='word_1_38' title='bbox 641 773 726 819; x_wconf 87' lang='lat' dir='ltr'><strong>est</strong></span> <span class='ocrx_word' id='word_1_39' title='bbox 755 780 769 818; x_wconf 90' lang='lat'><strong>:</strong></span> <span class='ocrx_word' id='word_1_40' title='bbox 803 774 856 819; x_wconf 91' lang='lat' dir='ltr'><strong>et</strong></span> <span class='ocrx_word' id='word_1_41' title='bbox 890 771 1042 833; x_wconf 85' lang='lat' dir='ltr'><strong>pater</strong></span> <span class='ocrx_word' id='word_1_42' title='bbox 1083 779 1187 818; x_wconf 91' lang='lat' dir='ltr'><strong>non</strong></span> <span class='ocrx_word' id='word_1_43' title='bbox 1232 762 1391 817; x_wconf 92' lang='lat' dir='ltr'><strong>modo</strong></span> <span class='ocrx_word' id='word_1_44' title='bbox 1434 776 1556 815; x_wconf 91' lang='lat' dir='ltr'><strong>cum</strong></span> <span class='ocrx_word' id='word_1_45' title='bbox 1600 760 1711 815; x_wconf 90' lang='lat' dir='ltr'><strong>ﬁlio</strong></span> <span class='ocrx_word' id='word_1_46' title='bbox 1745 761 2042 829; x_wconf 77' lang='lat' dir='ltr'><strong>blanditur,</strong></span> 
     </span>
    </p>
   </div>
   <div class='ocr_carea' id='block_1_7' title="bbox 465 851 2042 923">
    <p class='ocr_par' dir='ltr' id='par_1_7' title="bbox 465 851 2042 923">
     <span class='ocr_line' id='line_1_7' title="bbox 465 851 2042 923; baseline -0.001 -14"><span class='ocrx_word' id='word_1_47' title='bbox 465 854 560 909; x_wconf 85' lang='lat' dir='ltr'><strong>sed</strong></span> <span class='ocrx_word' id='word_1_48' title='bbox 581 855 742 910; x_wconf 87' lang='lat' dir='ltr'><strong>etiam</strong></span> <span class='ocrx_word' id='word_1_49' title='bbox 774 870 895 910; x_wconf 91' lang='lat' dir='ltr'><strong>cum</strong></span> <span class='ocrx_word' id='word_1_50' title='bbox 918 870 1038 910; x_wconf 89' lang='lat' dir='ltr'><strong>eum</strong></span> <span class='ocrx_word' id='word_1_51' title='bbox 1069 854 1218 923; x_wconf 81' lang='lat' dir='ltr'><strong>pellit</strong></span> <span class='ocrx_word' id='word_1_52' title='bbox 1243 869 1306 908; x_wconf 81' lang='lat' dir='ltr'><strong>ex</strong></span> <span class='ocrx_word' id='word_1_53' title='bbox 1336 851 1537 907; x_wconf 76' lang='lat' dir='ltr'><strong>aedibus</strong></span> <span class='ocrx_word' id='word_1_54' title='bbox 1560 861 1614 906; x_wconf 88' lang='lat' dir='ltr'><strong>et</strong></span> <span class='ocrx_word' id='word_1_55' title='bbox 1640 868 1759 906; x_wconf 88' lang='lat' dir='ltr'><strong>cum</strong></span> <span class='ocrx_word' id='word_1_56' title='bbox 1784 853 2042 922; x_wconf 79' lang='lat' dir='ltr'><strong>increpat,</strong></span> 
     </span>
    </p>
   </div>
   <div class='ocr_carea' id='block_1_8' title="bbox 465 944 2045 1016">
    <p class='ocr_par' dir='ltr' id='par_1_8' title="bbox 465 944 2045 1016">
     <span class='ocr_line' id='line_1_8' title="bbox 465 944 2045 1016; baseline 0.001 -18"><span class='ocrx_word' id='word_1_57' title='bbox 465 960 529 1000; x_wconf 83' lang='lat' dir='ltr'><strong>ac</strong></span> <span class='ocrx_word' id='word_1_58' title='bbox 554 944 732 1016; x_wconf 83' lang='lat' dir='ltr'><strong>ﬂagris</strong></span> <span class='ocrx_word' id='word_1_59' title='bbox 760 946 939 1011; x_wconf 86' lang='lat' dir='ltr'><strong>caedit,</strong></span> <span class='ocrx_word' id='word_1_60' title='bbox 973 945 1086 1015; x_wconf 88' lang='lat' dir='ltr'><strong>pari</strong></span> <span class='ocrx_word' id='word_1_61' title='bbox 1120 944 1326 999; x_wconf 82' lang='lat' dir='ltr'><strong>ratione</strong></span> <span class='ocrx_word' id='word_1_62' title='bbox 1357 951 1506 1012; x_wconf 89' lang='lat' dir='ltr'><strong>pater</strong></span> <span class='ocrx_word' id='word_1_63' title='bbox 1529 951 1642 1007; x_wconf 90' lang='lat' dir='ltr'><strong>est,</strong></span> <span class='ocrx_word' id='word_1_64' title='bbox 1673 958 1844 1013; x_wconf 88' lang='lat' dir='ltr'><strong>neque</strong></span> <span class='ocrx_word' id='word_1_65' title='bbox 1869 944 2045 999; x_wconf 88' lang='lat' dir='ltr'><strong>minus</strong></span> 
     </span>
    </p>
   </div>
   <div class='ocr_carea' id='block_1_9' title="bbox 465 1033 2045 1106">
    <p class='ocr_par' dir='ltr' id='par_1_9' title="bbox 465 1033 2045 1106">
     <span class='ocr_line' id='line_1_9' title="bbox 465 1033 2045 1106; baseline 0.002 -19"><span class='ocrx_word' id='word_1_66' title='bbox 465 1052 624 1106; x_wconf 87' lang='lat' dir='ltr'><strong>quam</strong></span> <span class='ocrx_word' id='word_1_67' title='bbox 654 1053 774 1093; x_wconf 87' lang='lat' dir='ltr'><strong>cum</strong></span> <span class='ocrx_word' id='word_1_68' title='bbox 807 1035 1002 1091; x_wconf 89' lang='lat' dir='ltr'><strong>laudat.</strong></span> <span class='ocrx_word' id='word_1_69' title='bbox 1035 1034 1169 1089; x_wconf 86' lang='lat' dir='ltr'><strong>Cum</strong></span> <span class='ocrx_word' id='word_1_70' title='bbox 1197 1035 1356 1104; x_wconf 91' lang='lat' dir='ltr'><strong>igitur</strong></span> <span class='ocrx_word' id='word_1_71' title='bbox 1381 1033 1645 1103; x_wconf 81' lang='lat' dir='ltr'><strong>intelligas</strong></span> <span class='ocrx_word' id='word_1_72' title='bbox 1667 1033 1887 1089; x_wconf 88' lang='lat' dir='ltr'><strong>medicis</strong></span> <span class='ocrx_word' id='word_1_73' title='bbox 1928 1050 2045 1090; x_wconf 86' lang='lat' dir='ltr'><strong>om-</strong></span> 
     </span>
    </p>
   </div>
   <div class='ocr_carea' id='block_1_10' title="bbox 467 1122 2045 1195">
    <p class='ocr_par' dir='ltr' id='par_1_10' title="bbox 467 1122 2045 1195">
     <span class='ocr_line' id='line_1_10' title="bbox 467 1122 2045 1195; baseline 0 -15"><span class='ocrx_word' id='word_1_74' title='bbox 467 1126 626 1180; x_wconf 88' lang='lat' dir='ltr'><strong>nibus</strong></span> <span class='ocrx_word' id='word_1_75' title='bbox 677 1125 1113 1195; x_wconf 87' lang='lat' dir='ltr'><strong>indulgentiorem</strong></span> <span class='ocrx_word' id='word_1_76' title='bbox 1153 1139 1294 1190; x_wconf 90' lang='lat' dir='ltr'><strong>esse,</strong></span> <span class='ocrx_word' id='word_1_77' title='bbox 1349 1138 1415 1178; x_wconf 90' lang='lat' dir='ltr'><strong>ac</strong></span> <span class='ocrx_word' id='word_1_78' title='bbox 1466 1122 1658 1192; x_wconf 83' lang='lat' dir='ltr'><strong>majori</strong></span> <span class='ocrx_word' id='word_1_79' title='bbox 1703 1124 1894 1179; x_wconf 78' lang='lat' dir='ltr'><strong>aﬁ‘ectu</strong></span> <span class='ocrx_word' id='word_1_80' title='bbox 1948 1139 2045 1180; x_wconf 87' lang='lat' dir='ltr'><strong>nos</strong></span> 
     </span>
    </p>
   </div>
   <div class='ocr_carea' id='block_1_11' title="bbox 472 1214 2047 1286">
    <p class='ocr_par' dir='ltr' id='par_1_11' title="bbox 472 1214 2047 1286">
     <span class='ocr_line' id='line_1_11' title="bbox 472 1214 2047 1286; baseline 0 -17"><span class='ocrx_word' id='word_1_81' title='bbox 472 1217 634 1272; x_wconf 86' lang='lat' dir='ltr'><strong>Deum</strong></span> <span class='ocrx_word' id='word_1_82' title='bbox 667 1215 935 1286; x_wconf 88' lang='lat' dir='ltr'><strong>prosequi,</strong></span> <span class='ocrx_word' id='word_1_83' title='bbox 968 1215 1075 1268; x_wconf 90' lang='lat' dir='ltr'><strong>noli</strong></span> <span class='ocrx_word' id='word_1_84' title='bbox 1108 1214 1317 1269; x_wconf 89' lang='lat' dir='ltr'><strong>curiose</strong></span> <span class='ocrx_word' id='word_1_85' title='bbox 1344 1214 1612 1283; x_wconf 91' lang='lat' dir='ltr'><strong>inquirere</strong></span> <span class='ocrx_word' id='word_1_86' title='bbox 1632 1255 1649 1281; x_wconf 92' lang='lat'><strong>,</strong></span> <span class='ocrx_word' id='word_1_87' title='bbox 1682 1230 1854 1285; x_wconf 91' lang='lat' dir='ltr'><strong>neque</strong></span> <span class='ocrx_word' id='word_1_88' title='bbox 1883 1215 2047 1270; x_wconf 88' lang='lat' dir='ltr'><strong>ratio-</strong></span> 
     </span>
    </p>
   </div>
   <div class='ocr_carea' id='block_1_12' title="bbox 469 1306 2047 1380">
    <p class='ocr_par' dir='ltr' id='par_1_12' title="bbox 469 1306 2047 1380">
     <span class='ocr_line' id='line_1_12' title="bbox 469 1306 2047 1380; baseline 0.001 -18"><span class='ocrx_word' id='word_1_89' title='bbox 469 1325 588 1363; x_wconf 89' lang='lat' dir='ltr'><strong>nem</strong></span> <span class='ocrx_word' id='word_1_90' title='bbox 616 1309 683 1362; x_wconf 89' lang='lat' dir='ltr'><strong>ab</strong></span> <span class='ocrx_word' id='word_1_91' title='bbox 703 1324 769 1364; x_wconf 91' lang='lat' dir='ltr'><strong>eo</strong></span> <span class='ocrx_word' id='word_1_92' title='bbox 797 1309 947 1380; x_wconf 90' lang='lat' dir='ltr'><strong>exige</strong></span> <span class='ocrx_word' id='word_1_93' title='bbox 967 1308 1289 1371; x_wconf 84' lang='lat' dir='ltr'><strong>curationis;</strong></span> <span class='ocrx_word' id='word_1_94' title='bbox 1324 1306 1417 1361; x_wconf 87' lang='lat' dir='ltr'><strong>sed</strong></span> <span class='ocrx_word' id='word_1_95' title='bbox 1451 1307 1564 1362; x_wconf 89' lang='lat' dir='ltr'><strong>sive</strong></span> <span class='ocrx_word' id='word_1_96' title='bbox 1596 1322 1841 1363; x_wconf 88' lang='lat' dir='ltr'><strong>recreare</strong></span> <span class='ocrx_word' id='word_1_97' title='bbox 1867 1309 2047 1363; x_wconf 76' lang='lat' dir='ltr'><strong>volue-</strong></span> 
     </span>
    </p>
   </div>
   <div class='ocr_carea' id='block_1_13' title="bbox 467 1400 2044 1472">
    <p class='ocr_par' dir='ltr' id='par_1_13' title="bbox 467 1400 2044 1472">
     <span class='ocr_line' id='line_1_13' title="bbox 467 1400 2044 1472; baseline -0.001 -15"><span class='ocrx_word' id='word_1_98' title='bbox 467 1404 555 1467; x_wconf 88' lang='lat' dir='ltr'><strong>rit,</strong></span> <span class='ocrx_word' id='word_1_99' title='bbox 585 1403 696 1458; x_wconf 78' lang='lat' dir='ltr'><strong>sive</strong></span> <span class='ocrx_word' id='word_1_100' title='bbox 718 1405 923 1472; x_wconf 84' lang='lat' dir='ltr'><strong>punire,</strong></span> <span class='ocrx_word' id='word_1_101' title='bbox 945 1400 1008 1455; x_wconf 88' lang='lat' dir='ltr'><strong>ad</strong></span> <span class='ocrx_word' id='word_1_102' title='bbox 1044 1410 1324 1469; x_wconf 88' lang='lat' dir='ltr'><strong>utrumque</strong></span> <span class='ocrx_word' id='word_1_103' title='bbox 1343 1400 1543 1470; x_wconf 90' lang='lat' dir='ltr'><strong>pariter</strong></span> <span class='ocrx_word' id='word_1_104' title='bbox 1570 1410 1782 1470; x_wconf 88' lang='lat' dir='ltr'><strong>paratos</strong></span> <span class='ocrx_word' id='word_1_105' title='bbox 1815 1415 1911 1455; x_wconf 90' lang='lat' dir='ltr'><strong>nos</strong></span> <span class='ocrx_word' id='word_1_106' title='bbox 1947 1416 2044 1455; x_wconf 87' lang='lat' dir='ltr'><strong>ex-</strong></span> 
     </span>
    </p>
   </div>
   <div class='ocr_carea' id='block_1_14' title="bbox 469 1490 2048 1560">
    <p class='ocr_par' dir='ltr' id='par_1_14' title="bbox 469 1490 2048 1560">
     <span class='ocr_line' id='line_1_14' title="bbox 469 1490 2048 1560; baseline -0.001 -14"><span class='ocrx_word' id='word_1_107' title='bbox 469 1490 1075 1560; x_wconf 81' lang='lat' dir='ltr'><strong>hibeamuszsiquidem</strong></span> <span class='ocrx_word' id='word_1_108' title='bbox 1125 1504 1219 1559; x_wconf 90' lang='lat' dir='ltr'><strong>per</strong></span> <span class='ocrx_word' id='word_1_109' title='bbox 1278 1498 1559 1559; x_wconf 84' lang='lat' dir='ltr'><strong>utrumque</strong></span> <span class='ocrx_word' id='word_1_110' title='bbox 1610 1490 1765 1545; x_wconf 90' lang='lat' dir='ltr'><strong>nobis</strong></span> <span class='ocrx_word' id='word_1_111' title='bbox 1817 1491 2048 1545; x_wconf 83' lang='lat' dir='ltr'><strong>restituit</strong></span> 
     </span>
    </p>
   </div>
   <div class='ocr_carea' id='block_1_15' title="bbox 467 1580 2046 1651">
    <p class='ocr_par' dir='ltr' id='par_1_15' title="bbox 467 1580 2046 1651">
     <span class='ocr_line' id='line_1_15' title="bbox 467 1580 2046 1651; baseline 0.001 -15"><span class='ocrx_word' id='word_1_112' title='bbox 467 1582 766 1644; x_wconf 72' lang='lat' dir='ltr'><strong>Sanitatem,</strong></span> <span class='ocrx_word' id='word_1_113' title='bbox 810 1591 863 1635; x_wconf 88' lang='lat' dir='ltr'><strong>et</strong></span> <span class='ocrx_word' id='word_1_114' title='bbox 906 1595 1001 1634; x_wconf 91' lang='lat' dir='ltr'><strong>nos</strong></span> <span class='ocrx_word' id='word_1_115' title='bbox 1048 1580 1147 1634; x_wconf 87' lang='lat' dir='ltr'><strong>sibi</strong></span> <span class='ocrx_word' id='word_1_116' title='bbox 1200 1580 1803 1651; x_wconf 90' lang='lat' dir='ltr'><strong>reconciliat:cumque</strong></span> <span class='ocrx_word' id='word_1_117' title='bbox 1839 1582 2046 1637; x_wconf 90' lang='lat' dir='ltr'><strong>noverit</strong></span> 
     </span>
    </p>
   </div>
   <div class='ocr_carea' id='block_1_16' title="bbox 469 1668 2046 1741">
    <p class='ocr_par' dir='ltr' id='par_1_16' title="bbox 469 1668 2046 1741">
     <span class='ocr_line' id='line_1_16' title="bbox 469 1668 2046 1741; baseline 0.003 -18"><span class='ocrx_word' id='word_1_118' title='bbox 469 1670 662 1738; x_wconf 85' lang='lat' dir='ltr'><strong>quibus</strong></span> <span class='ocrx_word' id='word_1_119' title='bbox 687 1668 920 1738; x_wconf 88' lang='lat' dir='ltr'><strong>indigeat</strong></span> <span class='ocrx_word' id='word_1_120' title='bbox 955 1670 1180 1739; x_wconf 80' lang='lat' dir='ltr'><strong>quisque</strong></span> <span class='ocrx_word' id='word_1_121' title='bbox 1218 1681 1480 1735; x_wconf 89' lang='lat' dir='ltr'><strong>nostrum,</strong></span> <span class='ocrx_word' id='word_1_122' title='bbox 1531 1680 1586 1725; x_wconf 88' lang='lat' dir='ltr'><strong>et</strong></span> <span class='ocrx_word' id='word_1_123' title='bbox 1636 1672 1759 1741; x_wconf 91' lang='lat' dir='ltr'><strong>quid</strong></span> <span class='ocrx_word' id='word_1_124' title='bbox 1806 1671 2046 1727; x_wconf 88' lang='lat' dir='ltr'><strong>conferat</strong></span> 
     </span>
    </p>
   </div>
   <div class='ocr_carea' id='block_1_17' title="bbox 466 1759 2045 1828">
    <p class='ocr_par' dir='ltr' id='par_1_17' title="bbox 466 1759 2045 1828">
     <span class='ocr_line' id='line_1_17' title="bbox 466 1759 2045 1828; baseline 0.001 -14"><span class='ocrx_word' id='word_1_125' title='bbox 466 1759 677 1828; x_wconf 90' lang='lat' dir='ltr'><strong>cuique,</strong></span> <span class='ocrx_word' id='word_1_126' title='bbox 704 1767 882 1828; x_wconf 89' lang='lat' dir='ltr'><strong>etquo</strong></span> <span class='ocrx_word' id='word_1_127' title='bbox 907 1760 1117 1814; x_wconf 86' lang='lat' dir='ltr'><strong>tandem</strong></span> <span class='ocrx_word' id='word_1_128' title='bbox 1151 1759 1308 1814; x_wconf 92' lang='lat' dir='ltr'><strong>modo</strong></span> <span class='ocrx_word' id='word_1_129' title='bbox 1347 1760 1638 1815; x_wconf 88' lang='lat' dir='ltr'><strong>servandus</strong></span> <span class='ocrx_word' id='word_1_130' title='bbox 1689 1762 1793 1826; x_wconf 85' lang='lat' dir='ltr'><strong>sit,</strong></span> <span class='ocrx_word' id='word_1_131' title='bbox 1830 1760 1931 1816; x_wconf 90' lang='lat' dir='ltr'><strong>hac</strong></span> <span class='ocrx_word' id='word_1_132' title='bbox 1963 1763 2045 1817; x_wconf 88' lang='lat' dir='ltr'><strong>via</strong></span> 
     </span>
    </p>
   </div>
   <div class='ocr_carea' id='block_1_18' title="bbox 470 1848 2043 1922">
    <p class='ocr_par' dir='ltr' id='par_1_18' title="bbox 470 1848 2043 1922">
     <span class='ocr_line' id='line_1_18' title="bbox 470 1848 2043 1922; baseline 0.001 -17"><span class='ocrx_word' id='word_1_133' title='bbox 470 1866 566 1906; x_wconf 86' lang='lat' dir='ltr'><strong>nos</strong></span> <span class='ocrx_word' id='word_1_134' title='bbox 589 1849 677 1905; x_wconf 92' lang='lat' dir='ltr'><strong>ille</strong></span> <span class='ocrx_word' id='word_1_135' title='bbox 701 1848 932 1906; x_wconf 89' lang='lat' dir='ltr'><strong>deducit.</strong></span> <span class='ocrx_word' id='word_1_136' title='bbox 962 1850 1258 1921; x_wconf 90' lang='lat' dir='ltr'><strong>Sequamur</strong></span> <span class='ocrx_word' id='word_1_137' title='bbox 1283 1850 1442 1920; x_wconf 78' lang='lat' dir='ltr'><strong>igitur</strong></span> <span class='ocrx_word' id='word_1_138' title='bbox 1462 1866 1568 1921; x_wconf 90' lang='lat' dir='ltr'><strong>quo</strong></span> <span class='ocrx_word' id='word_1_139' title='bbox 1593 1850 1680 1905; x_wconf 90' lang='lat' dir='ltr'><strong>ille</strong></span> <span class='ocrx_word' id='word_1_140' title='bbox 1712 1853 2043 1922; x_wconf 64' lang='lat' dir='ltr'><strong>praeceperit,</strong></span> 
     </span>
    </p>
   </div>
   <div class='ocr_carea' id='block_1_19' title="bbox 469 1942 2044 2014">
    <p class='ocr_par' dir='ltr' id='par_1_19' title="bbox 469 1942 2044 2014">
     <span class='ocr_line' id='line_1_19' title="bbox 469 1942 2044 2014; baseline 0.002 -19"><span class='ocrx_word' id='word_1_141' title='bbox 469 1956 639 2011; x_wconf 79' lang='lat' dir='ltr'><strong>neque</strong></span> <span class='ocrx_word' id='word_1_142' title='bbox 667 1950 851 1997; x_wconf 73' lang='lat' dir='ltr'><strong>exacte</strong></span> <span class='ocrx_word' id='word_1_143' title='bbox 870 1942 1151 2013; x_wconf 87' lang='lat' dir='ltr'><strong>quidquam</strong></span> <span class='ocrx_word' id='word_1_144' title='bbox 1178 1942 1529 2011; x_wconf 89' lang='lat' dir='ltr'><strong>disquiramus</strong></span> <span class='ocrx_word' id='word_1_145' title='bbox 1547 1984 1562 2009; x_wconf 97' lang='lat'><strong>,</strong></span> <span class='ocrx_word' id='word_1_146' title='bbox 1586 1943 1697 1997; x_wconf 85' lang='lat' dir='ltr'><strong>sive</strong></span> <span class='ocrx_word' id='word_1_147' title='bbox 1716 1958 1811 2013; x_wconf 88' lang='lat' dir='ltr'><strong>per</strong></span> <span class='ocrx_word' id='word_1_148' title='bbox 1834 1944 2044 2014; x_wconf 81' lang='lat' dir='ltr'><strong>planam</strong></span> 
     </span>
    </p>
   </div>
   <div class='ocr_carea' id='block_1_20' title="bbox 470 2032 2046 2102">
    <p class='ocr_par' dir='ltr' id='par_1_20' title="bbox 470 2032 2046 2102">
     <span class='ocr_line' id='line_1_20' title="bbox 470 2032 2046 2102; baseline 0 -15"><span class='ocrx_word' id='word_1_149' title='bbox 470 2042 524 2087; x_wconf 88' lang='lat' dir='ltr'><strong>et</strong></span> <span class='ocrx_word' id='word_1_150' title='bbox 554 2032 792 2099; x_wconf 89' lang='lat' dir='ltr'><strong>facilem,</strong></span> <span class='ocrx_word' id='word_1_151' title='bbox 823 2034 936 2087; x_wconf 88' lang='lat' dir='ltr'><strong>sive</strong></span> <span class='ocrx_word' id='word_1_152' title='bbox 975 2049 1070 2102; x_wconf 86' lang='lat' dir='ltr'><strong>per</strong></span> <span class='ocrx_word' id='word_1_153' title='bbox 1101 2032 1371 2086; x_wconf 88' lang='lat' dir='ltr'><strong>difﬁcilem</strong></span> <span class='ocrx_word' id='word_1_154' title='bbox 1401 2046 1751 2102; x_wconf 88' lang='lat' dir='ltr'><strong>asperamqne</strong></span> <span class='ocrx_word' id='word_1_155' title='bbox 1793 2034 1928 2087; x_wconf 87' lang='lat' dir='ltr'><strong>viam</strong></span> <span class='ocrx_word' id='word_1_156' title='bbox 1960 2033 2046 2088; x_wconf 83' lang='lat' dir='ltr'><strong>in-</strong></span> 
     </span>
    </p>
   </div>
   <div class='ocr_carea' id='block_1_21' title="bbox 469 2122 2047 2197">
    <p class='ocr_par' dir='ltr' id='par_1_21' title="bbox 469 2122 2047 2197">
     <span class='ocr_line' id='line_1_21' title="bbox 469 2122 2047 2197; baseline 0.001 -20"><span class='ocrx_word' id='word_1_157' title='bbox 469 2123 661 2178; x_wconf 91' lang='lat' dir='ltr'><strong>cedere</strong></span> <span class='ocrx_word' id='word_1_158' title='bbox 681 2124 919 2193; x_wconf 87' lang='lat' dir='ltr'><strong>jusserit,</strong></span> <span class='ocrx_word' id='word_1_159' title='bbox 949 2122 1396 2195; x_wconf 86' lang='lat' dir='ltr'><strong>quemadmodum</strong></span> <span class='ocrx_word' id='word_1_160' title='bbox 1418 2131 1472 2178; x_wconf 91' lang='lat' dir='ltr'><strong>et</strong></span> <span class='ocrx_word' id='word_1_161' title='bbox 1497 2123 1653 2178; x_wconf 92' lang='lat' dir='ltr'><strong>istum</strong></span> <span class='ocrx_word' id='word_1_162' title='bbox 1675 2125 2047 2197; x_wconf 85' lang='lat' dir='ltr'><strong>paralyticum.</strong></span> 
     </span>
    </p>
   </div>
   <div class='ocr_carea' id='block_1_22' title="bbox 475 2213 2050 2286">
    <p class='ocr_par' dir='ltr' id='par_1_22' title="bbox 475 2213 2050 2286">
     <span class='ocr_line' id='line_1_22' title="bbox 475 2213 2050 2286; baseline 0.002 -17"><span class='ocrx_word' id='word_1_163' title='bbox 475 2213 648 2269; x_wconf 88' lang='lat' dir='ltr'><strong>Unum</strong></span> <span class='ocrx_word' id='word_1_164' title='bbox 680 2215 837 2286; x_wconf 81' lang='lat' dir='ltr'><strong>igitur</strong></span> <span class='ocrx_word' id='word_1_165' title='bbox 864 2215 963 2269; x_wconf 92' lang='lat' dir='ltr'><strong>hoc</strong></span> <span class='ocrx_word' id='word_1_166' title='bbox 988 2213 1083 2268; x_wconf 92' lang='lat' dir='ltr'><strong>fuit</strong></span> <span class='ocrx_word' id='word_1_167' title='bbox 1112 2228 1279 2284; x_wconf 88' lang='lat' dir='ltr'><strong>genus</strong></span> <span class='ocrx_word' id='word_1_168' title='bbox 1301 2213 1687 2282; x_wconf 64' lang='lat' dir='ltr'><strong>beneﬁcentiae,</strong></span> <span class='ocrx_word' id='word_1_169' title='bbox 1733 2217 1874 2286; x_wconf 90' lang='lat' dir='ltr'><strong>quod</strong></span> <span class='ocrx_word' id='word_1_170' title='bbox 1903 2226 2050 2273; x_wconf 90' lang='lat' dir='ltr'><strong>tanto</strong></span> 
     </span>
    </p>
   </div>
   <div class='ocr_carea' id='block_1_23' title="bbox 473 2305 2052 2378">
    <p class='ocr_par' dir='ltr' id='par_1_23' title="bbox 473 2305 2052 2378">
     <span class='ocr_line' id='line_1_23' title="bbox 473 2305 2052 2378; baseline 0.001 -19"><span class='ocrx_word' id='word_1_171' title='bbox 473 2316 709 2376; x_wconf 89' lang='lat' dir='ltr'><strong>tempore</strong></span> <span class='ocrx_word' id='word_1_172' title='bbox 733 2305 960 2361; x_wconf 87' lang='lat' dir='ltr'><strong>animam</strong></span> <span class='ocrx_word' id='word_1_173' title='bbox 989 2308 1104 2374; x_wconf 88' lang='lat' dir='ltr'><strong>ejus</strong></span> <span class='ocrx_word' id='word_1_174' title='bbox 1131 2305 1386 2374; x_wconf 87' lang='lat' dir='ltr'><strong>purgarit,</strong></span> <span class='ocrx_word' id='word_1_175' title='bbox 1404 2317 2052 2378; x_wconf 78' lang='lat' dir='ltr'><strong>eamquetamquamcon-</strong></span> 
     </span>
    </p>
   </div>
   <div class='ocr_carea' id='block_1_24' title="bbox 475 2393 2052 2464">
    <p class='ocr_par' dir='ltr' id='par_1_24' title="bbox 475 2393 2052 2464">
     <span class='ocr_line' id='line_1_24' title="bbox 475 2393 2052 2464; baseline 0.002 -16"><span class='ocrx_word' id='word_1_176' title='bbox 475 2396 698 2450; x_wconf 80' lang='lat' dir='ltr'><strong>llatoria:</strong></span> <span class='ocrx_word' id='word_1_177' title='bbox 726 2396 933 2451; x_wconf 87' lang='lat' dir='ltr'><strong>cuidam</strong></span> <span class='ocrx_word' id='word_1_178' title='bbox 979 2393 1180 2448; x_wconf 87' lang='lat' dir='ltr'><strong>fornaci</strong></span> <span class='ocrx_word' id='word_1_179' title='bbox 1211 2393 1560 2449; x_wconf 85' lang='lat' dir='ltr'><strong>tentationum</strong></span> <span class='ocrx_word' id='word_1_180' title='bbox 1607 2396 1904 2464; x_wconf 89' lang='lat' dir='ltr'><strong>probationi</strong></span> <span class='ocrx_word' id='word_1_181' title='bbox 1945 2405 2052 2451; x_wconf 81' lang='lat' dir='ltr'><strong>tra-</strong></span> 
     </span>
    </p>
   </div>
   <div class='ocr_carea' id='block_1_25' title="bbox 473 2484 2051 2558">
    <p class='ocr_par' dir='ltr' id='par_1_25' title="bbox 473 2484 2051 2558">
     <span class='ocr_line' id='line_1_25' title="bbox 473 2484 2051 2558; baseline 0.003 -19"><span class='ocrx_word' id='word_1_182' title='bbox 473 2486 875 2542; x_wconf 79' lang='lat' dir='ltr'><strong>dideritzaliud</strong></span> <span class='ocrx_word' id='word_1_183' title='bbox 921 2495 1097 2540; x_wconf 89' lang='lat' dir='ltr'><strong>autem</strong></span> <span class='ocrx_word' id='word_1_184' title='bbox 1148 2485 1316 2539; x_wconf 86' lang='lat' dir='ltr'><strong>nihilo</strong></span> <span class='ocrx_word' id='word_1_185' title='bbox 1360 2484 1583 2542; x_wconf 87' lang='lat' dir='ltr'><strong>inferius</strong></span> <span class='ocrx_word' id='word_1_186' title='bbox 1632 2490 1753 2554; x_wconf 86' lang='lat' dir='ltr'><strong>isto,</strong></span> <span class='ocrx_word' id='word_1_187' title='bbox 1802 2488 1944 2558; x_wconf 91' lang='lat' dir='ltr'><strong>quod</strong></span> <span class='ocrx_word' id='word_1_188' title='bbox 1997 2489 2051 2543; x_wconf 91' lang='lat' dir='ltr'><strong>in</strong></span> 
     </span>
    </p>
   </div>
   <div class='ocr_carea' id='block_1_26' title="bbox 474 2575 2046 2648">
    <p class='ocr_par' dir='ltr' id='par_1_26' title="bbox 474 2575 2046 2648">
     <span class='ocr_line' id='line_1_26' title="bbox 474 2575 2046 2648; baseline 0.001 -18"><span class='ocrx_word' id='word_1_189' title='bbox 474 2576 604 2646; x_wconf 72' lang='lat' dir='ltr'><strong>ipsis</strong></span> <span class='ocrx_word' id='word_1_190' title='bbox 636 2576 1016 2632; x_wconf 89' lang='lat' dir='ltr'><strong>tentationibns</strong></span> <span class='ocrx_word' id='word_1_191' title='bbox 1045 2575 1119 2630; x_wconf 87' lang='lat' dir='ltr'><strong>illi</strong></span> <span class='ocrx_word' id='word_1_192' title='bbox 1144 2575 1392 2642; x_wconf 87' lang='lat' dir='ltr'><strong>adfuerit,</strong></span> <span class='ocrx_word' id='word_1_193' title='bbox 1427 2576 1759 2648; x_wconf 87' lang='lat' dir='ltr'><strong>multumque</strong></span> <span class='ocrx_word' id='word_1_194' title='bbox 1798 2579 2046 2633; x_wconf 88' lang='lat' dir='ltr'><strong>solatium</strong></span> 
     </span>
    </p>
   </div>
   <div class='ocr_carea' id='block_1_27' title="bbox 475 2669 2054 2739">
    <p class='ocr_par' dir='ltr' id='par_1_27' title="bbox 475 2669 2054 2739">
     <span class='ocr_line' id='line_1_27' title="bbox 475 2669 2054 2739; baseline 0.001 -15"><span class='ocrx_word' id='word_1_195' title='bbox 475 2670 549 2724; x_wconf 89' lang='lat' dir='ltr'><strong>illi</strong></span> <span class='ocrx_word' id='word_1_196' title='bbox 576 2670 881 2739; x_wconf 68' lang='lat' dir='ltr'><strong>praebuerit.</strong></span> <span class='ocrx_word' id='word_1_197' title='bbox 904 2669 1024 2739; x_wconf 83' lang='lat' dir='ltr'><strong>ipse</strong></span> <span class='ocrx_word' id='word_1_198' title='bbox 1053 2676 1190 2733; x_wconf 91' lang='lat' dir='ltr'><strong>erat,</strong></span> <span class='ocrx_word' id='word_1_199' title='bbox 1214 2669 1300 2739; x_wconf 91' lang='lat' dir='ltr'><strong>qui</strong></span> <span class='ocrx_word' id='word_1_200' title='bbox 1327 2669 1634 2724; x_wconf 85' lang='lat' dir='ltr'><strong>continebat</strong></span> <span class='ocrx_word' id='word_1_201' title='bbox 1676 2685 1801 2725; x_wconf 90' lang='lat' dir='ltr'><strong>eum</strong></span> <span class='ocrx_word' id='word_1_202' title='bbox 1827 2711 1842 2734; x_wconf 91' lang='lat'><strong>,</strong></span> <span class='ocrx_word' id='word_1_203' title='bbox 1886 2679 1940 2726; x_wconf 90' lang='lat' dir='ltr'><strong>et</strong></span> <span class='ocrx_word' id='word_1_204' title='bbox 1977 2687 2054 2726; x_wconf 89' lang='lat' dir='ltr'><strong>re-</strong></span> 
     </span>
    </p>
   </div>
   <div class='ocr_carea' id='block_1_28' title="bbox 478 2761 2051 2833">
    <p class='ocr_par' dir='ltr' id='par_1_28' title="bbox 478 2761 2051 2833">
     <span class='ocr_line' id='line_1_28' title="bbox 478 2761 2051 2833; baseline 0.001 -17"><span class='ocrx_word' id='word_1_205' title='bbox 478 2761 700 2828; x_wconf 88' lang='lat' dir='ltr'><strong>tinebat,</strong></span> <span class='ocrx_word' id='word_1_206' title='bbox 725 2776 1047 2831; x_wconf 88' lang='lat' dir='ltr'><strong>manumque</strong></span> <span class='ocrx_word' id='word_1_207' title='bbox 1063 2761 1390 2832; x_wconf 79' lang='lat' dir='ltr'><strong>porrigebat,</strong></span> <span class='ocrx_word' id='word_1_208' title='bbox 1409 2776 1582 2833; x_wconf 87' lang='lat' dir='ltr'><strong>neque</strong></span> <span class='ocrx_word' id='word_1_209' title='bbox 1605 2762 1796 2818; x_wconf 82' lang='lat' dir='ltr'><strong>collabi</strong></span> <span class='ocrx_word' id='word_1_210' title='bbox 1822 2763 2051 2820; x_wconf 83' lang='lat' dir='ltr'><strong>sinebat.</strong></span> 
     </span>
    </p>
   </div>
   <div class='ocr_carea' id='block_1_29' title="bbox 475 2851 2049 2926">
    <p class='ocr_par' dir='ltr' id='par_1_29' title="bbox 475 2851 2049 2926">
     <span class='ocr_line' id='line_1_29' title="bbox 475 2851 2049 2926; baseline -0.001 -15"><span class='ocrx_word' id='word_1_211' title='bbox 475 2855 606 2911; x_wconf 80' lang='lat' dir='ltr'><strong>Cum</strong></span> <span class='ocrx_word' id='word_1_212' title='bbox 652 2864 829 2909; x_wconf 90' lang='lat' dir='ltr'><strong>autem</strong></span> <span class='ocrx_word' id='word_1_213' title='bbox 887 2853 1057 2924; x_wconf 90' lang='lat' dir='ltr'><strong>ipsum</strong></span> <span class='ocrx_word' id='word_1_214' title='bbox 1104 2851 1268 2908; x_wconf 90' lang='lat' dir='ltr'><strong>fuisse</strong></span> <span class='ocrx_word' id='word_1_215' title='bbox 1314 2852 1487 2919; x_wconf 89' lang='lat' dir='ltr'><strong>audis,</strong></span> <span class='ocrx_word' id='word_1_216' title='bbox 1534 2853 1641 2908; x_wconf 88' lang='lat' dir='ltr'><strong>noli</strong></span> <span class='ocrx_word' id='word_1_217' title='bbox 1698 2854 2049 2926; x_wconf 89' lang='lat' dir='ltr'><strong>paralyticum</strong></span> 
     </span>
    </p>
   </div>
   <div class='ocr_carea' id='block_1_30' title="bbox 476 2942 2053 3016">
    <p class='ocr_par' dir='ltr' id='par_1_30' title="bbox 476 2942 2053 3016">
     <span class='ocr_line' id='line_1_30' title="bbox 476 2942 2053 3016; baseline -0.001 -15"><span class='ocrx_word' id='word_1_218' title='bbox 476 2946 633 3001; x_wconf 88' lang='lat' dir='ltr'><strong>laude</strong></span> <span class='ocrx_word' id='word_1_219' title='bbox 658 2945 882 3016; x_wconf 80' lang='lat' dir='ltr'><strong>privare,</strong></span> <span class='ocrx_word' id='word_1_220' title='bbox 909 2960 1007 2999; x_wconf 90' lang='lat' dir='ltr'><strong>nec</strong></span> <span class='ocrx_word' id='word_1_221' title='bbox 1034 2944 1180 2999; x_wconf 91' lang='lat' dir='ltr'><strong>illum</strong></span> <span class='ocrx_word' id='word_1_222' title='bbox 1205 2958 1303 2999; x_wconf 91' lang='lat' dir='ltr'><strong>nec</strong></span> <span class='ocrx_word' id='word_1_223' title='bbox 1322 2944 1480 2998; x_wconf 88' lang='lat' dir='ltr'><strong>alium</strong></span> <span class='ocrx_word' id='word_1_224' title='bbox 1504 2942 1771 2999; x_wconf 86' lang='lat' dir='ltr'><strong>hominem</strong></span> <span class='ocrx_word' id='word_1_225' title='bbox 1789 2946 2053 3016; x_wconf 89' lang='lat' dir='ltr'><strong>quemvis,</strong></span> 
     </span>
    </p>
   </div>
   <div class='ocr_carea' id='block_1_31' title="bbox 479 3034 2057 3107">
    <p class='ocr_par' dir='ltr' id='par_1_31' title="bbox 479 3034 2057 3107">
     <span class='ocr_line' id='line_1_31' title="bbox 479 3034 2057 3107; baseline 0.002 -18"><span class='ocrx_word' id='word_1_226' title='bbox 479 3037 567 3107; x_wconf 91' lang='lat' dir='ltr'><strong>qni</strong></span> <span class='ocrx_word' id='word_1_227' title='bbox 595 3045 824 3091; x_wconf 86' lang='lat' dir='ltr'><strong>tentetur</strong></span> <span class='ocrx_word' id='word_1_228' title='bbox 843 3044 897 3090; x_wconf 92' lang='lat' dir='ltr'><strong>et</strong></span> <span class='ocrx_word' id='word_1_229' title='bbox 921 3035 1181 3104; x_wconf 87' lang='lat' dir='ltr'><strong>patienter</strong></span> <span class='ocrx_word' id='word_1_230' title='bbox 1202 3035 1357 3090; x_wconf 89' lang='lat' dir='ltr'><strong>ferat.</strong></span> <span class='ocrx_word' id='word_1_231' title='bbox 1385 3034 1733 3103; x_wconf 86' lang='lat' dir='ltr'><strong>Quantumvis</strong></span> <span class='ocrx_word' id='word_1_232' title='bbox 1755 3036 1896 3091; x_wconf 91' lang='lat' dir='ltr'><strong>enim</strong></span> <span class='ocrx_word' id='word_1_233' title='bbox 1913 3051 2057 3107; x_wconf 74' lang='lat' dir='ltr'><strong>szrpe</strong></span> 
     </span>
    </p>
   </div>
   <div class='ocr_carea' id='block_1_32' title="bbox 482 3127 2058 3201">
    <p class='ocr_par' dir='ltr' id='par_1_32' title="bbox 482 3127 2058 3201">
     <span class='ocr_line' id='line_1_32' title="bbox 482 3127 2058 3201; baseline 0.003 -21"><span class='ocrx_word' id='word_1_234' title='bbox 482 3127 939 3201; x_wconf 77' lang='lat' dir='ltr'><strong>pliilosopbemur,</strong></span> <span class='ocrx_word' id='word_1_235' title='bbox 969 3128 1212 3199; x_wconf 85' lang='lat' dir='ltr'><strong>quamvis</strong></span> <span class='ocrx_word' id='word_1_236' title='bbox 1235 3129 1472 3184; x_wconf 91' lang='lat' dir='ltr'><strong>omnium</strong></span> <span class='ocrx_word' id='word_1_237' title='bbox 1508 3127 1864 3183; x_wconf 52' lang='lat' dir='ltr'><strong>robustissimi</strong></span> <span class='ocrx_word' id='word_1_238' title='bbox 1890 3130 2058 3184; x_wconf 87' lang='lat' dir='ltr'><strong>simus</strong></span> 
     </span>
    </p>
   </div>
   <div class='ocr_carea' id='block_1_33' title="bbox 480 3218 2058 3284">
    <p class='ocr_par' dir='ltr' id='par_1_33' title="bbox 480 3218 2058 3284">
     <span class='ocr_line' id='line_1_33' title="bbox 480 3218 2058 3284; baseline -0.001 -10"><span class='ocrx_word' id='word_1_239' title='bbox 480 3237 542 3274; x_wconf 88' lang='lat' dir='ltr'><strong>ae</strong></span> <span class='ocrx_word' id='word_1_240' title='bbox 568 3219 902 3284; x_wconf 88' lang='lat' dir='ltr'><strong>validissimi,</strong></span> <span class='ocrx_word' id='word_1_241' title='bbox 943 3218 990 3272; x_wconf 88' lang='lat' dir='ltr'><strong>si</strong></span> <span class='ocrx_word' id='word_1_242' title='bbox 1041 3218 1185 3273; x_wconf 91' lang='lat' dir='ltr'><strong>illius</strong></span> <span class='ocrx_word' id='word_1_243' title='bbox 1219 3219 1356 3273; x_wconf 86' lang='lat' dir='ltr'><strong>absit</strong></span> <span class='ocrx_word' id='word_1_244' title='bbox 1384 3219 1659 3283; x_wconf 79' lang='lat' dir='ltr'><strong>auxilium,</strong></span> <span class='ocrx_word' id='word_1_245' title='bbox 1693 3233 1760 3274; x_wconf 89' lang='lat' dir='ltr'><strong>ne</strong></span> <span class='ocrx_word' id='word_1_246' title='bbox 1800 3219 2058 3274; x_wconf 87' lang='lat' dir='ltr'><strong>mediocri</strong></span> 
     </span>
    </p>
   </div>
   <div class='ocr_carea' id='block_1_34' title="bbox 481 3309 2060 3383">
    <p class='ocr_par' dir='ltr' id='par_1_34' title="bbox 481 3309 2060 3383">
     <span class='ocr_line' id='line_1_34' title="bbox 481 3309 2060 3383; baseline 0 -18"><span class='ocrx_word' id='word_1_247' title='bbox 481 3311 691 3383; x_wconf 89' lang='lat' dir='ltr'><strong>quidem</strong></span> <span class='ocrx_word' id='word_1_248' title='bbox 720 3310 1015 3381; x_wconf 91' lang='lat' dir='ltr'><strong>poterimus</strong></span> <span class='ocrx_word' id='word_1_249' title='bbox 1039 3309 1316 3365; x_wconf 89' lang='lat' dir='ltr'><strong>tentationi</strong></span> <span class='ocrx_word' id='word_1_250' title='bbox 1344 3309 1615 3364; x_wconf 91' lang='lat' dir='ltr'><strong>resistere.</strong></span> <span class='ocrx_word' id='word_1_251' title='bbox 1645 3309 1749 3365; x_wconf 89' lang='lat' dir='ltr'><strong>Sed</strong></span> <span class='ocrx_word' id='word_1_252' title='bbox 1792 3310 1917 3379; x_wconf 91' lang='lat' dir='ltr'><strong>quid</strong></span> <span class='ocrx_word' id='word_1_253' title='bbox 1960 3324 2060 3380; x_wconf 86' lang='lat' dir='ltr'><strong>ego</strong></span> 
     </span>
    </p>
   </div>
   <div class='ocr_carea' id='block_1_35' title="bbox 482 3400 2062 3471">
    <p class='ocr_par' dir='ltr' id='par_1_35' title="bbox 482 3400 2062 3471">
     <span class='ocr_line' id='line_1_35' title="bbox 482 3400 2062 3471; baseline -0.001 -13"><span class='ocrx_word' id='word_1_254' title='bbox 482 3403 552 3459; x_wconf 90' lang='lat' dir='ltr'><strong>de</strong></span> <span class='ocrx_word' id='word_1_255' title='bbox 578 3401 732 3458; x_wconf 89' lang='lat' dir='ltr'><strong>nobis</strong></span> <span class='ocrx_word' id='word_1_256' title='bbox 762 3401 954 3456; x_wconf 86' lang='lat' dir='ltr'><strong>vilibus</strong></span> <span class='ocrx_word' id='word_1_257' title='bbox 982 3411 1032 3456; x_wconf 89' lang='lat' dir='ltr'><strong>et</strong></span> <span class='ocrx_word' id='word_1_258' title='bbox 1062 3401 1286 3471; x_wconf 89' lang='lat' dir='ltr'><strong>abjeetis</strong></span> <span class='ocrx_word' id='word_1_259' title='bbox 1312 3400 1543 3471; x_wconf 85' lang='lat' dir='ltr'><strong>loquor?</strong></span> <span class='ocrx_word' id='word_1_260' title='bbox 1566 3400 1718 3456; x_wconf 88' lang='lat' dir='ltr'><strong>Licet</strong></span> <span class='ocrx_word' id='word_1_261' title='bbox 1756 3400 1953 3455; x_wconf 89' lang='lat' dir='ltr'><strong>Paulus</strong></span> <span class='ocrx_word' id='word_1_262' title='bbox 1992 3401 2062 3456; x_wconf 91' lang='lat' dir='ltr'><strong>sit</strong></span> 
     </span>
    </p>
   </div>
   <div class='ocr_carea' id='block_1_36' title="bbox 481 3489 2062 3564">
    <p class='ocr_par' dir='ltr' id='par_1_36' title="bbox 481 3489 2062 3564">
     <span class='ocr_line' id='line_1_36' title="bbox 481 3489 2062 3564; baseline -0.001 -17"><span class='ocrx_word' id='word_1_263' title='bbox 481 3492 672 3564; x_wconf 91' lang='lat' dir='ltr'><strong>aliquis</strong></span> <span class='ocrx_word' id='word_1_264' title='bbox 695 3500 785 3546; x_wconf 91' lang='lat' dir='ltr'><strong>aut</strong></span> <span class='ocrx_word' id='word_1_265' title='bbox 811 3492 1021 3555; x_wconf 86' lang='lat' dir='ltr'><strong>Petrus,</strong></span> <span class='ocrx_word' id='word_1_266' title='bbox 1051 3490 1172 3546; x_wconf 90' lang='lat' dir='ltr'><strong>licet</strong></span> <span class='ocrx_word' id='word_1_267' title='bbox 1197 3490 1425 3546; x_wconf 83' lang='lat' dir='ltr'><strong>Jacobus</strong></span> <span class='ocrx_word' id='word_1_268' title='bbox 1444 3499 1535 3545; x_wconf 90' lang='lat' dir='ltr'><strong>aut</strong></span> <span class='ocrx_word' id='word_1_269' title='bbox 1557 3489 2062 3553; x_wconf 81' lang='lat' dir='ltr'><strong>Joannes,subsidio</strong></span> 
     </span>
    </p>
   </div>
   <div class='ocr_carea' id='block_1_37' title="bbox 484 3581 2064 3652">
    <p class='ocr_par' dir='ltr' id='par_1_37' title="bbox 484 3581 2064 3652">
     <span class='ocr_line' id='line_1_37' title="bbox 484 3581 2064 3652; baseline -0.003 -12"><span class='ocrx_word' id='word_1_270' title='bbox 484 3584 683 3640; x_wconf 72' lang='lat' dir='ltr'><strong>caelesti</strong></span> <span class='ocrx_word' id='word_1_271' title='bbox 710 3583 944 3652; x_wconf 86' lang='lat' dir='ltr'><strong>privatus</strong></span> <span class='ocrx_word' id='word_1_272' title='bbox 999 3582 1152 3637; x_wconf 90' lang='lat' dir='ltr'><strong>facile</strong></span> <span class='ocrx_word' id='word_1_273' title='bbox 1195 3581 1441 3646; x_wconf 86' lang='lat' dir='ltr'><strong>vincitur,</strong></span> <span class='ocrx_word' id='word_1_274' title='bbox 1483 3592 1536 3637; x_wconf 93' lang='lat' dir='ltr'><strong>et</strong></span> <span class='ocrx_word' id='word_1_275' title='bbox 1586 3581 1981 3652; x_wconf 89' lang='lat' dir='ltr'><strong>supplantatur,</strong></span> <span class='ocrx_word' id='word_1_276' title='bbox 2008 3590 2064 3636; x_wconf 92' lang='lat' dir='ltr'><strong>et</strong></span> 
     </span>
    </p>
   </div>
   <div class='ocr_carea' id='block_1_38' title="bbox 482 3674 2064 3745">
    <p class='ocr_par' dir='ltr' id='par_1_38' title="bbox 482 3674 2064 3745">
     <span class='ocr_line' id='line_1_38' title="bbox 482 3674 2064 3745; baseline -0.001 -12"><span class='ocrx_word' id='word_1_277' title='bbox 482 3675 736 3733; x_wconf 88' lang='lat' dir='ltr'><strong>concidit.</strong></span> <span class='ocrx_word' id='word_1_278' title='bbox 779 3674 861 3730; x_wconf 81' lang='lat' dir='ltr'><strong>Ad</strong></span> <span class='ocrx_word' id='word_1_279' title='bbox 906 3674 1022 3730; x_wconf 56' lang='lat' dir='ltr'><strong>haec</strong></span> <span class='ocrx_word' id='word_1_280' title='bbox 1049 3674 1227 3729; x_wconf 87' lang='lat' dir='ltr'><strong>omnia</strong></span> <span class='ocrx_word' id='word_1_281' title='bbox 1261 3675 1454 3731; x_wconf 91' lang='lat' dir='ltr'><strong>tuenda</strong></span> <span class='ocrx_word' id='word_1_282' title='bbox 1484 3674 1634 3729; x_wconf 86' lang='lat' dir='ltr'><strong>vobis</strong></span> <span class='ocrx_word' id='word_1_283' title='bbox 1661 3675 1854 3730; x_wconf 83' lang='lat' dir='ltr'><strong>Christi</strong></span> <span class='ocrx_word' id='word_1_284' title='bbox 1898 3676 2064 3745; x_wconf 89' lang='lat' dir='ltr'><strong>ipsius</strong></span> 
     </span>
    </p>
   </div>
   <div class='ocr_carea' id='block_1_39' title="bbox 487 3764 2065 3834">
    <p class='ocr_par' dir='ltr' id='par_1_39' title="bbox 487 3764 2065 3834">
     <span class='ocr_line' id='line_1_39' title="bbox 487 3764 2065 3834; baseline 0.002 -15"><span class='ocrx_word' id='word_1_285' title='bbox 487 3781 646 3821; x_wconf 85' lang='lat' dir='ltr'><strong>voces</strong></span> <span class='ocrx_word' id='word_1_286' title='bbox 690 3765 927 3821; x_wconf 86' lang='lat' dir='ltr'><strong>recitabo</strong></span> <span class='ocrx_word' id='word_1_287' title='bbox 961 3784 975 3821; x_wconf 91' lang='lat'><strong>:</strong></span> <span class='ocrx_word' id='word_1_288' title='bbox 1003 3764 1263 3834; x_wconf 86' lang='lat' dir='ltr'><strong>siquidem</strong></span> <span class='ocrx_word' id='word_1_289' title='bbox 1292 3765 1452 3820; x_wconf 90' lang='lat' dir='ltr'><strong>Petro</strong></span> <span class='ocrx_word' id='word_1_290' title='bbox 1477 3764 1610 3819; x_wconf 85' lang='lat' dir='ltr'><strong>dixit</strong></span> <span class='ocrx_word' id='word_1_291' title='bbox 1641 3782 1655 3821; x_wconf 91' lang='lat'><strong>:</strong></span> <span class='ocrx_word' id='word_1_292' title='bbox 1685 3764 1817 3819; x_wconf 82' lang='lat' dir='ltr'><strong>Ecce</strong></span> <span class='ocrx_word' id='word_1_293' title='bbox 1860 3776 2065 3822; x_wconf 84' lang='lat' dir='ltr'><strong>satanas</strong></span> 
     </span>
    </p>
   </div>
   <div class='ocr_carea' id='block_1_40' title="bbox 474 3856 2064 3930">
    <p class='ocr_par' dir='ltr' id='par_1_40' title="bbox 474 3856 2064 3930">
     <span class='ocr_line' id='line_1_40' title="bbox 474 3856 2064 3930; baseline 0.001 -18"><span class='ocrx_word' id='word_1_294' title='bbox 474 3858 720 3930; x_wconf 61' lang='lat' dir='ltr'><strong>expetivit</strong></span> <span class='ocrx_word' id='word_1_295' title='bbox 733 3856 1311 3923; x_wconf 86' lang='lat' dir='ltr'><strong>vos,utcribraretsicut</strong></span> <span class='ocrx_word' id='word_1_296' title='bbox 1323 3859 1555 3915; x_wconf 77' lang='lat' dir='ltr'><strong>triticum</strong></span> <span class='ocrx_word' id='word_1_297' title='bbox 1566 3876 1584 3913; x_wconf 90' lang='lat'><em>:</em></span> <span class='ocrx_word' id='word_1_298' title='bbox 1600 3867 1644 3912; x_wconf 86' lang='lat' dir='ltr'><strong>et</strong></span> <span class='ocrx_word' id='word_1_299' title='bbox 1675 3874 1764 3929; x_wconf 79' lang='lat' dir='ltr'><strong>ego</strong></span> <span class='ocrx_word' id='word_1_300' title='bbox 1788 3862 1961 3929; x_wconf 80' lang='lat' dir='ltr'><strong>rogavi</strong></span> <span class='ocrx_word' id='word_1_301' title='bbox 1971 3875 2064 3930; x_wconf 88' lang='lat' dir='ltr'><strong>pro</strong></span> 
     </span>
    </p>
   </div>
   <div class='ocr_carea' id='block_1_41' title="bbox 489 3949 2067 4021">
    <p class='ocr_par' dir='ltr' id='par_1_41' title="bbox 489 3949 2067 4021">
     <span class='ocr_line' id='line_1_41' title="bbox 489 3949 2067 4021; baseline 0.002 -18"><span class='ocrx_word' id='word_1_302' title='bbox 489 3960 556 4013; x_wconf 88' lang='lat' dir='ltr'><strong>te,</strong></span> <span class='ocrx_word' id='word_1_303' title='bbox 591 3957 645 4001; x_wconf 91' lang='lat' dir='ltr'><strong>ut</strong></span> <span class='ocrx_word' id='word_1_304' title='bbox 670 3965 769 4002; x_wconf 86' lang='lat' dir='ltr'><strong>non</strong></span> <span class='ocrx_word' id='word_1_305' title='bbox 797 3949 997 4018; x_wconf 74' lang='lat' dir='ltr'><strong>deficiat</strong></span> <span class='ocrx_word' id='word_1_306' title='bbox 1017 3949 1144 4019; x_wconf 80' lang='lat' dir='ltr'><strong>ﬁdes</strong></span> <span class='ocrx_word' id='word_1_307' title='bbox 1170 3958 1256 4003; x_wconf 87' lang='lat' dir='ltr'><strong>tua</strong></span> <span class='ocrx_word' id='word_1_308' title='bbox 1282 3949 1431 4021; x_wconf 88' lang='lat' dir='ltr'><strong>(Luc.</strong></span> <span class='ocrx_word' id='word_1_309' title='bbox 1454 3949 1545 4003; x_wconf 90' lang='lat'><strong>22.</strong></span> <span class='ocrx_word' id='word_1_310' title='bbox 1570 3950 1658 4005; x_wconf 80' lang='lat' dir='ltr'><strong>5i.</strong></span> <span class='ocrx_word' id='word_1_311' title='bbox 1682 3949 1795 4019; x_wconf 75' lang='lat'><strong>52).</strong></span> <span class='ocrx_word' id='word_1_312' title='bbox 1817 3949 1953 4017; x_wconf 86' lang='lat' dir='ltr'><strong>Quid</strong></span> <span class='ocrx_word' id='word_1_313' title='bbox 1981 3960 2067 4006; x_wconf 75' lang='lat' dir='ltr'><strong>est</strong></span> 
     </span>
    </p>
   </div>
   <div class='ocr_carea' id='block_1_42' title="bbox 485 4039 2066 4109">
    <p class='ocr_par' dir='ltr' id='par_1_42' title="bbox 485 4039 2066 4109">
     <span class='ocr_line' id='line_1_42' title="bbox 485 4039 2066 4109; baseline -0.001 -13"><span class='ocrx_word' id='word_1_314' title='bbox 485 4039 763 4096; x_wconf 80' lang='lat' dir='ltr'><strong>eribrare?</strong></span> <span class='ocrx_word' id='word_1_315' title='bbox 793 4041 1071 4095; x_wconf 81' lang='lat' dir='ltr'><strong>Abducere</strong></span> <span class='ocrx_word' id='word_1_316' title='bbox 1090 4081 1104 4104; x_wconf 94' lang='lat'><strong>,</strong></span> <span class='ocrx_word' id='word_1_317' title='bbox 1127 4039 1561 4107; x_wconf 87' lang='lat' dir='ltr'><strong>circumducere,</strong></span> <span class='ocrx_word' id='word_1_318' title='bbox 1609 4042 1914 4109; x_wconf 75' lang='lat' dir='ltr'><strong>exagitare,</strong></span> <span class='ocrx_word' id='word_1_319' title='bbox 1947 4057 2066 4096; x_wconf 87' lang='lat' dir='ltr'><strong>mo-</strong></span> 
     </span>
    </p>
   </div>
   <div class='ocr_carea' id='block_1_43' title="bbox 487 4130 2068 4200">
    <p class='ocr_par' dir='ltr' id='par_1_43' title="bbox 487 4130 2068 4200">
     <span class='ocr_line' id='line_1_43' title="bbox 487 4130 2068 4200; baseline 0.001 -17"><span class='ocrx_word' id='word_1_320' title='bbox 487 4145 634 4190; x_wconf 87' lang='lat' dir='ltr'><strong>vere.</strong></span> <span class='ocrx_word' id='word_1_321' title='bbox 659 4141 965 4197; x_wconf 91' lang='lat' dir='ltr'><strong>concutere,</strong></span> <span class='ocrx_word' id='word_1_322' title='bbox 1014 4131 1288 4194; x_wconf 83' lang='lat' dir='ltr'><strong>divexare,</strong></span> <span class='ocrx_word' id='word_1_323' title='bbox 1344 4131 1485 4184; x_wconf 87' lang='lat' dir='ltr'><strong>sicut</strong></span> <span class='ocrx_word' id='word_1_324' title='bbox 1537 4130 1589 4184; x_wconf 89' lang='lat' dir='ltr'><strong>in</strong></span> <span class='ocrx_word' id='word_1_325' title='bbox 1638 4131 1705 4184; x_wconf 90' lang='lat' dir='ltr'><strong>iis</strong></span> <span class='ocrx_word' id='word_1_326' title='bbox 1733 4146 1852 4200; x_wconf 76' lang='lat' dir='ltr'><strong>quae</strong></span> <span class='ocrx_word' id='word_1_327' title='bbox 1891 4132 2068 4186; x_wconf 91' lang='lat' dir='ltr'><strong>cribro</strong></span> 
     </span>
    </p>
   </div>
   <div class='ocr_carea' id='block_1_44' title="bbox 488 4219 2068 4291">
    <p class='ocr_par' dir='ltr' id='par_1_44' title="bbox 488 4219 2068 4291">
     <span class='ocr_line' id='line_1_44' title="bbox 488 4219 2068 4291; baseline 0.002 -17"><span class='ocrx_word' id='word_1_328' title='bbox 488 4222 847 4276; x_wconf 75' lang='lat' dir='ltr'><strong>ventilentur:</strong></span> <span class='ocrx_word' id='word_1_329' title='bbox 881 4231 936 4276; x_wconf 89' lang='lat' dir='ltr'><strong>at</strong></span> <span class='ocrx_word' id='word_1_330' title='bbox 980 4237 1082 4290; x_wconf 89' lang='lat' dir='ltr'><strong>ego</strong></span> <span class='ocrx_word' id='word_1_331' title='bbox 1122 4220 1458 4287; x_wconf 84' lang='lat' dir='ltr'><strong>cohibebam,</strong></span> <span class='ocrx_word' id='word_1_332' title='bbox 1515 4219 1709 4291; x_wconf 89' lang='lat' dir='ltr'><strong>inquit,</strong></span> <span class='ocrx_word' id='word_1_333' title='bbox 1762 4221 2068 4291; x_wconf 83' lang='lat' dir='ltr'><strong>intelligens</strong></span> 
     </span>
    </p>
   </div>
   <div class='ocr_carea' id='block_1_45' title="bbox 490 4312 2067 4381">
    <p class='ocr_par' dir='ltr' id='par_1_45' title="bbox 490 4312 2067 4381">
     <span class='ocr_line' id='line_1_45' title="bbox 490 4312 2067 4381; baseline 0.001 -15"><span class='ocrx_word' id='word_1_334' title='bbox 490 4327 822 4381; x_wconf 81' lang='lat' dir='ltr'><strong>nequaquam</strong></span> <span class='ocrx_word' id='word_1_335' title='bbox 880 4325 1036 4381; x_wconf 85' lang='lat' dir='ltr'><strong>posse</strong></span> <span class='ocrx_word' id='word_1_336' title='bbox 1085 4325 1179 4365; x_wconf 91' lang='lat' dir='ltr'><strong>vos</strong></span> <span class='ocrx_word' id='word_1_337' title='bbox 1228 4313 1574 4365; x_wconf 88' lang='lat' dir='ltr'><strong>tentationem</strong></span> <span class='ocrx_word' id='word_1_338' title='bbox 1627 4312 2067 4377; x_wconf 85' lang='lat' dir='ltr'><strong>sustinere;cum</strong></span> 
     </span>
    </p>
   </div>
   <div class='ocr_carea' id='block_1_46' title="bbox 480 4399 2066 4472">
    <p class='ocr_par' dir='ltr' id='par_1_46' title="bbox 480 4399 2066 4472">
     <span class='ocr_line' id='line_1_46' title="bbox 480 4399 2066 4472; baseline 0.003 -16"><span class='ocrx_word' id='word_1_339' title='bbox 480 4401 630 4457; x_wconf 72' lang='lat' dir='ltr'><strong>.cnim</strong></span> <span class='ocrx_word' id='word_1_340' title='bbox 653 4400 747 4468; x_wconf 87' lang='lat' dir='ltr'><strong>ait,</strong></span> <span class='ocrx_word' id='word_1_341' title='bbox 777 4399 858 4453; x_wconf 83' lang='lat' dir='ltr'><strong>Ne</strong></span> <span class='ocrx_word' id='word_1_342' title='bbox 885 4400 1087 4469; x_wconf 79' lang='lat' dir='ltr'><strong>deﬁciat</strong></span> <span class='ocrx_word' id='word_1_343' title='bbox 1115 4400 1242 4469; x_wconf 80' lang='lat' dir='ltr'><strong>ﬁdes</strong></span> <span class='ocrx_word' id='word_1_344' title='bbox 1270 4410 1378 4465; x_wconf 90' lang='lat' dir='ltr'><strong>tua,</strong></span> <span class='ocrx_word' id='word_1_345' title='bbox 1413 4400 1512 4455; x_wconf 84' lang='lat' dir='ltr'><strong>hoc</strong></span> <span class='ocrx_word' id='word_1_346' title='bbox 1536 4401 1815 4472; x_wconf 89' lang='lat' dir='ltr'><strong>signiﬁcat,</strong></span> <span class='ocrx_word' id='word_1_347' title='bbox 1833 4402 2066 4459; x_wconf 88' lang='lat' dir='ltr'><strong>futurum</strong></span> 
     </span>
    </p>
   </div>
   <div class='ocr_carea' id='block_1_47' title="bbox 479 4494 2064 4566">
    <p class='ocr_par' dir='ltr' id='par_1_47' title="bbox 479 4494 2064 4566">
     <span class='ocr_line' id='line_1_47' title="bbox 479 4494 2064 4566; baseline 0.001 -16"><span class='ocrx_word' id='word_1_348' title='bbox 479 4496 674 4563; x_wconf 60' lang='lat' dir='ltr'><strong>afuisse,</strong></span> <span class='ocrx_word' id='word_1_349' title='bbox 725 4504 783 4549; x_wconf 93' lang='lat' dir='ltr'><strong>ut</strong></span> <span class='ocrx_word' id='word_1_350' title='bbox 826 4494 956 4550; x_wconf 89' lang='lat' dir='ltr'><strong>ﬁdes</strong></span> <span class='ocrx_word' id='word_1_351' title='bbox 1005 4495 1121 4564; x_wconf 90' lang='lat' dir='ltr'><strong>ejus</strong></span> <span class='ocrx_word' id='word_1_352' title='bbox 1163 4494 1440 4563; x_wconf 89' lang='lat' dir='ltr'><strong>deﬁceret,</strong></span> <span class='ocrx_word' id='word_1_353' title='bbox 1490 4496 1534 4549; x_wconf 88' lang='lat' dir='ltr'><strong>si</strong></span> <span class='ocrx_word' id='word_1_354' title='bbox 1586 4496 1676 4551; x_wconf 90' lang='lat' dir='ltr'><strong>ille</strong></span> <span class='ocrx_word' id='word_1_355' title='bbox 1717 4497 2064 4566; x_wconf 89' lang='lat' dir='ltr'><strong>permisisset.</strong></span> 
     </span>
    </p>
   </div>
   <div class='ocr_carea' id='block_1_48' title="bbox 477 4584 2067 4657">
    <p class='ocr_par' dir='ltr' id='par_1_48' title="bbox 477 4584 2067 4657">
     <span class='ocr_line' id='line_1_48' title="bbox 477 4584 2067 4657; baseline 0.007 -24"><span class='ocrx_word' id='word_1_356' title='bbox 477 4584 644 4651; x_wconf 74' lang='lat' dir='ltr'><strong>.Quod</strong></span> <span class='ocrx_word' id='word_1_357' title='bbox 664 4585 709 4639; x_wconf 88' lang='lat' dir='ltr'><strong>si</strong></span> <span class='ocrx_word' id='word_1_358' title='bbox 737 4584 927 4640; x_wconf 87' lang='lat' dir='ltr'><strong>Petrus</strong></span> <span class='ocrx_word' id='word_1_359' title='bbox 947 4584 1182 4641; x_wconf 85' lang='lat' dir='ltr'><strong>fervidus</strong></span> <span class='ocrx_word' id='word_1_360' title='bbox 1224 4594 1430 4639; x_wconf 89' lang='lat' dir='ltr'><strong>amator</strong></span> <span class='ocrx_word' id='word_1_361' title='bbox 1453 4584 1689 4653; x_wconf 87' lang='lat' dir='ltr'><strong>Christi,</strong></span> <span class='ocrx_word' id='word_1_362' title='bbox 1720 4587 1808 4657; x_wconf 91' lang='lat' dir='ltr'><strong>qui</strong></span> <span class='ocrx_word' id='word_1_363' title='bbox 1838 4588 2067 4644; x_wconf 86' lang='lat' dir='ltr'><strong>animam</strong></span> 
     </span>
    </p>
   </div>
   <div class='ocr_carea' id='block_1_49' title="bbox 480 4676 2070 4748">
    <p class='ocr_par' dir='ltr' id='par_1_49' title="bbox 480 4676 2070 4748">
     <span class='ocr_line' id='line_1_49' title="bbox 480 4676 2070 4748; baseline 0.002 -16"><span class='ocrx_word' id='word_1_364' title='bbox 480 4693 645 4732; x_wconf 49' lang='lat' dir='ltr'><strong>&#39;suam</strong></span> <span class='ocrx_word' id='word_1_365' title='bbox 673 4676 866 4730; x_wconf 85' lang='lat' dir='ltr'><strong>millies</strong></span> <span class='ocrx_word' id='word_1_366' title='bbox 886 4691 983 4746; x_wconf 91' lang='lat' dir='ltr'><strong>pro</strong></span> <span class='ocrx_word' id='word_1_367' title='bbox 1011 4677 1126 4747; x_wconf 87' lang='lat' dir='ltr'><strong>ipso</strong></span> <span class='ocrx_word' id='word_1_368' title='bbox 1154 4676 1420 4746; x_wconf 81' lang='lat' dir='ltr'><strong>exposuit,</strong></span> <span class='ocrx_word' id='word_1_369' title='bbox 1448 4678 1643 4748; x_wconf 89' lang='lat' dir='ltr'><strong>quique</strong></span> <span class='ocrx_word' id='word_1_370' title='bbox 1690 4692 1901 4748; x_wconf 88' lang='lat' dir='ltr'><strong>semper</strong></span> <span class='ocrx_word' id='word_1_371' title='bbox 1945 4690 2070 4736; x_wconf 88' lang='lat' dir='ltr'><strong>ante</strong></span> 
     </span>
    </p>
   </div>
   <div class='ocr_carea' id='block_1_50' title="bbox 480 4767 2070 4840">
    <p class='ocr_par' dir='ltr' id='par_1_50' title="bbox 480 4767 2070 4840">
     <span class='ocr_line' id='line_1_50' title="bbox 480 4767 2070 4840; baseline 0 -15"><span class='ocrx_word' id='word_1_372' title='bbox 480 4774 688 4825; x_wconf 71' lang='lat' dir='ltr'><strong>.cmtutn</strong></span> <span class='ocrx_word' id='word_1_373' title='bbox 721 4768 924 4836; x_wconf 85' lang='lat' dir='ltr'><strong>prosilit</strong></span> <span class='ocrx_word' id='word_1_374' title='bbox 942 4767 1322 4838; x_wconf 89' lang='lat' dir='ltr'><strong>apostolorum,</strong></span> <span class='ocrx_word' id='word_1_375' title='bbox 1352 4777 1404 4822; x_wconf 89' lang='lat' dir='ltr'><strong>et</strong></span> <span class='ocrx_word' id='word_1_376' title='bbox 1433 4767 1618 4823; x_wconf 88' lang='lat' dir='ltr'><strong>beatus</strong></span> <span class='ocrx_word' id='word_1_377' title='bbox 1637 4783 1666 4822; x_wconf 90' lang='lat' dir='ltr'><strong>a</strong></span> <span class='ocrx_word' id='word_1_378' title='bbox 1696 4770 1947 4840; x_wconf 86' lang='lat' dir='ltr'><strong>magistro</strong></span> <span class='ocrx_word' id='word_1_379' title='bbox 1973 4786 2070 4826; x_wconf 91' lang='lat' dir='ltr'><strong>suo</strong></span> 
     </span>
    </p>
   </div>
   <div class='ocr_carea' id='block_1_51' title="bbox 481 4856 2069 4931">
    <p class='ocr_par' dir='ltr' id='par_1_51' title="bbox 481 4856 2069 4931">
     <span class='ocr_line' id='line_1_51' title="bbox 481 4856 2069 4931; baseline 0.001 -18"><span class='ocrx_word' id='word_1_380' title='bbox 481 4857 832 4927; x_wconf 68' lang='lat' dir='ltr'><strong>praedicatur,</strong></span> <span class='ocrx_word' id='word_1_381' title='bbox 861 4856 1085 4927; x_wconf 79' lang='lat' dir='ltr'><strong>idecque</strong></span> <span class='ocrx_word' id='word_1_382' title='bbox 1134 4857 1323 4913; x_wconf 87' lang='lat' dir='ltr'><strong>Petrus</strong></span> <span class='ocrx_word' id='word_1_383' title='bbox 1351 4857 1647 4928; x_wconf 87' lang='lat' dir='ltr'><strong>appellatus</strong></span> <span class='ocrx_word' id='word_1_384' title='bbox 1673 4868 1776 4925; x_wconf 91' lang='lat' dir='ltr'><strong>est,</strong></span> <span class='ocrx_word' id='word_1_385' title='bbox 1814 4859 1955 4931; x_wconf 87' lang='lat' dir='ltr'><strong>quod</strong></span> <span class='ocrx_word' id='word_1_386' title='bbox 1987 4860 2069 4915; x_wconf 82' lang='lat' dir='ltr'><strong>in-</strong></span> 
     </span>
    </p>
   </div>
   <div class='ocr_carea' id='block_1_52' title="bbox 485 4947 2071 5019">
    <p class='ocr_par' dir='ltr' id='par_1_52' title="bbox 485 4947 2071 5019">
     <span class='ocr_line' id='line_1_52' title="bbox 485 4947 2071 5019; baseline 0.004 -18"><span class='ocrx_word' id='word_1_387' title='bbox 485 4962 752 5003; x_wconf 76' lang='lat' dir='ltr'><strong>concussa</strong></span> <span class='ocrx_word' id='word_1_388' title='bbox 788 4954 842 5002; x_wconf 89' lang='lat' dir='ltr'><strong>et</strong></span> <span class='ocrx_word' id='word_1_389' title='bbox 876 4947 1189 5002; x_wconf 83' lang='lat' dir='ltr'><strong>immutabili</strong></span> <span class='ocrx_word' id='word_1_390' title='bbox 1217 4947 1320 5003; x_wconf 91' lang='lat' dir='ltr'><strong>ﬁde</strong></span> <span class='ocrx_word' id='word_1_391' title='bbox 1344 4947 1598 5019; x_wconf 66' lang='lat' dir='ltr'><strong>praeditus</strong></span> <span class='ocrx_word' id='word_1_392' title='bbox 1625 4957 1802 5014; x_wconf 77' lang='lat' dir='ltr'><strong>esset,</strong></span> <span class='ocrx_word' id='word_1_393' title='bbox 1833 4949 2071 5018; x_wconf 85' lang='lat' dir='ltr'><strong>dejectus</strong></span> 
     </span>
    </p>
   </div>
   <div class='ocr_carea' id='block_1_53' title="bbox 498 5036 2068 5110">
    <p class='ocr_par' dir='ltr' id='par_1_53' title="bbox 498 5036 2068 5110">
     <span class='ocr_line' id='line_1_53' title="bbox 498 5036 2068 5110; baseline 0.003 -21"><span class='ocrx_word' id='word_1_394' title='bbox 498 5037 699 5101; x_wconf 75' lang='lat' dir='ltr'><strong>luiSset,</strong></span> <span class='ocrx_word' id='word_1_395' title='bbox 722 5046 777 5092; x_wconf 92' lang='lat' dir='ltr'><strong>et</strong></span> <span class='ocrx_word' id='word_1_396' title='bbox 799 5052 828 5090; x_wconf 90' lang='lat' dir='ltr'><strong>a</strong></span> <span class='ocrx_word' id='word_1_397' title='bbox 854 5036 1188 5092; x_wconf 79' lang='lat' dir='ltr'><strong>coalessione</strong></span> <span class='ocrx_word' id='word_1_398' title='bbox 1213 5038 1514 5103; x_wconf 78' lang='lat' dir='ltr'><strong>excidisset,</strong></span> <span class='ocrx_word' id='word_1_399' title='bbox 1532 5041 1600 5105; x_wconf 90' lang='lat' dir='ltr'><strong>si,</strong></span> <span class='ocrx_word' id='word_1_400' title='bbox 1624 5048 1876 5110; x_wconf 91' lang='lat' dir='ltr'><strong>quantum</strong></span> <span class='ocrx_word' id='word_1_401' title='bbox 1889 5040 2068 5108; x_wconf 89' lang='lat' dir='ltr'><strong>vellet,</strong></span> 
     </span>
    </p>
   </div>
   <div class='ocr_carea' id='block_1_54' title="bbox 488 5126 2072 5201">
    <p class='ocr_par' dir='ltr' id='par_1_54' title="bbox 488 5126 2072 5201">
     <span class='ocr_line' id='line_1_54' title="bbox 488 5126 2072 5201; baseline 0.004 -22"><span class='ocrx_word' id='word_1_402' title='bbox 488 5136 705 5182; x_wconf 76' lang='lat' dir='ltr'><strong>tentare</strong></span> <span class='ocrx_word' id='word_1_403' title='bbox 727 5127 937 5183; x_wconf 83' lang='lat' dir='ltr'><strong>diabolo</strong></span> <span class='ocrx_word' id='word_1_404' title='bbox 953 5126 1194 5184; x_wconf 88' lang='lat' dir='ltr'><strong>Christus</strong></span> <span class='ocrx_word' id='word_1_405' title='bbox 1214 5131 1560 5199; x_wconf 88' lang='lat' dir='ltr'><strong>permisisset,</strong></span> <span class='ocrx_word' id='word_1_406' title='bbox 1576 5132 1695 5201; x_wconf 89' lang='lat' dir='ltr'><strong>quis</strong></span> <span class='ocrx_word' id='word_1_407' title='bbox 1720 5131 1853 5185; x_wconf 89' lang='lat' dir='ltr'><strong>alius</strong></span> <span class='ocrx_word' id='word_1_408' title='bbox 1872 5130 2072 5200; x_wconf 86' lang='lat' dir='ltr'><strong>absque</strong></span> 
     </span>
    </p>
   </div>
   <div class='ocr_carea' id='block_1_55' title="bbox 489 5216 2073 5290">
    <p class='ocr_par' dir='ltr' id='par_1_55' title="bbox 489 5216 2073 5290">
     <span class='ocr_line' id='line_1_55' title="bbox 489 5216 2073 5290; baseline 0.003 -19"><span class='ocrx_word' id='word_1_409' title='bbox 489 5216 639 5272; x_wconf 82' lang='lat' dir='ltr'><strong>illius</strong></span> <span class='ocrx_word' id='word_1_410' title='bbox 659 5218 856 5272; x_wconf 83' lang='lat' dir='ltr'><strong>auxilio</strong></span> <span class='ocrx_word' id='word_1_411' title='bbox 884 5219 1076 5287; x_wconf 86' lang='lat' dir='ltr'><strong>poterit</strong></span> <span class='ocrx_word' id='word_1_412' title='bbox 1108 5235 1359 5290; x_wconf 89' lang='lat' dir='ltr'><strong>umquam</strong></span> <span class='ocrx_word' id='word_1_413' title='bbox 1390 5222 1680 5277; x_wconf 87' lang='lat' dir='ltr'><strong>resistere?</strong></span> <span class='ocrx_word' id='word_1_414' title='bbox 1703 5220 1964 5289; x_wconf 80' lang='lat' dir='ltr'><strong>Quocirca</strong></span> <span class='ocrx_word' id='word_1_415' title='bbox 1992 5222 2073 5275; x_wconf 84' lang='lat' dir='ltr'><strong>di-</strong></span> 
     </span>
    </p>
   </div>
   <div class='ocr_carea' id='block_1_56' title="bbox 489 5309 2074 5382">
    <p class='ocr_par' dir='ltr' id='par_1_56' title="bbox 489 5309 2074 5382">
     <span class='ocr_line' id='line_1_56' title="bbox 489 5309 2074 5382; baseline 0.001 -19"><span class='ocrx_word' id='word_1_416' title='bbox 489 5309 572 5363; x_wconf 79' lang='lat' dir='ltr'><strong>cit</strong></span> <span class='ocrx_word' id='word_1_417' title='bbox 599 5309 760 5364; x_wconf 88' lang='lat' dir='ltr'><strong>etiam</strong></span> <span class='ocrx_word' id='word_1_418' title='bbox 809 5309 1026 5378; x_wconf 88' lang='lat' dir='ltr'><strong>Paulus,</strong></span> <span class='ocrx_word' id='word_1_419' title='bbox 1053 5310 1246 5366; x_wconf 84' lang='lat' dir='ltr'><strong>Fidelis</strong></span> <span class='ocrx_word' id='word_1_420' title='bbox 1276 5311 1431 5378; x_wconf 92' lang='lat' dir='ltr'><strong>Deus,</strong></span> <span class='ocrx_word' id='word_1_421' title='bbox 1472 5313 1558 5381; x_wconf 90' lang='lat' dir='ltr'><strong>qui</strong></span> <span class='ocrx_word' id='word_1_422' title='bbox 1612 5328 1710 5366; x_wconf 91' lang='lat' dir='ltr'><strong>non</strong></span> <span class='ocrx_word' id='word_1_423' title='bbox 1747 5312 1965 5382; x_wconf 85' lang='lat' dir='ltr'><strong>patietur</strong></span> <span class='ocrx_word' id='word_1_424' title='bbox 1988 5327 2074 5365; x_wconf 81' lang='lat' dir='ltr'><strong>vos</strong></span> 
     </span>
    </p>
   </div>
   <div class='ocr_carea' id='block_1_57' title="bbox 492 5401 2074 5474">
    <p class='ocr_par' dir='ltr' id='par_1_57' title="bbox 492 5401 2074 5474">
     <span class='ocr_line' id='line_1_57' title="bbox 492 5401 2074 5474; baseline 0 -19"><span class='ocrx_word' id='word_1_425' title='bbox 492 5402 678 5455; x_wconf 78' lang='lat' dir='ltr'><strong>tentari</strong></span> <span class='ocrx_word' id='word_1_426' title='bbox 698 5417 854 5471; x_wconf 88' lang='lat' dir='ltr'><strong>supra</strong></span> <span class='ocrx_word' id='word_1_427' title='bbox 884 5401 956 5465; x_wconf 87' lang='lat' dir='ltr'><strong>id,</strong></span> <span class='ocrx_word' id='word_1_428' title='bbox 975 5402 1109 5473; x_wconf 85' lang='lat' dir='ltr'><strong>quod</strong></span> <span class='ocrx_word' id='word_1_429' title='bbox 1130 5403 1332 5469; x_wconf 77' lang='lat' dir='ltr'><strong>potestis</strong></span> <span class='ocrx_word' id='word_1_430' title='bbox 1358 5418 1379 5457; x_wconf 87' lang='lat'><strong><em>:</em></strong></span> <span class='ocrx_word' id='word_1_431' title='bbox 1403 5405 1492 5458; x_wconf 86' lang='lat' dir='ltr'><strong>sed</strong></span> <span class='ocrx_word' id='word_1_432' title='bbox 1506 5403 1654 5474; x_wconf 77' lang='lat' dir='ltr'><strong>faciet</strong></span> <span class='ocrx_word' id='word_1_433' title='bbox 1672 5420 1784 5456; x_wconf 87' lang='lat' dir='ltr'><strong>cum</strong></span> <span class='ocrx_word' id='word_1_434' title='bbox 1806 5402 2074 5457; x_wconf 84' lang='lat' dir='ltr'><strong>tentatione</strong></span> 
     </span>
    </p>
   </div>
   <div class='ocr_carea' id='block_1_58' title="bbox 490 5490 2072 5571">
    <p class='ocr_par' dir='ltr' id='par_1_58' title="bbox 490 5490 2072 5571">
     <span class='ocr_line' id='line_1_58' title="bbox 490 5490 2072 5571; baseline 0.003 -29"><span class='ocrx_word' id='word_1_435' title='bbox 490 5500 812 5559; x_wconf 69' lang='lat' dir='ltr'><strong>proventum,</strong></span> <span class='ocrx_word' id='word_1_436' title='bbox 845 5502 898 5544; x_wconf 91' lang='lat' dir='ltr'><strong>ut</strong></span> <span class='ocrx_word' id='word_1_437' title='bbox 924 5493 1125 5561; x_wconf 80' lang='lat' dir='ltr'><strong>possitis</strong></span> <span class='ocrx_word' id='word_1_438' title='bbox 1153 5493 1397 5547; x_wconf 87' lang='lat' dir='ltr'><strong>sustinere</strong></span> <span class='ocrx_word' id='word_1_439' title='bbox 1423 5491 1442 5563; x_wconf 98' lang='lat'>(</span> <span class='ocrx_word' id='word_1_440' title='bbox 1468 5494 1515 5546; x_wconf 81' lang='grc' dir='ltr'><strong>ι.</strong></span> <span class='ocrx_word' id='word_1_441' title='bbox 1546 5491 1661 5571; x_wconf 75' lang='lat' dir='ltr'><strong>cor.</strong></span> <span class='ocrx_word' id='word_1_442' title='bbox 1694 5491 1778 5547; x_wconf 81' lang='lat' dir='ltr'><strong>l0.</strong></span> <span class='ocrx_word' id='word_1_443' title='bbox 1808 5490 1932 5564; x_wconf 79' lang='grc'><strong>15).</strong></span> <span class='ocrx_word' id='word_1_444' title='bbox 1956 5491 2072 5547; x_wconf 87' lang='lat' dir='ltr'><strong>Non</strong></span> 
     </span>
    </p>
   </div>
   <div class='ocr_carea' id='block_1_59' title="bbox 488 5582 2072 5654">
    <p class='ocr_par' dir='ltr' id='par_1_59' title="bbox 488 5582 2072 5654">
     <span class='ocr_line' id='line_1_59' title="bbox 488 5582 2072 5654; baseline 0.002 -17"><span class='ocrx_word' id='word_1_445' title='bbox 488 5582 642 5637; x_wconf 69' lang='lat' dir='ltr'><strong>enim</strong></span> <span class='ocrx_word' id='word_1_446' title='bbox 667 5592 893 5649; x_wconf 84' lang='lat' dir='ltr'><strong>tantum,</strong></span> <span class='ocrx_word' id='word_1_447' title='bbox 928 5584 1115 5654; x_wconf 88' lang='lat' dir='ltr'><strong>inquit,</strong></span> <span class='ocrx_word' id='word_1_448' title='bbox 1142 5599 1300 5654; x_wconf 89' lang='lat' dir='ltr'><strong>supra</strong></span> <span class='ocrx_word' id='word_1_449' title='bbox 1326 5585 1466 5639; x_wconf 89' lang='lat' dir='ltr'><strong>vires</strong></span> <span class='ocrx_word' id='word_1_450' title='bbox 1505 5584 1688 5639; x_wconf 87' lang='lat' dir='ltr'><strong>inferri</strong></span> <span class='ocrx_word' id='word_1_451' title='bbox 1730 5587 2072 5641; x_wconf 85' lang='lat' dir='ltr'><strong>tentationem</strong></span> 
     </span>
    </p>
   </div>
   <div class='ocr_carea' id='block_1_60' title="bbox 492 5675 2073 5747">
    <p class='ocr_par' dir='ltr' id='par_1_60' title="bbox 492 5675 2073 5747">
     <span class='ocr_line' id='line_1_60' title="bbox 492 5675 2073 5747; baseline 0.006 -23"><span class='ocrx_word' id='word_1_452' title='bbox 492 5689 606 5733; x_wconf 73' lang='lat' dir='ltr'><strong>non</strong></span> <span class='ocrx_word' id='word_1_453' title='bbox 630 5675 777 5742; x_wconf 90' lang='lat' dir='ltr'><strong>sinit,</strong></span> <span class='ocrx_word' id='word_1_454' title='bbox 807 5675 900 5731; x_wconf 90' lang='lat' dir='ltr'><strong>sed</strong></span> <span class='ocrx_word' id='word_1_455' title='bbox 928 5680 1088 5729; x_wconf 89' lang='lat' dir='ltr'><strong>etiam</strong></span> <span class='ocrx_word' id='word_1_456' title='bbox 1134 5677 1185 5730; x_wconf 91' lang='lat' dir='ltr'><strong>in</strong></span> <span class='ocrx_word' id='word_1_457' title='bbox 1218 5676 1329 5746; x_wconf 86' lang='lat' dir='ltr'><strong>ipsa</strong></span> <span class='ocrx_word' id='word_1_458' title='bbox 1355 5692 1473 5747; x_wconf 75' lang='lat' dir='ltr'><strong>qua:</strong></span> <span class='ocrx_word' id='word_1_459' title='bbox 1519 5693 1613 5747; x_wconf 88' lang='lat' dir='ltr'><strong>pro</strong></span> <span class='ocrx_word' id='word_1_460' title='bbox 1642 5678 1844 5734; x_wconf 85' lang='lat' dir='ltr'><strong>ratione</strong></span> <span class='ocrx_word' id='word_1_461' title='bbox 1884 5680 2073 5734; x_wconf 89' lang='lat' dir='ltr'><strong>virium</strong></span> 
     </span>
    </p>
   </div>
   <div class='ocr_carea' id='block_1_61' title="bbox 489 5766 2070 5838">
    <p class='ocr_par' dir='ltr' id='par_1_61' title="bbox 489 5766 2070 5838">
     <span class='ocr_line' id='line_1_61' title="bbox 489 5766 2070 5838; baseline 0.002 -15"><span class='ocrx_word' id='word_1_462' title='bbox 489 5766 799 5837; x_wconf 57' lang='lat' dir='ltr'><strong>adhibetur,</strong></span> <span class='ocrx_word' id='word_1_463' title='bbox 843 5784 941 5824; x_wconf 87' lang='lat' dir='ltr'><strong>nos</strong></span> <span class='ocrx_word' id='word_1_464' title='bbox 970 5778 1275 5826; x_wconf 84' lang='lat' dir='ltr'><strong>sustentans</strong></span> <span class='ocrx_word' id='word_1_465' title='bbox 1315 5770 1483 5838; x_wconf 84' lang='lat' dir='ltr'><strong>adest,</strong></span> <span class='ocrx_word' id='word_1_466' title='bbox 1515 5779 1571 5827; x_wconf 89' lang='lat' dir='ltr'><strong>et</strong></span> <span class='ocrx_word' id='word_1_467' title='bbox 1617 5787 1713 5827; x_wconf 86' lang='lat' dir='ltr'><strong>nos</strong></span> <span class='ocrx_word' id='word_1_468' title='bbox 1741 5772 2070 5837; x_wconf 87' lang='lat' dir='ltr'><strong>corroborat,</strong></span> 
     </span>
    </p>
   </div>
   <div class='ocr_carea' id='block_1_62' title="bbox 2151 495 3723 573">
    <p class='ocr_par' dir='ltr' id='par_1_62' title="bbox 2151 495 3723 573">
     <span class='ocr_line' id='line_1_62' title="bbox 2151 495 3723 573; baseline 0.01 -27"><span class='ocrx_word' id='word_1_469' title='bbox 2151 507 2273 547; x_wconf 91' lang='lat' dir='ltr'><strong>cum</strong></span> <span class='ocrx_word' id='word_1_470' title='bbox 2304 508 2401 548; x_wconf 90' lang='lat' dir='ltr'><strong>nos</strong></span> <span class='ocrx_word' id='word_1_471' title='bbox 2433 495 2636 564; x_wconf 86' lang='lat' dir='ltr'><strong>priores</strong></span> <span class='ocrx_word' id='word_1_472' title='bbox 2663 512 2782 566; x_wconf 85' lang='lat' dir='ltr'><strong>quae</strong></span> <span class='ocrx_word' id='word_1_473' title='bbox 2812 507 3111 554; x_wconf 89' lang='lat' dir='ltr'><strong>nostrarum</strong></span> <span class='ocrx_word' id='word_1_474' title='bbox 3162 509 3287 556; x_wconf 86' lang='lat' dir='ltr'><strong>sunt</strong></span> <span class='ocrx_word' id='word_1_475' title='bbox 3326 505 3553 573; x_wconf 82' lang='lat' dir='ltr'><strong>partium</strong></span> <span class='ocrx_word' id='word_1_476' title='bbox 3591 523 3723 562; x_wconf 80' lang='lat' dir='ltr'><strong>eon-</strong></span> 
     </span>
    </p>
   </div>
   <div class='ocr_carea' id='block_1_63' title="bbox 2150 583 3724 665">
    <p class='ocr_par' dir='ltr' id='par_1_63' title="bbox 2150 583 3724 665">
     <span class='ocr_line' id='line_1_63' title="bbox 2150 583 3724 665; baseline 0.01 -29"><span class='ocrx_word' id='word_1_477' title='bbox 2150 583 2450 650; x_wconf 87' lang='lat' dir='ltr'><strong>tuleritnus,</strong></span> <span class='ocrx_word' id='word_1_478' title='bbox 2479 587 2707 656; x_wconf 85' lang='lat' dir='ltr'><strong>exempli</strong></span> <span class='ocrx_word' id='word_1_479' title='bbox 2729 602 2911 654; x_wconf 90' lang='lat' dir='ltr'><strong>causa,</strong></span> <span class='ocrx_word' id='word_1_480' title='bbox 2941 589 3267 646; x_wconf 82' lang='lat' dir='ltr'><strong>alacritatem</strong></span> <span class='ocrx_word' id='word_1_481' title='bbox 3291 594 3473 659; x_wconf 88' lang='lat' dir='ltr'><strong>animi,</strong></span> <span class='ocrx_word' id='word_1_482' title='bbox 3496 610 3645 665; x_wconf 86' lang='lat' dir='ltr'><strong>spem</strong></span> <span class='ocrx_word' id='word_1_483' title='bbox 3669 598 3724 653; x_wconf 78' lang='lat' dir='ltr'><strong>in</strong></span> 
     </span>
    </p>
   </div>
   <div class='ocr_carea' id='block_1_64' title="bbox 2148 673 3721 752">
    <p class='ocr_par' dir='ltr' id='par_1_64' title="bbox 2148 673 3721 752">
     <span class='ocr_line' id='line_1_64' title="bbox 2148 673 3721 752; baseline 0.01 -26"><span class='ocrx_word' id='word_1_484' title='bbox 2148 673 2342 741; x_wconf 87' lang='lat' dir='ltr'><strong>ipsum,</strong></span> <span class='ocrx_word' id='word_1_485' title='bbox 2369 676 2962 746; x_wconf 82' lang='lat' dir='ltr'><strong>gratiarumactionem,</strong></span> <span class='ocrx_word' id='word_1_486' title='bbox 2993 680 3353 746; x_wconf 86' lang='lat' dir='ltr'><strong>tolerantiam,</strong></span> <span class='ocrx_word' id='word_1_487' title='bbox 3390 685 3721 752; x_wconf 83' lang='lat' dir='ltr'><strong>patientiam.</strong></span> 
     </span>
    </p>
   </div>
   <div class='ocr_carea' id='block_1_65' title="bbox 2148 763 3727 840">
    <p class='ocr_par' dir='ltr' id='par_1_65' title="bbox 2148 763 3727 840">
     <span class='ocr_line' id='line_1_65' title="bbox 2148 763 3727 840; baseline 0.009 -23"><span class='ocrx_word' id='word_1_488' title='bbox 2148 763 2331 831; x_wconf 91' lang='lat' dir='ltr'><strong>Neqnc</strong></span> <span class='ocrx_word' id='word_1_489' title='bbox 2378 774 2580 820; x_wconf 91' lang='lat' dir='ltr'><strong>tantum</strong></span> <span class='ocrx_word' id='word_1_490' title='bbox 2622 766 2675 820; x_wconf 92' lang='lat' dir='ltr'><strong>in</strong></span> <span class='ocrx_word' id='word_1_491' title='bbox 2727 769 2998 837; x_wconf 89' lang='lat' dir='ltr'><strong>periculis,</strong></span> <span class='ocrx_word' id='word_1_492' title='bbox 3027 786 3146 840; x_wconf 74' lang='lat' dir='ltr'><strong>qua:</strong></span> <span class='ocrx_word' id='word_1_493' title='bbox 3191 771 3331 827; x_wconf 91' lang='lat' dir='ltr'><strong>vires</strong></span> <span class='ocrx_word' id='word_1_494' title='bbox 3382 784 3592 830; x_wconf 85' lang='lat' dir='ltr'><strong>nostras</strong></span> <span class='ocrx_word' id='word_1_495' title='bbox 3630 791 3727 832; x_wconf 84' lang='lat' dir='ltr'><strong>ex-</strong></span> 
     </span>
    </p>
   </div>
   <div class='ocr_carea' id='block_1_66' title="bbox 2147 857 3728 934">
    <p class='ocr_par' dir='ltr' id='par_1_66' title="bbox 2147 857 3728 934">
     <span class='ocr_line' id='line_1_66' title="bbox 2147 857 3728 934; baseline 0.009 -24"><span class='ocrx_word' id='word_1_496' title='bbox 2147 857 2365 923; x_wconf 87' lang='lat' dir='ltr'><strong>cedunt,</strong></span> <span class='ocrx_word' id='word_1_497' title='bbox 2388 858 2482 912; x_wconf 90' lang='lat' dir='ltr'><strong>sed</strong></span> <span class='ocrx_word' id='word_1_498' title='bbox 2508 859 2559 913; x_wconf 93' lang='lat' dir='ltr'><strong>in</strong></span> <span class='ocrx_word' id='word_1_499' title='bbox 2589 859 2716 927; x_wconf 88' lang='lat' dir='ltr'><strong>ipsis</strong></span> <span class='ocrx_word' id='word_1_500' title='bbox 2735 860 2893 915; x_wconf 89' lang='lat' dir='ltr'><strong>etiam</strong></span> <span class='ocrx_word' id='word_1_501' title='bbox 2917 876 3036 931; x_wconf 67' lang='lat' dir='ltr'><strong>qua:</strong></span> <span class='ocrx_word' id='word_1_502' title='bbox 3065 878 3171 918; x_wconf 92' lang='lat' dir='ltr'><strong>non</strong></span> <span class='ocrx_word' id='word_1_503' title='bbox 3202 864 3497 934; x_wconf 86' lang='lat' dir='ltr'><strong>excedunt,</strong></span> <span class='ocrx_word' id='word_1_504' title='bbox 3523 869 3728 925; x_wconf 60' lang='lat' dir='ltr'><strong>caelesti</strong></span> 
     </span>
    </p>
   </div>
   <div class='ocr_carea' id='block_1_67' title="bbox 2147 948 3724 1022">
    <p class='ocr_par' dir='ltr' id='par_1_67' title="bbox 2147 948 3724 1022">
     <span class='ocr_line' id='line_1_67' title="bbox 2147 948 3724 1022; baseline 0.009 -22"><span class='ocrx_word' id='word_1_505' title='bbox 2147 948 2346 1002; x_wconf 73' lang='lat' dir='ltr'><strong>auxilio</strong></span> <span class='ocrx_word' id='word_1_506' title='bbox 2378 948 2693 1019; x_wconf 88' lang='lat' dir='ltr'><strong>indigemus,</strong></span> <span class='ocrx_word' id='word_1_507' title='bbox 2738 959 2795 1005; x_wconf 89' lang='lat' dir='ltr'><strong>ut</strong></span> <span class='ocrx_word' id='word_1_508' title='bbox 2833 966 3094 1020; x_wconf 86' lang='lat' dir='ltr'><strong>generose</strong></span> <span class='ocrx_word' id='word_1_509' title='bbox 3141 955 3402 1022; x_wconf 88' lang='lat' dir='ltr'><strong>possimus</strong></span> <span class='ocrx_word' id='word_1_510' title='bbox 3438 955 3724 1014; x_wconf 83' lang='lat' dir='ltr'><strong>obsistere.</strong></span> 
     </span>
    </p>
   </div>
   <div class='ocr_carea' id='block_1_68' title="bbox 2147 1039 3725 1119">
    <p class='ocr_par' dir='ltr' id='par_1_68' title="bbox 2147 1039 3725 1119">
     <span class='ocr_line' id='line_1_68' title="bbox 2147 1039 3725 1119; baseline 0.006 -25"><span class='ocrx_word' id='word_1_511' title='bbox 2147 1039 2418 1109; x_wconf 85' lang='lat' dir='ltr'><strong>Siquidem</strong></span> <span class='ocrx_word' id='word_1_512' title='bbox 2441 1041 2566 1095; x_wconf 91' lang='lat' dir='ltr'><strong>alibi</strong></span> <span class='ocrx_word' id='word_1_513' title='bbox 2606 1056 2818 1111; x_wconf 87' lang='lat' dir='ltr'><strong>quoque</strong></span> <span class='ocrx_word' id='word_1_514' title='bbox 2845 1043 2973 1097; x_wconf 91' lang='lat' dir='ltr'><strong>dicit</strong></span> <span class='ocrx_word' id='word_1_515' title='bbox 3007 1061 3021 1097; x_wconf 92' lang='lat'><strong>:</strong></span> <span class='ocrx_word' id='word_1_516' title='bbox 3053 1043 3199 1098; x_wconf 87' lang='lat' dir='ltr'><strong>Sicut</strong></span> <span class='ocrx_word' id='word_1_517' title='bbox 3229 1044 3488 1101; x_wconf 85' lang='lat' dir='ltr'><strong>abundant</strong></span> <span class='ocrx_word' id='word_1_518' title='bbox 3523 1050 3725 1119; x_wconf 78' lang='lat' dir='ltr'><strong>passio-</strong></span> 
     </span>
    </p>
   </div>
   <div class='ocr_carea' id='block_1_69' title="bbox 2148 1129 3723 1203">
    <p class='ocr_par' dir='ltr' id='par_1_69' title="bbox 2148 1129 3723 1203">
     <span class='ocr_line' id='line_1_69' title="bbox 2148 1129 3723 1203; baseline 0.006 -19"><span class='ocrx_word' id='word_1_519' title='bbox 2148 1147 2236 1184; x_wconf 84' lang='lat' dir='ltr'><strong>nes</strong></span> <span class='ocrx_word' id='word_1_520' title='bbox 2263 1129 2451 1186; x_wconf 77' lang='lat' dir='ltr'><strong>Christi</strong></span> <span class='ocrx_word' id='word_1_521' title='bbox 2469 1131 2524 1185; x_wconf 90' lang='lat' dir='ltr'><strong>in</strong></span> <span class='ocrx_word' id='word_1_522' title='bbox 2543 1131 2702 1197; x_wconf 89' lang='lat' dir='ltr'><strong>nobis,</strong></span> <span class='ocrx_word' id='word_1_523' title='bbox 2730 1134 2803 1185; x_wconf 85' lang='lat' dir='ltr'><strong>ita</strong></span> <span class='ocrx_word' id='word_1_524' title='bbox 2830 1140 2877 1187; x_wconf 84' lang='lat' dir='ltr'><strong>et</strong></span> <span class='ocrx_word' id='word_1_525' title='bbox 2903 1150 2994 1203; x_wconf 88' lang='lat' dir='ltr'><strong>per</strong></span> <span class='ocrx_word' id='word_1_526' title='bbox 3013 1132 3266 1188; x_wconf 75' lang='lat' dir='ltr'><strong>Christum</strong></span> <span class='ocrx_word' id='word_1_527' title='bbox 3290 1135 3514 1192; x_wconf 83' lang='lat' dir='ltr'><strong>abundat</strong></span> <span class='ocrx_word' id='word_1_528' title='bbox 3539 1155 3723 1193; x_wconf 85' lang='lat' dir='ltr'><strong>conso-</strong></span> 
     </span>
    </p>
   </div>
   <div class='ocr_carea' id='block_1_70' title="bbox 2148 1223 3726 1297">
    <p class='ocr_par' dir='ltr' id='par_1_70' title="bbox 2148 1223 3726 1297">
     <span class='ocr_line' id='line_1_70' title="bbox 2148 1223 3726 1297; baseline 0.006 -21"><span class='ocrx_word' id='word_1_529' title='bbox 2148 1223 2271 1277; x_wconf 91' lang='lat' dir='ltr'><strong>latio</strong></span> <span class='ocrx_word' id='word_1_530' title='bbox 2300 1232 2493 1291; x_wconf 84' lang='lat' dir='ltr'><strong>nostra,</strong></span> <span class='ocrx_word' id='word_1_531' title='bbox 2524 1233 2580 1277; x_wconf 89' lang='lat' dir='ltr'><strong>ut</strong></span> <span class='ocrx_word' id='word_1_532' title='bbox 2607 1240 2699 1279; x_wconf 86' lang='lat' dir='ltr'><strong>nos</strong></span> <span class='ocrx_word' id='word_1_533' title='bbox 2724 1225 2975 1294; x_wconf 81' lang='lat' dir='ltr'><strong>possimus</strong></span> <span class='ocrx_word' id='word_1_534' title='bbox 3003 1225 3255 1280; x_wconf 85' lang='lat' dir='ltr'><strong>consolari</strong></span> <span class='ocrx_word' id='word_1_535' title='bbox 3275 1244 3379 1292; x_wconf 87' lang='lat' dir='ltr'><strong>eos,</strong></span> <span class='ocrx_word' id='word_1_536' title='bbox 3400 1230 3487 1297; x_wconf 81' lang='lat' dir='ltr'><strong>qui</strong></span> <span class='ocrx_word' id='word_1_537' title='bbox 3506 1231 3559 1284; x_wconf 89' lang='lat' dir='ltr'><strong>in</strong></span> <span class='ocrx_word' id='word_1_538' title='bbox 3587 1233 3726 1285; x_wconf 68' lang='lat' dir='ltr'><strong>omni</strong></span> 
     </span>
    </p>
   </div>
   <div class='ocr_carea' id='block_1_71' title="bbox 2149 1315 3726 1387">
    <p class='ocr_par' dir='ltr' id='par_1_71' title="bbox 2149 1315 3726 1387">
     <span class='ocr_line' id='line_1_71' title="bbox 2149 1315 3726 1387; baseline 0.005 -21"><span class='ocrx_word' id='word_1_539' title='bbox 2149 1330 2386 1384; x_wconf 78' lang='lat' dir='ltr'><strong>pressura</strong></span> <span class='ocrx_word' id='word_1_540' title='bbox 2409 1322 2548 1380; x_wconf 88' lang='lat' dir='ltr'><strong>sunt,</strong></span> <span class='ocrx_word' id='word_1_541' title='bbox 2594 1332 2682 1385; x_wconf 88' lang='lat' dir='ltr'><strong>per</strong></span> <span class='ocrx_word' id='word_1_542' title='bbox 2709 1315 3107 1370; x_wconf 75' lang='lat' dir='ltr'><strong>exhortationem</strong></span> <span class='ocrx_word' id='word_1_543' title='bbox 3127 1358 3143 1383; x_wconf 94' lang='lat'><strong>,</strong></span> <span class='ocrx_word' id='word_1_544' title='bbox 3183 1334 3283 1387; x_wconf 88' lang='lat' dir='ltr'><strong>qua</strong></span> <span class='ocrx_word' id='word_1_545' title='bbox 3327 1320 3653 1374; x_wconf 74' lang='lat' dir='ltr'><strong>exhortamur</strong></span> <span class='ocrx_word' id='word_1_546' title='bbox 3678 1332 3726 1376; x_wconf 86' lang='lat' dir='ltr'><strong>et</strong></span> 
     </span>
    </p>
   </div>
   <div class='ocr_carea' id='block_1_72' title="bbox 2147 1403 3725 1480">
    <p class='ocr_par' dir='ltr' id='par_1_72' title="bbox 2147 1403 3725 1480">
     <span class='ocr_line' id='line_1_72' title="bbox 2147 1403 3725 1480; baseline 0.006 -22"><span class='ocrx_word' id='word_1_547' title='bbox 2147 1405 2246 1474; x_wconf 86' lang='lat' dir='ltr'><strong>ipsi</strong></span> <span class='ocrx_word' id='word_1_548' title='bbox 2274 1422 2307 1458; x_wconf 91' lang='lat' dir='ltr'><strong>a</strong></span> <span class='ocrx_word' id='word_1_549' title='bbox 2336 1404 2443 1460; x_wconf 86' lang='lat' dir='ltr'><strong>Deo</strong></span> <span class='ocrx_word' id='word_1_550' title='bbox 2465 1405 2541 1475; x_wconf 92' lang='lat'><strong>(2.</strong></span> <span class='ocrx_word' id='word_1_551' title='bbox 2571 1403 2690 1459; x_wconf 86' lang='lat' dir='ltr'><strong>Cor.</strong></span> <span class='ocrx_word' id='word_1_552' title='bbox 2717 1407 2767 1459; x_wconf 76' lang='grc'><strong>1.</strong></span> <span class='ocrx_word' id='word_1_553' title='bbox 2801 1407 2855 1461; x_wconf 85' lang='grc'><strong>5.</strong></span> <span class='ocrx_word' id='word_1_554' title='bbox 2883 1406 2959 1478; x_wconf 80' lang='grc'><strong>4).</strong></span> <span class='ocrx_word' id='word_1_555' title='bbox 2988 1405 3168 1476; x_wconf 85' lang='lat' dir='ltr'><strong>Itaque</strong></span> <span class='ocrx_word' id='word_1_556' title='bbox 3204 1407 3249 1463; x_wconf 87' lang='lat' dir='ltr'><strong>is</strong></span> <span class='ocrx_word' id='word_1_557' title='bbox 3276 1409 3438 1464; x_wconf 83' lang='lat' dir='ltr'><strong>etiam</strong></span> <span class='ocrx_word' id='word_1_558' title='bbox 3466 1411 3554 1480; x_wconf 89' lang='lat' dir='ltr'><strong>qui</strong></span> <span class='ocrx_word' id='word_1_559' title='bbox 3585 1411 3725 1467; x_wconf 85' lang='lat' dir='ltr'><strong>hunc</strong></span> 
     </span>
    </p>
   </div>
   <div class='ocr_carea' id='block_1_73' title="bbox 2147 1496 3724 1570">
    <p class='ocr_par' dir='ltr' id='par_1_73' title="bbox 2147 1496 3724 1570">
     <span class='ocr_line' id='line_1_73' title="bbox 2147 1496 3724 1570; baseline 0.004 -19"><span class='ocrx_word' id='word_1_560' title='bbox 2147 1496 2454 1552; x_wconf 89' lang='lat' dir='ltr'><strong>consolatus</strong></span> <span class='ocrx_word' id='word_1_561' title='bbox 2475 1507 2578 1564; x_wconf 89' lang='lat' dir='ltr'><strong>est,</strong></span> <span class='ocrx_word' id='word_1_562' title='bbox 2608 1498 2719 1566; x_wconf 90' lang='lat' dir='ltr'><strong>ipse</strong></span> <span class='ocrx_word' id='word_1_563' title='bbox 2740 1499 2936 1567; x_wconf 86' lang='lat' dir='ltr'><strong>estqui</strong></span> <span class='ocrx_word' id='word_1_564' title='bbox 2977 1499 3323 1555; x_wconf 86' lang='lat' dir='ltr'><strong>tentationem</strong></span> <span class='ocrx_word' id='word_1_565' title='bbox 3363 1503 3602 1570; x_wconf 89' lang='lat' dir='ltr'><strong>permisit</strong></span> <span class='ocrx_word' id='word_1_566' title='bbox 3638 1504 3724 1557; x_wconf 87' lang='lat' dir='ltr'><strong>in-</strong></span> 
     </span>
    </p>
   </div>
   <div class='ocr_carea' id='block_1_74' title="bbox 2147 1588 3726 1661">
    <p class='ocr_par' dir='ltr' id='par_1_74' title="bbox 2147 1588 3726 1661">
     <span class='ocr_line' id='line_1_74' title="bbox 2147 1588 3726 1661; baseline 0.004 -18"><span class='ocrx_word' id='word_1_567' title='bbox 2147 1588 2295 1643; x_wconf 90' lang='lat' dir='ltr'><strong>ferri.</strong></span> <span class='ocrx_word' id='word_1_568' title='bbox 2329 1588 2460 1644; x_wconf 85' lang='lat' dir='ltr'><strong>Vide</strong></span> <span class='ocrx_word' id='word_1_569' title='bbox 2484 1597 2663 1644; x_wconf 89' lang='lat' dir='ltr'><strong>autem</strong></span> <span class='ocrx_word' id='word_1_570' title='bbox 2688 1598 2805 1659; x_wconf 89' lang='lat' dir='ltr'><strong>post</strong></span> <span class='ocrx_word' id='word_1_571' title='bbox 2823 1590 3151 1646; x_wconf 88' lang='lat' dir='ltr'><strong>curationem</strong></span> <span class='ocrx_word' id='word_1_572' title='bbox 3185 1600 3435 1661; x_wconf 89' lang='lat' dir='ltr'><strong>quantam</strong></span> <span class='ocrx_word' id='word_1_573' title='bbox 3464 1594 3726 1650; x_wconf 87' lang='lat' dir='ltr'><strong>sollicitu-</strong></span> 
     </span>
    </p>
   </div>
   <div class='ocr_carea' id='block_1_75' title="bbox 2147 1677 3722 1751">
    <p class='ocr_par' dir='ltr' id='par_1_75' title="bbox 2147 1677 3722 1751">
     <span class='ocr_line' id='line_1_75' title="bbox 2147 1677 3722 1751; baseline 0.005 -20"><span class='ocrx_word' id='word_1_574' title='bbox 2147 1677 2328 1733; x_wconf 90' lang='lat' dir='ltr'><strong>dinem</strong></span> <span class='ocrx_word' id='word_1_575' title='bbox 2360 1693 2466 1748; x_wconf 75' lang='lat' dir='ltr'><strong>prte</strong></span> <span class='ocrx_word' id='word_1_576' title='bbox 2484 1693 2545 1733; x_wconf 89' lang='lat' dir='ltr'><strong>se</strong></span> <span class='ocrx_word' id='word_1_577' title='bbox 2565 1679 2716 1734; x_wconf 82' lang='lat' dir='ltr'><strong>lerat.</strong></span> <span class='ocrx_word' id='word_1_578' title='bbox 2749 1679 2932 1749; x_wconf 89' lang='lat' dir='ltr'><strong>Neque</strong></span> <span class='ocrx_word' id='word_1_579' title='bbox 2961 1680 3101 1735; x_wconf 90' lang='lat' dir='ltr'><strong>enim</strong></span> <span class='ocrx_word' id='word_1_580' title='bbox 3134 1681 3223 1735; x_wconf 91' lang='lat' dir='ltr'><strong>illo</strong></span> <span class='ocrx_word' id='word_1_581' title='bbox 3238 1680 3459 1737; x_wconf 88' lang='lat' dir='ltr'><strong>dimisso</strong></span> <span class='ocrx_word' id='word_1_582' title='bbox 3481 1685 3722 1751; x_wconf 77' lang='lat' dir='ltr'><strong>recessit,</strong></span> 
     </span>
    </p>
   </div>
   <div class='ocr_carea' id='block_1_76' title="bbox 2147 1768 3724 1840">
    <p class='ocr_par' dir='ltr' id='par_1_76' title="bbox 2147 1768 3724 1840">
     <span class='ocr_line' id='line_1_76' title="bbox 2147 1768 3724 1840; baseline 0.004 -17"><span class='ocrx_word' id='word_1_583' title='bbox 2147 1778 2198 1823; x_wconf 89' lang='lat' dir='ltr'><strong>at</strong></span> <span class='ocrx_word' id='word_1_584' title='bbox 2226 1776 2500 1838; x_wconf 88' lang='lat' dir='ltr'><strong>postquam</strong></span> <span class='ocrx_word' id='word_1_585' title='bbox 2532 1768 2678 1823; x_wconf 90' lang='lat' dir='ltr'><strong>illum</strong></span> <span class='ocrx_word' id='word_1_586' title='bbox 2704 1768 2926 1825; x_wconf 75' lang='lat' dir='ltr'><strong>offendit</strong></span> <span class='ocrx_word' id='word_1_587' title='bbox 2952 1770 3003 1824; x_wconf 92' lang='lat' dir='ltr'><strong>in</strong></span> <span class='ocrx_word' id='word_1_588' title='bbox 3033 1771 3251 1839; x_wconf 88' lang='lat' dir='ltr'><strong>templo,</strong></span> <span class='ocrx_word' id='word_1_589' title='bbox 3275 1774 3372 1840; x_wconf 90' lang='lat' dir='ltr'><strong>ait,</strong></span> <span class='ocrx_word' id='word_1_590' title='bbox 3414 1772 3545 1828; x_wconf 84' lang='lat' dir='ltr'><strong>Ecce</strong></span> <span class='ocrx_word' id='word_1_591' title='bbox 3568 1790 3724 1830; x_wconf 84' lang='lat' dir='ltr'><strong>sanus</strong></span> 
     </span>
    </p>
   </div>
   <div class='ocr_carea' id='block_1_77' title="bbox 2148 1852 3728 1927">
    <p class='ocr_par' dir='ltr' id='par_1_77' title="bbox 2148 1852 3728 1927">
     <span class='ocr_line' id='line_1_77' title="bbox 2148 1852 3728 1927; baseline 0.005 -23"><span class='ocrx_word' id='word_1_592' title='bbox 2148 1852 2310 1921; x_wconf 82' lang='lat' dir='ltr'><strong>factus</strong></span> <span class='ocrx_word' id='word_1_593' title='bbox 2330 1869 2399 1917; x_wconf 85' lang='lat' dir='ltr'><strong>es,</strong></span> <span class='ocrx_word' id='word_1_594' title='bbox 2430 1852 2532 1906; x_wconf 91' lang='lat' dir='ltr'><strong>noli</strong></span> <span class='ocrx_word' id='word_1_595' title='bbox 2561 1853 2781 1922; x_wconf 82' lang='lat' dir='ltr'><strong>amplius</strong></span> <span class='ocrx_word' id='word_1_596' title='bbox 2810 1869 3033 1921; x_wconf 84' lang='lat' dir='ltr'><strong>peccare,</strong></span> <span class='ocrx_word' id='word_1_597' title='bbox 3061 1870 3122 1908; x_wconf 88' lang='lat' dir='ltr'><strong>ne</strong></span> <span class='ocrx_word' id='word_1_598' title='bbox 3156 1853 3375 1909; x_wconf 87' lang='lat' dir='ltr'><strong>deterius</strong></span> <span class='ocrx_word' id='word_1_599' title='bbox 3415 1854 3503 1910; x_wconf 84' lang='lat' dir='ltr'><strong>tibi</strong></span> <span class='ocrx_word' id='word_1_600' title='bbox 3534 1856 3728 1927; x_wconf 75' lang='lat' dir='ltr'><strong>aliquid</strong></span> 
     </span>
    </p>
   </div>
   <div class='ocr_carea' id='block_1_78' title="bbox 2149 1941 3725 2016">
    <p class='ocr_par' dir='ltr' id='par_1_78' title="bbox 2149 1941 3725 2016">
     <span class='ocr_line' id='line_1_78' title="bbox 2149 1941 3725 2016; baseline 0.004 -21"><span class='ocrx_word' id='word_1_601' title='bbox 2149 1942 2404 2013; x_wconf 84' lang='lat' dir='ltr'><strong>contingat</strong></span> <span class='ocrx_word' id='word_1_602' title='bbox 2435 1941 2615 2015; x_wconf 81' lang='lat' dir='ltr'><strong>(Joan.</strong></span> <span class='ocrx_word' id='word_1_603' title='bbox 2644 1944 2698 1998; x_wconf 82' lang='grc'><strong>5.</strong></span> <span class='ocrx_word' id='word_1_604' title='bbox 2735 1942 2843 2013; x_wconf 75' lang='grc'><strong>14).</strong></span> <span class='ocrx_word' id='word_1_605' title='bbox 2870 1943 2927 1999; x_wconf 91' lang='lat' dir='ltr'><strong>Si</strong></span> <span class='ocrx_word' id='word_1_606' title='bbox 2955 1943 3096 1999; x_wconf 91' lang='lat' dir='ltr'><strong>enim</strong></span> <span class='ocrx_word' id='word_1_607' title='bbox 3124 1944 3264 2014; x_wconf 92' lang='lat' dir='ltr'><strong>quod</strong></span> <span class='ocrx_word' id='word_1_608' title='bbox 3288 1945 3413 2001; x_wconf 90' lang='lat' dir='ltr'><strong>odio</strong></span> <span class='ocrx_word' id='word_1_609' title='bbox 3433 1962 3725 2016; x_wconf 83' lang='lat' dir='ltr'><strong>proseque-</strong></span> 
     </span>
    </p>
   </div>
   <div class='ocr_carea' id='block_1_79' title="bbox 2150 2033 3727 2103">
    <p class='ocr_par' dir='ltr' id='par_1_79' title="bbox 2150 2033 3727 2103">
     <span class='ocr_line' id='line_1_79' title="bbox 2150 2033 3727 2103; baseline 0.004 -17"><span class='ocrx_word' id='word_1_610' title='bbox 2150 2042 2318 2097; x_wconf 90' lang='lat' dir='ltr'><strong>retur,</strong></span> <span class='ocrx_word' id='word_1_611' title='bbox 2351 2033 2525 2102; x_wconf 91' lang='lat' dir='ltr'><strong>puniri</strong></span> <span class='ocrx_word' id='word_1_612' title='bbox 2538 2034 2885 2103; x_wconf 87' lang='lat' dir='ltr'><strong>permisisset,</strong></span> <span class='ocrx_word' id='word_1_613' title='bbox 2909 2049 3011 2089; x_wconf 89' lang='lat' dir='ltr'><strong>non</strong></span> <span class='ocrx_word' id='word_1_614' title='bbox 3034 2043 3084 2088; x_wconf 89' lang='lat' dir='ltr'><strong>te</strong></span> <span class='ocrx_word' id='word_1_615' title='bbox 3111 2034 3408 2102; x_wconf 89' lang='lat' dir='ltr'><strong>liberasset,</strong></span> <span class='ocrx_word' id='word_1_616' title='bbox 3434 2051 3538 2091; x_wconf 93' lang='lat' dir='ltr'><strong>non</strong></span> <span class='ocrx_word' id='word_1_617' title='bbox 3572 2037 3623 2091; x_wconf 92' lang='lat' dir='ltr'><strong>in</strong></span> <span class='ocrx_word' id='word_1_618' title='bbox 3640 2039 3727 2093; x_wconf 84' lang='lat' dir='ltr'><strong>l‘u-</strong></span> 
     </span>
    </p>
   </div>
   <div class='ocr_carea' id='block_1_80' title="bbox 2153 2124 3730 2194">
    <p class='ocr_par' dir='ltr' id='par_1_80' title="bbox 2153 2124 3730 2194">
     <span class='ocr_line' id='line_1_80' title="bbox 2153 2124 3730 2194; baseline 0.003 -18"><span class='ocrx_word' id='word_1_619' title='bbox 2153 2129 2327 2177; x_wconf 89' lang='lat' dir='ltr'><strong>turum</strong></span> <span class='ocrx_word' id='word_1_620' title='bbox 2363 2125 2765 2179; x_wconf 89' lang='lat' dir='ltr'><strong>communiisset</strong></span> <span class='ocrx_word' id='word_1_621' title='bbox 2797 2141 2811 2178; x_wconf 89' lang='lat'>:</span> <span class='ocrx_word' id='word_1_622' title='bbox 2841 2124 2983 2194; x_wconf 89' lang='lat' dir='ltr'><strong>quod</strong></span> <span class='ocrx_word' id='word_1_623' title='bbox 3021 2133 3199 2180; x_wconf 89' lang='lat' dir='ltr'><strong>autem</strong></span> <span class='ocrx_word' id='word_1_624' title='bbox 3228 2125 3375 2192; x_wconf 89' lang='lat' dir='ltr'><strong>dicit,</strong></span> <span class='ocrx_word' id='word_1_625' title='bbox 3410 2124 3492 2180; x_wconf 83' lang='lat' dir='ltr'><strong>Ne</strong></span> <span class='ocrx_word' id='word_1_626' title='bbox 3514 2127 3730 2182; x_wconf 76' lang='lat' dir='ltr'><strong>deterius</strong></span> 
     </span>
    </p>
   </div>
   <div class='ocr_carea' id='block_1_81' title="bbox 2151 2213 3728 2286">
    <p class='ocr_par' dir='ltr' id='par_1_81' title="bbox 2151 2213 3728 2286">
     <span class='ocr_line' id='line_1_81' title="bbox 2151 2213 3728 2286; baseline 0.001 -18"><span class='ocrx_word' id='word_1_627' title='bbox 2151 2213 2241 2268; x_wconf 87' lang='lat' dir='ltr'><strong>tibi</strong></span> <span class='ocrx_word' id='word_1_628' title='bbox 2264 2214 2459 2283; x_wconf 85' lang='lat' dir='ltr'><strong>aliquid</strong></span> <span class='ocrx_word' id='word_1_629' title='bbox 2476 2215 2751 2286; x_wconf 82' lang='lat' dir='ltr'><strong>contingat,</strong></span> <span class='ocrx_word' id='word_1_630' title='bbox 2781 2214 2976 2270; x_wconf 90' lang='lat' dir='ltr'><strong>iudicat</strong></span> <span class='ocrx_word' id='word_1_631' title='bbox 2995 2230 3118 2270; x_wconf 91' lang='lat' dir='ltr'><strong>eum</strong></span> <span class='ocrx_word' id='word_1_632' title='bbox 3145 2213 3333 2269; x_wconf 87' lang='lat' dir='ltr'><strong>futuris</strong></span> <span class='ocrx_word' id='word_1_633' title='bbox 3354 2214 3508 2270; x_wconf 90' lang='lat' dir='ltr'><strong>malis</strong></span> <span class='ocrx_word' id='word_1_634' title='bbox 3518 2216 3728 2271; x_wconf 88' lang='lat' dir='ltr'><strong>obviam</strong></span> 
     </span>
    </p>
   </div>
   <div class='ocr_carea' id='block_1_82' title="bbox 2153 2303 3731 2378">
    <p class='ocr_par' dir='ltr' id='par_1_82' title="bbox 2153 2303 3731 2378">
     <span class='ocr_line' id='line_1_82' title="bbox 2153 2303 3731 2378; baseline 0.002 -20"><span class='ocrx_word' id='word_1_635' title='bbox 2153 2304 2254 2358; x_wconf 88' lang='lat' dir='ltr'><strong>ire.</strong></span> <span class='ocrx_word' id='word_1_636' title='bbox 2287 2303 2527 2360; x_wconf 82' lang='lat' dir='ltr'><strong>Morbum</strong></span> <span class='ocrx_word' id='word_1_637' title='bbox 2559 2305 2784 2376; x_wconf 90' lang='lat' dir='ltr'><strong>depulit,</strong></span> <span class='ocrx_word' id='word_1_638' title='bbox 2817 2314 2872 2361; x_wconf 90' lang='lat' dir='ltr'><strong>et</strong></span> <span class='ocrx_word' id='word_1_639' title='bbox 2894 2320 3145 2374; x_wconf 88' lang='lat' dir='ltr'><strong>angorem</strong></span> <span class='ocrx_word' id='word_1_640' title='bbox 3179 2319 3285 2358; x_wconf 91' lang='lat' dir='ltr'><strong>non</strong></span> <span class='ocrx_word' id='word_1_641' title='bbox 3305 2305 3546 2375; x_wconf 89' lang='lat' dir='ltr'><strong>depulit:</strong></span> <span class='ocrx_word' id='word_1_642' title='bbox 3574 2308 3731 2378; x_wconf 66' lang='lat' dir='ltr'><strong>aegri-</strong></span> 
     </span>
    </p>
   </div>
   <div class='ocr_carea' id='block_1_83' title="bbox 2153 2393 3730 2465">
    <p class='ocr_par' dir='ltr' id='par_1_83' title="bbox 2153 2393 3730 2465">
     <span class='ocr_line' id='line_1_83' title="bbox 2153 2393 3730 2465; baseline 0.004 -18"><span class='ocrx_word' id='word_1_643' title='bbox 2153 2394 2389 2450; x_wconf 91' lang='lat' dir='ltr'><strong>tudinem</strong></span> <span class='ocrx_word' id='word_1_644' title='bbox 2418 2395 2614 2465; x_wconf 88' lang='lat' dir='ltr'><strong>abegit,</strong></span> <span class='ocrx_word' id='word_1_645' title='bbox 2642 2404 2696 2450; x_wconf 93' lang='lat' dir='ltr'><strong>et</strong></span> <span class='ocrx_word' id='word_1_646' title='bbox 2720 2403 2917 2451; x_wconf 90' lang='lat' dir='ltr'><strong>metum</strong></span> <span class='ocrx_word' id='word_1_647' title='bbox 2962 2410 3071 2448; x_wconf 87' lang='lat' dir='ltr'><strong>non</strong></span> <span class='ocrx_word' id='word_1_648' title='bbox 3110 2393 3310 2464; x_wconf 85' lang='lat' dir='ltr'><strong>abegit,</strong></span> <span class='ocrx_word' id='word_1_649' title='bbox 3353 2402 3410 2449; x_wconf 95' lang='lat' dir='ltr'><strong>ut</strong></span> <span class='ocrx_word' id='word_1_650' title='bbox 3455 2395 3730 2453; x_wconf 90' lang='lat' dir='ltr'><strong>immotum</strong></span> 
     </span>
    </p>
   </div>
   <div class='ocr_carea' id='block_1_84' title="bbox 2154 2483 3729 2557">
    <p class='ocr_par' dir='ltr' id='par_1_84' title="bbox 2154 2483 3729 2557">
     <span class='ocr_line' id='line_1_84' title="bbox 2154 2483 3729 2557; baseline 0.002 -17"><span class='ocrx_word' id='word_1_651' title='bbox 2154 2494 2366 2541; x_wconf 87' lang='lat' dir='ltr'><strong>maneat</strong></span> <span class='ocrx_word' id='word_1_652' title='bbox 2408 2486 2724 2541; x_wconf 89' lang='lat' dir='ltr'><strong>beneﬁcium</strong></span> <span class='ocrx_word' id='word_1_653' title='bbox 2772 2485 2913 2555; x_wconf 88' lang='lat' dir='ltr'><strong>quod</strong></span> <span class='ocrx_word' id='word_1_654' title='bbox 2939 2493 3025 2540; x_wconf 89' lang='lat' dir='ltr'><strong>est</strong></span> <span class='ocrx_word' id='word_1_655' title='bbox 3050 2483 3322 2538; x_wconf 87' lang='lat' dir='ltr'><strong>collatum.</strong></span> <span class='ocrx_word' id='word_1_656' title='bbox 3369 2484 3482 2541; x_wconf 84' lang='lat' dir='ltr'><strong>Hoc</strong></span> <span class='ocrx_word' id='word_1_657' title='bbox 3526 2488 3729 2557; x_wconf 87' lang='lat' dir='ltr'><strong>providi</strong></span> 
     </span>
    </p>
   </div>
   <div class='ocr_carea' id='block_1_85' title="bbox 2152 2575 3727 2650">
    <p class='ocr_par' dir='ltr' id='par_1_85' title="bbox 2152 2575 3727 2650">
     <span class='ocr_line' id='line_1_85' title="bbox 2152 2575 3727 2650; baseline 0.003 -20"><span class='ocrx_word' id='word_1_658' title='bbox 2152 2584 2236 2631; x_wconf 91' lang='lat' dir='ltr'><strong>est</strong></span> <span class='ocrx_word' id='word_1_659' title='bbox 2257 2575 2470 2642; x_wconf 90' lang='lat' dir='ltr'><strong>medici,</strong></span> <span class='ocrx_word' id='word_1_660' title='bbox 2496 2585 2551 2631; x_wconf 91' lang='lat' dir='ltr'><strong>ut</strong></span> <span class='ocrx_word' id='word_1_661' title='bbox 2581 2590 2687 2632; x_wconf 93' lang='lat' dir='ltr'><strong>non</strong></span> <span class='ocrx_word' id='word_1_662' title='bbox 2717 2576 2997 2645; x_wconf 65' lang='lat' dir='ltr'><strong>praesentia</strong></span> <span class='ocrx_word' id='word_1_663' title='bbox 3044 2584 3248 2633; x_wconf 90' lang='lat' dir='ltr'><strong>tantum</strong></span> <span class='ocrx_word' id='word_1_664' title='bbox 3294 2580 3432 2635; x_wconf 85' lang='lat' dir='ltr'><strong>mala</strong></span> <span class='ocrx_word' id='word_1_665' title='bbox 3457 2579 3727 2650; x_wconf 87' lang='lat' dir='ltr'><strong>depellat,</strong></span> 
     </span>
    </p>
   </div>
   <div class='ocr_carea' id='block_1_86' title="bbox 2154 2668 3728 2744">
    <p class='ocr_par' dir='ltr' id='par_1_86' title="bbox 2154 2668 3728 2744">
     <span class='ocr_line' id='line_1_86' title="bbox 2154 2668 3728 2744; baseline 0.001 -20"><span class='ocrx_word' id='word_1_666' title='bbox 2154 2669 2249 2724; x_wconf 89' lang='lat' dir='ltr'><strong>sed</strong></span> <span class='ocrx_word' id='word_1_667' title='bbox 2276 2678 2331 2725; x_wconf 91' lang='lat' dir='ltr'><strong>et</strong></span> <span class='ocrx_word' id='word_1_668' title='bbox 2347 2668 2569 2724; x_wconf 85' lang='lat' dir='ltr'><strong>adversa</strong></span> <span class='ocrx_word' id='word_1_669' title='bbox 2591 2669 2766 2725; x_wconf 86' lang='lat' dir='ltr'><strong>futura</strong></span> <span class='ocrx_word' id='word_1_670' title='bbox 2790 2681 3087 2740; x_wconf 73' lang='lat' dir='ltr'><strong>prtecaveat</strong></span> <span class='ocrx_word' id='word_1_671' title='bbox 3114 2691 3129 2727; x_wconf 87' lang='lat'><strong>:</strong></span> <span class='ocrx_word' id='word_1_672' title='bbox 3156 2674 3298 2744; x_wconf 90' lang='lat' dir='ltr'><strong>quod</strong></span> <span class='ocrx_word' id='word_1_673' title='bbox 3320 2674 3498 2744; x_wconf 85' lang='lat' dir='ltr'><strong>utique</strong></span> <span class='ocrx_word' id='word_1_674' title='bbox 3518 2672 3647 2727; x_wconf 87' lang='lat' dir='ltr'><strong>fecit</strong></span> <span class='ocrx_word' id='word_1_675' title='bbox 3673 2680 3728 2726; x_wconf 90' lang='lat' dir='ltr'><strong>et</strong></span> 
     </span>
    </p>
   </div>
   <div class='ocr_carea' id='block_1_87' title="bbox 2155 2759 3728 2835">
    <p class='ocr_par' dir='ltr' id='par_1_87' title="bbox 2155 2759 3728 2835">
     <span class='ocr_line' id='line_1_87' title="bbox 2155 2759 3728 2835; baseline 0.001 -19"><span class='ocrx_word' id='word_1_676' title='bbox 2155 2759 2419 2826; x_wconf 85' lang='lat' dir='ltr'><strong>Christus,</strong></span> <span class='ocrx_word' id='word_1_677' title='bbox 2447 2760 2572 2815; x_wconf 92' lang='lat' dir='ltr'><strong>dum</strong></span> <span class='ocrx_word' id='word_1_678' title='bbox 2601 2762 2989 2830; x_wconf 87' lang='lat' dir='ltr'><strong>praeteritorum</strong></span> <span class='ocrx_word' id='word_1_679' title='bbox 3019 2765 3276 2821; x_wconf 88' lang='lat' dir='ltr'><strong>memoria</strong></span> <span class='ocrx_word' id='word_1_680' title='bbox 3310 2764 3478 2835; x_wconf 83' lang='lat' dir='ltr'><strong>ipsius</strong></span> <span class='ocrx_word' id='word_1_681' title='bbox 3501 2763 3728 2818; x_wconf 86' lang='lat' dir='ltr'><strong>animam</strong></span> 
     </span>
    </p>
   </div>
   <div class='ocr_carea' id='block_1_88' title="bbox 2156 2850 3732 2927">
    <p class='ocr_par' dir='ltr' id='par_1_88' title="bbox 2156 2850 3732 2927">
     <span class='ocr_line' id='line_1_88' title="bbox 2156 2850 3732 2927; baseline 0.002 -22"><span class='ocrx_word' id='word_1_682' title='bbox 2156 2850 2508 2906; x_wconf 86' lang='lat' dir='ltr'><strong>conﬁrmavit.</strong></span> <span class='ocrx_word' id='word_1_683' title='bbox 2549 2852 2681 2907; x_wconf 91' lang='lat' dir='ltr'><strong>Nam</strong></span> <span class='ocrx_word' id='word_1_684' title='bbox 2707 2854 2959 2923; x_wconf 90' lang='lat' dir='ltr'><strong>quoniam</strong></span> <span class='ocrx_word' id='word_1_685' title='bbox 2996 2854 3085 2910; x_wconf 93' lang='lat' dir='ltr'><strong>ubi</strong></span> <span class='ocrx_word' id='word_1_686' title='bbox 3128 2856 3568 2927; x_wconf 63' lang='lat' dir='ltr'><strong>praterierintea</strong></span> <span class='ocrx_word' id='word_1_687' title='bbox 3612 2867 3732 2924; x_wconf 69' lang='lat' dir='ltr'><strong>qua:</strong></span> 
     </span>
    </p>
   </div>
   <div class='ocr_carea' id='block_1_89' title="bbox 2156 2941 3733 3012">
    <p class='ocr_par' dir='ltr' id='par_1_89' title="bbox 2156 2941 3733 3012">
     <span class='ocr_line' id='line_1_89' title="bbox 2156 2941 3733 3012; baseline 0.001 -17"><span class='ocrx_word' id='word_1_688' title='bbox 2156 2941 2311 2996; x_wconf 88' lang='lat' dir='ltr'><strong>nobis</strong></span> <span class='ocrx_word' id='word_1_689' title='bbox 2336 2942 2634 2998; x_wconf 88' lang='lat' dir='ltr'><strong>molestiam</strong></span> <span class='ocrx_word' id='word_1_690' title='bbox 2660 2944 3014 3012; x_wconf 84' lang='lat' dir='ltr'><strong>exhibebant,</strong></span> <span class='ocrx_word' id='word_1_691' title='bbox 3043 2946 3200 3000; x_wconf 88' lang='lat' dir='ltr'><strong>simul</strong></span> <span class='ocrx_word' id='word_1_692' title='bbox 3243 2962 3430 3002; x_wconf 88' lang='lat' dir='ltr'><strong>eorum</strong></span> <span class='ocrx_word' id='word_1_693' title='bbox 3476 2944 3733 2999; x_wconf 88' lang='lat' dir='ltr'><strong>memoria</strong></span> 
     </span>
    </p>
   </div>
   <div class='ocr_carea' id='block_1_90' title="bbox 2157 3031 3731 3105">
    <p class='ocr_par' dir='ltr' id='par_1_90' title="bbox 2157 3031 3731 3105">
     <span class='ocr_line' id='line_1_90' title="bbox 2157 3031 3731 3105; baseline 0 -20"><span class='ocrx_word' id='word_1_694' title='bbox 2157 3044 2300 3100; x_wconf 69' lang='lat' dir='ltr'><strong>stepe</strong></span> <span class='ocrx_word' id='word_1_695' title='bbox 2327 3031 2597 3101; x_wconf 86' lang='lat' dir='ltr'><strong>dilabitur,</strong></span> <span class='ocrx_word' id='word_1_696' title='bbox 2622 3036 2762 3104; x_wconf 89' lang='lat' dir='ltr'><strong>quod</strong></span> <span class='ocrx_word' id='word_1_697' title='bbox 2793 3035 2959 3105; x_wconf 89' lang='lat' dir='ltr'><strong>ipsam</strong></span> <span class='ocrx_word' id='word_1_698' title='bbox 2987 3043 3296 3105; x_wconf 87' lang='lat' dir='ltr'><strong>perpetuam</strong></span> <span class='ocrx_word' id='word_1_699' title='bbox 3322 3034 3450 3089; x_wconf 91' lang='lat' dir='ltr'><strong>velit</strong></span> <span class='ocrx_word' id='word_1_700' title='bbox 3475 3047 3693 3086; x_wconf 89' lang='lat' dir='ltr'><strong>manere</strong></span> <span class='ocrx_word' id='word_1_701' title='bbox 3714 3075 3731 3098; x_wconf 92' lang='lat'><strong>,</strong></span> 
     </span>
    </p>
   </div>
   <div class='ocr_carea' id='block_1_91' title="bbox 2161 3123 3736 3197">
    <p class='ocr_par' dir='ltr' id='par_1_91' title="bbox 2161 3123 3736 3197">
     <span class='ocr_line' id='line_1_91' title="bbox 2161 3123 3736 3197; baseline -0.003 -17"><span class='ocrx_word' id='word_1_702' title='bbox 2161 3125 2304 3190; x_wconf 89' lang='lat' dir='ltr'><strong>Noli,</strong></span> <span class='ocrx_word' id='word_1_703' title='bbox 2330 3124 2518 3193; x_wconf 89' lang='lat' dir='ltr'><strong>inquit,</strong></span> <span class='ocrx_word' id='word_1_704' title='bbox 2566 3126 2786 3197; x_wconf 84' lang='lat' dir='ltr'><strong>amplius</strong></span> <span class='ocrx_word' id='word_1_705' title='bbox 2827 3142 3053 3196; x_wconf 80' lang='lat' dir='ltr'><strong>peccare,</strong></span> <span class='ocrx_word' id='word_1_706' title='bbox 3088 3141 3150 3180; x_wconf 87' lang='lat' dir='ltr'><strong>ne</strong></span> <span class='ocrx_word' id='word_1_707' title='bbox 3188 3124 3405 3180; x_wconf 82' lang='lat' dir='ltr'><strong>deterius</strong></span> <span class='ocrx_word' id='word_1_708' title='bbox 3428 3123 3515 3177; x_wconf 87' lang='lat' dir='ltr'><strong>tibi</strong></span> <span class='ocrx_word' id='word_1_709' title='bbox 3541 3123 3736 3193; x_wconf 84' lang='lat' dir='ltr'><strong>aliquid</strong></span> 
     </span>
    </p>
   </div>
   <div class='ocr_carea' id='block_1_92' title="bbox 2159 3216 2436 3284">
    <p class='ocr_par' dir='ltr' id='par_1_92' title="bbox 2159 3216 2436 3284">
     <span class='ocr_line' id='line_1_92' title="bbox 2159 3216 2436 3284; baseline -0.004 -15"><span class='ocrx_word' id='word_1_710' title='bbox 2159 3216 2436 3284; x_wconf 84' lang='lat' dir='ltr'><strong>contingat.</strong></span> 
     </span>
    </p>
   </div>
   <div class='ocr_carea' id='block_1_93' title="bbox 2230 3305 3734 3377">
    <p class='ocr_par' dir='ltr' id='par_1_93' title="bbox 2230 3305 3734 3377">
     <span class='ocr_line' id='line_1_93' title="bbox 2230 3305 3734 3377; baseline 0 -16"><span class='ocrx_word' id='word_1_711' title='bbox 2230 3307 2283 3361; x_wconf 79' lang='grc'><strong>5.</strong></span> <span class='ocrx_word' id='word_1_712' title='bbox 2313 3305 2493 3375; x_wconf 89' lang='lat' dir='ltr'><strong>Neque</strong></span> <span class='ocrx_word' id='word_1_713' title='bbox 2528 3320 2654 3360; x_wconf 91' lang='lat' dir='ltr'><strong>vero</strong></span> <span class='ocrx_word' id='word_1_714' title='bbox 2692 3320 2760 3361; x_wconf 90' lang='lat' dir='ltr'><strong>cx</strong></span> <span class='ocrx_word' id='word_1_715' title='bbox 2789 3305 2891 3361; x_wconf 89' lang='lat' dir='ltr'><strong>hoc</strong></span> <span class='ocrx_word' id='word_1_716' title='bbox 2922 3306 3094 3362; x_wconf 88' lang='lat' dir='ltr'><strong>solum</strong></span> <span class='ocrx_word' id='word_1_717' title='bbox 3124 3306 3511 3377; x_wconf 90' lang='lat' dir='ltr'><strong>providentiam</strong></span> <span class='ocrx_word' id='word_1_718' title='bbox 3533 3305 3652 3376; x_wconf 87' lang='lat' dir='ltr'><strong>ejus</strong></span> <span class='ocrx_word' id='word_1_719' title='bbox 3675 3315 3734 3363; x_wconf 89' lang='lat' dir='ltr'><strong>et</strong></span> 
     </span>
    </p>
   </div>
   <div class='ocr_carea' id='block_1_94' title="bbox 2162 3395 3736 3467">
    <p class='ocr_par' dir='ltr' id='par_1_94' title="bbox 2162 3395 3736 3467">
     <span class='ocr_line' id='line_1_94' title="bbox 2162 3395 3736 3467; baseline 0.002 -17"><span class='ocrx_word' id='word_1_720' title='bbox 2162 3396 2461 3466; x_wconf 78' lang='lat' dir='ltr'><strong>a‘quilatem</strong></span> <span class='ocrx_word' id='word_1_721' title='bbox 2484 3395 2606 3451; x_wconf 88' lang='lat' dir='ltr'><strong>licet</strong></span> <span class='ocrx_word' id='word_1_722' title='bbox 2633 3396 2844 3462; x_wconf 90' lang='lat' dir='ltr'><strong>intueri,</strong></span> <span class='ocrx_word' id='word_1_723' title='bbox 2873 3396 2968 3452; x_wconf 88' lang='lat' dir='ltr'><strong>sed</strong></span> <span class='ocrx_word' id='word_1_724' title='bbox 2994 3398 3205 3467; x_wconf 83' lang='lat' dir='ltr'><strong>exipsa,</strong></span> <span class='ocrx_word' id='word_1_725' title='bbox 3224 3413 3341 3467; x_wconf 70' lang='lat' dir='ltr'><strong>quae</strong></span> <span class='ocrx_word' id='word_1_726' title='bbox 3366 3397 3574 3453; x_wconf 89' lang='lat' dir='ltr'><strong>videtur</strong></span> <span class='ocrx_word' id='word_1_727' title='bbox 3593 3412 3736 3465; x_wconf 83' lang='lat' dir='ltr'><strong>esse,</strong></span> 
     </span>
    </p>
   </div>
   <div class='ocr_carea' id='block_1_95' title="bbox 2164 3485 3734 3559">
    <p class='ocr_par' dir='ltr' id='par_1_95' title="bbox 2164 3485 3734 3559">
     <span class='ocr_line' id='line_1_95' title="bbox 2164 3485 3734 3559; baseline 0.001 -19"><span class='ocrx_word' id='word_1_728' title='bbox 2164 3485 2547 3555; x_wconf 84' lang='lat' dir='ltr'><strong>increpatione.</strong></span> <span class='ocrx_word' id='word_1_729' title='bbox 2578 3485 2708 3541; x_wconf 90' lang='lat' dir='ltr'><strong>Nam</strong></span> <span class='ocrx_word' id='word_1_730' title='bbox 2734 3496 2945 3556; x_wconf 89' lang='lat' dir='ltr'><strong>peccata</strong></span> <span class='ocrx_word' id='word_1_731' title='bbox 2969 3488 3182 3557; x_wconf 89' lang='lat' dir='ltr'><strong>quidem</strong></span> <span class='ocrx_word' id='word_1_732' title='bbox 3207 3487 3324 3559; x_wconf 88' lang='lat' dir='ltr'><strong>ejus</strong></span> <span class='ocrx_word' id='word_1_733' title='bbox 3351 3502 3457 3542; x_wconf 88' lang='lat' dir='ltr'><strong>non</strong></span> <span class='ocrx_word' id='word_1_734' title='bbox 3487 3487 3734 3558; x_wconf 85' lang='lat' dir='ltr'><strong>propala-</strong></span> 
     </span>
    </p>
   </div>
   <div class='ocr_carea' id='block_1_96' title="bbox 2164 3576 3738 3648">
    <p class='ocr_par' dir='ltr' id='par_1_96' title="bbox 2164 3576 3738 3648">
     <span class='ocr_line' id='line_1_96' title="bbox 2164 3576 3738 3648; baseline 0.001 -18"><span class='ocrx_word' id='word_1_735' title='bbox 2164 3577 2239 3631; x_wconf 91' lang='lat' dir='ltr'><strong>vit</strong></span> <span class='ocrx_word' id='word_1_736' title='bbox 2268 3617 2284 3644; x_wconf 92' lang='lat'><strong>,</strong></span> <span class='ocrx_word' id='word_1_737' title='bbox 2324 3576 2418 3631; x_wconf 89' lang='lat' dir='ltr'><strong>sed</strong></span> <span class='ocrx_word' id='word_1_738' title='bbox 2445 3592 2565 3630; x_wconf 94' lang='lat' dir='ltr'><strong>cum</strong></span> <span class='ocrx_word' id='word_1_739' title='bbox 2596 3587 2811 3646; x_wconf 89' lang='lat' dir='ltr'><strong>propter</strong></span> <span class='ocrx_word' id='word_1_740' title='bbox 2838 3587 3052 3647; x_wconf 89' lang='lat' dir='ltr'><strong>peccata</strong></span> <span class='ocrx_word' id='word_1_741' title='bbox 3088 3592 3300 3648; x_wconf 90' lang='lat' dir='ltr'><strong>passum</strong></span> <span class='ocrx_word' id='word_1_742' title='bbox 3330 3592 3450 3633; x_wconf 89' lang='lat' dir='ltr'><strong>esse</strong></span> <span class='ocrx_word' id='word_1_743' title='bbox 3472 3593 3592 3648; x_wconf 75' lang='lat' dir='ltr'><strong>qua:</strong></span> <span class='ocrx_word' id='word_1_744' title='bbox 3613 3592 3738 3647; x_wconf 79' lang='lat' dir='ltr'><strong>pas-</strong></span> 
     </span>
    </p>
   </div>
   <div class='ocr_carea' id='block_1_97' title="bbox 2164 3667 3739 3738">
    <p class='ocr_par' dir='ltr' id='par_1_97' title="bbox 2164 3667 3739 3738">
     <span class='ocr_line' id='line_1_97' title="bbox 2164 3667 3739 3738; baseline 0.001 -16"><span class='ocrx_word' id='word_1_745' title='bbox 2164 3682 2256 3722; x_wconf 89' lang='lat' dir='ltr'><strong>sus</strong></span> <span class='ocrx_word' id='word_1_746' title='bbox 2305 3677 2386 3722; x_wconf 89' lang='lat' dir='ltr'><strong>est</strong></span> <span class='ocrx_word' id='word_1_747' title='bbox 2417 3706 2433 3732; x_wconf 92' lang='lat'><strong>,</strong></span> <span class='ocrx_word' id='word_1_748' title='bbox 2475 3667 2757 3722; x_wconf 86' lang='lat' dir='ltr'><strong>indicavit:</strong></span> <span class='ocrx_word' id='word_1_749' title='bbox 2789 3683 2906 3738; x_wconf 62' lang='lat' dir='ltr'><strong>quae</strong></span> <span class='ocrx_word' id='word_1_750' title='bbox 2944 3684 3072 3723; x_wconf 87' lang='lat' dir='ltr'><strong>vero</strong></span> <span class='ocrx_word' id='word_1_751' title='bbox 3100 3673 3286 3724; x_wconf 81' lang='lat' dir='ltr'><strong>essent</strong></span> <span class='ocrx_word' id='word_1_752' title='bbox 3322 3678 3536 3738; x_wconf 82' lang='lat' dir='ltr'><strong>peccata</strong></span> <span class='ocrx_word' id='word_1_753' title='bbox 3568 3708 3585 3736; x_wconf 95' lang='lat'><strong>,</strong></span> <span class='ocrx_word' id='word_1_754' title='bbox 3632 3684 3739 3723; x_wconf 83' lang='lat' dir='ltr'><strong>non</strong></span> 
     </span>
    </p>
   </div>
   <div class='ocr_carea' id='block_1_98' title="bbox 2167 3758 3736 3830">
    <p class='ocr_par' dir='ltr' id='par_1_98' title="bbox 2167 3758 3736 3830">
     <span class='ocr_line' id='line_1_98' title="bbox 2167 3758 3736 3830; baseline 0.002 -18"><span class='ocrx_word' id='word_1_755' title='bbox 2167 3758 2446 3813; x_wconf 90' lang='lat' dir='ltr'><strong>indicavit:</strong></span> <span class='ocrx_word' id='word_1_756' title='bbox 2479 3774 2650 3830; x_wconf 91' lang='lat' dir='ltr'><strong>neque</strong></span> <span class='ocrx_word' id='word_1_757' title='bbox 2675 3759 2825 3823; x_wconf 87' lang='lat' dir='ltr'><strong>dixit,</strong></span> <span class='ocrx_word' id='word_1_758' title='bbox 2845 3760 2955 3815; x_wconf 82' lang='lat' dir='ltr'><strong>Hoc</strong></span> <span class='ocrx_word' id='word_1_759' title='bbox 2980 3769 3034 3815; x_wconf 90' lang='lat' dir='ltr'><strong>et</strong></span> <span class='ocrx_word' id='word_1_760' title='bbox 3054 3760 3183 3815; x_wconf 92' lang='lat' dir='ltr'><strong>illud</strong></span> <span class='ocrx_word' id='word_1_761' title='bbox 3211 3762 3438 3830; x_wconf 85' lang='lat' dir='ltr'><strong>peccasti</strong></span> <span class='ocrx_word' id='word_1_762' title='bbox 3463 3801 3480 3827; x_wconf 96' lang='lat'><strong>,</strong></span> <span class='ocrx_word' id='word_1_763' title='bbox 3521 3775 3692 3830; x_wconf 86' lang='lat' dir='ltr'><strong>neque</strong></span> <span class='ocrx_word' id='word_1_764' title='bbox 3719 3801 3736 3824; x_wconf 95' lang='lat'><strong>,</strong></span> 
     </span>
    </p>
   </div>
   <div class='ocr_carea' id='block_1_99' title="bbox 2167 3848 3742 3921">
    <p class='ocr_par' dir='ltr' id='par_1_99' title="bbox 2167 3848 3742 3921">
     <span class='ocr_line' id='line_1_99' title="bbox 2167 3848 3742 3921; baseline 0.002 -19"><span class='ocrx_word' id='word_1_765' title='bbox 2167 3848 2226 3903; x_wconf 90' lang='lat' dir='ltr'><strong>In</strong></span> <span class='ocrx_word' id='word_1_766' title='bbox 2267 3850 2368 3904; x_wconf 89' lang='lat' dir='ltr'><strong>hoc</strong></span> <span class='ocrx_word' id='word_1_767' title='bbox 2393 3858 2448 3904; x_wconf 89' lang='lat' dir='ltr'><strong>et</strong></span> <span class='ocrx_word' id='word_1_768' title='bbox 2489 3850 2542 3904; x_wconf 92' lang='lat' dir='ltr'><strong>in</strong></span> <span class='ocrx_word' id='word_1_769' title='bbox 2586 3850 2676 3904; x_wconf 92' lang='lat' dir='ltr'><strong>illo</strong></span> <span class='ocrx_word' id='word_1_770' title='bbox 2719 3850 2986 3920; x_wconf 74' lang='lat' dir='ltr'><strong>dellquisti</strong></span> <span class='ocrx_word' id='word_1_771' title='bbox 3012 3891 3030 3917; x_wconf 91' lang='lat'><strong>,</strong></span> <span class='ocrx_word' id='word_1_772' title='bbox 3067 3850 3160 3906; x_wconf 91' lang='lat' dir='ltr'><strong>sed</strong></span> <span class='ocrx_word' id='word_1_773' title='bbox 3190 3865 3296 3905; x_wconf 93' lang='lat' dir='ltr'><strong>uno</strong></span> <span class='ocrx_word' id='word_1_774' title='bbox 3323 3851 3548 3921; x_wconf 89' lang='lat' dir='ltr'><strong>simplici</strong></span> <span class='ocrx_word' id='word_1_775' title='bbox 3579 3852 3742 3906; x_wconf 85' lang='lat' dir='ltr'><strong>verbo</strong></span> 
     </span>
    </p>
   </div>
   <div class='ocr_carea' id='block_1_100' title="bbox 2168 3940 3740 4013">
    <p class='ocr_par' dir='ltr' id='par_1_100' title="bbox 2168 3940 3740 4013">
     <span class='ocr_line' id='line_1_100' title="bbox 2168 3940 3740 4013; baseline 0 -17"><span class='ocrx_word' id='word_1_776' title='bbox 2168 3942 2220 3996; x_wconf 89' lang='lat' dir='ltr'><strong>id</strong></span> <span class='ocrx_word' id='word_1_777' title='bbox 2245 3942 2550 4012; x_wconf 78' lang='lat' dir='ltr'><strong>exprimens</strong></span> <span class='ocrx_word' id='word_1_778' title='bbox 2573 3981 2590 4008; x_wconf 91' lang='lat'><strong>,</strong></span> <span class='ocrx_word' id='word_1_779' title='bbox 2635 3940 2760 3997; x_wconf 89' lang='lat' dir='ltr'><strong>Noli</strong></span> <span class='ocrx_word' id='word_1_780' title='bbox 2800 3943 3017 4013; x_wconf 82' lang='lat' dir='ltr'><strong>amplius</strong></span> <span class='ocrx_word' id='word_1_781' title='bbox 3041 3959 3246 4013; x_wconf 87' lang='lat' dir='ltr'><strong>peccare</strong></span> <span class='ocrx_word' id='word_1_782' title='bbox 3267 3983 3282 4009; x_wconf 92' lang='lat'><strong>,</strong></span> <span class='ocrx_word' id='word_1_783' title='bbox 3316 3951 3626 4012; x_wconf 90' lang='lat' dir='ltr'><strong>tantumque</strong></span> <span class='ocrx_word' id='word_1_784' title='bbox 3654 3942 3740 3997; x_wconf 89' lang='lat' dir='ltr'><strong>di-</strong></span> 
     </span>
    </p>
   </div>
   <div class='ocr_carea' id='block_1_101' title="bbox 2167 4033 3739 4103">
    <p class='ocr_par' dir='ltr' id='par_1_101' title="bbox 2167 4033 3739 4103">
     <span class='ocr_line' id='line_1_101' title="bbox 2167 4033 3739 4103; baseline -0.001 -15"><span class='ocrx_word' id='word_1_785' title='bbox 2167 4047 2296 4088; x_wconf 88' lang='lat' dir='ltr'><strong>cens</strong></span> <span class='ocrx_word' id='word_1_786' title='bbox 2326 4073 2343 4098; x_wconf 97' lang='lat'><strong>,</strong></span> <span class='ocrx_word' id='word_1_787' title='bbox 2375 4033 2514 4103; x_wconf 91' lang='lat' dir='ltr'><strong>quod</strong></span> <span class='ocrx_word' id='word_1_788' title='bbox 2534 4034 2601 4089; x_wconf 90' lang='lat' dir='ltr'><strong>ad</strong></span> <span class='ocrx_word' id='word_1_789' title='bbox 2627 4049 2748 4088; x_wconf 91' lang='lat' dir='ltr'><strong>eum</strong></span> <span class='ocrx_word' id='word_1_790' title='bbox 2773 4035 3167 4090; x_wconf 90' lang='lat' dir='ltr'><strong>admonendum</strong></span> <span class='ocrx_word' id='word_1_791' title='bbox 3199 4034 3552 4090; x_wconf 88' lang='lat' dir='ltr'><strong>necessarium</strong></span> <span class='ocrx_word' id='word_1_792' title='bbox 3575 4042 3689 4088; x_wconf 88' lang='lat' dir='ltr'><strong>erat</strong></span> <span class='ocrx_word' id='word_1_793' title='bbox 3718 4073 3739 4099; x_wconf 96' lang='lat'><strong>,</strong></span> 
     </span>
    </p>
   </div>
   <div class='ocr_carea' id='block_1_102' title="bbox 2168 4122 3745 4192">
    <p class='ocr_par' dir='ltr' id='par_1_102' title="bbox 2168 4122 3745 4192">
     <span class='ocr_line' id='line_1_102' title="bbox 2168 4122 3745 4192; baseline 0.001 -16"><span class='ocrx_word' id='word_1_794' title='bbox 2168 4122 2557 4192; x_wconf 86' lang='lat' dir='ltr'><strong>diligentiorem</strong></span> <span class='ocrx_word' id='word_1_795' title='bbox 2603 4122 2749 4176; x_wconf 88' lang='lat' dir='ltr'><strong>illutn</strong></span> <span class='ocrx_word' id='word_1_796' title='bbox 2801 4122 3032 4177; x_wconf 90' lang='lat' dir='ltr'><strong>reddidit</strong></span> <span class='ocrx_word' id='word_1_797' title='bbox 3080 4124 3133 4178; x_wconf 92' lang='lat' dir='ltr'><strong>in</strong></span> <span class='ocrx_word' id='word_1_798' title='bbox 3181 4123 3456 4190; x_wconf 90' lang='lat' dir='ltr'><strong>futurum,</strong></span> <span class='ocrx_word' id='word_1_799' title='bbox 3499 4132 3553 4177; x_wconf 90' lang='lat' dir='ltr'><strong>et</strong></span> <span class='ocrx_word' id='word_1_800' title='bbox 3579 4122 3745 4192; x_wconf 83' lang='lat' dir='ltr'><strong>ipsius</strong></span> 
     </span>
    </p>
   </div>
   <div class='ocr_carea' id='block_1_103' title="bbox 2172 4213 3745 4286">
    <p class='ocr_par' dir='ltr' id='par_1_103' title="bbox 2172 4213 3745 4286">
     <span class='ocr_line' id='line_1_103' title="bbox 2172 4213 3745 4286; baseline -0.001 -19"><span class='ocrx_word' id='word_1_801' title='bbox 2172 4214 2496 4283; x_wconf 87' lang='lat' dir='ltr'><strong>patientiam,</strong></span> <span class='ocrx_word' id='word_1_802' title='bbox 2526 4213 2883 4270; x_wconf 88' lang='lat' dir='ltr'><strong>fortitudinem</strong></span> <span class='ocrx_word' id='word_1_803' title='bbox 2901 4255 2916 4280; x_wconf 93' lang='lat'><strong>,</strong></span> <span class='ocrx_word' id='word_1_804' title='bbox 2949 4230 3014 4270; x_wconf 90' lang='lat' dir='ltr'><strong>ac</strong></span> <span class='ocrx_word' id='word_1_805' title='bbox 3035 4215 3421 4286; x_wconf 88' lang='lat' dir='ltr'><strong>philosophiam</strong></span> <span class='ocrx_word' id='word_1_806' title='bbox 3450 4213 3602 4268; x_wconf 91' lang='lat' dir='ltr'><strong>nobis</strong></span> <span class='ocrx_word' id='word_1_807' title='bbox 3626 4228 3745 4267; x_wconf 84' lang='lat' dir='ltr'><strong>om-</strong></span> 
     </span>
    </p>
   </div>
   <div class='ocr_carea' id='block_1_104' title="bbox 2171 4303 3742 4375">
    <p class='ocr_par' dir='ltr' id='par_1_104' title="bbox 2171 4303 3742 4375">
     <span class='ocr_line' id='line_1_104' title="bbox 2171 4303 3742 4375; baseline -0.001 -17"><span class='ocrx_word' id='word_1_808' title='bbox 2171 4320 2292 4360; x_wconf 90' lang='lat' dir='ltr'><strong>nem</strong></span> <span class='ocrx_word' id='word_1_809' title='bbox 2322 4304 2599 4374; x_wconf 86' lang='lat' dir='ltr'><strong>patefecit,</strong></span> <span class='ocrx_word' id='word_1_810' title='bbox 2645 4320 2765 4360; x_wconf 91' lang='lat' dir='ltr'><strong>cum</strong></span> <span class='ocrx_word' id='word_1_811' title='bbox 2804 4304 2879 4358; x_wconf 90' lang='lat' dir='ltr'><strong>illi</strong></span> <span class='ocrx_word' id='word_1_812' title='bbox 2907 4307 3277 4361; x_wconf 86' lang='lat' dir='ltr'><strong>necessitatem</strong></span> <span class='ocrx_word' id='word_1_813' title='bbox 3307 4303 3557 4375; x_wconf 92' lang='lat' dir='ltr'><strong>imposuit</strong></span> <span class='ocrx_word' id='word_1_814' title='bbox 3578 4312 3742 4357; x_wconf 80' lang='lat' dir='ltr'><strong>totam</strong></span> 
     </span>
    </p>
   </div>
   <div class='ocr_carea' id='block_1_105' title="bbox 2170 4393 3741 4466">
    <p class='ocr_par' dir='ltr' id='par_1_105' title="bbox 2170 4393 3741 4466">
     <span class='ocr_line' id='line_1_105' title="bbox 2170 4393 3741 4466; baseline -0.004 -15"><span class='ocrx_word' id='word_1_815' title='bbox 2170 4395 2523 4451; x_wconf 87' lang='lat' dir='ltr'><strong>calamitatem</strong></span> <span class='ocrx_word' id='word_1_816' title='bbox 2549 4410 2696 4450; x_wconf 85' lang='lat' dir='ltr'><strong>suam</strong></span> <span class='ocrx_word' id='word_1_817' title='bbox 2726 4394 3031 4466; x_wconf 87' lang='lat' dir='ltr'><strong>quiritando</strong></span> <span class='ocrx_word' id='word_1_818' title='bbox 3055 4394 3393 4466; x_wconf 85' lang='lat' dir='ltr'><strong>divulgandi,</strong></span> <span class='ocrx_word' id='word_1_819' title='bbox 3420 4409 3483 4449; x_wconf 88' lang='lat' dir='ltr'><strong>ac</strong></span> <span class='ocrx_word' id='word_1_820' title='bbox 3511 4393 3741 4449; x_wconf 78' lang='lat' dir='ltr'><strong>studium</strong></span> 
     </span>
    </p>
   </div>
   <div class='ocr_carea' id='block_1_106' title="bbox 2173 4485 3749 4562">
    <p class='ocr_par' dir='ltr' id='par_1_106' title="bbox 2173 4485 3749 4562">
     <span class='ocr_line' id='line_1_106' title="bbox 2173 4485 3749 4562; baseline -0.004 -18"><span class='ocrx_word' id='word_1_821' title='bbox 2173 4504 2325 4544; x_wconf 90' lang='lat' dir='ltr'><strong>suum</strong></span> <span class='ocrx_word' id='word_1_822' title='bbox 2359 4488 2669 4543; x_wconf 89' lang='lat' dir='ltr'><strong>ostendendi</strong></span> <span class='ocrx_word' id='word_1_823' title='bbox 2697 4510 2711 4544; x_wconf 92' lang='lat'><strong>:</strong></span> <span class='ocrx_word' id='word_1_824' title='bbox 2736 4487 2868 4541; x_wconf 88' lang='lat' dir='ltr'><strong>Dum</strong></span> <span class='ocrx_word' id='word_1_825' title='bbox 2893 4489 3033 4542; x_wconf 82' lang='lat' dir='ltr'><strong>venio</strong></span> <span class='ocrx_word' id='word_1_826' title='bbox 3054 4488 3197 4562; x_wconf 82' lang='lat' dir='ltr'><strong>enim</strong></span> <span class='ocrx_word' id='word_1_827' title='bbox 3221 4503 3311 4557; x_wconf 82' lang='lat' dir='ltr'><strong>ego</strong></span> <span class='ocrx_word' id='word_1_828' title='bbox 3329 4528 3344 4553; x_wconf 96' lang='lat'><strong>,</strong></span> <span class='ocrx_word' id='word_1_829' title='bbox 3375 4485 3506 4539; x_wconf 88' lang='lat' dir='ltr'><strong>alius</strong></span> <span class='ocrx_word' id='word_1_830' title='bbox 3532 4492 3647 4537; x_wconf 80' lang='lat' dir='ltr'><strong>ante</strong></span> <span class='ocrx_word' id='word_1_831' title='bbox 3669 4500 3749 4537; x_wconf 81' lang='lat' dir='ltr'><strong>me</strong></span> 
     </span>
    </p>
   </div>
   <div class='ocr_carea' id='block_1_107' title="bbox 2172 4573 3745 4653">
    <p class='ocr_par' dir='ltr' id='par_1_107' title="bbox 2172 4573 3745 4653">
     <span class='ocr_line' id='line_1_107' title="bbox 2172 4573 3745 4653; baseline -0.005 -19"><span class='ocrx_word' id='word_1_832' title='bbox 2172 4581 2425 4636; x_wconf 82' lang='lat' dir='ltr'><strong>descendit</strong></span> <span class='ocrx_word' id='word_1_833' title='bbox 2449 4579 2468 4653; x_wconf 91' lang='lat'>(</span> <span class='ocrx_word' id='word_1_834' title='bbox 2494 4580 2651 4635; x_wconf 83' lang='lat' dir='ltr'><strong>Joan.</strong></span> <span class='ocrx_word' id='word_1_835' title='bbox 2680 4581 2734 4635; x_wconf 86' lang='lat'><strong>5.</strong></span> <span class='ocrx_word' id='word_1_836' title='bbox 2760 4580 2792 4635; x_wconf 85' lang='lat'><strong>7</strong></span> <span class='ocrx_word' id='word_1_837' title='bbox 2820 4579 2873 4651; x_wconf 89' lang='lat'><strong>);</strong></span> <span class='ocrx_word' id='word_1_838' title='bbox 2899 4588 3109 4650; x_wconf 85' lang='lat' dir='ltr'><strong>peccata</strong></span> <span class='ocrx_word' id='word_1_839' title='bbox 3141 4592 3267 4631; x_wconf 93' lang='lat' dir='ltr'><strong>vero</strong></span> <span class='ocrx_word' id='word_1_840' title='bbox 3300 4591 3403 4631; x_wconf 89' lang='lat' dir='ltr'><strong>non</strong></span> <span class='ocrx_word' id='word_1_841' title='bbox 3433 4573 3745 4646; x_wconf 85' lang='lat' dir='ltr'><strong>propalavit.</strong></span> 
     </span>
    </p>
   </div>
   <div class='ocr_carea' id='block_1_108' title="bbox 2172 4665 3747 4740">
    <p class='ocr_par' dir='ltr' id='par_1_108' title="bbox 2172 4665 3747 4740">
     <span class='ocr_line' id='line_1_108' title="bbox 2172 4665 3747 4740; baseline -0.007 -11"><span class='ocrx_word' id='word_1_842' title='bbox 2172 4673 2319 4729; x_wconf 90' lang='lat' dir='ltr'><strong>Sicut</strong></span> <span class='ocrx_word' id='word_1_843' title='bbox 2341 4675 2482 4730; x_wconf 89' lang='lat' dir='ltr'><strong>enim</strong></span> <span class='ocrx_word' id='word_1_844' title='bbox 2509 4687 2606 4727; x_wconf 90' lang='lat' dir='ltr'><strong>nos</strong></span> <span class='ocrx_word' id='word_1_845' title='bbox 2634 4672 2883 4740; x_wconf 82' lang='lat' dir='ltr'><strong>obtegere</strong></span> <span class='ocrx_word' id='word_1_846' title='bbox 2906 4680 3086 4724; x_wconf 89' lang='lat' dir='ltr'><strong>nostra</strong></span> <span class='ocrx_word' id='word_1_847' title='bbox 3115 4669 3359 4723; x_wconf 87' lang='lat' dir='ltr'><strong>volumus</strong></span> <span class='ocrx_word' id='word_1_848' title='bbox 3384 4708 3400 4734; x_wconf 95' lang='lat'><strong>,</strong></span> <span class='ocrx_word' id='word_1_849' title='bbox 3422 4666 3500 4721; x_wconf 89' lang='lat' dir='ltr'><strong>sic</strong></span> <span class='ocrx_word' id='word_1_850' title='bbox 3526 4676 3582 4721; x_wconf 88' lang='lat' dir='ltr'><strong>et</strong></span> <span class='ocrx_word' id='word_1_851' title='bbox 3609 4665 3747 4718; x_wconf 76' lang='lat' dir='ltr'><strong>Dens</strong></span> 
     </span>
    </p>
   </div>
   <div class='ocr_carea' id='block_1_109' title="bbox 2173 4758 3747 4834">
    <p class='ocr_par' dir='ltr' id='par_1_109' title="bbox 2173 4758 3747 4834">
     <span class='ocr_line' id='line_1_109' title="bbox 2173 4758 3747 4834; baseline -0.007 -15"><span class='ocrx_word' id='word_1_852' title='bbox 2173 4765 2339 4820; x_wconf 89' lang='lat' dir='ltr'><strong>multo</strong></span> <span class='ocrx_word' id='word_1_853' title='bbox 2385 4765 2553 4834; x_wconf 84' lang='lat' dir='ltr'><strong>magis</strong></span> <span class='ocrx_word' id='word_1_854' title='bbox 2598 4777 2756 4833; x_wconf 88' lang='lat' dir='ltr'><strong>quam</strong></span> <span class='ocrx_word' id='word_1_855' title='bbox 2791 4775 3101 4831; x_wconf 72' lang='lat' dir='ltr'><strong>noszquam</strong></span> <span class='ocrx_word' id='word_1_856' title='bbox 3129 4758 3199 4814; x_wconf 92' lang='lat' dir='ltr'><strong>ob</strong></span> <span class='ocrx_word' id='word_1_857' title='bbox 3231 4772 3447 4817; x_wconf 87' lang='lat' dir='ltr'><strong>causam</strong></span> <span class='ocrx_word' id='word_1_858' title='bbox 3486 4765 3540 4813; x_wconf 88' lang='lat' dir='ltr'><strong>et</strong></span> <span class='ocrx_word' id='word_1_859' title='bbox 3564 4770 3747 4811; x_wconf 85' lang='lat' dir='ltr'><strong>coram</strong></span> 
     </span>
    </p>
   </div>
   <div class='ocr_carea' id='block_1_110' title="bbox 2173 4849 3751 4916">
    <p class='ocr_par' dir='ltr' id='par_1_110' title="bbox 2173 4849 3751 4916">
     <span class='ocr_line' id='line_1_110' title="bbox 2173 4849 3751 4916; baseline -0.009 -4"><span class='ocrx_word' id='word_1_860' title='bbox 2173 4856 2417 4912; x_wconf 89' lang='lat' dir='ltr'><strong>omnibus</strong></span> <span class='ocrx_word' id='word_1_861' title='bbox 2457 4854 2772 4909; x_wconf 90' lang='lat' dir='ltr'><strong>medicinam</strong></span> <span class='ocrx_word' id='word_1_862' title='bbox 2820 4850 2979 4916; x_wconf 88' lang='lat' dir='ltr'><strong>fecit,</strong></span> <span class='ocrx_word' id='word_1_863' title='bbox 3008 4849 3429 4903; x_wconf 88' lang='lat' dir='ltr'><strong>adhortationem</strong></span> <span class='ocrx_word' id='word_1_864' title='bbox 3475 4855 3650 4899; x_wconf 91' lang='lat' dir='ltr'><strong>autem</strong></span> <span class='ocrx_word' id='word_1_865' title='bbox 3694 4853 3751 4899; x_wconf 92' lang='lat' dir='ltr'><strong>et</strong></span> 
     </span>
    </p>
   </div>
   <div class='ocr_carea' id='block_1_111' title="bbox 2174 4938 3749 5019">
    <p class='ocr_par' dir='ltr' id='par_1_111' title="bbox 2174 4938 3749 5019">
     <span class='ocr_line' id='line_1_111' title="bbox 2174 4938 3749 5019; baseline -0.008 -14"><span class='ocrx_word' id='word_1_866' title='bbox 2174 4950 2453 5005; x_wconf 89' lang='lat' dir='ltr'><strong>consilium</strong></span> <span class='ocrx_word' id='word_1_867' title='bbox 2478 4947 2721 5019; x_wconf 89' lang='lat' dir='ltr'><strong>privatim</strong></span> <span class='ocrx_word' id='word_1_868' title='bbox 2750 4944 2985 5000; x_wconf 87' lang='lat' dir='ltr'><strong>adhibet.</strong></span> <span class='ocrx_word' id='word_1_869' title='bbox 3042 4942 3340 5014; x_wconf 85' lang='lat' dir='ltr'><strong>Numquam</strong></span> <span class='ocrx_word' id='word_1_870' title='bbox 3369 4940 3510 4995; x_wconf 87' lang='lat' dir='ltr'><strong>enim</strong></span> <span class='ocrx_word' id='word_1_871' title='bbox 3537 4938 3749 5009; x_wconf 79' lang='lat' dir='ltr'><strong>evulgat</strong></span> 
     </span>
    </p>
   </div>
   <div class='ocr_carea' id='block_1_112' title="bbox 2177 5030 3737 5111">
    <p class='ocr_par' dir='ltr' id='par_1_112' title="bbox 2177 5030 3737 5111">
     <span class='ocr_line' id='line_1_112' title="bbox 2177 5030 3737 5111; baseline -0.007 -15"><span class='ocrx_word' id='word_1_872' title='bbox 2177 5049 2390 5111; x_wconf 90' lang='lat' dir='ltr'><strong>peccata</strong></span> <span class='ocrx_word' id='word_1_873' title='bbox 2420 5049 2625 5103; x_wconf 89' lang='lat' dir='ltr'><strong>nostra,</strong></span> <span class='ocrx_word' id='word_1_874' title='bbox 2652 5037 2750 5091; x_wconf 90' lang='lat' dir='ltr'><strong>nisi</strong></span> <span class='ocrx_word' id='word_1_875' title='bbox 2777 5035 2912 5090; x_wconf 87' lang='lat' dir='ltr'><strong>forte</strong></span> <span class='ocrx_word' id='word_1_876' title='bbox 2939 5033 2986 5089; x_wconf 88' lang='lat' dir='ltr'><strong>si</strong></span> <span class='ocrx_word' id='word_1_877' title='bbox 3011 5034 3221 5106; x_wconf 90' lang='lat' dir='ltr'><strong>quando</strong></span> <span class='ocrx_word' id='word_1_878' title='bbox 3242 5048 3341 5087; x_wconf 91' lang='lat' dir='ltr'><strong>nos</strong></span> <span class='ocrx_word' id='word_1_879' title='bbox 3372 5031 3567 5087; x_wconf 90' lang='lat' dir='ltr'><strong>viderit</strong></span> <span class='ocrx_word' id='word_1_880' title='bbox 3591 5030 3737 5085; x_wconf 91' lang='lat' dir='ltr'><strong>nullo</strong></span> 
     </span>
    </p>
   </div>
   <div class='ocr_carea' id='block_1_113' title="bbox 2174 5121 3750 5186">
    <p class='ocr_par' dir='ltr' id='par_1_113' title="bbox 2174 5121 3750 5186">
     <span class='ocr_line' id='line_1_113' title="bbox 2174 5121 3750 5186; baseline -0.009 0"><span class='ocrx_word' id='word_1_881' title='bbox 2174 5145 2358 5186; x_wconf 93' lang='lat' dir='ltr'><strong>corum</strong></span> <span class='ocrx_word' id='word_1_882' title='bbox 2413 5143 2571 5183; x_wconf 90' lang='lat' dir='ltr'><strong>sensu</strong></span> <span class='ocrx_word' id='word_1_883' title='bbox 2610 5125 2772 5183; x_wconf 88' lang='lat' dir='ltr'><strong>afﬁci.</strong></span> <span class='ocrx_word' id='word_1_884' title='bbox 2821 5126 2953 5181; x_wconf 88' lang='lat' dir='ltr'><strong>Nam</strong></span> <span class='ocrx_word' id='word_1_885' title='bbox 3001 5134 3056 5181; x_wconf 89' lang='lat' dir='ltr'><strong>et</strong></span> <span class='ocrx_word' id='word_1_886' title='bbox 3093 5139 3216 5180; x_wconf 87' lang='lat' dir='ltr'><strong>eum</strong></span> <span class='ocrx_word' id='word_1_887' title='bbox 3245 5122 3407 5179; x_wconf 86' lang='lat' dir='ltr'><strong>dicit:</strong></span> <span class='ocrx_word' id='word_1_888' title='bbox 3439 5121 3750 5176; x_wconf 74' lang='lat' dir='ltr'><strong>Esurientcnt</strong></span> 
     </span>
    </p>
   </div>
   <div class='ocr_carea' id='block_1_114' title="bbox 2177 5210 3747 5287">
    <p class='ocr_par' dir='ltr' id='par_1_114' title="bbox 2177 5210 3747 5287">
     <span class='ocr_line' id='line_1_114' title="bbox 2177 5210 3747 5287; baseline -0.008 -10"><span class='ocrx_word' id='word_1_889' title='bbox 2177 5239 2254 5278; x_wconf 87' lang='lat' dir='ltr'><strong>me</strong></span> <span class='ocrx_word' id='word_1_890' title='bbox 2281 5222 2496 5287; x_wconf 82' lang='lat' dir='ltr'><strong>vidistis,</strong></span> <span class='ocrx_word' id='word_1_891' title='bbox 2526 5230 2572 5274; x_wconf 86' lang='lat' dir='ltr'><strong>et</strong></span> <span class='ocrx_word' id='word_1_892' title='bbox 2599 5236 2701 5273; x_wconf 88' lang='lat' dir='ltr'><strong>non</strong></span> <span class='ocrx_word' id='word_1_893' title='bbox 2726 5218 2957 5284; x_wconf 87' lang='lat' dir='ltr'><strong>aluistis,</strong></span> <span class='ocrx_word' id='word_1_894' title='bbox 2985 5227 3032 5270; x_wconf 88' lang='lat' dir='ltr'><strong>et</strong></span> <span class='ocrx_word' id='word_1_895' title='bbox 3057 5217 3325 5280; x_wconf 83' lang='lat' dir='ltr'><strong>sitientem,</strong></span> <span class='ocrx_word' id='word_1_896' title='bbox 3352 5224 3511 5267; x_wconf 76' lang='lat' dir='ltr'><strong>etnon</strong></span> <span class='ocrx_word' id='word_1_897' title='bbox 3535 5210 3747 5279; x_wconf 85' lang='lat' dir='ltr'><strong>potastis</strong></span> 
     </span>
    </p>
   </div>
   <div class='ocr_carea' id='block_1_115' title="bbox 2178 5303 3748 5387">
    <p class='ocr_par' dir='ltr' id='par_1_115' title="bbox 2178 5303 3748 5387">
     <span class='ocr_line' id='line_1_115' title="bbox 2178 5303 3748 5387; baseline -0.008 -19"><span class='ocrx_word' id='word_1_898' title='bbox 2178 5314 2388 5387; x_wconf 80' lang='lat' dir='ltr'><strong>(Matth.</strong></span> <span class='ocrx_word' id='word_1_899' title='bbox 2405 5313 2496 5368; x_wconf 77' lang='lat'><strong>25.</strong></span> <span class='ocrx_word' id='word_1_900' title='bbox 2519 5311 2612 5383; x_wconf 69' lang='lat' dir='ltr'><strong>l2)</strong></span> <span class='ocrx_word' id='word_1_901' title='bbox 2631 5353 2646 5378; x_wconf 93' lang='lat'><strong>,</strong></span> <span class='ocrx_word' id='word_1_902' title='bbox 2679 5319 2956 5381; x_wconf 90' lang='lat' dir='ltr'><strong>propterea</strong></span> <span class='ocrx_word' id='word_1_903' title='bbox 2982 5308 3111 5363; x_wconf 85' lang='lat' dir='ltr'><strong>dicit</strong></span> <span class='ocrx_word' id='word_1_904' title='bbox 3135 5306 3187 5360; x_wconf 92' lang='lat' dir='ltr'><strong>in</strong></span> <span class='ocrx_word' id='word_1_905' title='bbox 3215 5303 3460 5373; x_wconf 64' lang='grc' dir='ltr'><strong>ρι’-,ΒεθΜί</strong></span> <span class='ocrx_word' id='word_1_906' title='bbox 3487 5312 3748 5370; x_wconf 76' lang='lat' dir='ltr'><strong>tempore,</strong></span> 
     </span>
    </p>
   </div>
   <div class='ocr_carea' id='block_1_116' title="bbox 2180 5391 3750 5461">
    <p class='ocr_par' dir='ltr' id='par_1_116' title="bbox 2180 5391 3750 5461">
     <span class='ocr_line' id='line_1_116' title="bbox 2180 5391 3750 5461; baseline -0.01 -1"><span class='ocrx_word' id='word_1_907' title='bbox 2180 5424 2246 5461; x_wconf 90' lang='lat' dir='ltr'><strong>ne</strong></span> <span class='ocrx_word' id='word_1_908' title='bbox 2277 5405 2412 5461; x_wconf 87' lang='lat' dir='ltr'><strong>forte</strong></span> <span class='ocrx_word' id='word_1_909' title='bbox 2458 5406 2509 5459; x_wconf 93' lang='lat' dir='ltr'><strong>in</strong></span> <span class='ocrx_word' id='word_1_910' title='bbox 2550 5403 2727 5459; x_wconf 91' lang='lat' dir='ltr'><strong>futuro</strong></span> <span class='ocrx_word' id='word_1_911' title='bbox 2772 5401 2935 5457; x_wconf 90' lang='lat' dir='ltr'><strong>verba</strong></span> <span class='ocrx_word' id='word_1_912' title='bbox 2977 5402 3092 5453; x_wconf 75' lang='lat' dir='ltr'><strong>inec</strong></span> <span class='ocrx_word' id='word_1_913' title='bbox 3128 5396 3426 5451; x_wconf 84' lang='lat' dir='ltr'><strong>audiamus.</strong></span> <span class='ocrx_word' id='word_1_914' title='bbox 3478 5391 3750 5459; x_wconf 73' lang='lat' dir='ltr'><strong>Minatur,</strong></span> 
     </span>
    </p>
   </div>
   <div class='ocr_carea' id='block_1_117' title="bbox 2178 5483 3754 5569">
    <p class='ocr_par' dir='ltr' id='par_1_117' title="bbox 2178 5483 3754 5569">
     <span class='ocr_line' id='line_1_117' title="bbox 2178 5483 3754 5569; baseline -0.01 -16"><span class='ocrx_word' id='word_1_915' title='bbox 2178 5499 2390 5569; x_wconf 87' lang='lat' dir='ltr'><strong>evulgat</strong></span> <span class='ocrx_word' id='word_1_916' title='bbox 2436 5497 2489 5551; x_wconf 94' lang='lat' dir='ltr'><strong>in</strong></span> <span class='ocrx_word' id='word_1_917' title='bbox 2520 5496 2619 5550; x_wconf 88' lang='lat' dir='ltr'><strong>hac</strong></span> <span class='ocrx_word' id='word_1_918' title='bbox 2647 5496 2750 5549; x_wconf 88' lang='lat' dir='ltr'><strong>vita</strong></span> <span class='ocrx_word' id='word_1_919' title='bbox 2785 5534 2799 5556; x_wconf 94' lang='lat'><strong>,</strong></span> <span class='ocrx_word' id='word_1_920' title='bbox 2828 5507 2896 5546; x_wconf 89' lang='lat' dir='ltr'><strong>ne</strong></span> <span class='ocrx_word' id='word_1_921' title='bbox 2920 5492 2972 5545; x_wconf 91' lang='lat' dir='ltr'><strong>in</strong></span> <span class='ocrx_word' id='word_1_922' title='bbox 3002 5491 3091 5545; x_wconf 91' lang='lat' dir='ltr'><strong>illa</strong></span> <span class='ocrx_word' id='word_1_923' title='bbox 3121 5487 3331 5558; x_wconf 87' lang='lat' dir='ltr'><strong>evulget</strong></span> <span class='ocrx_word' id='word_1_924' title='bbox 3359 5527 3376 5555; x_wconf 94' lang='lat'><strong>,</strong></span> <span class='ocrx_word' id='word_1_925' title='bbox 3403 5483 3754 5557; x_wconf 80' lang='lat' dir='ltr'><strong>quemadmo-</strong></span> 
     </span>
    </p>
   </div>
   <div class='ocr_carea' id='block_1_118' title="bbox 2180 5583 3753 5646">
    <p class='ocr_par' dir='ltr' id='par_1_118' title="bbox 2180 5583 3753 5646">
     <span class='ocr_line' id='line_1_118' title="bbox 2180 5583 3753 5646; baseline -0.008 0"><span class='ocrx_word' id='word_1_926' title='bbox 2180 5591 2304 5646; x_wconf 91' lang='lat' dir='ltr'><strong>dum</strong></span> <span class='ocrx_word' id='word_1_927' title='bbox 2335 5601 2390 5646; x_wconf 92' lang='lat' dir='ltr'><strong>et</strong></span> <span class='ocrx_word' id='word_1_928' title='bbox 2410 5589 2755 5644; x_wconf 84' lang='lat' dir='ltr'><strong>Ninivitarum</strong></span> <span class='ocrx_word' id='word_1_929' title='bbox 2776 5587 3042 5641; x_wconf 85' lang='lat' dir='ltr'><strong>civitatem</strong></span> <span class='ocrx_word' id='word_1_930' title='bbox 3072 5600 3131 5641; x_wconf 88' lang='lat' dir='ltr'><strong>se</strong></span> <span class='ocrx_word' id='word_1_931' title='bbox 3165 5583 3397 5639; x_wconf 90' lang='lat' dir='ltr'><strong>minatus</strong></span> <span class='ocrx_word' id='word_1_932' title='bbox 3423 5591 3506 5639; x_wconf 91' lang='lat' dir='ltr'><strong>est</strong></span> <span class='ocrx_word' id='word_1_933' title='bbox 3532 5595 3753 5638; x_wconf 80' lang='lat' dir='ltr'><strong>eversu-</strong></span> 
     </span>
    </p>
   </div>
   <div class='ocr_carea' id='block_1_119' title="bbox 2184 5677 3753 5747">
    <p class='ocr_par' dir='ltr' id='par_1_119' title="bbox 2184 5677 3753 5747">
     <span class='ocr_line' id='line_1_119' title="bbox 2184 5677 3753 5747; baseline -0.005 -10"><span class='ocrx_word' id='word_1_934' title='bbox 2184 5698 2320 5744; x_wconf 88' lang='lat' dir='ltr'><strong>rum,</strong></span> <span class='ocrx_word' id='word_1_935' title='bbox 2351 5691 2407 5736; x_wconf 93' lang='lat' dir='ltr'><strong>ut</strong></span> <span class='ocrx_word' id='word_1_936' title='bbox 2428 5697 2531 5736; x_wconf 91' lang='lat' dir='ltr'><strong>non</strong></span> <span class='ocrx_word' id='word_1_937' title='bbox 2553 5687 2836 5736; x_wconf 89' lang='lat' dir='ltr'><strong>everteret.</strong></span> <span class='ocrx_word' id='word_1_938' title='bbox 2878 5677 2933 5732; x_wconf 87' lang='lat' dir='ltr'><strong>Si</strong></span> <span class='ocrx_word' id='word_1_939' title='bbox 2961 5678 3102 5732; x_wconf 90' lang='lat' dir='ltr'><strong>enim</strong></span> <span class='ocrx_word' id='word_1_940' title='bbox 3133 5687 3348 5747; x_wconf 89' lang='lat' dir='ltr'><strong>peccata</strong></span> <span class='ocrx_word' id='word_1_941' title='bbox 3384 5677 3546 5735; x_wconf 89' lang='lat' dir='ltr'><strong>vellet</strong></span> <span class='ocrx_word' id='word_1_942' title='bbox 3571 5682 3753 5729; x_wconf 85' lang='lat' dir='ltr'><strong>nostra</strong></span> 
     </span>
    </p>
   </div>
   <div class='ocr_carea' id='block_1_120' title="bbox 2185 5763 3751 5844">
    <p class='ocr_par' dir='ltr' id='par_1_120' title="bbox 2185 5763 3751 5844">
     <span class='ocr_line' id='line_1_120' title="bbox 2185 5763 3751 5844; baseline -0.006 -21"><span class='ocrx_word' id='word_1_943' title='bbox 2185 5772 2451 5844; x_wconf 82' lang='lat' dir='ltr'><strong>publicare</strong></span> <span class='ocrx_word' id='word_1_944' title='bbox 2476 5813 2489 5841; x_wconf 89' lang='lat'><strong>,</strong></span> <span class='ocrx_word' id='word_1_945' title='bbox 2520 5785 2848 5843; x_wconf 88' lang='lat' dir='ltr'><strong>nequaquam</strong></span> <span class='ocrx_word' id='word_1_946' title='bbox 2870 5783 2929 5825; x_wconf 87' lang='lat' dir='ltr'><strong>se</strong></span> <span class='ocrx_word' id='word_1_947' title='bbox 2954 5765 3347 5839; x_wconf 80' lang='lat' dir='ltr'><strong>publicaturum</strong></span> <span class='ocrx_word' id='word_1_948' title='bbox 3386 5763 3711 5839; x_wconf 66' lang='lat' dir='ltr'><strong>praedixisset</strong></span> <span class='ocrx_word' id='word_1_949' title='bbox 3738 5777 3751 5826; x_wconf 89' lang='lat'><strong>;</strong></span> 
     </span>
    </p>
   </div>
  </div>
