  <div class='ocr_page' id='page_1' title='image "/cluster/home/n/w/nwhite01/storage/ocr_20150623/51/mdp.39015052813998/050.png"; bbox 0 0 4066 6274; ppageno 0'>
   <div class='ocr_carea' id='block_1_1' title="bbox 399 334 1994 416">
    <p class='ocr_par' dir='ltr' id='par_1_1' title="bbox 399 345 1994 416">
     <span class='ocr_line' id='line_1_1' title="bbox 399 345 1994 416; baseline -0.012 -1"><span class='ocrx_word' id='word_1_1' title='bbox 399 360 458 416; x_wconf 66' lang='grc'>51</span> <span class='ocrx_word' id='word_1_2' title='bbox 1306 353 1370 408; x_wconf 75' lang='grc' dir='ltr'>ΙΝ</span> <span class='ocrx_word' id='word_1_3' title='bbox 1409 347 1824 408; x_wconf 68' lang='lat' dir='ltr'>PARALYTIC;</span> <span class='ocrx_word' id='word_1_4' title='bbox 1857 345 1906 398; x_wconf 76' lang='grc' dir='ltr'>Μ</span> <span class='ocrx_word' id='word_1_5' title='bbox 1945 345 1994 398; x_wconf 66' lang='lat' dir='ltr'>Di</span> 
     </span>
    </p>
   </div>
   <div class='ocr_carea' id='block_1_2' title="bbox 2097 334 3640 416">
    <p class='ocr_par' dir='ltr' id='par_1_2' title="bbox 2097 334 3640 397">
     <span class='ocr_line' id='line_1_2' title="bbox 2097 334 3640 397; baseline -0.005 -1"><span class='ocrx_word' id='word_1_6' title='bbox 2097 341 2233 397; x_wconf 83' lang='lat' dir='ltr'>lSSU</span> <span class='ocrx_word' id='word_1_7' title='bbox 2245 341 2290 395; x_wconf 81' lang='grc' dir='ltr'><strong>Μ</strong></span> <span class='ocrx_word' id='word_1_8' title='bbox 2330 341 2462 396; x_wconf 76' lang='lat' dir='ltr'>PER</span> <span class='ocrx_word' id='word_1_9' title='bbox 2502 339 2803 394; x_wconf 74' lang='lat' dir='ltr'>TECTUM.</span> <span class='ocrx_word' id='word_1_10' title='bbox 3569 334 3640 388; x_wconf 64' lang='lat'>5%</span> 
     </span>
    </p>
   </div>
   <div class='ocr_carea' id='block_1_3' title="bbox 393 461 1972 543">
    <p class='ocr_par' dir='ltr' id='par_1_3' title="bbox 393 461 1972 543">
     <span class='ocr_line' id='line_1_3' title="bbox 393 461 1972 543; baseline -0.01 -12"><span class='ocrx_word' id='word_1_11' title='bbox 393 477 516 531; x_wconf 75' lang='grc' dir='ltr'>ἐπεὶ</span> <span class='ocrx_word' id='word_1_12' title='bbox 535 477 628 530; x_wconf 70' lang='grc' dir='ltr'>καὶ</span> <span class='ocrx_word' id='word_1_13' title='bbox 651 475 806 528; x_wconf 87' lang='grc' dir='ltr'>τοῦτο</span> <span class='ocrx_word' id='word_1_14' title='bbox 823 471 1134 543; x_wconf 78' lang='grc' dir='ltr'>εὐεργεσίας</span> <span class='ocrx_word' id='word_1_15' title='bbox 1158 470 1301 524; x_wconf 79' lang='grc' dir='ltr'>ἐστὶν</span> <span class='ocrx_word' id='word_1_16' title='bbox 1327 465 1486 531; x_wconf 77' lang='grc' dir='ltr'>εἶδος.</span> <span class='ocrx_word' id='word_1_17' title='bbox 1509 468 1618 521; x_wconf 76' lang='grc' dir='ltr'>Καὶ</span> <span class='ocrx_word' id='word_1_18' title='bbox 1648 465 1755 538; x_wconf 86' lang='grc' dir='ltr'>γὰρ</span> <span class='ocrx_word' id='word_1_19' title='bbox 1790 461 1972 534; x_wconf 70' lang='grc' dir='ltr'>ἰατρὸς</span> 
     </span>
    </p>
   </div>
   <div class='ocr_carea' id='block_1_4' title="bbox 395 555 1974 637">
    <p class='ocr_par' dir='ltr' id='par_1_4' title="bbox 395 555 1974 637">
     <span class='ocr_line' id='line_1_4' title="bbox 395 555 1974 637; baseline -0.009 -16"><span class='ocrx_word' id='word_1_20' title='bbox 395 569 494 637; x_wconf 87' lang='grc' dir='ltr'>οὐχ</span> <span class='ocrx_word' id='word_1_21' title='bbox 521 555 648 621; x_wconf 84' lang='grc' dir='ltr'>ὅταν</span> <span class='ocrx_word' id='word_1_22' title='bbox 679 566 830 637; x_wconf 81' lang='grc' dir='ltr'>λούῃ,</span> <span class='ocrx_word' id='word_1_23' title='bbox 858 567 950 618; x_wconf 78' lang='grc' dir='ltr'>καὶ</span> <span class='ocrx_word' id='word_1_24' title='bbox 977 565 1171 636; x_wconf 82' lang='grc' dir='ltr'>τρέφῃ,</span> <span class='ocrx_word' id='word_1_25' title='bbox 1195 563 1287 615; x_wconf 67' lang='grc' dir='ltr'>καὶ</span> <span class='ocrx_word' id='word_1_26' title='bbox 1315 565 1393 624; x_wconf 83' lang='grc' dir='ltr'>εἰς</span> <span class='ocrx_word' id='word_1_27' title='bbox 1422 558 1776 630; x_wconf 77' lang='grc' dir='ltr'>παραδείσους</span> <span class='ocrx_word' id='word_1_28' title='bbox 1803 555 1974 624; x_wconf 84' lang='grc' dir='ltr'>ἐξάγῃ</span> 
     </span>
    </p>
   </div>
   <div class='ocr_carea' id='block_1_5' title="bbox 395 645 1968 728">
    <p class='ocr_par' dir='ltr' id='par_1_5' title="bbox 395 645 1968 728">
     <span class='ocr_line' id='line_1_5' title="bbox 395 645 1968 728; baseline -0.01 -17"><span class='ocrx_word' id='word_1_29' title='bbox 395 659 488 714; x_wconf 79' lang='grc' dir='ltr'>τὸν</span> <span class='ocrx_word' id='word_1_30' title='bbox 517 659 792 728; x_wconf 70' lang='grc' dir='ltr'>κάμνοντα</span> <span class='ocrx_word' id='word_1_31' title='bbox 824 657 1002 726; x_wconf 87' lang='grc' dir='ltr'>μόνον,</span> <span class='ocrx_word' id='word_1_32' title='bbox 1038 653 1150 706; x_wconf 73' lang='grc' dir='ltr'>ἀλλ’</span> <span class='ocrx_word' id='word_1_33' title='bbox 1181 655 1309 706; x_wconf 84' lang='grc' dir='ltr'>ὅταν</span> <span class='ocrx_word' id='word_1_34' title='bbox 1343 651 1436 704; x_wconf 67' lang='grc' dir='ltr'>καὶ</span> <span class='ocrx_word' id='word_1_35' title='bbox 1471 649 1622 720; x_wconf 79' lang='grc' dir='ltr'>καίῃ,</span> <span class='ocrx_word' id='word_1_36' title='bbox 1655 648 1750 700; x_wconf 73' lang='grc' dir='ltr'>καὶ</span> <span class='ocrx_word' id='word_1_37' title='bbox 1777 645 1968 715; x_wconf 80' lang='grc' dir='ltr'>τέμνῃ,</span> 
     </span>
    </p>
   </div>
   <div class='ocr_carea' id='block_1_6' title="bbox 397 733 1974 822">
    <p class='ocr_par' dir='ltr' id='par_1_6' title="bbox 397 733 1974 822">
     <span class='ocr_line' id='line_1_6' title="bbox 397 733 1974 822; baseline -0.01 -20"><span class='ocrx_word' id='word_1_38' title='bbox 397 751 597 822; x_wconf 85' lang='grc' dir='ltr'>ὁμοίως</span> <span class='ocrx_word' id='word_1_39' title='bbox 639 751 786 802; x_wconf 74' lang='grc' dir='ltr'>ἐστὶν</span> <span class='ocrx_word' id='word_1_40' title='bbox 822 746 1032 817; x_wconf 84' lang='grc' dir='ltr'>ἰατρός·</span> <span class='ocrx_word' id='word_1_41' title='bbox 1067 745 1160 798; x_wconf 70' lang='grc' dir='ltr'>καὶ</span> <span class='ocrx_word' id='word_1_42' title='bbox 1190 741 1374 812; x_wconf 82' lang='grc' dir='ltr'>πατὴρ</span> <span class='ocrx_word' id='word_1_43' title='bbox 1408 739 1508 810; x_wconf 92' lang='grc' dir='ltr'>οὐχ</span> <span class='ocrx_word' id='word_1_44' title='bbox 1538 740 1665 792; x_wconf 81' lang='grc' dir='ltr'>ὅταν</span> <span class='ocrx_word' id='word_1_45' title='bbox 1700 733 1974 807; x_wconf 85' lang='grc' dir='ltr'>θεραπεύῃ</span> 
     </span>
    </p>
   </div>
   <div class='ocr_carea' id='block_1_7' title="bbox 395 826 1973 910">
    <p class='ocr_par' dir='ltr' id='par_1_7' title="bbox 395 826 1973 910">
     <span class='ocr_line' id='line_1_7' title="bbox 395 826 1973 910; baseline -0.011 -14"><span class='ocrx_word' id='word_1_46' title='bbox 395 845 488 898; x_wconf 81' lang='grc' dir='ltr'>τὸν</span> <span class='ocrx_word' id='word_1_47' title='bbox 534 841 646 894; x_wconf 86' lang='grc' dir='ltr'>υἰδν</span> <span class='ocrx_word' id='word_1_48' title='bbox 696 840 876 910; x_wconf 89' lang='grc' dir='ltr'>μόνον,</span> <span class='ocrx_word' id='word_1_49' title='bbox 903 837 1040 891; x_wconf 88' lang='grc' dir='ltr'>ἀλλά</span> <span class='ocrx_word' id='word_1_50' title='bbox 1077 838 1170 890; x_wconf 78' lang='grc' dir='ltr'>καὶ</span> <span class='ocrx_word' id='word_1_51' title='bbox 1202 837 1330 889; x_wconf 87' lang='grc' dir='ltr'>ὅταν</span> <span class='ocrx_word' id='word_1_52' title='bbox 1355 831 1588 900; x_wconf 83' lang='grc' dir='ltr'>ἐκϐάλλῃ</span> <span class='ocrx_word' id='word_1_53' title='bbox 1633 828 1731 897; x_wconf 84' lang='grc' dir='ltr'>τῆς</span> <span class='ocrx_word' id='word_1_54' title='bbox 1778 826 1973 890; x_wconf 87' lang='grc' dir='ltr'>οἰκίας,</span> 
     </span>
    </p>
   </div>
   <div class='ocr_carea' id='block_1_8' title="bbox 401 916 1974 1001">
    <p class='ocr_par' dir='ltr' id='par_1_8' title="bbox 401 916 1974 1001">
     <span class='ocr_line' id='line_1_8' title="bbox 401 916 1974 1001; baseline -0.013 -13"><span class='ocrx_word' id='word_1_55' title='bbox 401 937 492 988; x_wconf 78' lang='grc' dir='ltr'>καὶ</span> <span class='ocrx_word' id='word_1_56' title='bbox 529 935 656 987; x_wconf 83' lang='grc' dir='ltr'>ὅταν</span> <span class='ocrx_word' id='word_1_57' title='bbox 695 931 946 1001; x_wconf 78' lang='grc' dir='ltr'>ἐπιτιμᾷ,</span> <span class='ocrx_word' id='word_1_58' title='bbox 981 929 1076 982; x_wconf 66' lang='grc' dir='ltr'>καὶ</span> <span class='ocrx_word' id='word_1_59' title='bbox 1108 926 1362 998; x_wconf 79' lang='grc' dir='ltr'>μαστίζῃ,</span> <span class='ocrx_word' id='word_1_60' title='bbox 1392 922 1594 993; x_wconf 86' lang='grc' dir='ltr'>ὁμοίως</span> <span class='ocrx_word' id='word_1_61' title='bbox 1623 920 1741 972; x_wconf 74' lang='grc' dir='ltr'>ἐστὶ</span> <span class='ocrx_word' id='word_1_62' title='bbox 1774 916 1974 987; x_wconf 80' lang='grc' dir='ltr'>πατὴρ,</span> 
     </span>
    </p>
   </div>
   <div class='ocr_carea' id='block_1_9' title="bbox 400 1007 1980 1096">
    <p class='ocr_par' dir='ltr' id='par_1_9' title="bbox 400 1007 1980 1096">
     <span class='ocr_line' id='line_1_9' title="bbox 400 1007 1980 1096; baseline -0.013 -17"><span class='ocrx_word' id='word_1_63' title='bbox 400 1027 493 1080; x_wconf 73' lang='grc' dir='ltr'>καὶ</span> <span class='ocrx_word' id='word_1_64' title='bbox 538 1025 638 1096; x_wconf 89' lang='grc' dir='ltr'>οὐχ</span> <span class='ocrx_word' id='word_1_65' title='bbox 675 1019 862 1095; x_wconf 84' lang='grc' dir='ltr'>ἦττον,</span> <span class='ocrx_word' id='word_1_66' title='bbox 891 1021 923 1091; x_wconf 82' lang='grc' dir='ltr'><strong>ἢ</strong></span> <span class='ocrx_word' id='word_1_67' title='bbox 957 1021 1085 1074; x_wconf 80' lang='grc' dir='ltr'>ὅταν</span> <span class='ocrx_word' id='word_1_68' title='bbox 1116 1019 1330 1086; x_wconf 79' lang='grc' dir='ltr'>ἐπαινῇ.</span> <span class='ocrx_word' id='word_1_69' title='bbox 1358 1011 1528 1076; x_wconf 85' lang='grc' dir='ltr'>Εἰδὼς</span> <span class='ocrx_word' id='word_1_70' title='bbox 1553 1011 1730 1064; x_wconf 84' lang='grc' dir='ltr'>τοίνυν</span> <span class='ocrx_word' id='word_1_71' title='bbox 1765 1009 1846 1062; x_wconf 85' lang='grc' dir='ltr'>ὃτι</span> <span class='ocrx_word' id='word_1_72' title='bbox 1885 1007 1980 1060; x_wconf 69' lang='grc' dir='ltr'>καὶ</span> 
     </span>
    </p>
   </div>
   <div class='ocr_carea' id='block_1_10' title="bbox 405 1098 1979 1188">
    <p class='ocr_par' dir='ltr' id='par_1_10' title="bbox 405 1098 1979 1188">
     <span class='ocr_line' id='line_1_10' title="bbox 405 1098 1979 1188; baseline -0.015 -18"><span class='ocrx_word' id='word_1_73' title='bbox 405 1117 604 1188; x_wconf 88' lang='grc' dir='ltr'>ἰατρῶν</span> <span class='ocrx_word' id='word_1_74' title='bbox 633 1114 886 1168; x_wconf 86' lang='grc' dir='ltr'>ἀπάντων</span> <span class='ocrx_word' id='word_1_75' title='bbox 917 1107 1393 1179; x_wconf 72' lang='grc' dir='ltr'>φιλοστοργότερος</span> <span class='ocrx_word' id='word_1_76' title='bbox 1418 1105 1445 1156; x_wconf 93' lang='lat'>6</span> <span class='ocrx_word' id='word_1_77' title='bbox 1470 1101 1622 1165; x_wconf 81' lang='grc' dir='ltr'>Θεὸς,</span> <span class='ocrx_word' id='word_1_78' title='bbox 1654 1098 1728 1171; x_wconf 84' lang='grc' dir='ltr'>μὴ</span> <span class='ocrx_word' id='word_1_79' title='bbox 1755 1113 1979 1170; x_wconf 89' lang='grc' dir='ltr'>περιερ-</span> 
     </span>
    </p>
   </div>
   <div class='ocr_carea' id='block_1_11' title="bbox 403 1186 1980 1278">
    <p class='ocr_par' dir='ltr' id='par_1_11' title="bbox 403 1186 1980 1278">
     <span class='ocr_line' id='line_1_11' title="bbox 403 1186 1980 1278; baseline -0.017 -15"><span class='ocrx_word' id='word_1_80' title='bbox 403 1208 592 1278; x_wconf 80' lang='grc' dir='ltr'>γάζου,</span> <span class='ocrx_word' id='word_1_81' title='bbox 624 1205 755 1276; x_wconf 81' lang='grc' dir='ltr'>μηδέ</span> <span class='ocrx_word' id='word_1_82' title='bbox 783 1203 1008 1256; x_wconf 85' lang='grc' dir='ltr'>ἀπαίτει</span> <span class='ocrx_word' id='word_1_83' title='bbox 1035 1199 1134 1262; x_wconf 73' lang='grc' dir='ltr'>τὰς</span> <span class='ocrx_word' id='word_1_84' title='bbox 1163 1197 1392 1259; x_wconf 78' lang='grc' dir='ltr'>εὐθύνας</span> <span class='ocrx_word' id='word_1_85' title='bbox 1412 1192 1572 1248; x_wconf 81' lang='grc' dir='ltr'>αὐτὸν</span> <span class='ocrx_word' id='word_1_86' title='bbox 1593 1191 1690 1261; x_wconf 88' lang='grc' dir='ltr'>τῆς</span> <span class='ocrx_word' id='word_1_87' title='bbox 1719 1186 1980 1260; x_wconf 90' lang='grc' dir='ltr'>ἰατρείας,</span> 
     </span>
    </p>
   </div>
   <div class='ocr_carea' id='block_1_12' title="bbox 401 1279 1984 1364">
    <p class='ocr_par' dir='ltr' id='par_1_12' title="bbox 401 1279 1984 1364">
     <span class='ocr_line' id='line_1_12' title="bbox 401 1279 1984 1364; baseline -0.015 -10"><span class='ocrx_word' id='word_1_88' title='bbox 401 1301 518 1354; x_wconf 81' lang='grc' dir='ltr'>ἀλλ’</span> <span class='ocrx_word' id='word_1_89' title='bbox 543 1299 608 1354; x_wconf 79' lang='grc' dir='ltr'>ἄν</span> <span class='ocrx_word' id='word_1_90' title='bbox 652 1315 712 1351; x_wconf 90' lang='grc' dir='ltr'>τε</span> <span class='ocrx_word' id='word_1_91' title='bbox 767 1297 970 1349; x_wconf 85' lang='grc' dir='ltr'>ἀνεῖναι</span> <span class='ocrx_word' id='word_1_92' title='bbox 1025 1291 1302 1364; x_wconf 86' lang='grc' dir='ltr'>βούληται,</span> <span class='ocrx_word' id='word_1_93' title='bbox 1347 1289 1412 1343; x_wconf 86' lang='grc' dir='ltr'>ἄν</span> <span class='ocrx_word' id='word_1_94' title='bbox 1468 1303 1528 1338; x_wconf 88' lang='grc' dir='ltr'>τε</span> <span class='ocrx_word' id='word_1_95' title='bbox 1580 1281 1806 1352; x_wconf 77' lang='grc' dir='ltr'>κολάζῃ,</span> <span class='ocrx_word' id='word_1_96' title='bbox 1849 1279 1984 1350; x_wconf 73' lang='grc' dir='ltr'>πρὸς</span> 
     </span>
    </p>
   </div>
   <div class='ocr_carea' id='block_1_13' title="bbox 403 1369 1984 1457">
    <p class='ocr_par' dir='ltr' id='par_1_13' title="bbox 403 1369 1984 1457">
     <span class='ocr_line' id='line_1_13' title="bbox 403 1369 1984 1457; baseline -0.015 -14"><span class='ocrx_word' id='word_1_97' title='bbox 403 1391 640 1457; x_wconf 76' lang='grc' dir='ltr'>ἑκάτερα</span> <span class='ocrx_word' id='word_1_98' title='bbox 692 1385 892 1456; x_wconf 84' lang='grc' dir='ltr'>ὁμοίως</span> <span class='ocrx_word' id='word_1_99' title='bbox 943 1381 1276 1452; x_wconf 89' lang='grc' dir='ltr'>παρέχωμεν</span> <span class='ocrx_word' id='word_1_100' title='bbox 1318 1374 1575 1438; x_wconf 89' lang='grc' dir='ltr'>ἑαυτούς·</span> <span class='ocrx_word' id='word_1_101' title='bbox 1616 1373 1682 1426; x_wconf 88' lang='grc' dir='ltr'>δι’</span> <span class='ocrx_word' id='word_1_102' title='bbox 1710 1369 1984 1438; x_wconf 78' lang='grc' dir='ltr'>ἑκατέρων</span> 
     </span>
    </p>
   </div>
   <div class='ocr_carea' id='block_1_14' title="bbox 402 1459 1986 1556">
    <p class='ocr_par' dir='ltr' id='par_1_14' title="bbox 402 1459 1986 1556">
     <span class='ocr_line' id='line_1_14' title="bbox 402 1459 1986 1556; baseline -0.02 -16"><span class='ocrx_word' id='word_1_103' title='bbox 402 1486 512 1556; x_wconf 79' lang='grc' dir='ltr'>γὰρ</span> <span class='ocrx_word' id='word_1_104' title='bbox 561 1484 696 1556; x_wconf 82' lang='grc' dir='ltr'>πρὸς</span> <span class='ocrx_word' id='word_1_105' title='bbox 733 1479 921 1550; x_wconf 82' lang='grc' dir='ltr'>ὑγείαν</span> <span class='ocrx_word' id='word_1_106' title='bbox 953 1476 1100 1548; x_wconf 79' lang='grc' dir='ltr'>ἡμᾶς</span> <span class='ocrx_word' id='word_1_107' title='bbox 1131 1470 1415 1556; x_wconf 86' lang='grc' dir='ltr'>ἐπανάγει,</span> <span class='ocrx_word' id='word_1_108' title='bbox 1462 1466 1558 1519; x_wconf 74' lang='grc' dir='ltr'>καὶ</span> <span class='ocrx_word' id='word_1_109' title='bbox 1589 1463 1724 1536; x_wconf 81' lang='grc' dir='ltr'>πρὸς</span> <span class='ocrx_word' id='word_1_110' title='bbox 1765 1461 1864 1531; x_wconf 83' lang='grc' dir='ltr'>τὴν</span> <span class='ocrx_word' id='word_1_111' title='bbox 1909 1459 1986 1510; x_wconf 82' lang='grc' dir='ltr'>οἰ-</span> 
     </span>
    </p>
   </div>
   <div class='ocr_carea' id='block_1_15' title="bbox 405 1549 1987 1644">
    <p class='ocr_par' dir='ltr' id='par_1_15' title="bbox 405 1549 1987 1644">
     <span class='ocr_line' id='line_1_15' title="bbox 405 1549 1987 1644; baseline -0.02 -12"><span class='ocrx_word' id='word_1_112' title='bbox 405 1579 622 1632; x_wconf 83' lang='grc' dir='ltr'>κείωσιν</span> <span class='ocrx_word' id='word_1_113' title='bbox 653 1574 752 1644; x_wconf 84' lang='grc' dir='ltr'>τὴν</span> <span class='ocrx_word' id='word_1_114' title='bbox 783 1569 999 1632; x_wconf 86' lang='grc' dir='ltr'>ἐαυτοῦ,</span> <span class='ocrx_word' id='word_1_115' title='bbox 1028 1567 1124 1620; x_wconf 77' lang='grc' dir='ltr'>καὶ</span> <span class='ocrx_word' id='word_1_116' title='bbox 1148 1560 1286 1618; x_wconf 79' lang='grc' dir='ltr'>οἰδεν</span> <span class='ocrx_word' id='word_1_117' title='bbox 1311 1555 1385 1614; x_wconf 80' lang='grc' dir='ltr'>ὧν</span> <span class='ocrx_word' id='word_1_118' title='bbox 1411 1559 1638 1620; x_wconf 73' lang='grc' dir='ltr'>ἕκαστος</span> <span class='ocrx_word' id='word_1_119' title='bbox 1666 1553 1853 1624; x_wconf 80' lang='grc' dir='ltr'>χρείαν</span> <span class='ocrx_word' id='word_1_120' title='bbox 1875 1549 1987 1620; x_wconf 80' lang='grc' dir='ltr'>ἔχο-</span> 
     </span>
    </p>
   </div>
   <div class='ocr_carea' id='block_1_16' title="bbox 409 1640 1988 1740">
    <p class='ocr_par' dir='ltr' id='par_1_16' title="bbox 409 1640 1988 1740">
     <span class='ocr_line' id='line_1_16' title="bbox 409 1640 1988 1740; baseline -0.019 -19"><span class='ocrx_word' id='word_1_121' title='bbox 409 1685 531 1740; x_wconf 88' lang='grc' dir='ltr'>μεν,</span> <span class='ocrx_word' id='word_1_122' title='bbox 559 1666 654 1720; x_wconf 73' lang='grc' dir='ltr'>καὶ</span> <span class='ocrx_word' id='word_1_123' title='bbox 686 1640 738 1717; x_wconf 82' lang='grc' dir='ltr'>τί</span> <span class='ocrx_word' id='word_1_124' title='bbox 769 1659 1046 1732; x_wconf 79' lang='grc' dir='ltr'>συμφέρον</span> <span class='ocrx_word' id='word_1_125' title='bbox 1078 1655 1312 1723; x_wconf 84' lang='grc' dir='ltr'>ἑκάστῳ,</span> <span class='ocrx_word' id='word_1_126' title='bbox 1349 1649 1443 1705; x_wconf 71' lang='grc' dir='ltr'>καὶ</span> <span class='ocrx_word' id='word_1_127' title='bbox 1477 1647 1592 1711; x_wconf 88' lang='grc' dir='ltr'>πῶς</span> <span class='ocrx_word' id='word_1_128' title='bbox 1618 1645 1714 1699; x_wconf 75' lang='grc' dir='ltr'>καὶ</span> <span class='ocrx_word' id='word_1_129' title='bbox 1740 1643 1846 1697; x_wconf 89' lang='grc' dir='ltr'>τίνι</span> <span class='ocrx_word' id='word_1_130' title='bbox 1871 1640 1988 1708; x_wconf 85' lang='grc' dir='ltr'>τρό-</span> 
     </span>
    </p>
   </div>
   <div class='ocr_carea' id='block_1_17' title="bbox 407 1731 1982 1831">
    <p class='ocr_par' dir='ltr' id='par_1_17' title="bbox 407 1731 1982 1831">
     <span class='ocr_line' id='line_1_17' title="bbox 407 1731 1982 1831; baseline -0.02 -17"><span class='ocrx_word' id='word_1_131' title='bbox 407 1731 494 1831; x_wconf 71' lang='grc' dir='ltr'>πῳ</span> <span class='ocrx_word' id='word_1_132' title='bbox 542 1757 780 1827; x_wconf 86' lang='grc' dir='ltr'>σωθῆναι</span> <span class='ocrx_word' id='word_1_133' title='bbox 830 1731 929 1816; x_wconf 89' lang='grc' dir='ltr'>δεῖ,</span> <span class='ocrx_word' id='word_1_134' title='bbox 972 1749 1064 1804; x_wconf 76' lang='grc' dir='ltr'>καὶ</span> <span class='ocrx_word' id='word_1_135' title='bbox 1115 1744 1320 1814; x_wconf 86' lang='grc' dir='ltr'>ταύτην</span> <span class='ocrx_word' id='word_1_136' title='bbox 1367 1741 1513 1812; x_wconf 78' lang='grc' dir='ltr'>ἡμᾶς</span> <span class='ocrx_word' id='word_1_137' title='bbox 1558 1737 1678 1806; x_wconf 76' lang='grc' dir='ltr'>ἄγει</span> <span class='ocrx_word' id='word_1_138' title='bbox 1705 1733 1801 1805; x_wconf 80' lang='grc' dir='ltr'>τὴν</span> <span class='ocrx_word' id='word_1_139' title='bbox 1845 1731 1982 1785; x_wconf 89' lang='grc' dir='ltr'>ὁδόν,</span> 
     </span>
    </p>
   </div>
   <div class='ocr_carea' id='block_1_18' title="bbox 421 1823 1988 1920">
    <p class='ocr_par' dir='ltr' id='par_1_18' title="bbox 421 1823 1988 1920">
     <span class='ocr_line' id='line_1_18' title="bbox 421 1823 1988 1920; baseline -0.018 -16"><span class='ocrx_word' id='word_1_140' title='bbox 421 1823 716 1920; x_wconf 70' lang='grc' dir='ltr'>’έπώμεθά</span> <span class='ocrx_word' id='word_1_141' title='bbox 743 1843 922 1898; x_wconf 81' lang='grc' dir='ltr'>τοίνυν</span> <span class='ocrx_word' id='word_1_142' title='bbox 949 1835 1110 1909; x_wconf 74' lang='grc' dir='ltr'>οἷπερ</span> <span class='ocrx_word' id='word_1_143' title='bbox 1148 1836 1214 1890; x_wconf 81' lang='grc' dir='ltr'>ἂν</span> <span class='ocrx_word' id='word_1_144' title='bbox 1246 1834 1408 1896; x_wconf 80' lang='grc' dir='ltr'>αὐτὸς</span> <span class='ocrx_word' id='word_1_145' title='bbox 1439 1828 1658 1899; x_wconf 80' lang='grc' dir='ltr'>κελεύῃ,</span> <span class='ocrx_word' id='word_1_146' title='bbox 1693 1825 1787 1880; x_wconf 65' lang='grc' dir='ltr'>καὶ</span> <span class='ocrx_word' id='word_1_147' title='bbox 1823 1823 1988 1894; x_wconf 83' lang='grc' dir='ltr'>μηδὲν</span> 
     </span>
    </p>
   </div>
   <div class='ocr_carea' id='block_1_19' title="bbox 411 1911 1990 2009">
    <p class='ocr_par' dir='ltr' id='par_1_19' title="bbox 411 1911 1990 2009">
     <span class='ocr_line' id='line_1_19' title="bbox 411 1911 1990 2009; baseline -0.019 -16"><span class='ocrx_word' id='word_1_148' title='bbox 411 1911 914 2009; x_wconf 78' lang='grc' dir='ltr'>ἀκριϐολογὼμεθα,</span> <span class='ocrx_word' id='word_1_149' title='bbox 947 1929 1058 1982; x_wconf 81' lang='grc' dir='ltr'>εἴτε</span> <span class='ocrx_word' id='word_1_150' title='bbox 1097 1927 1190 1980; x_wconf 85' lang='grc' dir='ltr'>διὰ</span> <span class='ocrx_word' id='word_1_151' title='bbox 1242 1923 1429 1995; x_wconf 60' lang='grc' dir='ltr'>ῥᾳδίας</span> <span class='ocrx_word' id='word_1_152' title='bbox 1467 1919 1562 1974; x_wconf 75' lang='grc' dir='ltr'>καὶ</span> <span class='ocrx_word' id='word_1_153' title='bbox 1609 1915 1854 1980; x_wconf 89' lang='grc' dir='ltr'>εὐκόλου,</span> <span class='ocrx_word' id='word_1_154' title='bbox 1881 1911 1990 1964; x_wconf 80' lang='grc' dir='ltr'>εἴτε</span> 
     </span>
    </p>
   </div>
   <div class='ocr_carea' id='block_1_20' title="bbox 411 2003 1988 2098">
    <p class='ocr_par' dir='ltr' id='par_1_20' title="bbox 411 2003 1988 2098">
     <span class='ocr_line' id='line_1_20' title="bbox 411 2003 1988 2098; baseline -0.019 -15"><span class='ocrx_word' id='word_1_155' title='bbox 411 2003 503 2082; x_wconf 63' lang='grc' dir='ltr'>διά</span> <span class='ocrx_word' id='word_1_156' title='bbox 531 2003 772 2098; x_wconf 83' lang='grc' dir='ltr'>χαλεπῆς</span> <span class='ocrx_word' id='word_1_157' title='bbox 807 2023 900 2076; x_wconf 74' lang='grc' dir='ltr'>καὶ</span> <span class='ocrx_word' id='word_1_158' title='bbox 938 2017 1274 2090; x_wconf 84' lang='grc' dir='ltr'>τραχυτέρας</span> <span class='ocrx_word' id='word_1_159' title='bbox 1319 2011 1438 2066; x_wconf 82' lang='grc' dir='ltr'>ὁδοῦ</span> <span class='ocrx_word' id='word_1_160' title='bbox 1479 2008 1711 2080; x_wconf 75' lang='grc' dir='ltr'>βαδίζειν</span> <span class='ocrx_word' id='word_1_161' title='bbox 1741 2003 1957 2098; x_wconf 68' lang='grc' dir='ltr'>κελεύοι⁹</span> <span class='ocrx_word' id='word_1_162' title='bbox 1972 2016 1988 2033; x_wconf 92' lang='grc'>·</span> 
     </span>
    </p>
   </div>
   <div class='ocr_carea' id='block_1_21' title="bbox 411 2087 1992 2189">
    <p class='ocr_par' dir='ltr' id='par_1_21' title="bbox 411 2087 1992 2189">
     <span class='ocr_line' id='line_1_21' title="bbox 411 2087 1992 2189; baseline -0.019 -14"><span class='ocrx_word' id='word_1_163' title='bbox 411 2121 602 2189; x_wconf 86' lang='grc' dir='ltr'>ῶσπερ</span> <span class='ocrx_word' id='word_1_164' title='bbox 645 2113 738 2170; x_wconf 72' lang='grc' dir='ltr'>οῦν</span> <span class='ocrx_word' id='word_1_165' title='bbox 779 2114 871 2168; x_wconf 69' lang='grc' dir='ltr'>καὶ</span> <span class='ocrx_word' id='word_1_166' title='bbox 905 2112 997 2165; x_wconf 78' lang='grc' dir='ltr'>τὸν</span> <span class='ocrx_word' id='word_1_167' title='bbox 1036 2107 1345 2179; x_wconf 86' lang='grc' dir='ltr'>παράλυτον</span> <span class='ocrx_word' id='word_1_168' title='bbox 1392 2100 1706 2156; x_wconf 88' lang='grc' dir='ltr'>τοῦτον.Ἒν</span> <span class='ocrx_word' id='word_1_169' title='bbox 1757 2095 1854 2167; x_wconf 84' lang='grc' dir='ltr'>μὲν</span> <span class='ocrx_word' id='word_1_170' title='bbox 1899 2087 1992 2147; x_wconf 81' lang='grc' dir='ltr'>οὖν</span> 
     </span>
    </p>
   </div>
   <div class='ocr_carea' id='block_1_22' title="bbox 409 2185 1994 2278">
    <p class='ocr_par' dir='ltr' id='par_1_22' title="bbox 409 2185 1994 2278">
     <span class='ocr_line' id='line_1_22' title="bbox 409 2185 1994 2278; baseline -0.02 -12"><span class='ocrx_word' id='word_1_171' title='bbox 409 2185 581 2266; x_wconf 74' lang='grc' dir='ltr'>τοῦτο</span> <span class='ocrx_word' id='word_1_172' title='bbox 601 2205 916 2278; x_wconf 80' lang='grc' dir='ltr'>εὐεργεσίας</span> <span class='ocrx_word' id='word_1_173' title='bbox 949 2199 1085 2265; x_wconf 80' lang='grc' dir='ltr'>εἶδος</span> <span class='ocrx_word' id='word_1_174' title='bbox 1119 2196 1188 2272; x_wconf 79' lang='grc' dir='ltr'>ἦν</span> <span class='ocrx_word' id='word_1_175' title='bbox 1211 2197 1271 2252; x_wconf 79' lang='grc' dir='ltr'>τὸ</span> <span class='ocrx_word' id='word_1_176' title='bbox 1300 2194 1476 2267; x_wconf 83' lang='grc' dir='ltr'>χρόνῳ</span> <span class='ocrx_word' id='word_1_177' title='bbox 1503 2187 1744 2257; x_wconf 83' lang='grc' dir='ltr'>τοσούτῳ</span> <span class='ocrx_word' id='word_1_178' title='bbox 1771 2188 1868 2257; x_wconf 82' lang='grc' dir='ltr'>τὴν</span> <span class='ocrx_word' id='word_1_179' title='bbox 1891 2185 1994 2254; x_wconf 80' lang='grc' dir='ltr'>ψυ-</span> 
     </span>
    </p>
   </div>
   <div class='ocr_carea' id='block_1_23' title="bbox 411 2281 1992 2376">
    <p class='ocr_par' dir='ltr' id='par_1_23' title="bbox 411 2281 1992 2376">
     <span class='ocr_line' id='line_1_23' title="bbox 411 2281 1992 2376; baseline -0.017 -20"><span class='ocrx_word' id='word_1_180' title='bbox 411 2305 512 2376; x_wconf 82' lang='grc' dir='ltr'>χὴν</span> <span class='ocrx_word' id='word_1_181' title='bbox 532 2299 694 2354; x_wconf 84' lang='grc' dir='ltr'>αὐτοῦ</span> <span class='ocrx_word' id='word_1_182' title='bbox 721 2297 1024 2367; x_wconf 88' lang='grc' dir='ltr'>καθαίρειν,</span> <span class='ocrx_word' id='word_1_183' title='bbox 1047 2293 1234 2360; x_wconf 81' lang='grc' dir='ltr'>ὥσπερ</span> <span class='ocrx_word' id='word_1_184' title='bbox 1261 2283 1613 2359; x_wconf 83' lang='grc' dir='ltr'>χωνευτηρίῳ</span> <span class='ocrx_word' id='word_1_185' title='bbox 1634 2281 1741 2335; x_wconf 75' lang='grc' dir='ltr'>τινὶ</span> <span class='ocrx_word' id='word_1_186' title='bbox 1769 2281 1836 2349; x_wconf 81' lang='grc' dir='ltr'>τῇ</span> <span class='ocrx_word' id='word_1_187' title='bbox 1863 2293 1992 2348; x_wconf 89' lang='grc' dir='ltr'>πυρ-</span> 
     </span>
    </p>
   </div>
   <div class='ocr_carea' id='block_1_24' title="bbox 411 2365 1990 2455">
    <p class='ocr_par' dir='ltr' id='par_1_24' title="bbox 411 2365 1990 2455">
     <span class='ocr_line' id='line_1_24' title="bbox 411 2365 1990 2455; baseline -0.018 -11"><span class='ocrx_word' id='word_1_188' title='bbox 411 2391 542 2445; x_wconf 85' lang='grc' dir='ltr'>ώσει</span> <span class='ocrx_word' id='word_1_189' title='bbox 592 2387 701 2440; x_wconf 89' lang='grc' dir='ltr'>τῶν</span> <span class='ocrx_word' id='word_1_190' title='bbox 750 2379 1076 2455; x_wconf 84' lang='grc' dir='ltr'>πειρασμῶν</span> <span class='ocrx_word' id='word_1_191' title='bbox 1119 2377 1288 2447; x_wconf 83' lang='grc' dir='ltr'>αὐτὴν</span> <span class='ocrx_word' id='word_1_192' title='bbox 1340 2371 1685 2444; x_wconf 81' lang='grc' dir='ltr'>παραδόντα·</span> <span class='ocrx_word' id='word_1_193' title='bbox 1715 2369 1902 2437; x_wconf 73' lang='grc' dir='ltr'>ἕτερον</span> <span class='ocrx_word' id='word_1_194' title='bbox 1933 2365 1990 2418; x_wconf 86' lang='grc' dir='ltr'>δέ</span> 
     </span>
    </p>
   </div>
   <div class='ocr_carea' id='block_1_25' title="bbox 412 2457 1992 2538">
    <p class='ocr_par' dir='ltr' id='par_1_25' title="bbox 412 2457 1992 2538">
     <span class='ocr_line' id='line_1_25' title="bbox 412 2457 1992 2538; baseline -0.02 0"><span class='ocrx_word' id='word_1_195' title='bbox 412 2483 510 2538; x_wconf 85' lang='grc' dir='ltr'>οὐκ</span> <span class='ocrx_word' id='word_1_196' title='bbox 540 2479 758 2534; x_wconf 74' lang='grc' dir='ltr'>ἔλαττον</span> <span class='ocrx_word' id='word_1_197' title='bbox 799 2474 1012 2536; x_wconf 88' lang='grc' dir='ltr'>τούτου,</span> <span class='ocrx_word' id='word_1_198' title='bbox 1045 2470 1107 2524; x_wconf 81' lang='grc' dir='ltr'>τὸ</span> <span class='ocrx_word' id='word_1_199' title='bbox 1136 2468 1230 2522; x_wconf 72' lang='grc' dir='ltr'>καὶ</span> <span class='ocrx_word' id='word_1_200' title='bbox 1281 2467 1338 2519; x_wconf 86' lang='grc' dir='ltr'>ἐν</span> <span class='ocrx_word' id='word_1_201' title='bbox 1380 2465 1561 2526; x_wconf 89' lang='grc' dir='ltr'>αὐτοῖς</span> <span class='ocrx_word' id='word_1_202' title='bbox 1592 2461 1845 2532; x_wconf 87' lang='grc' dir='ltr'>παρεῖναι</span> <span class='ocrx_word' id='word_1_203' title='bbox 1880 2457 1992 2518; x_wconf 88' lang='grc' dir='ltr'>τοῖς</span> 
     </span>
    </p>
   </div>
   <div class='ocr_carea' id='block_1_26' title="bbox 416 2549 1992 2644">
    <p class='ocr_par' dir='ltr' id='par_1_26' title="bbox 416 2549 1992 2644">
     <span class='ocr_line' id='line_1_26' title="bbox 416 2549 1992 2644; baseline -0.021 -16"><span class='ocrx_word' id='word_1_204' title='bbox 416 2571 762 2644; x_wconf 82' lang='grc' dir='ltr'>πειρασμοῖς,</span> <span class='ocrx_word' id='word_1_205' title='bbox 787 2566 882 2621; x_wconf 72' lang='grc' dir='ltr'>καὶ</span> <span class='ocrx_word' id='word_1_206' title='bbox 907 2561 1108 2632; x_wconf 85' lang='grc' dir='ltr'>πολλὴν</span> <span class='ocrx_word' id='word_1_207' title='bbox 1146 2555 1294 2628; x_wconf 78' lang='grc' dir='ltr'>αὐτῷ</span> <span class='ocrx_word' id='word_1_208' title='bbox 1324 2553 1586 2626; x_wconf 89' lang='grc' dir='ltr'>παρέχειν</span> <span class='ocrx_word' id='word_1_209' title='bbox 1611 2549 1710 2620; x_wconf 84' lang='grc' dir='ltr'>τὴν</span> <span class='ocrx_word' id='word_1_210' title='bbox 1737 2563 1992 2616; x_wconf 87' lang='grc' dir='ltr'>παραμυ-</span> 
     </span>
    </p>
   </div>
   <div class='ocr_carea' id='block_1_27' title="bbox 416 2633 1993 2729">
    <p class='ocr_par' dir='ltr' id='par_1_27' title="bbox 416 2633 1993 2729">
     <span class='ocr_line' id='line_1_27' title="bbox 416 2633 1993 2729; baseline -0.022 -9"><span class='ocrx_word' id='word_1_211' title='bbox 416 2633 560 2720; x_wconf 71' lang='grc' dir='ltr'>θίαν.</span> <span class='ocrx_word' id='word_1_212' title='bbox 587 2633 759 2723; x_wconf 60' lang='grc' dir='ltr'>Ᾰύτὸς</span> <span class='ocrx_word' id='word_1_213' title='bbox 791 2653 859 2729; x_wconf 79' lang='grc' dir='ltr'>ἦν</span> <span class='ocrx_word' id='word_1_214' title='bbox 887 2657 916 2710; x_wconf 89' lang='lat'>6</span> <span class='ocrx_word' id='word_1_215' title='bbox 943 2649 1252 2723; x_wconf 86' lang='grc' dir='ltr'>διακρατῶν</span> <span class='ocrx_word' id='word_1_216' title='bbox 1295 2645 1453 2700; x_wconf 81' lang='grc' dir='ltr'>αὐτὸν</span> <span class='ocrx_word' id='word_1_217' title='bbox 1483 2642 1578 2698; x_wconf 72' lang='grc' dir='ltr'>καὶ</span> <span class='ocrx_word' id='word_1_218' title='bbox 1611 2639 1867 2709; x_wconf 85' lang='grc' dir='ltr'>συνέχων,</span> <span class='ocrx_word' id='word_1_219' title='bbox 1899 2633 1993 2688; x_wconf 70' lang='grc' dir='ltr'>καὶ</span> 
     </span>
    </p>
   </div>
   <div class='ocr_carea' id='block_1_28' title="bbox 415 2725 1993 2826">
    <p class='ocr_par' dir='ltr' id='par_1_28' title="bbox 415 2725 1993 2826">
     <span class='ocr_line' id='line_1_28' title="bbox 415 2725 1993 2826; baseline -0.02 -17"><span class='ocrx_word' id='word_1_220' title='bbox 415 2758 576 2826; x_wconf 86' lang='grc' dir='ltr'>χεῖρα</span> <span class='ocrx_word' id='word_1_221' title='bbox 600 2725 828 2822; x_wconf 78' lang='grc' dir='ltr'>ὀρέγων,</span> <span class='ocrx_word' id='word_1_222' title='bbox 860 2745 954 2801; x_wconf 63' lang='grc' dir='ltr'>καὶ</span> <span class='ocrx_word' id='word_1_223' title='bbox 1000 2743 1102 2797; x_wconf 88' lang='grc' dir='ltr'>οὐκ</span> <span class='ocrx_word' id='word_1_224' title='bbox 1151 2738 1332 2808; x_wconf 73' lang='grc' dir='ltr'>ἀφιεὶς</span> <span class='ocrx_word' id='word_1_225' title='bbox 1378 2731 1900 2790; x_wconf 88' lang='grc' dir='ltr'>καταπεσεῖν.”οταν</span> <span class='ocrx_word' id='word_1_226' title='bbox 1935 2725 1993 2779; x_wconf 88' lang='grc' dir='ltr'>δέ</span> 
     </span>
    </p>
   </div>
   <div class='ocr_carea' id='block_1_29' title="bbox 420 2817 1996 2914">
    <p class='ocr_par' dir='ltr' id='par_1_29' title="bbox 420 2817 1996 2914">
     <span class='ocr_line' id='line_1_29' title="bbox 420 2817 1996 2914; baseline -0.02 -16"><span class='ocrx_word' id='word_1_227' title='bbox 420 2817 658 2914; x_wconf 69' lang='grc' dir='ltr'>ἀκούσῃς</span> <span class='ocrx_word' id='word_1_228' title='bbox 683 2817 764 2892; x_wconf 79' lang='grc' dir='ltr'>ὅτι</span> <span class='ocrx_word' id='word_1_229' title='bbox 788 2837 947 2898; x_wconf 81' lang='grc' dir='ltr'>αὐτὸς</span> <span class='ocrx_word' id='word_1_230' title='bbox 966 2829 1056 2904; x_wconf 77' lang='grc' dir='ltr'>ἦν,</span> <span class='ocrx_word' id='word_1_231' title='bbox 1080 2831 1154 2902; x_wconf 81' lang='grc' dir='ltr'>μή</span> <span class='ocrx_word' id='word_1_232' title='bbox 1177 2826 1557 2898; x_wconf 79' lang='grc' dir='ltr'>ἀποστερήσῃς</span> <span class='ocrx_word' id='word_1_233' title='bbox 1577 2821 1683 2874; x_wconf 88' lang='grc' dir='ltr'>τῶν</span> <span class='ocrx_word' id='word_1_234' title='bbox 1705 2817 1996 2888; x_wconf 84' lang='grc' dir='ltr'>ἐγκωμίων</span> 
     </span>
    </p>
   </div>
   <div class='ocr_carea' id='block_1_30' title="bbox 420 2909 1996 3002">
    <p class='ocr_par' dir='ltr' id='par_1_30' title="bbox 420 2909 1996 3002">
     <span class='ocr_line' id='line_1_30' title="bbox 420 2909 1996 3002; baseline -0.019 -15"><span class='ocrx_word' id='word_1_235' title='bbox 420 2933 514 2987; x_wconf 72' lang='grc' dir='ltr'>τὸν</span> <span class='ocrx_word' id='word_1_236' title='bbox 548 2909 874 3002; x_wconf 74' lang='grc' dir='ltr'>πάράλυτον,</span> <span class='ocrx_word' id='word_1_237' title='bbox 906 2926 1042 2995; x_wconf 89' lang='grc' dir='ltr'>μήτε</span> <span class='ocrx_word' id='word_1_238' title='bbox 1060 2923 1283 2984; x_wconf 85' lang='grc' dir='ltr'>ἐκεῖνον,</span> <span class='ocrx_word' id='word_1_239' title='bbox 1312 2917 1447 2988; x_wconf 90' lang='grc' dir='ltr'>μήτε</span> <span class='ocrx_word' id='word_1_240' title='bbox 1475 2912 1631 2968; x_wconf 77' lang='grc' dir='ltr'>ἄλλον</span> <span class='ocrx_word' id='word_1_241' title='bbox 1657 2909 1778 2964; x_wconf 75' lang='grc' dir='ltr'>τινὰ</span> <span class='ocrx_word' id='word_1_242' title='bbox 1803 2924 1996 2978; x_wconf 82' lang='grc' dir='ltr'>πειρα-</span> 
     </span>
    </p>
   </div>
   <div class='ocr_carea' id='block_1_31' title="bbox 423 2999 1999 3093">
    <p class='ocr_par' dir='ltr' id='par_1_31' title="bbox 423 2999 1999 3093">
     <span class='ocr_line' id='line_1_31' title="bbox 423 2999 1999 3093; baseline -0.016 -17"><span class='ocrx_word' id='word_1_243' title='bbox 423 2999 648 3093; x_wconf 82' lang='grc' dir='ltr'>ζόμενον</span> <span class='ocrx_word' id='word_1_244' title='bbox 675 3018 958 3089; x_wconf 77' lang='grc' dir='ltr'>ἄνθρωπον</span> <span class='ocrx_word' id='word_1_245' title='bbox 989 3014 1084 3068; x_wconf 81' lang='grc' dir='ltr'>καὶ</span> <span class='ocrx_word' id='word_1_246' title='bbox 1113 3007 1502 3080; x_wconf 76' lang='grc' dir='ltr'>καρτεροῦντα.</span> <span class='ocrx_word' id='word_1_247' title='bbox 1527 3003 1644 3058; x_wconf 80' lang='grc' dir='ltr'>Κᾶν</span> <span class='ocrx_word' id='word_1_248' title='bbox 1670 3001 1778 3070; x_wconf 83' lang='grc' dir='ltr'>γάρ</span> <span class='ocrx_word' id='word_1_249' title='bbox 1805 2999 1999 3072; x_wconf 88' lang='grc' dir='ltr'>μυριά-</span> 
     </span>
    </p>
   </div>
   <div class='ocr_carea' id='block_1_32' title="bbox 422 3089 1999 3182">
    <p class='ocr_par' dir='ltr' id='par_1_32' title="bbox 422 3089 1999 3182">
     <span class='ocr_line' id='line_1_32' title="bbox 422 3089 1999 3182; baseline -0.017 -15"><span class='ocrx_word' id='word_1_250' title='bbox 422 3131 510 3177; x_wconf 88' lang='grc' dir='ltr'>κις</span> <span class='ocrx_word' id='word_1_251' title='bbox 535 3109 930 3182; x_wconf 75' lang='grc' dir='ltr'>φιλοσοφῶμεν,</span> <span class='ocrx_word' id='word_1_252' title='bbox 967 3104 1068 3158; x_wconf 72' lang='grc' dir='ltr'>κᾶν</span> <span class='ocrx_word' id='word_1_253' title='bbox 1099 3101 1352 3157; x_wconf 84' lang='grc' dir='ltr'>ἁπάντων</span> <span class='ocrx_word' id='word_1_254' title='bbox 1371 3093 1520 3168; x_wconf 84' lang='grc' dir='ltr'>ὦμεν</span> <span class='ocrx_word' id='word_1_255' title='bbox 1551 3093 1886 3165; x_wconf 81' lang='grc' dir='ltr'>ἰσχυρότεροι</span> <span class='ocrx_word' id='word_1_256' title='bbox 1907 3089 1999 3142; x_wconf 78' lang='grc' dir='ltr'>καὶ</span> 
     </span>
    </p>
   </div>
   <div class='ocr_carea' id='block_1_33' title="bbox 421 3178 2000 3268">
    <p class='ocr_par' dir='ltr' id='par_1_33' title="bbox 421 3178 2000 3268">
     <span class='ocr_line' id='line_1_33' title="bbox 421 3178 2000 3268; baseline -0.015 -14"><span class='ocrx_word' id='word_1_257' title='bbox 421 3199 796 3268; x_wconf 82' lang='grc' dir='ltr'>δυνατώτεροι,</span> <span class='ocrx_word' id='word_1_258' title='bbox 841 3197 940 3266; x_wconf 84' lang='grc' dir='ltr'>τῆς</span> <span class='ocrx_word' id='word_1_259' title='bbox 985 3192 1113 3263; x_wconf 86' lang='grc' dir='ltr'>παρ’</span> <span class='ocrx_word' id='word_1_260' title='bbox 1141 3187 1304 3243; x_wconf 85' lang='grc' dir='ltr'>αὐτοῦ</span> <span class='ocrx_word' id='word_1_261' title='bbox 1351 3189 1524 3257; x_wconf 81' lang='grc' dir='ltr'>ῥοπῆς</span> <span class='ocrx_word' id='word_1_262' title='bbox 1557 3183 1836 3253; x_wconf 86' lang='grc' dir='ltr'>ἀπούσης,</span> <span class='ocrx_word' id='word_1_263' title='bbox 1879 3178 2000 3232; x_wconf 82' lang='grc' dir='ltr'>οὐδέ</span> 
     </span>
    </p>
   </div>
   <div class='ocr_carea' id='block_1_34' title="bbox 425 3269 2000 3362">
    <p class='ocr_par' dir='ltr' id='par_1_34' title="bbox 425 3269 2000 3362">
     <span class='ocr_line' id='line_1_34' title="bbox 425 3269 2000 3362; baseline -0.014 -16"><span class='ocrx_word' id='word_1_264' title='bbox 425 3291 559 3362; x_wconf 78' lang='grc' dir='ltr'>πρὸς</span> <span class='ocrx_word' id='word_1_265' title='bbox 589 3291 679 3343; x_wconf 82' lang='grc' dir='ltr'>τὸν</span> <span class='ocrx_word' id='word_1_266' title='bbox 704 3288 936 3359; x_wconf 81' lang='grc' dir='ltr'>τυχόντα</span> <span class='ocrx_word' id='word_1_267' title='bbox 958 3283 1273 3352; x_wconf 79' lang='grc' dir='ltr'>ἀντιστῆναι</span> <span class='ocrx_word' id='word_1_268' title='bbox 1300 3275 1642 3348; x_wconf 86' lang='grc' dir='ltr'>δυνησόμεθα</span> <span class='ocrx_word' id='word_1_269' title='bbox 1673 3269 2000 3344; x_wconf 80' lang='grc' dir='ltr'>πειρασμόν.</span> 
     </span>
    </p>
   </div>
   <div class='ocr_carea' id='block_1_35' title="bbox 426 3360 2000 3450">
    <p class='ocr_par' dir='ltr' id='par_1_35' title="bbox 426 3360 2000 3450">
     <span class='ocr_line' id='line_1_35' title="bbox 426 3360 2000 3450; baseline -0.017 -13"><span class='ocrx_word' id='word_1_270' title='bbox 426 3360 534 3437; x_wconf 72' lang='grc' dir='ltr'>Καὶ</span> <span class='ocrx_word' id='word_1_271' title='bbox 556 3381 608 3435; x_wconf 87' lang='grc' dir='ltr'>τί</span> <span class='ocrx_word' id='word_1_272' title='bbox 643 3381 784 3450; x_wconf 87' lang='grc' dir='ltr'>λέγω</span> <span class='ocrx_word' id='word_1_273' title='bbox 807 3378 935 3450; x_wconf 74' lang='grc' dir='ltr'>περὶ</span> <span class='ocrx_word' id='word_1_274' title='bbox 953 3375 1111 3448; x_wconf 83' lang='grc' dir='ltr'>ἡμῶν</span> <span class='ocrx_word' id='word_1_275' title='bbox 1137 3373 1246 3426; x_wconf 87' lang='grc' dir='ltr'>τῶν</span> <span class='ocrx_word' id='word_1_276' title='bbox 1274 3367 1506 3424; x_wconf 83' lang='grc' dir='ltr'>εὐτελῶν</span> <span class='ocrx_word' id='word_1_277' title='bbox 1535 3367 1627 3420; x_wconf 60' lang='grc' dir='ltr'>κοιλ¹</span> <span class='ocrx_word' id='word_1_278' title='bbox 1652 3365 1756 3418; x_wconf 88' lang='grc' dir='ltr'>ἀπε</span> <span class='ocrx_word' id='word_1_279' title='bbox 1765 3360 2000 3437; x_wconf 80' lang='grc' dir='ltr'>ῥριμμέ-</span> 
     </span>
    </p>
   </div>
   <div class='ocr_carea' id='block_1_36' title="bbox 425 3452 1997 3542">
    <p class='ocr_par' dir='ltr' id='par_1_36' title="bbox 425 3452 1997 3542">
     <span class='ocr_line' id='line_1_36' title="bbox 425 3452 1997 3542; baseline -0.017 -15"><span class='ocrx_word' id='word_1_280' title='bbox 425 3491 558 3542; x_wconf 87' lang='grc' dir='ltr'>νων;</span> <span class='ocrx_word' id='word_1_281' title='bbox 591 3473 710 3526; x_wconf 79' lang='grc' dir='ltr'>Κᾶν</span> <span class='ocrx_word' id='word_1_282' title='bbox 743 3470 852 3540; x_wconf 81' lang='grc' dir='ltr'>γὰρ</span> <span class='ocrx_word' id='word_1_283' title='bbox 886 3465 1094 3528; x_wconf 87' lang='grc' dir='ltr'>Παῦλός</span> <span class='ocrx_word' id='word_1_284' title='bbox 1122 3480 1205 3528; x_wconf 90' lang='grc' dir='ltr'>τις</span> <span class='ocrx_word' id='word_1_285' title='bbox 1226 3457 1394 3534; x_wconf 49' lang='lat' dir='ltr'>ﬁam}.</span> <span class='ocrx_word' id='word_1_286' title='bbox 1417 3457 1642 3528; x_wconf 86' lang='grc' dir='ltr'>Πέτρος,</span> <span class='ocrx_word' id='word_1_287' title='bbox 1674 3453 1777 3507; x_wconf 87' lang='grc' dir='ltr'>κᾶν</span> <span class='ocrx_word' id='word_1_288' title='bbox 1817 3452 1997 3504; x_wconf 84' lang='grc' dir='ltr'>Ἰάκω-</span> 
     </span>
    </p>
   </div>
   <div class='ocr_carea' id='block_1_37' title="bbox 425 3545 2002 3631">
    <p class='ocr_par' dir='ltr' id='par_1_37' title="bbox 425 3545 2002 3631">
     <span class='ocr_line' id='line_1_37' title="bbox 425 3545 2002 3631; baseline -0.018 -10"><span class='ocrx_word' id='word_1_289' title='bbox 425 3568 540 3630; x_wconf 80' lang='grc' dir='ltr'>ϐος,</span> <span class='ocrx_word' id='word_1_290' title='bbox 573 3564 676 3619; x_wconf 83' lang='grc' dir='ltr'>κᾶν</span> <span class='ocrx_word' id='word_1_291' title='bbox 716 3561 989 3631; x_wconf 78' lang='grc' dir='ltr'>Ἰωάννης,</span> <span class='ocrx_word' id='word_1_292' title='bbox 1019 3557 1119 3627; x_wconf 86' lang='grc' dir='ltr'>τῆς</span> <span class='ocrx_word' id='word_1_293' title='bbox 1166 3552 1370 3610; x_wconf 81' lang='grc' dir='ltr'>ἀνωθεν</span> <span class='ocrx_word' id='word_1_294' title='bbox 1407 3547 1654 3622; x_wconf 78' lang='grc' dir='ltr'>βοηθείας</span> <span class='ocrx_word' id='word_1_295' title='bbox 1699 3545 2002 3612; x_wconf 88' lang='grc' dir='ltr'>ἀποστερη-</span> 
     </span>
    </p>
   </div>
   <div class='ocr_carea' id='block_1_38' title="bbox 427 3634 2000 3725">
    <p class='ocr_par' dir='ltr' id='par_1_38' title="bbox 427 3634 2000 3725">
     <span class='ocr_line' id='line_1_38' title="bbox 427 3634 2000 3725; baseline -0.018 -14"><span class='ocrx_word' id='word_1_296' title='bbox 427 3659 542 3721; x_wconf 76' lang='grc' dir='ltr'>θεὶς</span> <span class='ocrx_word' id='word_1_297' title='bbox 573 3656 849 3725; x_wconf 74' lang='grc' dir='ltr'>ἐλέγχεται</span> <span class='ocrx_word' id='word_1_298' title='bbox 877 3651 1092 3723; x_wconf 79' lang='grc' dir='ltr'>ῥᾳδίως,</span> <span class='ocrx_word' id='word_1_299' title='bbox 1121 3647 1216 3700; x_wconf 67' lang='grc' dir='ltr'>καί¹</span> <span class='ocrx_word' id='word_1_300' title='bbox 1247 3639 1678 3703; x_wconf 78' lang='grc' dir='ltr'>ὐποσκελίζεται,</span> <span class='ocrx_word' id='word_1_301' title='bbox 1709 3634 1804 3688; x_wconf 77' lang='grc' dir='ltr'>καὶ</span> <span class='ocrx_word' id='word_1_302' title='bbox 1832 3648 2000 3686; x_wconf 84' lang='grc' dir='ltr'>κατα-</span> 
     </span>
    </p>
   </div>
   <div class='ocr_carea' id='block_1_39' title="bbox 427 3723 2000 3814">
    <p class='ocr_par' dir='ltr' id='par_1_39' title="bbox 427 3723 2000 3814">
     <span class='ocr_line' id='line_1_39' title="bbox 427 3723 2000 3814; baseline -0.017 -12"><span class='ocrx_word' id='word_1_303' title='bbox 427 3751 636 3803; x_wconf 86' lang='grc' dir='ltr'>πίπτει.</span> <span class='ocrx_word' id='word_1_304' title='bbox 683 3747 794 3801; x_wconf 61' lang='lat' dir='ltr'>Kal</span> <span class='ocrx_word' id='word_1_305' title='bbox 825 3745 966 3814; x_wconf 87' lang='grc' dir='ltr'>ὐπέρ</span> <span class='ocrx_word' id='word_1_306' title='bbox 990 3739 1194 3795; x_wconf 86' lang='grc' dir='ltr'>τούτων</span> <span class='ocrx_word' id='word_1_307' title='bbox 1223 3733 1388 3790; x_wconf 89' lang='grc' dir='ltr'>αὐτοῦ</span> <span class='ocrx_word' id='word_1_308' title='bbox 1419 3731 1512 3786; x_wconf 85' lang='grc' dir='ltr'>τοῦ</span> <span class='ocrx_word' id='word_1_309' title='bbox 1553 3725 1787 3801; x_wconf 83' lang='grc' dir='ltr'>Χριστοῦ</span> <span class='ocrx_word' id='word_1_310' title='bbox 1819 3723 2000 3794; x_wconf 81' lang='grc' dir='ltr'>φωνὴν</span> 
     </span>
    </p>
   </div>
   <div class='ocr_carea' id='block_1_40' title="bbox 428 3814 2002 3910">
    <p class='ocr_par' dir='ltr' id='par_1_40' title="bbox 428 3814 2002 3910">
     <span class='ocr_line' id='line_1_40' title="bbox 428 3814 2002 3910; baseline -0.018 -16"><span class='ocrx_word' id='word_1_311' title='bbox 428 3841 556 3910; x_wconf 84' lang='grc' dir='ltr'>ύμῖν</span> <span class='ocrx_word' id='word_1_312' title='bbox 585 3835 1008 3906; x_wconf 77' lang='grc' dir='ltr'>ἀναγνώσομαι·</span> <span class='ocrx_word' id='word_1_313' title='bbox 1067 3829 1146 3900; x_wconf 80' lang='grc' dir='ltr'>τῷ</span> <span class='ocrx_word' id='word_1_314' title='bbox 1191 3827 1301 3897; x_wconf 74' lang='grc' dir='ltr'>γάρ</span> <span class='ocrx_word' id='word_1_315' title='bbox 1333 3825 1528 3892; x_wconf 79' lang='grc' dir='ltr'>Πέτρῳ</span> <span class='ocrx_word' id='word_1_316' title='bbox 1554 3818 1748 3889; x_wconf 84' lang='grc' dir='ltr'>φησίν·</span> <span class='ocrx_word' id='word_1_317' title='bbox 1793 3814 1938 3870; x_wconf 80' lang='grc' dir='ltr'>Ἰδοὺ</span> <span class='ocrx_word' id='word_1_318' title='bbox 1969 3815 2002 3866; x_wconf 83' lang='grc' dir='ltr'><em>ὁ</em></span> 
     </span>
    </p>
   </div>
   <div class='ocr_carea' id='block_1_41' title="bbox 427 3905 2004 3995">
    <p class='ocr_par' dir='ltr' id='par_1_41' title="bbox 427 3905 2004 3995">
     <span class='ocr_line' id='line_1_41' title="bbox 427 3905 2004 3995; baseline -0.018 -9"><span class='ocrx_word' id='word_1_319' title='bbox 427 3905 702 3994; x_wconf 62' lang='grc' dir='ltr'>Σέατανᾶς</span> <span class='ocrx_word' id='word_1_320' title='bbox 733 3927 1024 3995; x_wconf 74' lang='grc' dir='ltr'>ᾐτήσατο,</span> <span class='ocrx_word' id='word_1_321' title='bbox 1055 3922 1157 3975; x_wconf 82' lang='grc' dir='ltr'>ἵνα</span> <span class='ocrx_word' id='word_1_322' title='bbox 1201 3915 1452 3983; x_wconf 76' lang='grc' dir='ltr'>σινιάσῃ</span> <span class='ocrx_word' id='word_1_323' title='bbox 1483 3911 1638 3982; x_wconf 82' lang='grc' dir='ltr'>ὑμᾶς</span> <span class='ocrx_word' id='word_1_324' title='bbox 1664 3911 1746 3976; x_wconf 89' lang='grc' dir='ltr'>ὡς</span> <span class='ocrx_word' id='word_1_325' title='bbox 1774 3908 1882 3962; x_wconf 78' lang='grc' dir='ltr'>τὸν</span> <span class='ocrx_word' id='word_1_326' title='bbox 1911 3905 2004 3960; x_wconf 81' lang='grc' dir='ltr'>σῖ-</span> 
     </span>
    </p>
   </div>
   <div class='ocr_carea' id='block_1_42' title="bbox 428 3997 2000 4087">
    <p class='ocr_par' dir='ltr' id='par_1_42' title="bbox 428 3997 2000 4087">
     <span class='ocr_line' id='line_1_42' title="bbox 428 3997 2000 4087; baseline 0.008 -36"><span class='ocrx_word' id='word_1_327' title='bbox 428 4037 567 4077; x_wconf 69' lang='grc' dir='ltr'>τον.</span> <span class='ocrx_word' id='word_1_328' title='bbox 610 4017 768 4087; x_wconf 77' lang='grc' dir='ltr'>κάγὼ</span> <span class='ocrx_word' id='word_1_329' title='bbox 809 4012 1064 4080; x_wconf 76' lang='grc' dir='ltr'>ἐδεήθην</span> <span class='ocrx_word' id='word_1_330' title='bbox 1099 4009 1232 4078; x_wconf 78' lang='grc' dir='ltr'>περί</span> <span class='ocrx_word' id='word_1_331' title='bbox 1261 4007 1396 4073; x_wconf 88' lang='grc' dir='ltr'>σοῦ,</span> <span class='ocrx_word' id='word_1_332' title='bbox 1442 4007 1542 4061; x_wconf 77' lang='grc' dir='ltr'>ἵνα</span> <span class='ocrx_word' id='word_1_333' title='bbox 1577 4002 1662 4073; x_wconf 72' lang='grc' dir='ltr'>μὴ</span> <span class='ocrx_word' id='word_1_334' title='bbox 1709 4000 1927 4067; x_wconf 70' lang='grc' dir='ltr'>ἐκλίπῃ</span> <span class='ocrx_word' id='word_1_335' title='bbox 1961 3997 2000 4064; x_wconf 70' lang='grc' dir='ltr'>ἢ</span> 
     </span>
    </p>
   </div>
   <div class='ocr_carea' id='block_1_43' title="bbox 426 4097 2002 4180">
    <p class='ocr_par' dir='ltr' id='par_1_43' title="bbox 426 4097 2002 4180">
     <span class='ocr_line' id='line_1_43' title="bbox 426 4097 2002 4180; baseline -0.017 -10"><span class='ocrx_word' id='word_1_336' title='bbox 426 4115 632 4180; x_wconf 76' lang='grc' dir='ltr'>πίστις</span> <span class='ocrx_word' id='word_1_337' title='bbox 657 4128 793 4166; x_wconf 89' lang='grc' dir='ltr'>σου.</span> <span class='ocrx_word' id='word_1_338' title='bbox 831 4109 897 4161; x_wconf 93' lang='grc' dir='ltr'>Τί</span> <span class='ocrx_word' id='word_1_339' title='bbox 933 4109 1070 4171; x_wconf 82' lang='grc' dir='ltr'>ἐστι,</span> <span class='ocrx_word' id='word_1_340' title='bbox 1100 4103 1368 4164; x_wconf 88' lang='grc' dir='ltr'>σινιάσαι;</span> <span class='ocrx_word' id='word_1_341' title='bbox 1417 4097 1688 4166; x_wconf 85' lang='grc' dir='ltr'>Ἀγαγεῖν,</span> <span class='ocrx_word' id='word_1_342' title='bbox 1734 4107 2002 4164; x_wconf 78' lang='grc' dir='ltr'>περιαγα-</span> 
     </span>
    </p>
   </div>
   <div class='ocr_carea' id='block_1_44' title="bbox 427 4183 2002 4278">
    <p class='ocr_par' dir='ltr' id='par_1_44' title="bbox 427 4183 2002 4278">
     <span class='ocr_line' id='line_1_44' title="bbox 427 4183 2002 4278; baseline -0.019 -17"><span class='ocrx_word' id='word_1_343' title='bbox 427 4209 564 4278; x_wconf 90' lang='grc' dir='ltr'>γεῖν,</span> <span class='ocrx_word' id='word_1_344' title='bbox 600 4199 880 4264; x_wconf 78' lang='grc' dir='ltr'>σαλεῦσαι,</span> <span class='ocrx_word' id='word_1_345' title='bbox 903 4197 1141 4267; x_wconf 82' lang='grc' dir='ltr'>κινῆσαι,</span> <span class='ocrx_word' id='word_1_346' title='bbox 1169 4192 1504 4262; x_wconf 83' lang='grc' dir='ltr'>διαδονῆσαι,</span> <span class='ocrx_word' id='word_1_347' title='bbox 1536 4183 1841 4258; x_wconf 85' lang='grc' dir='ltr'>βασανίσαι,</span> <span class='ocrx_word' id='word_1_348' title='bbox 1866 4183 2002 4252; x_wconf 83' lang='grc' dir='ltr'>ὅπερ</span> 
     </span>
    </p>
   </div>
   <div class='ocr_carea' id='block_1_45' title="bbox 427 4273 1999 4359">
    <p class='ocr_par' dir='ltr' id='par_1_45' title="bbox 427 4273 1999 4359">
     <span class='ocr_line' id='line_1_45' title="bbox 427 4273 1999 4359; baseline -0.018 -7"><span class='ocrx_word' id='word_1_349' title='bbox 427 4273 522 4352; x_wconf 72' lang='grc' dir='ltr'>ἐπὶ</span> <span class='ocrx_word' id='word_1_350' title='bbox 570 4295 678 4348; x_wconf 89' lang='grc' dir='ltr'>τῶν</span> <span class='ocrx_word' id='word_1_351' title='bbox 732 4288 1184 4359; x_wconf 79' lang='grc' dir='ltr'>κοσκινιζομένων</span> <span class='ocrx_word' id='word_1_352' title='bbox 1231 4285 1471 4352; x_wconf 88' lang='grc' dir='ltr'>γίνεται·</span> <span class='ocrx_word' id='word_1_353' title='bbox 1507 4279 1620 4332; x_wconf 87' lang='grc' dir='ltr'>ἀλλ’</span> <span class='ocrx_word' id='word_1_354' title='bbox 1649 4275 1779 4346; x_wconf 87' lang='grc' dir='ltr'>ἐγὼ,</span> <span class='ocrx_word' id='word_1_355' title='bbox 1815 4273 1999 4345; x_wconf 76' lang='grc' dir='ltr'>φησὶν,</span> 
     </span>
    </p>
   </div>
   <div class='ocr_carea' id='block_1_46' title="bbox 429 4363 2002 4458">
    <p class='ocr_par' dir='ltr' id='par_1_46' title="bbox 429 4363 2002 4458">
     <span class='ocr_line' id='line_1_46' title="bbox 429 4363 2002 4458; baseline -0.017 -16"><span class='ocrx_word' id='word_1_356' title='bbox 429 4388 682 4458; x_wconf 84' lang='grc' dir='ltr'>ἐπέσχον,</span> <span class='ocrx_word' id='word_1_357' title='bbox 710 4383 862 4445; x_wconf 83' lang='grc' dir='ltr'>εἰδὼς</span> <span class='ocrx_word' id='word_1_358' title='bbox 890 4382 973 4434; x_wconf 82' lang='grc' dir='ltr'>ὅτι</span> <span class='ocrx_word' id='word_1_359' title='bbox 1001 4379 1092 4431; x_wconf 80' lang='grc' dir='ltr'>τὸν</span> <span class='ocrx_word' id='word_1_360' title='bbox 1121 4373 1424 4446; x_wconf 83' lang='grc' dir='ltr'>πειρασμὸν</span> <span class='ocrx_word' id='word_1_361' title='bbox 1454 4369 1695 4436; x_wconf 80' lang='grc' dir='ltr'>ἐνεγκεῖν</span> <span class='ocrx_word' id='word_1_362' title='bbox 1737 4366 1798 4418; x_wconf 88' lang='grc' dir='ltr'>οὐ</span> <span class='ocrx_word' id='word_1_363' title='bbox 1841 4363 2002 4417; x_wconf 86' lang='grc' dir='ltr'>δύνα-</span> 
     </span>
    </p>
   </div>
   <div class='ocr_carea' id='block_1_47' title="bbox 432 4459 2002 4544">
    <p class='ocr_par' dir='ltr' id='par_1_47' title="bbox 432 4459 2002 4544">
     <span class='ocr_line' id='line_1_47' title="bbox 432 4459 2002 4544; baseline -0.018 -11"><span class='ocrx_word' id='word_1_364' title='bbox 432 4479 524 4532; x_wconf 89' lang='grc' dir='ltr'>σθε</span> <span class='ocrx_word' id='word_1_365' title='bbox 544 4495 559 4509; x_wconf 89' lang='grc'>·</span> <span class='ocrx_word' id='word_1_366' title='bbox 589 4477 650 4530; x_wconf 85' lang='grc' dir='ltr'>τὸ</span> <span class='ocrx_word' id='word_1_367' title='bbox 687 4476 795 4544; x_wconf 77' lang='grc' dir='ltr'>γὰρ</span> <span class='ocrx_word' id='word_1_368' title='bbox 826 4473 1028 4525; x_wconf 88' lang='grc' dir='ltr'>εἰπεῖν·</span> <span class='ocrx_word' id='word_1_369' title='bbox 1063 4469 1186 4520; x_wconf 71' lang='grc' dir='ltr'>Ἵνα</span> <span class='ocrx_word' id='word_1_370' title='bbox 1207 4463 1292 4533; x_wconf 81' lang='grc' dir='ltr'>μὴ</span> <span class='ocrx_word' id='word_1_371' title='bbox 1327 4461 1551 4527; x_wconf 73' lang='grc' dir='ltr'>ἐκλίπῃ</span> <span class='ocrx_word' id='word_1_372' title='bbox 1573 4459 1612 4525; x_wconf 78' lang='grc' dir='ltr'><strong>ἠ</strong></span> <span class='ocrx_word' id='word_1_373' title='bbox 1639 4459 1843 4520; x_wconf 80' lang='grc' dir='ltr'>πίστις</span> <span class='ocrx_word' id='word_1_374' title='bbox 1863 4467 2002 4515; x_wconf 89' lang='grc' dir='ltr'>σου,</span> 
     </span>
    </p>
   </div>
   <div class='ocr_carea' id='block_1_48' title="bbox 429 4543 2005 4640">
    <p class='ocr_par' dir='ltr' id='par_1_48' title="bbox 429 4543 2005 4640">
     <span class='ocr_line' id='line_1_48' title="bbox 429 4543 2005 4640; baseline -0.017 -17"><span class='ocrx_word' id='word_1_375' title='bbox 429 4566 716 4640; x_wconf 82' lang='grc' dir='ltr'>δηλοῦντός</span> <span class='ocrx_word' id='word_1_376' title='bbox 761 4543 930 4627; x_wconf 84' lang='grc' dir='ltr'>ἐστιν,</span> <span class='ocrx_word' id='word_1_377' title='bbox 975 4561 1058 4612; x_wconf 86' lang='grc' dir='ltr'>ὅτι</span> <span class='ocrx_word' id='word_1_378' title='bbox 1109 4558 1180 4610; x_wconf 88' lang='grc' dir='ltr'>εἰ-</span> <span class='ocrx_word' id='word_1_379' title='bbox 1209 4551 1604 4624; x_wconf 84' lang='grc' dir='ltr'>συνεχώρησεν,</span> <span class='ocrx_word' id='word_1_380' title='bbox 1651 4547 1894 4614; x_wconf 78' lang='grc' dir='ltr'>ἐξέλιπεν</span> <span class='ocrx_word' id='word_1_381' title='bbox 1939 4543 2005 4598; x_wconf 82' lang='grc' dir='ltr'>ἀν</span> 
     </span>
    </p>
   </div>
   <div class='ocr_carea' id='block_1_49' title="bbox 431 4637 2004 4727">
    <p class='ocr_par' dir='ltr' id='par_1_49' title="bbox 431 4637 2004 4727">
     <span class='ocr_line' id='line_1_49' title="bbox 431 4637 2004 4727; baseline -0.017 -13"><span class='ocrx_word' id='word_1_382' title='bbox 431 4637 597 4714; x_wconf 81' lang='grc' dir='ltr'>αὐτοῦ</span> <span class='ocrx_word' id='word_1_383' title='bbox 621 4660 654 4727; x_wconf 88' lang='grc' dir='ltr'>ή</span> <span class='ocrx_word' id='word_1_384' title='bbox 683 4657 884 4718; x_wconf 86' lang='grc' dir='ltr'>πίστις.</span> <span class='ocrx_word' id='word_1_385' title='bbox 913 4654 977 4706; x_wconf 85' lang='grc' dir='ltr'>Εἰ</span> <span class='ocrx_word' id='word_1_386' title='bbox 1018 4651 1076 4703; x_wconf 86' lang='grc' dir='ltr'>δέ</span> <span class='ocrx_word' id='word_1_387' title='bbox 1121 4648 1326 4716; x_wconf 83' lang='grc' dir='ltr'>Πέτρος</span> <span class='ocrx_word' id='word_1_388' title='bbox 1363 4645 1391 4696; x_wconf 87' lang='lat'>6</span> <span class='ocrx_word' id='word_1_389' title='bbox 1425 4641 1624 4726; x_wconf 73' lang='grc' dir='ltr'>θερμὸς</span> <span class='ocrx_word' id='word_1_390' title='bbox 1651 4637 1886 4712; x_wconf 82' lang='grc' dir='ltr'>ἐραστὴς</span> <span class='ocrx_word' id='word_1_391' title='bbox 1911 4637 2004 4690; x_wconf 81' lang='grc' dir='ltr'>τοῦ</span> 
     </span>
    </p>
   </div>
   <div class='ocr_carea' id='block_1_50' title="bbox 433 4723 2006 4824">
    <p class='ocr_par' dir='ltr' id='par_1_50' title="bbox 433 4723 2006 4824">
     <span class='ocr_line' id='line_1_50' title="bbox 433 4723 2006 4824; baseline -0.016 -20"><span class='ocrx_word' id='word_1_392' title='bbox 433 4723 666 4824; x_wconf 79' lang='grc' dir='ltr'>Χριστοῦ</span> <span class='ocrx_word' id='word_1_393' title='bbox 705 4745 800 4801; x_wconf 74' lang='grc' dir='ltr'>καὶ</span> <span class='ocrx_word' id='word_1_394' title='bbox 836 4744 934 4814; x_wconf 79' lang='grc' dir='ltr'>τὴν</span> <span class='ocrx_word' id='word_1_395' title='bbox 977 4741 1154 4811; x_wconf 80' lang='grc' dir='ltr'>ψυχὴν</span> <span class='ocrx_word' id='word_1_396' title='bbox 1203 4737 1342 4806; x_wconf 89' lang='grc' dir='ltr'>ὐπέρ</span> <span class='ocrx_word' id='word_1_397' title='bbox 1371 4723 1536 4788; x_wconf 86' lang='grc' dir='ltr'>αὐτοῦ</span> <span class='ocrx_word' id='word_1_398' title='bbox 1586 4731 1838 4802; x_wconf 82' lang='grc' dir='ltr'>μυριάκις</span> <span class='ocrx_word' id='word_1_399' title='bbox 1885 4728 2006 4780; x_wconf 86' lang='grc' dir='ltr'>ἐπι·</span> 
     </span>
    </p>
   </div>
   <div class='ocr_carea' id='block_1_51' title="bbox 429 4820 2002 4909">
    <p class='ocr_par' dir='ltr' id='par_1_51' title="bbox 429 4820 2002 4909">
     <span class='ocr_line' id='line_1_51' title="bbox 429 4820 2002 4909; baseline -0.017 -11"><span class='ocrx_word' id='word_1_400' title='bbox 429 4843 577 4906; x_wconf 81' lang='grc' dir='ltr'>δοὺς,</span> <span class='ocrx_word' id='word_1_401' title='bbox 603 4841 697 4894; x_wconf 80' lang='grc' dir='ltr'>καὶ</span> <span class='ocrx_word' id='word_1_402' title='bbox 739 4835 1032 4909; x_wconf 81' lang='grc' dir='ltr'>προπηδῶν</span> <span class='ocrx_word' id='word_1_403' title='bbox 1080 4833 1167 4886; x_wconf 77' lang='grc' dir='ltr'>ἀεὶ</span> <span class='ocrx_word' id='word_1_404' title='bbox 1197 4829 1292 4882; x_wconf 85' lang='grc' dir='ltr'>τοῦ</span> <span class='ocrx_word' id='word_1_405' title='bbox 1324 4823 1484 4898; x_wconf 82' lang='grc' dir='ltr'>χοροῦ</span> <span class='ocrx_word' id='word_1_406' title='bbox 1525 4825 1633 4877; x_wconf 89' lang='grc' dir='ltr'>τῶν</span> <span class='ocrx_word' id='word_1_407' title='bbox 1671 4820 2002 4886; x_wconf 86' lang='grc' dir='ltr'>ἀποστόλων,</span> 
     </span>
    </p>
   </div>
   <div class='ocr_carea' id='block_1_52' title="bbox 431 4909 2006 5002">
    <p class='ocr_par' dir='ltr' id='par_1_52' title="bbox 431 4909 2006 5002">
     <span class='ocr_line' id='line_1_52' title="bbox 431 4909 2006 5002; baseline -0.017 -13"><span class='ocrx_word' id='word_1_408' title='bbox 431 4935 526 4988; x_wconf 78' lang='grc' dir='ltr'>και</span> <span class='ocrx_word' id='word_1_409' title='bbox 573 4929 722 5002; x_wconf 71' lang='grc' dir='ltr'>παρὰ</span> <span class='ocrx_word' id='word_1_410' title='bbox 771 4929 864 4982; x_wconf 86' lang='grc' dir='ltr'>τοῦ</span> <span class='ocrx_word' id='word_1_411' title='bbox 908 4920 1239 4976; x_wconf 85' lang='grc' dir='ltr'>Διδασκάλου</span> <span class='ocrx_word' id='word_1_412' title='bbox 1283 4915 1736 4988; x_wconf 84' lang='grc' dir='ltr'>μακαριζόμενος,</span> <span class='ocrx_word' id='word_1_413' title='bbox 1781 4911 1876 4966; x_wconf 76' lang='grc' dir='ltr'>καὶ</span> <span class='ocrx_word' id='word_1_414' title='bbox 1917 4909 2006 4965; x_wconf 79' lang='grc' dir='ltr'>διὰ</span> 
     </span>
    </p>
   </div>
   <div class='ocr_carea' id='block_1_53' title="bbox 432 5000 2004 5090">
    <p class='ocr_par' dir='ltr' id='par_1_53' title="bbox 432 5000 2004 5090">
     <span class='ocr_line' id='line_1_53' title="bbox 432 5000 2004 5090; baseline -0.014 -14"><span class='ocrx_word' id='word_1_415' title='bbox 432 5021 587 5076; x_wconf 83' lang='grc' dir='ltr'>τοῦτο</span> <span class='ocrx_word' id='word_1_416' title='bbox 604 5000 806 5090; x_wconf 82' lang='grc' dir='ltr'>Πέτρος</span> <span class='ocrx_word' id='word_1_417' title='bbox 823 5013 1064 5086; x_wconf 67' lang='grc' dir='ltr'>κληθεὶς,</span> <span class='ocrx_word' id='word_1_418' title='bbox 1083 5009 1270 5081; x_wconf 82' lang='grc' dir='ltr'>ἐπειδὴ</span> <span class='ocrx_word' id='word_1_419' title='bbox 1287 5007 1538 5062; x_wconf 82' lang='grc' dir='ltr'>ἄσειστον</span> <span class='ocrx_word' id='word_1_420' title='bbox 1568 5000 1680 5074; x_wconf 73' lang='grc' dir='ltr'>εἶχε</span> <span class='ocrx_word' id='word_1_421' title='bbox 1698 5003 1792 5056; x_wconf 69' lang='grc' dir='ltr'>καὶ</span> <span class='ocrx_word' id='word_1_422' title='bbox 1811 5002 2004 5072; x_wconf 78' lang='grc' dir='ltr'>ἀπερί-</span> 
     </span>
    </p>
   </div>
   <div class='ocr_carea' id='block_1_54' title="bbox 429 5093 2004 5183">
    <p class='ocr_par' dir='ltr' id='par_1_54' title="bbox 429 5093 2004 5183">
     <span class='ocr_line' id='line_1_54' title="bbox 429 5093 2004 5183; baseline -0.013 -16"><span class='ocrx_word' id='word_1_423' title='bbox 429 5130 660 5183; x_wconf 87' lang='grc' dir='ltr'>τρεπτον</span> <span class='ocrx_word' id='word_1_424' title='bbox 708 5112 806 5182; x_wconf 80' lang='grc' dir='ltr'>τὴν</span> <span class='ocrx_word' id='word_1_425' title='bbox 855 5108 1058 5168; x_wconf 88' lang='grc' dir='ltr'>πίστιν,</span> <span class='ocrx_word' id='word_1_426' title='bbox 1087 5102 1289 5174; x_wconf 86' lang='grc' dir='ltr'>ήνέχθη</span> <span class='ocrx_word' id='word_1_427' title='bbox 1335 5101 1400 5154; x_wconf 85' lang='grc' dir='ltr'>ἂν</span> <span class='ocrx_word' id='word_1_428' title='bbox 1458 5098 1550 5152; x_wconf 77' lang='grc' dir='ltr'>καὶ</span> <span class='ocrx_word' id='word_1_429' title='bbox 1587 5097 1687 5167; x_wconf 85' lang='grc' dir='ltr'>τῆς</span> <span class='ocrx_word' id='word_1_430' title='bbox 1711 5093 2004 5165; x_wconf 80' lang='grc' dir='ltr'>ὁμολογίας</span> 
     </span>
    </p>
   </div>
   <div class='ocr_carea' id='block_1_55' title="bbox 430 5187 2004 5269">
    <p class='ocr_par' dir='ltr' id='par_1_55' title="bbox 430 5187 2004 5269">
     <span class='ocr_line' id='line_1_55' title="bbox 430 5187 2004 5269; baseline -0.014 -10"><span class='ocrx_word' id='word_1_431' title='bbox 430 5205 709 5269; x_wconf 77' lang='grc' dir='ltr'>ἐξέπεσεν,</span> <span class='ocrx_word' id='word_1_432' title='bbox 733 5203 780 5254; x_wconf 88' lang='grc' dir='ltr'>εἰ</span> <span class='ocrx_word' id='word_1_433' title='bbox 807 5197 1182 5268; x_wconf 80' lang='grc' dir='ltr'>συνεχώρησεν</span> <span class='ocrx_word' id='word_1_434' title='bbox 1209 5197 1236 5248; x_wconf 98' lang='lat'>6</span> <span class='ocrx_word' id='word_1_435' title='bbox 1262 5191 1493 5264; x_wconf 66' lang='grc' dir='ltr'>Χριστὸς</span> <span class='ocrx_word' id='word_1_436' title='bbox 1522 5189 1600 5260; x_wconf 87' lang='grc' dir='ltr'>τῷ</span> <span class='ocrx_word' id='word_1_437' title='bbox 1628 5187 1857 5257; x_wconf 82' lang='grc' dir='ltr'>διαϐόλῳ</span> <span class='ocrx_word' id='word_1_438' title='bbox 1885 5202 2004 5238; x_wconf 89' lang='grc' dir='ltr'>πει-</span> 
     </span>
    </p>
   </div>
   <div class='ocr_carea' id='block_1_56' title="bbox 432 5277 2004 5367">
    <p class='ocr_par' dir='ltr' id='par_1_56' title="bbox 432 5277 2004 5367">
     <span class='ocr_line' id='line_1_56' title="bbox 432 5277 2004 5367; baseline -0.015 -17"><span class='ocrx_word' id='word_1_439' title='bbox 432 5297 598 5367; x_wconf 88' lang='grc' dir='ltr'>ράσαι</span> <span class='ocrx_word' id='word_1_440' title='bbox 643 5295 766 5348; x_wconf 78' lang='grc' dir='ltr'>ὅσον</span> <span class='ocrx_word' id='word_1_441' title='bbox 811 5290 1089 5360; x_wconf 76' lang='grc' dir='ltr'>ἠϐούλετο,</span> <span class='ocrx_word' id='word_1_442' title='bbox 1118 5285 1200 5348; x_wconf 90' lang='grc' dir='ltr'>τίς</span> <span class='ocrx_word' id='word_1_443' title='bbox 1242 5284 1427 5354; x_wconf 70' lang='grc' dir='ltr'>ἕτερος</span> <span class='ocrx_word' id='word_1_444' title='bbox 1475 5281 1668 5348; x_wconf 86' lang='grc' dir='ltr'>στῆναι</span> <span class='ocrx_word' id='word_1_445' title='bbox 1715 5277 2004 5348; x_wconf 86' lang='grc' dir='ltr'>δυνήσεται</span> 
     </span>
    </p>
   </div>
   <div class='ocr_carea' id='block_1_57' title="bbox 430 5366 2002 5457">
    <p class='ocr_par' dir='ltr' id='par_1_57' title="bbox 430 5366 2002 5457">
     <span class='ocr_line' id='line_1_57' title="bbox 430 5366 2002 5457; baseline -0.014 -17"><span class='ocrx_word' id='word_1_446' title='bbox 430 5366 597 5457; x_wconf 82' lang='grc' dir='ltr'>χωρὶς</span> <span class='ocrx_word' id='word_1_447' title='bbox 623 5384 724 5454; x_wconf 83' lang='grc' dir='ltr'>τῆς</span> <span class='ocrx_word' id='word_1_448' title='bbox 757 5381 918 5436; x_wconf 82' lang='grc' dir='ltr'>αὐτοῦ</span> <span class='ocrx_word' id='word_1_449' title='bbox 957 5375 1236 5450; x_wconf 80' lang='grc' dir='ltr'>βοηθείας;</span> <span class='ocrx_word' id='word_1_450' title='bbox 1267 5372 1366 5426; x_wconf 85' lang='grc' dir='ltr'>Διά</span> <span class='ocrx_word' id='word_1_451' title='bbox 1391 5370 1506 5442; x_wconf 71' lang='lat'>[36]</span> <span class='ocrx_word' id='word_1_452' title='bbox 1540 5369 1696 5424; x_wconf 90' lang='grc' dir='ltr'>τοῦτο</span> <span class='ocrx_word' id='word_1_453' title='bbox 1732 5369 1825 5420; x_wconf 78' lang='grc' dir='ltr'>καὶ</span> <span class='ocrx_word' id='word_1_454' title='bbox 1855 5366 2002 5420; x_wconf 88' lang='grc' dir='ltr'>Παῦ-</span> 
     </span>
    </p>
   </div>
   <div class='ocr_carea' id='block_1_58' title="bbox 431 5456 2005 5546">
    <p class='ocr_par' dir='ltr' id='par_1_58' title="bbox 431 5456 2005 5546">
     <span class='ocr_line' id='line_1_58' title="bbox 431 5456 2005 5546; baseline -0.01 -17"><span class='ocrx_word' id='word_1_455' title='bbox 564 5489 728 5546; x_wconf 85' lang='grc' dir='ltr'>φησι·</span> <span class='ocrx_word' id='word_1_456' title='bbox 765 5471 989 5535; x_wconf 79' lang='grc' dir='ltr'>Πιστὸς</span> <span class='ocrx_word' id='word_1_457' title='bbox 1017 5467 1084 5522; x_wconf 82' lang='grc' dir='ltr'>δὲ</span> <span class='ocrx_word' id='word_1_458' title='bbox 1111 5469 1143 5520; x_wconf 84' lang='grc' dir='ltr'>ό</span> <span class='ocrx_word' id='word_1_459' title='bbox 1175 5465 1340 5530; x_wconf 86' lang='grc' dir='ltr'>Θεὸς,</span> <span class='ocrx_word' id='word_1_460' title='bbox 1371 5463 1439 5529; x_wconf 86' lang='grc' dir='ltr'>ὃς</span> <span class='ocrx_word' id='word_1_461' title='bbox 1484 5463 1594 5515; x_wconf 85' lang='grc' dir='ltr'>οὐκ</span> <span class='ocrx_word' id='word_1_462' title='bbox 1636 5459 1802 5513; x_wconf 79' lang='grc' dir='ltr'>ἐάσει</span> <span class='ocrx_word' id='word_1_463' title='bbox 1849 5456 2005 5528; x_wconf 77' lang='grc' dir='ltr'>ὑμᾶς</span> 
     </span>
    </p>
   </div>
   <div class='ocr_carea' id='block_1_59' title="bbox 429 5549 2005 5637">
    <p class='ocr_par' dir='ltr' id='par_1_59' title="bbox 429 5549 2005 5637">
     <span class='ocr_line' id='line_1_59' title="bbox 429 5549 2005 5637; baseline -0.013 -15"><span class='ocrx_word' id='word_1_464' title='bbox 429 5567 826 5637; x_wconf 75' lang='grc' dir='ltr'>πειρασθῆναι</span> <span class='ocrx_word' id='word_1_465' title='bbox 863 5561 1014 5629; x_wconf 77' lang='grc' dir='ltr'>ὑπὲρ</span> <span class='ocrx_word' id='word_1_466' title='bbox 1042 5560 1072 5612; x_wconf 89' lang='grc' dir='ltr'><em>ὃ</em></span> <span class='ocrx_word' id='word_1_467' title='bbox 1105 5559 1388 5618; x_wconf 84' lang='grc' dir='ltr'>δύνασθε,</span> <span class='ocrx_word' id='word_1_468' title='bbox 1419 5551 1578 5608; x_wconf 78' lang='grc' dir='ltr'>ἀλλὰ</span> <span class='ocrx_word' id='word_1_469' title='bbox 1600 5549 1840 5616; x_wconf 79' lang='grc' dir='ltr'>ποιήσει</span> <span class='ocrx_word' id='word_1_470' title='bbox 1883 5549 2005 5602; x_wconf 80' lang='grc' dir='ltr'>σὺν</span> 
     </span>
    </p>
   </div>
   <div class='ocr_carea' id='block_1_60' title="bbox 432 5640 2004 5728">
    <p class='ocr_par' dir='ltr' id='par_1_60' title="bbox 432 5640 2004 5728">
     <span class='ocr_line' id='line_1_60' title="bbox 432 5640 2004 5728; baseline -0.015 -12"><span class='ocrx_word' id='word_1_471' title='bbox 432 5660 512 5726; x_wconf 86' lang='grc' dir='ltr'>τῷ</span> <span class='ocrx_word' id='word_1_472' title='bbox 545 5655 852 5728; x_wconf 74' lang='grc' dir='ltr'>πειρασμῷ</span> <span class='ocrx_word' id='word_1_473' title='bbox 875 5653 972 5706; x_wconf 78' lang='grc' dir='ltr'>καὶ</span> <span class='ocrx_word' id='word_1_474' title='bbox 995 5649 1108 5718; x_wconf 78' lang='grc' dir='ltr'>τὴν</span> <span class='ocrx_word' id='word_1_475' title='bbox 1126 5651 1374 5703; x_wconf 76' lang='grc' dir='ltr'>ἑκϐασιν</span> <span class='ocrx_word' id='word_1_476' title='bbox 1393 5643 1500 5698; x_wconf 86' lang='grc' dir='ltr'>τοῦ</span> <span class='ocrx_word' id='word_1_477' title='bbox 1529 5643 1824 5696; x_wconf 79' lang='grc' dir='ltr'>δύνασθαι</span> <span class='ocrx_word' id='word_1_478' title='bbox 1849 5640 2004 5709; x_wconf 81' lang='grc' dir='ltr'>ὑμᾶς</span> 
     </span>
    </p>
   </div>
   <div class='ocr_carea' id='block_1_61' title="bbox 433 5731 2002 5818">
    <p class='ocr_par' dir='ltr' id='par_1_61' title="bbox 433 5731 2002 5818">
     <span class='ocr_line' id='line_1_61' title="bbox 433 5731 2002 5818; baseline -0.015 -12"><span class='ocrx_word' id='word_1_479' title='bbox 433 5748 802 5818; x_wconf 73' lang='grc' dir='ltr'>ὑπενεγκεῖν.</span> <span class='ocrx_word' id='word_1_480' title='bbox 834 5747 908 5798; x_wconf 86' lang='grc' dir='ltr'>Οὐ</span> <span class='ocrx_word' id='word_1_481' title='bbox 947 5743 1105 5814; x_wconf 89' lang='grc' dir='ltr'>μόνον</span> <span class='ocrx_word' id='word_1_482' title='bbox 1155 5739 1282 5810; x_wconf 87' lang='grc' dir='ltr'>γάρ,</span> <span class='ocrx_word' id='word_1_483' title='bbox 1328 5737 1480 5808; x_wconf 76' lang='grc' dir='ltr'>φησί,</span> <span class='ocrx_word' id='word_1_484' title='bbox 1513 5733 1814 5814; x_wconf 81' lang='grc' dir='ltr'>πειρασμὸν</span> <span class='ocrx_word' id='word_1_485' title='bbox 1862 5731 2002 5800; x_wconf 79' lang='grc' dir='ltr'>ὑπὲρ</span> 
     </span>
    </p>
   </div>
   <div class='ocr_carea' id='block_1_62' title="bbox 432 5811 2005 5910">
    <p class='ocr_par' dir='ltr' id='par_1_62' title="bbox 432 5821 2005 5910">
     <span class='ocr_line' id='line_1_62' title="bbox 432 5821 2005 5910; baseline -0.018 -13"><span class='ocrx_word' id='word_1_486' title='bbox 432 5845 660 5910; x_wconf 80' lang='grc' dir='ltr'>δύναμιν</span> <span class='ocrx_word' id='word_1_487' title='bbox 691 5839 789 5891; x_wconf 90' lang='grc' dir='ltr'>οὐκ</span> <span class='ocrx_word' id='word_1_488' title='bbox 818 5837 1040 5905; x_wconf 76' lang='grc' dir='ltr'>ἀφίησιν</span> <span class='ocrx_word' id='word_1_489' title='bbox 1076 5829 1446 5899; x_wconf 79' lang='grc' dir='ltr'>ἐπενεχθῆναι,</span> <span class='ocrx_word' id='word_1_490' title='bbox 1479 5825 1614 5879; x_wconf 86' lang='grc' dir='ltr'>άλλά</span> <span class='ocrx_word' id='word_1_491' title='bbox 1653 5825 1746 5876; x_wconf 71' lang='grc' dir='ltr'>καὶ</span> <span class='ocrx_word' id='word_1_492' title='bbox 1775 5825 1829 5874; x_wconf 86' lang='grc' dir='ltr'>ἐν</span> <span class='ocrx_word' id='word_1_493' title='bbox 1859 5821 2005 5892; x_wconf 81' lang='grc' dir='ltr'>αὐτῴ</span> 
     </span>
    </p>
   </div>
   <div class='ocr_carea' id='block_1_63' title="bbox 439 5911 2002 6002">
    <p class='ocr_par' dir='ltr' id='par_1_63' title="bbox 439 5911 2002 6002">
     <span class='ocr_line' id='line_1_63' title="bbox 439 5911 2002 6002; baseline -0.017 -17"><span class='ocrx_word' id='word_1_494' title='bbox 439 5934 514 6002; x_wconf 69' lang='grc' dir='ltr'>τῷ</span> <span class='ocrx_word' id='word_1_495' title='bbox 560 5927 700 5984; x_wconf 72' lang='grc' dir='ltr'>κατά</span> <span class='ocrx_word' id='word_1_496' title='bbox 751 5923 978 5994; x_wconf 72' lang='grc' dir='ltr'>δύναμιν</span> <span class='ocrx_word' id='word_1_497' title='bbox 1031 5916 1348 5989; x_wconf 67' lang='grc' dir='ltr'>ἐπειγομένῳ</span> <span class='ocrx_word' id='word_1_498' title='bbox 1381 5917 1606 5988; x_wconf 69' lang='grc' dir='ltr'>πάρεστι</span> <span class='ocrx_word' id='word_1_499' title='bbox 1633 5911 2002 5976; x_wconf 75' lang='grc' dir='ltr'>διαϐαστάζιυν</span> 
     </span>
    </p>
   </div>
   <div class='ocr_carea' id='block_1_64' title="bbox 2078 446 3640 526">
    <p class='ocr_par' dir='ltr' id='par_1_64' title="bbox 2078 446 3640 526">
     <span class='ocr_line' id='line_1_64' title="bbox 2078 446 3640 526; baseline -0.006 -17"><span class='ocrx_word' id='word_1_500' title='bbox 2078 457 2222 525; x_wconf 72' lang='grc' dir='ltr'>ἡμᾶς</span> <span class='ocrx_word' id='word_1_501' title='bbox 2251 457 2343 508; x_wconf 72' lang='grc' dir='ltr'>καὶ</span> <span class='ocrx_word' id='word_1_502' title='bbox 2381 454 2714 526; x_wconf 84' lang='grc' dir='ltr'>συγκροτῶν,</span> <span class='ocrx_word' id='word_1_503' title='bbox 2747 453 2873 506; x_wconf 82' lang='grc' dir='ltr'>ὅταν</span> <span class='ocrx_word' id='word_1_504' title='bbox 2901 452 3060 521; x_wconf 79' lang='grc' dir='ltr'>ἡμεῖς</span> <span class='ocrx_word' id='word_1_505' title='bbox 3089 447 3350 518; x_wconf 88' lang='grc' dir='ltr'>πρότερον</span> <span class='ocrx_word' id='word_1_506' title='bbox 3393 446 3459 500; x_wconf 86' lang='grc' dir='ltr'>τά</span> <span class='ocrx_word' id='word_1_507' title='bbox 3511 448 3640 516; x_wconf 84' lang='grc' dir='ltr'>παρ’</span> 
     </span>
    </p>
   </div>
   <div class='ocr_carea' id='block_1_65' title="bbox 2075 541 3644 617">
    <p class='ocr_par' dir='ltr' id='par_1_65' title="bbox 2075 541 3644 617">
     <span class='ocr_line' id='line_1_65' title="bbox 2075 541 3644 617; baseline -0.004 -17"><span class='ocrx_word' id='word_1_508' title='bbox 2075 547 2282 602; x_wconf 79' lang='grc' dir='ltr'>ἑαυτῶν</span> <span class='ocrx_word' id='word_1_509' title='bbox 2326 549 2744 617; x_wconf 88' lang='grc' dir='ltr'>εἰσενέγκωμεν,</span> <span class='ocrx_word' id='word_1_510' title='bbox 2787 541 2896 599; x_wconf 75' lang='grc' dir='ltr'>οἷον</span> <span class='ocrx_word' id='word_1_511' title='bbox 2940 543 3268 615; x_wconf 86' lang='grc' dir='ltr'>προθυμίαν,</span> <span class='ocrx_word' id='word_1_512' title='bbox 3314 542 3500 596; x_wconf 76' lang='grc' dir='ltr'>ἐλπίδα</span> <span class='ocrx_word' id='word_1_513' title='bbox 3546 543 3644 610; x_wconf 83' lang='grc' dir='ltr'>τήν</span> 
     </span>
    </p>
   </div>
   <div class='ocr_carea' id='block_1_66' title="bbox 2076 631 3643 710">
    <p class='ocr_par' dir='ltr' id='par_1_66' title="bbox 2076 631 3643 710">
     <span class='ocr_line' id='line_1_66' title="bbox 2076 631 3643 710; baseline -0.005 -20"><span class='ocrx_word' id='word_1_514' title='bbox 2076 639 2155 701; x_wconf 89' lang='grc' dir='ltr'>εἰς</span> <span class='ocrx_word' id='word_1_515' title='bbox 2201 639 2381 700; x_wconf 87' lang='grc' dir='ltr'>αὐτὸν,</span> <span class='ocrx_word' id='word_1_516' title='bbox 2419 638 2788 710; x_wconf 88' lang='grc' dir='ltr'>εὐχαριστίαν,</span> <span class='ocrx_word' id='word_1_517' title='bbox 2820 634 3132 705; x_wconf 85' lang='grc' dir='ltr'>καρτερίαν,</span> <span class='ocrx_word' id='word_1_518' title='bbox 3166 631 3461 700; x_wconf 82' lang='grc' dir='ltr'>ὑπομονήν.</span> <span class='ocrx_word' id='word_1_519' title='bbox 3503 631 3643 684; x_wconf 76' lang='grc' dir='ltr'>Οὔτε</span> 
     </span>
    </p>
   </div>
   <div class='ocr_carea' id='block_1_67' title="bbox 2076 719 3649 798">
    <p class='ocr_par' dir='ltr' id='par_1_67' title="bbox 2076 719 3649 798">
     <span class='ocr_line' id='line_1_67' title="bbox 2076 719 3649 798; baseline -0.007 -17"><span class='ocrx_word' id='word_1_520' title='bbox 2076 728 2183 798; x_wconf 80' lang='grc' dir='ltr'>γάρ</span> <span class='ocrx_word' id='word_1_521' title='bbox 2216 727 2374 798; x_wconf 86' lang='grc' dir='ltr'>μόνον</span> <span class='ocrx_word' id='word_1_522' title='bbox 2402 730 2458 779; x_wconf 89' lang='grc' dir='ltr'>ἐν</span> <span class='ocrx_word' id='word_1_523' title='bbox 2493 730 2601 790; x_wconf 87' lang='grc' dir='ltr'>τοῖς</span> <span class='ocrx_word' id='word_1_524' title='bbox 2635 728 2776 795; x_wconf 79' lang='grc' dir='ltr'>ὑπὲρ</span> <span class='ocrx_word' id='word_1_525' title='bbox 2808 725 3036 794; x_wconf 88' lang='grc' dir='ltr'>δύναμιν</span> <span class='ocrx_word' id='word_1_526' title='bbox 3069 721 3350 784; x_wconf 86' lang='grc' dir='ltr'>κινδύνοις,</span> <span class='ocrx_word' id='word_1_527' title='bbox 3383 719 3516 773; x_wconf 87' lang='grc' dir='ltr'>ἀλλά</span> <span class='ocrx_word' id='word_1_528' title='bbox 3549 720 3649 771; x_wconf 74' lang='grc' dir='ltr'>καὶ</span> 
     </span>
    </p>
   </div>
   <div class='ocr_carea' id='block_1_68' title="bbox 2078 810 3651 886">
    <p class='ocr_par' dir='ltr' id='par_1_68' title="bbox 2078 810 3651 886">
     <span class='ocr_line' id='line_1_68' title="bbox 2078 810 3651 886; baseline -0.005 -14"><span class='ocrx_word' id='word_1_529' title='bbox 2078 823 2136 874; x_wconf 83' lang='grc' dir='ltr'>ἐν</span> <span class='ocrx_word' id='word_1_530' title='bbox 2179 821 2361 882; x_wconf 88' lang='grc' dir='ltr'>αὐτοῖς</span> <span class='ocrx_word' id='word_1_531' title='bbox 2405 820 2514 882; x_wconf 85' lang='grc' dir='ltr'>τοῖς</span> <span class='ocrx_word' id='word_1_532' title='bbox 2564 818 2706 871; x_wconf 82' lang='grc' dir='ltr'>κατὰ</span> <span class='ocrx_word' id='word_1_533' title='bbox 2749 816 2976 884; x_wconf 90' lang='grc' dir='ltr'>δύναμιν</span> <span class='ocrx_word' id='word_1_534' title='bbox 3017 815 3117 886; x_wconf 90' lang='grc' dir='ltr'>τῆς</span> <span class='ocrx_word' id='word_1_535' title='bbox 3170 812 3372 867; x_wconf 79' lang='grc' dir='ltr'>ἀνωθεν</span> <span class='ocrx_word' id='word_1_536' title='bbox 3420 810 3651 880; x_wconf 79' lang='grc' dir='ltr'>δεόμεθα</span> 
     </span>
    </p>
   </div>
   <div class='ocr_carea' id='block_1_69' title="bbox 2082 902 3652 981">
    <p class='ocr_par' dir='ltr' id='par_1_69' title="bbox 2082 902 3652 981">
     <span class='ocr_line' id='line_1_69' title="bbox 2082 902 3652 981; baseline -0.007 -17"><span class='ocrx_word' id='word_1_537' title='bbox 2082 910 2351 981; x_wconf 85' lang='grc' dir='ltr'>βοηθείας,</span> <span class='ocrx_word' id='word_1_538' title='bbox 2383 912 2431 962; x_wconf 91' lang='grc' dir='ltr'>εἰ</span> <span class='ocrx_word' id='word_1_539' title='bbox 2466 908 2750 980; x_wconf 87' lang='grc' dir='ltr'>μέλλοιμεν</span> <span class='ocrx_word' id='word_1_540' title='bbox 2793 907 3014 960; x_wconf 79' lang='grc' dir='ltr'>ἑστάναι</span> <span class='ocrx_word' id='word_1_541' title='bbox 3045 903 3306 972; x_wconf 85' lang='grc' dir='ltr'>γενναίως</span> <span class='ocrx_word' id='word_1_542' title='bbox 3325 920 3338 934; x_wconf 85' lang='grc'>·</span> <span class='ocrx_word' id='word_1_543' title='bbox 3371 903 3463 956; x_wconf 70' lang='grc' dir='ltr'>καὶ</span> <span class='ocrx_word' id='word_1_544' title='bbox 3491 902 3652 954; x_wconf 88' lang='grc' dir='ltr'>ἀλλα-</span> 
     </span>
    </p>
   </div>
   <div class='ocr_carea' id='block_1_70' title="bbox 2080 993 3654 1074">
    <p class='ocr_par' dir='ltr' id='par_1_70' title="bbox 2080 993 3654 1074">
     <span class='ocr_line' id='line_1_70' title="bbox 2080 993 3654 1074; baseline -0.007 -19"><span class='ocrx_word' id='word_1_545' title='bbox 2080 1003 2175 1074; x_wconf 84' lang='grc' dir='ltr'>χοῦ</span> <span class='ocrx_word' id='word_1_546' title='bbox 2223 1002 2330 1073; x_wconf 90' lang='grc' dir='ltr'>γάρ</span> <span class='ocrx_word' id='word_1_547' title='bbox 2373 1017 2536 1073; x_wconf 86' lang='grc' dir='ltr'>φησι·</span> <span class='ocrx_word' id='word_1_548' title='bbox 2589 999 2794 1063; x_wconf 83' lang='grc' dir='ltr'>Καθὼς</span> <span class='ocrx_word' id='word_1_549' title='bbox 2841 998 3186 1072; x_wconf 60' lang='grc' dir='ltr'>περισσεύει</span> <span class='ocrx_word' id='word_1_550' title='bbox 3229 995 3302 1049; x_wconf 83' lang='grc' dir='ltr'>τὰ</span> <span class='ocrx_word' id='word_1_551' title='bbox 3337 993 3654 1063; x_wconf 76' lang='grc' dir='ltr'>παθήματα</span> 
     </span>
    </p>
   </div>
   <div class='ocr_carea' id='block_1_71' title="bbox 2080 1084 3652 1158">
    <p class='ocr_par' dir='ltr' id='par_1_71' title="bbox 2080 1084 3652 1158">
     <span class='ocr_line' id='line_1_71' title="bbox 2080 1084 3652 1158; baseline -0.004 -14"><span class='ocrx_word' id='word_1_552' title='bbox 2080 1090 2337 1158; x_wconf 81' lang='grc' dir='ltr'>Χριστοῦ</span> <span class='ocrx_word' id='word_1_553' title='bbox 2365 1093 2452 1156; x_wconf 86' lang='grc' dir='ltr'>εἰς</span> <span class='ocrx_word' id='word_1_554' title='bbox 2493 1087 2669 1158; x_wconf 69' lang='grc' dir='ltr'>ἡμᾶς,</span> <span class='ocrx_word' id='word_1_555' title='bbox 2713 1087 2865 1142; x_wconf 82' lang='grc' dir='ltr'>οὕτω</span> <span class='ocrx_word' id='word_1_556' title='bbox 2913 1085 3007 1140; x_wconf 85' lang='grc' dir='ltr'>διὰ</span> <span class='ocrx_word' id='word_1_557' title='bbox 3033 1085 3138 1140; x_wconf 86' lang='grc' dir='ltr'>τοῦ</span> <span class='ocrx_word' id='word_1_558' title='bbox 3169 1084 3421 1152; x_wconf 81' lang='grc' dir='ltr'>Χριστοῦ</span> <span class='ocrx_word' id='word_1_559' title='bbox 3447 1099 3652 1151; x_wconf 86' lang='grc' dir='ltr'>περισ-</span> 
     </span>
    </p>
   </div>
   <div class='ocr_carea' id='block_1_72' title="bbox 2083 1173 3656 1248">
    <p class='ocr_par' dir='ltr' id='par_1_72' title="bbox 2083 1173 3656 1248">
     <span class='ocr_line' id='line_1_72' title="bbox 2083 1173 3656 1248; baseline -0.005 -14"><span class='ocrx_word' id='word_1_560' title='bbox 2083 1182 2249 1236; x_wconf 82' lang='grc' dir='ltr'>σεύει</span> <span class='ocrx_word' id='word_1_561' title='bbox 2289 1180 2389 1233; x_wconf 74' lang='grc' dir='ltr'>καὶ</span> <span class='ocrx_word' id='word_1_562' title='bbox 2434 1181 2472 1248; x_wconf 84' lang='grc' dir='ltr'><em>ἠ</em></span> <span class='ocrx_word' id='word_1_563' title='bbox 2519 1177 2899 1248; x_wconf 74' lang='grc' dir='ltr'>παράκλησις</span> <span class='ocrx_word' id='word_1_564' title='bbox 2931 1175 3122 1246; x_wconf 75' lang='grc' dir='ltr'>ἡμῶν,</span> <span class='ocrx_word' id='word_1_565' title='bbox 3147 1177 3234 1240; x_wconf 77' lang='grc' dir='ltr'>εἷς</span> <span class='ocrx_word' id='word_1_566' title='bbox 3259 1173 3325 1227; x_wconf 89' lang='grc' dir='ltr'>τὸ</span> <span class='ocrx_word' id='word_1_567' title='bbox 3361 1175 3656 1228; x_wconf 76' lang='grc' dir='ltr'>δύνασθαι</span> 
     </span>
    </p>
   </div>
   <div class='ocr_carea' id='block_1_73' title="bbox 2082 1263 3658 1342">
    <p class='ocr_par' dir='ltr' id='par_1_73' title="bbox 2082 1263 3658 1342">
     <span class='ocr_line' id='line_1_73' title="bbox 2082 1263 3658 1342; baseline -0.008 -15"><span class='ocrx_word' id='word_1_568' title='bbox 2082 1271 2240 1342; x_wconf 75' lang='grc' dir='ltr'>’ἡμᾶς</span> <span class='ocrx_word' id='word_1_569' title='bbox 2285 1269 2658 1339; x_wconf 68' lang='grc' dir='ltr'>παρακαλεῖν</span> <span class='ocrx_word' id='word_1_570' title='bbox 2702 1268 2847 1334; x_wconf 86' lang='grc' dir='ltr'>τοὺς</span> <span class='ocrx_word' id='word_1_571' title='bbox 2893 1269 2962 1320; x_wconf 80' lang='grc' dir='ltr'>ἐν</span> <span class='ocrx_word' id='word_1_572' title='bbox 3000 1265 3165 1334; x_wconf 80' lang='grc' dir='ltr'>πάσῃ</span> <span class='ocrx_word' id='word_1_573' title='bbox 3194 1265 3396 1332; x_wconf 69' lang='grc' dir='ltr'>θλίψει</span> <span class='ocrx_word' id='word_1_574' title='bbox 3427 1264 3524 1316; x_wconf 83' lang='grc' dir='ltr'>διὰ</span> <span class='ocrx_word' id='word_1_575' title='bbox 3549 1263 3658 1332; x_wconf 79' lang='grc' dir='ltr'>τῆς</span> 
     </span>
    </p>
   </div>
   <div class='ocr_carea' id='block_1_74' title="bbox 2085 1347 3658 1429">
    <p class='ocr_par' dir='ltr' id='par_1_74' title="bbox 2085 1347 3658 1429">
     <span class='ocr_line' id='line_1_74' title="bbox 2085 1347 3658 1429; baseline -0.009 -16"><span class='ocrx_word' id='word_1_576' title='bbox 2085 1359 2538 1429; x_wconf 80' lang='grc' dir='ltr'>παρακλήσεως,</span> <span class='ocrx_word' id='word_1_577' title='bbox 2564 1353 2640 1427; x_wconf 79' lang='grc' dir='ltr'>ἧς</span> <span class='ocrx_word' id='word_1_578' title='bbox 2667 1353 3165 1423; x_wconf 76' lang='grc' dir='ltr'>παρακαλούμεθα</span> <span class='ocrx_word' id='word_1_579' title='bbox 3193 1351 3360 1404; x_wconf 81' lang='grc' dir='ltr'>αὐτοὶ</span> <span class='ocrx_word' id='word_1_580' title='bbox 3395 1347 3512 1402; x_wconf 80' lang='grc' dir='ltr'>ὑπὸ</span> <span class='ocrx_word' id='word_1_581' title='bbox 3552 1347 3658 1401; x_wconf 88' lang='grc' dir='ltr'>τοῦ</span> 
     </span>
    </p>
   </div>
   <div class='ocr_carea' id='block_1_75' title="bbox 2089 1439 3660 1511">
    <p class='ocr_par' dir='ltr' id='par_1_75' title="bbox 2089 1439 3660 1511">
     <span class='ocr_line' id='line_1_75' title="bbox 2089 1439 3660 1511; baseline -0.008 -10"><span class='ocrx_word' id='word_1_582' title='bbox 2089 1447 2426 1501; x_wconf 83' lang='grc' dir='ltr'>Θεοῦ.”Ωστε</span> <span class='ocrx_word' id='word_1_583' title='bbox 2461 1446 2553 1498; x_wconf 78' lang='grc' dir='ltr'>καί</span> <span class='ocrx_word' id='word_1_584' title='bbox 2581 1447 2607 1497; x_wconf 92' lang='grc' dir='ltr'><strong>ὁ</strong></span> <span class='ocrx_word' id='word_1_585' title='bbox 2632 1443 2818 1496; x_wconf 81' lang='grc' dir='ltr'>τοῦτον</span> <span class='ocrx_word' id='word_1_586' title='bbox 2849 1441 3240 1511; x_wconf 85' lang='grc' dir='ltr'>παρακαλέσας</span> <span class='ocrx_word' id='word_1_587' title='bbox 3271 1439 3428 1502; x_wconf 88' lang='grc' dir='ltr'>αὐτός</span> <span class='ocrx_word' id='word_1_588' title='bbox 3460 1440 3603 1490; x_wconf 84' lang='grc' dir='ltr'>ἐστιν</span> <span class='ocrx_word' id='word_1_589' title='bbox 3633 1439 3660 1488; x_wconf 90' lang='lat'>6</span> 
     </span>
    </p>
   </div>
   <div class='ocr_carea' id='block_1_76' title="bbox 2087 1527 3661 1608">
    <p class='ocr_par' dir='ltr' id='par_1_76' title="bbox 2087 1527 3661 1608">
     <span class='ocr_line' id='line_1_76' title="bbox 2087 1527 3661 1608; baseline -0.009 -16"><span class='ocrx_word' id='word_1_590' title='bbox 2087 1539 2176 1592; x_wconf 75' lang='grc' dir='ltr'>τὸν</span> <span class='ocrx_word' id='word_1_591' title='bbox 2211 1537 2510 1608; x_wconf 76' lang='grc' dir='ltr'>πειρασμὸν</span> <span class='ocrx_word' id='word_1_592' title='bbox 2538 1534 2896 1604; x_wconf 87' lang='grc' dir='ltr'>συγχωρήσας</span> <span class='ocrx_word' id='word_1_593' title='bbox 2928 1531 3450 1600; x_wconf 78' lang='grc' dir='ltr'>ἐπενεχθῆναι.’ορα</span> <span class='ocrx_word' id='word_1_594' title='bbox 3479 1527 3536 1581; x_wconf 85' lang='grc' dir='ltr'>δέ</span> <span class='ocrx_word' id='word_1_595' title='bbox 3567 1529 3661 1580; x_wconf 79' lang='grc' dir='ltr'>καὶ</span> 
     </span>
    </p>
   </div>
   <div class='ocr_carea' id='block_1_77' title="bbox 2090 1619 3657 1700">
    <p class='ocr_par' dir='ltr' id='par_1_77' title="bbox 2090 1619 3657 1700">
     <span class='ocr_line' id='line_1_77' title="bbox 2090 1619 3657 1700; baseline -0.008 -18"><span class='ocrx_word' id='word_1_596' title='bbox 2090 1629 2228 1700; x_wconf 86' lang='grc' dir='ltr'>μετά</span> <span class='ocrx_word' id='word_1_597' title='bbox 2266 1631 2364 1699; x_wconf 78' lang='grc' dir='ltr'>τὴν</span> <span class='ocrx_word' id='word_1_598' title='bbox 2401 1627 2695 1698; x_wconf 81' lang='grc' dir='ltr'>θεραπείαν</span> <span class='ocrx_word' id='word_1_599' title='bbox 2724 1625 2896 1693; x_wconf 85' lang='grc' dir='ltr'>πόσην</span> <span class='ocrx_word' id='word_1_600' title='bbox 2923 1622 3245 1693; x_wconf 88' lang='grc' dir='ltr'>κηδεμονίαν</span> <span class='ocrx_word' id='word_1_601' title='bbox 3275 1619 3657 1672; x_wconf 85' lang='grc' dir='ltr'>ἐπιδείκνυται,</span> 
     </span>
    </p>
   </div>
   <div class='ocr_carea' id='block_1_78' title="bbox 2088 1703 3662 1782">
    <p class='ocr_par' dir='ltr' id='par_1_78' title="bbox 2088 1703 3662 1782">
     <span class='ocr_line' id='line_1_78' title="bbox 2088 1703 3662 1782; baseline -0.007 -17"><span class='ocrx_word' id='word_1_602' title='bbox 2088 1713 2163 1765; x_wconf 89' lang='grc' dir='ltr'>Οὐ</span> <span class='ocrx_word' id='word_1_603' title='bbox 2189 1710 2298 1782; x_wconf 87' lang='grc' dir='ltr'>γὰρ</span> <span class='ocrx_word' id='word_1_604' title='bbox 2322 1711 2478 1778; x_wconf 76' lang='grc' dir='ltr'>ἀφεὶς</span> <span class='ocrx_word' id='word_1_605' title='bbox 2507 1709 2667 1763; x_wconf 77' lang='grc' dir='ltr'>αὐτὸν</span> <span class='ocrx_word' id='word_1_606' title='bbox 2691 1707 2951 1778; x_wconf 84' lang='grc' dir='ltr'>ἀπῆλθεν,</span> <span class='ocrx_word' id='word_1_607' title='bbox 2979 1705 3090 1758; x_wconf 88' lang='grc' dir='ltr'>ἀλλ’</span> <span class='ocrx_word' id='word_1_608' title='bbox 3117 1703 3290 1774; x_wconf 71' lang='grc' dir='ltr'>εὑρὼν</span> <span class='ocrx_word' id='word_1_609' title='bbox 3313 1704 3474 1756; x_wconf 84' lang='grc' dir='ltr'>αὐτὸν</span> <span class='ocrx_word' id='word_1_610' title='bbox 3499 1707 3555 1756; x_wconf 89' lang='grc' dir='ltr'>ἐν</span> <span class='ocrx_word' id='word_1_611' title='bbox 3585 1704 3662 1774; x_wconf 81' lang='grc' dir='ltr'>τῷ</span> 
     </span>
    </p>
   </div>
   <div class='ocr_carea' id='block_1_79' title="bbox 2093 1793 3659 1874">
    <p class='ocr_par' dir='ltr' id='par_1_79' title="bbox 2093 1793 3659 1874">
     <span class='ocr_line' id='line_1_79' title="bbox 2093 1793 3659 1874; baseline -0.004 -19"><span class='ocrx_word' id='word_1_612' title='bbox 2093 1802 2223 1874; x_wconf 82' lang='grc' dir='ltr'>ἱερῷ</span> <span class='ocrx_word' id='word_1_613' title='bbox 2254 1819 2418 1872; x_wconf 88' lang='grc' dir='ltr'>φησιν</span> <span class='ocrx_word' id='word_1_614' title='bbox 2436 1819 2448 1831; x_wconf 89' lang='grc'>·</span> <span class='ocrx_word' id='word_1_615' title='bbox 2471 1799 2591 1855; x_wconf 85' lang='grc' dir='ltr'>Ἴδε</span> <span class='ocrx_word' id='word_1_616' title='bbox 2620 1797 2793 1868; x_wconf 81' lang='grc' dir='ltr'>ὑγιὴς</span> <span class='ocrx_word' id='word_1_617' title='bbox 2823 1797 3090 1868; x_wconf 74' lang='grc' dir='ltr'>γέγονας,</span> <span class='ocrx_word' id='word_1_618' title='bbox 3109 1793 3317 1864; x_wconf 80' lang='grc' dir='ltr'>μηκέτι</span> <span class='ocrx_word' id='word_1_619' title='bbox 3341 1793 3659 1864; x_wconf 81' lang='grc' dir='ltr'>ἁμάρτανε,</span> 
     </span>
    </p>
   </div>
   <div class='ocr_carea' id='block_1_80' title="bbox 2091 1885 3664 1960">
    <p class='ocr_par' dir='ltr' id='par_1_80' title="bbox 2091 1885 3664 1960">
     <span class='ocr_line' id='line_1_80' title="bbox 2091 1885 3664 1960; baseline -0.006 -14"><span class='ocrx_word' id='word_1_620' title='bbox 2091 1895 2191 1946; x_wconf 76' lang='grc' dir='ltr'>ἵνα</span> <span class='ocrx_word' id='word_1_621' title='bbox 2233 1891 2318 1960; x_wconf 82' lang='grc' dir='ltr'>μὴ</span> <span class='ocrx_word' id='word_1_622' title='bbox 2364 1891 2564 1958; x_wconf 74' lang='grc' dir='ltr'>χεῖρόν</span> <span class='ocrx_word' id='word_1_623' title='bbox 2594 1890 2650 1941; x_wconf 85' lang='grc' dir='ltr'>τί</span> <span class='ocrx_word' id='word_1_624' title='bbox 2676 1905 2773 1941; x_wconf 91' lang='grc' dir='ltr'>σοι</span> <span class='ocrx_word' id='word_1_625' title='bbox 2798 1885 3053 1957; x_wconf 76' lang='grc' dir='ltr'>γένηται.</span> <span class='ocrx_word' id='word_1_626' title='bbox 3083 1887 3143 1939; x_wconf 83' lang='grc' dir='ltr'>Εἰ</span> <span class='ocrx_word' id='word_1_627' title='bbox 3169 1889 3275 1956; x_wconf 87' lang='grc' dir='ltr'>γὰρ</span> <span class='ocrx_word' id='word_1_628' title='bbox 3327 1885 3499 1956; x_wconf 86' lang='grc' dir='ltr'>μισῶν</span> <span class='ocrx_word' id='word_1_629' title='bbox 3541 1903 3664 1938; x_wconf 83' lang='grc' dir='ltr'>συν⁴</span> 
     </span>
    </p>
   </div>
   <div class='ocr_carea' id='block_1_81' title="bbox 2093 1973 3664 2054">
    <p class='ocr_par' dir='ltr' id='par_1_81' title="bbox 2093 1973 3664 2054">
     <span class='ocr_line' id='line_1_81' title="bbox 2093 1973 3664 2054; baseline -0.006 -19"><span class='ocrx_word' id='word_1_630' title='bbox 2093 1983 2336 2054; x_wconf 83' lang='grc' dir='ltr'>εχὼρησε</span> <span class='ocrx_word' id='word_1_631' title='bbox 2362 1981 2458 2051; x_wconf 88' lang='grc' dir='ltr'>τὴν</span> <span class='ocrx_word' id='word_1_632' title='bbox 2481 1980 2720 2043; x_wconf 84' lang='grc' dir='ltr'>κόλασιν,</span> <span class='ocrx_word' id='word_1_633' title='bbox 2744 1979 2844 2030; x_wconf 88' lang='grc' dir='ltr'>οὐκ</span> <span class='ocrx_word' id='word_1_634' title='bbox 2871 1977 2936 2030; x_wconf 77' lang='grc' dir='ltr'>ἂν</span> <span class='ocrx_word' id='word_1_635' title='bbox 2967 1975 3296 2046; x_wconf 80' lang='grc' dir='ltr'>ἀπήλλαξεν,</span> <span class='ocrx_word' id='word_1_636' title='bbox 3318 1977 3418 2027; x_wconf 88' lang='grc' dir='ltr'>οὐκ</span> <span class='ocrx_word' id='word_1_637' title='bbox 3443 1973 3507 2030; x_wconf 82' lang='grc' dir='ltr'>ἂν</span> <span class='ocrx_word' id='word_1_638' title='bbox 3530 1975 3664 2046; x_wconf 80' lang='grc' dir='ltr'>πρὸς</span> 
     </span>
    </p>
   </div>
   <div class='ocr_carea' id='block_1_82' title="bbox 2091 2063 3666 2144">
    <p class='ocr_par' dir='ltr' id='par_1_82' title="bbox 2091 2063 3666 2144">
     <span class='ocr_line' id='line_1_82' title="bbox 2091 2063 3666 2144; baseline -0.006 -18"><span class='ocrx_word' id='word_1_639' title='bbox 2091 2073 2154 2126; x_wconf 77' lang='grc' dir='ltr'>τὸ</span> <span class='ocrx_word' id='word_1_640' title='bbox 2189 2071 2376 2144; x_wconf 83' lang='grc' dir='ltr'>μέλλον</span> <span class='ocrx_word' id='word_1_641' title='bbox 2402 2069 2769 2140; x_wconf 72' lang='grc' dir='ltr'>ἠσφαλίσατο·</span> <span class='ocrx_word' id='word_1_642' title='bbox 2799 2067 2862 2119; x_wconf 82' lang='grc' dir='ltr'>τὸ</span> <span class='ocrx_word' id='word_1_643' title='bbox 2885 2065 2940 2118; x_wconf 89' lang='grc' dir='ltr'>δέ</span> <span class='ocrx_word' id='word_1_644' title='bbox 2969 2065 3148 2134; x_wconf 85' lang='grc' dir='ltr'>λέγειν</span> <span class='ocrx_word' id='word_1_645' title='bbox 3167 2081 3181 2094; x_wconf 91' lang='grc'>·</span> <span class='ocrx_word' id='word_1_646' title='bbox 3213 2065 3338 2118; x_wconf 73' lang='grc' dir='ltr'>Ἵνα</span> <span class='ocrx_word' id='word_1_647' title='bbox 3355 2063 3441 2134; x_wconf 76' lang='grc' dir='ltr'>μὴ</span> <span class='ocrx_word' id='word_1_648' title='bbox 3465 2063 3666 2132; x_wconf 81' lang='grc' dir='ltr'>χεῖρόν</span> 
     </span>
    </p>
   </div>
   <div class='ocr_carea' id='block_1_83' title="bbox 2092 2155 3666 2232">
    <p class='ocr_par' dir='ltr' id='par_1_83' title="bbox 2092 2155 3666 2232">
     <span class='ocr_line' id='line_1_83' title="bbox 2092 2155 3666 2232; baseline -0.007 -13"><span class='ocrx_word' id='word_1_649' title='bbox 2092 2165 2153 2219; x_wconf 83' lang='grc' dir='ltr'>τι</span> <span class='ocrx_word' id='word_1_650' title='bbox 2183 2181 2282 2218; x_wconf 89' lang='grc' dir='ltr'>σοι</span> <span class='ocrx_word' id='word_1_651' title='bbox 2320 2162 2584 2232; x_wconf 78' lang='grc' dir='ltr'>γένηται,</span> <span class='ocrx_word' id='word_1_652' title='bbox 2607 2159 2677 2212; x_wconf 83' lang='grc' dir='ltr'>τά</span> <span class='ocrx_word' id='word_1_653' title='bbox 2711 2157 2973 2229; x_wconf 87' lang='grc' dir='ltr'>μέλλοντά</span> <span class='ocrx_word' id='word_1_654' title='bbox 3002 2159 3117 2209; x_wconf 88' lang='grc' dir='ltr'>ἐστι</span> <span class='ocrx_word' id='word_1_655' title='bbox 3147 2155 3666 2227; x_wconf 83' lang='grc' dir='ltr'>προαναστέλλοντος</span> 
     </span>
    </p>
   </div>
   <div class='ocr_carea' id='block_1_84' title="bbox 2091 2245 3664 2322">
    <p class='ocr_par' dir='ltr' id='par_1_84' title="bbox 2091 2245 3664 2322">
     <span class='ocr_line' id='line_1_84' title="bbox 2091 2245 3664 2322; baseline -0.006 -12"><span class='ocrx_word' id='word_1_656' title='bbox 2091 2255 2468 2310; x_wconf 85' lang='grc' dir='ltr'>δεινά.¹Ἐλυσε</span> <span class='ocrx_word' id='word_1_657' title='bbox 2505 2256 2604 2322; x_wconf 84' lang='grc' dir='ltr'>τὴν</span> <span class='ocrx_word' id='word_1_658' title='bbox 2633 2251 2805 2316; x_wconf 91' lang='grc' dir='ltr'>νόσον,</span> <span class='ocrx_word' id='word_1_659' title='bbox 2836 2249 2932 2303; x_wconf 74' lang='grc' dir='ltr'>καὶ</span> <span class='ocrx_word' id='word_1_660' title='bbox 2958 2249 3058 2300; x_wconf 89' lang='grc' dir='ltr'>οὐκ</span> <span class='ocrx_word' id='word_1_661' title='bbox 3086 2247 3240 2300; x_wconf 82' lang='grc' dir='ltr'>ἑλυσε</span> <span class='ocrx_word' id='word_1_662' title='bbox 3269 2246 3367 2317; x_wconf 85' lang='grc' dir='ltr'>τὴν</span> <span class='ocrx_word' id='word_1_663' title='bbox 3388 2245 3626 2314; x_wconf 88' lang='grc' dir='ltr'>ἀγωνίαν</span> <span class='ocrx_word' id='word_1_664' title='bbox 3649 2261 3664 2276; x_wconf 88' lang='grc'>·</span> 
     </span>
    </p>
   </div>
   <div class='ocr_carea' id='block_1_85' title="bbox 2093 2336 3665 2419">
    <p class='ocr_par' dir='ltr' id='par_1_85' title="bbox 2093 2336 3665 2419">
     <span class='ocr_line' id='line_1_85' title="bbox 2093 2336 3665 2419; baseline -0.009 -17"><span class='ocrx_word' id='word_1_665' title='bbox 2093 2347 2339 2419; x_wconf 85' lang='grc' dir='ltr'>ἀπήλασε</span> <span class='ocrx_word' id='word_1_666' title='bbox 2371 2344 2472 2415; x_wconf 85' lang='grc' dir='ltr'>τὴν</span> <span class='ocrx_word' id='word_1_667' title='bbox 2497 2342 2827 2416; x_wconf 77' lang='grc' dir='ltr'>ἀρρωστίαν,</span> <span class='ocrx_word' id='word_1_668' title='bbox 2858 2339 2952 2393; x_wconf 62' lang='grc' dir='ltr'>καλ¹</span> <span class='ocrx_word' id='word_1_669' title='bbox 2971 2341 3069 2393; x_wconf 85' lang='grc' dir='ltr'>οὐκ</span> <span class='ocrx_word' id='word_1_670' title='bbox 3093 2338 3340 2408; x_wconf 89' lang='grc' dir='ltr'>ἀπήλασε</span> <span class='ocrx_word' id='word_1_671' title='bbox 3366 2336 3458 2390; x_wconf 79' lang='grc' dir='ltr'>τὸν</span> <span class='ocrx_word' id='word_1_672' title='bbox 3483 2337 3665 2406; x_wconf 88' lang='grc' dir='ltr'>φόϐον,</span> 
     </span>
    </p>
   </div>
   <div class='ocr_carea' id='block_1_86' title="bbox 2094 2428 3668 2508">
    <p class='ocr_par' dir='ltr' id='par_1_86' title="bbox 2094 2428 3668 2508">
     <span class='ocr_line' id='line_1_86' title="bbox 2094 2428 3668 2508; baseline -0.008 -16"><span class='ocrx_word' id='word_1_673' title='bbox 2094 2437 2233 2492; x_wconf 83' lang='grc' dir='ltr'>ὥστε</span> <span class='ocrx_word' id='word_1_674' title='bbox 2263 2437 2520 2508; x_wconf 88' lang='grc' dir='ltr'>ἀκίνητον</span> <span class='ocrx_word' id='word_1_675' title='bbox 2555 2431 2694 2488; x_wconf 80' lang='grc' dir='ltr'>εῖναι</span> <span class='ocrx_word' id='word_1_676' title='bbox 2719 2433 2816 2504; x_wconf 85' lang='grc' dir='ltr'>τὴν</span> <span class='ocrx_word' id='word_1_677' title='bbox 2837 2431 3135 2502; x_wconf 89' lang='grc' dir='ltr'>γενομένην</span> <span class='ocrx_word' id='word_1_678' title='bbox 3157 2428 3668 2501; x_wconf 82' lang='grc' dir='ltr'>εὐεργεσίαν.Τοῦτο</span> 
     </span>
    </p>
   </div>
   <div class='ocr_carea' id='block_1_87' title="bbox 2097 2521 3669 2604">
    <p class='ocr_par' dir='ltr' id='par_1_87' title="bbox 2097 2521 3669 2604">
     <span class='ocr_line' id='line_1_87' title="bbox 2097 2521 3669 2604; baseline -0.007 -19"><span class='ocrx_word' id='word_1_679' title='bbox 2097 2529 2278 2604; x_wconf 82' lang='grc' dir='ltr'>ἰατροῦ</span> <span class='ocrx_word' id='word_1_680' title='bbox 2311 2527 2668 2601; x_wconf 83' lang='grc' dir='ltr'>κηδεμονικοῦ</span> <span class='ocrx_word' id='word_1_681' title='bbox 2702 2527 2775 2598; x_wconf 81' lang='grc' dir='ltr'>μὴ</span> <span class='ocrx_word' id='word_1_682' title='bbox 2800 2526 2869 2578; x_wconf 84' lang='grc' dir='ltr'>τά</span> <span class='ocrx_word' id='word_1_683' title='bbox 2893 2523 3133 2594; x_wconf 87' lang='grc' dir='ltr'>παρόντα</span> <span class='ocrx_word' id='word_1_684' title='bbox 3152 2522 3300 2575; x_wconf 89' lang='grc' dir='ltr'>λύειν</span> <span class='ocrx_word' id='word_1_685' title='bbox 3327 2522 3507 2592; x_wconf 87' lang='grc' dir='ltr'>μόνον,</span> <span class='ocrx_word' id='word_1_686' title='bbox 3533 2521 3669 2574; x_wconf 88' lang='grc' dir='ltr'>άλλά</span> 
     </span>
    </p>
   </div>
   <div class='ocr_carea' id='block_1_88' title="bbox 2095 2610 3668 2691">
    <p class='ocr_par' dir='ltr' id='par_1_88' title="bbox 2095 2610 3668 2691">
     <span class='ocr_line' id='line_1_88' title="bbox 2095 2610 3668 2691; baseline -0.009 -14"><span class='ocrx_word' id='word_1_687' title='bbox 2095 2625 2188 2678; x_wconf 69' lang='grc' dir='ltr'>καὶ</span> <span class='ocrx_word' id='word_1_688' title='bbox 2221 2621 2357 2691; x_wconf 80' lang='grc' dir='ltr'>πρὸς</span> <span class='ocrx_word' id='word_1_689' title='bbox 2405 2619 2476 2674; x_wconf 83' lang='grc' dir='ltr'>τά</span> <span class='ocrx_word' id='word_1_690' title='bbox 2527 2619 2788 2690; x_wconf 86' lang='grc' dir='ltr'>μέλλοντα</span> <span class='ocrx_word' id='word_1_691' title='bbox 2833 2611 3259 2684; x_wconf 84' lang='grc' dir='ltr'>άσφαλίζεσθαι,</span> <span class='ocrx_word' id='word_1_692' title='bbox 3309 2611 3446 2682; x_wconf 81' lang='grc' dir='ltr'>ὅπερ</span> <span class='ocrx_word' id='word_1_693' title='bbox 3498 2610 3592 2665; x_wconf 72' lang='grc' dir='ltr'>καὶ</span> <span class='ocrx_word' id='word_1_694' title='bbox 3639 2613 3668 2663; x_wconf 92' lang='lat'>6</span> 
     </span>
    </p>
   </div>
   <div class='ocr_carea' id='block_1_89' title="bbox 2096 2701 3759 2784">
    <p class='ocr_par' dir='ltr' id='par_1_89' title="bbox 2096 2701 3759 2784">
     <span class='ocr_line' id='line_1_89' title="bbox 2096 2701 3759 2784; baseline -0.009 -18"><span class='ocrx_word' id='word_1_695' title='bbox 2096 2712 2330 2784; x_wconf 84' lang='grc' dir='ltr'>Χριστὸς</span> <span class='ocrx_word' id='word_1_696' title='bbox 2373 2709 2597 2779; x_wconf 82' lang='grc' dir='ltr'>ἐποίησε</span> <span class='ocrx_word' id='word_1_697' title='bbox 2643 2711 2710 2778; x_wconf 79' lang='grc' dir='ltr'>τῇ</span> <span class='ocrx_word' id='word_1_698' title='bbox 2757 2707 2944 2777; x_wconf 80' lang='grc' dir='ltr'>μνήμῃ</span> <span class='ocrx_word' id='word_1_699' title='bbox 2976 2702 3084 2756; x_wconf 90' lang='grc' dir='ltr'>τῶν</span> <span class='ocrx_word' id='word_1_700' title='bbox 3117 2701 3494 2772; x_wconf 89' lang='grc' dir='ltr'>παρελθόντων</span> <span class='ocrx_word' id='word_1_701' title='bbox 3542 2719 3670 2770; x_wconf 82' lang='grc' dir='ltr'>συγ·</span> <span class='ocrx_word' id='word_1_702' title='bbox 3757 2773 3759 2778; x_wconf 21' lang='grc'><strong>1</strong></span> 
     </span>
    </p>
   </div>
   <div class='ocr_carea' id='block_1_90' title="bbox 2097 2790 3671 2874">
    <p class='ocr_par' dir='ltr' id='par_1_90' title="bbox 2097 2790 3671 2874">
     <span class='ocr_line' id='line_1_90' title="bbox 2097 2790 3671 2874; baseline -0.011 -15"><span class='ocrx_word' id='word_1_703' title='bbox 2097 2803 2304 2874; x_wconf 90' lang='grc' dir='ltr'>κροτῶν</span> <span class='ocrx_word' id='word_1_704' title='bbox 2339 2802 2547 2856; x_wconf 86' lang='grc' dir='ltr'>ἐκείνου</span> <span class='ocrx_word' id='word_1_705' title='bbox 2576 2798 2674 2870; x_wconf 84' lang='grc' dir='ltr'>τὴν</span> <span class='ocrx_word' id='word_1_706' title='bbox 2705 2797 2902 2868; x_wconf 73' lang='grc' dir='ltr'>ψυχήν.</span> <span class='ocrx_word' id='word_1_707' title='bbox 2940 2793 3156 2865; x_wconf 79' lang='grc' dir='ltr'>Ἐπειδὴ</span> <span class='ocrx_word' id='word_1_708' title='bbox 3191 2792 3299 2862; x_wconf 86' lang='grc' dir='ltr'>γάρ</span> <span class='ocrx_word' id='word_1_709' title='bbox 3331 2790 3671 2844; x_wconf 87' lang='grc' dir='ltr'>ἀπελθόντων</span> 
     </span>
    </p>
   </div>
   <div class='ocr_carea' id='block_1_91' title="bbox 2095 2880 3670 2960">
    <p class='ocr_par' dir='ltr' id='par_1_91' title="bbox 2095 2880 3670 2960">
     <span class='ocr_line' id='line_1_91' title="bbox 2095 2880 3670 2960; baseline -0.009 -13"><span class='ocrx_word' id='word_1_710' title='bbox 2095 2894 2205 2947; x_wconf 87' lang='grc' dir='ltr'>τῶν</span> <span class='ocrx_word' id='word_1_711' title='bbox 2249 2891 2556 2946; x_wconf 86' lang='grc' dir='ltr'>όδυνώντων</span> <span class='ocrx_word' id='word_1_712' title='bbox 2597 2889 2764 2960; x_wconf 78' lang='grc' dir='ltr'>ἡμᾶς,</span> <span class='ocrx_word' id='word_1_713' title='bbox 2799 2881 3197 2954; x_wconf 89' lang='grc' dir='ltr'>συναπέρχεται</span> <span class='ocrx_word' id='word_1_714' title='bbox 3243 2880 3337 2933; x_wconf 77' lang='grc' dir='ltr'>καὶ</span> <span class='ocrx_word' id='word_1_715' title='bbox 3387 2882 3420 2951; x_wconf 81' lang='grc' dir='ltr'>ὴ</span> <span class='ocrx_word' id='word_1_716' title='bbox 3481 2880 3670 2950; x_wconf 84' lang='grc' dir='ltr'>μνήμη</span> 
     </span>
    </p>
   </div>
   <div class='ocr_carea' id='block_1_92' title="bbox 2101 2970 3668 3052">
    <p class='ocr_par' dir='ltr' id='par_1_92' title="bbox 2101 2970 3668 3052">
     <span class='ocr_line' id='line_1_92' title="bbox 2101 2970 3668 3052; baseline -0.01 -15"><span class='ocrx_word' id='word_1_717' title='bbox 2101 2984 2378 3048; x_wconf 81' lang='grc' dir='ltr'>πολλάκις,</span> <span class='ocrx_word' id='word_1_718' title='bbox 2409 2981 2727 3052; x_wconf 85' lang='grc' dir='ltr'>βουλόμενος</span> <span class='ocrx_word' id='word_1_719' title='bbox 2770 2976 2938 3046; x_wconf 86' lang='grc' dir='ltr'>αὐτὴν</span> <span class='ocrx_word' id='word_1_720' title='bbox 2987 2973 3166 3045; x_wconf 88' lang='grc' dir='ltr'>μένειν</span> <span class='ocrx_word' id='word_1_721' title='bbox 3219 2971 3460 3042; x_wconf 84' lang='grc' dir='ltr'>διηνεκῆ,</span> <span class='ocrx_word' id='word_1_722' title='bbox 3497 2970 3628 3042; x_wconf 89' lang='grc' dir='ltr'>φησί</span> <span class='ocrx_word' id='word_1_723' title='bbox 3654 2989 3668 3001; x_wconf 78' lang='grc' dir='ltr'><strong>ο</strong></span> 
     </span>
    </p>
   </div>
   <div class='ocr_carea' id='block_1_93' title="bbox 2100 3063 3673 3145">
    <p class='ocr_par' dir='ltr' id='par_1_93' title="bbox 2100 3063 3673 3145">
     <span class='ocr_line' id='line_1_93' title="bbox 2100 3063 3673 3145; baseline -0.01 -14"><span class='ocrx_word' id='word_1_724' title='bbox 2100 3075 2324 3145; x_wconf 80' lang='grc' dir='ltr'>Μηκέτι</span> <span class='ocrx_word' id='word_1_725' title='bbox 2370 3073 2667 3145; x_wconf 78' lang='grc' dir='ltr'>ἁμάρτανε</span> <span class='ocrx_word' id='word_1_726' title='bbox 2691 3113 2704 3136; x_wconf 94' lang='grc'>,</span> <span class='ocrx_word' id='word_1_727' title='bbox 2737 3071 2838 3124; x_wconf 68' lang='grc' dir='ltr'>ἵνα</span> <span class='ocrx_word' id='word_1_728' title='bbox 2879 3067 2965 3138; x_wconf 82' lang='grc' dir='ltr'>μὴ</span> <span class='ocrx_word' id='word_1_729' title='bbox 3009 3065 3210 3136; x_wconf 74' lang='grc' dir='ltr'>χεῖρόν</span> <span class='ocrx_word' id='word_1_730' title='bbox 3256 3064 3315 3119; x_wconf 85' lang='grc' dir='ltr'>τί</span> <span class='ocrx_word' id='word_1_731' title='bbox 3355 3079 3454 3118; x_wconf 89' lang='grc' dir='ltr'>σοι</span> <span class='ocrx_word' id='word_1_732' title='bbox 3499 3063 3673 3134; x_wconf 73' lang='grc' dir='ltr'>γένη-</span> 
     </span>
    </p>
   </div>
   <div class='ocr_carea' id='block_1_94' title="bbox 2099 3185 2212 3222">
    <p class='ocr_par' dir='ltr' id='par_1_94' title="bbox 2099 3185 2212 3222">
     <span class='ocr_line' id='line_1_94' title="bbox 2099 3185 2212 3222; baseline 0 0"><span class='ocrx_word' id='word_1_733' title='bbox 2099 3185 2192 3222; x_wconf 86' lang='grc' dir='ltr'>ται</span> <span class='ocrx_word' id='word_1_734' title='bbox 2199 3208 2212 3222; x_wconf 86' lang='grc'><strong>.</strong></span> 
     </span>
    </p>
   </div>
   <div class='ocr_carea' id='block_1_95' title="bbox 2171 3247 3673 3329">
    <p class='ocr_par' dir='ltr' id='par_1_95' title="bbox 2171 3247 3673 3329">
     <span class='ocr_line' id='line_1_95' title="bbox 2171 3247 3673 3329; baseline -0.008 -15"><span class='ocrx_word' id='word_1_735' title='bbox 2171 3258 2242 3329; x_wconf 59' lang='grc' dir='ltr'>Υ.</span> <span class='ocrx_word' id='word_1_736' title='bbox 2268 3259 2380 3312; x_wconf 88' lang='grc' dir='ltr'>Οὐκ</span> <span class='ocrx_word' id='word_1_737' title='bbox 2398 3256 2506 3310; x_wconf 79' lang='grc' dir='ltr'>ἀπὸ</span> <span class='ocrx_word' id='word_1_738' title='bbox 2524 3255 2712 3308; x_wconf 87' lang='grc' dir='ltr'>τούτου</span> <span class='ocrx_word' id='word_1_739' title='bbox 2734 3254 2789 3306; x_wconf 87' lang='grc' dir='ltr'>δέ</span> <span class='ocrx_word' id='word_1_740' title='bbox 2812 3253 2973 3325; x_wconf 85' lang='grc' dir='ltr'>μόνον</span> <span class='ocrx_word' id='word_1_741' title='bbox 2993 3253 3086 3323; x_wconf 83' lang='grc' dir='ltr'>τὴν</span> <span class='ocrx_word' id='word_1_742' title='bbox 3108 3251 3360 3323; x_wconf 86' lang='grc' dir='ltr'>πρόνοιαν</span> <span class='ocrx_word' id='word_1_743' title='bbox 3385 3247 3548 3302; x_wconf 85' lang='grc' dir='ltr'>αὐτοῦ</span> <span class='ocrx_word' id='word_1_744' title='bbox 3579 3249 3673 3302; x_wconf 73' lang='grc' dir='ltr'>καὶ</span> 
     </span>
    </p>
   </div>
   <div class='ocr_carea' id='block_1_96' title="bbox 2099 3339 3672 3422">
    <p class='ocr_par' dir='ltr' id='par_1_96' title="bbox 2099 3339 3672 3422">
     <span class='ocr_line' id='line_1_96' title="bbox 2099 3339 3672 3422; baseline -0.008 -18"><span class='ocrx_word' id='word_1_745' title='bbox 2099 3349 2195 3422; x_wconf 84' lang='grc' dir='ltr'>τὴν</span> <span class='ocrx_word' id='word_1_746' title='bbox 2221 3350 2523 3404; x_wconf 88' lang='grc' dir='ltr'>ἐπιείκειαν</span> <span class='ocrx_word' id='word_1_747' title='bbox 2559 3345 2722 3400; x_wconf 90' lang='grc' dir='ltr'>αὐτοῦ</span> <span class='ocrx_word' id='word_1_748' title='bbox 2764 3346 2909 3400; x_wconf 77' lang='grc' dir='ltr'>ἔστιν</span> <span class='ocrx_word' id='word_1_749' title='bbox 2957 3345 3104 3408; x_wconf 89' lang='grc' dir='ltr'>ἰδεῖν,</span> <span class='ocrx_word' id='word_1_750' title='bbox 3145 3341 3279 3397; x_wconf 86' lang='grc' dir='ltr'>ἀλλὰ</span> <span class='ocrx_word' id='word_1_751' title='bbox 3307 3341 3402 3394; x_wconf 71' lang='grc' dir='ltr'>καὶ</span> <span class='ocrx_word' id='word_1_752' title='bbox 3438 3339 3546 3393; x_wconf 84' lang='grc' dir='ltr'>ἀπὸ</span> <span class='ocrx_word' id='word_1_753' title='bbox 3572 3339 3672 3391; x_wconf 89' lang='grc' dir='ltr'>αὐ-</span> 
     </span>
    </p>
   </div>
   <div class='ocr_carea' id='block_1_97' title="bbox 2099 3429 3673 3515">
    <p class='ocr_par' dir='ltr' id='par_1_97' title="bbox 2099 3429 3673 3515">
     <span class='ocr_line' id='line_1_97' title="bbox 2099 3429 3673 3515; baseline -0.009 -19"><span class='ocrx_word' id='word_1_754' title='bbox 2099 3445 2199 3514; x_wconf 84' lang='grc' dir='ltr'>τῆς</span> <span class='ocrx_word' id='word_1_755' title='bbox 2239 3445 2338 3515; x_wconf 84' lang='grc' dir='ltr'>τῆς</span> <span class='ocrx_word' id='word_1_756' title='bbox 2373 3439 2633 3509; x_wconf 83' lang='grc' dir='ltr'>δοκούσης</span> <span class='ocrx_word' id='word_1_757' title='bbox 2675 3435 2813 3492; x_wconf 83' lang='grc' dir='ltr'>εἶναι</span> <span class='ocrx_word' id='word_1_758' title='bbox 2841 3437 3229 3508; x_wconf 88' lang='grc' dir='ltr'>ἐπιτιμήσεως.</span> <span class='ocrx_word' id='word_1_759' title='bbox 3255 3434 3390 3488; x_wconf 88' lang='grc' dir='ltr'>Οὐδέ</span> <span class='ocrx_word' id='word_1_760' title='bbox 3431 3431 3540 3503; x_wconf 76' lang='grc' dir='ltr'>γὰρ</span> <span class='ocrx_word' id='word_1_761' title='bbox 3588 3429 3673 3498; x_wconf 80' lang='grc' dir='ltr'>ἐξ·</span> 
     </span>
    </p>
   </div>
   <div class='ocr_carea' id='block_1_98' title="bbox 2102 3519 3672 3604">
    <p class='ocr_par' dir='ltr' id='par_1_98' title="bbox 2102 3519 3672 3604">
     <span class='ocr_line' id='line_1_98' title="bbox 2102 3519 3672 3604; baseline -0.01 -17"><span class='ocrx_word' id='word_1_762' title='bbox 2102 3534 2444 3604; x_wconf 88' lang='grc' dir='ltr'>επόμπευσεν</span> <span class='ocrx_word' id='word_1_763' title='bbox 2473 3531 2636 3584; x_wconf 84' lang='grc' dir='ltr'>αὐτοῦ</span> <span class='ocrx_word' id='word_1_764' title='bbox 2665 3529 2733 3583; x_wconf 80' lang='grc' dir='ltr'>τά</span> <span class='ocrx_word' id='word_1_765' title='bbox 2767 3529 3159 3600; x_wconf 84' lang='grc' dir='ltr'>ἁμαρτήματα,</span> <span class='ocrx_word' id='word_1_766' title='bbox 3209 3523 3322 3577; x_wconf 80' lang='grc' dir='ltr'>ἀλλ’</span> <span class='ocrx_word' id='word_1_767' title='bbox 3344 3524 3424 3576; x_wconf 85' lang='grc' dir='ltr'>ὅτι</span> <span class='ocrx_word' id='word_1_768' title='bbox 3476 3521 3574 3591; x_wconf 88' lang='grc' dir='ltr'>μέν</span> <span class='ocrx_word' id='word_1_769' title='bbox 3604 3519 3672 3573; x_wconf 86' lang='grc' dir='ltr'>δι’</span> 
     </span>
    </p>
   </div>
   <div class='ocr_carea' id='block_1_99' title="bbox 2103 3605 3673 3694">
    <p class='ocr_par' dir='ltr' id='par_1_99' title="bbox 2103 3605 3673 3694">
     <span class='ocr_line' id='line_1_99' title="bbox 2103 3605 3673 3694; baseline -0.01 -17"><span class='ocrx_word' id='word_1_770' title='bbox 2103 3625 2473 3694; x_wconf 85' lang='grc' dir='ltr'>ἁμαρτήματα</span> <span class='ocrx_word' id='word_1_771' title='bbox 2511 3620 2732 3682; x_wconf 81' lang='grc' dir='ltr'>ἔπαθεν,</span> <span class='ocrx_word' id='word_1_772' title='bbox 2765 3619 2908 3688; x_wconf 79' lang='grc' dir='ltr'>άπερ</span> <span class='ocrx_word' id='word_1_773' title='bbox 2938 3615 3158 3678; x_wconf 75' lang='grc' dir='ltr'>ἔπαθεν,</span> <span class='ocrx_word' id='word_1_774' title='bbox 3196 3609 3344 3666; x_wconf 77' lang='grc' dir='ltr'>εἷπε·</span> <span class='ocrx_word' id='word_1_775' title='bbox 3373 3613 3494 3665; x_wconf 86' lang='grc' dir='ltr'>τίνα</span> <span class='ocrx_word' id='word_1_776' title='bbox 3521 3610 3579 3663; x_wconf 86' lang='grc' dir='ltr'>δὲ</span> <span class='ocrx_word' id='word_1_777' title='bbox 3606 3605 3673 3681; x_wconf 87' lang='grc' dir='ltr'>ἦν</span> 
     </span>
    </p>
   </div>
   <div class='ocr_carea' id='block_1_100' title="bbox 2100 3699 3672 3786">
    <p class='ocr_par' dir='ltr' id='par_1_100' title="bbox 2100 3699 3672 3786">
     <span class='ocr_line' id='line_1_100' title="bbox 2100 3699 3672 3786; baseline -0.013 -17"><span class='ocrx_word' id='word_1_778' title='bbox 2100 3716 2167 3768; x_wconf 86' lang='grc' dir='ltr'>τά</span> <span class='ocrx_word' id='word_1_779' title='bbox 2197 3715 2566 3786; x_wconf 84' lang='grc' dir='ltr'>ἁμαρτήματα</span> <span class='ocrx_word' id='word_1_780' title='bbox 2609 3713 2710 3764; x_wconf 88' lang='grc' dir='ltr'>οὐκ</span> <span class='ocrx_word' id='word_1_781' title='bbox 2760 3709 3045 3781; x_wconf 86' lang='grc' dir='ltr'>ἐδήλωσεν,</span> <span class='ocrx_word' id='word_1_782' title='bbox 3073 3705 3194 3759; x_wconf 86' lang='grc' dir='ltr'>οὐδέ</span> <span class='ocrx_word' id='word_1_783' title='bbox 3219 3701 3361 3768; x_wconf 83' lang='grc' dir='ltr'>είπε,</span> <span class='ocrx_word' id='word_1_784' title='bbox 3401 3701 3476 3754; x_wconf 92' lang='lat' dir='ltr'>T6</span> <span class='ocrx_word' id='word_1_785' title='bbox 3499 3699 3672 3756; x_wconf 75' lang='grc' dir='ltr'>καὶτὸ</span> 
     </span>
    </p>
   </div>
   <div class='ocr_carea' id='block_1_101' title="bbox 2101 3790 3677 3878">
    <p class='ocr_par' dir='ltr' id='par_1_101' title="bbox 2101 3790 3677 3878">
     <span class='ocr_line' id='line_1_101' title="bbox 2101 3790 3677 3878; baseline -0.011 -18"><span class='ocrx_word' id='word_1_786' title='bbox 2101 3807 2369 3878; x_wconf 77' lang='grc' dir='ltr'>ἥμαρτες,</span> <span class='ocrx_word' id='word_1_787' title='bbox 2417 3805 2560 3865; x_wconf 80' lang='grc' dir='ltr'>οὐδὲ,</span> <span class='ocrx_word' id='word_1_788' title='bbox 2589 3803 2664 3855; x_wconf 87' lang='lat' dir='ltr'>T6</span> <span class='ocrx_word' id='word_1_789' title='bbox 2714 3802 2807 3856; x_wconf 74' lang='grc' dir='ltr'>καὶ</span> <span class='ocrx_word' id='word_1_790' title='bbox 2864 3801 2927 3854; x_wconf 84' lang='grc' dir='ltr'>τὸ</span> <span class='ocrx_word' id='word_1_791' title='bbox 2956 3795 3405 3868; x_wconf 83' lang='grc' dir='ltr'>ἑπλημμέλησας,</span> <span class='ocrx_word' id='word_1_792' title='bbox 3455 3791 3567 3845; x_wconf 85' lang='grc' dir='ltr'>ἀλλ’</span> <span class='ocrx_word' id='word_1_793' title='bbox 3597 3790 3677 3844; x_wconf 71' lang='grc' dir='ltr'>ἑνὶ</span> 
     </span>
    </p>
   </div>
   <div class='ocr_carea' id='block_1_102' title="bbox 2103 3881 3676 3969">
    <p class='ocr_par' dir='ltr' id='par_1_102' title="bbox 2103 3881 3676 3969">
     <span class='ocr_line' id='line_1_102' title="bbox 2103 3881 3676 3969; baseline -0.011 -18"><span class='ocrx_word' id='word_1_794' title='bbox 2103 3897 2244 3969; x_wconf 73' lang='grc' dir='ltr'>ψιλῷ</span> <span class='ocrx_word' id='word_1_795' title='bbox 2273 3899 2474 3969; x_wconf 86' lang='grc' dir='ltr'>ῥήματι</span> <span class='ocrx_word' id='word_1_796' title='bbox 2499 3893 2656 3948; x_wconf 83' lang='grc' dir='ltr'>τοῦτο</span> <span class='ocrx_word' id='word_1_797' title='bbox 2683 3889 3053 3960; x_wconf 80' lang='grc' dir='ltr'>ἐνδειξάμενος</span> <span class='ocrx_word' id='word_1_798' title='bbox 3077 3887 3155 3956; x_wconf 85' lang='grc' dir='ltr'>τῷ</span> <span class='ocrx_word' id='word_1_799' title='bbox 3177 3901 3191 3913; x_wconf 89' lang='grc'>·</span> <span class='ocrx_word' id='word_1_800' title='bbox 3229 3884 3449 3952; x_wconf 77' lang='grc' dir='ltr'>Μηκέτι</span> <span class='ocrx_word' id='word_1_801' title='bbox 3494 3881 3676 3950; x_wconf 77' lang='grc' dir='ltr'>ἀμάρ-</span> 
     </span>
    </p>
   </div>
   <div class='ocr_carea' id='block_1_103' title="bbox 2104 3971 3675 4053">
    <p class='ocr_par' dir='ltr' id='par_1_103' title="bbox 2104 3971 3675 4053">
     <span class='ocr_line' id='line_1_103' title="bbox 2104 3971 3675 4053; baseline -0.016 -9"><span class='ocrx_word' id='word_1_802' title='bbox 2104 4005 2268 4053; x_wconf 70' lang='lat' dir='ltr'>tare,</span> <span class='ocrx_word' id='word_1_803' title='bbox 2301 3987 2394 4040; x_wconf 77' lang='grc' dir='ltr'>καὶ</span> <span class='ocrx_word' id='word_1_804' title='bbox 2437 3983 2687 4038; x_wconf 82' lang='grc' dir='ltr'>τοσοῦτον</span> <span class='ocrx_word' id='word_1_805' title='bbox 2741 3978 2929 4043; x_wconf 86' lang='grc' dir='ltr'>εἰπὼν,</span> <span class='ocrx_word' id='word_1_806' title='bbox 2972 3978 3092 4030; x_wconf 84' lang='grc' dir='ltr'>ὅσον</span> <span class='ocrx_word' id='word_1_807' title='bbox 3138 3974 3444 4044; x_wconf 85' lang='grc' dir='ltr'>ἀναμνῆσαι</span> <span class='ocrx_word' id='word_1_808' title='bbox 3495 3971 3675 4041; x_wconf 83' lang='grc' dir='ltr'>μόνον,</span> 
     </span>
    </p>
   </div>
   <div class='ocr_carea' id='block_1_104' title="bbox 2109 4061 3678 4146">
    <p class='ocr_par' dir='ltr' id='par_1_104' title="bbox 2109 4061 3678 4146">
     <span class='ocr_line' id='line_1_104' title="bbox 2109 4061 3678 4146; baseline -0.011 -14"><span class='ocrx_word' id='word_1_809' title='bbox 2109 4075 2519 4146; x_wconf 84' lang='grc' dir='ltr'>σπουδαιότερον</span> <span class='ocrx_word' id='word_1_810' title='bbox 2554 4072 2716 4125; x_wconf 81' lang='grc' dir='ltr'>αὐτὸν</span> <span class='ocrx_word' id='word_1_811' title='bbox 2744 4067 2878 4140; x_wconf 78' lang='grc' dir='ltr'>πρὸς</span> <span class='ocrx_word' id='word_1_812' title='bbox 2917 4067 2994 4122; x_wconf 30' lang='grc' dir='ltr'>τὸν</span> <span class='ocrx_word' id='word_1_813' title='bbox 3017 4064 3207 4137; x_wconf 87' lang='grc' dir='ltr'>μέλλον</span> <span class='ocrx_word' id='word_1_814' title='bbox 3239 4061 3550 4133; x_wconf 82' lang='grc' dir='ltr'>εἰργάσατο,</span> <span class='ocrx_word' id='word_1_815' title='bbox 3583 4061 3678 4114; x_wconf 74' lang='grc' dir='ltr'>καὶ</span> 
     </span>
    </p>
   </div>
   <div class='ocr_carea' id='block_1_105' title="bbox 2104 4151 3681 4243">
    <p class='ocr_par' dir='ltr' id='par_1_105' title="bbox 2104 4151 3681 4243">
     <span class='ocr_line' id='line_1_105' title="bbox 2104 4151 3681 4243; baseline -0.013 -18"><span class='ocrx_word' id='word_1_816' title='bbox 2104 4173 2202 4243; x_wconf 81' lang='grc' dir='ltr'>τὴν</span> <span class='ocrx_word' id='word_1_817' title='bbox 2249 4170 2346 4241; x_wconf 87' lang='grc' dir='ltr'>μὲν</span> <span class='ocrx_word' id='word_1_818' title='bbox 2388 4165 2664 4237; x_wconf 83' lang='grc' dir='ltr'>ὑπομονὴν</span> <span class='ocrx_word' id='word_1_819' title='bbox 2693 4161 2857 4216; x_wconf 88' lang='grc' dir='ltr'>αὐτοῦ</span> <span class='ocrx_word' id='word_1_820' title='bbox 2896 4159 2989 4214; x_wconf 79' lang='grc' dir='ltr'>καὶ</span> <span class='ocrx_word' id='word_1_821' title='bbox 3019 4158 3117 4229; x_wconf 83' lang='grc' dir='ltr'>τὴν</span> <span class='ocrx_word' id='word_1_822' title='bbox 3151 4155 3404 4226; x_wconf 87' lang='grc' dir='ltr'>ἀνδρείαν</span> <span class='ocrx_word' id='word_1_823' title='bbox 3446 4153 3538 4206; x_wconf 72' lang='grc' dir='ltr'>καὶ</span> <span class='ocrx_word' id='word_1_824' title='bbox 3578 4151 3681 4223; x_wconf 81' lang='grc' dir='ltr'>τὴν</span> 
     </span>
    </p>
   </div>
   <div class='ocr_carea' id='block_1_106' title="bbox 2106 4246 3682 4334">
    <p class='ocr_par' dir='ltr' id='par_1_106' title="bbox 2106 4246 3682 4334">
     <span class='ocr_line' id='line_1_106' title="bbox 2106 4246 3682 4334; baseline -0.013 -16"><span class='ocrx_word' id='word_1_825' title='bbox 2106 4261 2419 4334; x_wconf 85' lang='grc' dir='ltr'>φιλοσοφίαν</span> <span class='ocrx_word' id='word_1_826' title='bbox 2461 4261 2640 4312; x_wconf 84' lang='grc' dir='ltr'>πᾶσαν</span> <span class='ocrx_word' id='word_1_827' title='bbox 2667 4255 2831 4328; x_wconf 82' lang='grc' dir='ltr'>δήλην</span> <span class='ocrx_word' id='word_1_828' title='bbox 2859 4253 2988 4323; x_wconf 86' lang='grc' dir='ltr'>ἡμῖν</span> <span class='ocrx_word' id='word_1_829' title='bbox 3013 4247 3265 4320; x_wconf 88' lang='grc' dir='ltr'>ἐποίησεν</span> <span class='ocrx_word' id='word_1_830' title='bbox 3307 4248 3386 4310; x_wconf 91' lang='grc' dir='ltr'>εἰς</span> <span class='ocrx_word' id='word_1_831' title='bbox 3429 4246 3682 4316; x_wconf 81' lang='grc' dir='ltr'>ἀνάγκην</span> 
     </span>
    </p>
   </div>
   <div class='ocr_carea' id='block_1_107' title="bbox 2104 4337 3679 4420">
    <p class='ocr_par' dir='ltr' id='par_1_107' title="bbox 2104 4337 3679 4420">
     <span class='ocr_line' id='line_1_107' title="bbox 2104 4337 3679 4420; baseline -0.013 -12"><span class='ocrx_word' id='word_1_832' title='bbox 2104 4355 2264 4410; x_wconf 77' lang='grc' dir='ltr'>αὐτὸν</span> <span class='ocrx_word' id='word_1_833' title='bbox 2294 4350 2637 4420; x_wconf 86' lang='grc' dir='ltr'>καταστήσας</span> <span class='ocrx_word' id='word_1_834' title='bbox 2669 4345 2763 4399; x_wconf 89' lang='grc' dir='ltr'>τοῦ</span> <span class='ocrx_word' id='word_1_835' title='bbox 2795 4345 2974 4398; x_wconf 81' lang='grc' dir='ltr'>πᾶσαν</span> <span class='ocrx_word' id='word_1_836' title='bbox 2997 4338 3408 4410; x_wconf 85' lang='grc' dir='ltr'>ἐκτραγῳδῆσαι</span> <span class='ocrx_word' id='word_1_837' title='bbox 3427 4337 3525 4407; x_wconf 83' lang='grc' dir='ltr'>τὴν</span> <span class='ocrx_word' id='word_1_838' title='bbox 3547 4355 3679 4406; x_wconf 79' lang='grc' dir='ltr'>συμ-</span> 
     </span>
    </p>
   </div>
   <div class='ocr_carea' id='block_1_108' title="bbox 2107 4427 3671 4516">
    <p class='ocr_par' dir='ltr' id='par_1_108' title="bbox 2107 4427 3671 4516">
     <span class='ocr_line' id='line_1_108' title="bbox 2107 4427 3671 4516; baseline -0.012 -19"><span class='ocrx_word' id='word_1_839' title='bbox 2107 4444 2298 4516; x_wconf 86' lang='grc' dir='ltr'>φοράν,</span> <span class='ocrx_word' id='word_1_840' title='bbox 2335 4442 2430 4494; x_wconf 76' lang='grc' dir='ltr'>καὶ</span> <span class='ocrx_word' id='word_1_841' title='bbox 2458 4440 2558 4510; x_wconf 80' lang='grc' dir='ltr'>τὴν</span> <span class='ocrx_word' id='word_1_842' title='bbox 2601 4435 2834 4506; x_wconf 84' lang='grc' dir='ltr'>σπουδὴν</span> <span class='ocrx_word' id='word_1_843' title='bbox 2877 4431 3278 4502; x_wconf 84' lang='grc' dir='ltr'>ἐπιδειξάμενος</span> <span class='ocrx_word' id='word_1_844' title='bbox 3319 4427 3414 4500; x_wconf 83' lang='grc' dir='ltr'>τὴν</span> <span class='ocrx_word' id='word_1_845' title='bbox 3447 4427 3671 4480; x_wconf 80' lang='grc' dir='ltr'>ἑαυτοῦ·</span> 
     </span>
    </p>
   </div>
   <div class='ocr_carea' id='block_1_109' title="bbox 2119 4517 3680 4604">
    <p class='ocr_par' dir='ltr' id='par_1_109' title="bbox 2119 4517 3680 4604">
     <span class='ocr_line' id='line_1_109' title="bbox 2119 4517 3680 4604; baseline -0.013 -15"><span class='ocrx_word' id='word_1_846' title='bbox 2119 4539 2215 4590; x_wconf 80' lang='grc' dir='ltr'>Ἐν</span> <span class='ocrx_word' id='word_1_847' title='bbox 2244 4528 2292 4602; x_wconf 80' lang='grc' dir='ltr'><strong>ᾧ</strong></span> <span class='ocrx_word' id='word_1_848' title='bbox 2321 4533 2449 4604; x_wconf 76' lang='grc' dir='ltr'>γὰρ,</span> <span class='ocrx_word' id='word_1_849' title='bbox 2483 4530 2666 4601; x_wconf 81' lang='grc' dir='ltr'>φησὶν,</span> <span class='ocrx_word' id='word_1_850' title='bbox 2695 4527 2808 4597; x_wconf 63' lang='grc' dir='ltr'>ἐγὼ</span> <span class='ocrx_word' id='word_1_851' title='bbox 2852 4525 3114 4594; x_wconf 79' lang='grc' dir='ltr'>ἔρχομαι,</span> <span class='ocrx_word' id='word_1_852' title='bbox 3149 4523 3336 4586; x_wconf 76' lang='grc' dir='ltr'>ἄλλος</span> <span class='ocrx_word' id='word_1_853' title='bbox 3379 4519 3488 4587; x_wconf 81' lang='grc' dir='ltr'>πρὸ</span> <span class='ocrx_word' id='word_1_854' title='bbox 3531 4517 3680 4586; x_wconf 78' lang='grc' dir='ltr'>ἐμοῦ</span> 
     </span>
    </p>
   </div>
   <div class='ocr_carea' id='block_1_110' title="bbox 2107 4609 3672 4690">
    <p class='ocr_par' dir='ltr' id='par_1_110' title="bbox 2107 4609 3672 4690">
     <span class='ocr_line' id='line_1_110' title="bbox 2107 4609 3672 4690; baseline -0.015 -6"><span class='ocrx_word' id='word_1_855' title='bbox 2107 4626 2442 4684; x_wconf 80' lang='grc' dir='ltr'>καταϐαίνει</span> <span class='ocrx_word' id='word_1_856' title='bbox 2465 4639 2482 4656; x_wconf 94' lang='grc'>·</span> <span class='ocrx_word' id='word_1_857' title='bbox 2514 4622 2584 4676; x_wconf 83' lang='grc' dir='ltr'>τά</span> <span class='ocrx_word' id='word_1_858' title='bbox 2621 4620 2679 4674; x_wconf 87' lang='grc' dir='ltr'>δέ</span> <span class='ocrx_word' id='word_1_859' title='bbox 2722 4619 3090 4690; x_wconf 85' lang='grc' dir='ltr'>ἁμαρτήματα</span> <span class='ocrx_word' id='word_1_860' title='bbox 3120 4615 3220 4668; x_wconf 88' lang='grc' dir='ltr'>οὐκ</span> <span class='ocrx_word' id='word_1_861' title='bbox 3248 4609 3672 4680; x_wconf 83' lang='grc' dir='ltr'>ἐξεπόμπευσεν.</span> 
     </span>
    </p>
   </div>
   <div class='ocr_carea' id='block_1_111' title="bbox 2108 4701 3678 4789">
    <p class='ocr_par' dir='ltr' id='par_1_111' title="bbox 2108 4701 3678 4789">
     <span class='ocr_line' id='line_1_111' title="bbox 2108 4701 3678 4789; baseline -0.015 -15"><span class='ocrx_word' id='word_1_862' title='bbox 2108 4721 2317 4789; x_wconf 82' lang='grc' dir='ltr'>Ὥσπερ</span> <span class='ocrx_word' id='word_1_863' title='bbox 2347 4717 2452 4787; x_wconf 84' lang='grc' dir='ltr'>γάρ</span> <span class='ocrx_word' id='word_1_864' title='bbox 2483 4715 2642 4786; x_wconf 84' lang='grc' dir='ltr'>ἡμεῖς</span> <span class='ocrx_word' id='word_1_865' title='bbox 2671 4709 2974 4782; x_wconf 89' lang='grc' dir='ltr'>βουλόμεθα</span> <span class='ocrx_word' id='word_1_866' title='bbox 3007 4709 3074 4761; x_wconf 82' lang='grc' dir='ltr'>τὰ</span> <span class='ocrx_word' id='word_1_867' title='bbox 3100 4706 3344 4778; x_wconf 83' lang='grc' dir='ltr'>ἡμέτερα</span> <span class='ocrx_word' id='word_1_868' title='bbox 3391 4701 3678 4764; x_wconf 80' lang='grc' dir='ltr'>συσκιάζε·</span> 
     </span>
    </p>
   </div>
   <div class='ocr_carea' id='block_1_112' title="bbox 2109 4789 3679 4873">
    <p class='ocr_par' dir='ltr' id='par_1_112' title="bbox 2109 4789 3679 4873">
     <span class='ocr_line' id='line_1_112' title="bbox 2109 4789 3679 4873; baseline -0.015 -9"><span class='ocrx_word' id='word_1_869' title='bbox 2109 4810 2252 4873; x_wconf 91' lang='grc' dir='ltr'>σθαι,</span> <span class='ocrx_word' id='word_1_870' title='bbox 2278 4807 2418 4860; x_wconf 75' lang='grc' dir='ltr'>οὕτω</span> <span class='ocrx_word' id='word_1_871' title='bbox 2465 4805 2558 4856; x_wconf 78' lang='grc' dir='ltr'>καὶ</span> <span class='ocrx_word' id='word_1_872' title='bbox 2607 4804 2636 4854; x_wconf 90' lang='lat'>6</span> <span class='ocrx_word' id='word_1_873' title='bbox 2683 4799 2816 4860; x_wconf 83' lang='grc' dir='ltr'>Θεὸς</span> <span class='ocrx_word' id='word_1_874' title='bbox 2867 4795 3046 4865; x_wconf 85' lang='grc' dir='ltr'>πολλῷ</span> <span class='ocrx_word' id='word_1_875' title='bbox 3079 4795 3238 4848; x_wconf 86' lang='grc' dir='ltr'>πλέον</span> <span class='ocrx_word' id='word_1_876' title='bbox 3283 4793 3316 4864; x_wconf 83' lang='grc' dir='ltr'>ἢ</span> <span class='ocrx_word' id='word_1_877' title='bbox 3366 4794 3554 4864; x_wconf 74' lang='grc' dir='ltr'>ἡμεῖς·</span> <span class='ocrx_word' id='word_1_878' title='bbox 3591 4789 3679 4842; x_wconf 70' lang='grc' dir='ltr'>διὰ</span> 
     </span>
    </p>
   </div>
   <div class='ocr_carea' id='block_1_113' title="bbox 2106 4883 3683 4969">
    <p class='ocr_par' dir='ltr' id='par_1_113' title="bbox 2106 4883 3683 4969">
     <span class='ocr_line' id='line_1_113' title="bbox 2106 4883 3683 4969; baseline -0.015 -14"><span class='ocrx_word' id='word_1_879' title='bbox 2106 4900 2263 4954; x_wconf 82' lang='grc' dir='ltr'>τοῦτο</span> <span class='ocrx_word' id='word_1_880' title='bbox 2291 4897 2387 4969; x_wconf 75' lang='grc' dir='ltr'>τήν</span> <span class='ocrx_word' id='word_1_881' title='bbox 2414 4895 2513 4965; x_wconf 83' lang='grc' dir='ltr'>μὲν</span> <span class='ocrx_word' id='word_1_882' title='bbox 2544 4891 2838 4964; x_wconf 86' lang='grc' dir='ltr'>θεραπείαν</span> <span class='ocrx_word' id='word_1_883' title='bbox 2865 4887 2955 4941; x_wconf 73' lang='grc' dir='ltr'>ἐπὶ</span> <span class='ocrx_word' id='word_1_884' title='bbox 2987 4887 3200 4941; x_wconf 88' lang='grc' dir='ltr'>πάντων</span> <span class='ocrx_word' id='word_1_885' title='bbox 3238 4886 3550 4954; x_wconf 83' lang='grc' dir='ltr'>ἐποιήσατο,</span> <span class='ocrx_word' id='word_1_886' title='bbox 3581 4883 3683 4952; x_wconf 54' lang='lat' dir='ltr'>tim</span> 
     </span>
    </p>
   </div>
   <div class='ocr_carea' id='block_1_114' title="bbox 2107 4978 3674 5062">
    <p class='ocr_par' dir='ltr' id='par_1_114' title="bbox 2107 4978 3674 5062">
     <span class='ocr_line' id='line_1_114' title="bbox 2107 4978 3674 5062; baseline -0.012 -14"><span class='ocrx_word' id='word_1_887' title='bbox 2107 4994 2163 5048; x_wconf 89' lang='grc' dir='ltr'>δέ</span> <span class='ocrx_word' id='word_1_888' title='bbox 2208 4989 2526 5062; x_wconf 86' lang='grc' dir='ltr'>παραίνεσιν</span> <span class='ocrx_word' id='word_1_889' title='bbox 2573 4986 2608 5056; x_wconf 79' lang='grc' dir='ltr'><strong>ἢ</strong></span> <span class='ocrx_word' id='word_1_890' title='bbox 2659 4984 2758 5056; x_wconf 78' lang='grc' dir='ltr'>τήν</span> <span class='ocrx_word' id='word_1_891' title='bbox 2807 4979 3113 5052; x_wconf 84' lang='grc' dir='ltr'>συμϐουλὴν</span> <span class='ocrx_word' id='word_1_892' title='bbox 3145 4978 3386 5034; x_wconf 85' lang='grc' dir='ltr'>κατιδίαν</span> <span class='ocrx_word' id='word_1_893' title='bbox 3421 4978 3674 5030; x_wconf 82' lang='grc' dir='ltr'>ποιεῖται.</span> 
     </span>
    </p>
   </div>
   <div class='ocr_carea' id='block_1_115' title="bbox 2107 5069 3682 5149">
    <p class='ocr_par' dir='ltr' id='par_1_115' title="bbox 2107 5069 3682 5149">
     <span class='ocr_line' id='line_1_115' title="bbox 2107 5069 3682 5149; baseline -0.014 -10"><span class='ocrx_word' id='word_1_894' title='bbox 2107 5084 2370 5139; x_wconf 82' lang='grc' dir='ltr'>Οὐδέποτε</span> <span class='ocrx_word' id='word_1_895' title='bbox 2418 5077 2526 5149; x_wconf 89' lang='grc' dir='ltr'>γὰρ</span> <span class='ocrx_word' id='word_1_896' title='bbox 2571 5075 2729 5146; x_wconf 84' lang='grc' dir='ltr'>ἡμῶν</span> <span class='ocrx_word' id='word_1_897' title='bbox 2779 5070 3115 5142; x_wconf 78' lang='grc' dir='ltr'>ἐκπομπεύει</span> <span class='ocrx_word' id='word_1_898' title='bbox 3159 5070 3229 5122; x_wconf 84' lang='grc' dir='ltr'>τά</span> <span class='ocrx_word' id='word_1_899' title='bbox 3272 5069 3682 5139; x_wconf 83' lang='grc' dir='ltr'>ἁμαρτήματα,</span> 
     </span>
    </p>
   </div>
   <div class='ocr_carea' id='block_1_116' title="bbox 2105 5157 3677 5246">
    <p class='ocr_par' dir='ltr' id='par_1_116' title="bbox 2105 5157 3677 5246">
     <span class='ocr_line' id='line_1_116' title="bbox 2105 5157 3677 5246; baseline -0.013 -17"><span class='ocrx_word' id='word_1_900' title='bbox 2105 5177 2244 5246; x_wconf 80' lang='grc' dir='ltr'>πλὴν</span> <span class='ocrx_word' id='word_1_901' title='bbox 2272 5175 2322 5227; x_wconf 88' lang='grc' dir='ltr'>εί</span> <span class='ocrx_word' id='word_1_902' title='bbox 2353 5173 2427 5242; x_wconf 85' lang='grc' dir='ltr'>μή</span> <span class='ocrx_word' id='word_1_903' title='bbox 2456 5185 2586 5222; x_wconf 88' lang='grc' dir='ltr'>ποτε</span> <span class='ocrx_word' id='word_1_904' title='bbox 2619 5167 2716 5220; x_wconf 82' lang='grc' dir='ltr'>ἴδοι</span> <span class='ocrx_word' id='word_1_905' title='bbox 2745 5163 3086 5234; x_wconf 88' lang='grc' dir='ltr'>ἀναισθήτως</span> <span class='ocrx_word' id='word_1_906' title='bbox 3117 5161 3336 5234; x_wconf 78' lang='grc' dir='ltr'>ἔχοντας</span> <span class='ocrx_word' id='word_1_907' title='bbox 3364 5160 3498 5231; x_wconf 72' lang='grc' dir='ltr'>πρὸς</span> <span class='ocrx_word' id='word_1_908' title='bbox 3518 5157 3677 5211; x_wconf 88' lang='grc' dir='ltr'>αὐτά.</span> 
     </span>
    </p>
   </div>
   <div class='ocr_carea' id='block_1_117' title="bbox 2105 5249 3682 5335">
    <p class='ocr_par' dir='ltr' id='par_1_117' title="bbox 2105 5249 3682 5335">
     <span class='ocr_line' id='line_1_117' title="bbox 2105 5249 3682 5335; baseline -0.013 -15"><span class='ocrx_word' id='word_1_909' title='bbox 2105 5268 2214 5322; x_wconf 72' lang='grc' dir='ltr'>Καὶ</span> <span class='ocrx_word' id='word_1_910' title='bbox 2239 5265 2346 5335; x_wconf 82' lang='grc' dir='ltr'>γάρ</span> <span class='ocrx_word' id='word_1_911' title='bbox 2373 5264 2499 5315; x_wconf 86' lang='grc' dir='ltr'>ὅταν</span> <span class='ocrx_word' id='word_1_912' title='bbox 2527 5260 2686 5331; x_wconf 84' lang='grc' dir='ltr'>λέγῃ·</span> <span class='ocrx_word' id='word_1_913' title='bbox 2721 5253 3024 5312; x_wconf 74' lang='grc' dir='ltr'>Πεινῶντὰ</span> <span class='ocrx_word' id='word_1_914' title='bbox 3063 5271 3139 5324; x_wconf 81' lang='grc' dir='ltr'>με</span> <span class='ocrx_word' id='word_1_915' title='bbox 3176 5253 3384 5316; x_wconf 75' lang='grc' dir='ltr'>εἴδετε,</span> <span class='ocrx_word' id='word_1_916' title='bbox 3419 5250 3516 5304; x_wconf 80' lang='grc' dir='ltr'>καὶ</span> <span class='ocrx_word' id='word_1_917' title='bbox 3569 5249 3682 5301; x_wconf 54' lang='grc' dir='ltr'>οὐκ</span> 
     </span>
    </p>
   </div>
   <div class='ocr_carea' id='block_1_118' title="bbox 2107 5341 3686 5431">
    <p class='ocr_par' dir='ltr' id='par_1_118' title="bbox 2107 5341 3686 5431">
     <span class='ocr_line' id='line_1_118' title="bbox 2107 5341 3686 5431; baseline -0.015 -18"><span class='ocrx_word' id='word_1_918' title='bbox 2107 5358 2224 5431; x_wconf 77' lang='grc' dir='ltr'>[⁸5η</span> <span class='ocrx_word' id='word_1_919' title='bbox 2253 5354 2541 5424; x_wconf 68' lang='grc' dir='ltr'>ἐθρέψατε</span> <span class='ocrx_word' id='word_1_920' title='bbox 2567 5369 2578 5380; x_wconf 90' lang='grc'>·</span> <span class='ocrx_word' id='word_1_921' title='bbox 2609 5351 2708 5406; x_wconf 82' lang='grc' dir='ltr'>καί</span> <span class='ocrx_word' id='word_1_922' title='bbox 2745 5347 3032 5420; x_wconf 68' lang='grc' dir='ltr'>διψῶντα,</span> <span class='ocrx_word' id='word_1_923' title='bbox 3069 5347 3168 5402; x_wconf 80' lang='grc' dir='ltr'>καὶ</span> <span class='ocrx_word' id='word_1_924' title='bbox 3203 5347 3316 5398; x_wconf 83' lang='grc' dir='ltr'>οὐκ</span> <span class='ocrx_word' id='word_1_925' title='bbox 3342 5341 3686 5400; x_wconf 79' lang='grc' dir='ltr'>ἐποτίσατε,</span> 
     </span>
    </p>
   </div>
   <div class='ocr_carea' id='block_1_119' title="bbox 2103 5429 3686 5512">
    <p class='ocr_par' dir='ltr' id='par_1_119' title="bbox 2103 5429 3686 5512">
     <span class='ocr_line' id='line_1_119' title="bbox 2103 5429 3686 5512; baseline -0.015 -10"><span class='ocrx_word' id='word_1_926' title='bbox 2103 5429 2191 5503; x_wconf 75' lang='grc' dir='ltr'>διὰ</span> <span class='ocrx_word' id='word_1_927' title='bbox 2209 5429 2371 5500; x_wconf 79' lang='grc' dir='ltr'>τοῦτο</span> <span class='ocrx_word' id='word_1_928' title='bbox 2390 5443 2534 5512; x_wconf 88' lang='grc' dir='ltr'>λέγει</span> <span class='ocrx_word' id='word_1_929' title='bbox 2568 5441 2707 5496; x_wconf 87' lang='grc' dir='ltr'>κατά</span> <span class='ocrx_word' id='word_1_930' title='bbox 2727 5441 2816 5493; x_wconf 80' lang='grc' dir='ltr'>τὸν</span> <span class='ocrx_word' id='word_1_931' title='bbox 2837 5439 3077 5510; x_wconf 82' lang='grc' dir='ltr'>παρόντα</span> <span class='ocrx_word' id='word_1_932' title='bbox 3103 5434 3312 5505; x_wconf 59' lang='grc' dir='ltr'>καιρὸν,</span> <span class='ocrx_word' id='word_1_933' title='bbox 3339 5433 3422 5484; x_wconf 78' lang='grc' dir='ltr'>ἵνα</span> <span class='ocrx_word' id='word_1_934' title='bbox 3448 5430 3520 5499; x_wconf 82' lang='grc' dir='ltr'>μὴ</span> <span class='ocrx_word' id='word_1_935' title='bbox 3543 5429 3686 5488; x_wconf 70' lang='grc' dir='ltr'>κατὰ</span> 
     </span>
    </p>
   </div>
   <div class='ocr_carea' id='block_1_120' title="bbox 2105 5521 3676 5610">
    <p class='ocr_par' dir='ltr' id='par_1_120' title="bbox 2105 5521 3676 5610">
     <span class='ocr_line' id='line_1_120' title="bbox 2105 5521 3676 5610; baseline -0.013 -14"><span class='ocrx_word' id='word_1_936' title='bbox 2105 5541 2196 5596; x_wconf 80' lang='grc' dir='ltr'>τὸν</span> <span class='ocrx_word' id='word_1_937' title='bbox 2247 5537 2508 5610; x_wconf 87' lang='grc' dir='ltr'>μέλλοντα</span> <span class='ocrx_word' id='word_1_938' title='bbox 2577 5533 2779 5587; x_wconf 88' lang='grc' dir='ltr'>τούτων</span> <span class='ocrx_word' id='word_1_939' title='bbox 2831 5526 3193 5598; x_wconf 86' lang='grc' dir='ltr'>ἀκουσώμεθα</span> <span class='ocrx_word' id='word_1_940' title='bbox 3238 5523 3345 5576; x_wconf 85' lang='grc' dir='ltr'>τῶν</span> <span class='ocrx_word' id='word_1_941' title='bbox 3402 5521 3676 5592; x_wconf 80' lang='grc' dir='ltr'>ῥημάτων.</span> 
     </span>
    </p>
   </div>
   <div class='ocr_carea' id='block_1_121' title="bbox 2117 5613 3687 5696">
    <p class='ocr_par' dir='ltr' id='par_1_121' title="bbox 2117 5613 3687 5696">
     <span class='ocr_line' id='line_1_121' title="bbox 2117 5613 3687 5696; baseline -0.015 -8"><span class='ocrx_word' id='word_1_942' title='bbox 2117 5633 2371 5694; x_wconf 86' lang='grc' dir='ltr'>Ἀπειλεῖ,</span> <span class='ocrx_word' id='word_1_943' title='bbox 2409 5624 2747 5696; x_wconf 86' lang='grc' dir='ltr'>ἐκπομπεύει</span> <span class='ocrx_word' id='word_1_944' title='bbox 2780 5623 3032 5684; x_wconf 80' lang='grc' dir='ltr'>ἐνταῦθα,</span> <span class='ocrx_word' id='word_1_945' title='bbox 3057 5621 3144 5674; x_wconf 85' lang='grc' dir='ltr'>ἵνα</span> <span class='ocrx_word' id='word_1_946' title='bbox 3203 5617 3276 5688; x_wconf 85' lang='grc' dir='ltr'>μὴ</span> <span class='ocrx_word' id='word_1_947' title='bbox 3323 5613 3687 5686; x_wconf 75' lang='grc' dir='ltr'>ἐκπομπεύσῃ</span> 
     </span>
    </p>
   </div>
   <div class='ocr_carea' id='block_1_122' title="bbox 2109 5705 3682 5790">
    <p class='ocr_par' dir='ltr' id='par_1_122' title="bbox 2109 5705 3682 5790">
     <span class='ocr_line' id='line_1_122' title="bbox 2109 5705 3682 5790; baseline -0.017 -9"><span class='ocrx_word' id='word_1_948' title='bbox 2109 5727 2250 5780; x_wconf 82' lang='grc' dir='ltr'>ἐκεῖ·</span> <span class='ocrx_word' id='word_1_949' title='bbox 2277 5723 2468 5790; x_wconf 83' lang='grc' dir='ltr'>ὥσπερ</span> <span class='ocrx_word' id='word_1_950' title='bbox 2503 5714 2594 5771; x_wconf 80' lang='grc' dir='ltr'>οῦν</span> <span class='ocrx_word' id='word_1_951' title='bbox 2622 5717 2714 5770; x_wconf 74' lang='grc' dir='ltr'>καὶ</span> <span class='ocrx_word' id='word_1_952' title='bbox 2737 5713 3106 5783; x_wconf 62' lang='grc' dir='ltr'>καταστρέψαι</span> <span class='ocrx_word' id='word_1_953' title='bbox 3133 5711 3218 5764; x_wconf 74' lang='grc' dir='ltr'>διὰ</span> <span class='ocrx_word' id='word_1_954' title='bbox 3239 5708 3391 5762; x_wconf 85' lang='grc' dir='ltr'>τοῦτο</span> <span class='ocrx_word' id='word_1_955' title='bbox 3422 5705 3682 5776; x_wconf 66' lang='grc' dir='ltr'>ἠπείλησε</span> 
     </span>
    </p>
   </div>
   <div class='ocr_carea' id='block_1_123' title="bbox 2111 5792 3684 5886">
    <p class='ocr_par' dir='ltr' id='par_1_123' title="bbox 2111 5792 3684 5886">
     <span class='ocr_line' id='line_1_123' title="bbox 2111 5792 3684 5886; baseline -0.018 -16"><span class='ocrx_word' id='word_1_956' title='bbox 2111 5817 2209 5886; x_wconf 84' lang='grc' dir='ltr'>τὴν</span> <span class='ocrx_word' id='word_1_957' title='bbox 2235 5813 2338 5866; x_wconf 87' lang='grc' dir='ltr'>τῶν</span> <span class='ocrx_word' id='word_1_958' title='bbox 2367 5807 2662 5864; x_wconf 83' lang='grc' dir='ltr'>Νινευιτῶν</span> <span class='ocrx_word' id='word_1_959' title='bbox 2695 5805 2868 5870; x_wconf 80' lang='grc' dir='ltr'>πόλιν,</span> <span class='ocrx_word' id='word_1_960' title='bbox 2887 5805 2972 5857; x_wconf 81' lang='grc' dir='ltr'>ἵνα</span> <span class='ocrx_word' id='word_1_961' title='bbox 2996 5803 3069 5873; x_wconf 82' lang='grc' dir='ltr'>μὴ</span> <span class='ocrx_word' id='word_1_962' title='bbox 3093 5799 3460 5870; x_wconf 69' lang='grc' dir='ltr'>καταστρέψῃ.</span> <span class='ocrx_word' id='word_1_963' title='bbox 3489 5796 3547 5846; x_wconf 85' lang='grc' dir='ltr'>Εἰ</span> <span class='ocrx_word' id='word_1_964' title='bbox 3575 5792 3684 5861; x_wconf 78' lang='grc' dir='ltr'>γὰρ</span> 
     </span>
    </p>
   </div>
   <div class='ocr_carea' id='block_1_124' title="bbox 2113 5880 3680 5979">
    <p class='ocr_par' dir='ltr' id='par_1_124' title="bbox 2113 5880 3680 5979">
     <span class='ocr_line' id='line_1_124' title="bbox 2113 5880 3680 5979; baseline -0.013 -19"><span class='ocrx_word' id='word_1_965' title='bbox 2113 5907 2368 5979; x_wconf 67' lang='grc' dir='ltr'>ῆϐούλετο</span> <span class='ocrx_word' id='word_1_966' title='bbox 2409 5899 2748 5973; x_wconf 77' lang='grc' dir='ltr'>δημοσιεύ;ιν</span> <span class='ocrx_word' id='word_1_967' title='bbox 2780 5897 2934 5969; x_wconf 73' lang='grc' dir='ltr'>ἡμῶν</span> <span class='ocrx_word' id='word_1_968' title='bbox 2969 5896 3034 5949; x_wconf 74' lang='grc' dir='ltr'>τά</span> <span class='ocrx_word' id='word_1_969' title='bbox 3068 5895 3452 5966; x_wconf 69' lang='grc' dir='ltr'>ἁμαρτήματα,</span> <span class='ocrx_word' id='word_1_970' title='bbox 3479 5885 3579 5936; x_wconf 70' lang='grc' dir='ltr'>οὐκ</span> <span class='ocrx_word' id='word_1_971' title='bbox 3617 5880 3680 5933; x_wconf 69' lang='grc' dir='ltr'>ἂν</span> 
     </span>
    </p>
   </div>
  </div>
