4066 6274
454 353 524 409 55
1121 350 1178 405 S.
1214 347 1500 406 JOANNIS
1536 348 2028 406 CIIRYSOSTOMI
2063 349 2388 412 ARCIHEP.
2432 357 2979 416 CONSTA-NTINOP.
3649 366 3720 423 5‘

451 472 732 541 προεῖπεν,
760 471 838 525 ὅτι
873 470 1214 541 δημοσιεύσει
1241 489 1252 502 ·
1277 471 1371 525 νῦν
1394 472 1448 524 δέ
1474 472 1562 525 διά
1582 471 1739 525 τοῦτο
1758 471 2032 542 προλέγει,

447 563 532 615 ἵνα
565 560 643 631 τῷ
665 560 812 631 φόϐῳ
837 559 937 629 τῆς
965 559 1363 630 δημοσιεύσεως
1400 560 1636 632 ἐκείνης,
1662 561 1708 612 εἰ
1737 560 1830 612 καὶ
1861 559 1934 629 μὴ

449 654 599 722 φόϐῳ
652 653 752 722 τῆς
805 651 1074 714 κολάσεως
1118 652 1598 723 σωφρονισθέντες,
1640 649 2032 719 ἀπονιψὼμεθα

450 746 686 797 ἅπαντα.
721 742 891 795 Τοῦτο
920 743 1012 794 καὶ
1036 743 1126 794 ἐπὶ
1149 743 1241 795 τοῦ
1275 741 1650 812 βαπτίσματος
1674 741 1909 808 γίνεται·
1943 739 2034 791 καὶ

445 838 554 906 γὰρ
603 837 724 904 ἄγει
772 836 908 906 πρὸς
952 834 1050 906 τὴν
1093 834 1477 907 κολυμϐήθραν
1523 834 1631 887 τῶν
1684 832 1892 886 ὑδάτων
1944 829 2032 884 τὸν

442 929 745 1000 ἄνθρωπον,
761 927 935 980 οὐδενὶ
952 926 1089 997 δῆλα
1111 929 1338 997 ποιήσας
1361 925 1524 980 αὑτοῦ
1547 924 1614 978 τά
1633 924 1851 996 ἀμαρτή
1862 940 2028 993 ματα,

440 1020 577 1073 ἀλλά
619 1021 718 1090 τὴν
755 1020 853 1090 μὲν
897 1017 1104 1090 δωρεάν
1151 1019 1285 1072 πᾶσι
1317 1016 1608 1086 καθίστησι
1640 1014 1898 1085 φανεράν,
1935 1013 2030 1066 καὶ

441 1115 588 1167 ποιεῖ
625 1113 809 1182 δήλην,
835 1112 903 1165 τά
935 1111 991 1164 δὲ
1023 1112 1395 1183 ἁμαρτήματα
1423 1107 1560 1178 πλὴν
1591 1107 1755 1162 αὑτοῦ
1801 1106 1896 1159 καὶ
1935 1105 2030 1158 τοῦ

440 1205 538 1276 τὴν
595 1205 789 1272 ἄφεσιν
837 1202 1200 1273 λαμϐάνοντος
1250 1201 1422 1264 οὑδεὶς
1469 1200 1656 1271 ἕτερος
1703 1194 1832 1254 οἶδε.
1861 1198 2030 1250 Τοῦτο

443 1295 537 1348 καὶ
569 1295 661 1347 ἐπὶ
691 1293 878 1347 τούτου
910 1293 1120 1362 γέγονε,
1158 1293 1253 1346 καὶ
1294 1293 1612 1364 ἀμάρτυρον
1658 1292 1892 1343 ποιεῖται
1936 1287 2028 1341 τὸν

442 1385 684 1455 ἔλεγχον,
719 1383 920 1454 μᾶλλον
954 1383 1011 1435 δέ
1043 1384 1142 1436 οὑκ
1164 1382 1384 1452 ἐλεγχος
1412 1383 1591 1453 μόνον,
1625 1380 1758 1434 ἀλλά
1786 1381 1880 1433 καὶ
1902 1380 2028 1432 ἀπο-

439 1475 596 1543 λογία
619 1475 678 1527 10
709 1474 994 1545 εἰρημένον
1021 1474 1184 1539 ἐστὶν,
1216 1472 1402 1543 ὥσπερ
1434 1473 1577 1542 ὑπὲρ
1619 1473 1718 1541 τῆς
1756 1469 2027 1540 τοσαύτης

442 1567 735 1630 κακώσεως
755 1564 1190 1635 ἀπολογούμενος
1210 1566 1303 1617 καὶ
1313 1564 1486 1631 λέγων
1509 1562 2021 1633 αὑτῴ,καὶ,δεικνὺς,

441 1659 523 1709 011
568 1657 627 1708 οὗ
673 1655 872 1725 μάτην,
904 1654 1024 1706 οὑδὲ
1070 1653 1193 1724 εἰκῆ
1242 1652 1495 1705 τοσοῦτον
1539 1653 1701 1706 αὑτὸν
1751 1648 2019 1720 ἐπέτρεψε

445 1744 760 1814 κακωθῆναι
816 1744 1039 1814 χρόνον,
1093 1743 1201 1795 τῶν
1253 1743 1664 1814 ἁμαρτημάτων
1721 1742 2024 1811 ἀνέμνησεν

443 1835 624 1897 αὑτὸν,
662 1834 755 1886 καὶ
799 1835 897 1905 τήν
935 1836 1112 1888 αἰτίαν
1141 1829 1260 1887 εἷπε
1303 1834 1404 1904 τῆς
1454 1833 1782 1904 ἀρρωστίας.
1816 1830 2024 1900 Εὐρὼν

441 1929 548 1998 γάρ
610 1929 814 1991 αὑτὸν,
881 1929 1066 1998 φησὶν,
1126 1928 1196 1980 ἐν
1247 1925 1328 1993 τῷ
1386 1926 1539 1994 ἱερῷ,
1597 1923 1764 1980 εἶπεν
1817 1923 2018 1989 αὐτῷ’

438 2021 662 2090 Μηκέτι
696 2020 1025 2090 ἁμάρτανε,
1076 2020 1176 2072 ἵνα
1211 2017 1296 2088 μὴ
1342 2017 1544 2086 χεῖρόν
1599 2017 1655 2070 τί
1703 2032 1801 2070 σοι
1847 2015 2020 2086 γένη-

439 2129 552 2166 nu.

522 2204 674 2258 Ἑπεί
705 2199 795 2256 οῦν
823 2202 1060 2256 τοσαῦτα
1083 2201 1527 2273 ἐκαρπωσὰμεθα
1553 2203 1617 2256 ἐκ
1635 2203 1728 2256 τοῦ
1755 2206 2017 2277 προτέρου

441 2296 770 2367 παραλύτου,
803 2296 932 2368 φέρε
972 2294 1213 2364 ἔλθωμεν
1248 2294 1341 2346 καὶ
1381 2295 1464 2362 ἐφ’
1487 2294 1671 2365 ἕτερον
1718 2295 1820 2350 κᾶν
1867 2297 2018 2366 παρά

436 2389 516 2459 τῷ
541 2387 801 2457 ἓιιατθαίῳ
835 2387 1102 2455 κείμενον.
1130 2385 1236 2437 Καὶ
1263 2385 1371 2456 γὰρ
1402 2387 1494 2436 καὶ
1523 2386 1578 2438 ἐν
1601 2389 1710 2447 τοῖς
1738 2387 2018 2456 μετάλλοις

437 2482 679 2549 ὅπουπερ
711 2479 773 2531 ἂν
803 2478 951 2548 εῦροι
977 2495 1057 2539 τις
1085 2475 1326 2546 χρυσίον,
1355 2475 1518 2526 πλέον
1543 2478 1656 2527 ἐκεῖ
1692 2476 2016 2530 διασκάπτει

438 2571 598 2623 πάλιν
620 2584 632 2597 ⁸
670 2570 765 2621 καὶ
795 2564 910 2620 οἶδα
940 2567 1038 2636 μὲν
1066 2567 1146 2618 ὅτι
1174 2565 1358 2617 πολλοὶ
1391 2565 1500 2616 τῶν
1533 2567 1716 2630 ἁπλῶς
1749 2570 2016 2636 ἀναγινωο

441 2663 673 2715 σκόντων
699 2660 794 2712 ’ένα
820 2657 912 2711 καὶ
937 2656 1024 2709 τὸν
1055 2657 1213 2709 αὑτὸν
1235 2651 1371 2708 εἶναι
1402 2656 1678 2726 νομίζουσι
1705 2657 2015 2728 παράλυτον

440 2751 590 2821 παρὰ
643 2753 751 2812 τοῖς
794 2749 1082 2818 τέσσαρσιν
1128 2746 1533 2814 εύαγγελισταῖς
1581 2748 1864 2818 κείμενον⁸
1915 2749 2016 2802 οὑκ

437 2843 551 2897 ἐστι
593 2843 669 2894 δέ.
713 2841 802 2894 Διὸ
845 2841 950 2910 χρὴ
997 2839 1341 2908 διαναστῆναι
1395 2839 1488 2890 καὶ
1528 2840 1818 2908 προσέχειν
1875 2840 2013 2910 μετά

434 2933 738 3006 ἀκριϐείας.
769 2932 843 2984 υὺ
893 2930 1002 3002 γάρ
1056 2929 1197 3001 ὑπὲρ
1241 2929 1348 2983 τῶν
1395 2929 1663 2999 τυχόντων
1710 2932 1742 3000 ή
1790 2930 2015 3002 ζήτησίς

435 3028 601 3086 ἐστιν,
628 3023 761 3078 ἀλλά
789 3023 882 3076 καὶ
917 3022 1052 3093 1:90;
1085 3021 1369 3091 Ἕλληνας,
1404 3021 1495 3073 καὶ
1525 3020 1660 3092 πρὸς
1704 3021 2010 3087 Ἰουδαίους,

434 3116 528 3168 καὶ
562 3116 694 3186 1190;
740 3114 964 3176 πολλοὺς
1009 3112 1116 3165 τῶν
1157 3111 1449 3183 αἰρετικῶν
1478 3112 1744 3182 χρήσιμος
1787 3114 1816 3164 0
1856 3113 2012 3181 λόγος

432 3198 588 3267 οὗτος
617 3203 787 3266 ἐσται,
818 3203 916 3273 τὴν
950 3203 1328 3271 προσήκουσαν
1358 3200 1509 3253 λύσιν
1538 3200 1736 3252 λαϐών.
1769 3201 1876 3254 Καὶ
1903 3203 2012 3270 γάρ

435 3292 580 3348 οὕτω
619 3293 814 3355 πάντες
857 3294 967 3354 τοῖς
1004 3289 1415 3358 εὑαγγελισταῖς
1445 3288 1764 3357 ἐγκαλοῦσιν
1795 3291 1870 3352 ὡς
1909 3307 2012 3359 μα-

434 3385 683 3455 χομένοις
723 3383 815 3436 καὶ
860 3379 1214 3450 διαφωνοῦσιν
1236 3396 1248 3409 ο
1274 3381 1372 3432 οὑκ
1403 3379 1516 3432 ἐστι
1547 3380 1624 3441 δέ,
1665 3379 1738 3450 μὴ
1778 3380 2006 3447 γένοιτο,

431 3475 545 3530 ἀλλ’
568 3477 614 3528 εἰ
648 3476 740 3528 καὶ
773 3473 1004 3544 διάφορα
1039 3472 1105 3525 τὰ
1138 3472 1422 3544 πρόσωπα,
1455 3472 1551 3542 μία
1580 3472 1673 3525 τοῦ
1697 3472 2010 3543 Πνεύματος

430 3568 466 3639 ὴ
496 3567 652 3638 χάρις
673 3564 838 3626 ἐστὶν,
864 3567 897 3634 ή
928 3563 1026 3634 τὴν
1049 3563 1278 3616 ἑκάστου
1308 3563 1531 3615 κινοῦσα
1562 3562 1738 3633 ψυχήν
1759 3579 1770 3592 ·
1798 3563 1931 3615 ὅπου
1951 3560 2008 3612 δὲ

430 3659 523 3714 τοῦ
556 3657 869 3727 Πνεύματος
903 3655 1082 3725 χάρις,
1105 3655 1312 3725 ἀγάπη,
1337 3654 1500 3724 χαρά,
1526 3654 1713 3727 εἰρήνη
1735 3669 1746 3680 ’
1775 3652 2009 3721 πόλεμος

431 3752 526 3804 καὶ
553 3746 958 3818 ἀμφισϐήτησις
988 3745 1086 3797 οὑκ
1116 3744 1249 3810 ἐστι,
1281 3745 1373 3798 καὶ
1403 3744 1550 3814 μάχη
1583 3744 1677 3796 καὶ
1711 3741 2007 3812 φιλονεικία

429 3857 534 3905 τις.
566 3838 688 3902 Πῶς
711 3833 802 3890 οὖν
839 3837 1137 3907 ποιήσομεν
1169 3836 1418 3905 φανερὸν,
1448 3837 1527 3888 ὅτι
1555 3835 1653 3888 οὑκ
1681 3833 1824 3887 ἔστιν
1856 3836 1883 3887 0
1907 3852 2008 3886 πα-

433 3929 657 4002 ράλυτος
686 3923 835 3990 οὗτος
857 3927 1081 3988 ἐκεῖνος,
1105 3924 1218 3976 ἀλλ’
1240 3924 1328 3976 ’ἐτε
1339 3940 1427 3995 ρος
1451 3925 1577 3993 παρ’
1600 3923 1834 3987 ἐκεῖνον;
1874 3922 2006 3975 ’Λπὸ

430 4015 639 4068 πολλῶν
667 4013 928 4082 σημείων,
955 4013 1049 4064 καὶ
1073 4012 1261 4072 τόπου,
1293 4010 1387 4063 καὶ
1411 4010 1622 4080 χρόνου,
1652 4011 1746 4061 καὶ
1776 4009 2001 4079 καιρῶν,

431 4107 524 4158 καὶ
553 4102 786 4173 ἡμέρας,
814 4102 908 4152 καὶ
936 4101 1043 4152 0110
1067 4097 1161 4149 105
1199 4099 1400 4167 τρόπου
1435 4097 1530 4164 τῆς
1561 4095 1876 4164 θεραπείας,
1913 4098 2005 4148 καὶ

428 4195 536 4248 ἀπὸ
562 4195 662 4260 τῆς
686 4189 986 4260 παρουσίας
1023 4188 1115 4240 τοῦ
1147 4187 1354 4256 ἰατροῦ,
1391 4185 1482 4237 καὶ
1509 4185 1615 4237 ἀπὸ
1644 4186 1742 4254 τῆς
1769 4185 2002 4256 ἐρημίας

429 4285 521 4338 τοῦ
573 4280 1018 4354 θεραπευθέντος.
1065 4279 1171 4331 Καὶ
1219 4278 1272 4329 τί
1318 4275 1502 4344 τοῦτο;
1544 4273 1701 4346 φησί’
1761 4277 1855 4329 καὶ
1894 4276 2001 4348 γάρ

429 4377 513 4429 ἐτε
526 4391 591 4445 ρα
622 4375 823 4442 σημεῖα
861 4371 978 4442 οὑχὶ
1017 4369 1287 4440 διαφόρως
1316 4367 1653 4439 ἀπήγγειλαν
1683 4367 1866 4421 πολλοὶ
1895 4368 2000 4422 τῶν

432 4459 869 4534 εὑαγγελιστῶν;
923 4461 1057 4514 Ἀλλ’
1093 4461 1279 4531 ἕτερόν
1325 4463 1440 4514 ἐστι
1487 4461 1755 4533 διαφόρως
1804 4463 1997 4526 εἰπεῖν,

433 4555 523 4609 καὶ
550 4554 733 4625 ἐτερον
769 4551 1054 4614 ἐναντίωςο
1105 4553 1280 4606 ἐκεῖνο
1325 4551 1423 4624 μὲν
1456 4551 1562 4622 γάρ
1607 4551 1899 4620 διαφωνίαν
1937 4553 1998 4606 ού

429 4649 571 4700 ποιεῖ
600 4661 740 4705 τινα,
769 4644 888 4697 ούδέ
923 4644 1100 4715 μάχην
1120 4660 1133 4673 ⁸
1162 4642 1318 4696 τοῦτο
1345 4644 1402 4697 δέ
1432 4644 1490 4696 10
1523 4643 1616 4697 νῦν
1645 4644 2000 4715 προκείμενον

427 4741 558 4810 ἡμῖν
605 4736 802 4807 πολλὴν
849 4736 962 4806 ἔχει
1004 4736 1098 4807 τὴν
1145 4735 1486 4800 ἐναντίωσιν,
1540 4737 1587 4788 εἰ
1638 4735 1712 4806 μὴ
1765 4735 1995 4807 δειχθείη

429 4831 612 4900 ἐτερος
659 4826 732 4880 ὢν
780 4829 807 4880 0
854 4828 912 4880 ἐν
964 4830 1030 4898 τῇ
1076 4826 1429 4898 κολυμϐήθρᾳ.
1463 4826 1827 4896 παραλυτικὸς
1869 4833 1996 4900 παρ’

429 4923 634 4976 ἐκεῖνον
667 4921 756 4973 τὸν
798 4922 854 4974 ἐν
897 4922 1011 4982 τοῖς
1040 4921 1217 4991 τρισὶν
1243 4917 1748 4990 ἀναγεγραμμένον.
1776 4919 1886 4972 Καὶ
1913 4919 1999 4972 ἵνα

433 5011 638 5081 μάθητε
689 5011 740 5063 τί
793 5008 922 5063 ποτέ
963 5011 1077 5061 ἐστι
1120 5009 1406 5079 διαφόρως,
1439 5010 1534 5064 καὶ
1578 5009 1630 5062 τί
1674 5010 1804 5062 ποτέ
1849 5012 1997 5062 ἐστιν

429 5099 683 5160 ἐναντίως
716 5099 908 5159 εἰπεῖν,
937 5096 1042 5147 τῶν
1079 5096 1480 5164 εὑαγγελιστῶν
1515 5095 1630 5169 [58]
1663 5100 1691 5150 0
1723 5097 1820 5167 μὲν
1856 5098 1936 5150 ὅτι
1969 5100 1997 5151 0

428 5189 658 5262 Χριστὸς
682 5189 769 5241 10v
801 5188 1028 5256 σταυρὸν
1057 5187 1348 5251 ἐϐάσταζεν
1371 5186 1542 5250 εἶπεν,
1579 5191 1606 5242 0
1628 5188 1684 5241 δὲ
1712 5190 1794 5242 ὃτι
1817 5189 1996 5259 Σίμων

425 5279 457 5332 0
487 5279 819 5353 Κυρηναῖος·
854 5275 1010 5328 τοῦτο
1029 5275 1085 5328 δέ
1115 5275 1422 5329 ἐναντίωσίν
1450 5295 1570 5331 τινα
1594 5279 1654 5332 οὑ
1690 5281 1847 5343 ποιεῖ,
1873 5281 1993 5333 οὑδέ

431 5371 631 5443 μάχην.
673 5369 782 5423 Καὶ
808 5367 923 5430 πῶς
946 5367 1046 5419 οὑκ
1068 5365 1212 5419 ἐστιν
1244 5367 1500 5432 ἐναντίον,
1536 5370 1688 5439 φησὶ,
1718 5371 1779 5423 10
1803 5370 1996 5441 βαστά-

428 5465 540 5529 ζειν
571 5464 647 5537 τῷ
689 5463 761 5534 μὴ
790 5461 1110 5534 βαστάζεινς
1141 5461 1263 5516 Ὅτι
1310 5462 1594 5534 ἀμφότερα
1646 5465 1855 5533 γέγονε.
1883 5465 1994 5520 Καὶ

427 5556 750 5623 ἐξελθόντων
781 5556 877 5626 μέν
905 5557 968 5608 ἐκ
1002 5555 1095 5616 τοῦ
1135 5555 1486 5628 πραιτωρίου,
1514 5559 1541 5610 0
1576 5558 1806 5629 Χριστὸς
1838 5557 2002 5611 ἐϐάσ-

424 5647 553 5711 ταζε
565 5665 577 5675 ·
592 5647 882 5716 προϊόντων
893 5647 948 5701 δέ
961 5687 973 5710 ,
987 5649 1014 5701 ὁ
1025 5647 1202 5718 Σίμων
1220 5648 1406 5702 ἐλαϐεν
1423 5649 1516 5702 ἀπ’
1528 5648 1689 5702 αὑτοῦ
1705 5647 1796 5701 καὶ
1809 5647 1964 5717 ἔφερε
1975 5683 1991 5701 .

426 5738 592 5793 Πάλιν
627 5738 716 5793 ἐπὶ
739 5737 845 5792 τῶν
865 5740 1099 5813 λῃστῶν,
1123 5743 1150 5794 0
1175 5741 1275 5811 μέν
1298 5758 1480 5812 φησιν,
1512 5743 1592 5794 ὅτι
1621 5741 1668 5793 oi
1704 5741 1795 5795 δύο
1829 5743 1985 5796 αὑτὸν

2140 473 2544 545 ἐϐλασφήμουνο
2564 478 2590 529 0
2606 477 2660 530 δὲ
2680 477 2804 532 0110
2821 475 2900 543 εἷς
2917 480 3014 533 ἐπε
3025 478 3238 550 στόμιζε
3255 479 3344 534 τδν
3360 486 3722 556 κατηγοροῦν-

2136 579 2221 616 τα.
2253 565 2390 618 Ἀλλ’
2410 567 2530 620 οὑδέ
2541 567 2697 621 τοῦτο
2729 570 2886 624 πάλιν
2905 572 3162 627 ἐναντίον.
3184 572 3337 626 Διατί
3354 591 3368 640 ;
3387 574 3512 630 Ὅτι
3529 585 3619 632 καὶ
3637 581 3726 632 ἐν-

2135 655 2308 709 ταῦθα
2326 658 2607 728 ἀμφότερα
2624 659 2814 728 γέγονε
2833 663 2926 715 καὶ
2940 663 3092 734 παρά
3111 665 3212 733 μὲν
3226 664 3322 734 τὴν
3339 666 3514 739 ἀρχὴν
3537 669 3720 739 ἀμφό-

2133 763 2284 818 τεροι
2305 743 2445 817 ἦσαν
2484 749 2532 801 οί
2553 752 3012 822 πονηρευόμενοι·
3049 754 3254 824 μετάδέ
3271 754 3442 808 ταῦτα
3475 759 3722 829 σημείων

2134 838 2441 908 γενομένων
2466 839 2559 892 καὶ
2587 841 2686 909 τῆς
2703 843 2808 912 γῆς
2836 842 3219 914 κλονουμένης,
3256 845 3349 898 καὶ
3373 845 3481 899 τῶν
3501 849 3716 917 πετρῶν

2137 928 2488 999 σχιζομένων,
2521 931 2616 984 καί¹
2648 933 2799 1004 ήλίου
2832 935 3208 1005 κρυπτομένου
3228 977 3243 1002 ,
3278 935 3504 1008 θάτερος
3535 938 3717 992 αὑτῶν

2136 1020 2436 1090 μετεϐλήθη
2465 1065 2482 1090 ,
2534 1024 2629 1076 καὶ
2687 1024 3124 1096 σωφρονέστερος
3173 1025 3362 1093 γέγονε
3388 1066 3402 1090 ,
3466 1029 3560 1080 καὶ
3619 1030 3714 1084 τὸν

2132 1113 2544 1185 ἐσταυρωμένον
2570 1115 2804 1183 ἐπέγνω,
2834 1115 2928 1168 καί⁸
2953 1115 3051 1182 τὴν
3093 1115 3369 1186 βασιλείαν
3393 1117 3711 1190 ὡμολόγησε

2129 1202 2227 1272 τήν
2253 1203 2606 1258 ἐκείνου.⁹’ῐνα
2651 1203 2758 1274 γὰρ
2807 1204 2881 1275 μή
2927 1204 3173 1277 νομίσῃς,
3213 1205 3295 1258 ὅτι
3346 1205 3562 1280 ἀνάγκῃ
3607 1209 3715 1263 τινὶ

2129 1289 2225 1342 καὶ
2265 1290 2355 1361 βία
2397 1292 2541 1356 τινὸς
2573 1291 2784 1344 ἔνδοθεν
2812 1291 3075 1356 ὠθοῦντος
3107 1293 3268 1346 αὑτὸν
3293 1292 3450 1347 τοῦτο
3478 1295 3706 1363 γίνεται,

2132 1381 2264 1450 μηδέ
2309 1381 2593 1453 διαπορῇς,
2623 1380 2860 1434 δείκνυσί
2906 1397 2988 1434 σοι
3030 1382 3122 1434 καὶ
3167 1383 3224 1435 ἐν
3266 1381 3344 1452 τῷ
3370 1383 3588 1454 σταυρῷ
3611 1383 3710 1456 τὴν

2129 1473 2391 1544 πονηρίαν
2429 1473 2591 1525 αὑτοῦ
2635 1472 2715 1526 ἐτι
2755 1472 3113 1542 διατηροῦντα
3161 1472 3258 1543 τήν
3297 1475 3590 1546 προτέραν,
3621 1477 3710 1530 ἵνα

2127 1562 2291 1632 εἰδῇς,
2334 1563 2416 1615 ὃτι
2465 1561 2673 1616 οἴκοθεν
2717 1563 2812 1616 καὶ
2857 1561 2988 1633 παρ’
3016 1562 3207 1616 ἐαυτοῦ
3253 1563 3707 1636 μεταϐαλόμενος,

2127 1653 2220 1704 καὶ
2261 1653 2360 1722 τῆς
2399 1651 2492 1704 105
2529 1651 2663 1705 Θεοῦ
2697 1653 2919 1726 χάριτος
2949 1653 3280 1720 ἀπολαύσας,
3309 1655 3452 1709 οὕτω
3485 1656 3710 1727 βελτίων

2125 1737 2358 1804 ἐγένετο.

2192 1826 2232 1879 δ’
2237 1868 2251 1882 .
2287 1827 2392 1879 Καὶ
2422 1825 2582 1898 ἕτερα
2603 1827 2770 1880 πολλά
2792 1827 3016 1882 τοιαῦτα
3073 1829 3217 1885 ἐστιν
3239 1831 3303 1885 ἐκ
3329 1831 3437 1885 τῶν
3462 1832 3710 1901 Εὐάγγε-

2122 1909 2250 1962 λίων
2279 1909 2650 1978 ἀναλέγεσθαι,
2691 1910 2726 1964 ἃ
2752 1910 2898 1964 δοκεῖ
2953 1913 3051 1982 μὲν
3078 1913 3446 1979 ἐναντιώσεως
3471 1917 3707 1986 ὑποψίαν

2125 1993 2300 2062 ἔχειν,
2324 1995 2424 2046 οὑκ
2450 1993 2565 2045 ἐστι
2587 1993 2642 2046 δέ
2672 1994 3003 2059 ἐναντίωσις,
3030 1995 3166 2048 0110
3188 1996 3282 2050 καὶ
3307 1996 3376 2050 τὰ
3406 1997 3556 2070 παρά
3580 1999 3705 2052 τού-

2123 2092 2223 2127 του
2255 2075 2349 2128 καί⁷
2373 2075 2442 2129 τά
2467 2075 2596 2147 παρ’
2627 2077 2832 2128 ἐκείνου
2863 2077 3128 2148 εἰρημένα
3154 2079 3478 2150 γεγένηται·
3510 2083 3559 2133 εί
3593 2081 3650 2134 δέ
3676 2094 3703 2122 ι

2123 2157 2200 2228 μὴ
2239 2157 2379 2210 κατά
2411 2158 2507 2228 τὴν
2544 2158 2712 2228 αὐτὴν
2740 2158 2909 2229 ὤραν,
2945 2160 3038 2212 καὶ
3060 2162 3087 2212 0
3127 2162 3226 2229 μὲν
3260 2163 3545 2234 πρότερον,
3571 2164 3600 2216 ό
3645 2162 3703 2214 δὲ

2117 2239 2180 2291 10
2200 2240 2449 2310 δεύτερον
2474 2241 2692 2310 εἴρηκεν
2715 2256 2730 2270 ’
2756 2240 2988 2294 ἐνταῦθα
3009 2241 3064 2294 δὲ
3091 2243 3241 2296 οὑδέν
3264 2245 3504 2298 τοιοῦτόν
3527 2247 3698 2298 ἐστιν’

2119 2322 2255 2376 ἀλλά
2306 2321 2366 2376 10
2408 2323 2608 2393 πλῆθος
2656 2323 2764 2375 τῶν
2819 2325 3123 2395 εἰρημένων
3168 2328 3409 2398 σημείων
3462 2328 3702 2383 δείκνυσι

2119 2405 2214 2458 καί
2253 2409 2364 2467 τοῖς
2400 2404 2649 2457 ὁπωσοῦν
2697 2408 3079 2475 προσέχουσιν,
3110 2409 3190 2460 ὅτι
3233 2410 3419 2482 ἔτερος
3455 2411 3554 2479 μὲν
3599 2412 3700 2465 αύ-

2117 2487 2207 2564 10;
2237 2483 2324 2557 ἦν,
2355 2488 2542 2557 ἐτερος
2567 2489 2622 2540 δὲ
2653 2491 2878 2552 ἐκεῖνος.
2915 2492 2989 2543 Οὑ
3024 2492 3192 2562 μικρά
3221 2491 3276 2545 δέ
3312 2495 3404 2546 καὶ
3437 2493 3572 2565 αὕτη
3603 2495 3698 2563 γέ-

2117 2569 2243 2620 νοιτ’
2275 2568 2340 2621 ἂν
2371 2569 2645 2634 ἀπόδειξις
2682 2571 2817 2640 πρὸς
2845 2572 2905 2623 10
2951 2572 3120 2637 δεῖξαι
3147 2576 3271 2638 τοὺς
3306 2575 3699 2644 εὐαγγελιστάς

2120 2650 2544 2721 συμφωνοῦντας
2570 2651 2840 2723 ἀλλήλοις,
2866 2654 2958 2706 καὶ
2983 2656 3045 2708 ού
3079 2657 3437 2727 μαχομένους.
3469 2659 3567 2713 ’Ἂν
3597 2659 3698 2729 μὲν

2115 2735 2222 2805 γάρ
2257 2735 2418 2798 αὐτὸς
2461 2731 2518 2808 ᾗ,
2550 2735 2716 2806 πολλή
2753 2737 2784 2806 ή
2827 2737 3009 2808 μάχη·
3051 2738 3117 2793 ἂν
3153 2739 3209 2792 δὲ
3240 2741 3426 2812 ἕτερος
3467 2743 3694 2807 ἐκεῖνος,

2116 2820 2263 2870 πᾶσα
2294 2819 2706 2890 ἀμφισϐήτησις
2739 2819 2976 2876 λέλυται.

2182 2901 2320 2972 Φέρε
2350 2898 2444 2956 οὖν
2477 2904 2649 2967 αὑτάς
2679 2903 2778 2966 τὰς
2807 2904 2987 2967 αἰτίας
3015 2905 3277 2972 εἴπωμεν,
3313 2907 3380 2960 δι’
3409 2906 3476 2970 ἀς
3507 2906 3569 2960 οὔ
3599 2926 3698 2978 φα-

2117 3004 2216 3056 μεν
2254 2987 2440 3041 τοῦτον
2481 2982 2622 3040 εἶναι
2655 2989 2882 3040 ἐκεῖνον.
2912 2989 3068 3049 Τίνες
3093 2983 3184 3039 οὖν
3213 2990 3349 3040 εἰσιν
3387 2982 3585 3055 αῦται;
3635 2993 3695 3045 '0

2115 3071 2215 3139 μὲν
2243 3070 2300 3123 ἐν
2347 3069 2740 3142 Ἰεροσολύμοις
2785 3068 3165 3138 θεραπεύεται,
3193 3063 3342 3128 οὗτος
3386 3068 3527 3120 δὲέν
3578 3071 3694 3123 Κα-

2113 3152 2415 3222 περναοὺμ,
2467 3153 2559 3203 καὶ
2607 3152 2636 3200 0
2672 3151 2769 3219 μὲν
2800 3148 2950 3218 παρά
3003 3150 3100 3219 τὴν
3147 3147 3533 3220 κολυμϐήθραν
3579 3153 3692 3206 τῶν

2113 3234 2337 3296 ὑδάτων,
2361 3227 2516 3295 οὗτος
2538 3233 2594 3284 δέ
2615 3234 2671 3284 ἐν
2698 3231 2926 3300 οἰκίσκῳ
2949 3231 3081 3283 τινί·
3117 3232 3224 3284 ἰδοὺ
3249 3232 3358 3284 ἀπὸ
3379 3233 3471 3286 105
3497 3235 3688 3289 τόπου·

2113 3317 2365 3378 κάκεῖνος
2399 3315 2498 3384 μὲν
2527 3316 2584 3367 ἐν
2611 3315 2770 3384 ἑορτῇ
2792 3331 2806 3347 ι
2843 3314 2952 3366 ίδοὺ
2982 3314 3089 3367 ἀπὸ
3110 3315 3203 3368 τοῦ
3230 3315 3424 3387 καιροῦ
3454 3334 3460 3340 ’
3496 3320 3688 3372 κάκεῖ-

2109 3414 2197 3458 νος
2232 3396 2328 3466 μὲν
2380 3396 2671 3467 τριάκοντα
2712 3396 2806 3448 καί
2839 3394 2981 3448 ὀκτὼ
3016 3395 3110 3466 ἐτη
3152 3391 3296 3467 εῖχεν
3332 3400 3389 3451 ἐν
3418 3401 3482 3469 τῇ
3519 3401 3685 3454 ἀσθε-

2109 3479 2255 3549 νείᾳ·
2287 3481 2416 3551 περὶ
2443 3479 2633 3532 τούτου
2656 3479 2712 3532 δέ
2741 3479 2890 3532 οὐδὲν
2921 3478 3159 3533 τοιοῦτον
3193 3482 3221 3534 ὁ
3251 3482 3647 3555 εύαγγελιστής
3667 3499 3682 3513 '

2113 3563 2220 3615 ἰδοὺ
2261 3563 2351 3614 καὶ
2377 3562 2487 3615 ἀπὸ
2527 3562 2617 3615 τοῦ
2655 3561 2849 3632 χρόνου
2873 3581 2886 3592 ⁸
2922 3563 3170 3628 κάκεῖνος
3216 3566 3314 3634 μὲν
3343 3567 3684 3640 ἐθεραπεύθη

2107 3645 2166 3696 ἐν
2202 3645 2482 3714 σαϐϐάτῳ·
2523 3644 2629 3698 ἰδοὺ
2673 3646 2762 3698 καὶ
2802 3646 2909 3699 ἀπὸ
2941 3645 3191 3716 ἡμέραςο
3231 3651 3278 3701 εί
3311 3649 3418 3721 γάρ
3453 3653 3510 3702 ἐν
3553 3651 3685 3704 σαϐ-

2107 3726 2256 3796 ϐάτῳ
2286 3727 2628 3798 ἐθεραπεύθη
2660 3730 2752 3781 καὶ
2773 3723 2944 3794 0510;,
2983 3730 3091 3782 οὐδ’
3116 3731 3181 3783 ἀν
3213 3732 3366 3786 τοῦτο
3408 3736 3685 3805 παρεσιώ-

2107 3828 2279 3881 πησεν
2317 3813 2345 3864 0
2398 3811 2694 3875 Ματθαίος,
2737 3813 2844 3865 οὐδ’
2896 3813 2961 3866 ἂν
3007 3813 3288 3884 ήσύχασαν
3328 3817 3378 3869 οί
3421 3818 3681 3888 παρόντες

2118 3897 2386 3949 Ἰουδαῖοιο
2418 3897 2466 3948 οἱ
2503 3895 2612 3968 γὰρ
2641 3897 2736 3948 καὶ
2765 3896 2838 3965 μὴ
2871 3897 2928 3949 ἐν
2969 3897 3222 3968 σαϐϐάτῳ
3254 3897 3682 3970 θεραπευθέντος

2105 3978 2267 4030 αὑτοῦ
2299 3979 2727 4049 δυσχεράναντες
2755 3978 2821 4030 δι’
2852 3978 3017 4048 ἄλλην
3043 3981 3242 4044 αἰτίαν,
3273 3982 3454 4051 πολλῷ
3481 3983 3680 4052 μᾶλλον

2106 4061 2153 4110 εἰ
2179 4059 2274 4111 καὶ
2303 4060 2402 4128 τήν
2436 4060 2541 4110 ἀπὸ
2571 4059 2663 4112 τοῦ
2690 4060 2884 4130 καιροῦ
2906 4061 3074 4130 λαϐὴν
3102 4063 3278 4132 ἔσχον,
3307 4066 3408 4118 οὑκ
3443 4066 3508 4120 ἂν
3533 4067 3678 4134 ἐφεί-

2105 4157 2266 4192 σαντο
2303 4141 2411 4192 τῶν
2443 4141 2803 4211 ἐγκλημάτων
2849 4144 2954 4194 τῶν
2990 4145 3128 4198 κατὰ
3155 4145 3246 4199 τοῦ
3283 4149 3535 4219 Χριστοῦ.
3568 4151 3678 4204 Καὶ

2103 4215 2255 4284 οὗτος
2289 4222 2387 4291 μὲν
2419 4222 2554 4292 πρὸς
2604 4224 2692 4276 10v
2727 4225 2960 4295 Χριστὸν
3005 4225 3256 4296 φέρεται·
3309 4215 3444 4301 πρὸς
3472 4233 3677 4285 ἐκεῖνον

2101 4303 2158 4356 δέ
2183 4305 2342 4368 αὐτὸς
2369 4307 2397 4358 0
2429 4306 2662 4377 Χριστὸς
2699 4308 3077 4378 παραγίνεται,
3105 4312 3344 4383 κάκείνῳ
3379 4314 3476 4383 μὲν
3503 4314 3677 4378 οὐδεὶς

2101 4386 2387 4460 ἅνθρωπος
2411 4387 2478 4461 ἦν
2501 4393 2529 4443 0
2559 4389 2839 4462 βοηθήσων
2859 4409 2872 4422 ⁸
2899 4394 3075 4461 Κύριε
3097 4395 3223 4465 γάρ,
3249 4396 3432 4466 φησὶν,
3455 4396 3676 4464 ἅνθρω-

2101 4488 2220 4524 reor
2238 4475 2348 4526 οὐκ
2376 4474 2520 4542 ἔχω·
2552 4470 2703 4538 οὗτος
2731 4475 2786 4528 δέ
2821 4476 3048 4540 πολλοὺς
3079 4473 3190 4547 εἶχε
3215 4480 3340 4542 τοὺς
3372 4482 3673 4549 προσήκον-

2101 4571 2216 4620 τας,
2245 4556 2294 4609 οἶ
2317 4557 2408 4609 καὶ
2423 4556 2511 4609 διὰ
2529 4556 2622 4609 τοῦ
2655 4557 2876 4625 στέγους
2897 4559 3056 4611 αὑτὸν
3083 4560 3373 4629 ἐχάλασαν.
3403 4564 3672 4618 Κάκεινου

2105 4641 2200 4710 μὲν
2232 4641 2336 4712 πρὸ
2367 4641 2466 4710 τῆς
2488 4641 2665 4712 ψυχῆς
2686 4642 2745 4694 10
2781 4642 2938 4712 σῶμα
2954 4642 3228 4712 διώρθωσε
3247 4661 3262 4674 ’
3280 4645 3542 4717 πρότερον
3563 4647 3674 4717 γὰρ

2099 4724 2264 4777 αὑτοῦ
2294 4723 2390 4795 τὴν
2421 4723 2536 4796 ['59]
2565 4725 2868 4796 παράλυσιν
2902 4726 3151 4794 σφίγξας,
3180 4727 3299 4780 τότε
3328 4730 3517 4799 φησίν·
3550 4731 3670 4786 Ἴδε

2099 4806 2273 4876 ὑγιὴς
2309 4808 2580 4876 γέγονας,
2609 4807 2819 4876 μηκέτι
2853 4808 3182 4876 ἁμάρτανεο
3221 4811 3454 4865 ἐνταῦθα
3480 4813 3535 4866 δέ
3567 4815 3665 4884 οὐχ

2097 4891 2288 4954 οὑτως,
2316 4890 2452 4943 ἀλλά
2500 4891 2765 4962 πρότερον
2812 4891 2974 4944 αὑτοῦ
3022 4893 3120 4962 τὴν
3167 4892 3342 4964 ψυχὴν
3377 4895 3668 4966 ἰασάμενος

2100 4973 2255 5044 (φησι
2302 4975 2410 5043 γάρ
2449 4972 2625 5042 αὑτῷ·
2666 4971 2905 5039 Θάρσει,
2941 4974 3174 5038 τέκνον,
3226 4975 3520 5044 ἀφέωνταί
3573 4995 3669 5034 σοι

2097 5059 2155 5108 αἱ
2184 5055 2457 5124 ἁμαρτίαι
2503 5057 2663 5123 σου),
2697 5056 2816 5108 τότε
2867 5057 2963 5126 τὴν
2997 5058 3296 5129 παράλυσιν
3337 5058 3663 5130 διώρθωσεν.

2099 5138 2220 5190 Ὅτι
2251 5137 2349 5207 μὲν
2383 5133 2475 5190 οὖν
2523 5138 2621 5188 οὑκ
2665 5136 2810 5189 ἐστιν
2841 5133 2996 5202 0510;
3046 5144 3272 5205 ἐκεῖνος,
3307 5143 3414 5195 ἀπὸ
3461 5144 3666 5198 τούτων

2102 5220 2224 5289 ήμῖν
2258 5218 2442 5287 σαφῶς
2479 5218 2880 5284 ἀποδέδεικται,
2922 5220 3001 5274 δεῖ
3032 5221 3088 5275 δέ
3116 5223 3298 5278 λοιπὸν
3321 5226 3414 5278 ἐπὶ
3440 5227 3537 5296 τὴν
3569 5228 3655 5297 ἀρ-

2095 5303 2194 5372 χὴν
2226 5302 2318 5355 τοῦ
2345 5302 2682 5373 διηγήματος
2712 5302 2962 5367 ἐλθόντας
3004 5304 3148 5368 ἰδεῖν,
3174 5305 3292 5370 πῶς
3330 5308 3429 5378 μὲν
3454 5308 3664 5375 τοῦτον,

2094 5385 2210 5447 πῶς
2235 5385 2290 5437 δὲ
2313 5386 2518 5437 ἐκεῖνον
2541 5384 2902 5456 ἐθεράπευσεν
2923 5388 2950 5437 0
2979 5386 3233 5454 X91010;.
3261 5392 3354 5442 καὶ
3376 5391 3462 5445 διά
3482 5391 3534 5444 τί
3558 5392 3668 5447 δια-

2093 5467 2272 5536 φόρως
2291 5484 2303 5498 ·
2334 5467 2422 5520 διά
2452 5467 2505 5520 τί
2531 5467 2621 5520 τὸν
2655 5468 2753 5538 μὲν
2782 5470 2839 5519 ἐν
2871 5468 3142 5539 σαϐϐάτῳ,
3178 5472 3382 5525 ἐκεῖνον
3402 5474 3459 5527 δὲ
3484 5476 3583 5530 οὑκ
3607 5477 3665 5528 ἐν

2095 5548 2367 5618 σαϐϐάτῳ,
2408 5550 2502 5602 καὶ
2543 5549 2680 5619 πρὸς
2710 5550 2914 5602 ἐκεῖνον
2952 5551 3048 5619 μὲν
3079 5552 3242 5616 αὐτὸς
3283 5549 3437 5624 ἦλθε,
3478 5557 3665 5612 τοῦτον

2155 5758 2177 5786 ⁸
2207 5755 2339 5820 Lt‘gc
2368 5759 2405 5806 εἰ
2428 5758 2524 5818 καί,
2555 5763 2604 5806 cl
2629 5771 2737 5806 mox
2761 5760 2785 5805 ὁ
2804 5759 2884 5819 μὲν
2911 5759 2962 5806 τὸ
2985 5759 3226 5824 πρότερον.
3251 5757 3383 5810 Εοιτ.
