4066 6274
398 347 468 404 55
1137 345 1198 404 S.
1237 341 1516 402 JOANNIS
1550 341 2028 399 CHRYSOSTOMI
2079 343 2398 400 AllClllEP.
2442 345 2982 403 CONSTANTINOP.
3623 349 3691 406 56

402 473 580 516 autem
605 459 998 531 exspectaverit
1016 459 1080 514 ad
1102 475 1160 514 se
1181 458 1396 523 deferri,
1423 468 1477 513 et
1501 473 1659 529 quam
1682 458 1752 511 oh
1775 470 1992 511 causam

402 554 542 608 illius
566 554 775 621 corpori
813 553 990 621 prius,
1035 553 1189 620 hujus
1219 566 1345 605 vero
1381 550 1574 604 anima:
1606 549 1751 618 prius
1782 547 1995 602 medea-

405 654 514 698 tur.
557 643 738 711 Neque
781 643 924 697 enim
969 650 1170 696 temere
1211 650 1304 694 aut
1341 641 1458 694 sine
1496 655 1657 696 causa
1699 639 1796 693 ista
1828 637 1993 704 facit,

409 749 531 788 cum
560 733 772 802 sapiens
800 732 870 786 sit
890 741 944 785 et
970 731 1243 800 providus.
1273 729 1624 785 Attendamus
1646 729 1823 799 igitur,
1841 744 1994 784 eum-

410 840 512 893 que
559 823 860 878 medentem
909 823 1353 891 contemplemur.
1385 821 1440 876 Si
1469 822 1610 876 enim
1647 836 1767 875 cum
1806 820 1995 875 medici

407 914 690 983 quemdam
737 922 951 978 secant,
1000 921 1256 976 uruntve,
1305 920 1396 966 aut
1428 911 1532 966 alio
1567 911 1792 982 quodam
1838 910 1998 966 modo

409 1008 705 1061 mutilatum
737 1016 788 1059 et
816 1005 1147 1060 debilitatum
1179 1004 1435 1070 incidunt,
1465 1019 1528 1059 ac
1555 1004 1854 1058 membrum
1878 1018 1996 1058 am~

406 1107 615 1167 putant,
650 1098 799 1151 multi
827 1107 932 1151 tam
958 1113 1158 1166 :rgrum
1182 1111 1339 1166 quam
1362 1095 1626 1150 medicum
1653 1095 2001 1150 circumstant

409 1190 511 1244 ista
560 1189 877 1254 facientem,
909 1189 1075 1242 multo
1122 1188 1291 1258 magis
1335 1202 1432 1242 nos
1469 1186 1571 1242 hoc
1616 1187 1734 1243 loco
1761 1186 1813 1241 id
1843 1201 2001 1256 agere

408 1289 647 1350 oportet,
678 1290 876 1349 quanto
899 1288 951 1333 et
982 1278 1220 1334 medicus
1243 1279 1432 1349 major,
1466 1286 1520 1334 et
1545 1279 1759 1349 gravior
1784 1277 2002 1332 morbus

409 1381 500 1426 est
519 1412 534 1437 ,
563 1374 650 1440 qui
675 1389 778 1424 non
805 1383 919 1425 arte
945 1369 1176 1424 humana
1197 1411 1212 1436 ,
1246 1370 1340 1425 sed
1366 1369 1533 1440 gratia
1560 1369 1736 1424 divina
1763 1381 1998 1424 curatur.

407 1468 586 1535 Atque
637 1465 739 1518 illic
782 1465 995 1533 quidem
1042 1465 1232 1534 pellem
1281 1464 1550 1518 concisam
1591 1477 1813 1518 eernere
1845 1462 2003 1527 licet,

406 1559 620 1612 saniem
639 1556 980 1623 deﬂuentem,
1009 1556 1341 1626 putredinem
1358 1564 1687 1622 cvacuatam,
1705 1570 1766 1610 ac
1784 1555 2004 1608 multam

421 1648 719 1702 molestiam
744 1665 807 1702 ex
842 1649 932 1702 illo
958 1649 1172 1702 allatam
1203 1648 1512 1718 spectaculo
1537 1647 1822 1712 sustinere,
1852 1646 2004 1701 dolo-

414 1754 639 1808 remque
670 1755 774 1792 non
809 1739 1133 1793 mediocrem
1160 1747 1213 1793 et
1233 1753 1507 1809 angorem,
1530 1753 1687 1807 quem
1719 1753 1824 1792 non
1851 1735 2009 1790 modo

418 1830 701 1883 vulnerum
730 1837 1046 1898 conspectus
1067 1872 1082 1896 ,
1112 1830 1203 1884 sed
1235 1845 1420 1883 corum
1448 1828 1608 1882 etiam
1629 1869 1642 1893 ,
1671 1828 1759 1897 qui
1788 1835 2012 1882 uruntur

418 1931 771 1990 secanturque
791 1961 806 1986 ,
851 1921 1117 1976 cruciatus
1148 1921 1309 1974 inurit
1340 1937 1354 1974 :
1386 1920 1566 1974 nullus
1593 1919 1736 1974 enim
1768 1927 1852 1974 est
1875 1918 2012 1973 adeo

421 2027 622 2067 saxeus
646 2053 659 2077 ,
689 2021 748 2067 ut
773 2028 894 2068 cum
923 2013 1027 2067 illis
1052 2055 1067 2079 ,
1101 2013 1188 2082 qui
1219 2012 1340 2067 talia
1373 2012 1646 2082 patiuntur
1668 2054 1682 2076 ,
1711 2011 2008 2077 adstiterit,

424 2120 486 2159 ac
508 2105 862 2161 lamentantes
892 2105 1176 2172 audiverit,
1207 2121 1310 2160 non
1337 2113 1758 2170 commoveatur,
1789 2103 2014 2158 confun-

425 2196 582 2250 datur
606 2238 621 2260 ,
661 2204 717 2250 et
751 2197 1017 2266 ingentem
1047 2197 1230 2251 animo
1260 2196 1525 2266 concipiat
1555 2211 1841 2251 maerorem
1877 2213 1890 2249 :
1921 2211 2013 2250 vc-

428 2299 726 2344 rumtamen
753 2290 822 2344 ob
851 2289 1124 2359 Spectandi
1147 2289 1489 2358 cupiditatem
1512 2289 1628 2344 hazc
1647 2290 1822 2343 omnia
1851 2288 2016 2342 susti-

431 2397 640 2437 nemus.
676 2382 771 2436 llic
794 2391 971 2436 autem
999 2381 1126 2436 nihil
1155 2382 1259 2436 tale
1283 2397 1504 2437 cernere
1536 2381 1678 2444 licet,
1713 2396 1816 2434 non
1840 2379 2014 2448 ignem

433 2473 730 2536 admoveri,
751 2487 854 2526 non
879 2472 1074 2527 ferrum
1099 2473 1361 2543 immergi,
1386 2488 1490 2527 non
1513 2471 1824 2539 sanguinem
1847 2468 2012 2531 fundi,

431 2579 536 2618 non
574 2579 772 2633 :rgrum
818 2563 1080 2630 cruciari,
1120 2579 1227 2617 non
1255 2563 1533 2618 lamentari
1569 2579 1582 2614 :
1613 2562 1662 2613 in
1694 2573 1852 2613 causa
1892 2572 2018 2613 vero

431 2663 514 2709 est
541 2653 728 2707 medici
760 2654 1014 2722 sapientia
1037 2695 1052 2719 ,
1086 2670 1204 2723 qua:
1234 2653 1392 2706 nullis
1421 2650 1614 2719 indiget
1650 2649 1809 2703 rebus
1834 2657 2020 2702 exter-

436 2745 541 2807 nis,
573 2744 667 2799 sed
696 2745 806 2815 ipsa
835 2743 1032 2799 sufficit
1058 2745 1178 2799 sibi.
1211 2743 1480 2809 Siquidem
1513 2741 1708 2794 sufficit
1734 2748 1936 2793 tantum
1966 2747 2022 2793 ut

435 2837 697 2906 imperet,
727 2847 778 2891 et
806 2837 984 2891 omnia
1012 2837 1148 2890 mala
1175 2835 1460 2904 pelluntur.
1494 2830 1676 2901 Neque
1703 2846 1830 2886 vero
1849 2830 2022 2884 admi-

437 2931 641 2985 ratione
661 2931 876 3000 dignum
908 2928 1009 2983 hoc
1035 2937 1115 2982 est
1136 2968 1150 2990 ,
1179 2924 1318 2995 quod
1349 2931 1494 2978 tanta
1523 2923 1772 2978 facilitate
1799 2921 2022 2978 medici-

438 3038 558 3076 nam
586 3021 777 3088 faciat,
818 3020 911 3074 sed
944 3018 1083 3088 quod
1110 3019 1224 3072 sine
1253 3016 1440 3071 dolore
1463 3057 1478 3079 ,
1508 3030 1608 3071 nec
1636 3015 1794 3070 ullam
1826 3015 2024 3069 moles-

435 3116 564 3168 tiam
593 3112 781 3166 afl‘erat
823 3110 886 3165 iis
926 3110 1013 3178 qui
1045 3116 1319 3162 curantur.
1342 3106 1566 3174 Quando
1609 3107 1767 3176 igitur
1789 3115 1844 3160 et
1865 3105 2027 3159 mira-

437 3205 616 3259 culum
641 3202 812 3270 majus
827 3208 881 3255 et
896 3200 1162 3268 copiosior
1181 3198 1463 3262 medicina,
1492 3198 1628 3252 etab
1647 3199 1791 3274 omni
1817 3197 2027 3251 tristitia

441 3292 694 3350 immunis
724 3290 1114 3360 spectatoribus
1142 3291 1384 3360 voluptas
1412 3290 1651 3353 θίγοι-ων,
1681 3304 1778 3359 age
1801 3288 2028 3357 diligen-

445 3395 529 3441 ter
552 3391 827 3439 curantem
855 3382 1123 3437 Christum
1147 3390 1468 3453 spectenms.
1493 3379 1562 3434 Et
1588 3381 1859 3434 ascendens
1873 3379 2030 3434 Jcsus

441 3480 494 3533 in
514 3475 797 3530 naviculam
814 3474 1174 3544 transfretavit,
1200 3483 1246 3528 et
1269 3475 1399 3528 venit
1423 3474 1475 3527 in
1499 3473 1746 3526 civitate»:
1771 3488 1935 3525 suam.
1964 3467 2030 3524 Et

445 3584 558 3622 ecce
585 3566 873 3621 obtulerunt
919 3563 997 3618 illi
1036 3566 1374 3636 paralyticum
1401 3565 1654 3635 jacentem
1692 3564 1743 3617 in
1789 3563 1913 3616 lecto
1943 3577 1962 3615 .'
1985 3570 2032 3615 et

444 3660 620 3714 videns
647 3657 800 3713 Iesus
832 3658 985 3726 fidem
1022 3658 1224 3711 illorum
1260 3657 1390 3710 dixit
1418 3654 1700 3725 paralytico
1734 3669 1752 3708 :
1782 3651 1993 3722 Con/ide
2015 3692 2030 3718 ,

443 3751 554 3819 ﬁli,
586 3751 910 3803 remittuntur
957 3750 1046 3803 tibi
1102 3759 1310 3817 peccata
1370 3757 1459 3801 tua
1513 3741 1741 3814 (Matth.
1783 3744 1832 3799 9.
1880 3743 1926 3795 Ι.
1957 3743 2033 3811 2).

452 3841 778 3894 Ceuturioue
832 3840 1042 3912 quidem
1099 3840 1375 3896 inferiores
1414 3843 1558 3903 sunt,
1599 3833 1774 3905 quoad
1833 3833 2032 3898 ﬁdem,

454 3931 545 3984 illo
571 3942 747 3986 autem
791 3933 841 3986 iu
893 3933 1088 4001 piscina
1121 3932 1335 4001 jacente
1376 3928 1668 3998 paralytico
1709 3926 2034 3996 superiores.

454 4020 588 4076 Nam
639 4023 727 4078 ille
774 4024 987 4092 quidem
1025 4037 1198 4091 neque
1237 4019 1502 4074 medicum
1541 4017 1741 4082 traxit,
1774 4030 1947 4084 neque
1973 4013 2039 4068 ad

451 4115 715 4169 medicum
747 4115 896 4169 duxit
919 4123 1212 4183 :egrotum;
1242 4111 1335 4165 sed
1365 4120 1630 4177 tamquam
1662 4106 1728 4159 ad
1759 4106 1921 4158 Deum
1947 4118 2041 4158 ac-

451 4210 650 4274 cessit,
701 4215 755 4261 et
797 4208 908 4260 ait:
945 4205 1038 4258 Dic
1085 4203 1232 4258 uerbo
1270 4210 1465 4254 tantum
1489 4240 1503 4264 ,
1536 4208 1580 4252 et
1623 4197 1885 4251 sanabitur
1920 4211 2044 4266 puer

453 4313 595 4351 meus
618 4298 762 4366 (Luc.
784 4295 834 4349 7.
859 4296 925 4364 7).
950 4290 1040 4346 Isti
1061 4306 1187 4346 vero
1209 4289 1468 4345 medicum
1493 4288 1544 4341 in
1568 4286 1710 4341 tech
1735 4301 1840 4338 non
1871 4293 2042 4340 traxe-

453 4395 579 4443 runt
601 4429 616 4454 ,
648 4395 702 4442 et
731 4386 781 4440 in
811 4386 913 4440 hoc
942 4383 1241 4440 centurioni
1282 4391 1405 4437 sunt
1430 4380 1695 4452 aequales;
1723 4378 1818 4434 sed
1846 4393 2044 4449 aegrum

367 4544 370 4548 ,
458 4481 752 4536 attulerunt
778 4478 844 4534 ad
875 4478 1160 4545 medicum,
1189 4476 1313 4531 etin
1343 4475 1445 4530 hoc
1467 4483 1590 4529 sunt
1619 4473 1875 4538 minores,
1904 4469 2046 4541 quod

465 4589 569 4628 non
601 4573 849 4638 dixerint,
885 4571 981 4625 Dic
1006 4571 1151 4626 rerbo
1181 4580 1395 4624 tantum.
1429 4567 1524 4622 lllo
1548 4566 1761 4638 quidem
1787 4573 1933 4619 certe
1958 4562 2047 4634 qui

458 4666 526 4719 ad
570 4665 826 4735 piscinam
860 4664 1071 4734 iacebat
1102 4663 1270 4718 multo
1301 4668 1426 4715 sunt
1455 4659 1540 4714 isti
1567 4657 1818 4712 meliores
1837 4695 1852 4722 ,
1882 4654 2049 4725 siqui-

458 4759 579 4813 dem
623 4759 710 4811 ille
744 4757 908 4823 dicit,
938 4755 1172 4822 Domine,
1215 4755 1467 4808 hominem
1498 4768 1599 4806 non
1637 4750 1794 4804 habeo
1815 4792 1829 4815 ,
1859 4759 1914 4802 ut
1935 4764 2050 4801 cum

456 4850 657 4903 turbata
682 4850 834 4921 fuerit
854 4865 1006 4919 aqua,
1026 4850 1189 4902 mittat
1215 4864 1292 4901 me
1310 4848 1360 4900 in
1385 4845 1628 4916 piscinarii
1659 4842 1838 4914 (Joan.
1866 4841 1918 4896 5.
1957 4841 2046 4912 7):

463 4940 545 4993 isti
602 4955 732 4995 vero
777 4939 945 4994 nihilo
1007 4939 1244 5010 indigere
1287 4936 1558 4993 Christum
1611 4934 1894 4999 sciebant,
1945 4948 2050 4988 non

460 5029 650 5100 aquis,
699 5046 805 5084 non
847 5031 1048 5100 piscina
1071 5072 1086 5093 ,
1121 5045 1226 5083 non
1253 5029 1355 5084 alia
1401 5043 1460 5083 re
1501 5028 1745 5098 quapiam
1772 5043 1786 5078 :
1816 5035 2053 5080 attamen

460 5121 708 5175 Christus
739 5139 844 5176 non
874 5123 1201 5177 centurionis
1227 5131 1429 5176 tantum
1458 5136 1700 5190 puerum,
1725 5118 1818 5176 sed
1840 5128 1893 5172 et
1913 5117 2054 5172 hunc

463 5223 518 5268 et
562 5213 710 5266 illum
747 5214 936 5268 morbo
985 5214 1259 5279 liberavit;
1305 5227 1480 5284 neque
1510 5213 1643 5268 dixit
1673 5229 1686 5265 :
1715 5210 2056 5280 Quandoqui-

462 5305 584 5359 dem
613 5303 773 5360 {idem
795 5304 1034 5359 obtulisti
1060 5303 1322 5358 minorem
1345 5347 1358 5367 ,
1384 5303 1713 5358 curationem
1742 5303 1942 5372 pariter
1962 5316 2053 5354 ac-

466 5399 632 5466 cipies
663 5397 794 5453 :sed
820 5411 941 5452 cum
973 5396 1227 5468 majorem
1257 5396 1583 5451 exhibuisset
1611 5436 1625 5459 ,
1665 5410 1786 5449 cum
1817 5393 2060 5447 laudibus

465 5499 518 5542 et
553 5491 767 5545 coronis
797 5506 918 5546 eum
943 5490 1174 5556 dimisit,
1200 5488 1384 5544 dicens
1419 5505 1431 5542 :
1470 5484 1648 5555 Neque
1673 5488 1727 5539 in
1755 5485 1918 5540 Israel
1944 5495 2058 5537 tan-

479 5593 582 5635 tam
606 5584 757 5650 [idem
787 5585 954 5638 inveni
985 5583 1113 5657 (Luc
1137 5585 1188 5638 7.
1219 5582 1297 5654 9).
1333 5583 1470 5638 Eum
1497 5595 1647 5646 vero,
1681 5580 1768 5650 qui
1799 5579 2060 5633 minorem

473 5688 633 5743 quam
667 5675 753 5730 ille
776 5676 935 5731 ﬁdem
974 5677 1267 5742 obtulerat,
1300 5675 1446 5730 nullo
1469 5673 1628 5728 modo
1659 5672 1928 5727 laudavit:
1957 5686 2062 5724 non

472 5775 649 5823 tamen
672 5768 902 5824 sanitate
933 5770 1179 5839 privavit,
1209 5770 1302 5826 sed
1333 5783 1430 5824 nec
1459 5767 1630 5835 illum,
1661 5766 1749 5836 qui
1781 5763 1978 5818 nullam
2003 5759 2068 5816 li-

2100 455 2220 510 dem
2265 457 2601 513 exhibuerat.
2636 458 2834 514 Verum
2865 457 3310 528 quemadmodum
3341 456 3533 513 medici
3569 473 3690 514 cum

2101 548 2348 602 eumdem
2373 551 2618 604 morbum
2637 559 2847 616 curent,
2875 565 2903 604 a
2927 549 3238 620 quibusdam
3261 561 3475 606 centum
3499 565 3692 607 aureos

2103 637 2392 707 accipiunt,
2423 641 2490 694 ab
2515 641 2635 695 aliis
2663 642 3070 712 quinquaginta,
3100 640 3167 695 ab
3192 641 3312 698 aliis
3336 643 3638 711 pauciores,
3662 660 3690 696 a

2102 730 2419 800 quibusdam
2450 731 2581 786 nihil
2607 734 2816 803 penitus
2847 734 2962 788 :sie
3005 733 3254 788 nimirum
3295 743 3351 788 et
3392 731 3639 789 Christus
3662 749 3693 788 a

2101 825 2415 881 centurione
2443 826 2654 896 quidem
2686 828 2906 882 multam
2934 835 2988 882 et
3008 826 3318 881 immensam
3353 826 3510 881 ﬁdem
3539 841 3696 881 acce-

2103 917 2214 987 pit,
2244 917 2312 970 ab
2347 917 2447 972 hoc
2473 926 2650 972 autem
2693 918 2955 972 minorem
2980 959 2996 984 ,
3023 917 3090 971 ab
3118 917 3210 970 illo
3241 931 3371 971 vero
3411 917 3692 987 nequide

2106 1007 2470 1076 mediocrem,
2499 1018 2554 1064 et
2583 1018 2758 1063 tamen
2785 1025 2972 1064 omnes
3003 1009 3229 1063 sanavit.
3255 1007 3526 1078 Curigitnt
3554 1007 3697 1064 hunc

2105 1116 2318 1174 quoque
2339 1106 2428 1175 qui
2469 1104 2601 1159 nihil
2636 1105 2973 1172 contulerat,
3002 1104 3262 1161 beneficio
3293 1105 3540 1175 dignatus
3569 1103 3694 1160 est?

2107 1197 2261 1264 Quod
2291 1213 2396 1252 non
2425 1213 2533 1268 prae
2557 1199 2721 1252 nimia
2748 1199 3068 1269 negligentia
3086 1239 3101 1266 ,
3145 1213 3244 1252 nec
3272 1197 3340 1253 ob
3369 1197 3560 1251 anima:
3579 1205 3696 1252 stu-

2109 1301 2315 1356 parem,
2344 1287 2438 1342 sed
2466 1287 2606 1359 quod
2628 1287 2902 1342 Christum
2925 1286 3142 1342 minime
3163 1294 3365 1351 nosset,
3391 1285 3698 1356 nullumque

2110 1394 2332 1449 parvum
2363 1389 2452 1433 aut
2485 1394 2734 1448 magnum
2762 1378 2830 1434 de
2858 1379 2948 1432 illo
2970 1378 3284 1432 miraculum
3313 1375 3600 1442 audiisset,
3632 1379 3697 1430 ti-

2110 1471 2232 1526 dem
2280 1487 2386 1527 non
2424 1472 2749 1527 exhibuerit.
2779 1471 2982 1526 Idcirco
3009 1485 3138 1540 ergo
3167 1469 3376 1524 veniam
3421 1467 3650 1522 obtinuit
3681 1485 3694 1521 :

2111 1563 2251 1634 quod
2276 1573 2327 1618 et
2358 1565 2586 1619 obscure
2611 1563 2852 1618 indicans
2872 1561 3194 1632 evangelista
3225 1559 3359 1614 dixit
3383 1578 3395 1612 :
3422 1557 3694 1612 Nesciebat

2111 1658 2244 1711 enim
2271 1657 2382 1726 quis
2421 1665 2548 1710 esset
2575 1655 2752 1728 (Joan.
2778 1656 2830 1709 5.
2862 1652 2963 1726 15)
2987 1696 3002 1720 ,
3034 1668 3218 1708 verum
3253 1667 3318 1706 ex
3345 1658 3564 1721 aspectu
3586 1651 3702 1705 solo

2115 1751 2263 1806 illum
2295 1752 2530 1821 agnovit,
2560 1765 2680 1805 eum
2706 1749 2758 1803 in
2784 1749 2957 1819 ipsum
2990 1748 3181 1802 iterum
3211 1745 3416 1800 incidit.

2186 1844 2241 1898 5.
2281 1843 2506 1911 Quidam
2537 1842 2698 1912 igitur
2722 1840 2907 1895 dicunt
2929 1839 3072 1893 hunc
3097 1846 3337 1893 curatum
3369 1836 3550 1901 fuisse,
3581 1849 3700 1889 cum

2118 1935 2217 2003 illi,
2243 1935 2332 2004 qui
2359 1933 2686 1998 obtulerant,
2715 1931 3071 1987 credidissent
3107 1937 3311 1984 tantum
3341 1944 3354 1980 :
3384 1927 3476 1980 sed
3501 1941 3604 1980 non
3632 1925 3703 1978 ita

2116 2037 2218 2084 est.
2256 2026 2446 2081 Videas
2465 2026 2606 2081 enim
2635 2025 2788 2095 ﬁdem
2819 2022 3049 2090 illorum,
3083 2037 3189 2075 non
3220 2035 3403 2075 eorum
3436 2018 3522 2089 qui
3548 2018 3704 2072 obtu-

2121 2121 2301 2175 lerunt
2325 2127 2553 2185 tantum,
2585 2116 2680 2172 sed
2704 2125 2759 2171 et
2780 2114 2946 2186 ipsius
2966 2113 3054 2184 qui
3084 2112 3294 2167 oblatus
3319 2117 3419 2162 est.
3449 2107 3587 2174 Quid
3614 2105 3709 2175 igi-

2119 2212 2239 2265 tur?
2263 2210 2434 2264 altcro
2459 2208 2710 2263 credente
2733 2206 2869 2260 alter
2897 2220 3000 2258 non
3023 2200 3285 2257 sanatur?
3312 2199 3454 2252 dicet
3487 2196 3706 2264 aliquis.

2122 2303 2236 2358 Non
2265 2301 2513 2372 equidem
2541 2299 2794 2363 arbitror,
2826 2295 2925 2349 nisi
2958 2294 3094 2347 forte
3118 2293 3162 2345 si
3186 2289 3270 2345 vel
3298 2295 3514 2358 pr0pter
3535 2283 3710 2338 tetatis

2122 2395 2582 2457 immaturitatcm,
2608 2391 2692 2443 vel
2713 2389 2781 2442 ob
2798 2387 3013 2441 nimiam
3040 2382 3400 2438 infirmitatem
3422 2379 3712 2434 destitutus

2123 2484 2328 2538 viribus
2369 2482 2591 2537 credere
2619 2488 2865 2548 nequeat.
2912 2473 3190 2542 Quomodo
3219 2472 3378 2543 igitur
3405 2471 3460 2526 in
3485 2470 3710 2524 historia

2123 2574 2458 2638 Chananazze,
2489 2571 2694 2640 inquit,
2723 2567 2950 2623 credidit
2979 2565 3192 2637 quidem
3223 2571 3410 2628 mater,
3446 2561 3552 2615 lilia
3585 2574 3713 2613 vero

2125 2670 2308 2719 sanata
2331 2662 2456 2716 est?
2485 2669 2538 2715 et
2562 2674 2684 2714 cum
2710 2658 2955 2713 centurio
2987 2655 3175 2710 fuiSset
3213 2651 3552 2716 incredulus,
3582 2663 3715 2720 quo-

2125 2756 2284 2812 modo
2315 2770 2445 2825 puer
2470 2752 2724 2818 surrexit,
2756 2759 2810 2806 et
2835 2751 3014 2805 salvus
3040 2747 3256 2802 evasit?
3285 2743 3435 2813 Quod
3465 2741 3711 2797 nimirum

2125 2845 2346 2902 credere
2374 2843 2596 2898 minime
2623 2847 2844 2912 possent
2865 2837 3074 2910 aegroti.
3107 2834 3242 2890 Audi
3272 2849 3402 2889 sane
3427 2831 3550 2902 quid
3577 2829 3717 2884 Cha-

2126 2950 2310 2993 nanzea
2356 2935 2522 2992 dicit:
2556 2933 2696 2988 Filia
2736 2949 2847 2986 mea
2889 2931 3021 2984 male
3059 2945 3092 2982 a
3121 2926 3369 2981 dwmonia
3409 2931 3634 2985 vexatur,
3669 2928 3719 2973 et

2127 3047 2260 3083 nunc
2300 3026 2501 3098 quidem
2553 3025 2686 3078 cadit
2733 3025 2786 3076 in
2833 3036 3018 3091 aquam
3040 3059 3056 3086 ,
3092 3032 3226 3071 nunc
3266 3022 3434 3067 autem
3469 3013 3523 3064 in
3552 3011 3720 3079 ignem

2128 3122 2210 3192 (ιι)
2239 3119 2452 3192 (ΜαιιΙι.
2494 3118 2580 3172 l5.
2614 3115 2706 3184 22)
2747 3132 2760 3166 :
2795 3114 2884 3167 illa
2912 3125 3041 3166 vero
3069 3107 3329 3175 vertigine
3357 3104 3628 3168 laborans,
3665 3110 3722 3156 et

2129 3226 2159 3264 a
2185 3209 2428 3264 dre-mone
2470 3213 2748 3274 correpta,
2780 3214 3006 3272 qumque
3049 3209 3337 3264 numquam
3377 3192 3573 3248 mentis
3609 3206 3722 3245 suae

2131 3313 2351 3368 compos
2380 3311 2501 3351 esse
2528 3303 2756 3365 poterat,
2781 3305 2954 3362 neque
2978 3303 3105 3344 sana
3134 3300 3277 3354 esse,
3300 3299 3405 3356 quo
3429 3291 3585 3355 pacto
3603 3296 3724 3337 cre-

2132 3391 2261 3447 dere
2288 3385 2585 3460 potuisset?

2209 3481 2393 3535 Fidem
2417 3477 2632 3532 ostendit
2665 3473 2967 3545 Paralytici.
2996 3501 3068 3512 —
3093 3470 3158 3527 Ut
3183 3469 3340 3540 igitur
3359 3466 3497 3537 apud
3517 3465 3728 3520 Chana-

2135 3588 2306 3628 nteam
2332 3614 2346 3638 ,
2388 3571 2466 3625 sic
2497 3579 2551 3624 et
2583 3567 2722 3639 apud
2767 3565 3172 3629 centurionem;
3207 3562 3259 3616 in
3288 3560 3489 3616 aedibus
3514 3557 3728 3626 iacebat

2137 3681 2291 3737 puer,
2323 3664 2412 3734 qui
2442 3677 2542 3717 nec
2564 3661 2677 3730 ipse
2697 3667 2918 3714 noverat
2945 3656 3237 3718 Christum,
3268 3667 3441 3721 neque
3465 3649 3584 3721 quis
3605 3656 3729 3702 tan-

2143 3759 2263 3814 dem
2292 3765 2469 3820 esset,
2514 3755 2600 3824 qui
2627 3751 2885 3822 potuisset
2923 3748 3082 3818 igitur
3110 3747 3158 3801 ei
3181 3760 3339 3816 quem
3378 3758 3484 3797 non
3509 3746 3730 3795 noverat

2140 3848 2393 3913 credere,
2421 3854 2473 3901 et
2498 3845 2650 3914 cujus
2681 3840 2974 3912 periculum
3016 3837 3216 3892 nullum
3239 3833 3470 3890 fecerat?
3498 3831 3728 3886 Atcnim

2141 3942 2210 3998 de
2240 3940 2342 3994 hoc
2366 3938 2549 3992 dicere
2576 3933 2717 3989 istud
2759 3947 2865 3986 non
2897 3930 3020 3984 licet
3055 3947 3067 3982 :
3098 3926 3358 3996 siquidem
3383 3922 3606 3978 credidit
3633 3935 3732 3990 pa-

2143 4032 2414 4102 ralyticos.
2446 4026 2600 4083 Unde
2629 4025 2681 4080 id
2706 4022 2952 4078 constat?
2984 4022 3062 4074 Ex
3102 4019 3218 4088 ipso
3264 4016 3423 4070 modo
3443 4057 3456 4078 ,
3489 4028 3594 4082 quo
3639 4010 3734 4064 ad-

2145 4123 2341 4178 ductus
2370 4131 2476 4175 est.
2501 4118 2684 4186 Neque
2711 4117 2852 4170 enim
2883 4111 3010 4167 illud
3030 4111 3320 4166 oscitanter
3341 4107 3525 4162 audias
3545 4148 3559 4171 ,
3590 4103 3732 4174 quod

2146 4214 2477 4269 demiserunt
2507 4224 2628 4265 eum
2664 4223 2760 4278 per
2784 4215 2980 4260 tectum
3009 4221 3021 4256 :
3047 4201 3141 4258 sed
3165 4217 3286 4256 cum
3327 4200 3504 4254 animo
3526 4205 3617 4251 tuo
3645 4210 3737 4250 re—

2149 4314 2272 4375 puta
2299 4347 2313 4370 ,
2359 4310 2616 4374 quantum
2647 4298 2717 4354 sit
2744 4305 3000 4367 tegrotum
3028 4293 3079 4348 id
3117 4293 3221 4362 pati
3257 4298 3564 4347 contentum
3593 4301 3735 4342 esse.

2153 4396 2326 4452 Probe
2356 4392 2616 4464 siquidem
2648 4389 2819 4445 nostis
2849 4387 2984 4442 adeo
3010 4384 3377 4455 pusillanimes
3403 4395 3468 4436 ac
3494 4393 3739 4434 morosos

2153 4505 2324 4560 (εει-ος
2351 4503 2492 4553 esse,
2521 4494 2582 4541 ut
2610 4481 2903 4539 ministeria
2939 4495 3057 4549 qme
3077 4476 3376 4547 iacentibus
3405 4475 3456 4527 in
3479 4473 3618 4527 lecto
3645 4469 3742 4524 de-

2152 4581 2426 4646 feruntur,
2459 4588 2829 4649 sarpenumero
2853 4571 3234 4630 adversentur,
3273 4564 3564 4634 malintque
3592 4575 3742 4615 mor-

2156 4677 2346 4732 borum
2373 4672 2590 4727 dolores
2631 4666 2868 4739 perferre
2892 4705 2906 4727 ,
2947 4676 3104 4731 quam
3135 4657 3405 4715 molestias
3430 4668 3616 4710 eorum
3652 4651 3743 4722 qui

2155 4767 2409 4836 adjuvant.
2458 4761 2740 4818 sustinere.
2798 4756 2902 4810 Iste
2943 4767 3070 4807 vero
3117 4759 3170 4805 et
3210 4765 3277 4803 ex
3325 4746 3528 4802 aedibus
3563 4739 3743 4812 egredi

2157 4865 2439 4911 contentus
2467 4859 2603 4916 erat,
2629 4858 2685 4904 et
2707 4862 2800 4916 per
2827 4845 2999 4898 forum
3032 4839 3256 4910 ingredi,
3281 4853 3400 4892 cum
3423 4843 3742 4904 gestaretur,

2165 4961 2329 5017 seque
2352 4953 2428 4999 tot
2461 4939 2813 5012 praesentibus
2843 4933 3149 4990 hominibus
3177 4928 3480 4984 ostendere.
3515 4925 3606 4980 Est
3646 4924 3748 4976 hoc

2159 5015 2317 5094 etiam
2343 5037 2396 5090 in
2426 5048 2575 5089 more
2604 5031 2834 5102 positum
2864 5032 3205 5096 agrotorum,
3241 5020 3321 5093 [ut
3350 5034 3454 5072 non
3481 5015 3632 5070 facile
3652 5029 3746 5067 ve-

2161 5130 2260 5184 lint
2285 5127 2452 5182 ullum
2479 5138 2591 5179 sua:
2621 5118 2946 5190 mgritudiiiis
2972 5130 3092 5170 esse
3120 5108 3332 5182 testem]
3366 5125 3380 5162 :
3413 5109 3490 5162 sic
3512 5113 3570 5160 ut
3599 5102 3749 5157 multi

2163 5220 2448 5277 maluerint
2473 5213 2713 5286 oppressi
2743 5211 2942 5265 morbis
2968 5207 3202 5268 interire,
3235 5218 3392 5273 quam
3419 5197 3746 5254 calamitates

2163 5330 2287 5369 suas
2309 5313 2578 5381 detegere.
2624 5307 2814 5361 Atnou
2857 5303 2927 5356 ita
2971 5315 3112 5370 aeger
3138 5299 3267 5359 iste,
3301 5307 3488 5348 verum
3513 5304 3634 5345 eum
3664 5302 3752 5342 re-

2167 5408 2365 5477 pletum
2394 5402 2598 5456 videret
2627 5399 2915 5455 theatrum,
2955 5391 3129 5446 aditus
3159 5386 3476 5442 interclusos
3495 5422 3509 5447 ,
3542 5388 3750 5449 portum

2169 5471 2447 5567 obseptum
2475 5536 2489 5557 ,
2526 5508 2619 5562 per
2661 5498 2855 5543 tectum
2901 5482 3105 5538 demitti
3149 5487 3433 5534 contentus
3464 5474 3580 5528 fuit.
3606 5471 3754 5526 Adeo

2166 5561 2341 5646 solers
2362 5595 2445 5641 est
2475 5561 2646 5646 amor,
2675 5588 2730 5636 et
2757 5575 2992 5644 locuples
3017 5572 3231 5627 caritas.
3265 5568 3396 5622 Nam
3423 5564 3513 5637 qui
3538 5561 3752 5634 qua‘rit,

2237 5765 2310 5826 (α)
2344 5763 2423 5811 ttic
2449 5758 2667 5824 quaedam
2691 5755 2975 5817 adjiciuntur
3003 5761 3065 5798 ex
3090 5745 3252 5796 Matth.
3285 5745 3354 5793 t7.
3387 5742 3461 5792 ll.
