4066 6274
339 307 408 362 55
1217 305 1282 360 IN
1317 305 1812 362 PARALYTICUM
1853 306 2206 368 DfiMleUM
2245 315 2378 372 PER
2419 318 2724 378 TECTUM.
3527 325 3595 380 5'6

330 423 384 474 δὲ
413 422 663 492 ἀνέμεινε
695 420 830 492 πρὸς
867 421 1025 475 αὐτόν
1057 423 1403 494 κομισθῆναι,
1437 425 1532 478 καὶ
1555 425 1644 478 διά
1669 425 1722 477 τί
1761 425 1904 478 ἐκεί-

330 523 422 558 νου
461 507 559 576 μὲν
597 506 659 560 τὺ
701 507 860 577 σῶμα
904 506 1188 577 πρότερον,
1241 507 1429 560 τούτου
1463 508 1522 560 δέ
1579 507 1676 576 τὴν
1729 508 1908 578 ψυχὴν

328 590 596 661 πρότερον
650 591 815 644 ἰᾶται.
853 590 928 642 Ού
983 589 1090 660 γὰρ
1147 589 1334 654 ἁπλῶς
1401 590 1522 643 οὐδὲ
1569 591 1694 660 εἰκῆ
1735 590 1906 644 ταῦτα

329 677 492 740 ποιεῖ,
526 673 686 744 σοφὸς
736 675 812 726 ὢν
847 677 939 727 καὶ
984 675 1362 746 προνοητικός.
1409 675 1774 746 Προσέχωμεν
1803 673 1910 726 τοὶ-

328 775 445 821 νυν,
482 759 576 811 καὶ
603 757 801 828 ίδωμεν
829 757 992 810 αὐτὸν
1028 757 1418 830 θεραπεύοντα.
1450 757 1512 810 Εἰ
1541 757 1648 826 γάρ
1679 756 1772 808 ἐπὶ
1799 755 1909 807 τῶν

335 841 552 910 ἰατρῶν,
599 840 821 894 ἐπειδὰν
870 839 1158 910 τέμνωσιν,
1195 841 1228 911 ἢ
1279 841 1526 902 καίωσιν,
1565 839 1595 908 ἢ
1641 839 1735 890 καὶ
1763 835 1908 907 ἄλλῳ

329 926 514 995 τρόπῳ
549 925 950 996 πεπηρωμένον
979 926 1074 976 καὶ
1121 924 1522 995 ἐξησοενηκότα
1564 921 1908 990 ἀνατέμνων-

328 1023 439 1072 ται,
470 1007 564 1059 καὶ
585 1007 969 1078 κατατέμνωσι
1001 1006 1178 1077 μέλος,
1212 1007 1395 1060 πολλοὶ
1416 1003 1905 1076 περιστοιχίζονται

327 1093 420 1149 τόν
460 1109 520 1145 τε
570 1094 854 1164 ἄρρωστον
887 1091 980 1144 καὶ
1029 1092 1122 1143 τὸν
1167 1089 1340 1144 ταῦτα
1393 1089 1650 1143 ποιοῦντα
1699 1087 1902 1160 ἰατρὸν,

329 1175 512 1246 πολλῷ
555 1176 754 1245 μᾶλλον
785 1176 934 1245 ἡμᾶς
974 1172 1208 1227 ἐνταῦθα
1235 1173 1394 1226 τοῦτο
1441 1175 1616 1226 ποιεῖν
1645 1171 1770 1243 χρὴ,
1796 1171 1907 1240 ὅσῳ

331 1263 426 1314 καὶ
451 1262 630 1332 ἰατρὸς
659 1259 882 1330 μείζων,
917 1259 1011 1313 καὶ
1043 1259 1104 1311 τὸ
1139 1258 1350 1328 νόσημα
1381 1255 1782 1328 χαλεπώτερον,
1806 1255 1906 1306 οὐκ

328 1345 641 1417 ἀνθρωπίνῃ
665 1343 852 1414 τέχνῃ,
897 1342 1034 1396 ἀλλά
1069 1341 1188 1413 θείᾳ
1229 1341 1666 1412 κατορθούμενον
1699 1339 1902 1409 χάριτι.

331 1431 502 1484 Κάκεῖ
528 1430 626 1500 μὲν
675 1430 769 1480 καὶ
806 1429 984 1498 δέρμα
1033 1425 1180 1480 ἔστιν
1232 1427 1360 1480 ἰδεῖν
1409 1427 1762 1496 τεμνόμενον,
1811 1423 1906 1476 καὶ

330 1513 502 1584 ἰχῶρα
535 1512 750 1583 ῥέοντα,
788 1511 880 1564 καὶ
905 1510 1170 1582 σηπεδόνα
1201 1509 1548 1579 κινουμένην,
1579 1507 1672 1560 καὶ
1705 1505 1904 1576 πολλὴν

325 1596 514 1668 ἀηδίαν
544 1595 653 1649 ἀπὺ
680 1595 780 1664 τῆς
807 1593 1040 1665 θεωρίας
1067 1593 1428 1664 ἐγγινομένην
1466 1593 1778 1662 ὑπομεῖναι,
1811 1591 1906 1642 καὶ

327 1679 526 1749 πολλὴν
575 1678 768 1749 ὀδύνην
800 1679 894 1730 καὶ
925 1677 1123 1746 λύπην,
1169 1677 1267 1728 οὐκ
1299 1677 1407 1729 ἀπὸ
1444 1675 1544 1744 τῆς
1586 1674 1764 1744 ὅψεως
1793 1673 1902 1726 τῶν

323 1761 654 1834 τραυμάτων
688 1761 868 1832 μόνον,
895 1759 1032 1813 ἀλλά
1073 1759 1164 1812 καὶ
1193 1757 1300 1812 ἀπὸ
1339 1757 1439 1828 τῆς
1479 1757 1770 1828 ἀλγηδόνος
1795 1755 1902 1808 τῶν

326 1846 630 1916 καιομένων
677 1844 772 1897 καὶ
814 1843 922 1896 τῶν
972 1840 1352 1912 τεμνομένων
1387 1840 1561 1904 οὐδεὶς
1603 1841 1710 1911 γὰρ
1759 1837 1902 1892 οὕτω

327 1928 548 1994 λίθινος,
611 1929 686 1991 ὡς
733 1927 1020 1999 παρεστὼς
1074 1928 1188 1987 τοῖς
1243 1924 1418 1977 ταῦτα
1476 1927 1764 1995 πάσχουσι,
1812 1924 1904 1976 καὶ

327 2011 543 2066 ἀκούων
582 2009 962 2076 όλολυζόντων,
1006 2007 1127 2078 οὐχί
1158 2006 1520 2070 κατακλᾶται,
1566 2008 1662 2060 καὶ
1691 2009 1906 2076 συγχεῖ-

327 2114 438 2162 ται,
470 2097 562 2150 καὶ
596 2095 796 2166 πολλὴν
830 2097 896 2165 τῇ
927 2093 1072 2164 ψυχῇ
1115 2090 1326 2162 δέχεται
1355 2093 1454 2162 τὴν
1484 2091 1720 2162 ἀθυμίαν
1742 2109 1753 2121 ’
1789 2090 1902 2144 ἀλλ’

324 2181 476 2249 ὅμως
504 2179 594 2233 διά
638 2180 737 2252 τὴν
773 2179 1068 2249 ἐπιθυμίαν
1100 2181 1200 2250 τῆς
1242 2179 1473 2250 θεωρίας
1517 2175 1688 2229 ταῦτα
1725 2173 1904 2228 πάντα

326 2263 690 2333 ὑπομένομεν.
739 2261 1000 2314 Ἐνταῦθα
1027 2262 1082 2314 δὲ
1116 2262 1266 2314 οὐδὲν
1303 2259 1542 2314 τοιοῦτον
1572 2257 1716 2312 ἔστιν
1753 2257 1901 2320 ίδεῖν,

324 2343 386 2396 οὐ
417 2343 528 2414 πῦρ
559 2344 991 2415 προσαγόμενον,
1020 2345 1078 2395 οὐ
1109 2344 1326 2414 σίδηρον
1361 2341 1776 2413 βαπτιζόμενον,
1805 2339 1903 2408 οὐχ

325 2421 462 2497 αἷμα
495 2427 638 2497 ῥέον,
679 2427 740 2479 οὐ
772 2427 864 2479 τὸν
897 2426 1174 2498 κάμνοντα
1205 2425 1560 2496 ὀδυνώμενον,
1590 2424 1690 2477 οὐκ
1720 2419 1902 2475 ὀλολύ⁴

326 2509 515 2571 ζοντα·
548 2509 610 2562 τὸ
644 2509 700 2562 δέ
731 2508 925 2574 αἴτιον,
965 2511 998 2578 ὴ
1041 2511 1202 2578 σοφία
1232 2509 1326 2562 τοῦ
1357 2505 1717 2578 ίατρεύοντος,
1755 2505 1902 2557 οὐδε-

324 2591 412 2654 νὸς
437 2592 666 2663 δεομένη
687 2591 894 2645 τούτων
919 2592 1027 2646 τῶν
1051 2592 1269 2657 ἔξωθεν,
1296 2591 1414 2644 ἀλλ’
1442 2589 1582 2661 αὐτὴ
1611 2591 1776 2658 ἑαυτῇ
1805 2588 1900 2640 αὐ-

323 2675 531 2746 τάρκης
561 2673 714 2732 οὖσα.
761 2677 947 2746 Ἀρκεῖ
967 2675 1075 2745 γὰρ
1096 2673 1348 2737 ἐπιτάξαι
1383 2672 1562 2742 μόνον,
1599 2673 1692 2724 καὶ
1723 2672 1900 2726 πάντα

325 2756 512 2811 λύεται
539 2757 608 2810 τά
631 2758 799 2813 δεινά.
833 2758 908 2811 Οὐ
938 2757 1098 2811 τοῦτο
1127 2757 1186 2810 δέ
1216 2760 1330 2810 ἐστι
1373 2755 1433 2809 τὸ
1463 2755 1898 2826 θαυμαζόμενον,

323 2839 406 2894 ὅτι
441 2840 560 2910 μετ’
609 2841 858 2904 εὐκολίας
899 2842 1170 2911 τοσαύτης
1209 2841 1444 2892 ποιεῖται
1489 2839 1588 2910 τὴν
1637 2837 1900 2907 ἰατρείαν,

324 2922 444 2976 ἀλλ’
468 2923 550 2976 δτι
576 2922 671 2976 καὶ
694 2923 999 2987 ἀνωδύνως,
1026 2923 1214 2976 οὐδένα
1239 2923 1400 2976 πόνον
1427 2921 1646 2990 ἐπάγων
1673 2923 1786 2983 τοῖς
1812 2919 1902 2972 θε-

329 3007 740 3076 ραπευομένοις.
782 3005 934 3060 Ἐπεὶ
985 3003 1077 3061 οὖν
1118 3007 1210 3059 καί¹
1241 3006 1424 3076 μεῖζον
1451 3003 1512 3056 τὸ
1565 3002 1770 3073 θαῦμα,
1810 3002 1905 3054 καὶ

330 3087 597 3160 πλείωνή
649 3089 933 3162 θεραπεία,
982 3090 1078 3144 καὶ
1120 3087 1334 3160 καθαρά
1379 3087 1558 3158 πάσης
1609 3085 1902 3157 ἀθυμίαςή

328 3169 488 3241 ἡδονὴ
533 3175 647 3234 τοῖς
682 3171 995 3244 θεωμένοις,
1031 3173 1163 3244 φέρε
1205 3170 1344 3244 μετά
1387 3169 1672 3240 ἀκριϐείας
1699 3167 1904 3222 θεασώ-

333 3253 469 3323 μεθα
488 3255 859 3326 θεραπεύοντα
873 3257 962 3311 τὸν
979 3259 1022 3310 Χ
1031 3257 1231 3328 ριστόν.
1254 3253 1362 3310 Καί
1383 3255 1567 3324 ἐμϐὰς
1585 3255 1672 3319 εἰς
1688 3252 1904 3307 πλοῖον

327 3334 664 3406 διεπέρασε,
699 3340 800 3393 καί
835 3337 1024 3412 ἰθεν
1071 3342 1158 3406 εἰς
1197 3339 1357 3392 ἰδιάν
1394 3337 1594 3402 πόλιν,
1631 3338 1726 3390 καί
1773 3335 1902 3390 ἰδοὺ

328 3421 753 3492 προσήνεγκαν
782 3425 942 3489 αὐτῷ
985 3421 1394 3491 παραλυτικὸν
1422 3419 1520 3474 ἐπὶ
1559 3421 1774 3488 κλίνης
1797 3421 1903 3483 ,βε-

325 3504 656 3573 βλημένον,
703 3508 802 3561 καί
830 3507 974 3561 ἰδὼν
1000 3510 1034 3561 ό
1066 3507 1298 3574 Ἰησοῦς
1327 3505 1444 3572 τὴν
1469 3505 1679 3558 πίστιν
1706 3502 1905 3557 αὐτῶν

327 3581 458 3641 εἷκε
487 3586 570 3654 τῷ
614 3589 1028 3658 πῳαλυτικῷ’
1066 3589 1303 3657 Θάρσει,
1329 3587 1568 3650 τέκνον,
1611 3584 1908 3653 ἀφέωνταί

332 3683 430 3724 σοι
463 3675 520 3724 αι
554 3672 830 3741 ἁμαρτίαι
867 3687 1006 3727 σου.
1043 3673 1150 3725 Τοῦ
1187 3671 1286 3742 μὲν
1314 3670 1706 3741 ἑκατοντάρχου
1747 3668 1906 3721 ἐλάτ-

329 3769 456 3816 τους
492 3755 598 3808 εἰσὶ
619 3756 760 3810 κατά
786 3756 886 3827 τὴν
918 3755 1120 3822 πίστιν,
1151 3754 1246 3808 τοῦ
1276 3753 1334 3807 δὲ
1363 3754 1420 3805 ἐν
1449 3755 1516 3823 τῇ
1549 3751 1907 3823 κολυμϐήθρᾳ

269 3865 272 3868 ι
329 3835 572 3906 μείζους.
615 3838 851 3902 Ἐκεῖνος
885 3839 983 3908 μὲν
1005 3837 1112 3908 γάρ
1143 3835 1268 3890 οὔτε
1295 3835 1386 3890 τὸν
1417 3835 1600 3905 ἰατρὸν
1635 3835 1904 3898 εἵλκυσεν,

327 3917 454 3972 οὔτε
505 3920 596 3974 τὸν
656 3923 934 3992 ἄρρωστον
968 3921 1104 3990 πρὸς
1156 3920 1249 3972 τὸν
1293 3919 1475 3988 ἰατρὸν
1520 3919 1758 3989 ἠγαγεψ
1794 3918 1910 3971 ἀλλ’

328 4003 404 4065 ὡς
435 4001 555 4072 Θεῷ
609 4003 901 4073 προσῆλθε,
942 4003 1036 4056 καί
1082 4018 1278 4074 φησιν·
1315 3999 1464 4055 Εἰπὲ
1495 4001 1656 4070 λόγῳ
1691 4001 1904 4069 μόνον,

328 4083 426 4136 καὶ
464 4085 770 4150 ἰαθήσεται
799 4089 834 4140 ό
860 4085 1000 4151 παῖς
1021 4103 1162 4155 μου.
1199 4077 1357 4138 Οὗτοι
1381 4085 1436 4137 δὲ
1468 4085 1559 4138 τὸν
1594 4083 1694 4154 μὲν
1726 4084 1907 4154 ίατρὺν

329 4171 408 4229 εἰς
446 4167 544 4239 τὴν
575 4169 752 4222 οἰκίαν
801 4169 899 4240 οὐχ
930 4168 1202 4234 εἵλκυσαν,
1251 4169 1345 4222 καὶ
1380 4168 1523 4222 κατὰ
1565 4167 1723 4221 τοῦτό
1769 4169 1906 4221 εἰσιν

332 4251 435 4304 ίσοι
453 4251 530 4322 τῷ
549 4251 924 4323 ἑκατοντάρχῃ
943 4269 955 4283 ·
979 4252 1070 4305 τὸν
1087 4252 1144 4305 δέ
1160 4252 1438 4324 ἀρρωστον
1461 4252 1598 4323 πρὸς
1613 4251 1703 4304 τὸν
1726 4251 1905 4322 ἰατρὸν

331 4335 615 4406 ἐκόμισαν,
647 4335 741 4388 καὶ
787 4335 929 4388 κατά
979 4333 1136 4388 τοῦτό
1173 4338 1313 4388 εἰσιν
1366 4335 1642 4398 ἐλάττους,
1675 4335 1756 4387 ὅτι
1807 4337 1906 4388 οὑκ

331 4413 505 4482 εἷπον,
539 4419 687 4473 Είπὲ
712 4421 870 4488 λόγῳ
887 4420 1097 4487 μόνον.
1134 4419 1240 4472 Τοῦ
1275 4419 1457 4490 μέντοι
1487 4420 1740 4488 κειμένου
1771 4417 1904 4473 πολύ

334 4501 576 4571 βελτίους
605 4495 768 4557 οῦτοι.
816 4503 1052 4565 Ἐκεῖνος
1084 4502 1181 4572 μὲν
1215 4500 1330 4573 [40]
1359 4502 1468 4572 γὰρ
1501 4501 1670 4572 λέγει·
1701 4499 1902 4569 Κύριε,

333 4584 646 4653 ἄνθρωπον
677 4587 786 4639 οὐκ
815 4585 954 4654 ἔχω,
989 4587 1110 4650 ἵνα,
1143 4585 1290 4638 ὅταν
1319 4584 1586 4653 ταραχθῇ
1627 4583 1692 4636 τὸ
1727 4583 1904 4651 ὕδωρ,

326 4666 498 4734 ,ϐάλῃ
539 4683 615 4735 με
639 4670 726 4734 εἰς
753 4668 870 4734 τὴν
895 4667 1318 4737 κολυμϐήθραν
1341 4681 1352 4696 ⁸
1390 4659 1534 4718 οῦτοι
1565 4667 1620 4719 δὲ
1663 4667 1904 4737 ᾔδεισαν,

332 4749 414 4802 ὅτι
447 4750 596 4804 οὐδὲν
621 4751 702 4804 δεῖ
728 4751 806 4822 τῷ
847 4751 1088 4822 Χριστῷ,
1131 4751 1228 4820 οὐχ
1267 4749 1492 4814 ὑδάτων,
1525 4750 1586 4802 οὐ
1633 4748 1910 4820 κολυμϐή-

333 4834 488 4905 θρας,
512 4835 610 4888 οὐκ
639 4833 798 4888 άλλου
830 4835 1070 4888 τοιούτου
1101 4833 1245 4898 τινός
1269 4852 1282 4866 ·
1311 4833 1424 4887 ἀλλ’
1447 4835 1596 4904 ὅμως
1619 4835 1647 4886 6
1674 4833 1905 4905 Χριστὸς

332 4922 454 4992 οὐχὶ
500 4921 590 4978 τὸν
627 4921 721 4975 τοῦ
755 4923 1154 4994 ἑκατοντάρχου
1191 4921 1369 4992 μόνον,
1401 4921 1536 4974 ἀλλά
1579 4923 1674 4976 καὶ
1719 4922 1908 4977 τοῦτον

333 5011 583 5064 κάκεῖνον
620 5010 728 5063 τῶν
759 5009 1084 5081 νοσημάτων
1117 5009 1410 5080 ἀπήλλαξε,
1455 5009 1548 5063 καὶ
1585 5009 1684 5064 οὐκ
1715 5007 1868 5066 εἶπεν
1889 5027 1904 5042 ⁸

347 5093 568 5167 Ἐπειδὴ
581 5096 762 5151 πίστιν
777 5096 1040 5155 ἐλάττονα
1059 5099 1458 5168 προσήνεγκας,
1495 5097 1590 5150 καὶ
1619 5098 1715 5170 τὴν
1745 5099 1909 5171 θερα-

334 5185 493 5236 πείαν
536 5183 798 5249 ὡσαύτως
843 5185 1026 5258 λήψῃ’
1067 5185 1203 5240 ἀλλὰ
1235 5187 1325 5239 τὸν
1373 5185 1596 5257 μείζονα
1640 5189 1908 5254 ἐπιδειξά-

337 5289 496 5342 μενον
553 5275 668 5343 μετ’
701 5273 994 5344 ἐγκωμίων·
1019 5273 1112 5327 καὶ
1147 5275 1426 5343 στεφάνων
1471 5275 1796 5345 ἀπέπεμψεν
1829 5279 1906 5330 εἰ-

335 5357 451 5412 πών
470 5375 484 5391 ·
513 5357 664 5413 οὐδὲ
683 5361 752 5413 ἐν
773 5357 854 5425 τῷ
889 5359 1126 5428 Ἰσραὴλ
1147 5362 1450 5429 τοσαύτην
1475 5363 1682 5416 πίστιν
1704 5359 1902 5432 εὗρον.

335 5445 440 5500 Τὺν
464 5447 523 5501 δέ
551 5449 808 5504 ἐλάττονα
849 5451 1357 5521 προσενεγκάμενον
1397 5451 1606 5504 ἐκείνου
1649 5453 1749 5506 οὐκ
1775 5451 1908 5524 ἐπῄ-

335 5551 490 5588 νεσεν
515 5536 688 5598 οὐδὲν,
724 5538 784 5590 οὐ
836 5539 945 5610 μὴν
984 5539 1082 5610 τῆς
1127 5538 1316 5608 ὑγείας
1361 5537 1754 5610 ἀπεστέρησεν,
1791 5539 1906 5594 ἀλλ’

332 5623 452 5675 οὐδὲ
473 5625 676 5679 ἐκεῖνον
695 5625 787 5680 τὸν
808 5627 1064 5698 οὐδεμίαν
1087 5627 1490 5700 ἐπιδειξάμενον
1511 5629 1713 5684 πίστιν.
1747 5631 1906 5686 Ἀλλά

336 5711 587 5785 καθάπερ
631 5715 804 5786 ίατροὶ
836 5715 898 5770 τὸ
925 5717 1054 5772 αὐτὸ
1085 5717 1298 5789 νόσημα
1329 5717 1719 5787 θεραπεύοντες
1753 5722 1904 5791 παρὰ

2021 431 2120 498 μὲν
2153 432 2259 486 τῶν
2293 435 2488 490 ἑκατὸν
2507 440 2794 508 χρυσίνους
2826 437 3036 502 ἔλαϐον,
3071 441 3218 512 παρά
3245 441 3300 494 δέ
3333 441 3439 494 τῶν
3469 443 3599 512 ἡμί-

2017 537 2150 585 σεις,
2186 523 2335 594 παρά
2357 525 2464 578 τῶν
2493 527 2773 592 ἐλάσσους,
2811 529 2938 598 παρ’
2971 529 3127 582 ἐνίων
3160 530 3216 582 δέ
3244 531 3392 584 οὐδὲν
3421 529 3556 594 ὅλως
3577 545 3591 560 ο

2014 610 2156 664 οὑτω
2179 613 2242 683 δὴ
2278 615 2372 666 καὶ
2396 617 2423 667 6
2453 619 2706 687 Χριστὸς,
2741 619 2890 690 παρά
2923 619 3022 690 μὲν
3051 619 3144 672 τοῦ
3194 621 3594 690 ἑκατοντάρχου

2017 705 2214 776 πολλὴν
2242 707 2335 760 καὶ
2367 707 2572 778 ἄφατον
2617 710 2834 776 ἐδέξατο
2884 711 3084 776 πίστιν,
3121 711 3272 781 παρά
3303 710 3356 762 δέ
3404 711 3593 766 τούτου

2014 797 2290 862 ἐλάττονα,
2344 803 2474 872 παρ’
2523 802 2730 856 ἐκείνου
2762 802 2819 856 δέ
2859 803 2978 856 οὐδὲ
3006 805 3104 872 τὴν
3153 804 3441 874 τυχοῦσαν,
3488 805 3586 856 καὶ

2013 889 2162 960 ὅμως
2189 890 2432 956 ἅπαντας
2463 892 2820 965 ἐθεράπευσε.
2853 895 3008 958 Τίνος
3043 890 3135 947 οὖν
3163 895 3346 947 ’ένεκεν
3380 895 3471 948 καὶ
3501 895 3592 948 τὸν

2013 983 2164 1036 οὐδὲν
2213 985 2584 1040 καταϐαλόντα
2622 987 2718 1056 τῆς
2771 986 3091 1056 εὐεργεσίας
3147 986 3412 1056 nam“;
3467 987 3590 1038 Ὅτι

2012 1073 2132 1127 οὐδὲ
2159 1076 2308 1144 παρά
2343 1076 2636 1146 ρᾳθυμίαν.
2667 1077 2786 1130 οὐδέ
2817 1078 2964 1148 παρὰ
2997 1078 3350 1146 ἀναισθησίαν
3383 1078 3583 1148 ψυχῆς,

2013 1165 2150 1219 ἀλλὰ
2181 1167 2331 1237 παρά
2360 1168 2419 1220 τὸ
2462 1169 2674 1236 ἀγνοεῖν
2711 1167 2800 1220 τὸν
2829 1170 3061 1240 Χριστὸν
3093 1169 3188 1223 καὶ
3224 1169 3390 1241 μηδὲν
3427 1169 3592 1240 μηδέ-

2015 1273 2142 1310 ποτε
2175 1259 2312 1328 μήτε
2361 1259 2552 1329 μικρὸν
2589 1261 2723 1330 μήτε
2759 1261 2900 1330 μέγα
2929 1262 3224 1331 ἀκηκοέναι
3265 1263 3394 1330 περὶ
3423 1258 3590 1312 αὐτοῦ

2013 1347 2218 1418 θαῦμα,
2243 1349 2342 1420 τὴν
2373 1350 2550 1402 πίστιν
2580 1351 2680 1403 οὐκ
2705 1349 3034 1416 ἐπεδείξατο.
3063 1352 3159 1404 Διά
3193 1351 3350 1404 τοῦτο
3370 1347 3461 1404 οὖν
3495 1351 3589 1402 καὶ

2015 1435 2341 1508 συγγνώμης
2374 1438 2681 1508 ἀπήλαυσεν
2701 1451 2714 1464 ⁸
2744 1439 2880 1509 ὅπερ
2906 1435 2997 1492 οῦν
3024 1440 3116 1492 καὶ
3145 1441 3172 1491 6
3198 1437 3587 1506 εὐαγγελιστὴς

2011 1525 2382 1594 αἰνιττόμενος
2410 1525 2594 1592 ἔλεγεν
2613 1543 2625 1556 ·
2645 1525 2796 1577 Οὐδὲ
2814 1525 2922 1594 γὰρ
2955 1525 3106 1594 ᾔδει,
3129 1526 3299 1590 ὅστις
3319 1523 3464 1576 ποτὲ
3485 1519 3584 1593 ἦν,

2010 1613 2124 1667 ἀλλ’
2155 1614 2214 1679 ἐξ
2249 1615 2424 1685 ὅψεως
2457 1617 2615 1670 αὐτὸν
2649 1617 2818 1687 μόνης
2859 1617 3092 1686 ἐπέγνω,
3126 1618 3215 1669 ὅτε
3247 1619 3309 1668 ἐκ
3333 1615 3583 1684 δευτέρου

2013 1706 2319 1776 συνέτυχεν.

2080 1798 2141 1852 ε’.
2183 1798 2338 1862 Τινὲς
2371 1799 2468 1870 μὲν
2499 1793 2590 1852 οῦν
2625 1815 2804 1868 φασιν,
2836 1799 2916 1852 δτι
2944 1798 3052 1851 τῶν
3105 1797 3589 1868 προσενεγκάντων

2012 1891 2418 1943 πιστευσάντων
2479 1891 2660 1959 μόνον,
2703 1885 2856 1952 οὗτος
2905 1888 3296 1962 ἐθεραπεύετο·
3349 1889 3458 1941 ἀλλ’
3489 1889 3590 1940 οὐκ

2016 1982 2132 2034 ἐστι
2154 1981 2332 2034 τοῦτο.
2375 1981 2542 2036 Ἰδὼν
2569 1983 2676 2052 γὰρ
2713 1980 2829 2048 τὴν
2858 1982 3066 2034 πίστιν
3097 1979 3313 2043 αὐτῶν,
3341 1979 3460 2048 οὐχὶ
3481 1979 3588 2030 τῶν

2011 2075 2491 2144 προσενεγκάντων
2536 2073 2715 2143 μόνον,
2759 2072 2896 2126 ἀλλά
2933 2074 3026 2125 καὶ
3067 2071 3160 2124 τοῦ
3201 2069 3588 2142 προσενεχθέν⁴

2009 2183 2122 2228 τος.
2153 2167 2218 2218 Τί
2245 2161 2372 2230 οῦν;
2414 2165 2601 2235 ἐτέρου
2654 2163 3040 2226 πιστεύσαντος
3091 2163 3279 2232 ⁹έτερος
3319 2161 3378 2212 οὐ
3427 2159 3586 2230 θερα-

2011 2258 2264 2322 πεύεται;
2305 2257 2487 2330 φησίν.
2521 2259 2634 2311 Οὐκ
2673 2257 2844 2326 ἔγωγε
2876 2249 3048 2326 οἶμαι,
3083 2253 3219 2323 πλὴν
3253 2255 3301 2304 εἰ
3356 2253 3427 2323 μή
3455 2267 3506 2302 τι
3548 2249 3582 2320 ἢ

2009 2350 2096 2403 διά
2131 2349 2343 2418 ἡλικίας
2377 2350 2572 2420 ἄωρον,
2618 2347 2652 2419 ἢ
2697 2348 2786 2401 διὰ
2819 2345 3264 2417 ὑπερϐάλλουσαν
3301 2343 3588 2395 ἀσθένειαν

2009 2441 2286 2505 ἀδυνάτως
2320 2441 2432 2511 ἔχει
2467 2442 2603 2512 πρὸς
2643 2439 2704 2494 1:0
2739 2439 3047 2494 πιστεῦσαι.
3090 2438 3213 2500 Πῶς
3236 2433 3328 2489 οὖν
3373 2436 3464 2486 ἐπὶ
3490 2433 3583 2501 τῆς

2007 2529 2343 2594 Χαναναίας,
2376 2533 2562 2602 φησὶν,
2609 2533 2896 2584 ἐπίστευσε
2927 2532 3028 2600 μέν
3071 2531 3104 2598 ἡ
3145 2531 3348 2600 μήτηρ,
3398 2525 3584 2595 ἐθερα-

2008 2631 2206 2682 πεύετο
2229 2630 2286 2682 δὲ
2318 2631 2352 2700 ἡ
2383 2630 2628 2701 θυγάτηρ
2653 2648 2667 2695 ;
2700 2631 2794 2684 καὶ
2833 2630 2928 2683 τοῦ
2955 2628 3354 2699 ἑκατοντάρχου
3379 2626 3434 2678 δέ
3459 2627 3586 2678 ἀπι-

2011 2728 2308 2798 στήσαντος
2359 2727 2476 2790 πῶς
2521 2729 2550 2782 ὁ
2614 2729 2738 2790 παῖς
2797 2727 3074 2789 ἀνίστατο,
3121 2724 3214 2778 καὶ
3265 2721 3586 2785 διεσώζετος

2013 2825 2138 2878 Ὀτι
2179 2827 2280 2880 οὐκ
2307 2825 2568 2895 ἠδύναντο
2599 2823 2874 2878 πιστεύειν
2913 2825 2961 2876 οἱ
2987 2821 3288 2883 νοσοῦντες.
3323 2820 3590 2871 ’Λκουσον

2010 2917 2102 2976 οὖν
2131 2923 2183 2975 τί
2218 2940 2380 2992 φησιν
2408 2926 2442 2994 ἡ
2491 2925 2799 2978 Χαναναίαι
2848 2924 2920 2977 ἸΙ
2944 2920 3204 2990 θυγάτηρ
3239 2935 3357 2988 μου
3391 2913 3586 2980 κακῶς

2011 3015 2419 3086 δαιμονίζεται,
2461 3019 2558 3071 καί
2595 3017 2740 3072 ποτὲ
2773 3018 2891 3087 μὲν
2947 3017 3142 3072 πίπτει
3184 3016 3271 3079 είς
3307 3012 3373 3065 τὸ
3411 3010 3586 3078 ὕδωρ,

2011 3114 2158 3166 ποτὲ
2203 3114 2269 3168 δὲ
2299 3117 2386 3180 είς
2418 3115 2484 3168 τὸ
2522 3115 2669 3180 δεῦρ’
2717 3115 2750 3183 ή
2784 3113 2840 3166 δέ
2885 3111 3222 3182 σκοτουμένη
3258 3110 3351 3164 καὶ⁸
3381 3109 3586 3177 δαιμω·⁸

2011 3212 2178 3280 νῶσα,
2215 3214 2309 3268 καὶ
2342 3213 2475 3284 μηδέ
2515 3214 2573 3268 ἐν
2617 3214 2783 3282 ἑαυτῇ
2819 3211 3091 3282 δυναμένη
3141 3209 3394 3278 γενέσθαι
3433 3205 3585 3272 ποτὲ,

2014 3309 2151 3381 μηδέ
2188 3310 2526 3378 ὑγιαίνουσα,
2563 3310 2681 3373 πῶς
2711 3309 2777 3362 ἂν
2799 3308 3037 3379 ἠδυνήθη
3065 3305 3388 3370 πιστεῦσαι;

2093 3407 2180 3470 Ὦς
2205 3403 2298 3462 οὗν
2327 3408 2420 3461 ἐπὶ
2442 3409 2540 3478 τῆς
2565 3405 2896 3470 Χαναναίας,
2927 3404 3069 3458 οὕτω
3101 3403 3196 3456 καὶ
3221 3401 3313 3456 ἐπὶ
3342 3399 3436 3453 τοῦ
3463 3401 3591 3452 ἐκα-

2010 3505 2307 3575 τοντάρχου
2327 3522 2342 3536 ο
2377 3505 2434 3558 ἐν
2463 3507 2528 3574 τῇ
2563 3504 2711 3574 οἰκίᾳ
2739 3503 3000 3572 ἐϐέϐλητο
3037 3502 3066 3552 6
3097 3501 3247 3562 παῖς,
3281 3499 3398 3552 οὐδέ
3429 3495 3591 3558 αὐτὸς

2013 3599 2170 3665 εἰδὼς
2218 3601 2307 3653 τὸν
2337 3599 2592 3672 Χριστὸν,
2653 3599 2773 3652 οὐδέ
2821 3599 2970 3660 ὅστις
3023 3596 3155 3649 ποτέ
3200 3591 3288 3666 ἣν,
3342 3594 3454 3655 πῶς
3498 3587 3592 3644 οὖν

2013 3698 2214 3768 ἤμελλε
2245 3695 2323 3767 τῷ
2356 3697 2702 3768 ἀγνοουμένῳ
2741 3695 3037 3758 πιστεύειν,
3078 3694 3174 3748 καὶ
3205 3685 3266 3745 οῦ
3322 3689 3591 3762 μηδεμίαν

2013 3793 2226 3847 οὐδέπω
2267 3795 2464 3864 πεῖραν
2505 3793 2751 3864 είλήφεις
2797 3793 2936 3845 Ἀλλ’
2967 3793 3066 3844 οὐκ
3097 3792 3188 3844 ἐπὶ
3231 3790 3424 3842 τούτου
3475 3787 3591 3840 ἔστι

2014 3891 2170 3944 τοῦτο
2201 3891 2404 3943 εἰπεῖν’
2456 3891 2571 3943 ἀλλ’
2616 3889 2935 3944 ἐπίστευσεν
2971 3891 2999 3942 6
3047 3888 3375 3959 παράλυτος.
3419 3885 3592 3938 Πόθεν

2013 3986 2171 4041 τοῦτο
2213 3985 2411 4058 δῆλον;
2458 3987 2578 4039 Ἀπ’
2614 3986 2778 4039 αὑτοῦ
2809 3984 2901 4038 τοῦ
2935 3985 3139 4056 τρόπου
3169 3986 3268 4054 τῆς
3301 3997 3590 4052 προσαγω-

2013 4085 2138 4156 γῆς.
2163 4085 2252 4155 Μὴ
2287 4085 2392 4154 γὰρ
2423 4083 2486 4154 δὴ
2519 4084 2706 4147 ἁπλῶς
2739 4082 2998 4153 ἀκούσῃς,
3034 4084 3116 4135 ὅτι
3149 4081 3396 4150 καθῆκαν
3426 4077 3588 4132 αὐτὸν

2012 4181 2100 4235 διὰ
2142 4180 2234 4234 τοῦ
2287 4181 2538 4250 στέγους·
2585 4181 2702 4234 ἀλλ’
2734 4180 3008 4251 ἐννόησον,
3056 4179 3182 4233 ὅσον
3222 4178 3369 4232 ἐστὶν
3405 4178 3590 4248 ἀρρω-

2015 4279 2242 4331 στοῦντα
2284 4277 2444 4331 τοῦτο
2491 4274 2686 4331 παθεῖν
2737 4275 3050 4346 ἀνέχεσθαι.
3091 4277 3234 4327 ’Ἱστε
3277 4273 3388 4344 γὰρ
3418 4273 3596 4344 δήπου

2015 4371 2130 4444 [41]
2157 4373 2334 4436 τοῦτο,
2373 4373 2454 4425 ὅτι
2490 4371 2632 4424 οὑτω
2681 4372 3004 4442 μικρόψυχοι
3043 4371 3136 4424 καὶ
3162 4371 3478 4440 δυσάρεστοι
3510 4385 3594 4420 νο⁹

2016 4467 2234 4530 σοῦντές
2263 4467 2422 4530 εἰσιν,
2447 4465 2522 4528 ὡς
2549 4467 2644 4518 καὶ
2677 4466 2775 4528 τὰς
2807 4467 2899 4518 ἐπὶ¹
2927 4467 3114 4533 κλίνης
3145 4465 3440 4534 θεραπείας
3471 4464 3588 4516 διαο

2013 4561 2302 4634 κρούεσθαι
2325 4561 2605 4624 πολλάκις,
2635 4560 2724 4613 καὶ
2757 4561 3026 4630 αἱρεῖσθαι
3055 4560 3150 4622 τὰς
3173 4561 3278 4612 ἀπὸ
3300 4561 3406 4611 τῶν
3427 4575 3586 4626 νοση-

2017 4660 2201 4728 μάτων
2240 4658 2424 4726 φέρειν
2468 4655 2678 4720 ὀδύνας,
2727 4655 2760 4724 ἢ
2799 4655 2896 4725 τὴν
2937 4655 3046 4709 ἀπὸ
3073 4654 3180 4708 τῶν
3228 4653 3592 4724 βοηθημάτων

2015 4757 2307 4829 ὑπομένειν
2333 4755 2648 4827 ἐπάχθειαν.
2687 4750 2855 4817 Οὗτος
2883 4754 2940 4807 δέ
2977 4753 3070 4806 καὶ
3113 4752 3213 4820 τῆς
3246 4751 3422 4814 οἰκίας
3455 4767 3588 4817 προ-

2013 4855 2188 4908 ελθεῖν
2213 4855 2492 4924 ἠνέσχετο,
2523 4853 2618 4906 καὶ
2653 4853 2732 4914 είς
2777 4837 2982 4921 ἀγορὰν
3027 4849 3282 4920 ἐμϐαλεῖν
3318 4848 3574 4918 βασταζό-

2017 4970 2197 5023 μενος,
2223 4953 2318 5005 καὶ
2341 4950 2612 5003 τοσούτων
2633 4948 2914 5019 παρόντων
2940 4946 3132 5002 ἑαυτὸν
3169 4946 3449 5010 ἐπιδεῖξαι.
3479 4945 3594 4997 Καὶ

2013 5051 2170 5106 τοῦτο
2197 5050 2252 5104 δέ
2297 5049 2416 5113 ἑθος
2455 5049 2568 5112 τοῖς
2593 5045 2965 5118 ἀρρωστοῦσιν
3013 5043 3380 5108 ἐναποθανεῖν,
3410 5041 3442 5113 ἢ
3485 5042 3594 5106 τὰς

2013 5147 2218 5211 οἰκείας
2259 5144 2562 5214 ἐκκαλύψαι
2591 5143 2894 5214 συμφοράς.
2939 5141 3077 5196 Ἀλλ’
3112 5142 3210 5212 οὐχ
3240 5143 3267 5194 ὁ
3307 5141 3592 5212 άῤῥωστος

2013 5239 2168 5308 οὗτος
2213 5243 2405 5306 οὕτως,
2441 5241 2553 5296 ἀλλ’
2601 5240 2721 5294 ἰδὼν
2758 5241 2818 5294 τὸ
2867 5239 3093 5310 θέατρον
3135 5237 3590 5310 πεπληρωμένον,

2013 5343 2112 5406 τὰς
2159 5339 2394 5403 εἰσόδους
2437 5337 2972 5409 ἀποτετειχισμένας,
3007 5337 3106 5390 τὸν
3143 5335 3336 5406 λιμένα
3385 5336 3584 5388 ἀποκεο

2014 5436 2350 5508 κλεισμένον,
2389 5435 2476 5489 διὰ
2521 5435 2614 5502 τοῦ
2664 5435 2887 5502 στέγους
2929 5433 3192 5503 ἠνέσχετο
3225 5429 3586 5500 χαλασθῆναι.

2015 5533 2200 5597 Οὕτως
2221 5531 2525 5604 εὐμήχανον
2544 5535 2571 5586 6
2603 5533 2784 5596 πόθος,
2811 5531 2904 5584 καὶ
2927 5530 3156 5599 εὔπορον
3180 5531 3212 5598 ή
3243 5528 3450 5596 ἀγάπη.
3475 5529 3590 5582 Καὶ

2011 5631 2120 5703 γὰρ
2147 5631 2174 5682 6
2196 5629 2374 5700 ζητῶν
2403 5629 2666 5700 εὑρίσκει,
2703 5627 2796 5680 καὶ
2829 5623 2906 5694 τῷ
2937 5623 3182 5696 κρούοντι
3213 5623 3590 5694 ἀνοιγήσεται.

2013 5729 2128 5783 Οὐκ
2185 5721 2308 5780 εἷπε
2355 5725 2489 5791 πρὸς
2521 5725 2646 5786 τούς
2693 5722 3068 5793 προσήκοντας
3119 5717 3302 5788 αὐτῷ·
3359 5717 3422 5768 Τί
3457 5730 3594 5769 ποτε.
