4066 6274
467 274 538 332 δἸ
1105 273 1165 331 S.
1205 273 1491 330 JOANNIS
1530 272 2026 331 CHRYSOSTOMI
2066 273 2384 331 ARCHIEP.
2425 275 2970 334 CONSTANTI‘NOP.
3650 271 3718 329 58

462 382 623 438 τοῦτό
655 385 832 450 ἐστιν;
868 384 917 436 τί
960 384 1308 456 θορυϐεῖσθε;
1338 385 1389 438 τί
1429 385 1486 438 δὲ
1519 383 1841 453 ἐπείγεσθες
1883 384 2041 438 ’Λναο

468 469 726 543 σχὼμεθα
782 467 1075 538 κενωθῆναι
1137 468 1198 521 τὸ
1250 469 1555 539 δωμάτιον,
1613 467 1930 538 διαλυθῆναι
1983 466 2043 519 τὸ

470 554 727 625 θέατρονο
780 552 1229 622 ἀναχωρήσουσιν
1262 552 1312 605 οἱ
1362 551 1785 621 συνειλεγμένοι,
1823 549 2045 620 δυνησό-

475 637 611 705 μεθα
661 632 904 686 κατιδίαν
953 633 1096 704 αὐτῷ
1154 633 1486 705 προσελθεῖν,
1527 633 1622 685 καὶ
1672 634 1799 703 περὶ
1843 631 2043 685 τούτων

470 717 954 772 ἀνακοινώσασθαι.
1001 716 1065 769 Τί
1100 717 1181 769 δεῖ
1227 716 1443 769 πάντων
1484 715 1731 787 ὁρώντων
1763 718 1842 779 εἰς
1880 714 2044 786 μέσον

470 801 797 873 προτεθῆναι
841 800 940 864 τὰς
981 799 1120 870 ἐμάς
1156 798 1461 869 συμφοράς,
1496 799 1591 851 καὶ
1624 798 1829 852 ἀνωθεν
1874 795 2043 868 χαλᾶ-

473 886 615 941 σθαι.
665 885 757 937 καὶ
798 884 1162 953 ἀσχημονεῖνς
1214 879 1432 934 Τούτων
1482 881 1632 934 οὐδὲν
1665 884 1870 945 ἐκεῖνος
1920 880 2044 934 οὔτε

472 967 608 1035 πρὸς
640 966 854 1029 ἑαυτὸν,
884 964 1008 1018 οὔτε
1036 964 1172 1034 πρὸς
1197 964 1323 1025 τοὺς
1358 963 1683 1033 κομίζοντας
1712 958 1884 1028 εἶπεν,
1911 963 2046 1018 ἀλλά

470 1049 674 1119 κόσμον
724 1044 861 1102 εἶναι
900 1046 1115 1116 ἐνόμιζε
1156 1046 1217 1098 τὸ
1259 1045 1540 1117 μάρτυρας
1584 1045 1870 1110 τοσούτους
1900 1046 2049 1117 ποιή-

473 1130 669 1185 σασθαι
709 1129 810 1199 τῆς
859 1126 1053 1182 ἑαυτοῦ
1102 1127 1418 1197 θεραπείας.
1452 1128 1566 1182 Οὐκ
1614 1128 1723 1181 ἀπὸ
1756 1127 1944 1181 τούτου
1991 1127 2048 1181 δὲ

474 1213 634 1283 μόνον
657 1211 822 1266 αὑτοῦ
850 1210 949 1282 τήν
982 1211 1163 1264 πίστιν
1192 1206 1258 1281 ἦν
1285 1210 1434 1272 ἰδεῖν,
1473 1210 1609 1263 ἀλλά
1633 1210 1727 1265 καὶ
1746 1211 1839 1264 ἀπ’
1868 1210 2048 1264 αὐτῶν

470 1295 580 1349 τῶν
611 1295 704 1349 τοῦ
749 1293 985 1365 Χριστοῦ
1038 1293 1317 1364 ῥημάτων.
1363 1293 1579 1364 Ἐπειδὴ
1625 1294 1736 1364 γὰρ
1775 1292 2046 1364 ἐχαλάσθη

474 1378 569 1431 καὶ
596 1375 960 1448 προσηνέχθη,
990 1374 1154 1446 φησὶν
1180 1373 1327 1445 αὐτῷ
1347 1377 1375 1429 6
1397 1376 1629 1443 Χριστός
1649 1393 1663 1406 ·
1691 1375 1927 1442 Θάρσει,
1957 1375 2048 1427 τέ-

473 1476 646 1523 κνον,
685 1456 983 1527 ἀφέωνταί
1010 1473 1108 1511 σοι
1141 1460 1201 1510 al
1220 1457 1513 1525 ἁμαρτίαι.
1545 1458 1655 1509 Kal
1674 1456 1847 1510 ταῦτα
1886 1454 2049 1509 ἀκού-

476 1559 576 1607 σας
610 1542 710 1596 οὐκ
762 1542 1162 1612 ἠγανάκτησεν,
1218 1542 1318 1595 οὐκ
1367 1541 1743 1613 ἐδυσχέρανεν,
1789 1541 1890 1594 οὐκ
1929 1537 2049 1595 εἷπε

478 1627 614 1698 πρὸς
635 1627 726 1679 τὸν
757 1625 940 1696 ἰατρόν
964 1643 975 1656 ·
1010 1627 1075 1683 Τί
1105 1642 1237 1678 ποτε
1267 1624 1424 1678 τοῦτό
1465 1627 1649 1689 ἐστιν;
1683 1624 1868 1695 ἕτερον
1887 1619 2050 1691 ἦλθον

475 1708 878 1780 θεραπευθῆναι
912 1707 1102 1771 πάθος,
1141 1709 1235 1761 καὶ
1268 1707 1457 1780 ἕτερον
1503 1707 1667 1770 αὐτὸς
1726 1706 2047 1779 θεραπεύεις

475 1790 680 1859 Σκῆψις
704 1789 875 1843 ταῦτα
921 1788 1016 1841 καὶ
1058 1789 1349 1859 πρόφασις,
1384 1790 1478 1842 xal
1522 1789 1807 1852 ἀσθενείας
1846 1806 2051 1859 προκα-

475 1872 752 1941 λύμματα.
798 1872 1096 1943 Ἀμαρτίας
1136 1872 1314 1939 ἀφίεις
1344 1871 1440 1935 τὰς
1472 1872 1569 1942 οὐχ
1600 1872 1917 1943 ὁρωμέναςξ
1945 1873 2050 1925 Οὑ-

474 1954 562 2007 δὲν
591 1953 793 2007 τούτων
820 1954 921 2006 οὐκ
956 1949 1130 2018 εἶπεν,
1166 1954 1267 2007 οὐκ
1304 1956 1614 2025 ἐνενόησενο
1650 1954 1763 2007 ἀλλ’
1790 1954 2050 2022 ἀνέμενεν

476 2037 785 2107 ἐπιτρέπων
836 2036 927 2089 τὸν
978 2036 1160 2107 ἰατρὸν
1215 2035 1320 2106 ὁδῷ
1372 2035 1679 2107 χρήσασθαι
1729 2035 2049 2106 θεραπείας,

475 2116 656 2190 ἧσπερ
678 2118 947 2172 ἐϐούλετο.
976 2118 1073 2171 Διά
1095 2116 1252 2171 τοῦτο
1280 2119 1373 2171 καὶ
1400 2121 1428 2172 6
1457 2118 1691 2189 Χριστὸς
1722 2119 1822 2172 οὐκ
1842 2118 2050 2189 ἀπῆλθε

475 2201 612 2271 πρὸς
657 2200 840 2262 αὐτὸν,
880 2199 993 2253 ἀλλ’
1025 2200 1305 2272 ἀνέμεινεν
1345 2201 1507 2255 αὐτὸν
1557 2200 1751 2263 ἐλθεῖν,
1784 2200 1869 2253 ἴνα
1922 2203 2049 2253 ἐπι-

475 2285 621 2356 δείξῃ
667 2283 832 2337 αὐτοῦ
874 2282 971 2355 τὴν
1016 2283 1195 2338 πίστιν
1228 2285 1383 2337 πᾶσι.
1414 2283 1504 2353 Μὴ
1548 2283 1657 2355 γὰρ
1693 2283 1791 2337 οὐκ
1819 2283 2051 2354 ήδύνατο

475 2368 574 2438 τὴν
622 2366 824 2419 εἴσοδον
873 2368 1095 2438 ποιήσαι
1157 2363 1414 2432 εὖκολονς
1459 2365 1597 2418 Ἀλλ’
1647 2366 1796 2419 οὐδὲν
1847 2364 2051 2418 τούτων

476 2448 751 2514 ἐποίησεν,
785 2447 871 2499 ῖνα
892 2448 1057 2500 πᾶσιν
1086 2447 1253 2500 αὐτοῦ
1278 2447 1376 2518 τὴν
1402 2447 1639 2517 σπουδὴν
1672 2447 1934 2518 ἐπιδείξῃ,
1957 2446 2052 2499 καὶ

477 2528 575 2598 τὴν
606 2527 831 2591 ζέουσαν
882 2527 1083 2581 πίστιν.
1124 2528 1392 2598 Καθάπερ
1422 2529 1530 2600 γὰρ
1553 2530 1688 2597 πρὸς
1723 2529 1927 2580 ἐκεῖνον
1959 2527 2051 2579 τὸν

478 2611 771 2682 τριάκοντα
791 2608 934 2662 ὀκτὼ
952 2609 1048 2679 ἔτη
1077 2608 1269 2679 ἔχοντα
1290 2610 1453 2680 ἀπῄει
1473 2611 1561 2663 διά
1584 2612 1645 2662 τὸ
1679 2608 1881 2679 μηδένα
1905 2608 2053 2679 αὐτῷ

479 2694 769 2763 παρεῖναι·
821 2690 964 2746 οὕτω
998 2692 1205 2753 τοῦτον,
1255 2692 1442 2764 ἐπειδὴ
1494 2690 1723 2753 πολλοὺς
1767 2686 1881 2763 εῐχε
1926 2693 2053 2756 τοὺς

480 2776 875 2846 προσήκοντας,
923 2774 1206 2845 ἀνέμεινεν
1236 2774 1408 2828 ἐλθεῖν
1441 2774 1574 2846 πρὸς
1617 2772 1796 2840 αὐτὸν,
1831 2774 1916 2827 ἴνα
1958 2775 2053 2828 καὶ

479 2857 670 2911 τούτου
700 2856 797 2928 τὴν
823 2856 1003 2911 πίστιν
1034 2857 1232 2929 ποιήσῃ
1267 2856 1430 2928 δήλην
1456 2857 1545 2910 διὰ
1574 2856 1664 2909 τοῦ
1698 2856 2054 2927 προσενεχθῆο

482 2957 591 3002 ναι,
616 2939 869 2992 κάκείνου
903 2938 1001 3009 τὴν
1033 2939 1265 3010 ἐρημίαν
1298 2940 1446 3009 ἡμᾶς
1474 2938 1659 3012 διδάξῃ
1685 2938 1772 2992 διὰ
1794 2938 1888 2993 τοῦ
1917 2939 2053 3010 πρὸς

481 3022 643 3077 αὐτὸν
671 3021 946 3087 ἀπελθεῖν,
985 3022 1081 3074 καὶ
1127 3021 1317 3074 τούτου
1368 3022 1467 3092 τὴν
1515 3020 1749 3093 σπουδὴν
1800 3021 2051 3074 κάκείνου

481 3106 582 3175 τὴν
614 3104 891 3174 ὑπομονὴν
914 3104 1192 3175 ἐκκαλύψῃ
1223 3105 1377 3167 πᾶσι,
1412 3106 1506 3158 καὶ
1536 3104 1771 3173 μάλιστα
1794 3106 1905 3167 τοῖς
1930 3104 2052 3157 τότε

484 3186 771 3257 παροῦσιν.
807 3186 1023 3256 Ἐπειδὴ
1057 3185 1166 3259 γὰρ
1208 3186 1459 3239 εἰώθασιν
1511 3187 1750 3240 Ἰουδαῖοι
1795 3185 2053 3256 βάσκανοι

482 3285 627 3328 τινες
657 3268 751 3321 καὶ
780 3266 1155 3337 μισάνθρωποι
1182 3269 1301 3330 ταῖς
1326 3267 1434 3320 τῶν
1461 3267 1685 3337 πλησίον
1714 3268 2052 3339 εὐεργεσίαις

485 3351 720 3421 φθονεῖν,
756 3351 851 3405 καὶ
882 3350 976 3404 νῦν
1009 3351 1115 3403 ἀπὸ
1139 3349 1234 3403 τοῦ
1266 3350 1458 3420 καιροῦ
1490 3353 1601 3413 τοῖς
1635 3350 1903 3421 θαύμασιν
1931 3352 2054 3404 ἐπι-

488 3435 750 3504 σκήπτειν
787 3431 1055 3500 λέγοντες,
1097 3432 1179 3486 ὅτι
1214 3435 1270 3485 ἐν
1316 3431 1569 3504 σαϐϐάτῳ
1612 3432 1923 3504 θεραπεύει,
1959 3433 2054 3488 νῦν

486 3518 543 3569 δὲ
577 3515 683 3570 ἀπὸ
723 3514 816 3569 τοῦ
872 3513 986 3586 βίου
1022 3515 1126 3569 τῶν
1173 3514 1638 3586 εὐεργετουμένων
1679 3516 1926 3585 λέγοντες
1953 3538 1961 3545 ·
1988 3520 2056 3571 El

486 3595 567 3669 ἦν
596 3597 904 3667 προφήτης
935 3593 1131 3663 οὗτος,
1170 3596 1299 3668 ᾔδει
1336 3598 1427 3663 τίς
1454 3593 1588 3668 ἦνή
1620 3598 1773 3666 γυνὴ
1797 3600 1834 3667 ή
1870 3600 2054 3652 ἀπτο-

486 3679 639 3750 μένη
672 3680 876 3734 αὐτοῦ’
903 3680 1002 3733 οὐκ
1044 3680 1264 3746 είδότες,
1304 3679 1386 3733 ὅτι
1418 3679 1601 3752 ἰατροῦ
1642 3680 1875 3750 μάλιστα
1899 3681 2057 3734 τοῦτό

490 3765 608 3817 ἐστι
644 3763 706 3815 τὸ
752 3764 865 3826 τοῖς
905 3762 1274 3835 ἀρρωστοῦσιν
1319 3762 1735 3833 ἀναμίγνυσθαι,
1767 3763 1863 3817 καὶ
1907 3763 2058 3835 παρὰ

488 3845 614 3908 τοὺς
634 3843 921 3909 νοσοῦντας
947 3846 1032 3899 ἀεὶ
1054 3844 1355 3915 φαίνεσθαι,
1384 3844 1520 3899 ἀλλά
1548 3845 1624 3917 μὴ
1652 3850 1840 3916 φυγεῖν
1862 3847 2059 3912 αὐτοὺς

485 3925 625 3996 μηδέ
672 3927 978 3999 ἀποπηδᾷν.
1021 3928 1196 3999 Ὅπερ
1228 3924 1320 3982 οῦν
1363 3928 1455 3981 καὶ
1492 3928 1628 3999 πρὸς
1666 3929 1906 3993 ἐκείνους
1944 3929 2057 4003 [42]

492 4011 905 4081 ἀποτεινόμενος
935 4010 1147 4079 ἔλεγεν*
1180 4012 1262 4064 Ui:
1287 4010 1497 4078 χρείαν
1520 4010 1771 4077 ἔχουσιν
1791 4015 1845 4064 οί
1873 4013 2061 4081 ὑγιαι-

491 4108 703 4156 νοντες
746 4091 967 4158 ιατροῦ,
1003 4092 1138 4145 ἀλλ’
1172 4094 1224 4143 οι
1265 4089 1463 4154 κακῶς
1501 4088 1767 4156 ἔχοντες.
1811 4092 1928 4143 Ἵνα
1966 4089 2060 4145 οὖν

497 4173 575 4243 μὴ
616 4174 681 4226 τά
709 4172 850 4225 αὐτά
880 4171 1042 4224 πάλιν
1076 4170 1368 4239 ἐγκαλῶσι,
1393 4168 1654 4241 πρότερον
1682 4171 1954 4225 δείκνυσιν
1983 4173 2059 4237 ὡς

494 4254 635 4320 ἄξιοι
666 4254 764 4324 τῆς
794 4252 1088 4322 θεραπείας
1133 4252 1269 4306 εἰσὶν
1299 4252 1350 4305 οί
1390 4251 1702 4321 προσιόντες
1730 4253 1818 4309 διὰ
1848 4254 1946 4325 τὴν
1972 4256 2061 4308 πί·

497 4352 633 4397 στιν,
667 4336 733 4406 ἢν
762 4335 1145 4389 ἐκδείκνυνται.
1179 4335 1277 4390 Διά
1311 4334 1467 4389 τοῦτο
1511 4335 1763 4393 κάκείνου
1804 4338 1904 4410 τὴν
1932 4340 2061 4410 ἐρη-

496 4418 645 4489 μίαν.
675 4420 770 4472 zeal
814 4417 1003 4472 τούτου
1036 4418 1134 4490 τὴν
1158 4418 1384 4483 ζέουσαν
1422 4419 1603 4474 πίστιν
1636 4422 1730 4475 καὶ
1756 4422 2059 4494 προθυμίαν

494 4500 664 4567 ἔδειξε
688 4519 703 4533 ·
757 4500 844 4555 διὰ
879 4499 1037 4555 τοῦτο
1074 4503 1278 4555 ἐκεῖνον
1330 4502 1429 4573 μὲν
1465 4504 1522 4556 ἐν
1575 4503 1829 4575 σαϐϐάτῳ
1870 4503 2059 4577 ἐθερά-

491 4601 681 4650 πευσε,
701 4582 889 4638 τοῦτον
908 4583 965 4637 δὲ
990 4584 1089 4638 οὐκ
1105 4585 1161 4638 ἐν
1174 4584 1431 4655 σαϐϐάτῳ
1451 4600 1464 4613 ·
1499 4585 1588 4650 ἶν’,
1614 4586 1739 4641 ὅταν
1758 4587 1873 4658 ῖδῃς
1889 4590 1983 4641 καὶ
2004 4591 2061 4642 ἐν

494 4667 695 4739 ἑτέρᾳή
704 4667 846 4739 μέρᾳ
860 4666 1222 4736 ἐγκαλοῦντας
1242 4668 1335 4721 καὶ
1351 4668 1714 4739 ἐπιτιμῶντας
1730 4670 1806 4740 τῷ
1819 4671 2058 4742 Χριστῷ,

498 4749 694 4819 μάθῃς,
724 4750 807 4802 ὅτι
842 4749 938 4803 καὶ
979 4750 1101 4803 τότε
1129 4750 1191 4803 οὐ
1216 4749 1303 4803 διά
1336 4750 1435 4820 τὴν
1470 4749 1564 4803 τοῦ
1601 4752 1767 4822 νόμου
1810 4757 2059 4827 παρατή-

495 4847 654 4902 ρησιν
686 4830 989 4894 ἐνεκάλουν,
1017 4831 1152 4885 ἀλλά
1178 4831 1277 4903 τήν
1313 4833 1522 4886 οἰκείαν
1548 4832 1844 4903 βασκανίαν
1875 4837 2062 4909 φέρειν

492 4913 592 4967 οὐκ
643 4913 873 4985 ἔχοντες.
914 4913 1012 4968 Διά
1052 4914 1104 4968 τί
1135 4913 1191 4967 δὲ
1232 4915 1332 4968 οὐκ
1383 4916 1477 4969 ἐπὶ
1509 4914 1569 4968 τὸ
1611 4916 1711 4988 τὴν
1758 4919 2061 4989 παράλυσιν

492 4996 728 5068 ὀρθῶσαι
757 4998 1021 5070 πρότερον
1038 4992 1221 5067 ἦλθεν,
1248 4995 1389 5052 ἀλλά
1401 5013 1553 5069 φησι⁹
1575 4997 1812 5068 Θάρσει,
1830 5002 2063 5071 τέκνον,

491 5073 792 5142 ἀφέωνταί
804 5092 920 5130 σου
933 5078 991 5129 al
1005 5077 1301 5145 ἁμαρτίαις
1328 5078 1434 5129 Καὶ
1455 5077 1610 5131 τοῦτο
1632 5080 1833 5152 σφόδρα
1858 5084 2056 5153 σοφῶς.

495 5154 604 5209 Kal
629 5154 737 5238 γάρ
767 5158 879 5218 τοῖς
906 5158 1109 5238 ἰατροῖς
1130 5156 1247 5220 έθος
1278 5159 1395 5211 ἐστὶ
1423 5160 1497 5230 μὴ
1524 5161 1784 5233 πρότερον
1802 5163 1871 5217 τά
1897 5167 2059 5238 νοσή-

498 5251 646 5307 ματα
677 5235 845 5300 λύειν,
886 5237 1024 5290 ἀλλά
1052 5238 1152 5301 τὰς
1189 5238 1374 5309 πηγάς
1414 5241 1593 5295 αὐτῶν
1635 5244 1895 5315 ἀναιρεῖν.
1935 5235 2060 5303 Οἷον

496 5315 759 5379 πολλάκις
840 5317 945 5402 ὑπό
993 5320 1229 5402 πονηροῦ
1289 5321 1462 5391 χυμοῦ
1518 5326 1613 5379 καὶ
1665 5326 2058 5402 διεφθαρμένου

491 5403 772 5486 ῥεύματος
806 5400 1557 5486 ἐνοχλουμένωνόφθαλμῶν,
1601 5409 1760 5476 ἀφεὶς
1802 5412 1831 5463 6
1862 5400 2060 5486 ⁷ἰατρὸς

492 5486 590 5556 τὴν
622 5483 880 5540 νοσοῦσαν
923 5484 1253 5558 θεραπεῦσαι
1293 5487 1480 5560 κόρην,
1520 5489 1619 5559 τῆς
1659 5491 1902 5564 κεφαλῆς
1934 5483 2061 5549 ἐπε.

494 5565 786 5647 μελήσατο,
813 5567 941 5623 ἔνθα
966 5570 1000 5640 ἡ
1045 5568 1171 5641 ῥίζα
1200 5571 1294 5625 καὶ
1331 5572 1365 5643 ή
1419 5572 1569 5644 πηγὴ
1601 5573 1702 5646 τῆς
1746 5577 2060 5647 ἀρῤωστίας

493 5640 585 5719 ἣν·
629 5646 772 5703 οὕτω
809 5650 902 5703 καὶ
934 5653 963 5706 6
1016 5640 1247 5725 Χριστὸς
1281 5640 1523 5725 ἐποίησε,
1557 5640 1669 5729 ’τιυὶ
1709 5640 1890 5731 πηγὴν
1930 5640 2058 5715 ἅναξ

2154 384 2359 439 στέλλει
2397 386 2506 439 τῶν
2535 387 2720 441 κακῶν
2757 388 3039 459 πρότερον.
3086 387 3239 458 Πηγή
3272 385 3379 459 γάρ
3412 387 3600 442 κακῶν
3626 392 3721 443 καὶ

2154 477 2279 548 ῥίζα
2306 479 2399 530 καὶ
2433 480 2616 551 μήτηρ
2650 481 2866 535 πάντων
2895 481 3012 533 ἐστὶ
3044 480 3142 549 τῆς
3172 478 3445 549 ἁμαρτίας
3475 480 3509 551 ή
3540 478 3720 548 φύσις.

2150 565 2300 637 Αῦτη
2334 567 2402 621 τά
2447 569 2677 639 σώματα
2698 569 2858 641 ήμῶν
2903 569 3199 641 παραλύειθ
3231 566 3371 639 αὕτη
3409 569 3508 630 τάς
3531 568 3722 634 νόσους

2151 655 2346 726 ἐπάγει
2368 674 2383 690 ο
2404 658 2490 712 διὰ
2510 659 2667 712 τοῦτο
2681 661 2774 713 καὶ
2791 658 3026 714 ἐνταῦθά
3041 676 3172 728 φησι
3192 675 3199 683 ·
3227 657 3463 726 Θάρσει,
3483 658 3716 725 τέκνον,

2152 748 2448 818 ἀφέωνταί
2489 768 2607 807 σου
2655 754 2714 806 αι
2762 752 3064 822 ἁμαρτίαι·
3112 753 3272 806 κάκεῖ
3314 768 3513 823 φησιν’
3566 752 3720 807 Ἰδοὺ

2151 841 2327 911 ὑγιὴς
2356 843 2626 914 γέγονας,
2666 844 2877 914 μηκέτι
2916 844 3238 915 ἁμάρτανε,
3277 845 3376 897 ἵνα
3404 842 3491 913 μὴ
3521 845 3724 914 χεῖρόν

2152 935 2210 987 τί
2239 949 2334 989 σοι
2359 936 2618 1004 γένηται,
2651 937 2824 1008 δηλῶν
2863 938 3213 1007 ἀμφοτέροις,
3247 935 3330 989 ὅτι
3363 933 3421 1001 ἐξ
3474 936 3723 1009 ἁμαρτη-

2157 1023 2339 1093 μάτων
2372 1025 2669 1098 ἐτέχθησαν
2716 1021 2876 1082 αῦται
2913 1030 2968 1081 αἱ
3008 1027 3175 1081 νόσοι.
3207 1028 3317 1081 Kal
3358 1030 3418 1082 ἐν
3448 1029 3592 1099 ἀρχῇ
3625 1030 3721 1081 καὶ

2154 1112 2212 1164 ἐν
2242 1114 2546 1183 προοιμίοις
2579 1115 2678 1186 τῆς
2722 1117 2952 1180 κτίσεως
2985 1117 3044 1184 ἐξ
3074 1117 3347 1189 ἁμαρτίας
3391 1119 3425 1189 ή
3458 1118 3613 1182 νόσος
3641 1119 3721 1181 είς

2152 1202 2214 1255 τὸ
2240 1202 2334 1256 τοῦ
2367 1205 2507 1259 xm
2534 1206 2845 1277 κατέσκηψε
2877 1207 3054 1279 σῶμα.
3080 1209 3188 1262 Καὶ
3214 1209 3323 1280 γὰρ
3354 1211 3560 1272 ἐκεῖνος
3584 1209 3724 1280 μετὰ

2153 1295 2252 1365 τὴν
2296 1295 2728 1365 ἀδελφοκτονίαν,
2774 1299 2913 1369 μετά
2950 1299 3049 1370 τὴν
3095 1300 3437 1371 παρανομίαν
3484 1301 3718 1370 ἐκείνην,

2154 1387 2274 1440 τότε
2308 1388 2583 1461 παρελύθη
2627 1390 2688 1444 τὸ
2723 1391 2901 1462 σῶμα.
2934 1393 3008 1444 Τὸ
3035 1392 3142 1463 γὰρ
3167 1393 3391 1464 τρέμειν
3418 1393 3568 1446 οὐδὲν
3604 1392 3724 1446 ἐτε-

2158 1478 2249 1548 ρόν
2271 1479 2415 1531 ἐστιν
2451 1479 2485 1550 ἢ
2519 1480 2839 1550 παράλυσις.
2873 1482 2983 1536 Καὶ
3019 1481 3129 1553 γὰρ
3160 1483 3288 1535 ὅταν
3316 1486 3348 1553 ή
3389 1483 3450 1535 τὸ
3484 1482 3618 1547 ζῶον
3640 1483 3722 1535 οί-

2157 1568 2459 1639 κονομοῦσα
2516 1570 2743 1643 δύναμις
2793 1573 3156 1645 ἀσθενεστέρα
3227 1574 3480 1644 γένηται,
3539 1574 3723 1628 οὐκέτι

2156 1660 2426 1732 δυναμένη
2453 1662 2630 1716 πάντα
2653 1662 3032 1727 διαϐαστάζειν
3058 1665 3125 1718 τά
3153 1664 3307 1736 μέλη,
3334 1664 3556 1735 ἀφίησιν
3584 1664 3723 1719 αὐτὰ

2156 1751 2256 1821 τῆς
2283 1752 2488 1817 οἰκείας
2516 1755 2790 1823 προνοίας,
2813 1751 2930 1809 εἶτα
2967 1756 3301 1827 χαλασθέντα
3327 1759 3508 1811 ἐκεῖνα
3528 1757 3718 1829 τρέμει

2158 1841 2252 1894 καὶ
2277 1842 2649 1915 περιφέρεται.

2227 1980 2299 2047 ς’.
2318 1981 2489 2038 Τοῦτο
2503 1983 2601 2038 καὶ
2619 1978 2827 2045 Παῦλος
2851 1981 3114 2054 ἐδήλωσεν
3132 1997 3148 2013 ο
3166 1982 3435 2055 ἁμαρτίαν
3467 1984 3574 2054 γάρ
3601 1999 3727 2037 τινα

2157 2069 2466 2140 Κορινθίοις
2507 2072 2753 2141 ἐγκαλῶν
2807 2086 2973 2143 φησι*
3027 2076 3129 2129 Διὰ
3173 2077 3349 2131 τοῦτο
3383 2077 3599 2131 πολλοὶ
3653 2077 3726 2131 ἐν

2156 2160 2299 2229 ὑμῖν
2316 2161 2592 2229 ἀσθενεῖς
2617 2164 2714 2218 καί
2743 2165 3032 2234 ἄρρωστοι
3049 2184 3064 2199 ο
3099 2168 3187 2221 διά
3221 2169 3379 2223 τοῦτο
3416 2171 3509 2222 καὶ
3537 2172 3566 2223 ό
3593 2167 3725 2239 Χρι-

2159 2251 2282 2313 στὸς
2328 2253 2589 2325 πρότερον
2622 2256 2722 2326 τὴν
2758 2258 2937 2312 αἰτίαν
2971 2259 3185 2330 ἀναιρεῖ
3230 2258 3338 2314 τῶν
3382 2260 3594 2326 κακῶν,
3627 2261 3725 2314 καὶ

2157 2342 2344 2406 εἰπὼν,
2375 2343 2613 2414 Θάρσει,
2636 2349 2869 2414 τέκνον,
2885 2349 3182 2419 ἀφέωνταί
3200 2368 3316 2407 σου
3338 2355 3397 2407 al
3428 2351 3724 2422 ἁμαρτίαι.

2157 2438 2437 2508 ἀνίστησιν
2468 2438 2633 2492 αὑτοῦ
2665 2439 2726 2492 τὸ
2768 2440 3042 2513 φρόνημα,
3081 2443 3336 2514 διεγείρει
3386 2443 3724 2513 καταϐεϐλη-

2162 2530 2330 2601 μένην
2358 2532 2458 2602 τήν
2485 2532 2666 2603 ψυχήν
2685 2549 2699 2562 ·
2731 2535 2760 2586 6
2780 2534 2888 2605 γὰρ
2909 2534 3065 2603 λόγος
3093 2535 3253 2605 ἔργον
3279 2537 3509 2605 ἐγίνετο,
3533 2536 3622 2591 καὶ
3646 2537 3729 2599 είς

2158 2620 2218 2674 τὸ
2252 2623 2486 2687 συνειδὸς
2525 2625 2780 2680 εἰσελθὼν
2817 2627 2989 2697 αὐτῆς
3025 2630 3227 2699 ἥπτετο
3275 2630 3373 2698 τῆς
3402 2630 3601 2701 ψυχῆς,
3630 2629 3729 2684 καὶ

2159 2714 2340 2766 πᾶσαν
2385 2716 2622 2783 ἀγωνίαν
2655 2716 2927 2782 ἐξέϐαλεν.
2959 2720 3123 2772 υὺδέν
3173 2720 3283 2792 γὰρ
3314 2719 3489 2784 οὕτως
3528 2720 3727 2792 ἡδονὴν

2159 2807 2322 2870 ⁴ποιεῖ,
2363 2806 2458 2859 καὶ
2482 2807 2711 2879 παρέχει
2743 2808 2964 2882 θαρρεῖν
3004 2810 3079 2875 ὡς
3110 2809 3173 2864 τδ
3209 2810 3374 2882 μηδὶν
3401 2809 3597 2864 ἑαυτοῦ
3635 2826 3731 2863 κα·

2158 2899 2430 2967 τηγορεῖν.
2464 2898 2700 2967 Θάρσει,
2726 2901 2961 2965 τέκνον,
2985 2901 3279 2971 ἀφέωνταί
3308 2916 3425 2956 σου
3444 2904 3504 2955 αι
3541 2902 3732 2969 ἀμαρ-

2159 2987 2295 3042 τίαι.
2329 2988 2501 3043 Ὅπου
2530 2992 2637 3062 γάρ
2683 2992 3092 3062 ἁμαρτημάτων
3136 2990 3349 3060 ἄφεσις,
3392 2993 3510 3043 ἐκεῖ
3557 2993 3734 3044 υἱοθε-

2163 3074 2272 3130 σία.
2326 3076 2482 3131 Οὓτω
2517 3078 2646 3147 γοῦν
2687 3080 2781 3132 καὶ
2814 3081 2973 3148 ἡμεῖς
3029 3079 3090 3131 οὐ
3145 3077 3410 3149 πρότερον
3453 3078 3733 3148 δυνάμεθα

2161 3167 2384 3220 καλέσαι
2419 3169 2655 3238 Πατέρα,
2690 3168 2794 3231 ἕως
2826 3170 2885 3221 ἐν
2909 3170 2975 3239 τῇ
3006 3167 3355 3240 κολυμϐήθρα
3387 3168 3494 3221 τῶν
3523 3168 3734 3223 ὑδάτων

2160 3257 2267 3311 τῶν
2298 3257 2466 3325 ἁγίων
2489 3257 2878 3329 ἀπονιψώμεθα
2907 3258 2972 3312 τά
2987 3260 3377 3330 ἁμαρτήματα.
3410 3260 3577 3313 Ὅταν
3600 3260 3735 3329 γοῦν

2161 3347 2370 3401 ἐκεῖθεν
2407 3347 2719 3419 ἀνέλθωμεν
2749 3349 2810 3402 τὸ
2844 3350 3078 3421 πονηρὸν
3122 3351 3296 3403 ἐκεῖνο
3343 3349 3560 3423 φορτίον
3597 3352 3735 3404 ἀπο-

2163 3439 2395 3511 θέμενοι,
2426 3439 2546 3493 τότε
2573 3440 2822 3512 λέγομεν,
2844 3441 3033 3510 Πάτερ
3059 3440 3249 3512 ἡμῶν,
3280 3446 3312 3497 ό
3331 3443 3402 3496 ἐν
3420 3442 3542 3509 τοῖς
3565 3444 3737 3509 οὐρα-

2161 3532 2308 3599 νοῖς.
2357 3531 2517 3585 Ἀλλά
2561 3532 2704 3597 τίνος
2746 3532 2931 3587 ἕνεκεν
2980 3535 3073 3587 ἐπὶ
3108 3534 3204 3588 τοῦ
3251 3534 3544 3606 τριάκοντα
3586 3530 3735 3585 ὀκτὼ

2163 3622 2375 3692 ἔχοντος
2425 3623 2523 3694 οὐχ
2573 3622 2746 3687 οὓτως
2794 3624 3069 3695 ἐποίησεν,
3106 3624 3241 3680 ἀλλά
3280 3625 3343 3678 τὸ
3377 3624 3534 3694 σῶμα
3567 3622 3735 3678 αὑτοῦ

2166 3711 2280 3785 [45]
2308 3712 2583 3784 διώρθωσε
2623 3714 2921 3786 πρότερον;
2959 3716 3082 3777 Ὅτι
3122 3715 3315 3785 ἐκείνῳ
3343 3715 3439 3785 μὲν
3468 3715 3546 3785 τῷ
3569 3716 3735 3786 μήκει

2163 3803 2258 3858 τοῦ
2285 3802 2473 3876 χρόνου
2493 3803 2562 3858 τὰ
2587 3805 2963 3877 ἁμαρτήματα
2988 3804 3322 3876 δεδαπάνητο
3343 3825 3354 3836 ·
3381 3804 3602 3860 δύναται
3626 3803 3737 3875 γὰρ

2165 3891 2470 3966 πειρασμοῦ
2521 3893 2746 3965 μέγεθος
2798 3894 2860 3948 τὸ
2906 3894 3015 3948 τῶν
3069 3895 3476 3967 ἁμαρτημάτων
3520 3895 3736 3966 φορτίον

2166 3983 2365 4053 κοῦφον
2389 3985 2591 4036 ποιεῖν’
2625 3982 2815 4054 ῶσπερ
2846 3978 2938 4037 οῦν
2968 3981 3063 4034 καὶ
3099 3983 3192 4035 ἐπὶ
3219 3982 3314 4034 τοδῦ
3346 3979 3592 4052 Λαζάρου
3630 3995 3738 4049 φη-

2168 4074 2272 4135 σὶν,
2300 4073 2383 4125 ὅτι
2412 4071 2650 4125 ἀπέλαϐε
2671 4069 2741 4123 τὰ
2765 4070 2911 4123 κακά
2947 4070 3135 4136 αὐτοῦ,
3168 4072 3262 4125 xal
3293 4069 3523 4125 ἐνταῦθα
3555 4085 3737 4139 παρα-

2168 4159 2411 4213 καλεῖται
2436 4173 2451 4187 °
2503 4158 2598 4212 καὶ
2640 4158 2803 4212 πάλιν
2857 4157 3089 4229 ἀλλαχοῦ
3132 4177 3293 4231 φησι·
3334 4158 3739 4230 Παρακαλεῖτε

2167 4249 2275 4304 τὸν
2303 4250 2458 4305 λαόν
2476 4267 2619 4320 μου,
2648 4247 2958 4317 λαλήσατε
2984 4253 3072 4318 εἰς
3094 4250 3208 4320 τὴν
3233 4252 3484 4321 καρδίαν
3522 4252 3739 4321 Ἰερου-

2168 4340 2398 4411 σαλὴμ,
2438 4340 2533 4396 ὅτι
2568 4340 2812 4407 ἐδέξατο
2851 4343 2921 4397 ἐκ
2950 4343 3148 4413 χειρὸς
3187 4345 3407 4412 Κυρίου
3445 4342 3627 4398 διπλᾶ
3662 4343 3741 4398 τὰ

2170 4430 2553 4502 ἁμαρτήματα
2575 4430 2784 4499 αὐτῆς.
2821 4433 2930 4486 Kal
2955 4432 3115 4487 πάλιν
3142 4434 3171 4485 6
3206 4434 3508 4505 προφήτης,
3539 4432 3737 4502 Κύριε,

2167 4524 2416 4594 εῖρήνην
2465 4523 2572 4591 δὸς
2618 4523 2781 4594 ἡμῖν,
2816 4524 3013 4580 πάντα
3062 4526 3172 4596 γὰρ
3218 4524 3529 4591 ἀπέδωκας
3571 4524 3737 4595 ἡμῖν,

2168 4616 2471 4687 ἐμφαίνων,
2504 4617 2585 4671 ὅτι
2614 4618 2672 4670 al
2713 4616 2972 4688 τιμωρίαι
3013 4617 3108 4670 καὶ
3134 4618 3188 4671 αἱ
3217 4616 3465 4679 κολάσεις
3491 4616 3741 4687 ἀμαρτη-

2172 4710 2357 4778 μάτων
2405 4707 2748 4778 συγχώρησιν
2799 4706 3030 4772 ποιοῦσι,
3071 4706 3165 4761 καὶ
3213 4706 3536 4777 πολλαχόθεν
3583 4706 3742 4760 τοῦτό

2171 4804 2289 4855 ἐστι
2318 4800 2549 4871 φανερὸν
2571 4798 2815 4868 ποιῆσαι.

2251 4932 2405 5002 Ἐμοὶ
2437 4930 2610 4985 τοίνυν
2630 4931 2777 4983 δοκεῖ
2793 4929 2958 5003 μηδὲν
2980 4930 3170 5003 ἐκείνῳ
3203 4931 3329 5001 περὶ
3350 4930 3597 4999 ἀφέσεως
3620 4927 3709 4981 δια
3724 4956 3741 4968 -

2166 5022 2445 5092 λεχθῆναι,
2473 5022 2608 5075 ἀλλά
2651 5020 2787 5091 πρὸς
2818 5019 2878 5074 τὸ
2910 5020 3097 5091 μέλλον
3125 5020 3287 5076 αὑτὸν
3316 5017 3741 5091 ἀσφαλίσασθαι,

2165 5114 2243 5178 ὡς
2277 5113 2384 5167 τῶν
2419 5114 2519 5185 ήδη
2577 5113 3072 5184 πλημμεληθέντων
3107 5114 3184 5185 τῷ
3218 5115 3383 5184 μήκει
3424 5114 3526 5183 τῆς
3557 5114 3741 5183 ἀῤῥω·

2169 5205 2321 5268 στίας
2347 5223 2358 5234 ·
2399 5205 2510 5275 ῆεί
2552 5203 2627 5276 μή
2667 5203 2844 5266 τοῦτο,
2876 5204 2962 5258 διά
3009 5204 3072 5258 τὸ
3112 5205 3276 5275 μηδὲν
3311 5204 3472 5258 αὐτὸν
3520 5202 3744 5275 μηδέπω

2171 5299 2300 5369 περὶ
2342 5294 2436 5350 τοῦ
2467 5296 2701 5367 Χριστοῦ
2747 5295 3034 5350 πεπεῖσθαι
3065 5296 3227 5367 μέγα,
3258 5296 3347 5350 διὰ
3382 5296 3541 5351 τοῦτο
3572 5295 3745 5349 ἐπὶτὸ

2166 5389 2385 5442 ἔλαττον
2444 5388 2704 5459 πρότερον
2750 5383 2901 5459 ἦλθε,
2929 5389 3023 5440 καὶ
3074 5387 3136 5441 τὸ
3164 5389 3392 5460 φανερὸν
3432 5388 3527 5442 καὶ
3562 5387 3740 5457 δῆλον,

2161 5475 2259 5547 τὴν
2279 5479 2374 5535 τοῦ
2410 5478 2657 5550 σώματος
2708 5478 2895 5546 ὑγείαν
2917 5495 2932 5509 ο
2972 5480 3065 5531 ἐπὶ
3102 5479 3160 5532 δὲ
3200 5479 3392 5533 τούτου
3420 5481 3520 5550 οὐχ
3546 5478 3740 5543 οὕτως,

2163 5571 2279 5624 ἀλλ’
2309 5572 2493 5643 ἐπειδὴ
2534 5571 2733 5644 μᾶλλον
2786 5571 3093 5633 ἐπίστευσε,
3139 5572 3233 5623 καὶ
3263 5571 3598 5644 ὑψηλοτέραν
3630 5569 3743 5643 εἶχε

2163 5663 2359 5733 ψυχὴν,
2388 5663 2476 5718 διά
2534 5663 2687 5718 τοῦτο
2731 5662 2879 5734 αὒτῷ
2906 5664 3031 5735 περὶ
3059 5663 3154 5733 τῆς
3196 5664 3585 5737 χαλεπωτέρας
3614 5667 3747 5734 πρό·
