4066 6274
280 445 349 499 57
474 452 477 455 ‘
1164 441 1230 498 IN
1266 438 1755 498 PARALYTICUM
1790 439 2135 501 DEMISSUM
2177 448 2312 505 PER
2352 450 2648 527 TECTUM.
3495 460 3566 512 iiii

278 554 502 625 invenit,
530 564 583 612 et
607 557 833 628 pulsanti
860 557 1128 629 aperietur
1157 557 1306 629 (Luc.
1338 558 1424 612 tl.
1452 557 1567 627 10).
1598 556 1713 613 Νοη
1735 555 1871 611 dixit

287 649 601 720 propinquis
640 650 781 717 suis,
813 649 951 718 Quid
980 649 1083 705 hoc
1108 650 1188 705 rei
1214 650 1330 704 est?
1365 649 1501 717 Quid
1546 646 1871 704 lurbamiui?

275 741 404 812 quid
427 756 555 796 vero
582 742 924 812 properatis?
966 740 1353 812 Exspectemus
1378 754 1654 811 quousque
1678 739 1872 795 domus

276 842 595 898 cvaeuetur,
638 833 905 889 theatrum
944 833 1286 888 dimittatur:
1319 832 1575 889 recedent
1615 832 1705 902 qui
1738 845 1869 887 con-

275 924 476 995 gregati
519 933 680 992 sunt,
724 925 1021 997 poterimus
1046 925 1290 994 privatim
1316 923 1381 978 ad
1412 924 1558 979 illum
1587 923 1866 990 accedere,

274 1029 337 1068 ac
366 1014 540 1069 dehis
562 1014 725 1069 rebus
751 1014 899 1069 illum
926 1015 1224 1070 consulere.
1255 1013 1391 1080 Quid
1422 1028 1556 1083 opus
1583 1022 1665 1068 est
1694 1013 1871 1082 inspe.

272 1106 542 1162 ctantibus
582 1107 832 1162 omnibus
866 1107 1194 1162 calamitates
1222 1122 1370 1161 meas
1400 1106 1451 1161 in
1482 1105 1714 1161 medium
1743 1120 1869 1175 pro-

271 1197 440 1266 ferri,
471 1210 524 1255 et
558 1200 789 1270 desuper
822 1200 1095 1267 submitti,
1146 1208 1304 1270 atque
1334 1199 1583 1255 indecore
1623 1198 1870 1254 moveri?

273 1291 475 1346 llorum
515 1292 647 1346 nihil
676 1301 765 1347 aut
788 1292 925 1363 apud
957 1308 1015 1348 se
1038 1301 1129 1347 aut
1165 1293 1232 1349 ad
1262 1308 1357 1349 eos
1381 1294 1469 1369 qui
1501 1308 1560 1349 se
1586 1293 1869 1363 gestabant

268 1384 551 1456 eloquutus
577 1394 694 1450 est,
726 1386 820 1441 sed
854 1396 1168 1442 ornamento
1197 1387 1297 1441 sibi
1324 1402 1444 1441 esse
1472 1386 1643 1452 duxit,
1675 1396 1732 1442 ut
1759 1396 1865 1443 tam

269 1478 466 1533 multos
506 1479 801 1533 curationis
845 1494 958 1534 suae
997 1488 1163 1535 testes
1212 1480 1482 1535 redderet.
1513 1480 1694 1550 Neque
1738 1496 1867 1536 vero

268 1578 471 1624 tantum
504 1585 570 1625 ex
614 1569 717 1625 hoc
749 1570 882 1625 ﬁdes
912 1570 1028 1641 ejus
1048 1571 1194 1626 cerni
1220 1580 1460 1641 poterat,
1490 1572 1583 1627 sed
1613 1572 1769 1626 etiam
1798 1588 1864 1627 ex

268 1662 399 1733 ipsis
421 1661 622 1720 Christi
664 1666 865 1721 verbis.
911 1665 1200 1737 Postquam
1230 1669 1374 1721 enim
1414 1666 1678 1722 demissus
1702 1674 1865 1721 estet

263 1754 495 1824 oblatus,
519 1757 593 1811 ait
620 1757 692 1811 illi
714 1755 980 1823 Christus,
1010 1757 1242 1829 Conﬁde,
1275 1760 1352 1828 [ili
1372 1800 1386 1823 ,
1417 1760 1741 1814 remittuntur
1767 1760 1858 1813 tibi

266 1854 493 1913 peccata.
524 1844 616 1899 llis
644 1845 733 1901 ille
757 1846 953 1902 auditis
985 1863 1089 1902 non
1111 1863 1253 1919 a‘gre
1280 1848 1415 1911 tulit,
1446 1864 1550 1904 non
1580 1848 1715 1903 dixit
1743 1864 1859 1903 me—

269 1933 391 1990 dico
425 1953 440 1989 :
472 1935 614 2003 Quid
642 1937 744 1993 hoc
765 1939 841 1993 rei
871 1948 953 1994 est
972 1939 997 1991 ἲ
1018 1939 1100 1994 Ab
1128 1940 1297 1994 altero
1335 1939 1525 1993 morbo
1556 1948 1609 1992 ut
1640 1954 1862 1994 sanarer

270 2025 500 2093 adveni,
544 2036 597 2081 et
637 2027 863 2083 alterum
909 2030 1025 2099 ipse
1064 2030 1254 2084 sanat?
1284 2028 1384 2083 lsta
1408 2037 1707 2084 commenta
1738 2036 1863 2083 sunt

268 2128 324 2173 et
370 2127 696 2190 pra-textus,
747 2129 803 2176 et
843 2120 1222 2177 imbecillitatis
1265 2131 1591 2194 tegumenta.
1637 2121 1860 2177 Peecata

265 2224 445 2274 sanas,
472 2226 592 2281 qua:
620 2228 725 2266 non
753 2215 1087 2269 cernuntur?
1106 2213 1246 2268 Nihil
1279 2213 1467 2268 horum
1501 2229 1671 2283 neque
1690 2214 1855 2281 dixit,

263 2316 437 2370 neque
461 2302 753 2373 cogitavit,
792 2304 887 2359 sed
926 2307 1256 2374 exSpectavit
1285 2306 1630 2376 permittens,
1662 2317 1719 2361 ut
1741 2323 1858 2363 me-

260 2391 410 2447 dicus
436 2407 555 2447 eam
596 2391 894 2449 curationis
934 2396 1072 2450 viam
1103 2406 1335 2463 teneret,
1370 2413 1528 2468 quam
1554 2398 1733 2453 vellet.
1769 2397 1856 2451 ld—

268 2483 414 2539 circo
438 2485 598 2538 etiam
626 2484 873 2540 Christus
915 2502 1020 2541 non
1062 2486 1129 2542 ad
1175 2503 1298 2543 eum
1346 2488 1609 2557 perrexit,
1636 2488 1730 2544 sed
1757 2504 1855 2543 ex-

265 2576 528 2643 spectavit
552 2574 676 2630 dum
708 2576 948 2643 veniret,
983 2586 1040 2631 ut
1066 2577 1225 2632 ﬁdem
1253 2577 1417 2643 ipsius
1446 2579 1650 2635 cunctis
1673 2588 1855 2634 osten-

259 2662 435 2720 deret.
482 2664 748 2735 Numquid
784 2667 927 2721 enim
988 2668 1196 2723 facilem
1240 2669 1313 2723 illi
1360 2670 1529 2738 potuit
1578 2685 1854 2726 accessum

258 2756 488 2813 reddere
507 2758 532 2812 ἲ
551 2757 655 2814 Sed
683 2758 810 2815 nihil
837 2759 1029 2815 horum
1060 2760 1185 2816 fecit
1203 2804 1219 2828 ,
1251 2772 1309 2816 ut
1336 2762 1452 2832 ejus
1478 2763 1713 2819 studium
1739 2779 1855 2819 om-

257 2849 419 2905 nibus
445 2850 800 2919 patefaceret,
847 2862 903 2908 et
941 2853 1099 2908 ﬁdem
1130 2854 1430 2909 ardentem.
1483 2855 1616 2910 Nam
1662 2872 1855 2927 quem-

255 2940 548 2996 admodum
568 2942 633 2996 ad
653 2942 798 2997 illum
821 2942 1096 3014 adivit,qui
1119 2953 1241 2999 octo
1254 2955 1305 3000 et
1331 2946 1542 3017 triginta
1556 2946 1665 3016 jam
1685 2963 1854 3003 annos

258 3032 494 3088 habebat
514 3075 529 3098 ,
573 3049 638 3089 eo
677 3034 819 3106 quod
870 3052 1028 3092 nemo
1072 3037 1145 3091 illi
1175 3036 1387 3094 adesset
1420 3056 1435 3095 :
1464 3040 1541 3095 sic
1565 3049 1620 3096 et
1647 3040 1806 3096 istum
1836 3083 1852 3109 ,

262 3133 546 3194 propterea
573 3125 715 3195 quod
744 3127 939 3182 multos
967 3126 1192 3184 habebat
1225 3131 1549 3201 propinquos
1568 3174 1584 3200 ,
1631 3133 1757 3188 dum
1786 3134 1853 3189 ad

258 3228 322 3270 se
341 3215 565 3280 veniret.
598 3219 946 3288 exspectavit,
981 3227 1036 3273 ut
1064 3228 1118 3274 et
1148 3220 1298 3275 istius
1328 3222 1662 3279 manifestam
1694 3223 1851 3280 ﬁdem

262 3304 542 3374 redderet,
576 3323 642 3363 eo
671 3307 812 3380 quod
864 3310 1073 3364 oblatus
1112 3310 1309 3367 fuerit:
1339 3322 1393 3367 et
1434 3313 1574 3367 illius
1604 3314 1850 3370 solitudi-

258 3413 385 3454 nem
430 3416 527 3454 nos
567 3400 809 3468 doceret,
856 3418 923 3459 eo
957 3403 1098 3473 quod
1125 3403 1191 3459 ad
1223 3404 1394 3474 ipsum
1424 3407 1750 3472 accesserit,
1797 3415 1852 3462 et

254 3498 365 3544 tam
411 3491 565 3547 istius
607 3480 839 3549 studium
862 3534 879 3560 ,
907 3511 1066 3566 quam
1110 3495 1254 3551 illius
1293 3498 1603 3567 patientiam
1641 3502 1851 3553 eunetis

252 3580 570 3653 detegeret,
615 3595 773 3654 atque
819 3587 923 3641 illis
962 3589 1229 3658 prmeipue
1255 3588 1344 3658 qui
1374 3588 1675 3644 adstabant.
1717 3590 1848 3645 Nam

256 3675 511 3744 quoniam
550 3675 719 3732 Judaai
764 3676 1009 3733 homines
1049 3678 1212 3734 invidi
1259 3688 1315 3733 et
1360 3677 1635 3735 hominum
1667 3695 1851 3736 osores

248 3767 619 3837 proximorum
643 3766 919 3823 beneﬁciis
946 3766 1182 3824 invidere
1202 3778 1611 3836 consueverunt,
1635 3780 1691 3826 et
1710 3786 1851 3827 nunc

249 3868 467 3929 sumpta
486 3861 772 3915 occasione
796 3875 824 3912 a
856 3871 1095 3932 tempore
1124 3863 1374 3918 miracula
1393 3879 1635 3933 carpere,
1663 3864 1849 3920 dicen-

251 3958 337 4004 tes
365 3964 488 4003 eum
530 3949 582 4003 in
612 3950 834 4004 sabbato
858 3965 1046 4006 curare
1068 3993 1084 4018 ,
1119 3968 1260 4008 nunc
1285 3953 1353 4007 ab
1376 3968 1561 4007 eorum
1593 3956 1728 4022 vita,
1759 3955 1849 4025 qui

250 4044 623 4107 extrahantur,
668 4042 937 4108 dicentes,
973 4042 1074 4098 Hic
1116 4046 1159 4099 si
1196 4055 1322 4099 esset
1369 4047 1654 4117 propheta,
1698 4048 1848 4102 sciret

249 4151 485 4204 quanam
510 4135 575 4187 sit
604 4135 806 4198 mulier,
838 4153 953 4207 qua:
978 4139 1138 4209 tangit
1167 4156 1280 4193 eum
1323 4137 1472 4210 (Luc.
1506 4140 1556 4193 7.
1592 4140 1716 4210 39),
1747 4157 1845 4196 ne-

250 4226 483 4280 scientes
538 4222 641 4280 hoc
691 4241 812 4281 esse
858 4228 1124 4298 prmeipue
1173 4229 1363 4285 medici
1391 4272 1406 4297 ,
1461 4232 1845 4303 eumva‘grotis

251 4318 489 4385 misceri,
519 4329 572 4377 et
592 4318 743 4390 juxta
776 4322 1015 4378 inﬁrmos
1041 4340 1256 4394 semper
1281 4325 1509 4391 versari,
1534 4342 1639 4382 non
1665 4338 1844 4383 autem

253 4408 379 4463 illos
404 4408 615 4481 fugere,
652 4420 704 4466 et
731 4412 799 4466 ab
828 4413 933 4468 illis
963 4415 1185 4470 resilire.
1216 4415 1366 4483 Quod
1392 4417 1607 4488 quidem
1637 4428 1693 4475 et
1719 4436 1842 4475 cum

252 4497 308 4552 in
350 4512 445 4553 eos
480 4500 824 4557 inveheretur
847 4504 1057 4559 dicebat
1089 4524 1101 4559 :
1134 4505 1255 4561 Non
1293 4518 1366 4562 est
1410 4525 1536 4578 apus
1565 4511 1846 4566 valentibus

246 4593 445 4646 medico
464 4634 479 4658 ,
508 4594 598 4648 sed
622 4595 755 4650 male
784 4597 1080 4653 habentibus
1103 4599 1327 4670 (Matth.
1354 4602 1405 4657 9.
1432 4602 1541 4675 12).
1583 4603 1661 4661 Ne
1687 4605 1845 4675 igitur

247 4682 436 4739 eadem
469 4701 656 4742 rursus
680 4687 972 4758 objieereut
991 4730 1006 4755 ,
1037 4693 1184 4760 prius
1221 4692 1417 4748 indicat
1445 4709 1541 4750 eos
1567 4695 1844 4752 curatione

249 4776 443 4846 dignos
482 4792 601 4830 esse
620 4820 636 4843 ,
672 4780 761 4849 qui
799 4781 1125 4836 accedebant
1144 4823 1160 4849 ,
1186 4784 1253 4837 ob
1276 4783 1433 4839 ﬁdem
1457 4801 1613 4855 quam
1646 4801 1754 4856 pra:
1782 4802 1842 4843 se

245 4868 506 4924 fereliant.
539 4869 823 4939 PrOpterea
851 4879 906 4925 et
932 4872 1071 4927 illius
1096 4874 1435 4931 solitudinem
1462 4885 1517 4932 et
1547 4876 1839 4934 ferventem

243 4958 399 5014 istius
444 4959 603 5014 fidem
653 4970 708 5016 et
761 4962 921 5017 animi
972 4966 1443 5035 promptitudinem
1495 4968 1783 5024 declaravit
1824 4988 1840 5025 :

242 5059 524 5118 propterea
556 5059 666 5105 tum
699 5052 845 5107 illum
895 5052 946 5109 iu
993 5056 1215 5112 sabbato
1244 5060 1487 5124 curavit,
1535 5070 1644 5115 tum
1694 5060 1839 5119 hunc

244 5156 350 5195 non
391 5142 442 5195 in
475 5141 739 5198 sabbato:
770 5154 859 5210 ut.
891 5163 1013 5201 cum
1045 5148 1166 5202 illos
1192 5124 1361 5204 aliero
1399 5150 1485 5207 die
1524 5152 1723 5208 videris
1748 5169 1835 5209 re-

244 5232 583 5300 prehendere
635 5244 690 5290 et
737 5236 1019 5308 increpare
1064 5239 1371 5307 Christum,
1422 5243 1685 5315 intelligas
1725 5253 1838 5301 tum

246 5328 504 5396 temporis
524 5328 707 5393 etiam,
739 5345 843 5385 non
875 5331 1017 5402 quod
1044 5332 1265 5387 studiosi
1289 5344 1468 5389 essent
1496 5335 1627 5405 legis
1647 5336 1838 5391 obsor-

240 5418 449 5482 vandm,
476 5420 910 5488 reprehendisse,
939 5438 1124 5477 verum
1145 5438 1267 5477 cum
1296 5426 1561 5494 propriam
1587 5425 1837 5481 invidiam

239 5510 386 5565 ferre
424 5525 531 5567 non
577 5522 812 5580 possent.
842 5513 1019 5583 Quare
1063 5530 1191 5570 vero
1225 5532 1331 5572 non
1375 5517 1519 5587 prius
1550 5518 1837 5588 paralysim

239 5617 431 5656 sanare
453 5617 740 5673 aggressus
768 5615 855 5660 est
877 5648 891 5670 ,
925 5606 1019 5661 sed
1042 5607 1211 5673 dixit,
1242 5608 1452 5677 Con/ide
1470 5652 1482 5673 ,
1516 5610 1594 5679 ﬁli
1614 5650 1631 5673 ,
1663 5611 1838 5665 dimit-

238 5698 414 5747 tuntur
458 5704 668 5764 peccata
711 5706 797 5749 tua
820 5697 845 5750 ?
869 5698 936 5754 Et
962 5698 1063 5754 hoc
1086 5700 1374 5777 sapienter
1411 5700 1718 5756 admodum.
1752 5702 1837 5757 Si-

241 5786 453 5857 quidem
488 5795 572 5842 est
604 5786 702 5842 hoc
734 5789 785 5843 in
822 5804 971 5848 more
998 5779 1231 5862 positum
1254 5791 1583 5853 medicorum
1604 5835 1620 5861 ,
1646 5803 1704 5850 ut
1728 5809 1834 5850 non

241 5878 386 5945 prius
434 5877 654 5933 morbos
709 5879 942 5951 abigam,
999 5883 1093 5937 sed
1153 5898 1338 5941 eorum
1387 5884 1558 5942 fontes
1617 5886 1827 5945 tollant.

571 5992 843 6055 Parnm.
891 5998 1005 6057 tiu.
1059 5994 1151 6056 LI.

1982 560 2234 634 Exempli
2265 579 2425 622 causa
2452 582 2820 638 saépeuumero
2850 582 2970 624 eum
2998 583 3024 622 a
3076 585 3244 641 pravo
3274 568 3495 625 humore
3515 580 3570 624 et

1974 664 2223 727 corrupta
2256 657 2498 715 fluxione
2519 660 2840 718 infestantur
2858 663 3019 731 oculi,
3049 663 3287 719 medicus
3315 665 3569 720 omittens

1977 747 2229 817 pupillam
2273 765 2471 821 aegram
2518 768 2740 819 curare,
2787 753 2977 823 capitis
3018 769 3201 809 curam
3250 755 3429 826 gerit,
3476 757 3567 810 ubi

1973 838 2123 894 radix
2151 848 2204 895 et
2226 840 2347 896 fons
2389 851 2506 897 erat
2556 844 2886 913 aegritudinis
2917 862 2931 899 :
2961 845 3031 899 ita
3075 861 3288 916 quoque
3324 844 3567 902 Christus

1972 932 2124 1002 agit:
2156 934 2302 1003 prius
2340 934 2601 991 malorum
2651 936 2851 993 fontem
2896 939 3158 1009 reprimit.
3188 940 3332 995 Fons
3374 940 3569 1011 quippe

1975 1024 2239 1080 tnalorum
2268 1034 2323 1082 et
2352 1027 2499 1081 radix
2529 1038 2583 1083 et
2608 1038 2779 1083 mater
2824 1038 2908 1083 est
2952 1030 3189 1085 omnium
3229 1040 3414 1086 natura
3441 1047 3568 1101 pce-

1973 1115 2098 1169 cati.
2146 1116 2270 1173 Ilzec
2306 1127 2389 1172 est
2431 1134 2550 1187 qua:
2589 1135 2814 1189 corpora
2871 1129 3051 1175 nostra
3098 1131 3261 1176 vexat
3295 1122 3566 1194 paralysi,

1974 1204 2090 1260 hcce
2121 1206 2340 1263 morbos
2369 1208 2571 1264 invehit
2598 1226 2613 1275 ;
2647 1210 2846 1265 idcirco
2889 1212 3048 1266 etiam
3082 1212 3250 1281 inquit
3274 1211 3377 1267 hoc
3406 1212 3524 1267 loco
3545 1253 3561 1275 .

1972 1293 2220 1366 Con/ide,
2270 1298 2378 1366 ﬁli,
2426 1300 2748 1355 dimittuntur
2793 1312 3000 1371 peccata
3045 1311 3169 1369 tua;
3211 1313 3264 1358 et
3303 1303 3412 1358 illic
3451 1303 3563 1357 ait:

1972 1386 2105 1443 Ecce
2145 1406 2301 1443 sanus
2346 1393 2513 1461 factus
2553 1409 2634 1456 es,
2682 1394 2786 1446 noli
2834 1394 3057 1463 amplius
3082 1412 3326 1465 peccare,
3359 1394 3567 1465 nequid

1971 1480 2187 1536 deterius
2215 1482 2303 1536 tibi
2327 1485 2584 1555 contingat
2606 1502 2626 1548 ;
2655 1493 2883 1555 utroque
2909 1486 3026 1541 loco
3047 1487 3326 1543 declarans
3345 1489 3565 1542 morbos

1969 1571 2101 1627 istos
2131 1588 2196 1627 ex
2226 1584 2447 1644 peccato
2486 1583 2639 1629 natos
2682 1591 2822 1631 esse.
2854 1576 2919 1631 Et
2944 1576 2996 1630 in
3028 1577 3290 1647 principio
3314 1588 3472 1649 atque
3509 1579 3564 1633 in

1968 1662 2191 1719 exordio
2226 1664 2513 1719 creationis
2554 1681 2621 1720 ex
2663 1675 2883 1735 peccato
2933 1667 3150 1721 morbus
3190 1666 3338 1721 Caini
3365 1682 3563 1736 corpus

1967 1755 2179 1810 invasit.
2213 1755 2345 1811 Nam
2373 1765 2427 1811 et
2451 1757 2542 1812 ille
2568 1766 2688 1827 post
2712 1756 3064 1813 fratricidium
3086 1799 3101 1825 ,
3136 1768 3255 1828 post
3284 1758 3411 1813 illud
3438 1773 3561 1813 see-

1966 1847 2069 1914 lus,
2090 1856 2200 1901 tum
2229 1847 2456 1918 paralysi
2474 1848 2714 1919 corporis
2742 1859 2823 1903 est
2848 1857 3146 1919 correptus.
3172 1849 3396 1904 Tremor
3415 1851 3557 1904 enim

1966 1940 2056 1994 ille
2082 1940 2213 1995 nihil
2244 1941 2386 1996 aliud
2419 1941 2516 1996 fuit
2539 1958 2698 2012 quam
2733 1943 3009 2014 paralysis.
3044 1943 3268 2011 Quando
3293 1945 3436 1998 enim
3468 1945 3556 1999 illa

1965 2033 2156 2099 virtus,
2189 2049 2307 2104 qua:
2337 2033 2532 2088 animal
2559 2034 2714 2104 regit,
2748 2034 3069 2089 imbecillior
3092 2044 3173 2090 est
3202 2034 3430 2100 reddita,
3459 2050 3561 2089 nec

1964 2126 2190 2194 amplius
2238 2127 2413 2181 omnia
2452 2135 2628 2197 potest
2674 2126 2910 2182 membra
2942 2136 3279 2195 sustentare,
3311 2143 3403 2183 sua
3430 2143 3557 2183 cura

1964 2213 2051 2268 illa
2071 2215 2332 2281 destituit,
2347 2225 2505 2287 atque
2518 2217 2606 2270 illa
2623 2217 2860 2272 relaxata
2883 2226 3118 2273 tremunt
3132 2219 3551 2287 ctexagitantur.

2033 2306 2088 2360 6.
2117 2306 2227 2362 lloc
2280 2308 2440 2363 etiam
2490 2308 2741 2363 indicavit
2804 2309 3032 2376 Paulus,
3077 2324 3197 2364 cum
3242 2308 3538 2365 Corinthiis

1960 2405 2238 2466 peccatum
2283 2397 2551 2468 quoddam
2596 2398 2933 2468 exprobrans
2978 2400 3053 2453 ait
3081 2418 3093 2453 :
3120 2398 3247 2454 Ideo
3296 2400 3427 2455 inter
3470 2417 3554 2454 vos

1960 2486 2106 2539 multi
2129 2488 2321 2556 inﬁrmi
2347 2498 2394 2541 ct
2431 2488 2699 2543 imbecilles
2722 2490 2797 2559 (ι.
2826 2488 2943 2544 Cor.
2978 2491 3062 2545 11.
3094 2490 3187 2559 50)
3214 2509 3227 2545 :
3261 2490 3380 2546 ideo
3401 2490 3558 2546 Chri-

1959 2586 2078 2630 stus
2119 2592 2333 2647 quoque
2383 2578 2530 2647 prius
2558 2594 2776 2632 causam
2826 2579 3088 2634 malorum
3125 2580 3295 2648 tollit,
3323 2595 3555 2652 cumque

1957 2667 2215 2723 dixisset:
2243 2668 2474 2739 Conﬁde,
2499 2670 2597 2738 ﬁli,
2620 2670 2943 2724 dimittuntur
2966 2680 3169 2743 peccata
3191 2682 3298 2739 tua,
3316 2672 3551 2727 animum

1958 2758 2075 2828 ejus
2117 2758 2309 2829 erigit,
2357 2759 2734 2831 dejectamque
2785 2770 3021 2817 mentem
3075 2760 3318 2819 excitat:
3349 2763 3549 2833 quippe

1957 2866 2140 2907 sermo
2166 2852 2412 2923 prodibat
2434 2854 2486 2907 in
2512 2867 2669 2924 epus,
2691 2862 2745 2908 et
2770 2853 2823 2910 in
2855 2852 3239 2909 conscientiam
3264 2863 3551 2923 penetrans

1958 2944 2190 2997 animam
2224 2943 2394 3012 ipsam
2424 2945 2709 3011 movebat,
2739 2960 2803 3000 ac
2830 2954 3029 3000 metum
3074 2960 3288 3002 omnem
3318 2944 3556 3015 expelle-

1960 3034 2070 3089 bat.
2095 3032 2256 3107 [Nihil
2287 3036 2428 3089 enim
2459 3044 2541 3091 est
2574 3036 2714 3106 quod
2739 3036 2806 3091 ita
2848 3036 3188 3093 formidinem
3217 3051 3279 3091 ac
3301 3037 3550 3092 timorem

1959 3124 2197 3194 injiciat,
2223 3136 2281 3181 ut
2306 3127 2634 3182 conscientia
2662 3136 3003 3198 peccatorqu
3037 3147 3051 3183 :
3085 3128 3104 3202 ]
3143 3128 3273 3184 nihil
3299 3130 3368 3184 ita
3394 3131 3550 3184 volu-

1958 3227 2158 3288 ptatem
2188 3219 2345 3289 parit,
2376 3228 2430 3273 et
2455 3219 2831 3275 conﬁdentiam
2865 3220 3161 3291 ingenerat,
3190 3237 3252 3276 ac
3278 3222 3320 3277 si
3349 3222 3548 3277 nullius

1956 3310 2075 3382 quis
2102 3311 2321 3366 sceleris
2350 3311 2450 3365 sibi
2476 3311 2545 3366 sit
2572 3312 2838 3372 conscius.
2870 3311 3101 3382 Conﬁde,
3127 3311 3208 3383 ﬁli
3232 3352 3246 3377 ,
3274 3313 3544 3366 dimittun-

1956 3412 2039 3457 tur
2064 3412 2270 3472 peccata
2312 3413 2420 3458 tua.
2451 3403 2549 3460 Ubi
2576 3405 2720 3459 enim
2768 3405 3015 3461 remissio
3039 3415 3121 3460 est
3150 3414 3492 3476 peccatorum
3527 3447 3541 3466 .

1960 3493 2068 3548 illic
2092 3502 2146 3547 et
2171 3495 2389 3564 adoptio
2410 3502 2493 3550 est
2516 3493 2764 3549 ﬁliorum.
2802 3496 2875 3550 Ita
2904 3510 3001 3550 nos
3028 3510 3239 3566 quoque
3264 3512 3369 3551 non
3392 3496 3541 3565 prius

1960 3582 2175 3637 Patrem
2201 3598 2484 3653 possumus
2504 3586 2795 3654 appellare,
2819 3600 2976 3654 quam
3001 3586 3053 3640 in
3084 3601 3356 3640 sacrarum
3379 3603 3547 3657 aqua-

1955 3688 2074 3728 rum
2103 3674 2314 3730 lavacro
2358 3682 2575 3745 peccata
2617 3675 3051 3731 absterserimus.
3104 3675 3333 3745 Quando
3385 3677 3549 3748 igitur

1956 3767 2096 3821 mala
2124 3768 2213 3821 illa
2240 3767 2482 3838 deposita
2510 3769 2720 3823 sarcina
2754 3768 2877 3824 inde
2895 3768 3257 3836 ascendimus,
3285 3779 3396 3824 tum
3423 3769 3552 3823 dici-

1959 3872 2111 3923 mus,
2151 3856 2308 3912 Pater
2334 3867 2522 3925 noster,
2548 3859 2636 3927 qui
2659 3875 2710 3913 es
2748 3860 2802 3913 in
2828 3861 2986 3915 cazlis.
3009 3858 3211 3916 Verum
3243 3863 3384 3917 enim
3418 3878 3547 3915 vero

1955 3947 2108 4019 cujus
2138 3949 2213 4004 rei
2243 3949 2411 4019 gratia
2443 3964 2547 4004 non
2577 3951 2647 4004 ita
2675 3966 2735 4005 se
2761 3951 2928 4021 gessit
2954 3967 3079 4023 erga
3111 3953 3257 4007 illum
3279 3994 3295 4019 ,
3328 3953 3418 4024 qui
3448 3954 3516 4009 tri
3535 3984 3548 3995 ο

1953 4041 2100 4111 ginta
2146 4049 2269 4096 octo
2311 4056 2482 4097 annos
2526 4041 2793 4108 habebat,
2848 4043 2942 4097 sed
2976 4044 3125 4113 prius
3168 4043 3309 4100 illius
3351 4059 3549 4116 corpus

1953 4131 2199 4186 curavit?
2237 4132 2497 4199 Quoniam
2548 4132 2621 4188 illi
2675 4133 2891 4204 quidem
2936 4135 3193 4204 temporis
3244 4135 3548 4206 prolixitate

1953 4224 2162 4282 fuerant
2188 4234 2501 4298 consumpta
2527 4236 2744 4298 peccata
2775 4245 2788 4282 :
2818 4238 2991 4299 potest
3020 4230 3162 4286 enim
3194 4230 3544 4286 tentatiomun

1950 4317 2187 4386 gravitas
2237 4334 2376 4373 onus
2416 4328 2757 4389 peccatorum
2816 4320 2986 4376 levius
3025 4321 3251 4379 reddere
3292 4340 3309 4378 :
3354 4339 3546 4395 quem-

1953 4407 2244 4463 admodum
2265 4418 2319 4463 et
2344 4408 2412 4464 de
2438 4409 2639 4465 Lazaro
2664 4410 2823 4477 dixit,
2838 4426 2959 4466 eum
2982 4412 3119 4467 mala
3133 4427 3229 4467 sua
3254 4414 3542 4483 recepisse.

1956 4507 2117 4569 atque
2148 4498 2237 4553 hic
2260 4498 2525 4553 consolari
2557 4516 2571 4551 :
2603 4508 2658 4555 et
2682 4515 2870 4554 rursus
2896 4501 2970 4554 ait
2996 4501 3122 4555 alibi
3152 4519 3165 4553 :
3198 4498 3547 4557 Consolamini

1956 4593 2203 4663 paparium
2229 4608 2394 4646 meum
2417 4632 2433 4657 ,
2472 4591 2738 4662 loquimini
2766 4593 2833 4645 ad
2863 4608 2951 4646 cor
2972 4591 3282 4661 Jerusalem,
3310 4594 3431 4662 quia
3459 4610 3547 4647 rs-

1950 4685 2080 4755 cepit
2110 4686 2173 4738 de
2200 4700 2355 4738 mamt
2392 4682 2599 4738 Domini
2634 4683 2861 4755 duplicia
2886 4689 3095 4752 peccata
3116 4697 3212 4736 sua
3238 4676 3432 4755 (Hesai.
3450 4678 3541 4745 ιυ,

1953 4777 2005 4832 1.
2034 4777 2115 4848 2).
2141 4777 2207 4833 Et
2229 4778 2421 4833 iterum
2451 4777 2711 4848 propheta
2747 4795 2759 4830 :
2794 4776 3013 4831 Domine
3033 4817 3051 4843 ,
3074 4793 3247 4846 pacem
3268 4778 3336 4832 da
3365 4777 3507 4833 nobis
3526 4820 3542 4844 ,

1952 4870 2124 4923 omnia
2148 4870 2282 4923 enim
2308 4869 2573 4923 reddidisti
2600 4869 2743 4923 nobis
2771 4867 2924 4941 (fles.
2955 4868 3046 4923 26.
3076 4869 3168 4939 12)
3188 4911 3203 4933 ,
3230 4870 3543 4940 signiﬁcans

1952 4975 2141 5030 poenas
2184 4969 2240 5015 et
2266 4958 2526 5030 supplicia
2568 4960 2778 5014 veniam
2815 4958 3106 5030 impetrare
3158 4969 3501 5030 peccatorum
3526 5002 3543 5027 ,

1952 5050 2114 5123 idque
2144 5051 2385 5122 plurimis
2406 5067 2471 5107 ex
2504 5052 2636 5108 locis
2661 5062 2838 5125 potest
2854 5053 3237 5109 demonstrari.

2028 5142 2352 5198 vicinitatem
2383 5160 2527 5198 suam
2574 5143 2765 5199 indicat
2802 5144 3051 5202 Christus.
3081 5172 3153 5187 -ο
3182 5142 3363 5215 Itaque
3413 5141 3544 5197 nihil

1950 5235 2080 5290 mihi
2126 5235 2337 5290 videtur
2360 5234 2427 5290 de
2459 5246 2795 5307 peccatorum
2835 5236 3153 5293 remissione
3173 5236 3375 5291 dixisse
3398 5278 3416 5302 ,
3445 5236 3540 5291 sed

1949 5324 2001 5380 in
2031 5336 2303 5397 posterum
2326 5326 2472 5382 illum
2501 5330 3006 5398 praemunisse,cum
3026 5342 3089 5384 ea
3108 5344 3228 5400 qum
3250 5329 3461 5382 fuerant
3478 5330 3546 5381 ab

1951 5420 2044 5476 illo
2070 5420 2355 5476 commissa
2373 5421 2483 5492 jam
2511 5423 2842 5493 egritudinis
2866 5431 3049 5478 essent
3069 5420 3370 5491 prolixitate
3395 5419 3539 5473 dele-

1952 5523 2002 5568 ta
2037 5530 2051 5568 :
2084 5518 2175 5567 aut
2198 5515 2241 5569 si
2269 5513 2372 5570 hoc
2394 5530 2498 5571 non
2526 5516 2615 5579 sit,
2641 5523 2921 5586 propterea
2948 5514 3091 5585 quod
3122 5512 3358 5568 nondum
3380 5510 3539 5581 quid-

1954 5620 2114 5675 quam
2144 5620 2397 5677 magnum
2428 5607 2499 5661 illi
2530 5608 2703 5662 fuerat
2730 5607 2799 5661 de
2835 5604 3054 5662 Christo
3078 5619 3392 5676 persuasum
3415 5646 3431 5671 ,
3462 5604 3546 5660 id-

1951 5699 2097 5755 eirco
2117 5697 2182 5753 ad
2206 5697 2257 5753 id
2285 5698 2426 5770 quod
2459 5700 2635 5754 minus
2660 5709 2811 5766 erat,
2838 5700 2985 5769 prius
3025 5700 3286 5767 accessit,
3318 5709 3374 5757 et
3400 5701 3542 5770 quod

1950 5792 2173 5853 evidens
2198 5807 2261 5847 ac
2290 5790 2650 5859 manifestum,
2675 5793 2925 5850 nimirum
2947 5793 3189 5864 corporis
3206 5794 3488 5849 sanitatem
3520 5808 3537 5845 :

1951 5888 2013 5944 iu.
2038 5886 2136 5944 hoc
2168 5895 2345 5944 autem
2372 5901 2476 5943 non
2501 5886 2571 5942 ita
2594 5926 2609 5953 ,
2637 5885 2731 5942 sed
2757 5885 3008 5957 quoniam
3052 5886 3220 5955 magis
3260 5879 3535 5939 credebat.

3095 5981 3134 6043 ἢ
