4066 6274
497 397 570 469 59
1220 395 1279 449 S.
1323 391 1603 455 .iOANNIS
1631 387 2110 450 CIIRYSOSTOMI
2141 393 2462 469 ABCHIEP.
2497 395 3046 454 CONSTANTINOP.

500 522 556 564 et
581 507 877 563 snldi‘miori
905 515 1081 561 mente
1107 506 1361 575 prmditus
1388 486 1504 562 erat
1523 549 1537 573 ,
1569 516 1852 578 propterea
1873 505 1940 569 dc
1964 521 2084 579 gra-

501 601 635 655 viori
659 600 817 669 prius
846 598 985 668 apud
1020 599 1165 652 illum
1207 598 1396 652 morbo
1422 598 1676 653 disseruit
1706 616 1718 655 :
1748 606 1944 671 praeter
1975 598 2092 653 haec

501 690 701 752 omnia,
727 697 785 743 ut
803 686 906 744 sibi
951 688 1210 757 aequalem
1254 704 1374 742 cum
1422 688 1582 743 Patre
1606 687 1791 744 deberi
1830 688 2092 743 honorem

499 782 834 837 ostenderet.
877 778 950 836 Ut
982 782 1125 836 enim
1175 781 1282 835 illic
1314 781 1368 834 in
1419 780 1642 834 sabbato
1681 780 1920 843 curavit,
1952 778 2094 851 quod

499 887 600 926 eos
624 873 783 927 vellet
810 886 839 926 a
865 870 1084 927 Judalca
1106 870 1481 925 observatione
1506 876 1771 925 revocare
1794 909 1808 932 ,
1839 880 2001 940 atque
2029 884 2094 924 ex

503 966 721 1022 illorqu
743 963 1206 1019 criminationibus
1227 963 1562 1017 occasionem
1582 970 1821 1032 captaret
1837 961 2097 1031 mqualem

507 1059 822 1115 seGenitori
853 1056 1174 1113 ostendendi
1199 1073 1213 1108 :
1238 1056 1309 1109 ita
1334 1055 1585 1108 nimirum
1608 1063 1667 1110 et
1687 1054 1773 1110 hic
1800 1053 2100 1123 praevidens

3610 402 3795 458 σεο

2204 506 2308 563 lius
2336 509 2485 565 novit
2507 508 2818 565 abscondita
2843 508 3044 566 cordis?
3071 508 3195 580 Ipse
3213 511 3365 574 enim,
3384 510 3580 581 inquit,
3600 514 3797 568 sciebas

2154 671 2159 675 θ
2200 599 2322 669 quid
2342 607 2468 654 esset
2487 600 2540 654 in
2566 600 2767 654 homine
2798 597 2976 671 (Joau.
3003 598 3168 672 2.25)
3198 618 3212 656 :
3245 610 3300 656 et
3328 601 3527 658 Paulus
3548 602 3795 658 indicans

2203 690 2475 761 proprium
2505 704 2626 746 esse
2654 690 2745 744 Dei
2787 700 2994 747 secreta
3037 706 3395 769 cognoscere,
3427 693 3504 751 ait
3530 710 3543 747 :
3570 691 3670 763 Qui
3687 709 3795 749 au-

2206 791 2302 834 tem
2345 791 2602 835 scrutatur
2630 780 2788 835 corda
2814 780 2993 849 (Rom.
3034 780 3090 837 8.
3121 780 3212 854 27)
3247 799 3260 835 :
3289 782 3484 853 quibus
3517 783 3693 843 verbis
3720 786 3800 837 si-

2206 871 2420 943 gniﬁcat
2441 872 2558 929 haec
2583 872 2827 928 eamdem
2855 873 2961 928 vim
2995 872 3212 940 habere,
3242 889 3402 945 quam
3435 875 3546 945 ipsa
3577 874 3668 930 Dei
3697 874 3799 929 ha-

2208 958 2297 1020 bet
2321 965 2628 1034 appellatio.
2657 963 2728 1020 Ut
2749 965 2895 1020 enim
2918 980 3045 1023 cum
3076 965 3198 1022 dico
3217 1007 3233 1034 ,
3265 966 3354 1037 qui
3385 966 3560 1037 pluit,
3592 966 3800 1023 nullum

2209 1058 2372 1112 alium
2400 1065 2594 1128 pra:tcr
2616 1055 2788 1112 Deum
2820 1056 3043 1129 designo
3069 1072 3164 1129 per
3191 1072 3306 1112 rem
3334 1057 3511 1126 illam,
3544 1058 3799 1130 quoniam

510 1151 654 1223 quod
679 1159 835 1206 erant
862 1149 1080 1214 dicturi,
1112 1144 1227 1201 inec
1244 1145 1404 1201 verba
1435 1144 1686 1216 protulit,
1714 1153 1770 1198 ut
1797 1143 1919 1199 hinc
1945 1143 2097 1197 initio

514 1246 695 1313 ducto,
713 1254 768 1300 et
787 1240 1068 1298 occasione
1092 1247 1301 1311 sumpta
1322 1238 1657 1293 demonstret
1678 1236 1867 1307 aequali
1897 1250 1956 1292 se
1976 1249 2103 1290 cum

516 1340 774 1394 Genitore
820 1334 1039 1407 dignum
1071 1333 1294 1388 honore.
1319 1331 1433 1388 Non
1473 1331 1617 1386 enim
1645 1343 1711 1385 es
1751 1343 1904 1398 inquo
1931 1342 1991 1382 se
2020 1341 2107 1381 res

520 1432 718 1496 habet,
748 1430 794 1486 si
826 1428 1038 1485 nemine
1079 1423 1514 1497 reprehendente
1539 1423 1624 1478 vel
1660 1430 1980 1484 accusante,
2009 1434 2106 1475 sua

520 1529 715 1593 sponte
743 1520 863 1590 quis
885 1518 938 1573 in
968 1531 1272 1572 sermonem
1313 1514 1383 1570 de
1413 1513 1498 1568 his
1526 1512 1825 1576 delabatur,
1848 1519 1913 1566 et
1948 1510 1993 1565 si
2008 1525 2110 1564 ca:-

522 1615 654 1668 teris
681 1625 896 1668 causam
921 1607 1302 1680 prasbentibus;
1324 1608 1541 1660 nomine
1556 1619 1625 1661 ac
1654 1602 1832 1674 specie
1854 1600 2114 1656 defensio-

525 1704 610 1759 nis
638 1703 743 1758 hoc
785 1703 957 1773 ipsum
986 1699 1315 1771 praestiterit.
1364 1697 1496 1752 Nam
1529 1696 1620 1751 ille
1649 1694 1864 1766 quidem
1891 1693 2113 1749 demon-

534 1791 824 1847 strationis.
846 1791 1039 1846 modus
1069 1789 1339 1844 auditores
1358 1786 1672 1842 oﬂ‘endisset
1697 1803 1709 1839 :
1732 1784 1828 1839 hic
1857 1797 1987 1839 vero
2012 1783 2115 1836 mi-

529 1901 628 1940 nus
656 1883 875 1939 odiosus
922 1888 1074 1949 erat,
1106 1891 1161 1936 et
1189 1876 1400 1935 facilius
1446 1877 1654 1933 admitti
1688 1885 1930 1947 poterat,
1966 1874 2118 1930 vidc-

531 1990 758 2045 musque
780 1974 1049 2029 Christum
1080 1973 1182 2027 hoc
1222 1970 1422 2040 ubique
1465 1977 1723 2039 praestare
1746 2008 1761 2033 ,
1790 1980 1963 2036 neque
2010 1973 2118 2018 tam

533 2067 712 2122 verbis
740 2080 899 2137 quam
928 2064 1085 2119 factis
1110 2062 1470 2132 reqnalitatem
1498 2075 1648 2114 suam
1677 2057 1980 2113 ostendere.
2009 2054 2124 2110 Hoc

531 2157 748 2227 quidem
778 2166 931 2212 certe
962 2153 1305 2210 subindicuns
1333 2149 1660 2221 evangelista
1701 2147 1911 2203 dicebat
1940 2144 2121 2214 (Joan.

535 2248 590 2301 5.
619 2247 709 2320 lli)
739 2288 754 2314 ,
793 2255 1076 2316 propterea
1118 2251 1470 2314 persequutus
1504 2253 1635 2295 eum
1674 2237 1845 2293 fuisse
1864 2235 2085 2292 Judaros
2109 2274 2124 2299 ,

540 2353 646 2394 non
672 2338 845 2395 solum
875 2339 998 2409 quia
1043 2338 1285 2393 solvebat
1308 2334 1600 2392 sabbatum
1620 2375 1638 2400 ,
1663 2332 1759 2388 sed
1789 2340 1844 2386 et
1882 2331 2004 2400 quia
2030 2342 2128 2399 pa-

539 2441 675 2486 trem
705 2447 860 2487 suum
892 2429 1105 2485 dicebat
1132 2429 1331 2491 Deum,
1359 2427 1620 2498 aequalem
1645 2438 1705 2480 se
1753 2423 1953 2478 faciens
1981 2421 2126 2485 Deo,

2212 1148 2308 1204 Dei
2339 1148 2507 1203 solius
2533 1158 2617 1203 est
2638 1147 2764 1203 illud
2785 1162 2966 1219 agere;
2989 1157 3045 1203 et
3071 1148 3115 1203 si
3142 1146 3334 1216 dicam,
3360 1149 3449 1219 qui
3476 1149 3641 1207 solem
3671 1149 3805 1204 oriri

2216 1240 2360 1307 facit,
2390 1254 2489 1294 nec
2522 1238 2713 1293 addam
2734 1281 2751 1303 ,
2806 1239 2979 1303 Deus,
3014 1248 3190 1295 tamen
3238 1255 3334 1310 per
3361 1254 3475 1295 rem
3508 1239 3650 1295 illam
3679 1255 3806 1301 eum

2215 1333 2441 1388 ostendo
2470 1348 2482 1386 :
2510 1334 2587 1387 sic
2616 1332 2866 1387 nimirum
2899 1340 2955 1389 et
2987 1332 3185 1388 Paulus
3229 1347 3350 1389 cum
3376 1333 3452 1389 ait
3483 1350 3499 1387 :
3527 1331 3629 1398 Qui
3658 1349 3810 1387 scru-

2218 1433 2355 1478 tatur
2380 1423 2556 1490 corda,
2580 1423 2749 1477 solius
2778 1422 2944 1493 ipsius
2968 1437 3089 1479 esse
3106 1423 3329 1478 scrutari
3360 1423 3520 1479 corda
3548 1422 3808 1479 declarat.

2220 1513 2331 1569 Nisi
2361 1514 2502 1569 enim
2535 1514 2635 1569 hoc
2661 1514 2906 1569 eamdem
2942 1514 3051 1568 vim
3081 1512 3340 1582 haberet,
3381 1530 3541 1586 quam
3566 1529 3768 1570 nomen
3793 1555 3813 1580 ,

2224 1607 2389 1676 Deus,
2420 1608 2484 1662 ad
2506 1624 2628 1663 eum
2652 1607 2807 1664 nobis
2830 1607 3171 1663 indicandum
3191 1608 3280 1678 qui
3297 1607 3703 1679 designabatur,
3724 1623 3821 1662 so-

2220 1698 2332 1753 lum
2364 1697 2415 1752 id
2446 1699 2667 1753 minime
2706 1699 2994 1769 posuisset.
3024 1698 3156 1754 Nam
3179 1699 3223 1753 si
3258 1699 3360 1754 hoc
3388 1707 3532 1755 esset
3576 1698 3649 1753 illi
3689 1713 3814 1754 cum

2220 1798 2472 1844 creatura
2502 1791 2806 1856 commune,
2823 1790 2972 1844 illum
2994 1790 3083 1860 qui
3101 1789 3409 1860 designatur
3435 1801 3542 1844 non
3565 1801 3834 1858 agnosce-

2228 1896 2428 1953 remus,
2461 1896 2584 1936 cum
2615 1881 2973 1936 communitas
2999 1881 3088 1937 illa
3116 1879 3486 1935 confusionem
3525 1879 3577 1933 in
3624 1883 3820 1933 menti.

2230 1973 2332 2028 bus
2373 1974 2616 2044 gigneret
2650 1971 2974 2028 auditorum.
3028 1969 3164 2027 Cum
3211 1971 3372 2041 igitur
3413 1976 3669 2040 appareat
3715 1966 3821 2022 hoc

2231 2065 2510 2137 proprium
2544 2063 2714 2118 Patris
2738 2078 2864 2118 esse
2883 2105 2898 2129 ,
2921 2063 3161 2132 itemque
3188 2062 3325 2116 Filio
3362 2069 3578 2117 constet
3599 2074 3823 2128 compc-

2237 2163 2349 2209 tcre
2367 2195 2383 2219 ,
2408 2169 2531 2209 cum
2563 2169 2669 2223 quo
2694 2152 2985 2208 indubitata
3012 2152 3329 2222 relinquitur
3355 2151 3477 2206 inde
3506 2150 3810 2222 aequalitas,

2238 2247 2475 2312 idcirco,
2524 2246 2664 2314 Quid
2704 2246 2981 2317 cogitatis,
3037 2246 3239 2316 inquit,
3289 2245 3430 2298 mala
3488 2244 3543 2298 in
3591 2240 3827 2296 cordibus

2231 2341 2459 2395 uestris?
2487 2339 2625 2406 Quid
2655 2341 2787 2394 enim
2814 2348 2883 2393 est
2906 2338 3111 2410 facilius
3140 2338 3325 2401 dicere,
3357 2335 3684 2390 Dimittuntur
3705 2348 3828 2404 pec-

2235 2443 2355 2486 cata
2382 2442 2489 2496 tua,
2513 2449 2578 2485 an
2600 2431 2785 2497 dicere,
2819 2430 2986 2502 Surge
3012 2440 3059 2484 et
3084 2430 3288 2484 ambula
3316 2427 3531 2499 (Matth.
3548 2426 3612 2482 9.
3642 2428 3694 2480 4.
3723 2423 3781 2496 5)
3805 2423 3830 2478 2

543 2520 686 2591 Q‘md
717 2520 887 2574 ¹η¹³¹ῑ⁰
937 2527 1023 2574 θεῖ
1051 2519 1224 2588 malus
1253 2535 1266 2571 ³
1298 2517 1400 2573 hoc
1428 2517 1571 2572 θιιίῐη
1614 2515 1787 2584 ipsum
1818 2528 1914 2582 Per
1951 2527 2130 2566 τετηηῖ
2311 2521 2368 2575 7.
2389 2512 2560 2575 Altera
2576 2520 2935 2575 demonstratio
2954 2519 3262 2574 remissionis
3275 2513 3832 2589 peccatorum—Ecce

543 2611 1057 2665 demonstrationem
1092 2608 1423 2663 adstruebat.
1469 2606 1607 2674 Quid
1655 2605 1817 2675 igitur
1846 2602 2009 2658 invidi
2053 2602 2134 2657 illi

2248 2613 2464 2668 alteram
2512 2612 2670 2666 etiam
2721 2611 2940 2667 exhibet
2974 2610 3315 2666 remissionis
3359 2616 3699 2679 peccatorum
3734 2604 3833 2659 de-

547 2700 706 2772 έιιίιιιθ
742 2700 988 2756 scelerati
1011 2743 1025 2767 ν
1057 2699 1149 2770 ιιιιὶ
1197 2699 1423 2753 aliorum
1473 2696 1629 2751 bonis
1669 2702 2034 2756 “laceram”:
2082 2701 2138 2747 α
2244 2703 2714 2758 monstrationem.
2747 2701 2877 2756 Nam
2920 2700 3189 2757 dimittere
3222 2711 3436 2769 peccata
3467 2697 3634 2752 multo
3662 2693 3836 2764 tuajns

550 2793 783 2863 undique
807 2806 992 2847 ansam
1020 2788 1448 2861 reprehendendi
1481 2786 1838 2859 perquirunt?
1865 2784 2000 2853 Quid
2020 2785 2136 2850 hic,
2246 2803 2330 2848 est
2353 2836 2369 2861 ,
2399 2808 2558 2863 quam
2592 2807 2787 2861 corpus
2832 2806 3023 2846 sanare
3048 2831 3064 2857 ,
3090 2799 3353 2860 tantoque
3401 2786 3573 2856 majus
3597 2828 3611 2850 ,
3635 2792 3838 2854 quanto

548 2884 827 2955 inquiunt,
862 2881 1236 2963 blasphemat?
1260 2879 1425 2934 Nemo
1451 2878 1585 2933 enim
1619 2885 1779 2948 potest
1815 2883 2021 2947 peccata
2049 2875 2138 2931 di-

2249 2890 2425 2942 anima
2448 2900 2698 2955 corpore.
2727 2883 2801 2941 Ut
2826 2884 2966 2939 enim
3007 2882 3251 2952 corporis
3274 2881 3491 2935 morbus
3515 2888 3599 2934 est
3618 2876 3841 2949 paraly-

547 2976 743 3028 im'ttere
765 3015 782 3041 ,
813 2972 912 3027 nisi
955 2971 1092 3026 satus
1120 2970 1255 3025 Deus
1294 2969 1483 3041 (Marc.
1504 2967 1562 3022 2.
1591 2969 1666 3037 7).
1695 2965 1845 3022 Sicut
1890 2966 1996 3021 illic
2015 2980 2140 3020 enim

2250 2979 2347 3046 sis,
2378 2977 2455 3033 sic
2481 2985 2537 3032 et
2562 2977 2757 3031 anima:
2788 2974 3011 3029 morbus
3046 2981 3323 3043 peccatum
3349 2978 3431 3024 est
3457 2988 3470 3024 :
3496 2983 3679 3022 verum
3708 2965 3842 3021 illud

551 3065 1028 3135 persequebantur,
1060 3062 1200 3133 quod
1243 3061 1522 3117 'sabbatum
1551 3059 1812 3124 solveret,
1833 3066 1890 3113 et
1910 3072 1978 3113 ex
2021 3056 2140 3113 ilio-

2251 3070 2351 3125 etsi
2379 3068 2549 3139 majus
2577 3076 2726 3132 erat,
2757 3066 3043 3121 obscurum
3079 3073 3227 3117 erat:
3255 3062 3358 3117 hoc
3380 3075 3509 3115 vero
3532 3058 3634 3112 etsi
3659 3059 3844 3114 minus

555 3159 674 3208 rum
717 3153 1227 3224 reprehensionibus
1255 3161 1467 3221 sumpta
1503 3150 1793 3206 occasione
1821 3147 2146 3203 defensionis
2254 3169 2410 3229 εει-ιιι,
2441 3159 2779 3214 manifestum
2814 3164 2949 3210 (ει-αι,
2997 3153 3261 3221 Quoniam
3297 3152 3455 3220 igitur
3504 3149 3575 3204 ad
3617 3148 3846 3204 demo".

558 3246 775 3300 nomine
798 3261 862 3300 ac
894 3245 1074 3315 specie
1122 3260 1273 3299 suam
1307 3259 1429 3298 cum
1478 3243 1636 3298 Patre
1663 3241 2022 3312 aequalitatem
2059 3254 2140 3293 os-

2254 3252 2566 3307 strationem
2612 3248 2828 3316 majoris
2874 3259 3066 3299 usurus
3089 3253 3171 3297 est
3203 3241 3394 3297 minori
3420 3283 3435 3308 ,
3465 3238 3755 3295 ostendens
3785 3254 3849 3295 se

560 3335 730 3390 tendit
751 3376 767 3399 ,
793 3349 857 3389 ac
894 3334 1027 3389 dixit
1054 3352 1067 3389 :
1094 3333 1251 3387 Pater
1284 3350 1424 3387 meus
1474 3342 1730 3402 operatur,
1767 3341 1812 3386 et
1843 3347 1932 3403 ego
1969 3345 2140 3400 operor

2251 3353 2472 3417 propter
2500 3341 2709 3396 illorum
2738 3338 3100 3392 infirmitatem
3132 3336 3203 3390 ita
3227 3335 3425 3390 fecisse
3447 3375 3462 3400 ,
3496 3341 3656 3404 atque
3681 3331 3746 3386 ad
3779 3332 3849 3385 il-

564 3427 744 3497 (Joan.
770 3426 823 3482 5.
854 3425 945 3495 l7)
979 3427 1095 3481 :sic
1123 3424 1374 3480 nimirum
1410 3426 1511 3479 hoc
1549 3424 1668 3479 loco
1707 3438 1770 3478 ex
1801 3424 1865 3477 iis
1901 3439 2020 3493 quae
2050 3423 2140 3493 ipsi

2256 3435 2427 3490 lorum
2469 3430 2820 3486 humilitatem
2864 3443 2923 3483 se
2968 3426 3283 3491 demisisse,
3313 3424 3448 3493 Quid
3492 3434 3564 3478 est
3608 3423 3846 3496 facilius,

560 3516 838 3584 objiciunt,
861 3514 1008 3570 Patri
1037 3530 1133 3585 per
1158 3515 1336 3569 omnia
1366 3515 1594 3570 similem
1624 3515 1858 3584 seipsum
1888 3513 2140 3568 ostendit.

2260 3525 2448 3597 inquit,
2475 3524 2658 3586 dicere,
2681 3519 3018 3574 Dimittuntur
3038 3529 3243 3589 peccata
3261 3528 3364 3580 tua,
3386 3533 3454 3569 an
3473 3516 3660 3578 dicere,
3686 3512 3852 3583 Surge

563 3607 701 3676 Quid
728 3607 869 3663 enim
892 3607 1009 3661 ait?
1038 3606 1205 3661 Nemo
1227 3616 1385 3675 potest
1408 3614 1611 3674 peccata
1631 3606 1881 3659 dimittere
1903 3605 2001 3659 nisi
2015 3605 2140 3659 solut

2260 3630 2306 3674 et
2332 3596 2563 3672 ambula?
2590 3596 2700 3670 Cur
2742 3613 2900 3684 igitur
2930 3612 2993 3666 ad
3041 3611 3219 3665 minus
3269 3618 3487 3679 prepter
3517 3606 3637 3661 illos
3666 3604 3852 3658 venis?

564 3698 727 3753 Deus.
766 3698 998 3766 Quando
1034 3699 1193 3769 igitur
1222 3699 1322 3769 ipsi
1367 3698 1509 3752 hunc
1558 3698 1777 3753 limitem
1823 3703 2140 3768 posuerunt,

2261 3707 2524 3774 Quoniam
2560 3705 2612 3759 id
2639 3704 2779 3774 quod
2812 3701 3151 3757 manifestum
3172 3708 3286 3763 est,
3310 3699 3539 3752 obscuro
3569 3693 3851 3749 clariorem

566 3789 668 3860 ipsi
710 3788 847 3846 hanc
872 3790 1108 3859 regulam
1153 3788 1508 3855 induxerunt,
1536 3789 1639 3859 ipsi
1667 3790 1834 3860 legem
1883 3788 2140 3855 tulerunt,

2260 3798 2481 3854 exhibet
2504 3795 3041 3851 demonstrationem.
3073 3791 3360 3861 Propterea
3394 3802 3499 3842 non
3530 3785 3674 3857 prius
3705 3783 3854 3839 illum

571 3879 802 3950 propriis
831 3880 949 3934 illos
974 3878 1151 3935 verbis
1182 3879 1373 3935 irretit.
1393 3878 1521 3944 Vos,
1551 3879 1742 3948 inquit,
1766 3877 1995 3934 confessi
2026 3879 2156 3933 estis

570 3971 737 4026 solius
755 3986 876 4027 esse
902 3971 993 4027 Dei
1017 3978 1231 4042 peccata
1247 3969 1541 4035 dimittere;
1562 3967 1859 4024 indubitata
1891 3969 2049 4039 igitur
2070 3976 2160 4022 est

570 4063 868 4132 aequalitas.
890 4063 1074 4133 Neque
1099 4076 1227 4115 vero
1266 4061 1352 4115 isti
1390 4060 1562 4113 solum
1607 4050 1710 4114 hoc
1736 4058 1955 4124 dicunt,
1984 4058 2078 4113 sed
2107 4068 2162 4112 et

572 4153 867 4223 propheta,
908 4151 1034 4205 dum
1084 4151 1156 4204 ita
1209 4150 1445 4218 loquitur
1484 4145 1653 4211 :Quis
1701 4146 1837 4201 Deus
1887 4148 2015 4202 sicut
2067 4146 2164 4199 tu?

575 4240 773 4295 deinde
813 4240 941 4310 quid
970 4242 1042 4294 sit
1068 4238 1340 4309 proprium
1384 4236 1625 4292 indicans
1654 4236 1880 4306 adjecit,
1914 4236 2163 4307 Auferens

564 4333 901 4403 iniquitates,
948 4341 993 4386 et
1040 4332 1397 4387 transcenderis
1424 4330 1705 4400 impietates
1732 4329 1920 4405 (Mich.
1967 4331 2163 4402 7.18).

579 4423 635 4479 Si
661 4423 780 4494 quis
805 4438 938 4495 ergo
978 4423 1116 4478 alius
1138 4431 1420 4493 appareat.
1454 4422 1543 4493 qui
1585 4421 1687 4478 hoc
1717 4426 1888 4493 ipsum
1928 4424 1998 4477 ita
2031 4438 2166 4494 prae-

581 4521 723 4573 stet.
751 4514 913 4568 etiam
955 4513 1096 4569 Deus
1136 4522 1251 4579 est,
1283 4522 1340 4568 et
1382 4513 1524 4568 Deus
1560 4513 2007 4584 quemadmodum
2057 4514 2166 4569 ille.

588 4603 696 4659 Sed
740 4603 1016 4693 videamus
1058 4619 1166 4674 quo
1212 4612 1367 4674 pact}
1406 4603 1527 4658 illos
1562 4606 1886 4674 argumentis
1922 4604 2170 4660 Christus

587 4705 794 4765 urgeat,
822 4712 982 4767 quam
1012 4706 1289 4753 mansuete
1319 4711 1383 4752 ac
1406 4696 1682 4760 modeste,
1710 4711 2023 4767 summaque
2048 4712 2169 4753 cum

588 4790 966 4848 sollicitudine.
1010 4788 1076 4844 Et
1103 4805 1212 4845 ecce
1255 4789 1460 4861 quidam
1496 4789 1561 4843 de
1585 4789 1763 4844 scribis
1781 4788 2012 4843 dicebant
2036 4790 2173 4844 intra

586 4883 779 4953 seipsos
810 4899 830 4938 :
861 4881 958 4936 llic
1008 4881 1322 4953 blasphemat
1350 4879 1560 4953 (Matth.
1600 4880 1655 4934 9.
1706 4879 1782 4952 5).
1831 4879 2171 4951 Nequaquam

584 4975 808 5029 verbum
835 4971 1191 5043 protulerunt,
1223 4987 1333 5027 non
1357 4972 1767 5043 pronuntiarunt
1785 4971 1985 5042 lingua,
2004 4970 2097 5025 sed
2120 4972 2172 5026 in

588 5064 787 5117 mentis
825 5076 1024 5117 arcam
1062 5062 1389 5133 cogitabant.
1416 5062 1556 5130 Quid
1590 5076 1718 5131 ergo
1737 5059 2024 5117 Christus?
2052 5059 2176 5116 Illo-

592 5169 712 5206 rum
757 5166 981 5207 arcanas
1006 5153 1378 5224 cogitationes
1406 5153 1623 5223 protulit
1650 5154 1705 5208 in
1740 5153 2004 5219 medium,
2027 5161 2179 5208 ante-

593 5258 754 5313 quam
772 5243 842 5297 ad
867 5244 1376 5299 demonstrationem
1409 5245 1634 5308 veniret,
1659 5260 1816 5316 quam
1843 5259 1907 5299 ex
1937 5244 2179 5314 corporis

535 5349 565 5361 *
597 5333 873 5404 paralytici
898 5335 1173 5390 curatiOne
1224 5333 1525 5403 proiaturus
1560 5344 1712 5400 erat,
1750 5335 1890 5405 quod
1934 5336 2040 5389 illis
2067 5349 2178 5389 sua:

568 5427 890 5511 pdivinitatis
911 5428 1070 5481 vellet
1115 5426 1405 5497 potentiam
1443 5425 1741 5482 declarare.
1771 5426 1842 5483 Ut
1884 5427 2025 5481 ettim
2051 5440 2182 5481 con-

599 5529 703 5574 stet
752 5520 921 5574 solius
966 5519 1057 5575 Dei
1107 5533 1226 5575 esse
1276 5519 1471 5573 mentis
1512 5528 1704 5574 arcam
1745 5518 2077 5589 patefacere,
2111 5517 2183 5571 Tu

601 5629 807 5683 prorsus
832 5614 973 5667 solus
996 5614 1125 5669 nosti
1146 5613 1300 5667 corda
1325 5613 1381 5683 (3
1409 5611 1540 5683 Reg.
1568 5611 1622 5667 8.
1653 5611 1770 5682 39),
1802 5612 1993 5679 inquit.
2026 5609 2185 5664 Vides

601 5704 732 5758 illud
764 5705 916 5760 Solus
943 5718 1133 5759 rursus
1155 5720 1261 5760 non
1297 5704 1366 5760 ad
1392 5703 1791 5759 distinctionem
1822 5701 1941 5757 Filii
1981 5701 2184 5757 dictum

602 5797 761 5853 esset
789 5796 844 5854 Si
881 5798 1026 5854 enim
1050 5795 1207 5853 Pater
1226 5794 1370 5851 solus
1407 5793 1569 5854 corda
1603 5794 1772 5852 novit.
1802 5793 2072 5865 quomodo
2099 5792 2184 5849 Η-

2265 3893 2455 3955 erexit,
2484 3905 2644 3961 quam
2666 3887 2802 3943 dixit
2831 3887 2971 3941 illis:
3007 3883 3076 3939 Ut
3111 3892 3287 3936 autem
3315 3880 3516 3942 sciatis,
3542 3877 3661 3947 quia
3687 3872 3855 3927 Filius

2268 3984 2485 4039 hominis
2526 3981 2673 4036 habet
2702 3987 2995 4050 potestatem
3035 3976 3089 4029 in
3131 3984 3266 4028 terra
3296 3966 3577 4025 dimittendi
3627 3973 3855 4037 peccata,

2269 4084 2387 4126 tunc
2434 4072 2506 4124 ait
2558 4069 2838 4139 paralytico
2863 4108 2878 4130 ,
2907 4066 3077 4134 Surge
3101 4073 3148 4117 et
3184 4061 3391 4115 ambula
3428 4056 3641 4129 (Matth.
3667 4054 3722 4110 9.
3756 4054 3855 4122 6):

2269 4161 2421 4232 quasi
2469 4159 2703 4223 diceret,
2737 4156 2910 4227 majus
2958 4154 3172 4224 quidem
3216 4153 3425 4224 signum
3480 4156 3564 4204 est
3607 4146 3860 4202 remissio

2273 4261 2638 4324 peccatorum,
2657 4247 2750 4304 sed
2772 4256 2995 4318 propter
3022 4260 3120 4299 vos
3151 4244 3292 4314 quod
3321 4242 3496 4297 minus
3519 4247 3601 4294 est
3625 4235 3820 4307 adjicio
3840 4277 3860 4294 .

2264 4340 2705 4415 quandoquidem
2732 4338 2834 4394 hoc
2862 4337 3016 4392 vobis
3046 4336 3187 4391 illius
3226 4349 3346 4390 esse
3371 4330 3762 4389 demonstratio
3782 4327 3863 4380 vi-

2274 4424 2451 4495 detur.
2494 4435 2625 4492 Nam
2671 4431 3122 4505 quemadmodum
3170 4430 3278 4484 illic
3331 4441 3454 4483 cum
3490 4419 3862 4480 centurionem

2276 4529 2545 4586 laudasset
2573 4529 2661 4598 qui
2686 4526 2927 4582 dixerat:
2955 4524 3048 4577 Dic
3091 4532 3287 4575 tantum
3315 4517 3461 4572 verbo
3486 4559 3500 4580 ,
3532 4526 3579 4571 et
3605 4513 3866 4569 sanabitur

2277 4639 2405 4695 puer
2433 4638 2573 4676 meus
2594 4636 2614 4675 :
2633 4635 2754 4673 nam
2779 4628 2824 4673 et
2845 4633 2934 4689 ego
2953 4619 3064 4669 dico
3087 4615 3224 4677 huic,
3252 4610 3413 4678 Vade,
3432 4619 3477 4665 et
3500 4606 3660 4671 vadit,
3680 4613 3724 4658 et
3752 4602 3862 4668 alii,

2288 4713 2434 4780 Veni,
2458 4723 2505 4767 et
2534 4712 2665 4766 venit
2694 4709 2906 4784 (Matth.
2935 4707 2988 4761 8.
3037 4706 3090 4761 8.
3111 4705 3194 4778 9),
3219 4704 3454 4757 animum
3485 4699 3602 4768 ejus
3622 4696 3866 4751 laudibus

2281 4804 2660 4862 conﬁrmavit:
2686 4811 2740 4857 et
2777 4813 2966 4855 rursus
3009 4812 3130 4852 cum
3179 4795 3394 4851 Judasos
3433 4786 3866 4861 reprehendisset

2282 4897 2385 4953 sibi
2413 4896 2728 4966 objicientes
2776 4892 2828 4947 in
2854 4891 3076 4945 sabbato
3122 4889 3292 4959 legem
3324 4886 3392 4941 ab
3412 4883 3529 4953 ipso
3558 4878 3743 4935 violari
3770 4922 3784 4943 ,
3811 4879 3866 4933 in

2283 5004 2379 5045 sua
2406 4995 2669 5058 potestate
2713 4985 2874 5040 situm
2915 4997 3033 5037 esse
3076 4979 3308 5036 ostendit
3351 4978 3497 5047 leges
3541 4975 3872 5034 immutare:

2285 5083 2365 5138 sic
2384 5080 2638 5137 nimirum
2667 5077 2769 5132 hoc
2797 5077 2916 5131 loco
2935 5117 2953 5141 ,
2982 5074 3103 5129 cum
3154 5073 3226 5127 illi
3256 5069 3520 5125 dixissent
3540 5108 3555 5131 ,
3587 5061 3868 5135 Equalem

2288 5185 2340 5231 te
2377 5176 2549 5242 ipsum
2593 5171 2723 5226 facis
2744 5169 2854 5225 Deo
2874 5213 2887 5237 ,
2912 5168 3234 5239 promittens
3264 5179 3325 5218 ea
3348 5206 3363 5228 ,
3385 5176 3505 5231 qum
3534 5158 3698 5214 solius
3750 5162 3867 5242 sunt

2276 5237 2480 5323 Patris,
2508 5237 3027 5333 reprehendens'eos
3048 5295 3063 5320 ,
3097 5269 3151 5310 et
3177 5267 3433 5308 accusans
3458 5292 3473 5315 ,
3505 5258 3664 5314 anne
3689 5237 3866 5312 operi;

2274 5360 2388 5416 ‘hus
2412 5357 2541 5429 ipsis
2567 5352 2857 5411 ostendens
2882 5365 2941 5407 se
2979 5349 3198 5404 minime
3225 5342 3593 5414 blasphemare
3618 5380 3631 5401 ,
3664 5334 3868 5391 indubi-

2290 5460 2450 5507 tatam
2492 5447 2644 5504 nobis
2673 5444 2898 5516 praebuit
2922 5438 3463 5500 demonstrationem,
3491 5434 3630 5486 unde
3664 5433 3872 5516 constet

2288 5541 2475 5598 eadem
2527 5514 2736 5610 ipsum,
2779 5549 2896 5603 quae
2946 5530 3189 5597 Genitor,
3224 5539 3380 5597 posse
3426 5514 3869 5594 prtestare.'Vide

2292 5633 2469 5702 igitur,
2501 5608 2608 5699 quo
2631 5636 2784 5698 pacto
2805 5623 2943 5678 istud
2979 5621 3265 5677 contendat
3291 5617 3568 5671 adstruere
3590 5654 3606 5680 ,
3633 5622 3753 5681 qua:
3777 5608 3872 5664 Pa-

2294 5724 2392 5778 tris
2419 5721 2585 5776 solius
2605 5728 2731 5773 sunt
2752 5759 2765 5783 ,
2788 5731 2849 5772 ea
2876 5714 3043 5786 ipsius
3077 5723 3237 5769 ettam
3262 5724 3381 5767 esse
3405 5728 3418 5763 :
3442 5723 3549 5763 non
3580 5707 3723 5760 enim
3748 5704 3873 5756 sim-

2302 5815 2512 5891 pliciter
2535 5811 2882 5883 paralyticum
2910 5806 3099 5873 erexit,
3133 5804 3225 5863 sed
3255 5817 3375 5859 cum
3400 5799 3656 5864 dixisset,
3688 5796 3751 5856 Ut
3778 5811 3872 5851 au-
