4066 6274
427 388 500 445 ω

421 519 578 572 τερον
603 503 846 579 διελέχθη
877 509 1029 563 νόσου
1054 527 1066 543 ⁸
1099 514 1188 566 καὶ
1213 512 1348 584 πρὸς
1367 514 1576 578 τούτοις
1595 514 1652 567 δὲ
1679 514 1902 578 ἅπασιν,
1927 513 2016 565 ἵνα

419 585 516 654 τὴν
548 587 630 649 εἰς
678 589 768 640 τὸν
815 593 1032 664 Πατέρα
1086 595 1355 663 ἰσοτιμίαν
1401 596 1758 666 ἐπιδείξηται.
1803 596 2014 664 ’Ὠσπερ

423 668 532 738 γὰρ
554 669 671 722 ἐκεῖ
701 673 760 723 ἐν
781 672 1036 746 σαϐϐάτῳ
1061 675 1420 747 ἐθεράπευσε,
1448 679 1772 749 βουλόμενος
1815 677 2013 738 αὐτοὺς

418 749 517 819 τῆς
566 757 998 828 παρατηρήσεως
1047 759 1359 828 ἀπαγαγεῖν
1393 761 1493 830 τῆς
1549 761 1868 830 Ἰουδαϊκῆς,
1921 759 2014 812 καὶ

416 830 481 915 ἐκ
505 831 618 915 τῶν
654 835 1019 908 ἐγκλημάτων
1055 841 1163 894 τῶν
1199 843 1380 897 αὐτῶν
1410 843 1596 898 λαϐεῖν
1635 845 1891 915 ἀφορμὴν
1914 843 2011 896 τοῦ

415 913 584 998 δεῖξαι
617 918 809 973 ἐαυτὸν
833 921 947 975 ίσον
971 924 1050 994 τῷ
1092 927 1442 997 γεγεννηκότι
1471 943 1482 955 ·
1526 927 1667 980 οὕτω
1688 913 1762 998 δή
1788 913 1894 982 καὶ
1921 928 2009 980 ἐν-

412 996 588 1053 ταῦθα
616 1003 901 1072 προειδὼς,
935 1007 1070 1078 ὅπερ
1111 996 1342 1078 ἤμελλον
1373 1011 1540 1080 ἐρεῖν,
1577 1007 1696 1064 εἶπε
1740 996 1914 1066 ταῦτα
1941 1011 2013 1065 τὰ

415 1081 666 1167 ῥήματα,
714 1085 780 1140 ἶν’
829 1087 1078 1143 ἐντεῦθεν
1124 1089 1303 1145 λαϐὼν
1354 1093 1529 1165 ἀρχὴν
1575 1097 1672 1149 καὶ
1736 1096 2010 1167 πρόφασιν

412 1161 559 1250 δείξῃ
578 1167 656 1250 τῷ
677 1171 1024 1241 γεγεννηκότι
1061 1173 1321 1244 ὁμότιμον
1367 1161 1496 1231 ὄντα
1522 1175 1731 1233 ἔαυτόν.
1783 1161 1869 1232 ὑί)⁷
1898 1178 2008 1250 γάρ

416 1243 528 1330 τσῗν
546 1248 770 1318 μηδενὸς
803 1243 1182 1322 ἐγκαλοῦντος,
1218 1243 1353 1330 μηδὲ
1383 1261 1707 1330 αἰτιωμένου
1728 1303 1743 1327 ,
1770 1262 1860 1328 ἀφ’
1889 1243 2008 1316 ἐάύυ

410 1326 504 1380 τοῦ
533 1331 617 1414 είς
646 1331 738 1386 τὸν
771 1335 897 1404 περὶ
925 1337 1132 1392 τούτων
1167 1326 1413 1396 καθεῖναι
1453 1326 1632 1412 λόγον,
1677 1326 1770 1396 καὶ
1803 1326 1997 1414 ἔτέρωκ

411 1413 761 1498 παρεχόντων
792 1416 891 1482 τάς
919 1420 1098 1485 αἰτίας
1134 1421 1193 1475 ἐν
1223 1424 1515 1492 ἀπολογίας
1559 1426 1712 1492 τάξει
1752 1427 1848 1481 καὶ

411 1495 730 1580 μριτιᾳτοῦτο
781 1501 913 1553 αὐτὸ
968 1508 1402 1580 κατασκευάσαι.
1438 1508 1684 1580 Ἐκείνης
1741 1509 1841 1579 μὲν

403 1575 503 1662 τῇς
537 1577 863 1647 ἀποδείξεως
891 1585 918 1636 6
955 1575 1156 1656 τρόπος
1185 1588 1475 1662 ἀντέκρουε
1526 1594 1638 1654 τοῖς
1671 1591 1958 1645 ἀκούουσιν
1982 1604 1995 1619 ⁸

404 1650 559 1746 οὗτος
597 1661 653 1746 δέ
683 1650 1146 1739 ἀνεπαχθέστερος
1173 1666 1260 1742 ἢν,
1301 1650 1395 1726 καὶ
1428 1650 1836 1745 εὐπαράδεκτος
1872 1674 1999 1746 μάλ·

403 1740 515 1805 λον,
549 1745 642 1797 καὶ
681 1749 957 1818 πανταχοῦ
997 1752 1051 1804 δὲ
1084 1740 1297 1824 ὁρῶμεν
1329 1757 1488 1810 τοῦτο
1518 1758 1681 1812 αὑτὸν
1715 1758 1993 1824 ποιοῦντα,

404 1826 499 1911 καὶ
530 1825 625 1911 ούχ
649 1827 790 1882 οὕτω
819 1830 907 1883 διὰ
943 1833 1224 1904 ῥημάτων,
1256 1837 1332 1901 ὡς
1377 1839 1467 1892 διὰ
1495 1839 1838 1911 πραγμάτων
1878 1844 1992 1894 ἐπι-

402 1903 751 1990 δεικνύμενον
776 1911 874 1981 τὴν
901 1903 1139 1985 ἰσότητα.
1178 1919 1350 1972 Τοῦτο
1383 1921 1512 1989 γοῦν
1533 1903 1676 1975 ξιαίό
1708 1923 1996 1990 εὐαγγελι-

407 1986 538 2057 στὴς
565 1991 934 2062 αἰνιττόμενος
985 1996 1193 2066 ἔλεγεν,
1233 2001 1316 2054 ὅτι
1339 1986 1562 2058 ἐδίωκον
1591 2005 1751 2058 αὐτὸν
1783 1986 1832 2059 οί
1858 1986 1984 2058 *Ἰουα

400 2067 559 2134 δαῖοι,
587 2073 684 2142 οὐχ
718 2075 800 2127 ὃτι
861 2076 1022 2145 μόνον
1051 2079 1172 2134 ἔλυε
1211 2083 1272 2135 τὸ
1305 2083 1593 2150 σάϐϐατον,
1624 2087 1738 2140 ἀλλ’
1778 2089 1859 2141 ὅτι
1902 2087 1996 2141 καὶ

403 2152 614 2240 πατέρ-α
651 2155 968 2240 ῖδιονηέλεγε
1009 2161 1100 2214 τὸν
1138 2162 1291 2230 Θεὸν,
1344 2169 1456 2220 ἴσον
1488 2169 1678 2223 ἑαυτὸν
1712 2171 1881 2224 ποιῶν
1917 2169 1994 2240 τῷ

397 2231 536 2324 Θεῷ,
565 2235 594 2287 6
649 2239 1052 2324 πολλῷ-μεῖζόν
1093 2245 1242 2299 ἐστιν
1267 2264 1278 2278 '
1311 2248 1398 2303 διὰ
1435 2250 1539 2322 γὰρ
1587 2252 1686 2322 τῆς
1717 2253 1823 2306 τῶν
1852 2231 1994 2324 πραλ

396 2315 624 2399 γμάτων
653 2319 985 2388 ἀποδείξεως
1005 2326 1164 2380 τοῦτο
1186 2329 1319 2382 αὐτὸ
1339 2315 1727 2399 κατεσκεύαζε.
1754 2335 1819 2387 Τί
1835 2332 1926 2388 οὖν
1941 2336 1990 2388 οἰ
2058 2370 2059 2373 η

397 2396 659 2486 βάσκανοι
685 2402 780 2455 καί⁹
815 2408 1061 2477 πονηροὶ,
1100 2409 1193 2462 καὶ
1230 2415 1344 2476 τοῖς
1369 2396 1673 2486 ἀλλοτρίοις
1697 2418 1989 2486 τηκόμενοι

396 2479 598 2569 κμλοῖς,
655 2485 750 2569 καὶ
799 2489 1136 2559 πανταχόθεν
1167 2491 1334 2557 λαϐὰς
1362 2479 1650 2567 ζητοῦντες
1679 2479 1890 2569 εὑρεῐνς
1924 2498 1988 2551 Τί

394 2557 566 2651 οὗτος,
591 2567 723 2651 φησί
741 2557 1094 2644 ,βλασφημεῇ
1118 2575 1328 2642 Οὐδείς
1490 2557 1989 2651 δύναταιαφιέναι

395 2643 681 2733 (il-165013119
710 2652 760 2733 εί
794 2651 882 2728 μὴ
911 2643 1101 2721 μόνος
1131 2660 1162 2710 ό
1203 2643 1365 2725 Θεόςξ
1386 2643 1596 2733 ’Ὠσπερ
1628 2665 1746 2717 ἐκεῖ
1768 2643 1986 2717 ἐδίωκον

393 2724 556 2779 αὐτὸν
575 2727 668 2818 δτι
697 2726 912 2818 ἔλυεὲτὸ
956 2737 1246 2803 σάϐϐατον,
1276 2724 1370 2795 καὶ
1411 2724 1690 2814 παρατῶν
1715 2745 1988 2818 ἔγκλημά·-

531 2809 708 2896 αὒτῶν
735 2813 912 2870 λαϐὼν
944 2819 1197 2891 ἀφορμὴν
1229 2822 1326 2893 τὴν
1354 2809 1576 2896 ἰσότητα
1610 2829 1667 2880 ἐν
1692 2809 1987 2896 ἀπολογίας

396 2893 549 2959 τάξει
577 2895 674 2967 τὴν
705 2900 840 2970 πρὸς
864 2902 955 2956 τὸν
986 2909 1350 2978 γεγεννηκότα
1392 2893 1658 2980 ἐδήλωσεν
1688 2913 1857 2968 εἰπών
1875 2893 1895 2944 τ’
1926 2911 2000 2967 ’θ’

395 2981 598 3072 Πατήρ
625 3003 742 3054 μου
769 2987 1086 3072 ἐργάζεται,
1110 2995 1272 3064 κάγὼ
1293 2996 1619 3067 ἐργάζομαι·
1647 2999 1789 3054 οὕτω
1805 3001 1868 3072 δὴ
1894 3004 1988 3055 καὶ

395 3069 645 3160 ἐνταῦθα,
684 3075 778 3144 ἀφ’
830 3069 907 3131 ὧν
962 3081 1307 3149 ἐγκαλοῦσιν,
1348 3085 1456 3139 ἀπὸ
1508 3086 1708 3143 τούτων
1745 3089 1807 3141 τὸ
1849 3069 1987 3160 πρὸς

393 3155 510 3247 τὸνΔ
536 3159 756 3247 Πατέρα
801 3164 1219 3236 ἀπαράλλακτον
1248 3170 1508 3225 δείκνυσι.
1545 3173 1608 3225 Τί
1646 3175 1752 3246 γάρ
1785 3155 1982 3247 φησιν;

398 3243 605 3312 οὐδεὶς
624 3247 872 3305 δύναται
925 3253 1162 3322 ἀφιέναι
1200 3257 1510 3326 ἁμαρτίας,
1541 3261 1593 3312 εἰ
1610 3259 1697 3328 μὴ
1723 3243 1920 3330 ’μόνος
1951 3266 1984 3317 ὁ

396 3331 557 3398 Θεός.
598 3334 752 3388 Ἐπεὶ
779 3333 872 3391 οῦν
899 3339 1053 3394 αὐτοὶ
1081 3341 1172 3395 τὸν
1203 3343 1327 3414 ὅρον
1357 3344 1560 3417 ἔθηκαν
1585 3346 1793 3413 τοῦτον,
1829 3349 1983 3405 αὐτοὶ

393 3417 710 3505 τὸνᾷκανόνα
741 3425 1084 3496 εἰσήνεγκαν,
1115 3431 1270 3484 αὐτοὶ
1300 3432 1390 3484 τὸν
1425 3434 1588 3503 νόμον
1622 3433 1886 3505 ἔγραψαν,
1919 3439 1983 3490 ἐκ

539 3506 645 3560 τῶν
666 3511 882 3566 οἰκείων
912 3514 1108 3579 αὐτοὺς
1137 3517 1323 3571 λοιπὸν
1352 3521 1670 3589 συμποδίξει
1689 3502 1977 3593 τρημάτων.
2026 3535 2028 3537 ’

406 3590 609 3661 Ὑμεῖς,
635 3595 821 3666 φησὶν,
865 3598 1252 3672 ὡμολογήσατε
1291 3604 1372 3656 ὅτι
1419 3602 1553 3658 Θεοῦ
1592 3590 1895 3676 μόειοννέστὶ
1922 3610 1982 3663 τὸ

392 3678 609 3766 ἀφιέναι
662 3682 961 3766 άμαρτίαςι
1011 3688 1490 3760 ἀναμφισϐήτητός
1549 3693 1696 3746 ἐστιν
1777 3694 1975 3766 ἰσότης.

393 3765 501 3818 Καὶ
529 3767 627 3836 οὑχ
651 3763 794 3822 οὗτοι
827 3771 882 3824 δέ
903 3775 1058 3825 τοῦτο
1098 3776 1256 3843 μόνον
1281 3778 1464 3844 φασὶν,
1495 3778 1632 3834 ἀλλὰ
1663 3782 1756 3835 καὶ
1776 3783 1805 3836 ό
1843 3763 1978 3852 προ-

392 3853 566 3923 φήτης
589 3853 733 3908 οὕτω
746 3855 920 3924 λέγων
938 3875 952 3888 ·
998 3862 1056 3911 Τί
1059 3881 1090 3924 ς
1123 3861 1265 3927 Θεὸς
1281 3862 1482 3931 ὥσπερ
1497 3867 1577 3920 σύ
1595 3885 1614 3932 ;
1639 3864 1758 3922 εἶτα
1770 3869 1982 3935 δεικνὺς

388 3939 441 3991 τί
463 3939 614 4001 ῐδιον,
639 3943 938 4012 ἐπήγαγεν,
978 3945 1263 4014 Ἐξαιζοων
1291 3950 1558 4019 ἀνομίας,
1577 3955 1674 4008 καί
1705 3957 1981 4025 ὑπερϐαί-

387 4042 514 4080 νων
573 4027 830 4094 ἀδικίας.
860 4031 956 4083 Ἂν
992 4032 1172 4086 τοίνυν
1199 4039 1338 4107 φανῇ
1373 4055 1456 4102 τις
1493 4039 1678 4111 ἔτερος
1709 4041 1881 4107 οὕτως
1916 4045 1979 4098 τὸ

390 4111 524 4166 0616
547 4111 706 4167 10610
752 4115 940 4181 ποιῶν,
973 4119 1068 4172 καὶ
1123 4119 1255 4184 Θεός
1290 4124 1458 4187 ἐστιν,
1496 4127 1589 4179 καὶ
1620 4127 1752 4192 Θεὸς
1787 4129 1976 4202 ὥσπερ

388 4201 613 4264 ἐκεῖνος.
659 4200 796 4254 Ἀλλ’
837 4202 1034 4275 ἴδωμεν
1074 4207 1191 4272 πῶς
1223 4210 1407 4276 αὐτοῖς
1438 4213 1465 4264 6
1488 4213 1718 4284 Χριστὸς
1735 4200 1976 4286 συλλογί-

391 4288 560 4355 ζεται,
588 4288 704 4351 πῶς
736 4289 946 4358 πράως.
978 4295 1071 4346 καὶ
1093 4294 1475 4361 ἐπιεικῶς,καὶ
1495 4300 1632 4369 μετὰ
1653 4302 1974 4374 κηδεμονίας

387 4375 624 4446 ἀπάσης.
647 4377 752 4430 Καὶ
801 4376 928 4431 ἰδού
957 4395 1118 4446 τινες
1149 4379 1267 4434 τῶν
1288 4385 1670 4453 γραμματέων
1702 4385 1877 4443 εἷπον
1905 4389 1974 4444 ἐν

387 4461 660 4527 ἑαυτοῖςο
725 4459 913 4531 Οὗτος
968 4466 1342 4537 βλασφημεῖ.
1404 4472 1519 4525 Οὐκ
1572 4473 1868 4545 ἐξήνεγκαν
1912 4478 1973 4532 τὸ

394 4549 560 4618 ῥῆμα,
588 4551 649 4603 06
670 4553 1012 4621 προήνεγκαν
1039 4552 1124 4606 διά
1144 4555 1413 4627 γλώσσης,
1436 4558 1551 4611 ἀλλ’
1581 4563 1638 4612 ἐν
1667 4563 1778 4625 τοῖς
1801 4562 1973 4635 ἀπορο

396 4636 578 4706 ρητοις
615 4637 714 4708 τῆς
761 4638 998 4703 διανοίας
1037 4641 1356 4710 ἐλογίζοντο.
1403 4644 1468 4698 Τί
1503 4641 1596 4701 οὖν
1631 4649 1661 4700 6
1703 4649 1968 4719 Χριστός;

393 4725 622 4794 ἡνεγκεν
651 4727 728 4788 εἰς
754 4725 817 4778 τὸ
847 4727 1012 4796 μέσον
1040 4727 1110 4780 τὰ
1157 4730 1447 4802 ἀπόρρητα
1473 4733 1699 4787 ἐκείνων
1756 4735 1974 4806 βουλεύ-

393 4829 538 4881 ματα
596 4812 703 4881 πρὸ
745 4813 842 4883 τῆς
879 4814 1203 4879 ἀποδείξεως
1248 4818 1347 4888 τῆς
1396 4821 1537 4873 κατά
1579 4821 1677 4893 τὴν
1710 4823 1850 4878 ἰάσιν
1877 4823 1972 4878 τοῦ

388 4897 639 4968 σώματος
660 4898 753 4952 τοῦ
777 4900 1174 4969 παραλυτικοῦ,
1215 4903 1540 4975 βουλόμενος
1578 4909 1760 4974 αὐτοῖς
1803 4910 1971 4977 δεῖξαι

385 4985 483 5056 τῆς
512 4985 673 5039 06106
697 4986 948 5058 θεότητος
1001 4991 1099 5060 τὴν
1133 4990 1303 5062 ἰσχύν.
1340 4993 1460 5046 Ὅτι
1511 4995 1620 5066 γὰρ
1649 4996 1784 5051 Θεοῦ
1813 4999 1973 5069 μόνον

385 5073 503 5126 ἐστὶ
530 5073 598 5126 τά
625 5075 913 5146 ἀπόρρητα
940 5077 1033 5146 τῆς
1063 5077 1298 5142 διανοίας
1335 5079 1506 5146 δεῖξαι
1534 5083 1633 5153 τῆς
1664 5084 1826 5140 αὐτοῦ
1857 5086 1972 5142 θεό-

384 5177 563 5230 τητος,
593 5161 677 5214 Σὺ
725 5162 1044 5217 ἐπίστασαι
1089 5166 1332 5234 καρδίας
1363 5168 1738 5238 μονώτατος,
1772 5175 1959 5244 φησίν.

397 5247 560 5318 Ὁρᾷς
578 5249 660 5302 ὅτι
686 5249 746 5302 τὸ
778 5250 970 5318 μόνος
1000 5251 1160 5305 πάλιν
1188 5254 1248 5306 06
1277 5256 1411 5326 πρὸς
1441 5257 1538 5329 τὴν
1567 5259 1971 5331 ἀντιδιαστολην

383 5334 478 5388 τοῦ
508 5336 636 5389 Υίοῦ
659 5336 874 5406 λέγεται
896 5355 910 5402 ;
948 5339 1008 5391 Εἰ
1035 5339 1142 5411 γὰρ
1165 5341 1193 5393 6
1217 5341 1404 5412 Πατὴρ
1432 5344 1718 5398 ἐπίσταται
1743 5346 1971 5419 καρδίας

388 5421 712 5491 μονώτατος,
769 5423 886 5487 πῶς
921 5427 950 5478 6
995 5425 1121 5490 Υἱὸς
1158 5422 1264 5480 οἵδε
1302 5427 1368 5481 τά
1415 5429 1702 5501 ἀπόρρητα
1737 5433 1836 5502 τῆς
1857 5434 1971 5488 δια-

385 5507 563 5573 νοίας-;
595 5511 788 5576 Αὐτὸς
803 5510 914 5580 γὰρ
939 5511 1086 5580 ᾔδει,
1104 5515 1258 5584 φησὶ,
1285 5515 1343 5568 τί
1369 5510 1447 5585 ἦν
1465 5517 1537 5570 ἐν
1555 5518 1634 5583 τῷ
1649 5519 1936 5588 ἀνθρώπῳ
1951 5538 1967 5554 ο

386 5595 479 5650 καὶ
503 5596 532 5648 6
564 5594 776 5660 Παῦλος
807 5596 1042 5665 δεικνὺς,
1071 5599 1152 5653 δτι
1180 5600 1309 5654 ἴδιον
1337 5602 1470 5656 Θεοῦ
1501 5605 1660 5658 τοῦτό
1683 5607 1799 5660 ἐστι
1825 5606 1885 5661 τὸ
1904 5608 1972 5663 τὰ

265 5708 268 5710 ~
385 5678 674 5754 ἀπόρρητα
717 5684 934 5749 εἰδέναι,
985 5686 1149 5756 φησίν
1171 5703 1187 5720 ο
1221 5689 1276 5742 '0
1305 5688 1372 5743 δὲ
1396 5689 1658 5762 ἐρευνῶν
1687 5693 1794 5760 τὰς
1830 5711 1971 5763 acap-

384 5765 538 5843 δίας⁹
595 5769 828 5842 δεικνὺς,
881 5773 962 5829 ὅτι
1003 5778 1066 5846 τῇ
1113 5775 1246 5842 Θεὸς
1295 5781 1634 5853 προσηγορίᾳ
1665 5781 1764 5853 τὴν
1802 5783 1970 5855 αὐτὴν

1346 400 1413 456 IN
1453 397 1945 457 PARALYTICUM
1993 397 2343 456 DEMISSUM
2386 403 2516 459 PER
2549 400 2848 460 TECTUM.

3642 403 3712 456 60

2123 513 2275 582 ἰσχὺν
2298 514 2411 584 ἔχει
2430 515 2604 570 τοῦτο.
2645 516 2852 586 Ὥσπερ
2882 515 2988 586 γὰρ
3025 515 3117 570 ἐὰν
3153 513 3334 568 εἷ’πωό
3358 513 3584 586 βρέχων,
3614 516 3704 569 06-

2059 629 2068 639 -
2117 604 2242 658 δένα
2264 605 2422 660 ἄλλον
2437 606 2583 678 δηλῶ
2600 608 2632 677 ἢ
2682 607 2773 660 τὸν
2801 607 2932 662 Θεὸν
2952 607 3038 662 διὰ
3053 608 3147 661 τοῦ
3165 607 3508 678 πράγματος,
3525 608 3712 678 ἐπειδὴ

2113 688 2276 742 αὐτοῦ
2313 690 2471 759 μόνον
2517 689 2672 744 τοῦτό
2701 693 2854 744 ἐστι·
2886 691 2980 744 καὶ
3023 691 3117 745 ἐὰν
3156 693 3314 753 εἴπω,
3343 691 3371 742 6
3399 690 3706 745 ἀνατέλλων

2112 779 2204 832 τὸν
2241 778 2411 848 ἥλιον,
2438 781 2532 832 καί⁸
2563 779 2638 850 μὴ
2670 779 2894 850 προσθῶ
2910 781 2968 834 τὸ
3000 781 3152 845 Θεὸς,
3179 782 3326 851 ὅμως
3371 780 3531 835 αὑτὸν
3557 779 3703 851 δηλῶ

2111 873 2198 927 διὰ
2235 873 2331 927 τοῦ
2386 874 2745 945 πράγματος·
2779 873 2922 928 οὔτω
2979 875 3044 947 δὴ
3069 875 3163 929 καὶ
3212 877 3240 929 6
3291 873 3499 938 Παῦλός
3541 889 3718 944 φησιν.

2111 963 2303 1028 εἰπὼν,
2345 965 2397 1017 '0
2418 963 2680 1033 ἐρευνῶν
2709 966 2818 1032 τὰς
2853 965 3121 1035 καρδίας,
3163 965 3382 1030 ἔδειξεν,
3423 966 3509 1018 ὅτι
3541 963 3706 1020 αὐτοῦ

2113 1057 2274 1128 μόνον
2313 1057 2428 1112 ἐστὶ
2467 1056 2528 1110 τὸ
2563 1059 2789 1129 ἐρευνᾷν
2847 1057 2946 1121 τὰς
2976 1057 3221 1130 καρδίας.
3255 1058 3317 1110 El
3353 1055 3462 1128 γὰρ
3505 1057 3579 1128 μὴ
3606 1055 3706 1126 τὴν

2109 1155 2282 1226 αὐτὴν
2321 1154 2472 1224 ίσχὺν
2514 1149 2626 1226 εἶχε
2665 1155 2822 1210 τοῦτο
2886 1155 2966 1226 τῷ
3022 1154 3153 1218 Θεὸς
3200 1154 3425 1224 ὀνόματι
3466 1154 3602 1226 πρὸς
3641 1153 3705 1206 τὸ

2105 1245 2276 1313 δεῖξαι
2309 1248 2441 1318 ἡμῖν
2483 1245 2573 1300 16v
2641 1246 2989 1318 δηλούμενον,
3018 1248 3117 1301 οὐκ
3163 1247 3228 1301 ἂν
3260 1246 3392 1300 0616
3422 1247 3540 1298 κατ’
3569 1245 3702 1298 0616

2106 1351 2368 1405 τέθεικεν.
2403 1350 2506 1406 Καὶ
2564 1352 2672 1424 γὰρ
2716 1355 2765 1406 εἰ
2801 1353 2978 1407 κοινὸν
3023 1348 3092 1424 ἦν
3124 1351 3272 1422 αὑτῷ
3304 1352 3398 1404 καὶ
3437 1352 3572 1422 πρὸς
3599 1350 3698 1421 τὴν

2104 1441 2281 1496 κτίσιν
2315 1442 2490 1506 τοῦτο,
2522 1443 2623 1496 οὐκ
2672 1442 2738 1496 ἂν
2780 1443 3024 1512 ἔγνωμεν
3074 1441 3165 1495 τὸν
3202 1441 3550 1512 δηλούμενον,
3599 1441 3700 1507 τῆς

2103 1534 2388 1598 κοινωνίας
2452 1533 2711 1605 σύγχυσιν
2767 1533 3147 1606 ἐμποιησάσης
3203 1535 3269 1603 τῇ
3321 1531 3530 1603 διανοίᾳ
3586 1531 3696 1584 τῶν

2099 1623 2402 1694 ἀκροατῶν.
2437 1624 2604 1678 Ὅταν
2655 1619 2747 1678 οῦν
2798 1624 3054 1694 φαίνηται
3103 1622 3233 1677 ῖδιον
3275 1621 3487 1690 Πατρὸς
3514 1620 3692 1682 τοῦτο,

2100 1713 2360 1783 φαίνηται
2388 1715 2444 1768 δὲ
2473 1716 2570 1769 καὶ
2598 1714 2675 1786 τῷ
2709 1714 2846 1784 Υἰῷ,
2869 1714 3002 1784 πρὸς
3021 1713 3080 1766 ὃν
3097 1711 3579 1781 ἀναμφισϐήτητος
3595 1708 3694 1762 καὶ

2097 1807 2346 1861 ἐντεῦθεν
2373 1810 2407 1878 ἡ
2444 1810 2644 1880 ἰσότης,
2670 1808 2755 1861 διὰ
2782 1807 2962 1868 τοῦτο,
2996 1807 3079 1870 Τί,
3100 1805 3253 1877 φησὶ,
3283 1803 3689 1874 διαλογίζεσθε

2097 1897 2330 1966 πονηρὰ
2359 1899 2428 1953 ἐν
2459 1898 2587 1964 ταῖς
2609 1898 2879 1967 καρδίαις
2910 1894 3078 1966 ὑμῶν
3099 1914 3118 1959 ;
3136 1896 3194 1950 τί
3219 1894 3327 1964 γὰρ
3355 1893 3682 1948 εὐκοπώτε-

2089 2005 2205 2058 ρον
2226 1991 2434 2057 εἰπεῖν,
2471 1989 2796 2060 Ἀφέωνταί
2831 2007 2947 2045 σου
2971 1990 3029 2042 αί
3077 1988 3374 2058 ἁμαρτίαι,
3398 1986 3437 2054 ἢ
3470 1987 3682 2050 εἰπεῖν,

2101 2080 2355 2148 Ἕγειραι
2381 2078 2482 2135 καί
2509 2080 2850 2152 περιπάτει;

2163 2186 2229 2252 ζ’.
2276 2187 2405 2244 ἰδοὺ
2436 2189 2528 2243 καὶ
2556 2189 2814 2266 δευτέραν
2849 2190 3122 2256 ἀπόδειξιν
3144 2195 3378 2246 ποιεῖται
3423 2194 3522 2264 τῆς
3577 2194 3685 2247 τῶν

2093 2279 2505 2352 ἁμαρτημάτων
2552 2280 2817 2350 ἀφέσεως.
2851 2281 2924 2334 Τὸ
2958 2282 3054 2352 μὲν
3091 2281 3200 2354 γάρ
3230 2282 3500 2355 ἁμαρτίας
3531 2285 3685 2351 ἀφιέ-

2081 2383 2180 2435 ,ναι
2208 2366 2303 2422 106
2327 2368 2488 2440 σῶμα
2519 2368 2855 2440 θεραπεῦσαι
2890 2369 3068 2440 πολλῷ
3105 2371 3304 2441 μᾶλλον
3331 2372 3513 2442 μεῖζόν
3542 2373 3682 2434 ἐστι,

2089 2458 2184 2510 καὶ
2217 2458 2470 2512 τοσοῦτον
2526 2459 2738 2530 μεῖζον,
2791 2461 2914 2514 ὅσον
2958 2461 3104 2533 ψυχὴ
3163 2461 3434 2532 σώματος.
3465 2463 3678 2535 Ὥσπερ

2088 2545 2198 2617 γάρ
2240 2547 2336 2600 τοῦ
2386 2546 2638 2618 σώματος
2662 2549 2870 2621 νόσοςή
2911 2551 3234 2621 παράλυσις,
3262 2551 3406 2606 οὕτω
3444 2553 3539 2607 καὶ
3578 2554 3678 2625 τῆς

2085 2637 2263 2708 ψυχῆς
2308 2638 2462 2701 νόσος
2510 2639 2543 2709 ὴ
2599 2641 2878 2712 ἁμαρτίαο
2927 2640 3042 2696 ἀλλ’
3080 2643 3254 2696 ἐκεῖνο
3295 2643 3342 2696 εἰ
3368 2642 3463 2696 καὶ
3493 2644 3677 2714 μεῖζον

2085 2722 2174 2798 ἦν,
2208 2727 2403 2799 ἄδηλον
2433 2723 2528 2799 ἦν·
2558 2730 2716 2784 τοῦτο
2744 2731 2800 2784 δέ
2831 2733 2880 2785 εἰ
2924 2733 3019 2785 καὶ
3051 2732 3269 2786 ἔλαττον
3313 2727 3405 2804 ἦν,
3442 2734 3675 2805 φανερὸν

2085 2813 2173 2888 ἦν.
2241 2817 2457 2888 Ἐπειδὴ
2495 2819 2676 2873 τοίνυν
2729 2819 2914 2891 μέλλει
2978 2822 3114 2893 πρὸς
3146 2821 3242 2892 τὴν
3282 2823 3555 2890 ἀπόδειξιν
3580 2826 3675 2878 τοῦ

2090 2903 2334 2974 μείζονος
2357 2905 2435 2976 τῷ
2459 2906 2702 2960 ἐλάττονι
2737 2909 3060 2979 κεχρῆσθαι,
3095 2910 3330 2976 δεικνὺς,
3363 2912 3444 2964 ὅτι
3463 2912 3550 2966 διὰ
3576 2913 3676 2984 την

2086 3001 2368 3056 ἀσθένειαν
2404 3004 2504 3075 τὴν
2548 3006 2771 3060 ἐκείνων
2812 3006 2984 3072 οὕτως
3004 3008 3248 3080 ἐποίησε,
3275 3010 3368 3064 καὶ
3400 3027 3674 3080 συγκατα-

2087 3098 2284 3153 ϐαίνων
2309 3101 2488 3156 αὐτῶν
2521 3102 2587 3173 τῇ
2607 3104 2956 3175 ταπεινότητι
3010 3122 3142 3176 φησι
3161 3121 3175 3135 ·
3217 3108 3278 3162 Τί
3307 3107 3476 3162 ἐστιν
3501 3110 3674 3164 εὐκοο

2084 3196 2351 3267 πώτερον
2364 3199 2572 3267 εἰπεῖν,
2611 3201 2930 3270 Ἀφέωνταί
2967 3221 3084 3260 σου
3110 3209 3170 3260 at
3197 3207 3491 3276 ἁμαρτίαι,
3517 3210 3556 3277 ἢ
3589 3213 3671 3264 εί·-

2082 3296 2517 3368 πεῖν,¹Ἐγειραι
2538 3295 2994 3367 καίπῳιπάτεω
3013 3303 3127 3377 [45]
3160 3305 3315 3370 Τίνος
3345 3302 3438 3361 οῦν
3483 3308 3669 3362 ἔνεκεν

2082 3393 2175 3446 ἐπὶ
2197 3393 2260 3448 τὸ
2294 3393 2512 3449 ἔλαττον
2535 3395 2668 3468 ἔρχῃ
2701 3397 2768 3450 δι’
2797 3399 3071 3467 ἐκείνους;
3101 3402 3319 3474 Ἐπειδὴ
3342 3403 3403 3457 τὸ
3435 3407 3667 3476 φανερὸν

2081 3494 2175 3548 τοῦ
2204 3495 2442 3564 ἀφανοῦς
2497 3499 2826 3570 τρανοτέραν
2870 3501 3168 3572 παρέχεται
3225 3502 3322 3573 τὴν
3371 3504 3663 3571 ἀπόδειξιν.

2080 3594 2180 3647 Διά
2207 3593 2365 3649 τοῦτο
2388 3598 2449 3650 06
2479 3597 2741 3670 πρότερον
2768 3600 2929 3654 αὐτὸν
2956 3602 3271 3672 ἀνέστησεν,
3295 3604 3400 3668 ἔως
3420 3599 3480 3658 οὗ
3507 3600 3660 3660 εἶπεν

2081 3695 2297 3759 αὐτοῖς⁸
2339 3695 2463 3750 Ἵνα
2501 3696 2569 3750 δὲ
2601 3697 2819 3764 εἰδῆτε,
2853 3699 2941 3753 ὅτι
2975 3699 3268 3766 ἐξουσίαν
3308 3702 3434 3773 ἔχει
3462 3708 3495 3759 ό
3530 3707 3662 3772 Υίὸς

2079 3793 2187 3846 τοῦ
2211 3794 2523 3861 ἀνθρώπου
2538 3797 2772 3866 ἀφιέναι
2803 3798 3092 3868 ἁμαρτίας
3114 3801 3214 3854 ἐπὶ
3237 3799 3346 3868 τῆς
3370 3803 3506 3872 τῆς,
3531 3807 3664 3860 τότε

2079 3891 2231 3959 φησί
2293 3891 2372 3958 τῷ
2424 3891 2819 3963 παραλυτικῷ,
2870 3898 3120 3966 Ἕγειραι
3156 3902 3267 3954 θιαί
3333 3905 3657 3971 περιπάτει,

2076 3997 2278 4051 ὡσανεὶ
2314 3993 2466 4067 ἔλεγε
2485 4011 2498 4026 ⁸
2533 3997 2736 4065 Μεῖζον
2765 4001 2863 4071 μέν
2885 4003 2998 4055 ἐστι
3018 4005 3239 4073 σημεῖον
3269 4006 3303 4077 ἠ
3331 4006 3437 4060 τῶν
3469 4009 3653 4079 ἀμαρο

2076 4098 2335 4168 τημάτων
2360 4099 2552 4168 ἄφεσις
2575 4118 2588 4131 ·
2617 4099 2706 4154 διὰ
2739 4102 2793 4156 δὲ
2838 4102 2982 4172 ὑμᾶς
3010 4104 3104 4156 καὶ
3140 4103 3202 4158 τὸ
3239 4104 3458 4161 ἔλαττον
3485 4126 3659 4182 προσ‹

2075 4196 2284 4269 τίθημι,
2313 4184 2499 4272 ἐπειδὴ
2517 4199 2674 4254 τοῦτο
2701 4201 2830 4273 ὑμῖν
2856 4202 3127 4270 ἀπόδειξις
3171 4204 3380 4260 ἐκείνου
3409 4203 3548 4262 εἶναι
3570 4210 3679 4286 δοο¹

2076 4300 2178 4353 κεῖ.
2233 4298 2442 4370 Ὥσπερ
2484 4298 2593 4370 γάρ
2623 4302 2739 4355 ἐκεῖ
2774 4302 2866 4356 τὸν
2909 4302 3308 4377 ἑκατοντάρχην
3365 4308 3656 4373 ἐπαινέσας

2075 4397 2318 4462 εἰπόντα,
2347 4397 2494 4451 Εἰπὲ
2536 4399 2697 4469 λόγῳ
2725 4403 2940 4469 μόνον,
2977 4403 3076 4458 καί
3109 4405 3413 4472 ἰαθήσεται
3452 4410 3486 4461 ό
3513 4408 3654 4475 παῖς

2068 4511 2218 4564 μου·
2248 4495 2346 4549 καί
2383 4493 2492 4565 γὰρ
2531 4496 2645 4564 ἐτὼ
2684 4495 2840 4566 λέγω
2864 4500 3070 4564 τούτῳ,
3096 4502 3383 4569 Πορεύου,
3414 4503 3512 4557 καί
3548 4520 3654 4558 πο⁸

2065 4595 2321 4662 ρεύεται·
2354 4595 2452 4648 καὶ
2475 4593 2556 4660 τῷ
2583 4593 2769 4658 ἄλλῳ,
2793 4595 3034 4663 Ἔρχου,
3055 4593 3154 4648 καί
3168 4593 3422 4672 ἔρχεται,
3447 4596 3652 4669 ἐκύριιι.

2076 4710 2166 4747 σεν
2191 4691 2354 4748 αὐτοῦ
2388 4692 2486 4762 τὴν
2511 4693 2735 4764 γνώμην
2767 4691 2854 4746 διὰ
2883 4692 2988 4746 τῶν
3020 4693 3338 4762 ἐγκωμίων·
3366 4696 3459 4748 καὶ
3491 4695 3654 4750 πάλιν

2071 4795 2183 4856 τοῖς
2219 4791 2492 4854 Ἰουδαίοις
2537 4791 2839 4858 ἐγκαλέσας
2869 4791 2961 4844 ἐπὶ
2997 4790 3090 4844 τοῦ
3124 4791 3394 4846 σαϐϐάτου
3445 4811 3654 4865 μεμφο-

2076 4893 2257 4964 μένοις
2289 4890 2456 4962 αὐτῷ,
2487 4892 2569 4945 ὅτι
2617 4891 2777 4945 πάλιν
2827 4892 3094 4964 παραλύει
3129 4893 3218 4946 τὸν
3240 4894 3424 4962 νόμον,
3451 4895 3671 4973 ἔδειξεν-

2071 4991 2154 5046 ὅτι
2199 4989 2384 5062 κύριός
2437 4989 2550 5044 ἐστι
2577 4989 2884 5061 μεταθεῖναι
2904 4993 3127 5064 νόμους·
3167 4992 3308 5046 οῦτω
3338 4993 3399 5064 δὴ
3430 4994 3523 5048 καὶ
3565 4996 3652 5049 ἐν·

2071 5089 2243 5146 ταῦθα
2272 5091 2493 5144 εἰπόντα
2544 5089 2750 5156 τοῦτον,
2799 5092 2910 5146 ἰσον
2964 5093 3154 5147 ἑαυτὸν
3207 5098 3350 5150 ποιεῖ
3397 5095 3474 5167 τῷ
3507 5096 3649 5168 Θεῷ,

2071 5187 2535 5259 ἐπαγγελλόμενος
2583 5187 2619 5243 ἃ
2647 5189 2740 5244 τοῦ
2775 5192 3016 5263 Πατέρος
3053 5194 3169 5247 ἐστὶ
3211 5195 3389 5266 μόνον,
3435 5199 3653 5269 μεμψά-

2075 5301 2235 5359 μενος
2286 5285 2482 5349 αύτοὺς
2530 5285 2625 5342 καὶ
2655 5289 3060 5362 αἰτιασάμενος,
3103 5291 3197 5347 καὶ
3221 5293 3310 5348 διὰ
3336 5293 3445 5348 τῶν
3475 5295 3652 5370 ἔργων

2069 5385 2339 5450 ἐπιδείξας
2369 5385 2451 5439 ὅτι
2498 5388 2560 5441 06
2588 5387 2914 5462 βλασφημεῖ,
2941 5393 3331 5465 ἀναντίρρητον
3356 5395 3489 5466 ἡμῖν
3515 5411 3655 5468 παρ-

2069 5485 2226 5558 έσχεν
2253 5486 2546 5554 ἀπόδειξιν,
2572 5488 2656 5544 ὄτι
2684 5489 2856 5544 ταῦτα
2888 5491 3132 5556 δύναται,
3153 5491 3189 5546 ἃ
3219 5491 3312 5546 καὶ
3337 5493 3365 5546 6
3394 5509 3654 5576 γεγεννη-

2069 5586 2197 5649 κώς.
2231 5587 2372 5658 Ὅρα
2404 5589 2534 5658 γοῦν
2576 5590 2694 5654 πῶς
2736 5591 2893 5644 τοῦτο
2941 5592 3346 5646 κατασκευάσαι
3379 5593 3648 5663 βούλεται,

2068 5685 2150 5740 δτι
2186 5685 2221 5740 ἃ
2247 5686 2341 5741 τοῦ
2371 5687 2581 5761 Πατρός
2618 5691 2732 5743 ἐστι
2792 5690 2971 5762 μόνον,
3013 5689 3185 5745 ταῦτα
3219 5693 3314 5748 καὶ⁸
3339 5694 3502 5750 αὐτοῦ
3524 5711 3538 5726 ·
3585 5695 3648 5748 06

2071 5784 2178 5857 γάρ
2214 5786 2395 5853 άπλῶς
2443 5787 2706 5862 ἀνέστησε
2745 5788 2835 5845 τὸν
2866 5788 3256 5860 παραλυτικὸν,
3301 5793 3416 5847 ἀλλ’
3445 5787 3642 5846 εἰπών·
