4066 6274
452 362 511 417 ει
668 302 696 307 Η
1346 344 1408 402 ΙΝ
1450 334 1937 400 ΡᾹΒᾹΙΧΤΙΟΠΜ
1979 332 2060 388 DE

2165 331 2329 388 SSUM
2377 332 2510 389 PER
2554 330 2853 387 TECTUM.
3668 332 3737 386 62

450 464 548 507 tem
593 451 797 514 sciatis,
827 448 946 518 quia
981 445 1145 499 Filius
1185 441 1418 496 hominis.
1442 440 1603 492 habet.
1636 442 1931 506 potestatem
1978 432 2033 483 in

452 556 585 597 terra
625 540 907 594 dimittendi
934 546 1139 607 peccata
1166 532 1379 599 (Matth.
1413 528 1566 596 9-6)
1605 546 1627 581 '.
1647 526 1780 580 adeo
1821 520 2043 576 curabat

452 650 514 688 ac
537 631 791 687 studebat
812 628 915 684 hoc
953 628 1181 681 maxime
1206 622 1491 679 ostendere
1530 618 1635 673 sibi
1654 615 1896 671 eamdem
1920 626 2042 667 esse

452 724 821 778 auctoritatem
849 735 970 773 eum
1002 719 1178 772 Patre.

524 813 579 868 8.
625 811 870 880 Epilogus
898 809 1145 864 sermonis
1180 822 1278 875 quo
1316 804 1385 856 ad
1396 801 1706 872 ipatientiam
1736 798 1789 852 in
1819 795 2042 851 adtersis

452 902 970 958 rohortatur.—llaze
1000 900 1158 970 igitur
1175 898 1350 952 omnia
1372 908 1425 950 et
1450 909 1568 965 qua:
1600 892 1853 948 hesterno
1870 890 1955 944 die
1980 902 2043 943 ac

454 992 843 1049 nudiustenius
877 992 1015 1045 dicta
1059 999 1203 1053 sunt,
1250 988 1529 1055 diligenter
1573 981 1826 1037 memoria
1861 990 2044 1034 tenea-

456 1099 594 1149 mus,
616 1100 679 1139 ac
703 1085 868 1139 Deum
892 1096 1190 1152 precemur,
1219 1087 1278 1133 ut
1303 1095 1363 1132 ea
1392 1078 1442 1131 itt
1466 1086 1645 1131 nostra
1674 1082 1851 1128 mente
1870 1072 2042 1125 deﬁxa

458 1182 827 1243 permaneant,
851 1182 1199 1240 nostrumque
1228 1168 1462 1224 studium
1492 1165 1855 1229 conferamus,
1883 1172 2045 1231 atque

454 1265 520 1317 tul
551 1263 693 1319 hunc
724 1262 899 1317 locum
929 1260 1238 1331 frequenter
1264 1256 1600 1313 accedamus.
1645 1255 1735 1310 Sic
1759 1253 1902 1309 enim
1933 1252 2044 1319 ﬁet,

456 1366 506 1406 ut
541 1364 595 1408 et
624 1370 685 1408 ea
715 1370 833 1424 quae
861 1354 1104 1423 superius
1123 1352 1263 1406 dicta
1289 1360 1415 1404 sunt
1441 1361 1842 1414 conservemus,
1866 1355 1919 1401 et
1944 1346 2046 1400 alia

456 1460 642 1499 rursus
669 1444 1006 1512 acquiramus
1035 1458 1049 1498 :
1084 1442 1227 1513 quod
1254 1442 1298 1495 si
1327 1440 1453 1510 quid
1482 1438 1621 1494 forte
1655 1438 1805 1509 lapsu
1838 1448 2046 1507 tempo-

454 1537 528 1589 ris
557 1536 839 1600 ellluxerit,
870 1536 1024 1591 facile
1050 1534 1180 1589 illud
1211 1533 1422 1588 assidua
1449 1531 1690 1586 doctrina
1716 1529 1909 1585 exculti
1940 1544 2043 1598 po-

456 1627 675 1681 terimus
697 1642 1035 1697 recuperare.
1061 1625 1244 1692 Neque
1268 1639 1401 1679 vero
1414 1638 1551 1678 sana
1575 1632 1778 1675 tantum
1800 1621 2045 1691 dogmata

454 1718 845 1787 permanebunt
890 1727 956 1773 et.
988 1715 1455 1786 incorrupta,.sed
1502 1724 1567 1769 et.
1601 1715 1761 1768 vitam
1811 1722 2047 1768 nostram

458 1810 800 1877 majoricura
840 1809 1167 1864 etcautioue
1190 1808 1503 1877 dirigemus,
1543 1814 1750 1860 etvoum
1781 1805 2050 1872 voluptate

458 1900 727 1968 animique
755 1900 1133 1969 tranquillitate
1166 1899 1267 1953 hoc
1312 1914 1483 1952 aevum
1527 1896 1822 1965 transigere
1850 1895 2048 1947 licebit.

462 1988 592 2043 Nam
616 2006 959 2059 qtnccumque
982 1991 1192 2044 tandem
1217 1986 1543 2057 perturbatio
1565 1995 1798 2039 nostram
1820 1986 2050 2038 animam

462 2081 714 2149 exagitet,
742 2081 866 2134 dum
898 2080 950 2135 in
970 2080 1119 2133 hunc
1149 2080 1323 2134 locum
1349 2077 1716 2142 convenimus,
1749 2075 1905 2131 facile
1934 2076 2050 2129 dis-

462 2172 571 2225 cuti
605 2176 803 2240 poterit
835 2189 848 2225 :
879 2170 1305 2240 quandoquidem
1336 2178 1390 2223 et
1416 2167 1659 2223 Christus
1697 2182 1839 2221 nunc
1879 2168 2049 2233 adest,

461 2273 515 2317 ct
542 2266 630 2332 qui
659 2278 777 2317 cum
822 2264 926 2319 ﬁde
955 2264 1021 2317 ad
1070 2264 1213 2316 illum
1244 2260 1472 2325 accedit,
1516 2259 1723 2314 facilem
1763 2259 2053 2327 adepturus

460 2364 549 2407 est
568 2355 917 2408 curationem.
954 2354 1271 2422 Paupertate
1301 2352 1419 2422 quis
1448 2351 1664 2405 assidua
1695 2349 2050 2412 conﬂictatur,

461 2456 521 2499 et
544 2447 862 2502 necessariis
882 2446 1188 2500 destituitur
1213 2445 1500 2505 alimentis.
1530 2443 1753 2497 etiame
1778 2440 2053 2496 confectus

462 2554 829 2608 saepenumero
850 2538 1043 2593 lectum
1076 2537 1223 2606 petiit
1251 2554 1264 2589 :
1297 2546 1473 2590 tamen
1491 2534 1593 2589 lt’uc
1617 2534 1905 2603 ingressus.
1931 2548 2052 2587 cum

464 2632 697 2686 audierit.
713 2632 935 2686 Paulum
966 2630 1257 2696 dicentem,
1287 2630 1338 2683 in
1367 2628 1508 2682 fame
1534 2638 1588 2682 et
1616 2628 1702 2681 siti
1732 2638 1786 2681 et
1816 2626 2061 2680 nuditate

464 2739 522 2776 se
550 2723 768 2793 degere,
786 2737 950 2792 seque
978 2737 1082 2775 non
1106 2735 1230 2783 uno,
1264 2731 1354 2774 aut
1382 2719 1610 2785 duobus,
1638 2726 1727 2772 aut
1748 2718 1916 2772 tribus
1936 2717 2055 2772 dic-

468 2814 584 2879 bus,
617 2813 710 2868 sed
741 2823 997 2883 perpetuo
1038 2827 1251 2883 passum
1293 2826 1413 2867 esse
1454 2808 1616 2882 (quod
1654 2808 1868 2878 quidem
1914 2807 2054 2863 indi-

465 2922 597 2961 cans
623 2905 819 2970 aiebat,
853 2904 1025 2976 Usque
1052 2910 1104 2960 in
1132 2905 1261 2959 hanc
1289 2906 1466 2959 horam
1494 2914 1542 2957 et
1582 2903 1849 2969 esurimus,
1876 2912 1921 2956 et
1949 2903 2058 2956 siti-

468 3012 599 3058 mus,
631 3005 677 3050 et
702 2996 827 3049 nudi
855 3001 1055 3065 sumus|
1081 3003 1104 3052 1
1136 3009 1257 3050 ιον.
1286 2997 1340 3050 4.
1374 2988 1496 3061 ll],
1520 2994 1871 3050 sufﬁcientem
1899 3008 1965 3047 ex
1992 3008 2059 3046 eo

473 3087 895 3142 consolationem
926 3088 1201 3158 percipiet,
1233 3102 1354 3142 cum
1386 3104 1447 3141 ex
1494 3086 1558 3142 iis
1599 3102 1718 3157 qtue
1755 3086 1895 3140 dicta
1934 3094 2060 3140 sunt

468 3178 715 3234 didicerit
737 3179 927 3245 Deum,
956 3196 1061 3235 non
1082 3180 1223 3251 quod
1246 3180 1391 3234 illum
1416 3179 1635 3241 odisset.
1666 3180 1717 3233 in
1746 3188 2058 3249 paupertate

469 3274 671 3329 versari
696 3274 1004 3343 permisisse
1031 3317 1044 3329 .
1074 3289 1247 3344 neque
1265 3274 1430 3339 enim,
1458 3273 1504 3328 si
1530 3273 1654 3327 odio
1683 3274 1928 3344 prosequi
1956 3274 2057 3327 boe

470 3373 636 3431 esset,
672 3364 837 3419 Paulo
868 3381 978 3435 prae
1006 3374 1215 3421 caeteris
1241 3364 1489 3420 omnibus
1512 3365 1686 3419 amico
1713 3379 1810 3419 suo
1843 3365 1893 3418 id
1913 3363 2075 3418 aet-is

471 3454 599 3509 dere
625 3455 954 3524 permisisset
982 3477 996 3509 :
1029 3472 1209 3511 verum
1239 3455 1378 3526 quod
1416 3455 1492 3511 de
1508 3470 1595 3510 eo-
1612 3454 1870 3509 sellicitus
1894 3464 2059 3521 esset,

472 3547 633 3615 eique
660 3547 985 3616 provideret,
1028 3555 1187 3616 atque
1233 3547 1301 3600 ad
1348 3546 1603 3615 majorem
1648 3546 1793 3599 illum
1823 3545 2063 3615 philoso-

474 3637 652 3706 phiam
683 3646 1037 3706 promoveret.
1084 3638 1176 3691 Est
1202 3637 1336 3690 alius
1376 3635 1659 3705 quispiam,
1689 3636 1839 3703 cujus
1871 3650 2066 3703 corpus

476 3730 676 3785 morbis
720 3745 783 3785 ac
828 3731 980 3786 malis
1015 3730 1308 3785 innumeris
1351 3729 1663 3783 obsidetur?
1702 3728 2065 3783 Sul'ﬁcientem

476 3818 599 3875 huic
642 3819 867 3874 afferent
918 3820 1340 3874 consolationem
1384 3818 1800 3888 paralyticorum
1844 3819 2067 3872 istorum

476 3924 721 3978 corpora,
756 3920 812 3963 et
841 3924 961 3963 cum
995 3909 1096 3962 illis
1125 3909 1314 3963 beatus
1348 3924 1411 3961 ac
1438 3923 1730 3977 generosus
1772 3908 1919 3963 Pauli
1963 3909 2071 3963 dis-

476 3988 707 4067 cipulus,
736 3999 824 4069 qui
852 3998 1118 4068 perpetuis
1143 3998 1342 4052 morbis
1369 3996 1794 4062 conflictabatur,
1825 4012 1922 4051 nec
1950 4014 2068 4051 nut-

478 4108 638 4159 quam
661 4107 689 4145 a
720 4094 873 4163 longa
894 4092 1209 4162 aegritudine
1235 4091 1553 4159 respirabat,
1587 4090 1725 4160 quod
1748 4092 1909 4145 etiam
1937 4091 2072 4144 Pau-

480 4186 563 4239 lus
596 4184 807 4239 tlicebat
857 4203 871 4240 :
915 4184 1119 4238 Modico
1162 4184 1275 4236 vino
1320 4192 1461 4236 utere
1501 4190 1708 4252 prapter
1753 4181 2069 4235 stomachum

480 4288 641 4342 tuum,
674 4286 720 4330 et
750 4277 1034 4346 frequentes
1064 4284 1176 4328 tuas
1216 4274 1534 4341 inﬁrmitates
1567 4273 1585 4344 (
1614 4275 1660 4326 Ι.
1697 4272 1828 4325 Tim.
1861 4272 1914 4327 5.
1942 4271 2067 4340 25),

481 4385 585 4424 non
616 4368 928 4438 simpliciter
954 4367 1088 4421 dixit
1119 4366 1475 4421 infirmitates.
1508 4365 1658 4418 Alius
1684 4364 1948 4435 quispiam
1975 4380 2070 4419 ca-

482 4460 696 4514 lumniis
733 4460 1009 4528 appetitus
1031 4469 1114 4511 est
1143 4458 1211 4511 ab
1256 4458 1351 4523 iis,
1390 4457 1480 4525 qui
1523 4470 1767 4524 magnam
1809 4455 1881 4508 illi
1929 4454 2069 4523 apud

484 4553 733 4623 populum
755 4549 1055 4604 conﬁurunt
1070 4549 1363 4613 infamiam,
1391 4555 1553 4617 atque
1573 4545 1673 4599 hoc
1693 4544 1811 4614 ejus
1835 4544 2071 4599 animum

483 4644 714 4713 graviter
736 4643 883 4713 angit
910 4651 963 4696 et
994 4651 1251 4710 perpetuo
1278 4640 1480 4694 cruciat
1509 4655 1522 4691 ε
1556 4638 1600 4693 si
1642 4637 1911 4707 ingressus
1955 4636 2072 4691 fue-

484 4740 571 4799 rit,
600 4745 655 4789 et
681 4734 928 4798 audierit,
960 4732 1102 4786 Beati
1128 4731 1266 4796 estis,
1294 4746 1415 4784 cum
1435 4728 1791 4783 maledixcrint
1820 4728 1956 4782 vobis
1989 4729 2075 4781 ho-

485 4828 661 4889 mines,
698 4836 743 4879 et
770 4826 994 4880 dixerint
1024 4839 1168 4877 omne
1186 4823 1386 4875 malum
1415 4822 1679 4875 adversum
1708 4836 1794 4875 vos
1830 4821 2076 4874 mentien-

484 4930 599 4972 tes:
627 4917 844 4990 gaudete
885 4928 930 4971 et
968 4914 1239 4981 exsultante,
1273 4916 1513 4985 quoniam
1556 4929 1742 4967 merces
1783 4925 1944 4967 vestra
1987 4928 2075 4966 co-

488 5014 630 5082 piosa
655 5011 800 5065 estin
838 5011 976 5064 ca'lis
994 5008 1210 5079 (Matth.
1234 5008 1287 5061 5.
1335 5008 1421 5061 Η.
1458 5007 1545 5075 12)
1571 5025 1585 5062 :
1608 5021 1822 5061 omnem
1844 5005 2078 5075 deponet

488 5112 869 5167 mmrorem,et
892 5117 1098 5155 summa
1132 5102 1406 5171 voluptate
1435 5098 1814 5169 perfundetur;
1856 5098 2081 5153 subsilite

487 5199 629 5252 ez-im
659 5207 705 5250 et
734 5195 1001 5256 exsultate,
1045 5195 1234 5261 inqttit,
1276 5210 1390 5246 cum
1432 5192 1693 5261 injecerint
1730 5192 1865 5245 vobis
1901 5207 2088 5245 nomen-

488 5292 681 5344 malum
703 5288 853 5353 (Luc.
884 5287 936 5342 6.
964 5286 1055 5341 22.
1079 5286 1194 5352 23).
1220 5286 1392 5353 Atque
1414 5285 1533 5338 illos
1556 5283 1873 5353 quidemqui
1892 5283 2079 5337 convi-

489 5383 587 5436 ciis
642 5380 965 5441 afﬁciuntur,
1024 5377 1125 5430 hoc
1176 5375 1336 5429 modo
1388 5374 1694 5427 consolatur
1746 5391 1760 5426 :
1811 5388 1905 5427 eos
1953 5389 2081 5427 vero

490 5474 578 5542 qui
634 5472 888 5528 conviciis
943 5469 1213 5533 afﬁciunt,
1275 5468 1429 5522 aliter
1488 5475 1685 5531 terret,
1745 5480 1878 5520 cum.
1930 5465 2006 5519 ait
2066 5484 2079 5521 :

496 5567 656 5620 (lanae
681 5566 882 5620 verbum
907 5564 1141 5627 otiosum,
1187 5561 1321 5631 quod
1362 5559 1553 5629 loquuti
1601 5559 1785 5629 fuerint
1832 5557 2079 5619 homines,

494 5660 702 5713 reddent
730 5662 793 5712 de
820 5674 877 5712 eo
906 5656 1173 5717 rationem,
1217 5638 1319 5708 sive
1348 5653 1531 5706 bonum
1559 5651 1731 5722 fuerit,
1763 5649 1866 5703 sive
1891 5649 2083 5702 malum

496 5749 705 5819 (Matth.
744 5749 825 5803 12.
861 5745 974 5818 56).
1008 5744 1246 5801 Filiolam
1285 5742 1543 5813 quispiam
1586 5741 1718 5797 alius
1750 5739 1947 5808 amisit,
1986 5748 2078 5795 aut

2150 428 2338 495 ﬁlium,
2356 439 2450 482 aut
2479 429 2640 483 alium
2666 428 2893 498 aliquem
2918 443 2980 482 ex
3008 426 3342 497 propinquis,
3372 436 3426 481 et
3454 425 3539 481 hic
3562 428 3606 481 si
3636 428 3737 483 hoc

2145 521 2346 587 veniat,
2374 536 2493 575 cum
2523 521 2720 575 Paulus
2758 530 2973 589 propter
3018 531 3332 589 punientem
3376 522 3538 573 vitam
3580 521 3730 589 inge—

2146 612 2356 677 miscat,
2376 659 2380 661 .
2402 620 2458 665 et
2488 610 2935 665 lutttramsvidero
2952 611 3151 678 cupiat,
3180 625 3409 679 eumque
3433 609 3625 664 ta'tleat
3654 611 3739 664 hic

2146 703 2351 756 uiuidiu
2389 703 2606 768 morari,
2640 701 2925 758 sufﬁcienti
2968 701 3172 769 etipse
3215 701 3603 755 medicamento
3642 716 3738 755 ac-

2145 803 2307 862 cepto.
2329 794 2585 855 discedet.
2610 794 2697 848 ubi
2722 793 2985 849 dicentem
3016 793 3163 847 illum
3182 792 3446 848 audiverit
3474 812 3487 846 :
3511 792 3591 848 De
3614 794 3733 847 dor-

2147 887 2416 940 mientibus
2443 896 2610 939 autem
2636 888 2754 941 nolo
2780 903 2867 941 vos
2894 888 3148 957 ignorare,
3176 886 3379 957 fratres,
3408 898 3462 940 ut
3487 904 3588 942 non
3616 905 3737 942 con-

2149 979 2413 1031 tristemini
2441 979 2570 1033 sicut
2591 988 2638 1031 et
2662 978 2849 1045 caeteri,
2871 979 2956 1048 qui
2976 994 3116 1049 spem
3141 995 3241 1033 non
3262 980 3445 1034 [tabent
3473 981 3521 1051 (ι
3556 978 3735 1035 Thess.

2148 1070 2201 1124 4.
2241 1069 2350 1137 12).
2396 1069 2510 1123 Non
2540 1069 2674 1123 dixit
2708 1070 2783 1124 De
2809 1070 3176 1133 morientibus,
3207 1071 3302 1125 sed
3332 1070 3410 1125 De
3439 1072 3736 1126 dormienti-

2150 1158 2260 1223 bns,
2301 1175 2547 1214 somnum
2587 1175 2707 1215 esse
2736 1170 2963 1214 mortem
2992 1161 3305 1217 ostendens.
3341 1161 3407 1219 Ut
3434 1164 3593 1233 igitur
3618 1179 3737 1219 cum

2150 1249 2386 1305 dormire
2428 1249 2710 1319 quemdam
2761 1250 3023 1317 videmus,
3073 1266 3179 1305 non
3226 1252 3520 1319 turbamur,
3568 1270 3741 1325 neque

2151 1356 2383 1397 maerore
2407 1340 2688 1406 efﬁcimur,
2714 1341 2861 1396 illum
2892 1343 3044 1410 plane
3067 1354 3489 1400 resurrecturum
3516 1361 3740 1417 sperau-

2153 1443 2233 1488 tes
2266 1449 2279 1485 :
2310 1433 2378 1486 ita
2407 1448 2529 1487 eum
2562 1442 2785 1487 mortem
2812 1433 3011 1487 obiisse
3037 1434 3323 1503 quemdam
3362 1435 3625 1500 videmus.
3656 1439 3743 1493 ni-

2154 1526 2225 1579 hil
2254 1524 2643 1595 perturbemur,
2667 1540 2840 1595 neque
2864 1526 3044 1580 animo
3067 1526 3411 1583 concidamus
3435 1546 3449 1582 :
3479 1529 3740 1598 siquidem

2153 1619 2253 1673 hoc
2282 1634 2495 1689 quoque
2522 1634 2743 1673 somnus
2762 1627 2876 1682 est;
2906 1619 3163 1688 prolixior
3183 1620 3421 1689 quidem,
3445 1620 3537 1676 sed
3567 1631 3741 1677 tamen

2151 1727 2391 1766 somnus.
2426 1711 2605 1781 Itaque
2625 1711 2961 1766 domuitionis
2986 1712 3202 1766 nomine
3228 1713 3470 1783 lugentes
3492 1714 3740 1768 consola-

2153 1813 2238 1857 tus
2264 1812 2366 1869 est,
2394 1802 2789 1856 accusationem
2827 1801 3337 1857 auteminlldoliutn
3371 1803 3642 1858 refutavit.
3686 1803 3742 1859 Si

2153 1894 2460 1948 defunctum
2478 1893 2816 1963 impatienter
2838 1893 3006 1963 luges,
3033 1893 3299 1949 infidelem
3328 1895 3740 1961 illumitnitaris,

2154 1986 2683 2056 quiresurrectionis
2712 1985 2871 2040 ﬁdem
2903 2002 3007 2040 non
3036 1986 3215 2041 habet.
3259 1986 3348 2042 Ille
3394 1998 3537 2043 recte
3574 1989 3736 2059 luget,

2158 2087 2340 2146 utpote
2367 2078 2458 2148 qui
2484 2078 2613 2133 nihil
2641 2077 2710 2133 de
2740 2078 2899 2133 rebus
2929 2077 3121 2132 futuris
3146 2077 3509 2147 philosophari
3536 2091 3696 2149 queat
3724 2098 3736 2133 :

2158 2180 2212 2225 tu
2244 2186 2372 2225 vero
2399 2170 2483 2225 cui
2531 2180 2606 2225 tot
2634 2170 2771 2224 data:
2800 2179 2925 2224 sunt
2953 2170 3019 2225 de
3062 2171 3236 2225 futura
3269 2171 3373 2225 vita
3402 2171 3741 2227 demonstra-

2157 2262 2349 2328 tiones,
2379 2277 2537 2332 quam
2566 2262 2636 2316 ob
2664 2276 2879 2316 causam
2925 2263 2976 2315 in
3013 2260 3256 2316 eamdem
3283 2262 3529 2316 camilla
3571 2263 3741 2317 imbe-

2155 2354 2427 2409 cillitatem
2450 2353 2781 2408 devolveris?
2810 2353 3097 2421 Propterea
3140 2354 3298 2418 dicit;
3338 2352 3416 2408 De
3451 2355 3748 2408 dormienti-

2156 2447 2246 2499 bns
2275 2446 2509 2499 nolumus
2537 2462 2624 2499 eos
2665 2446 3005 2515 ignorareyut
3049 2461 3151 2499 non
3193 2445 3573 2511 contristemint,
3615 2446 3746 2501 sicut

2156 2548 2203 2590 et
2231 2538 2421 2600 cwtert',
2449 2536 2535 2606 qui
2558 2554 2698 2607 spent
2725 2553 2824 2590 non
2852 2537 3057 2590 habent.

2230 2628 2533 2696 Exemplum
2574 2629 2848 2697 patientiae.
2866 2658 2937 2668 —
2956 2628 3139 2698 Neque
3177 2643 3307 2685 vero
3346 2645 3412 2685 ex
3442 2630 3591 2685 Novo
3621 2640 3741 2687 tan—

2160 2730 2289 2785 tum,
2310 2718 2404 2775 sed
2426 2719 2584 2775 etiam
2600 2736 2666 2774 ex
2688 2720 2866 2776 Veteri
2883 2720 3231 2777 Testamento
3248 2737 3531 2791 possumus
3556 2739 3749 2780 conso-

2161 2815 2411 2870 lationem
2433 2813 2665 2870 haurire.
2682 2813 2814 2869 Cum
2831 2814 2974 2870 enim
2992 2812 3093 2869 Job
3107 2814 3258 2867 audis
3274 2823 3393 2883 post
3407 2815 3750 2884 pecuniarum

2156 2908 2441 2978 jacturatn,
2475 2918 2596 2978 post
2624 2908 2897 2962 interitum
2937 2914 3325 2971 armentorum,
3357 2921 3465 2959 non
3496 2922 3660 2961 unum
3699 2916 3754 2961 et

2163 3002 2318 3065 duos,
2348 3016 2411 3055 ac
2439 3012 2569 3066 tres,
2598 3000 2691 3054 sed
2723 3000 2987 3069 integrum
3028 3009 3226 3054 coetum
3268 2998 3495 3052 ﬁliorum
3541 2998 3592 3053 in
3637 3000 3754 3069 ipso

2162 3094 2337 3149 aet-uis
2378 3092 2510 3148 flore
2553 3092 2816 3156 amisisse,
2863 3101 2985 3162 post
3028 3101 3228 3147 tantam
3272 3092 3439 3146 animi
3479 3096 3751 3158 virtutem,

2163 3187 2410 3257 quamvis
2446 3186 2687 3240 omnium
2714 3186 2809 3238 .sis
2836 3184 3282 3247 inﬁnnissimus,
3327 3185 3481 3240 facile
3522 3185 3752 3256 teipsum

2164 3276 2463 3333 rcfocillare
2517 3276 2718 3347 poteris
2756 3291 2837 3330 ac.
2864 3275 3284 3330 reﬁcere..Natn
3336 3285 3388 3329 tu
3434 3275 3675 3346 quidem,
3722 3291 3757 3330 ο

2165 3370 2350 3435 homo,
2371 3369 2668 3439 aegrotanti.
2690 3367 3503 3434 ﬁlioadfuisti,accumbentem
3532 3370 3589 3423 in
3616 3369 3757 3423 lecto

2166 3460 2365 3526 vidisti,
2395 3469 2663 3528 postrema
2686 3461 2845 3514 verba
2868 3459 3226 3529 proferentem
3257 3460 3491 3524 audiisti,
3508 3470 3569 3516 et
3581 3470 3759 3515 extre-

2169 3565 2313 3604 mum
2337 3550 2558 3603 halitum
2577 3550 2843 3604 exhalanti
2859 3549 3131 3615 adstitisti,
3151 3549 3461 3618 depressisti
3478 3553 3684 3616 oculos,
3704 3562 3753 3609 t'l

2168 3658 2229 3697 os
2259 3642 2568 3697 conclusisti
2596 3658 2607 3694 :
2631 3650 2685 3695 at
2712 3642 2798 3695 ille
2822 3655 2991 3711 neque
3013 3640 3244 3695 animam
3271 3640 3641 3697 exhalantibus
3667 3642 3758 3696 ad-

2170 3734 2288 3799 fuit,
2310 3748 2407 3786 nec
2428 3733 2761 3802 exspirantes
2776 3732 3009 3800 aspexit,
3033 3747 3214 3786 verum
3237 3739 3504 3802 tamquam
3525 3748 3629 3786 uno
3640 3748 3761 3789 ccu-

2172 3826 2265 3880 tliti
2310 3832 2435 3878 sunt
2472 3838 2663 3878 omnes
2699 3824 2945 3892 sepulcro
2988 3822 3190 3877 aedibus
3219 3824 3350 3886 suis,
3392 3833 3447 3877 et
3488 3824 3539 3877 in
3571 3825 3755 3880 eadem

2174 3933 2356 3973 mensa
2369 3920 2646 3972 cerebrum
2668 3917 2864 3985 pariter
2880 3924 2932 3969 et
2945 3917 3160 3985 sanguis
3180 3916 3516 3980 fundebatur,
3532 3925 3586 3971 et
3601 3917 3763 3987 ligna,

2173 4021 2225 4067 et
2247 4010 2455 4080 legula‘,
2478 4021 2525 4064 et
2550 4008 2740 4078 pulvis,
2755 4016 3009 4062 etcarnes
3025 4008 3276 4072 concism,
3298 4018 3352 4063 et
3366 4010 3542 4064 omnia
3562 4011 3764 4080 pariter

2174 4101 2557 4157 miscebantur.
2586 4099 2961 4154 Verumtamen
2990 4108 3209 4170 posttot
3237 4108 3288 4155 et
3318 4110 3463 4155 tanta
3491 4102 3626 4156 mala
3657 4119 3761 4157 non

2174 4192 2327 4258 luxit,
2346 4207 2450 4246 non
2472 4190 2811 4260 impatienter
2829 4190 2945 4244 tulit
2968 4190 3105 4245 :.sed
3124 4190 3247 4260 quid
3264 4192 3388 4245 .ait’?
3414 4191 3664 4247 Dominus
3681 4193 3769 4246 dc-

2173 4283 2269 4345 dit,
2289 4282 2537 4336 Dominus
2554 4280 2778 4347 abstulit,
2798 4283 2925 4336 sicut
2955 4281 3406 4351 Domino-placuit,
3425 4285 3497 4337 ita
3513 4294 3558 4337 et
3578 4290 3767 4355 factum

2174 4384 2247 4426 est
2265 4388 2283 4426 :
2300 4373 2365 4426 sit
2381 4389 2560 4426 nomen
2580 4373 2787 4426 Domini
2808 4372 3123 4427 benedictum
3140 4374 3192 4427 in
3214 4374 3399 4428 siccata
3440 4374 3629 4444 (Job'f.
3649 4375 3712 4428 2|
3727 4378 3767 4444 ).

2177 4464 2324 4518 llauc
2345 4478 2443 4517 nos
2458 4479 2670 4533 quoque
2688 4478 2872 4517 vocem
2896 4464 2947 4516 in
2970 4464 3190 4533 singulis
3206 4479 3323 4533 quae
3341 4465 3494 4519 nobis
3521 4466 3771 4520 accidunt

2176 4557 2531 4628 proferamus,
2581 4556 2695 4611 sive
2737 4556 3079 4623 pecuniarum
3115 4558 3344 4624 jactura,
3379 4557 3493 4611 sive
3526 4559 3768 4626 corporis

2178 4651 2478 4715 inﬁrmitas,
2505 4650 2619 4704 sive
2639 4647 2982 4713 contumelia,
3005 4647 3119 4701 sive
3148 4647 3576 4711 caltunnia,.sive
3600 4649 3771 4718 quod-

2178 4744 2257 4797 vis
2293 4742 2438 4797 aliud
2467 4742 2758 4795 humanum
2804 4739 3001 4794 malum
3047 4739 3323 4806 acciderit,
3366 4739 3466 4793 ista
3503 4739 3770 4805 dicamus,

2182 4833 2432 4888 Dominus
2452 4833 2608 4898 dedit,
2632 4830 2881 4885 Dominus
2898 4830 3107 4884 abstulit
3127 4846 3145 4884 :
3164 4831 3292 4883 sicut
3313 4829 3540 4883 Domino
3556 4831 3769 4900 placuit,

2180 4925 2252 4977 ita
2280 4934 2327 4978 et
2352 4924 2543 4992 factum
2572 4931 2644 4975 est
2669 4936 2688 4975 :
2719 4921 2781 4975 sit
2808 4937 2989 4975 nomen
3021 4918 3226 4972 Domini
3255 4920 3569 4973 benedictum
3596 4921 3649 4973 in
3674 4938 3771 4975 ste-

2182 5017 2316 5071 cula.
2345 5014 2419 5069 Ita
2445 5015 2489 5068 si
2518 5011 2974 5084 philosopltemur,
3004 5011 3133 5066 nihil
3166 5026 3416 5080 umquam
3450 5011 3572 5065 mali
3603 5012 3773 5081 patie-

2186 5124 2326 5171 mur,
2359 5108 2483 5162 licet
2526 5107 2801 5160 innumera
2844 5105 3105 5175 patiamur
3151 5121 3165 5157 :
3209 5103 3301 5158 sed
3351 5102 3525 5173 majus
3564 5104 3768 5159 lucrum

2186 5208 2285 5261 erit
2313 5219 2471 5274 quam
2496 5201 2771 5266 damnum,
2807 5200 2953 5270 plura
2982 5200 3119 5255 bona
3147 5215 3307 5269 quant
3353 5200 3489 5253 mala
3528 5215 3623 5269 per
3660 5200 3773 5253 haec

2186 5298 2345 5351 vrrba
2378 5296 2471 5351 tibi
2500 5295 2771 5360 evenient,
2793 5293 2917 5348 dum
2945 5304 2998 5349 et
3025 5294 3314 5364 propitium
3349 5289 3441 5347 tibi
3476 5291 3573 5361 ipsi
3605 5292 3770 5346 Deunt

2186 5390 2397 5455 reddes,
2421 5400 2474 5445 et
2491 5388 2689 5443 inimici
2708 5388 3040 5460 tyrannidem
3066 5387 3421 5457 propulsabis.
3438 5382 3608 5439 Simul
3629 5401 3772 5439 etnnt

2185 5495 2343 5552 atque
2368 5482 2529 5537 verba
2578 5481 2667 5535 illa
2717 5481 2892 5549 lingua
2932 5480 3173 5548 protulit,
3207 5476 3450 5532 diabolus
3491 5477 3771 5531 Confestim

2185 5574 2445 5630 absccs~il
2478 5592 2499 5628 εν
2525 5574 2617 5628 illo
2646 5588 2805 5643 porro
2830 5570 3175 5635 abscede-nte,
3219 5570 3386 5623 nubes
3424 5586 3635 5641 quoque
3678 5568 3767 5623 tri-

2186 5667 2343 5722 stitia:
2369 5666 2669 5729 discutitur,
2702 5673 2753 5718 et
2780 5678 2900 5717 cum
2933 5662 3018 5717 illa
3051 5664 3296 5718 celi-riter
3323 5662 3597 5733 aufugiunt
3629 5661 3771 5726 coni-

2192 5762 2440 5826 tatinncs,
2470 5774 2590 5823 qua:
2632 5768 2733 5811 uos
2762 5751 3040 5822 afﬂigunt;
3091 5766 3153 5806 ac
3200 5762 3401 5817 t‘rtctcr.
3444 5753 3553 5804 haec
3594 5745 3773 5799 omnm
