4066 6274
2454 440 3086 459 a———————-—
3111 425 3709 448 *δ”-’.ἐ

1889 684 2267 761 SEBMO

441 945 519 990 ID
563 941 674 985 EOS
717 941 824 994 QUI
870 941 1254 987 CONVENTUM
1299 944 1612 988 ECCLESIE
1654 945 2139 1000 DESERUERUNT,
2187 949 2267 992 ET
2337 949 2507 1002 QUOD
2577 927 2701 996 NON
2745 954 3076 1000 OPORTEAT
3131 957 3466 1003 SACBABUM
3536 962 3720 1007 SCRI—

516 1041 860 1086 PTURABUM
903 1041 1166 1086 TITULOS
1213 1043 1788 1101 PBETEBMITTERE,
1851 1045 1932 1087 ET
1973 1045 2038 1088 IN
2083 1047 2570 1096 INSCRIPTIONEM
2615 1054 2901 1113 ALTABIS,
2947 1057 3029 1100 ΕΤ
3069 1057 3133 1102 IN
3189 1060 3397 1104 NUPER
3457 1063 3711 1107 ιιιυιιι-

517 1144 736 1188 ΝΑτοε.

1950 1213 2044 1257 60

505 1352 554 1404 l.
598 1346 736 1416 Quid
767 1346 868 1402 hoc
896 1347 996 1402 sibi
1047 1346 1193 1402 vult?
1243 1346 1360 1413 Quo
1407 1345 1561 1401 nobis
1606 1344 1735 1401 festa
1784 1344 2012 1401 ulterius

431 1439 864 1512 progrediuntur,
897 1453 962 1492 eo
1007 1438 1241 1492 minores
1267 1437 1508 1492 collecta:
1555 1437 1707 1493 ﬁunt.
1736 1435 1812 1493 Ne
1837 1446 2012 1493 tamen

430 1533 632 1587 idcirco
674 1529 886 1586 desides
930 1530 1098 1584 simus
1128 1542 1227 1582 nos
1265 1528 1356 1597 qui
1401 1528 1655 1582 adsumus
1689 1544 1702 1580 :
1752 1525 2013 1596 siquidem

397 1654 401 1659 ι
429 1625 667 1680 minores
699 1621 932 1688 ﬁunt,si
984 1619 1375 1674 multitudinem
1410 1627 1651 1689 spectes;
1685 1618 1730 1672 si
1767 1617 2016 1673 alacrita-

427 1726 537 1770 tem
562 1714 747 1780 animi,
766 1728 869 1767 non
897 1712 1026 1766 ﬁunt
1049 1712 1319 1766 minores:
1349 1726 1572 1766 numero
1601 1710 1734 1765 liunt
1757 1710 2014 1777 minores,

431 1823 538 1863 non
566 1806 780 1861 all‘ectu.
810 1804 978 1861 Porro
995 1803 1194 1859 idcirco
1221 1803 1551 1868 minuuntur,
1585 1811 1642 1857 ut
1665 1803 1751 1873 qui
1781 1804 1832 1857 in
1865 1802 2016 1859 vobis

431 1899 794 1976 probatisunt,
811 1896 1074 1951 manifesti
1096 1895 1244 1960 ﬁant,
1264 1903 1319 1949 et
1343 1895 1560 1965 quinam
1585 1909 1652 1949 ex
1675 1893 2016 1949 consuetudi-

429 1992 770 2065 ne,quinam
800 1990 1100 2046 divinorum
1144 1989 1479 2059 eloquiorum
1523 1987 1846 2058 cupiditate,
1898 1988 2014 2058 qni-

428 2100 552 2140 nam
601 2083 844 2140 lectionis
873 2081 1162 2152 spiritualis
1208 2080 1475 2136 desiderio
1499 2080 1641 2136 ducti
1667 2081 1733 2135 ad
1780 2096 2009 2136 annuam

425 2175 686 2231 ventitent
709 2173 1099 2230 solemnitatem
1121 2212 1136 2238 ,
1163 2172 1416 2227 sciamus.
1463 2171 1791 2227 Prtecedenti
1835 2171 2013 2226 domi-

425 2267 542 2323 nica
571 2267 761 2322 civitas
804 2265 891 2320 hic
931 2263 1120 2320 aderat
1142 2265 1388 2318 universa
1408 2303 1425 2328 ,
1477 2262 1633 2333 plena
1661 2270 1815 2316 erant
1832 2271 2005 2332 septa,

423 2367 479 2412 et
503 2357 785 2412 multitudo
815 2355 1128 2411 recedentes
1159 2353 1350 2410 ﬂuctus
1377 2363 1538 2424 atque
1566 2352 1856 2409 redeuntes
1883 2352 2009 2408 imi-

425 2449 677 2504 tabatur:
718 2448 811 2501 sed
840 2446 970 2502 milti
1001 2447 1251 2501 ﬂuctibus
1302 2445 1406 2500 illis
1434 2445 1667 2515 optatior
1711 2453 1767 2499 et
1812 2446 2012 2513 gratior

423 2549 507 2594 cst
538 2537 888 2606 tranquillitas
908 2546 1116 2602 vestra;
1147 2535 1314 2606 pluris
1341 2551 1442 2606 ego
1468 2537 1602 2589 facio
1627 2535 1861 2604 quietem
1921 2547 2014 2588 ve-

425 2639 615 2694 stram,
636 2641 795 2700 quam
816 2628 1104 2682 tumultum
1123 2636 1180 2681 et
1196 2625 1377 2680 turbas
1406 2625 1540 2680 illas.
1563 2625 1698 2680 Tum
1729 2633 2010 2693 przrscntta

424 2722 767 2777 dinumerare
795 2735 1016 2791 corpora
1043 2719 1256 2786 licebat,
1280 2732 1421 2773 nunc
1444 2716 1666 2773 allectus
1688 2719 1874 2786 plenos
1894 2717 2010 2787 pie-

423 2812 567 2866 tatis.
596 2811 652 2868 Si
678 2811 798 2881 quis
820 2810 959 2866 hanc
985 2825 1280 2881 paucorum
1305 2808 1581 2864 hominum
1619 2807 1929 2874 collectam,
1957 2818 2013 2864 et

421 2919 486 2958 ex
516 2902 837 2973 pauperibus
867 2902 1054 2972 majori
1079 2917 1146 2957 ex
1185 2908 1336 2972 parte
1361 2908 1695 2957 constantem
1716 2941 1733 2965 ,
1781 2909 1834 2955 et
1861 2899 2008 2955 illam

422 2996 708 3050 multorum
762 2993 1036 3048 hominum
1081 3008 1150 3048 ex
1191 2991 1444 3048 divitibus
1494 2989 1698 3061 majore
1735 3005 1802 3046 ex
1858 3000 2009 3061 parte

419 3087 702 3142 conﬂatam
723 3128 738 3150 .
765 3087 811 3142 si
855 3086 976 3156 quis
1005 3095 1253 3157 utrasque
1281 3084 1532 3140 collectas
1571 3085 1704 3140 istas
1739 3094 2007 3154 tamquam

422 3180 476 3234 iu
523 3178 715 3233 trutina
763 3186 816 3233 et
843 3185 1037 3232 statera
1088 3175 1387 3246 ponderare
1407 3175 1666 3241 voluerit,
1701 3175 1837 3228 hanc
1861 3189 2013 3230 com-

421 3269 592 3341 periet
646 3267 1076 3338 przepondcrare.
1107 3267 1438 3336 Quamquam
1485 3266 1659 3332 enim,
1713 3265 1757 3321 si
1801 3265 2008 3322 numeri

419 3365 557 3419 ratio
586 3361 865 3428 habeatur,
893 3359 1130 3415 minores
1151 3359 1280 3414 estis
1312 3375 1326 3414 ε
1358 3359 1402 3414 si
1449 3368 1625 3413 tamen
1666 3357 2008 3428 cupiditatem

417 3455 775 3524 aﬂ'ectumque
793 3460 1113 3523 spectemus,
1142 3451 1311 3522 pluris
1339 3450 1567 3508 faciendi
1584 3451 1734 3506 estis.
1767 3450 1842 3506 lta
1869 3451 1927 3506 ﬁt
1955 3451 2008 3507 in

420 3547 601 3611 rebus,
632 3561 752 3616 quae
797 3543 1159 3616 ponderantur
1197 3560 1210 3597 :
1239 3543 1283 3598 si
1329 3543 1449 3613 quis
1471 3543 1660 3600 decem
1687 3557 1880 3599 aureos
1899 3552 2007 3598 sta-

419 3651 565 3694 teras
592 3646 802 3704 sumat,
835 3645 891 3692 et
932 3635 984 3690 in
1017 3650 1119 3690 una
1146 3636 1295 3690 lance
1338 3635 1606 3706 deponat,
1638 3649 1702 3691 ac
1725 3635 1919 3691 deinde
1950 3635 2003 3690 in

417 3736 584 3788 altera
612 3741 827 3786 centum
853 3743 1027 3784 :rreos
1055 3743 1329 3793 nummos;
1364 3726 1616 3783 trutinam
1645 3727 1856 3798 quidem
1881 3741 2007 3781 cen-

417 3836 528 3880 tum
581 3822 707 3878 a-rri
763 3822 965 3877 nummi
1009 3821 1260 3877 deorsum
1297 3819 1365 3875 ad
1392 3835 1454 3877 se
1493 3819 1742 3884 trahunt,
1771 3827 2004 3874 attamen

415 3915 563 3972 aurei
602 3915 786 3972 decem
814 3914 886 3969 illi
916 3929 1041 3970 cum
1070 3911 1250 3969 habita
1281 3912 1489 3967 ratione
1519 3911 1756 3967 materia:
1794 3911 2005 3980 gravio-

415 4025 504 4064 res
527 4009 634 4063 sint
659 4022 724 4062 ac
765 4005 1106 4077 pretiosiores
1129 4045 1145 4070 ,
1174 4012 1380 4057 natura:
1421 4017 1533 4057 sua:
1558 4001 1814 4070 dignitate
1861 4015 2002 4069 prte-

415 4101 734 4170 ponderant.
782 4097 963 4166 itaque
992 4096 1106 4150 ﬁeri
1133 4101 1343 4162 potest,
1375 4092 1542 4159 utqui
1571 4091 1721 4158 pauci
1756 4100 1880 4144 sunt
1903 4106 2004 4144 nu-

413 4206 568 4247 mero
586 4229 602 4255 ,
627 4188 795 4258 pluris
833 4183 1058 4239 faciendi
1086 4183 1194 4236 sint
1219 4189 1274 4236 et
1308 4181 1546 4234 utiliores
1573 4180 1871 4234 habeantur
1900 4179 2004 4235 illis

413 4283 505 4355 qui
545 4293 769 4336 nume-ro
792 4276 942 4331 multi
983 4275 1109 4329 sint.
1140 4271 1245 4328 Sed
1274 4271 1402 4342 quid
1431 4285 1530 4342 ego
1559 4269 1711 4324 vobis
1760 4271 2003 4340 exempla

417 4373 631 4445 profero
671 4385 702 4425 a
730 4367 890 4424 rebus
914 4364 1184 4422 consuetis
1210 4363 1432 4434 repetita
1451 4403 1466 4428 ,
1495 4375 1616 4417 cum
1640 4360 1809 4432 ipsam
1838 4375 1866 4414 a
1896 4360 2004 4414 Deo

415 4464 676 4535 prolatam
721 4457 1038 4517 sententiam
1090 4464 1335 4528 oporteat
1386 4455 1440 4510 in
1501 4453 1736 4510 medium
1781 4453 2003 4508 aﬂ'erri?

413 4557 550 4626 Quid
577 4555 734 4627 igitur
761 4554 846 4609 illa
872 4551 1036 4607 dicit?
1061 4549 1246 4605 Melior
1269 4558 1345 4603 est
1390 4563 1522 4600 unus
1546 4546 1740 4619 faciens
1767 4547 2004 4600 uolunta-

415 4662 515 4705 tem
541 4647 776 4713 Domini,
808 4661 960 4714 quam
979 4640 1232 4696 innumeri
1261 4639 1669 4711 prauaricatores
1692 4635 1880 4706 (Eccli.
1909 4637 1997 4692 16.

414 4742 493 4812 ὖ).
529 4739 618 4794 Est
643 4738 821 4802 enim,
849 4743 932 4790 est
956 4747 1100 4804 saepe
1143 4746 1280 4786 unus
1303 4730 1466 4784 homo
1494 4728 1787 4783 innumeris
1839 4719 2005 4798 tequi-

415 4832 701 4905 parandus.
732 4827 869 4898 Quid
897 4828 1016 4882 dico
1044 4841 1206 4880 unum
1239 4823 1515 4878 hominem
1567 4821 1738 4876 solum
1769 4821 2006 4890 a-quipa-

412 4927 640 4986 randum
668 4920 998 4980 innumeris?
1023 4921 1130 4975 imo
1158 4927 1270 4974 toto
1290 4918 1421 4973 orbe
1462 4925 1724 4972 terrarum
1749 4915 1926 4969 utilior
1949 4920 2005 4967 et

413 5018 696 5089 pretiosior
737 5022 1006 5070 censetur.
1054 5013 1230 5079 Atque
1261 5008 1417 5078 hujus
1444 5008 1520 5063 rei
1552 5006 1909 5061 testimonium
1935 5020 2002 5059 ex

414 5107 566 5164 Pauli
598 5104 779 5160 verbis
809 5100 1110 5157 mutuabor.
1142 5100 1274 5152 Cum
1304 5098 1447 5152 enim
1486 5097 1760 5152 hominum
1801 5110 2002 5165 panpe-

415 5215 573 5265 rum,
619 5205 934 5252 vexatorem
962 5233 979 5259 ,
1025 5192 1445 5262 exagitatorum,
1495 5189 1811 5245 afﬂictarum
1853 5203 2001 5244 men-

418 5297 616 5352 tionem
664 5287 900 5351 fecisset,
931 5283 1168 5353 adjecit:
1199 5281 1518 5338 Circuierunt
1571 5280 1625 5334 in
1672 5279 1904 5347 metatis,
1949 5281 2003 5333 iu

413 5386 630 5450 pellibus
681 5379 923 5453 caprinis,
963 5382 1180 5447 egentes,
1228 5372 1533 5444 augustiati,
1579 5373 1749 5442 amicti
1769 5413 1783 5435 ,
1823 5370 2003 5442 quibus

416 5483 600 5551 dignus
625 5494 725 5534 non
752 5483 859 5531 erat
900 5471 1116 5528 mundus
1145 5468 1302 5540 (Πρὸ.
1329 5468 1416 5525 Ii.
1449 5467 1537 5523 37.
1563 5468 1678 5535 38).
1725 5466 1861 5535 Quid
1891 5463 2004 5520 ais?

414 5571 727 5626 llominibus
751 5565 1029 5638 egentibus
1049 5604 1065 5631 ,
1108 5560 1340 5629 afﬂictis,
1372 5559 1568 5630 patrias
1593 5557 1746 5614 sedes
1776 5572 1879 5613 non
1912 5556 2006 5610 ha-

416 5659 665 5718 bentibus
691 5658 877 5722 dignus
907 5671 1013 5714 non
1061 5665 1176 5713 erat
1219 5649 1486 5710 mundus?
1514 5649 1629 5717 Eon
1675 5649 1820 5707 vides
1846 5665 2002 5722 quatit

2130 1363 2329 1420 paucos
2353 1360 2458 1408 tam
2511 1354 2691 1412 multis
2717 1359 3070 1428 apposueris?
3096 1360 3278 1430 Video,
3302 1363 3491 1434 inquit,
3516 1376 3569 1420 et
3596 1366 3720 1422 ideo

2125 1439 2234 1496 dixi
2272 1443 2527 1499 mundum
2553 1445 2662 1502 illis
2709 1463 2814 1503 non
2845 1448 3010 1506 fuisse
3037 1450 3296 1522 dignum:
3339 1464 3462 1509 nota
3510 1458 3712 1526 quippe

2125 1533 2258 1590 mihi
2283 1544 2366 1590 est
2396 1537 2774 1595 numismatum
2802 1544 3026 1596 istorum
3055 1553 3263 1598 natura.
3291 1545 3347 1601 Si
3380 1554 3576 1601 terram
3608 1563 3711 1618 po-

2125 1640 2306 1694 suero,
2358 1645 2525 1698 mare,
2553 1646 2727 1704 reges,
2776 1633 3077 1701 praefectos,
3099 1643 3154 1691 et
3184 1645 3346 1691 totam
3367 1639 3584 1693 omnino
3615 1654 3716 1694 na-

2125 1724 2298 1772 turam
2337 1717 2654 1792 humanam,
2682 1728 2736 1777 et
2758 1721 2895 1778 duos
2927 1733 3101 1779 tresve
3129 1741 3391 1796 pauperes
3430 1727 3512 1782 his
3541 1744 3717 1799 oppo-

2122 1823 2303 1878 suero,
2334 1812 2666 1869 conlidenter
2714 1830 2952 1872 asseram
3007 1817 3145 1884 fore,
3201 1828 3260 1873 ut
3304 1836 3575 1890 pauperes
3625 1821 3712 1875 isti

2122 1903 2568 1972 preponderent-
2606 1905 2757 1972 Quod
2785 1907 2828 1962 si
2874 1907 2947 1961 illi
2972 1923 3002 1962 e
3027 1909 3214 1978 patriis
3234 1910 3448 1964 sedibus
3470 1912 3714 1981 expelle-

2123 1991 2336 2060 bantur,
2377 2005 2554 2050 tamen
2594 1997 2819 2067 patriam
2866 2011 3152 2069 supernam
3196 1999 3488 2056 Jerusalem
3541 2003 3711 2059 habe-

2123 2081 2271 2138 bant.
2293 2083 2349 2138 lu
2379 2096 2691 2155 paupertate
2717 2089 2880 2142 vitam
2924 2089 3189 2160 agebant;
3215 2100 3270 2145 at
3297 2093 3490 2161 pietate
3516 2092 3710 2148 divites

2120 2180 2294 2226 erant.
2321 2172 2636 2230 Hominibus
2655 2186 2810 2231 erant
2833 2178 3027 2244 odiosi,
3056 2187 3110 2233 at
3153 2180 3262 2234 Deo
3290 2182 3450 2250 grati.
3481 2181 3709 2250 Quinam

2121 2261 2196 2317 illi
2240 2277 2400 2332 porro
2438 2265 2604 2320 sunt?
2633 2265 2840 2334 Helias,
2872 2267 3120 2339 Elisaaus,
3172 2278 3228 2324 et
3273 2270 3412 2325 illius
3451 2272 3708 2341 temporis

2119 2367 2326 2408 omnes.
2358 2353 2542 2428 Neque
2589 2372 2716 2412 vero
2761 2357 2814 2413 id
2856 2368 3101 2428 spectes,
3152 2360 3295 2432 quod
3341 2378 3409 2418 ne
3453 2365 3707 2420 alimenta

2117 2443 2334 2513 quidem
2358 2445 2460 2501 illis
2486 2449 2787 2503 necessaria
2807 2451 3164 2519 suppetebant
3186 2469 3200 2505 :
3223 2461 3278 2506 at
3297 2452 3438 2523 quod
3454 2468 3514 2508 es
3541 2454 3709 2510 llelite

2117 2536 2307 2590 caelum
2332 2537 2584 2594 clauserit
2611 2549 2666 2594 et
2691 2542 3001 2612 aperuerit,
3019 2543 3242 2616 ejusque
3295 2545 3491 2602 melote
3515 2546 3709 2602 Jorda-

2117 2641 2240 2682 nem
2261 2638 2410 2684 retro
2433 2628 2659 2686 ﬂexerit.

2190 2718 2458 2776 [auehitur
2501 2723 2554 2777 in
2584 2740 2667 2778 eos
2693 2726 2780 2795 qui
2805 2728 3105 2795 spectaculis
3143 2729 3411 2784 intersunt.
3440 2761 3513 2770 —
3535 2730 3708 2800 Atque

2117 2808 2232 2866 lsa-c
2256 2827 2376 2866 cum
2406 2813 2538 2869 mihi
2565 2815 2783 2870 veniunt
2804 2817 2854 2870 in
2886 2829 3118 2874 mentem
3137 2861 3151 2883 ,
3183 2821 3419 2890 gaudeo,
3443 2831 3499 2876 et
3513 2821 3702 2876 doleo:

2115 2902 2321 2973 gaudeo
2345 2905 2562 2975 quidem
2608 2916 2822 2978 propter
2874 2925 2970 2965 vos
3012 2912 3098 2980 qui
3129 2911 3360 2966 adestis:
3391 2912 3547 2966 doleo
3579 2927 3707 2968 vero

2114 3001 2334 3063 propter
2359 3010 2452 3052 eos
2481 2997 2570 3067 qui
2593 2998 2786 3053 absunt
2816 3017 2830 3053 :
2852 2998 3011 3054 doleo
3037 2999 3206 3064 valde,
3231 2999 3557 3069 molesteque
3584 3001 3706 3058 fero

2114 3095 2170 3138 et
2190 3085 2355 3142 corde
2395 3097 2664 3143 conteror.
2695 3089 2824 3154 Quis
2855 3089 2996 3143 enim
3015 3097 3097 3144 est
3125 3089 3260 3143 adeo
3283 3104 3472 3144 sensus
3501 3090 3706 3149 doloris

2114 3189 2342 3245 expers,
2394 3186 2583 3232 utnon
2624 3178 2947 3233 doleatcum
2997 3180 3049 3233 in
3077 3195 3138 3235 ea
3168 3195 3286 3250 quae
3333 3179 3399 3236 ad
3427 3181 3699 3238 diabolum

2114 3267 2414 3336 pertinent,
2457 3268 2574 3337 plus
2625 3267 2785 3323 studii
2813 3269 3048 3325 conferri
3095 3273 3311 3327 cernat?
3339 3273 3499 3343 Atqui
3556 3275 3702 3328 nulla

2112 3370 2238 3427 spes
2267 3359 2433 3412 venia:
2453 3358 2607 3413 nobis
2631 3359 2713 3414 vel
2738 3362 3099 3418 excusationis
3118 3363 3318 3435 reliqua
3343 3375 3517 3432 esset,
3548 3367 3591 3421 si
3615 3367 3700 3421 vel

2113 3450 2318 3521 aequale
2342 3449 2575 3507 studium
2602 3451 2934 3508 conferretur
2962 3472 2978 3509 :
3007 3469 3128 3510 cum
3153 3465 3330 3511 autem
3355 3459 3514 3512 etiam
3544 3460 3701 3529 longe

2112 3550 2365 3612 superet,
2416 3542 2537 3613 quis
2571 3543 2726 3599 nobis
2771 3543 3099 3601 defensionis
3141 3547 3291 3602 locus
3343 3548 3702 3619 relinquitur?

2112 3633 2362 3700 Quotidie
2382 3650 2480 3690 nos
2509 3635 2733 3692 invitant
2759 3639 3084 3708 spectacula,
3104 3654 3203 3695 nec
3226 3639 3367 3695 ullus
3397 3641 3698 3710 pigritatur,

2111 3724 2289 3779 nullus
2309 3734 2390 3778 est
2418 3725 2508 3795 qui
2548 3736 2860 3793 cunctetur;
2895 3729 3074 3784 nullus
3102 3739 3185 3785 est
3225 3731 3316 3800 qui
3367 3731 3696 3801 negotiorum

2109 3815 2487 3886 occupationes
2524 3816 2778 3872 obtendat
2809 3859 2824 3884 ,
2877 3817 2972 3874 sed
3027 3827 3293 3890 tamquam
3345 3821 3574 3891 expediti
3643 3829 3700 3874 et

2108 3907 2254 3963 omni
2305 3921 2435 3963 cura
2476 3907 2636 3964 soluti
2679 3918 2963 3964 accurrunt
2994 3925 3182 3965 omnes
3229 3927 3244 3963 :
3293 3926 3396 3964 non
3449 3911 3698 3965 canitiem

2109 4013 2276 4054 senex
2306 4010 2600 4066 reveretur,
2624 4015 2731 4055 non
2752 4001 2998 4056 ardorem
3026 4011 3229 4057 natura:
3256 4018 3319 4058 ac
3348 4003 3580 4057 libidinis
3605 4003 3694 4071 ju-

2108 4088 2265 4142 venis
2293 4097 2601 4156 suspectum
2633 4088 2826 4154 habet,
2859 4105 3030 4160 neque
3054 4090 3363 4161 dignitatem
3392 4107 3540 4146 suam
3571 4105 3698 4162 pro-

2108 4175 2207 4230 bro
2232 4191 2292 4230 se
2310 4175 2526 4232 afﬁcere
2549 4185 2733 4232 censet
2757 4179 3059 4248 opulentus.
3090 4181 3160 4236 At
3185 4183 3230 4236 si
3259 4182 3470 4252 quidem
3497 4181 3562 4235 ad
3602 4196 3698 4235 ee-

2108 4267 2325 4320 clesiam
2352 4267 2670 4323 veniendum
2699 4269 2797 4337 sit,
2823 4272 2972 4342 quasi
2993 4287 3058 4328 ex
3080 4273 3260 4342 aliquo
3287 4273 3501 4329 sublimi
3527 4273 3696 4344 gradu

2108 4369 2162 4414 et
2189 4359 2393 4416 honore
2421 4359 2773 4418 desiliendum
2800 4364 2904 4430 sit,
2927 4365 2997 4419 ita
3024 4365 3302 4436 pigritatur
3322 4376 3375 4422 et
3399 4376 3612 4438 torpet,
3643 4375 3699 4422 et

2111 4451 2326 4507 inﬂatur
2349 4451 2545 4510 deinde
2566 4496 2582 4521 ,
2633 4456 2782 4526 quasi
2813 4457 3082 4527 quidpiam
3105 4458 3261 4512 fuerit
3290 4459 3404 4514 Deo
3425 4458 3648 4529 largitus
3677 4475 3694 4513 :

2107 4559 2231 4600 cum
2259 4559 2387 4602 vero
2424 4557 2674 4617 properat
2718 4548 2785 4603 ad
2835 4549 3133 4617 theatrum,
3195 4549 3283 4605 ubi
3329 4560 3453 4605 sunt
3501 4550 3697 4605 lasciva

2107 4639 2409 4708 spectacula
2451 4647 2507 4694 et
2551 4650 2887 4705 acroamata,
2940 4657 3046 4696 non
3100 4642 3370 4696 existimat
3412 4656 3470 4698 se
3501 4642 3710 4714 probro

2107 4732 2344 4802 seipsum
2375 4732 2596 4788 afﬁcere
2617 4775 2634 4800 ,
2680 4749 2786 4788 non
2813 4733 3024 4788 divitias
3047 4749 3172 4788 suas
3197 4749 3295 4789 nec
3341 4734 3692 4789 nobilitatem.

2105 4822 2256 4878 Scire
2279 4837 2530 4894 cuperem
2551 4863 2567 4888 ,
2612 4823 2700 4878 ubi
2732 4839 2874 4877 nunc
2918 4823 3059 4888 sint,
3091 4825 3178 4893 qui
3204 4834 3311 4879 tum
3360 4825 3455 4879 illo
3483 4825 3570 4878 die
3599 4838 3700 4878 nos

2109 4915 2529 4971 interturbahant
2561 4958 2578 4979 ,
2604 4916 2864 4986 siquidem
2912 4916 3281 4973 interturbatio
3306 4917 3552 4987 quzedam
3581 4925 3700 4971 erat

2115 5008 2351 5078 ipsorum
2375 5007 2659 5077 praesentia
2685 5024 2700 5062 :
2727 5007 2866 5062 scire
2895 5022 3146 5078 cuperem
3181 5007 3306 5078 quid
3334 5023 3477 5063 nunc
3505 5016 3694 5078 agant,

2107 5098 2234 5168 quid
2263 5099 2446 5153 utilius
2489 5098 2608 5165 bis,
2652 5113 2771 5168 quae
2799 5099 2952 5155 nobis
2971 5109 3097 5154 sunt
3122 5115 3232 5171 pra:
3261 5101 3506 5155 manibus
3527 5141 3543 5165 ,
3575 5099 3697 5154 illos

2107 5199 2350 5260 occupet.
2381 5189 2492 5245 lmo
2539 5191 2680 5245 nulla
2702 5193 2983 5263 occupatio
3022 5192 3140 5248 illos
3159 5191 3397 5258 detinet,
3427 5191 3521 5248 sed
3549 5193 3696 5248 solus

2109 5282 2293 5338 fastus.
2343 5281 2462 5350 Quo
2488 5281 2613 5350 quid
2642 5281 2882 5338 insanius
2934 5282 3104 5339 videri
3134 5281 3346 5354 potest?
3378 5283 3492 5338 Cur
3511 5283 3653 5338 enim
3673 5321 3693 5346 ,

2105 5387 2289 5443 quaeso
2307 5415 2323 5439 ,
2353 5371 2633 5444 magniﬁce
2654 5388 2718 5429 ac
2736 5375 2968 5445 superbe
3004 5373 3074 5430 de
3100 5385 3152 5430 te
3171 5375 3372 5443 sentis,
3398 5377 3473 5433 mi
3501 5373 3696 5432 homo?

2110 5471 2266 5533 teque
2293 5463 2446 5518 nobis
2471 5463 2756 5534 gratiﬁcari
2781 5477 2972 5519 censes
2990 5506 3006 5530 ,
3028 5465 3076 5522 si
3104 5480 3226 5522 cum
3256 5469 3361 5524 huc
3377 5469 3590 5524 veneris
3613 5477 3698 5521 ιιι

2109 5552 2318 5618 lendas,
2350 5562 2405 5609 et
2428 5569 2546 5624 qua:
2574 5553 2640 5608 ad
2683 5554 2911 5610 salutem
2938 5557 3131 5612 anima:
3174 5567 3276 5613 tua:
3302 5560 3567 5629 pertinent
3593 5573 3689 5613 su-

2109 5647 2259 5704 dias?
2284 5661 2442 5717 quant
2474 5643 2544 5703 ob
2569 5660 2816 5714 causam,
2863 5662 3066 5720 quaeso,
3109 5659 3165 5706 ct
3206 5651 3360 5723 cujus
3401 5651 3476 5709 rei
3525 5646 3694 5724 grati-1
