4066 6274
322 291 491 348 (κδ-ιη

885 289 948 345 IN
989 287 1520 346 INSCR'PTIONEM
1562 286 1863 344 ΑἰτωλὶΙὸ
1896 288 1986 344 ΕΤ
2026 287 2092 344 IN
2131 284 2529 344 PRINCIPIUM
2575 282 2930 342 ACTORUM.
2973 281 3015 338 1.

3402 275 3574 338 66-68

1604 752 1822 830 “8‘5”
1896 769 2060 853 ΟΜ
2067 765 2285 853 [AIA

392 1032 550 1102 Πρὸς
580 1032 726 1100 τοὺς
754 1031 1306 1102 ἐγκατακείψαντας
1337 1030 1452 1098 τὴν
1493 1029 1755 1094 σύναξιν
1789 1031 1902 1099 τῆς
1974 1033 2361 1102 Ἐκκλησίας,
2387 1034 2483 1089 καί
2511 1036 2599 1101 είς
2630 1035 2696 1089 τὸ
2726 1035 2814 1106 μὴ
2873 1037 3275 1107 παρατρέχειν
3315 1039 3422 1105 τὰς
3449 1040 3581 1094 ἐπι-

495 1127 730 1200 γραφὰς
757 1124 875 1181 τῶν
906 1124 1080 1180 θείων
1109 1122 1392 1194 Γραφῶν,
1413 1123 1512 1178 καὶ
1540 1126 1629 1192 εὶς
1651 1124 2073 1198 τὸσέπίγραμμα
2102 1127 2209 1183 τοῦ
2235 1127 2467 1197 βωμοῦ,
2492 1127 2588 1182 καὶ
2620 1128 2708 1194 είς
2736 1128 2880 1196 τοὺς
2900 1131 3362 1199 νεοφωτίστους.

384 1661 451 1722 α’.
475 1659 541 1717 τί
561 1660 748 1726 τοῦτος
777 1663 902 1716 ὅσον
927 1663 1178 1734 προΐασιν
1202 1663 1332 1735 ἡμῖν
1353 1664 1410 1717 al
1437 1664 1678 1735 ἑορτάν,
1703 1662 1894 1718 τοσοῦ-

313 1762 404 1799 τον
431 1745 523 1799 καὶ
537 1746 590 1799 αἱ
609 1745 860 1810 συνάξεις
871 1745 1127 1810 ἐλάττους
1140 1747 1402 1815 γίνονται.
1439 1747 1600 1799 Ἀλλά
1635 1746 1710 1818 μὴ
1729 1746 1896 1819 ρᾳθυ-

317 1829 509 1898 μῶμεν
536 1830 699 1900 ἡμεῖς
727 1829 775 1881 οἱ
801 1829 1068 1900 παρόντες
1088 1846 1102 1860 ·
1132 1829 1391 1893 ἐλάττους
1423 1829 1520 1898 μέν
1549 1829 1790 1897 γίνονται
1817 1829 1894 1899 τῷ

314 1909 530 1981 πλήθει,
560 1911 664 1966 οὐκ
696 1911 951 1974 ἐλάττους
984 1911 1040 1965 δέ
1071 1915 1136 1982 τῇ
1167 1912 1477 1983 προθυμίᾳ·
1521 1912 1778 1977 ἐλάττους
1818 1911 1897 1982 τῷ

314 1992 550 2063 ἀριθμῷ,
573 1993 674 2047 οὐκ
706 1993 961 2057 ἐλάττους
989 1995 1047 2048 δὲ
1071 1987 1149 2065 τῷ
1183 1995 1351 2065 πόθῳ.
1398 1994 1683 2058 Ἐλάττους
1714 1994 1898 2062 γίνονη

313 2100 424 2146 ται,
459 2085 546 2138 ἴνα
587 2086 638 2138 οί
675 2084 888 2155 δόκιμοι
929 2087 1156 2156 φανεροὶ
1187 2086 1452 2154 γένωνται
1503 2088 1562 2140 ἐν
1598 2087 1762 2156 ὑμῖν,
1801 2087 1898 2140 καὶ

313 2167 614 2238 μάθωμεν,
666 2167 811 2231 τίνες
863 2169 961 2238 μέν
1006 2168 1301 2240 συνηθείᾳ,
1339 2168 1484 2231 τίνες
1536 2169 1593 2222 δέ
1630 2168 1897 2241 ἐπιθυμίᾳ

310 2248 469 2302 θείων
531 2249 728 2318 λογίων
790 2250 1184 2321 παραγίνονται
1243 2251 1311 2304 δι’
1354 2250 1626 2304 ἐνιαυσίου
1679 2252 1891 2323 ἑορτῆς,

308 2330 452 2395 τίνες
509 2330 780 2402 ἐπιθυμία
831 2331 1150 2400 ἀκροάσεως
1199 2333 1598 2404 πνευματικῆς.
1657 2335 1811 2386 Πᾶσα
1859 2335 1892 2404 ἡ

310 2413 465 2475 πόλις
486 2407 554 2484 ῆν
585 2413 818 2467 ἐνταῦθα
843 2416 907 2484 τῇ
941 2417 1184 2487 προτέρᾳ.
1209 2417 1471 2487 κυριακῇ,
1503 2417 1696 2484 μεστοὶ
1720 2418 1769 2469 οἱ
1799 2432 1891 2469 πε-

311 2495 534 2567 ρίϐολοι,
564 2497 659 2550 καὶ
683 2496 902 2567 κύματα
931 2497 1161 2552 ἀπιόντα
1193 2499 1287 2550 καὶ
1319 2497 1610 2550 ἐπανιόντα
1641 2499 1892 2569 ἐμιμεῖτο

310 2580 371 2632 τὸ
399 2578 620 2650 πλῆθος·
658 2579 774 2633 ἀλλ’
808 2581 934 2650 ἐμοὶ
958 2579 1068 2632 τῶν
1099 2582 1359 2650 κυμάτων
1389 2580 1614 2632 ἐκείνων
1650 2581 1892 2635 ποθεινός

308 2663 442 2734 τέρα
480 2664 777 2735 ήύμετέρα
811 2663 1042 2734 γαλήνη,
1081 2665 1203 2734 ἐμοὶ
1237 2662 1332 2717 τοῦ
1374 2663 1604 2734 θορύϐου
1652 2665 1744 2718 καὶ
1788 2664 1890 2735 τῆς

309 2747 557 2817 ταραχῆς
587 2747 800 2817 ἐκείνης
828 2746 1130 2818 τιμιωτέρα
1157 2745 1310 2817 ὐμῶν
1341 2749 1375 2817 ἡ
1408 2746 1630 2817 ἡσυχία.
1658 2747 1791 2800 Τότε
1820 2747 1892 2800 τὰ

311 2827 540 2898 σώματα
560 2824 627 2900 ἦν
651 2830 903 2900 ἀριθμεῖν
937 2828 1202 2898 παρόντα.
1227 2827 1325 2881 νῦν
1351 2830 1422 2882 τὰ
1451 2830 1776 2900 φρονήματα
1799 2829 1890 2882 εὐ-

309 2909 537 2973 λαϐείας
567 2911 825 2981 γέμοντα.
853 2909 920 2963 Εἴ
937 2927 1020 2974 τις
1045 2909 1142 2980 τὴν
1171 2909 1391 2974 σύναξιν
1417 2909 1622 2979 ταύτην
1650 2911 1749 2980 τὴν
1781 2909 1893 2964 ὀλι-

307 2991 633 3062 γάνθρωπον
677 2993 769 3046 καὶ
800 2995 860 3046 τὸ
896 2991 1058 3045 πλέον
1089 2995 1153 3046 ἐκ
1197 2993 1442 3060 πενήτων
1478 2996 1891 3063 συνεστηκυῖαν,

307 3074 570 3145 κάκείνην
621 3075 720 3146 τὴν
782 3074 1002 3139 σύνάξιν
1053 3073 1152 3146 τὴν
1208 3073 1636 3144 πολυάνθρωπον
1686 3076 1782 3129 καὶ
1832 3076 1894 3129 τὸ

309 3159 490 3212 πλεῖον
521 3157 628 3211 ἀπὸ
655 3157 926 3210 πλουσίων
958 3157 1496 3228 συγκεκροτημένην,
1529 3159 1583 3210 εί
1609 3175 1691 3221 τις
1714 3160 1893 3230 ἀμφο-

305 3241 472 3313 τέρας
502 3242 600 3304 τάς
643 3239 888 3306 συνάξεις
916 3239 1117 3302 ταύτας
1143 3240 1333 3312 ὥσπερ
1359 3243 1416 3294 ἐν
1451 3241 1602 3311 ζυγῴ
1635 3243 1728 3296 καὶ
1762 3261 1892 3296 στα-

308 3323 431 3394 θμῷ
471 3324 685 3394 θελήσει
727 3324 1061 3394 σταθμῆσαι,
1090 3323 1224 3395 εὕρῃ
1266 3323 1332 3377 ἂν
1363 3323 1567 3395 ταύτην
1595 3326 1888 3379 καθέλκου-

309 3424 430 3460 σαν.
466 3408 527 3460 EE
560 3408 668 3477 γάρ
709 3406 965 3470 ἐλάττους
1002 3405 1079 3476 τῷ
1113 3406 1369 3478 ἀριθμῷ,
1403 3407 1539 3460 ἀλλά
1575 3407 1889 3481 τιμιώτεροί

305 3491 428 3544 ἐστε
457 3491 524 3560 τῇ
557 3489 842 3560 ἐπιθυμίᾳ.
872 3488 1029 3543 Οῦτω
1069 3491 1161 3543 καὶ
1185 3491 1278 3542 ἐπὶ
1309 3489 1419 3542 τῶν
1448 3490 1772 3561 σταθμητῶν
1801 3491 1889 3558 γί-

305 3588 478 3625 νεται·
503 3571 597 3625 ἐάν
621 3571 752 3626 δέκα
775 3588 860 3635 τις
890 3571 1165 3641 στατῆρας
1201 3572 1423 3642 χρυσίου
1452 3572 1632 3624 λαϐὼν
1658 3574 1738 3634 είς
1762 3572 1890 3641 μίαν

307 3654 612 3726 κατάθηται
633 3655 965 3724 πλάστιγγα,
991 3650 1111 3707 εἶτα
1134 3657 1212 3718 είς
1231 3654 1331 3725 τὴν
1357 3653 1551 3724 ἐτέρσν
1579 3653 1890 3723 πλάστιγγα

306 3738 542 3809 χαλκοῦς
568 3738 791 3802 ἑκατὸν,
820 3740 870 3792 οί
917 3738 1016 3809 μέν
1055 3737 1247 3791 ἐκατὸν
1277 3736 1468 3807 χαλκοὶ
1498 3736 1634 3808 πρὸς
1665 3739 1890 3802 ἐαυτούς

305 3821 628 3876 καθέλκουσι
667 3822 767 3890 τὴν
797 3820 1068 3892 τρυτάνην
1089 3836 1102 3851 ·
1132 3823 1180 3872 of.
1212 3820 1268 3873 δέ
1301 3820 1432 3873 δέκα
1467 3821 1658 3891 χρυσοῖ
1688 3822 1753 3890 τῇ
1790 3821 1890 3890 τῆς

305 3903 521 3975 φύσεως
543 3904 782 3974 ὑπεροχῇ
817 3902 1081 3973 μειζόνως
1114 3901 1455 3965 ἀνθέλκουσι,
1488 3901 1771 3972 βαρύτεροι
1795 3903 1890 3955 καὶ

303 3985 622 4058 τιμιώτεροι
661 3985 816 4049 ὄντες
858 3985 998 4039 κατά
1028 3984 1118 4037 τὸν
1145 3985 1244 4056 τῆς
1287 3984 1473 4046 οὐσίας
1506 3985 1682 4053 λόγον.
1727 3986 1890 4038 Ὥστε

305 4072 454 4125 ἐστιν
498 4068 712 4138 ὀλίγους
745 4067 906 4131 δντας
935 4067 1014 4137 τῷ
1071 4067 1291 4138 ἀριθμῷ
1315 4109 1330 4134 ,
1365 4067 1475 4121 τῶν
1516 4068 1724 4121 πολλῶν
1751 4063 1891 4121 εἶναι

303 4151 662 4224 τιμιωτέρους
698 4150 791 4204 καὶ
836 4151 1316 4221 ἀναγκαιοτέρους.
1376 4150 1536 4203 Ἀλλά
1569 4149 1622 4203 τί
1665 4150 1794 4221 ύμῖν
1820 4150 1889 4204 τά

308 4235 727 4307 παραδείγματα
760 4234 868 4288 ἀπὸ
897 4233 1006 4286 τῶν
1054 4235 1110 4288 ἐν
1144 4236 1209 4305 τῇ
1253 4232 1510 4306 συνηθείᾳ
1553 4234 1703 4306 φέρω
1748 4251 1890 4306 πρα-

304 4319 552 4390 γμάτων,
581 4318 700 4371 δέον
726 4316 894 4388 αὐτὴν
918 4316 1010 4370 τοῦ
1040 4316 1175 4370 Θεοῦ
1203 4317 1302 4387 τὴν
1319 4317 1504 4387 ψῆφον
1528 4335 1597 4370 πε
1606 4319 1658 4390 ρί
1683 4316 1888 4372 τούτων

307 4404 650 4474 παραγαγεῖν
713 4401 1189 4470 ἀποφαινομένηνς
1241 4400 1306 4453 Τί
1365 4397 1459 4455 οὖν
1515 4399 1657 4471 αῦτη
1717 4401 1849 4470 φησί
1869 4418 1885 4467 ;

307 4486 617 4554 Βρείσσων
635 4480 720 4551 εἷς
750 4483 938 4538 ποιῶν
962 4484 1027 4537 τὸ
1051 4483 1280 4552 θέλημα
1303 4483 1412 4538 τοῦ
1441 4483 1682 4552 Κυρίου,
1714 4483 1752 4552 ἢ
1775 4502 1887 4553 μυ·

305 4571 416 4636 ρίοι
444 4567 793 4638 παράνομοι.
824 4568 980 4620 Ἔστι
1009 4567 1139 4638 γάρ,
1171 4565 1286 4619 ἐστι
1316 4565 1577 4629 πολλάκις
1602 4565 1888 4637 ἄνθρωπος

306 4647 387 4716 εἷς
424 4653 636 4723 μυρίων
662 4647 932 4713 ἀντάξιος.
963 4651 1074 4704 Καὶ
1097 4649 1150 4702 τί
1179 4647 1345 4717 λέγω,
1378 4647 1525 4702 ἐστιν
1563 4643 1644 4712 εἷς
1674 4649 1886 4720 ἀνθρω-

307 4754 407 4800 πος
442 4735 650 4809 μυρίων
671 4735 920 4800 ἀντάξιος
949 4734 1142 4805 μόνος;
1165 4733 1302 4787 ἀλλά
1323 4731 1535 4803 καὶτῆς
1562 4732 1888 4803 οἰκουμένης

306 4819 728 4892 ἀναγκαιότερος
756 4820 852 4873 καὶ
886 4816 1002 4890 [51]
1035 4817 1382 4889 τιμιώτερος.
1413 4816 1524 4869 Καὶ
1553 4816 1743 4870 τούτου
1789 4817 1887 4888 τὴν

309 4904 612 4976 μαρτυρίαν
661 4902 769 4958 ἀπὸ
817 4901 926 4955 τῶν
975 4900 1188 4954 Παύλου
1252 4899 1514 4972 ῥημάτων
1567 4901 1884 4970 ποιήσομαι.

319 4984 647 5056 Ἀνθρὼπων
690 4982 799 5054 γάρ
854 4979 1112 5053 μνησθεὶς
1160 4980 1435 5050 πενήτων,
1471 4979 1882 5050 ἐλαυνομένων,

305 5067 660 5137 θλιϐομένων,
690 5063 1167 5135 κακουχουμένων,
1197 5060 1340 5115 οὓτω
1363 5062 1496 5132 φησί
1512 5077 1525 5091 ·
1550 5061 1887 5130 Περιῆλθον

305 5153 373 5204 ἐν
391 5147 716 5220 μηλωταῖς,
740 5149 810 5201 ἐν
830 5147 1072 5218 αίγείοις
1095 5145 1405 5214 δέρμασιν,
1435 5145 1882 5214 ὑστερούμενοι,

305 5233 673 5302 θλιϐόμενοι,
709 5230 1200 5300 κακουχούμενοι,
1235 5221 1322 5281 ὧν
1364 5228 1477 5281 οὐκ
1524 5223 1605 5296 ἦν
1637 5227 1798 5293 ἄξιος
1851 5229 1885 5282 ό

307 5317 556 5386 κόσμος.
591 5314 658 5367 Τί
694 5313 901 5383 λέγεις;
930 5311 1037 5365 τῶν
1070 5309 1514 5381 ὐστερουμένων,
1547 5309 1656 5363 τῶν
1689 5327 1884 5364 κακου-

308 5397 617 5472 χουμένων,
648 5397 755 5450 τῶν
789 5397 889 5450 οὐκ
916 5395 1150 5467 ἐχόντων
1192 5392 1426 5464 πατρίδα
1451 5392 1551 5446 οὐκ
1575 5388 1643 5464 ἦν
1677 5392 1826 5458 ἄξιος
1854 5394 1883 5446 0

368 5621 396 5651 ⁸
421 5619 534 5671 CM.
560 5619 823 5682 Valigamls
859 5617 970 5682 569,
1010 5630 1059 5679 p.
1093 5613 1284 5682 l7.§:_t€
1320 5610 1636 5682 10010;}00)
1675 5611 1887 5673 πρόεισιν

309 5682 422 5741 ἡμῖν
440 5684 472 5740 ἡ
494 5682 653 5748 ἐορτή.
676 5681 764 5733 Hic
785 5680 936 5733 codex
960 5675 1142 5744 'pa'ucas
1161 5677 1309 5728 habet
1330 5676 1488 5727 varias
1508 5675 1761 5726 lectiones.

2002 1662 2239 1736 κόσμος;
2273 1665 2385 1736 Οὐχ
2422 1663 2554 1736 ὁρᾷς
2587 1664 2784 1728 πόσους
2814 1663 3001 1726 πόσοις
3031 1660 3396 1733 ἀντέστησας;
3438 1661 3584 1734 Ὀρῶ

2005 1748 2124 1818 μὲν,
2160 1749 2323 1818 φησι,
2353 1748 2447 1801 καὶ
2475 1747 2561 1801 διὰ
2595 1747 2752 1801 τοῦτο
2781 1741 2934 1800 εἶπον
2962 1747 3043 1800 ὅτι
3073 1745 3172 1798 οὐκ
3197 1741 3264 1818 ῆν
3300 1747 3327 1798 0
3367 1744 3575 1816 κόσμος

2003 1832 2151 1896 ἄξιος
2181 1833 2386 1886 αὐτῶν·
2420 1831 2530 1900 ἐγὼ
2560 1831 2670 1901 γὰρ
2697 1830 2808 1882 τῶν
2841 1829 3195 1899 νομισμάτων
3235 1829 3440 1882 τούτων
3481 1829 3581 1901 τὴν

2004 1914 2165 1984 φύσιν
2201 1909 2316 1967 οἶδα
2348 1913 2554 1982 σαφῶς.
2599 1913 2707 1966 Καὶ
2737 1912 2858 1982 γῆν,
2893 1913 2989 1965 καὶ
3021 1911 3312 1970 θάλατταν,
3345 1911 3438 1964 καὶ
3483 1911 3585 1980 βα-

2004 1997 2190 2060 σιλεῖς,
2218 1996 2314 2051 καὶ
2345 1997 2638 2068 ἐπάρχους,
2670 1997 2766 2049 καὶ
2795 1997 2974 2048 πᾶσαν
3018 1995 3204 2060 ἀπλῶς
3231 1995 3342 2048 τῶν
3372 1994 3578 2066 ἀνθρὼο

2005 2098 2122 2133 πων
2147 2082 2248 2152 τὴν
2273 2080 2436 2150 φύσιν
2474 2079 2661 2143 τιθεὶς,
2693 2081 2786 2132 καὶ
2817 2078 2910 2132 δύο
2939 2079 2972 2150 ῆ
3003 2081 3150 2149 τρεῖς
3179 2079 3418 2148 πένητας
3459 2078 3584 2132 τού-

2003 2179 2116 2227 τοις
2143 2164 2490 2234 ἀντιστησας,
2511 2161 2729 2233 θαρρῶν
2753 2161 2819 2214 ἀν
2847 2163 3076 2230 εἴποιμι,
3098 2163 3179 2215 ὅτι
3206 2155 3350 2216 οὗτοι
3381 2160 3584 2230 μᾶλλον

2003 2247 2330 2314 κατάγουσιν
2377 2246 2425 2297 οί
2461 2245 2714 2315 πένητες.
2761 2243 2930 2314 Εἴπερ
2973 2246 3168 2297 ἐκεῖνοι
3211 2242 3586 2314 ἀπηλαύνοντο

2001 2330 2278 2399 πατρίδος.
2310 2327 2426 2382 ἀλλ’
2473 2324 2617 2398 εἶχον
2646 2327 2883 2396 πατρίδα
2913 2327 3014 2396 τὴν
3044 2326 3158 2380 ἀνω
3202 2325 3576 2397 Ἰερουσαλήμ.

2014 2412 2101 2465 Ἑν
2145 2413 2305 2482 πενίᾳ
2355 2410 2540 2481 διῆγον
2563 2428 2576 2440 ·
2616 2409 2730 2462 ἀλλ’
2775 2408 3071 2462 ἐπλούτουν
3109 2408 3251 2462 κατά
3290 2409 3390 2478 τὴν
3425 2407 3582 2460 εὐσέ-

2000 2495 2172 2548 ϐειαν.
2214 2492 2544 2564 ’.ἀνθρώπων
2568 2489 2709 2564 ἦσαν
2748 2493 2954 2564 ἐχθροί·
2990 2493 3126 2544 ἀλλά
3165 2492 3242 2562 τῷ
3269 2491 3386 2561 Θεῷ
3418 2491 3579 2560 (9510:.

1998 2578 2110 2631 Καὶ
2136 2577 2280 2640 τίνες
2311 2577 2449 2630 εἰσὶν
2487 2570 2664 2641 0510c;
2702 2576 2760 2629 ὐ
2809 2575 3014 2639 Ἠλίας,
3044 2577 3072 2628 0
3123 2576 3440 2636 Ἐλισσαῖος,
3487 2574 3583 2628 καὶ

1996 2662 2047 2714 οί
2074 2663 2195 2714 κατ’
2223 2659 2464 2723 ἐκείνους
2498 2659 2757 2723 ἅπαντες.
2808 2657 2894 2729 Μὴ
2924 2661 3033 2728 γάρ
3061 2658 3125 2727 δὴ
3157 2657 3314 2712 τοῦτο
3340 2657 3474 2728 ἴδῃς,
3498 2658 3582 2710 ὅτι

1997 2745 2118 2798 οὐδὲ
2163 2743 2263 2813 τῆς
2303 2742 2607 2811 ἀναγκαίας
2642 2741 2919 2812 ηὐπόρουν
2951 2744 3188 2811 τροφῆς.
3234 2740 3349 2793 ἀλλ’
3397 2741 3479 2793 ὅτι
3521 2740 3582 2793 τὸ

2000 2827 2175 2898 στόμα
2209 2827 2390 2881 Ἠλίου
2423 2827 2515 2880 τὸν
2542 2827 2770 2898 οὐρανὸν
2799 2825 3011 2878 ἔκλεισε
3049 2825 3142 2878 καὶ
3177 2822 3398 2892 ἀνέῳξε,
3429 2825 3522 2877 καὶ
3543 2825 3578 2894 ἡ

2001 2910 2225 2982 μηλωτὴ
2253 2909 2416 2964 αὐτοῦ
2438 2911 2529 2963 τὸν
2569 2909 2841 2980 Ἰορδάνην
2883 2907 3215 2976 ἀπέστρεψε.

2067 2993 2177 3047 Καὶ
2196 2992 2370 3046 ταῦτα
2398 2991 2595 3045 ἐννοῶν
2614 2992 2810 3061 χαίρω.
2839 2990 2934 3044 καὶ
2969 2989 3120 3056 ἀλγῶ
3145 3006 3155 3016 ·
3185 2989 3364 3060 χαίρω
3393 2989 3490 3060 μὲν
3512 2989 3580 3044 δι’

1995 3073 2140 3146 ὑμᾶς
2173 3076 2300 3140 τοὺς
2333 3075 2629 3145 παρόντας,
2673 3071 2825 3140 ἀλγῶ
2852 3073 2908 3127 δέ
2945 3071 3012 3125 δι’
3049 3071 3290 3136 ἐκείνους
3340 3075 3466 3136 τοὺς
3501 3074 3579 3144 μὴ

1994 3167 2284 3236 παρόντας·
2302 3167 2453 3236 ἀλγῶ
2471 3167 2696 3236 σφόδρα,
2720 3165 2815 3218 καὶ
2829 3164 3121 3234 ὀδυνῶμαι.
3139 3165 3233 3216 καὶ
3255 3164 3580 3236 συντέτριμ-

1994 3267 2093 3321 μαι
2127 3250 2221 3320 τὴν
2250 3251 2497 3322 καρδίαν.
2517 3249 2613 3312 Τίς
2638 3248 2747 3319 γὰρ
2769 3249 2862 3302 καὶ
2885 3247 2992 3300 τῶν
3023 3247 3228 3318 σφόδρα
3254 3248 3578 3318 ἀναλγήτων

1989 3333 2091 3387 οὐκ
2112 3332 2176 3386 ἂν
2197 3333 2452 3403 ἀλγήσειε
2480 3331 2546 3386 τά
2564 3331 2658 3386 τοῦ
2681 3331 2929 3384 διαϐόλου
2958 3330 3207 3393 πλείονος
3234 3331 3577 3385 ἀπολαύοντα

1992 3416 2226 3485 σπουδῆς
2249 3417 2424 3486 όρῶν;
2461 3416 2648 3468 Καίτοι
2675 3416 2723 3468 εί
2756 3416 2849 3469 καὶ
2889 3413 3010 3484 ἴσης
3052 3414 3390 3484 ἁπήλαυσεν,
3424 3415 3576 3468 οὐδε-

1995 3498 2092 3566 μία
2129 3499 2257 3567 ῆμῖν
2277 3493 2343 3568 ἦν
2369 3499 2403 3567 ἡ
2431 3497 2752 3567 συγγνώμη,
2781 3496 2900 3550 οὐδέ
2923 3497 3192 3564 ἀπολογία
3241 3497 3369 3549 ὅταν
3400 3497 3457 3551 δέ
3484 3498 3577 3550 καὶ

1993 3579 2308 3650 πλεονεκτῇ,
2337 3579 2420 3641 τίς
2463 3581 2597 3648 ἡμῖν
2625 3578 2934 3631 ἐλλείπεται
2975 3578 3167 3646 λόγος;
3199 3579 3415 3649 Θέατρα
3449 3580 3575 3633 καθ’

1992 3663 2229 3731 ἑκάστην
2253 3660 2409 3713 καλεῖ
2429 3659 2527 3731 τὴν
2550 3661 2782 3731 ἡμέραν,
2807 3659 2901 3714 καὶ
2927 3659 3102 3724 οὐδεὶς
3125 3663 3152 3713 0
3177 3660 3369 3725 όκνῶν,
3400 3659 3578 3726 οὐδεὶς

1989 3747 2018 3797 0
2041 3743 2422 3812 ἀναδυόμενος,
2444 3744 2617 3806 οὐδεὶς
2640 3742 2896 3813 ἀσχολίαν
2922 3743 3290 3812 προϐάλλεται
3314 3746 3574 3816 πραγμά-

1990 3843 2132 3880 των·
2177 3828 2292 3880 ἀλλ’
2336 3826 2526 3896 ῶσπερ
2567 3825 2792 3889 εὐζωνοι
2839 3827 2933 3879 καὶ
2974 3825 3256 3896 λελυμένοι
3297 3828 3576 3898 φροντίδος

1991 3909 2228 3981 ἀπάσης,
2268 3907 2410 3963 οὕτω
2440 3909 2726 3980 τρέχουσιν
2770 3907 3009 3971 ἅπαντες
3029 3923 3042 3936 ⁸
3085 3909 3184 3978 οὐχ
3211 3909 3240 3960 0
3268 3910 3445 3979 γέρων
3476 3911 3575 3980 τὴν

1991 3992 2184 4044 πολιὰν
2215 3991 2461 4055 αἰδεῖται,
2497 3992 2595 4061 οὐχ
2620 3992 2648 4044 0
2678 3990 2796 4053 νέος
2829 3991 3100 4062 ὑφορᾶται
3130 3992 3229 4063 τὴν
3267 3990 3438 4059 φλόγα
3477 3993 3576 4063 τῆς

1991 4075 2204 4143 φύσεως
2227 4077 2437 4146 καὶτῆς
2463 4075 2779 4146 ἐπιθυμίας,
2806 4076 2904 4146 οὐχ
2928 4078 2958 4129 0
2989 4074 3244 4140 πλούσιος
3269 4077 3331 4130 τὺ
3357 4075 3574 4147 ἀξίωμα

1989 4159 2050 4214 τὸ
2083 4160 2277 4214 ἐαυτοῦ
2309 4159 2690 4230 καταισχύνειν
2737 4162 2970 4230 ἡγεῖται.
3021 4159 3159 4213 Ἀλλ’
3205 4160 3300 4214 ἐὰν
3350 4161 3448 4231 μὲν
3493 4163 3574 4226 είς

1990 4243 2284 4315 ἐκι.λησίαν
2317 4245 2624 4315 ἀπαντῆσαι
2653 4242 2768 4314 δὲῃ,
2809 4242 3064 4315 καθάπερ
3104 4242 3163 4309 ἐξ
3191 4243 3468 4317 ὑπεροχῆς
3494 4261 3575 4298 τι·

1989 4344 2078 4390 νος
2128 4327 2222 4380 καὶ
2268 4326 2578 4398 ἀξιώματος
2629 4327 2994 4385 καταϐαίνων.
3054 4325 3199 4381 οὕτω
3250 4325 3429 4399 ναρκᾷ
3481 4329 3574 4383 καὶ

1988 4413 2156 4474 ὀκνεῖ,
2191 4411 2285 4465 καὶ
2331 4410 2471 4480 μετά
2495 4410 2670 4464 ταῦτα
2721 4413 2981 4479 φυσᾶται,
3033 4409 3222 4480 ὥσπερ
3259 4429 3313 4464 τι
3345 4412 3422 4482 τῷ
3454 4413 3575 4484 Θεῷ

1988 4495 2391 4566 χαρισάμενος·
2425 4495 2505 4556 εἰς
2533 4493 2591 4545 δὲ
2626 4493 2855 4562 θέατρον
2894 4492 3162 4554 σπεύδων,
3191 4493 3321 4546 ἔνθα
3366 4494 3573 4565 ἀσελγῆ

1989 4578 2238 4648 θεάματα
2291 4577 2388 4631 καὶ
2436 4577 2796 4647 ἀκούσματα,
2847 4575 2908 4628 οὐ
2957 4575 3165 4645 νομίζει
3213 4575 3572 4646 καταισχῦναι

1989 4663 2200 4726 ἑαυτὸν,
2227 4662 2288 4717 οὐ
2315 4662 2409 4716 τὸν
2452 4660 2678 4715 πλοῦτον
2699 4699 2712 4722 ,
2741 4659 2862 4712 οὐδέ
2893 4659 2992 4730 τὴν
3029 4659 3333 4727 εὐγένειαν.
3382 4659 3574 4713 Ἐϐου-

1987 4745 2160 4817 λόμην
2207 4745 2424 4804 εἰδέναι,
2472 4743 2576 4797 ποῦ
2614 4741 2712 4796 νῦν
2762 4742 2899 4795 εἰσιν
2945 4742 3170 4796 οἱκατά
3217 4744 3316 4811 τὴν
3361 4743 3573 4814 ἡμέραν

1989 4829 2202 4899 ἐκείνην
2231 4830 2365 4899 ἡμῖν
2395 4827 2786 4898 ἐνοχλήσαντες
2804 4842 2818 4856 ·
2845 4825 3129 4896 ἐνόχλησις
3155 4825 3265 4895 γὰρ
3292 4821 3361 4896 ἦν
3392 4825 3574 4878 αὐτῶν

1988 4913 2022 4982 ή
2058 4909 2362 4982 παρουσία·
2389 4908 2693 4979 ἐϐουλόμην
2719 4907 2918 4962 εἰδέναι
2947 4907 2997 4960 τί
3030 4909 3355 4980 πράττουσι,
3385 4908 3439 4960 τί
3464 4906 3572 4960 τῶν

1988 4994 2271 5066 παρόντων
2301 4992 2500 5055 αὐτοὺς
2526 4991 2952 5063 ἀναγκαιότερον
2986 4991 3379 5062 ἀπεσχόλησεν.
3428 4989 3571 5044 Ἀλλ’

1986 5077 2213 5147 ἀσχολία
2239 5075 2491 5146 οὐδεμία,
2529 5073 2696 5143 τῦφος
2728 5075 2785 5128 δὲ
2829 5074 3008 5145 μόνος.
3045 5072 3148 5128 Καὶ
3188 5073 3240 5127 τί
3273 5073 3468 5142 γένοιτ’
3504 5073 3572 5128 ἂν

1989 5160 2396 5233 μανικώτερον;
2430 5160 2588 5220 Τίνος
2622 5158 2729 5229 γάρ
2770 5159 2978 5220 ἕνεκεν,
3009 5159 3262 5230 ἄνθρωπε
3285 5198 3298 5220 ,
3336 5156 3570 5229 μεγαλο-

1987 5247 2201 5314 φρονεῖς
2219 5285 2236 5310 ,
2264 5244 2359 5297 καὶ
2386 5242 2629 5313 νομίζεις
2667 5245 2797 5315 ἡμῖν
2826 5242 3170 5315 χαρίζεσθαι,
3201 5242 3294 5296 ἐὰν
3321 5259 3471 5312 παρα
3487 5257 3571 5308 τε·

1985 5333 2210 5405 νόμενος
2261 5331 2493 5385 ἐνταῦθα
2547 5331 2838 5402 προσέχῃς.
2883 5330 2980 5384 καὶ
3027 5330 3270 5402 ἀκούσῃς
3313 5329 3381 5381 τά
3434 5327 3570 5398 πρὸς

1994 5416 2268 5487 σωτηρίαν
2291 5414 2392 5484 τῆς
2421 5415 2518 5486 σῆς
2543 5414 2755 5486 ψυχῆς
2789 5415 2931 5478 τίνος
2960 5414 3164 5478 ἕνεκεν,
3189 5413 3310 5464 είπέ
3341 5428 3451 5476 μοι,
3475 5410 3568 5465 καὶ

1992 5499 2079 5552 διὰ
2107 5498 2160 5552 τί
2185 5497 2516 5568 ἀλαζονεύῃς
2547 5497 2635 5550 διά
2658 5497 2749 5549 τὸν
2781 5497 3039 5559 πλοῦτον;
3070 5495 3158 5548 διὰ
3185 5495 3256 5548 τά
3286 5493 3474 5564 ἱμάτια
3499 5493 3570 5547 τά

1996 5581 2235 5655 σηρικάς
2281 5577 2413 5635 Εἶτα
2443 5582 2542 5634 οὐκ
2581 5581 2802 5647 ἐννοεῖς,
2830 5580 2913 5632 δτι
2953 5579 3250 5650 σκωλήκιον
3281 5579 3417 5631 εἰσὶν

1998 5668 2181 5724 ἐκεῖνα
2208 5665 2447 5738 νήματα,
2475 5664 2569 5719 καὶ
2597 5662 2890 5736 βαρϐάρων
2927 5660 3228 5734 ἀνθρώπων
3249 5661 3562 5736 εὐρέματας
