4066 6274
480 323 550 382 09
1186 313 1244 370 S.
1285 311 1570 371 JOANNIS
1603 308 2097 370 CHRYSOSTOMI
2135 306 2452 374 AhCHlEP.
2494 305 3034 366 CONSTANTINOP.

485 437 569 491 δτι
622 436 815 509 πόρναι
868 439 1095 504 ἐκείνοις
1150 441 1461 513 κέχρηνται,
1519 445 1613 497 καὶ
1665 444 1912 515 μαλακοὶ,
1961 441 2054 496 καὶ

488 519 864 591 τυμϐωρύχοι,
925 523 1016 574 καὶ
1079 524 1304 595 λῃσταί;
1373 524 1660 593 Ἐπίγνωθι
1710 527 1801 580 τὸν
1851 526 2058 580 δίκαιον

489 600 718 656 πλοῦτον
738 644 752 665 ,
814 605 906 656 καὶ
956 605 1222 674 κατάϐηθι
1259 623 1386 660 ποτε
1447 607 1548 662 ἀπὸ
1589 608 1684 661 τοῦ
1739 609 2059 678 φυσήματος

489 684 698 737 ἐκείνου
721 685 816 738 τοῦ
847 685 1049 756 ὑψηλοῦ
1083 687 1176 740 καὶ
1198 689 1356 741 κενοῦ
1373 705 1387 720 ·
1419 689 1705 758 διάσκεψαι
1727 690 1825 758 τῆς
1848 688 2058 757 φύσεως

489 767 552 818 τὸ
597 765 828 830 εὐτελές.
884 767 958 838 Γῆ
1000 769 1092 821 καὶ
1144 769 1334 834 σποδὸς
1385 766 1453 833 εῑ,
1524 769 1698 841 τέφρα
1751 771 1843 824 καὶ
1887 769 2055 831 κόνις,

491 846 695 911 καπνὸς
728 848 821 902 καὶ
851 849 1000 914 σκιά,
1031 851 1223 922 χόρτος
1255 848 1356 904 καὶ(
1376 851 1534 914 ἄνθος
1562 853 1778 921 χόρτου.
1824 850 2056 920 Τοιαύτη

493 930 652 998 φύσει
684 931 1124 1003 μεγαλοφρονεῖς,
1147 933 1268 984 είπέ
1296 950 1384 1002 μοι
1404 949 1418 995 ;
1442 935 1550 986 Καὶ
1571 933 1625 986 τί
1645 933 1836 986 τούτου
1865 932 2058 1001 γένοιτ’

489 1012 555 1065 ἂν
587 1015 1145 1084 καταγελαστότερονς
1187 1013 1347 1068 Ἀλλά
1385 1015 1593 1068 πολλῶν
1630 1015 1816 1087 ἄρχεις
1848 1012 2062 1085 ἀνθρώ-

492 1110 638 1159 πων;
695 1096 802 1149 Καὶ
849 1096 901 1149 τί
950 1095 1106 1148 τοῦτο
1157 1095 1368 1165 ὄφελος,
1430 1098 1556 1150 ὃταν
1611 1097 1910 1168 ἀνθρώπων
1961 1097 2058 1167 μὲν

490 1176 696 1246 ἄρχεις,
743 1177 850 1229 τῶν
895 1177 951 1230 δὲ
1006 1178 1192 1232 παθῶν
1235 1175 1578 1249 αἰχμάλωτος
1620 1175 1672 1231 εἷ
1707 1180 1800 1232 καὶ
1839 1179 2054 1244 δοῦλος;

494 1257 703 1329 Ὠσπερ
734 1259 799 1313 άν
833 1276 916 1322 τις
947 1259 1086 1313 οἴκοι
1129 1261 1228 1330 μὲν
1263 1261 1367 1314 ὐπὸ
1400 1261 1507 1313 τῶν
1546 1261 1768 1316 οἰκετῶν
1807 1261 2060 1315 τύπτοετο

493 1341 587 1392 καὶ
614 1340 904 1412 τραύματα
935 1341 1218 1412 λαμϐάνοι,
1258 1342 1362 1409 ἔξω
1394 1343 1449 1396 δὲ
1474 1345 1552 1406 είς
1576 1345 1674 1413 τὴν
1713 1343 1918 1415 ἀγοράν
1963 1347 2060 1413 εμ-

493 1422 705 1476 ϐἀλλων
743 1423 882 1493 μέγα
922 1427 1090 1495 φρονῇ
1123 1425 1216 1476 ὲπὶ
1257 1427 1326 1496 τῇ
1360 1424 1468 1477 τῶν
1507 1424 1679 1479 ἄλλων
1715 1426 1856 1496 ἀρχῇ
1877 1440 1899 1457 ο
1920 1424 2064 1478 οὕτω

493 1504 684 1558 τύπτει
707 1521 764 1556 σε
790 1505 1086 1570 κενοδοξία,
1104 1506 1396 1577 τραύματά
1415 1523 1495 1560 σοι
1520 1506 1713 1574 ἐπάγει
1735 1509 1767 1576 ἡ
1785 1507 2058 1574 ἀσέλγεια,

495 1585 712 1640 πάντων
741 1587 850 1639 τῶν
882 1587 1067 1641 παθῶν
1099 1588 1282 1652 δοῦλος
1319 1584 1388 1651 εἴ,
1431 1590 1526 1642 καὶ
1558 1589 1700 1660 μέγα
1733 1592 1947 1660 φρονεῖς
1978 1591 2061 1642 ὅτι

493 1669 610 1821 Ξῶιὶ
633 1668 918 1804 δόμοφύλων
945 1671 1165 1742 ἀρχεις;
1191 1670 1317 1724 Εῖθε
1345 1671 1566 1725 ἐκείνων
1593 1667 1763 1742 ἦρχες
1781 1712 1795 1737 ,
1837 1671 2068 1724 ἐκείνων

537 1768 561 1814 ς
617 1769 646 1804 σ
677 1768 856 1821 τιμος.

537 1768 561 1814 ς
595 1768 856 1822 ισοτιμος.

567 1881 633 1950 β’.
654 1881 728 1935 Οὐ
740 1881 848 1935 τῶν
859 1881 1226 1937 πλουτούντων
1238 1881 1558 1954 κατηγορῶν
1575 1883 1746 1936 ταῦτα
1755 1883 1916 1952 λέγω,
1930 1881 2068 1937 ἀλλά

495 1969 602 2022 τῶν
623 1970 811 2032 κακῶς
829 1970 908 2040 τῷ
930 1969 1142 2042 πλούτῳ
1161 1971 1534 2044 κεχρημένων.
1559 1971 1633 2023 Οὐ
1659 1971 1766 2040 γάρ
1786 1973 1814 2025 ό
1841 1971 2067 2034 πλοῦτος

496 2058 684 2123 κακὸν,
717 2058 810 2112 εὰν
839 2062 919 2122 είς
933 2059 1053 2113 δέον
1077 2059 1396 2130 βουλώμεθα
1433 2057 1582 2128 αὐτῷ
1600 2059 1926 2129 χρήσασθαι,
1951 2060 2075 2113 ἀλλ’

497 2148 530 2216 ἡ
557 2146 802 2208 ἀπόνοια,
843 2147 938 2200 καὶ
960 2149 992 2217 ἡ
1021 2147 1330 2211 ἀλαζονεία.
1365 2147 1428 2200 Εί
1453 2146 1622 2198 κακὸν
1648 2143 1716 2216 ῆν
1747 2149 1780 2200 ὁ
1797 2147 2029 2210 πλοῦτος
2049 2186 2072 2209 ,

497 2234 596 2285 οὐκ
623 2233 688 2286 ἂν
724 2231 927 2296 πάντες
953 2232 1239 2304 ηὐξάμεθα
1264 2235 1344 2296 εἰς
1366 2233 1600 2297 κόλπους
1635 2232 1887 2304 Ἀϐραάμ
1913 2233 2071 2287 ἀπελο

499 2320 609 2372 θεῖν
642 2319 733 2373 τοῦ
795 2320 1008 2389 ἔχοντος
1033 2321 1380 2391 τριακοσίους
1406 2321 1537 2374 δέκα
1561 2320 1654 2373 καὶ
1684 2319 1827 2373 ὀκτὼ
1853 2320 2069 2384 οἰκέτας

497 2409 814 2476 οἰκογενεῖς.
851 2410 926 2461 Οὐ
955 2409 1134 2461 τοίνυν
1162 2411 1191 2462 ό
1217 2408 1444 2472 πλοῦτος
1471 2409 1660 2472 κακὸν,
1685 2409 1801 2461 ἀλλ’
1832 2411 1864 2478 ἡ
1892 2408 2076 2479 παρά-

501 2511 662 2564 νομος
702 2494 864 2547 αὐτοῦ
894 2494 1089 2564 χρῆσις
1130 2495 1317 2549 κακόν.
1349 2496 1458 2548 Καὶ
1500 2495 1688 2566 ὥσπερ
1724 2495 1914 2564 πρῴην
1943 2494 2071 2565 περὶ

505 2580 674 2649 μέθης
707 2579 880 2646 λέγων
899 2619 911 2640 ,
942 2580 1003 2632 οὐ
1039 2579 1133 2632 τὸν
1162 2575 1302 2632 οἶνον
1337 2579 1613 2633 διέϐαλλον
1649 2582 1793 2645 (πᾶν
1817 2579 1933 2650 γάρ
1954 2581 2077 2633 κτί-

505 2686 616 2738 σμα
649 2667 785 2720 Θεοῦ
829 2666 1013 2730 καλὸν,
1055 2669 1150 2720 καὶ
1199 2667 1350 2721 οὐδὲν
1394 2668 1717 2738 ἀπόϐλητον.
1763 2669 1879 2740 μετ’
1911 2670 2074 2739 εὐχαο

508 2752 716 2821 ριστίας
744 2749 1204 2820 λαμϐανόμενον),
1243 2750 1386 2804 οὓτω
1417 2751 1512 2804 καὶ
1539 2751 1633 2804 νῦν
1665 2751 1724 2804 οὐ
1762 2750 1869 2804 τῶν
1905 2753 2072 2804 πλουρ

502 2835 735 2888 τούντων
757 2835 1069 2905 κατηγορῶ,
1099 2835 1220 2888 οὐδὲ
1253 2835 1318 2888 τά
1341 2837 1445 2907 χρή
1456 2853 1597 2906 ματα
1626 2835 1914 2901 διαϐάλλω,
1938 2837 2074 2892 ἀλλὰ

501 2924 600 2995 τὴν
632 2923 806 2994 κακὴν
852 2923 960 2976 τῶν
1005 2923 1302 2994 χρημάτων
1343 2925 1561 2994 χρῆσιν,
1597 2925 1689 2978 καὶ
1727 2925 1808 2988 είς
1837 2925 2075 2978 ἀσωτίαν

503 3011 916 3081 δαπανωμένην.
951 3011 1049 3064 Διὰ
1073 3009 1231 3064 τοῦτο
1259 3013 1518 3082 χρήματα
1532 3010 1774 3080 λέγεται,
1807 3012 1892 3064 ἵνα
1916 3013 2076 3082 ἡμεῖς

505 3099 687 3161 αὐτοῖς
727 3096 1092 3168 χρησώμεθα,
1129 3098 1222 3152 καὶ
1258 3097 1331 3168 μὴ
1365 3099 1546 3151 ἐκεῖνα
1588 3100 1750 3169 ἡμῖν·
1788 3097 1876 3151 διὰ
1919 3097 2078 3150 τοῦτο

507 3187 762 3255 κτήματα
803 3183 1017 3252 λέγεται
1040 3223 1054 3246 ,
1103 3185 1188 3237 ῖνα
1219 3187 1379 3256 ἡμεῖς
1410 3185 1549 3238 αὐτά
1579 3184 1938 3255 κτησώμεθα,
1983 3185 2078 3237 καὶ

512 3271 586 3343 μὴ
613 3273 792 3324 ἐκεῖνα
835 3273 1000 3341 ἡμᾶς.
1037 3271 1102 3324 Τί
1139 3267 1232 3324 οὖν
1265 3271 1355 3324 τὸν
1387 3271 1571 3325 δοῦλον
1601 3271 1744 3341 ἔχεις
1779 3271 2076 3342 δεσπότην;

509 3359 565 3410 τί
592 3357 958 3429 ἀντέστρεψας
985 3357 1084 3427 τὴν
1113 3356 1298 3422 τάξινς
1343 3355 1481 3410 ’Δλλ’
1523 3357 1823 3426 ἐϐουλόμην
1863 3356 2077 3427 μαθεῖν,

509 3443 562 3497 τί
590 3442 683 3496 νῦν
709 3443 954 3497 ποιοῦσιν
984 3445 1032 3496 οί
1063 3443 1161 3514 τὴν
1195 3441 1414 3507 σύναξιν
1436 3443 1951 3514 ἐγκαταλείψαντες,
1987 3445 2080 3500 καὶ

509 3535 567 3586 ὲν
596 3532 736 3586 τίσιν
773 3532 932 3586 είσίν.
981 3531 1140 3586 Ἀλλά
1171 3531 1204 3603 ἢ
1235 3530 1578 3596 κυϐεύουσιν,
1618 3532 1650 3601 ἢ
1683 3533 1899 3596 πάντως
1937 3532 2081 3603 πρά-

509 3637 698 3690 γματα
731 3618 1038 3673 ἀνακινοῦσι
1070 3617 1318 3688 βιωτικὰ,
1351 3619 1594 3690 ταραχῆς
1621 3619 2077 3691 ἐμπεπλησμένα.

525 3707 788 3762 Ἐνταῦθα
828 3709 876 3760 εί
905 3705 1107 3778 παρῆς,
1147 3705 1424 3777 ἄνθρωπε,
1463 3708 1521 3759 ὲν
1552 3707 1762 3779 γαλήνῃ
1789 3702 1855 3777 ἧς
1888 3707 1983 3760 καὶ
2022 3708 2082 3760 ἐν

512 3794 724 3866 λιμένι’
753 3793 853 3848 οὐκ
880 3793 1164 3862 οἰκονόμος
1197 3791 1451 3846 εἰσελθὼν
1485 3794 1803 3864 ἐτάραττεν,
1836 3794 1936 3846 οὐκ
1963 3793 2084 3846 ἐπί-

511 3899 712 3954 τροπος
740 3881 1007 3952 ἐθορύϐει,
1042 3881 1143 3934 οὐκ
1166 3879 1384 3951 οἰκέτης
1411 3880 1550 3952 ὑπὲρ
1591 3880 1931 3950 πραγμάτων
1959 3879 2083 3948 βιω-

511 3971 680 4025 τικῶν
718 3969 955 4040 ἡνόχλει,
1001 3968 1101 4022 οὐκ
1150 3967 1306 4029 ἄλλος
1344 3983 1428 4029 τις
1475 3965 1827 4036 παρώξυνεν·
1865 3964 1979 4018 ἀλλ’
2027 3967 2084 4018 ὲν

512 4057 712 4132 ἡσυχίᾳ
737 4056 938 4124 διάγων
965 4053 1233 4123 ἀπήλαυεςι
1268 4051 1426 4105 θείων
1461 4051 1799 4122 ἀκροάσεων.
1832 4050 2084 4120 Οὐδαμοῦ

512 4143 738 4210 κύματα
784 4137 1052 4200 ἐνταῦθα,
1097 4135 1334 4204 οὐδαμοῦ
1378 4137 1592 4206 ταραχή
1619 4153 1632 4166 ·
1679 4136 1794 4189 ἀλλ’
1843 4137 2082 4205 εὐλογία,

511 4229 605 4283 καὶ
648 4228 826 4296 εὐχαὶ,
863 4225 958 4278 καὶ
993 4221 1176 4294 ὁμιλία
1217 4222 1595 4293 πνευματικὴ,
1620 4223 1715 4275 καὶ
1758 4223 2087 4292 μετάστασις

517 4314 596 4377 είς
622 4311 714 4366 τὸν
743 4311 971 4381 οὐρανόν
992 4325 1004 4339 '
1037 4308 1132 4362 καὶ
1153 4305 1401 4361 ἐντεῦθεν
1422 4308 1525 4380 ἡδη
1548 4309 1642 4363 τὸν
1664 4310 1957 4380 ἀρῤαϐωνα
1985 4312 2086 4381 τῆς

519 4400 797 4472 βασιλείας
833 4398 940 4453 τῶν
971 4397 1216 4470 οὐρανῶν
1242 4396 1422 4452 λαϐὼν
1458 4399 1676 4471 ἀπῄεις.
1715 4401 1873 4464 Τίνος
1902 4400 2088 4454 ἕνεκεν

516 4491 620 4562 τὴν
669 4489 930 4543 πλουσίαν
977 4487 1184 4558 ταύτην
1221 4484 1501 4557 τράπεζαν
1541 4489 1723 4557 ἀφεις,
1775 4499 1852 4553 εις
1896 4489 2088 4558 ἑτέραν

516 4576 922 4649 φορτικωτέραν
951 4574 1142 4628 ἑαυτὸν
1175 4576 1504 4646 μετήγαγες,
1529 4577 1624 4628 καὶ
1643 4577 1735 4629 τὸν
1773 4576 1966 4645 λιμένα
1992 4593 2090 4628 κα-

513 4637 758 4720 1ίταλιπὼν
777 4707 792 4731 ,
822 4637 1066 4735 ταραχὴν
1105 4637 1574 4733 ἀντικαταλλάττῃ
1603 4637 1875 4731 γαλήνης;
1911 4662 1984 4715 Τὸ
2015 4661 2091 4732 μὴ
2193 4637 2213 4655 ﬁ

516 4751 926 4822 παραγενέσθαι
957 4751 1196 4820 πένητας
1229 4750 1355 4813 τοὺς
1398 4748 1521 4802 τότε
1568 4747 1879 4819 παρόντας,
1921 4749 2092 4802 δεινὸν

521 4845 641 4915 μὲν,
679 4840 794 4896 ἀλλ’
821 4839 943 4894 οὐδὲ
984 4838 1128 4892 οὕτω
1159 4836 1356 4902 δεινὸν,
1383 4837 1458 4901 ὡς
1485 4837 1547 4890 τὸ
1579 4836 1654 4908 μὴ
1687 4836 2092 4907 παραγενέσθαι

517 4931 829 4994 πλουσίους.
861 4927 1018 4991 Τίνος
1044 4927 1231 4980 ἕνεκεν
1257 4943 1272 4992 ;
1301 4927 1422 4980 Ὀτι
1451 4927 1498 4979 οἱ
1526 4927 1626 4996 μὲν
1658 4925 1885 4996 πένητες
1911 4926 2094 4996 έχουσι.

517 5023 618 5090 τὴν
650 5017 957 5087 ἀναγκαίαν
992 5015 1275 5085 ἀσχολίαν,
1323 5015 1424 5084 τὴν
1479 5014 1734 5086 φροντίδα
1779 5014 1880 5085 τῆς
1919 5015 2093 5084 καθη-

526 5105 750 5176 μερινῆς
763 5103 887 5176 [55]
905 5101 1307 5174 ὲργασίας,ἀπδ
1327 5101 1435 5155 τῶν
1457 5101 1657 5173 χειρῶν
1682 5102 1990 5171 ποιούμενοι
2007 5102 2096 5154 τὸν

525 5193 671 5264 βίονο
713 5189 1100 5260 παιδοτροφίας
1145 5187 1563 5260 ἐπιμελοῦνται,
1615 5189 1874 5258 γυναικὸς
1925 5207 2096 5260 προε-

523 5281 777 5352 στήκασι,
808 5276 909 5330 κᾶν
933 5276 1007 5346 μὴ
1047 5276 1288 5346 κάμωσι,
1329 5275 1397 5328 τὰ
1425 5275 1525 5345 τῆς
1550 5275 1694 5346 ζωῆς
1721 5278 1905 5340 αὐτοῖς
1951 5278 2102 5347 οιχή-

526 5385 698 5423 σεται.
741 5364 926 5419 Ταῦτα
962 5363 1138 5432 λέγω,
1183 5363 1303 5432 οὐχὶ
1349 5360 1646 5430 ἀπολογίαν
1690 5364 1831 5434 ὑπὲρ
1871 5363 2099 5417 ἐκείνων

525 5456 812 5519 συντιθεὶς,
844 5451 982 5506 ἀλλά
1006 5450 1218 5516 δεικνὺς
1251 5449 1370 5514 πῶς
1410 5449 1655 5520 μείζονος
1680 5452 2013 5522 κατηγορίας
2050 5453 2099 5504 οί

521 5541 880 5606 πλουτοῦντές
899 5542 1038 5595 εἰσιν
1065 5539 1224 5607 ἄξιοι.
1256 5538 1420 5594 Ὅσον
1459 5537 1704 5602 πλείονος
1732 5538 2100 5592 ἀπολαύουσιν

523 5637 732 5696 ἀδείας,
775 5628 1022 5683 τοσοῦτον
1065 5629 1156 5684 καὶ
1195 5625 1606 5700 κατακρίσεως,
1639 5626 1721 5679 ὅτι
1765 5625 1942 5682 οὐδενὶ
1979 5625 2101 5679 τού-

530 5715 636 5756 των
667 5715 1006 5786 κατέχονται.

3651 317 3740 372 70

2234 441 2346 512 Οὐχ
2379 439 2541 512 δρᾶτε
2564 438 2692 502 τούς
2745 435 3054 500 Ἰουδαίους,
3091 431 3215 493 τοὺς
3250 423 3569 497 θεομάχους,
3595 423 3741 485 τοὺς

2157 540 2580 600 ἀντιπίπτοντας
2605 537 2683 606 τῷ
2711 535 2850 605 ἁγίῳ
2881 531 3190 602 Πνεύματι,
3221 526 3345 589 τούς
3383 523 3728 593 σκληροτρα-

2157 639 2393 710 χήλουςς
2423 639 2640 693 Τούτων
2671 640 2718 691 οί
2769 637 2844 705 μὴ
2881 629 3314 703 παραγενόμενοι
3359 624 3577 678 πάντων
3612 619 3727 690 χεί-

2163 754 2288 810 ρους
2317 737 2486 792 είσίν.
2515 736 2772 798 Ἐκείνοις
2798 734 2892 788 ὲάν
2921 734 3144 786 εῖπωσιν
3165 729 3212 781 οἱ
3237 726 3399 795 ἱερεῖς
3425 719 3565 774 ἑπτὰ
3589 717 3728 789 ἡμέ-

2163 855 2262 908 ρας
2292 838 2555 907 ἀργῆσαι,
2589 837 2680 890 καὶ
2713 835 2845 888 δέκα
2865 872 2880 897 ,
2907 831 3002 885 καὶ
3029 830 3199 882 εῖκοσι
3219 867 3235 893 ,
3266 823 3360 877 καὶ
3394 821 3682 891 τριάκοντα
3705 859 3726 883 ,

2161 939 2260 990 οὐκ
2288 936 2660 1003 ἀντιλέγουσι·
2694 933 2871 988 καίτοι
2887 931 2938 984 τί
2965 930 3063 999 τῆς
3096 927 3292 998 ἀργίας
3321 921 3533 991 ἐκείνης
3565 918 3727 989 χαλε-

2161 1036 2442 1108 πώτερον;
2489 1035 2601 1097 Τάς
2649 1033 2818 1104 θύρας
2868 1025 3252 1087 ἀποκλείουσι,
3301 1022 3394 1075 καὶ
3439 1018 3563 1072 οὔτε
3612 1015 3738 1085 πῦρ.

2163 1138 2432 1202 καίουσιν,
2473 1135 2572 1205 οὐχ
2600 1133 2740 1205 ὕδωρ
2765 1132 3041 1204 φέρουσιν,
3073 1127 3174 1181 οὐκ
3213 1123 3340 1178 ἄλλο
3379 1138 3434 1174 τι
3464 1118 3600 1189 πρὸς
3624 1118 3738 1186 τὴν

2161 1237 2353 1308 χρείαν
2405 1237 2514 1308 τὴνι
2551 1233 2810 1303 τοιαύτην
2859 1226 3256 1302 μεταχειρίζειν
3293 1221 3570 1292 ἐφίενται-ο
3609 1215 3726 1270 ἀλλ’

2159 1343 2306 1397 ἐστιν
2337 1341 2526 1405 ἅλυσις
2558 1341 2741 1403 αὐτοῖς
2775 1339 2810 1408 ἡ
2839 1335 3028 1408 ἀργία,
3058 1333 3153 1386 καὶ
3177 1328 3297 1384 οὐδὲ
3324 1325 3497 1387 οΰτως
3521 1320 3730 1376 ἀντιλέ-

2160 1463 2367 1517 γουσιν.
2407 1443 2550 1512 Ἐγὼ
2574 1443 2634 1497 δὲ
2661 1441 2810 1495 οὐδὲν
2837 1435 3076 1492 τοιοῦτον
3100 1433 3263 1502 λέγω,
3281 1433 3366 1487 ὅτι
3397 1424 3566 1484 Ἐπτά
3588 1425 3725 1494 ἡμὲν

2165 1570 2262 1626 ρας
2283 1553 2543 1624 ἀργησον,
2574 1549 2693 1603 οὐδέ
2719 1547 2852 1600 δέκα
2881 1543 3092 1615 ἡμέρας
3109 1558 3135 1571 ο·
3153 1537 3290 1593 ἀλλὰ
3311 1533 3404 1588 δύο
3438 1549 3526 1602 μοι
3554 1529 3730 1582 δάνει-

2164 1675 2257 1712 σον
2281 1658 2432 1727 ὠρας
2460 1653 2819 1726 τῆςὴμέρας,
2840 1650 2936 1704 καϊ
2959 1648 3058 1711 τὰς
3083 1643 3274 1706 λοιπὸς
3296 1639 3458 1701 αὐτὸς
3477 1635 3568 1706 εχε
3586 1649 3601 1664 ο
3633 1630 3732 1686 καὶ

2162 1762 2283 1817 οὐδὲ
2324 1759 2482 1816 τοῦτό
2527 1776 2626 1830 μοι
2653 1759 2714 1812 τὺ
2753 1750 3272 1827 μέτροννείσφέρεις.
3305 1742 3522 1799 Μᾶλλον
3564 1738 3621 1792 δὲ
3654 1735 3731 1805 μὴ

2165 1875 2289 1944 ἐμοὶ
2315 1871 2567 1942 δανείσῃς
2595 1869 2694 1932 τὰς
2713 1865 2806 1920 δύο
2837 1863 3008 1936 ὥρας,
3040 1858 3156 1914 ἀλλ’
3188 1851 3366 1924 ἑαυτῷ
3389 1865 3406 1883 ⁰
3433 1850 3524 1904 ἵνα
3556 1843 3733 1916 παρὰ-

2165 1977 2360 2051 κλησίν
2402 1992 2526 2030 τινα
2559 1973 2730 2044 εὐχῆς
2757 1971 2886 2040 δέξῃ
2923 1966 3198 2036 πατέρων,
3227 1963 3314 2014 ἵνα
3346 1947 3615 2022 εὐλογιῶν.
3642 1963 3738 1999 πε-

2167 2087 2525 2160 πληρωμένος
2571 2080 2956 2152 ἀναχωρήσεις,
3003 2075 3092 2128 ἵνα
3119 2067 3460 2139 πανταχόθεν
3485 2058 3736 2128 ἀσφαλὴς

2167 2195 2428 2268 ἀπέλθῃς,
2460 2194 2548 2247 ῖνα
2574 2191 2645 2244 τὰ
2677 2188 2816 2243 ὅπλα
2843 2184 3024 2240 λαϐὼν
3052 2181 3122 2235 τά
3149 2170 3496 2247 πνευματικά
3525 2169 3740 2222 ἀκαταο

2167 2300 2430 2370 γώνιστος
2457 2297 2612 2369 γένη,
2645 2293 2946 2365 ἀχείρωτος
2969 2286 3046 2358 τῷ
3068 2283 3317 2353 διαϐόλῳ.
3352 2278 3418 2332 Τί
3457 2275 3748 2348 ἡδύτερον,

2169 2406 2290 2462 εἰπέ
2319 2423 2433 2476 μοι,
2460 2405 2560 2474 τῆς
2582 2399 2816 2454 ἐνταῦθα
2833 2394 3112 2465 διαγωγῆς
3131 2409 3152 2459 ;
3172 2392 3238 2445 El
3265 2387 3375 2460 γὰρ
3393 2375 3738 2455 διημερεύειν

2173 2513 2407 2569 ἐνταῦθα
2455 2511 2649 2582 ἐχρῆν,
2693 2508 2755 2563 τί
2810 2506 3165 2578 σεμνότερον;
3202 2500 3256 2552 τί
3311 2491 3756 2564 ἀσφαλέστερον..

2169 2623 2305 2676 ὅπου
2350 2617 2574 2688 ἀδελφοὶ
2613 2615 2888 2680 τοσοῦτοι,
2939 2613 3076 2665 ὅπου
3107 2609 3168 2661 τὸ
3200 2602 3426 2674 Πνεῦμα
3464 2597 3526 2652 τδ
3557 2596 3742 2663 ἅγιον,

2171 2727 2306 2780 ὅπου
2358 2722 2566 2794 Ἰησοῦς
2607 2720 2770 2792 μέσος
2796 2759 2812 2784 ,
2847 2717 2944 2792 καὶ
2992 2717 3021 2770 ό
3063 2711 3257 2766 τούτου
3305 2705 3535 2773 Πατὴρς
3576 2695 3760 2752 Ποίανο

2174 2832 2369 2902 ἑτέραν
2404 2829 2586 2899 ζητεῖς
2634 2822 2960 2892 συναγωγὴν
3007 2815 3308 2884 τοιαύ’την;
3348 2810 3500 2862 ποῖον
3555 2802 3761 2871 ἕτερον.

2177 2933 2595 3006 βουλευτήριον;
2622 2928 2782 2981 ποίαν
2815 2923 3062 2988 σύνοδον;
3092 2917 3352 2972 Τοσαῦτα.
3372 2907 3555 2979 ἀγαθά
3586 2907 3644 2958 ὲν
3675 2904 3752 2972 τῇ

2173 3038 2445 3111 τραπέζῃ,
2481 3036 2537 3087 ἒν
2560 3036 2626 3103 τῇ
2657 3028 2940 3101 ἀκροάσει,
2969 3027 3027 3078 ὲν
3055 3024 3178 3085 ταῖς
3205 3015 3501 3084 εὐλογίαις,
3543 3012 3601 3062 ὲν
3625 3009 3768 3111 ταῖς

2175 3108 2397 3211 εὐχαῖς,
2449 3139 2507 3190 ὲν
2559 3135 2680 3194 ταῖς
2728 3127 3078 3187 συνουσίαις·
3131 3123 3226 3175 καὶ
3266 3119 3330 3172 σὺ
3375 3114 3511 3185 πρός
3552 3108 3769 3179 ἐτέρας.

2179 3245 2400 3315 βλέπεις
2450 3235 2767 3308 διατριϐάςς
2821 3230 2933 3286 Καὶ
2979 3227 3148 3283 ποίαν,
3183 3224 3326 3294 ἔχεις
3375 3215 3704 3286 συγγνώμην
3734 3231 3768 3272 ι.

2178 3346 2362 3402 Ταῦτα
2397 3344 2494 3412 οὐχ
2524 3342 2613 3395 ἵνα
2641 3338 2796 3409 ὐμεῖς
2823 3334 3094 3404 ἀκούσητε
3121 3327 3301 3385 εἶπον·
3335 3327 3397 3379 οὐ
3425 3322 3534 3393 γὰρ
3564 3319 3766 3391 χρείαν..

2180 3453 2329 3525 ἔχετε
2365 3447 2473 3502 τῶν
2496 3443 2800 3516 φαρμάκων
2830 3438 3032 3494 τούτων
3054 3437 3233 3507 ὑμεῖς,
3265 3433 3314 3486 οἱ
3341 3431 3427 3486 διὰ
3448 3427 3552 3480 τῶν
3578 3424 3757 3494 ἔργων

2181 3553 2582 3624 ἐπιδειξάμενοι
2614 3549 2714 3620 τὴν
2743 3545 2976 3615 ὑγίειαν,
3005 3541 3104 3613 τὴν
3142 3535 3404 3606 ὐποκοῆν,
3441 3532 3492 3584 οἱ
3538 3528 3626 3582 διὰ
3654 3527 3771 3595 τῆς,

2185 3658 2420 3728 σπουδῆς
2461 3656 2555 3710 τὸν
2595 3651 2760 3706 πόθον
2796 3647 3149 3706 ἀπλώσαντες
3174 3659 3189 3674 ο
3225 3639 3340 3696 ἀλλ’
3389 3632 3543 3690 εἶτον
3581 3629 3759 3685 ταῦτα

2184 3767 2320 3839 πρὸς
2350 3765 2518 3836 ὑμᾶς,
2544 3761 2631 3813 ἶνα
2664 3756 2970 3811 ἀκούσωσιν
3000 3753 3049 3805 οί
3081 3749 3156 3821 μὴ
3184 3746 3451 3818 παρόντες
3480 3741 3543 3793 δι’
3578 3736 3759 3807 ὐμῶν.

2182 3879 2276 3950 Μὴ
2311 3876 2526 3948 εἴπητε,
2548 3873 2630 3925 ὅτι
2660 3866 3017 3939 κατηγόρησα
3053 3859 3162 3914 τῶν
3200 3857 3276 3929 μὴ
3297 3861 3760 3925 παραγενομενων

2187 3986 2375 4049 ἁπλῶς
2396 4024 2412 4049 ,
2441 3982 2560 4038 ἀλλ’
2585 3980 2706 4035 ὅλον
2742 3977 2950 4032 ἀνωθεν
2985 3971 3170 4032 αὐτοῖς
3199 3959 3534 4037 διηγήσασθε
3557 3955 3649 4009 τὸν
3679 3951 3762 4005 λό-

2186 4111 2304 4165 γον.
2357 4089 2734 4159 Ἀναμνήσατε
2767 4081 2967 4143 αὐτοὺς
3011 4078 3124 4131 τῶν
3169 4072 3469 4133 Ἰουδαίων,
3513 4063 3764 4135 ἀναμνῆε

2189 4220 2319 4260 σατε
2343 4199 2540 4260 αὐτοὺς
2559 4196 2667 4248 τῶν
2696 4189 2966 4264 βιωτικῶν
2992 4186 3336 4258 πραγμάτων
3355 4199 3368 4212 ·
3397 4179 3584 4233 εῐπατε
3613 4172 3766 4240 πόσῳ

2191 4310 2415 4384 βελτίων
2475 4307 2509 4376 ἡ
2536 4299 2771 4357 ἐνταῦθα
2818 4296 3058 4362 σύναξις,
3093 4295 3284 4348 εἴπατε
3328 4289 3502 4358 πόσην
3530 4279 3779 4351 σπουδὴν-

2201 4869 2376 4925 μακον
2406 4850 2507 4903 οὐκ
2536 4844 2846 4916 ὲπεθὴκατε
2867 4854 2881 4868 '
2928 4839 2994 4892 ἂν
3021 4835 3078 4890 δὲ
3107 4831 3357 4901 διδάξητε
3405 4827 3607 4888 αὐτοὺς
3628 4863 3644 4887 ,
3681 4822 3768 4874 δτι

2194 4962 2294 5031 οὐχ
2331 4959 2406 5022 ὼς
2440 4955 2632 5026 ἐχθρὸς
2671 4947 3028 5020 κατηγόρησα
3053 4984 3067 5009 ,
3098 4941 3213 4998 ἀλλ’
3249 4939 3324 5003 ὼς
3374 4935 3526 5006 φίλος
3575 4929 3777 4983 όδυνὼιη

2200 5085 2378 5142 μενος,
2398 5065 2494 5120 καὶ
2512 5063 2738 5131 πείσητε
2755 5058 2974 5120 αὐτοὺς,
2998 5054 3080 5108 δτι
3109 5047 3584 5115 Ἀξιοπιστότερα
3602 5040 3786 5109 τραύ-

2191 5193 2352 5250 ματα
2378 5173 2590 5244 φίλων,
2624 5170 2663 5238 ἣ
2691 5167 2943 5222 ἑκούσια
2973 5159 3281 5233 φιλήματα
3311 5151 3560 5225 ἐχθρῶν,
3593 5145 3775 5212 δέξον-

2196 5305 2288 5342 ται
2339 5281 2479 5356 μετὰ
2526 5277 2728 5349 πολλῆς
2773 5275 2968 5347 ἡδονῆς
3013 5273 3113 5344 τὴν
3141 5264 3528 5338 ικατηγορίαν·
3570 5258 3632 5312 οὐ
3667 5256 3789 5325 γὰρ

2198 5397 2311 5456 τοῖς
2345 5392 2606 5463 ῥήμασιν,
2635 5383 2774 5439 ἀλλὰ.
2807 5384 2877 5452 τῇ
2911 5377 3105 5449 γνώμη
3138 5373 3231 5429 τοῦ
3295 5373 3548 5438 λέγοντος
3602 5375 3776 5432 προσ-

2144 5481 2170 5494 “
2197 5495 2426 5560 ἕξουσιν.
2445 5489 2602 5544 Οὐτω
2622 5484 2956 5560 θεραπεύετε
2983 5480 3112 5543 τοὺς
3142 5478 3408 5546 ἀδελφοὺς
3429 5473 3553 5534 τοὺς
3579 5464 3779 5540 ὐμετές

2204 5615 2350 5672 ρους.
2392 5595 2581 5665 Ἡμεῖς
2603 5592 2703 5661 τῆς
2731 5586 3005 5657 σωτηρίας
3035 5581 3326 5637 ὑπεύθυνοι
3355 5576 3463 5632 τῶν
3494 5572 3778 5642 παρόντων

2207 5704 2380 5774 ὑμῶν,
2417 5702 2573 5772 ὑμεῖς
2606 5696 2708 5767 τῆς
2738 5693 2845 5750 τῶν
2878 5687 3332 5760 ἀπολειφθέντων.
3369 5685 3447 5740 Οὐ
3479 5671 3781 5758 [541δυνάο
