4066 6274
206 349 278 405 69
801 344 865 400 IN
904 335 1423 400 INSCBIPTIONEM
1463 333 1756 391 ALTARIS

1923 331 1991 386 IN
2030 328 2425 388 PRINCIPIUM
2463 328 2815 388 ACTORUM.
2858 328 2899 387 Ι.
3398 335 3465 390 7tl

200 467 478 540 gloriaris?
497 483 568 523 an
603 466 673 521 ob
695 462 940 521 divitias?
983 475 1051 515 au
1081 458 1151 514 ob
1179 466 1354 512 vestes
1400 452 1630 509 sericas?
1676 450 1781 505 Cur

202 577 307 616 nou
336 560 509 630 potius
539 557 740 628 cogitas
763 554 874 609 illas
900 551 1159 608 vermium
1186 563 1305 604 esse
1328 545 1553 601 stamina
1583 550 1639 598 et
1658 541 1783 596 bar-

202 653 451 707 barorum
480 650 751 704 hominum
799 643 1050 700 inventa?
1072 640 1381 697 meretrices
1424 637 1529 691 illis
1557 649 1619 690 ac
1646 631 1784 687 mol-

202 743 300 805 les,
350 751 404 797 et
447 740 810 809 sepulcrorum
859 735 1222 805 perfossores,
1282 745 1346 785 ae
1388 729 1621 783 latrones
1672 725 1786 779 uti?

201 830 420 885 Divitias
444 842 673 899 agnosce
698 826 959 897 legitimas
982 865 998 890 ,
1032 832 1087 878 et
1114 822 1182 877 ab
1221 820 1311 875 illo
1346 816 1561 873 sublimi
1612 828 1779 869 vano-

200 934 304 987 que
324 918 459 973 fastu
500 916 785 987 aliquando
833 913 1112 979 delabere;
1145 919 1347 966 natura:
1376 907 1626 961 vilitatem
1654 918 1783 958 con-

199 1008 394 1063 sidera.
427 1008 593 1063 Terra
637 1023 696 1063 es
726 1015 780 1062 et
823 1005 996 1076 pulvis
1015 1045 1031 1070 ,
1053 1003 1186 1058 cinis
1210 1010 1265 1057 et
1294 998 1502 1065 favilla,
1530 997 1706 1051 fumus
1731 1004 1787 1050 et

200 1101 422 1165 umbra,
461 1099 660 1155 foenum
689 1108 742 1155 et
770 1098 869 1153 llos
912 1097 1057 1151 freni.
1095 1093 1298 1158 Taline,
1330 1106 1545 1161 quaeso,
1596 1099 1783 1143 natura

196 1191 481 1260 gloriaris?
507 1190 642 1258 Quid
659 1205 786 1245 vero
810 1203 928 1244 esse
955 1195 1130 1258 potest
1153 1185 1320 1255 magis
1342 1182 1622 1238 ridiculum
1648 1180 1787 1236 ?At—

196 1280 290 1350 qui
311 1282 490 1337 multis
511 1274 819 1336 hominibus
842 1278 1107 1350 imperas?
1126 1276 1262 1345 Quid
1289 1276 1390 1329 hoc
1420 1276 1513 1329 tibi
1546 1273 1781 1344 prodeSI,

197 1374 343 1444 quod
373 1373 675 1428 hominibus
718 1374 982 1441 imperes,
1012 1385 1133 1424 cum
1165 1367 1625 1438 perturbationum
1669 1374 1786 1417 tua-

197 1479 320 1518 rum
367 1478 554 1518 servus
601 1471 656 1517 et
701 1462 942 1532 captivus
968 1460 1078 1515 sis?
1117 1456 1574 1527 Quemadmodum
1600 1456 1644 1511 si
1668 1454 1787 1525 quis

196 1554 343 1609 domi
368 1554 583 1625 quidem
609 1569 641 1609 a
670 1553 881 1609 famulis
907 1550 1219 1607 verberibus
1244 1564 1308 1603 ae
1325 1548 1627 1602 vulneribus
1652 1561 1784 1600 con-

198 1645 422 1713 cidatur,
458 1645 588 1701 foris
616 1654 795 1701 autem
823 1646 874 1699 in
903 1642 1077 1698 forum
1102 1639 1351 1705 veniens,
1374 1637 1515 1709 quod
1538 1638 1654 1691 aliis
1680 1637 1782 1691 im-

198 1746 369 1806 pcret,
423 1738 719 1808 glorietur:
752 1738 824 1792 ita
852 1752 972 1793 cum
1006 1746 1057 1792 te
1103 1735 1349 1789 verberet
1393 1731 1562 1786 inanis
1600 1729 1785 1798 gloria:

197 1826 483 1897 cupiditas,
506 1842 630 1883 cum
659 1827 755 1882 tibi
786 1827 1003 1881 vulnera
1032 1824 1233 1894 inﬂigat
1260 1823 1464 1878 luxuria
1486 1861 1502 1887 ,
1529 1835 1649 1875 cum
1672 1835 1786 1872 om-

198 1917 348 1971 nium
379 1917 836 1986 perturbationum
862 1931 1052 1972 servus
1078 1916 1174 1981 sis,
1204 1915 1445 1985 gloriaris
1464 1911 1607 1982 quod
1654 1925 1786 1980 gen-

202 2008 385 2062 tilibus
414 2008 516 2062 tuis
554 2008 821 2078 imperes?
846 2009 1020 2077 Atque
1050 2008 1249 2060 utinam
1306 2004 1412 2059 illis
1459 2001 1784 2073 imperares!

199 2097 403 2151 utinam
432 2097 843 2167 mquiparandus
874 2097 978 2151 iliis
1004 2095 1183 2152 esses!

269 2185 323 2239 2.
358 2185 480 2240 Non
506 2186 715 2254 divitiae,
743 2187 831 2241 sed
856 2187 1142 2241 divitiarum
1166 2184 1350 2239 abusus
1376 2182 1791 2237 damnandus.—

197 2277 312 2333 Non
344 2287 401 2332 ut
423 2277 617 2332 divites
638 2293 885 2334 accusem
918 2279 1034 2333 haec
1052 2277 1201 2342 dico,
1235 2277 1328 2332 sed
1359 2291 1451 2330 eos
1476 2277 1565 2345 qui
1592 2274 1788 2329 divitiis

199 2385 476 2439 perperam
508 2380 751 2425 utuntur.
782 2368 963 2440 Neque
988 2369 1129 2424 enim
1162 2369 1360 2423 malum
1395 2377 1519 2422 sunt
1554 2366 1784 2432 divitize,

203 2463 244 2515 si
268 2462 343 2516 eis
365 2470 421 2515 ut
442 2469 653 2531 oportet
682 2462 757 2516 uti
785 2461 1129 2525 voluerimus,
1165 2459 1260 2514 sed
1285 2458 1531 2529 superbia
1560 2466 1615 2513 et
1641 2473 1787 2511 arro-

200 2552 399 2619 gantia.
421 2550 477 2605 Si
499 2549 693 2605 malum
718 2559 901 2607 essent
919 2548 1135 2615 divitiae,
1160 2563 1493 2619 nequaquam
1514 2547 1581 2601 ad
1611 2547 1785 2600 sinum

198 2642 428 2695 Abraha:
458 2641 740 2710 pervenire
766 2651 1073 2711 optaremus
1100 2654 1286 2695 omnes
1310 2680 1325 2706 ,
1352 2639 1443 2710 qui
1469 2636 1788 2693 vernaculos

198 2731 383 2787 habuit
414 2741 682 2789 trecentos
708 2741 763 2788 et
789 2733 1085 2789 octodecim
1117 2732 1363 2789 famulos.
1394 2732 1511 2787 Non
1537 2739 1664 2787 sunt
1690 2731 1790 2802 igi-

198 2834 285 2879 tur
331 2824 529 2878 tualum
558 2824 757 2878 divitize
783 2865 798 2889 ,
826 2823 921 2879 sed
965 2824 1273 2893 illegitimus
1313 2838 1496 2878 earum
1537 2837 1665 2877 usus
1708 2829 1791 2877 est

194 2915 426 2970 malum.
450 2914 519 2969 Et
541 2914 680 2969 sicut
707 2929 876 2984 nuper
897 2913 966 2969 de
995 2913 1252 2970 ebrietate
1278 2913 1437 2968 verba
1460 2914 1661 2968 faciens
1682 2927 1790 2968 non

194 3006 387 3059 vinum
427 3004 743 3060 accusabam
773 3003 848 3078 (a)
879 3022 895 3072 ;
923 3005 1120 3076 quippe
1163 3020 1283 3060 cum
1334 3005 1509 3059 omnis
1546 3013 1790 3060 creatura

194 3092 293 3149 Dei
325 3094 465 3148 bona
488 3134 505 3160 ,
536 3094 770 3165 nihilque
796 3094 1143 3164 rejicieudum
1171 3094 1241 3149 sit
1273 3094 1414 3164 quod
1441 3110 1560 3148 eum
1589 3094 1792 3165 gratia-

196 3200 318 3239 rum
348 3185 557 3240 actioue
584 3186 874 3255 percipitur
895 3186 970 3257 (ι.
994 3185 1129 3239 Tim.
1161 3186 1213 3241 4.
1243 3185 1307 3255 4)
1343 3204 1355 3238 :
1388 3186 1460 3240 ita
1489 3202 1627 3241 nunc
1653 3201 1793 3256 quo-

195 3292 305 3346 que
352 3292 456 3330 non
484 3276 677 3332 divites
703 3292 918 3344 accuso,
960 3292 1135 3347 neque
1162 3277 1412 3347 pecunias
1438 3277 1489 3331 in
1536 3276 1788 3331 invidiam

195 3369 431 3435 adduco,
462 3369 556 3424 sed
586 3369 782 3424 malum
806 3385 959 3425 usum
987 3369 1352 3439 pecuniarum,
1384 3377 1440 3424 et
1467 3368 1557 3438 qui
1587 3367 1640 3422 in
1667 3368 1791 3422 libi-

195 3459 357 3513 dines
395 3458 734 3528 impenditur.
759 3460 1048 3530 Propterea
1087 3472 1314 3530 χρήματα
1342 3458 1419 3530 (b)
1447 3458 1683 3527 pecunia:
1712 3457 1794 3512 di-

195 3560 418 3617 cuntur,
447 3561 503 3606 ut
528 3567 627 3606 nos
654 3552 760 3607 illis
798 3562 1039 3617 utamur,
1068 3562 1123 3607 ct
1164 3566 1272 3607 non
1301 3552 1405 3605 illa:
1444 3552 1595 3606 nobis
1628 3567 1642 3604 :
1673 3564 1795 3619 pro-

194 3650 387 3710 pterea
434 3643 799 3711 possessiones
824 3642 1109 3709 dicuntur,
1141 3651 1199 3696 ut
1243 3657 1342 3696 nos
1378 3642 1495 3696 illas
1525 3641 1796 3710 possidea-

193 3747 359 3795 ntus,
393 3740 450 3785 et
508 3746 614 3787 non
672 3731 777 3786 illa:
834 3746 951 3786 nos.
1002 3731 1107 3787 Cur
1162 3732 1321 3802 igitur
1366 3747 1578 3786 servum
1630 3731 1795 3787 habes

191 3822 519 3876 dominum?
563 3837 658 3876 cur
712 3822 973 3876 invertisti
1017 3822 1295 3878 ordinem?
1339 3824 1409 3877 At
1459 3825 1599 3877 enim
1657 3825 1796 3879 scire

194 3927 552 3982 percupcrem
572 3954 587 3978 ,
615 3911 741 3982 quid
781 3913 856 3966 illi
890 3927 1028 3966 nunc
1068 3920 1228 3981 agant
1253 3913 1343 3982 qui
1373 3913 1651 3967 collectam
1697 3914 1796 3969 de-

198 4010 523 4068 seruerunt,
563 4011 618 4056 et
659 4002 850 4071 quibus
872 4012 1220 4074 occupentur.
1253 4002 1509 4057 Nimirum
1549 4012 1642 4058 aut
1679 4005 1796 4059 alea

200 4094 427 4161 ludunt,
463 4104 554 4147 aut
579 4095 798 4148 omnino
826 4094 988 4149 rebus
1015 4095 1358 4150 smcularibus
1379 4136 1395 4161 ,
1420 4111 1540 4165 quae
1568 4097 1795 4151 tumultu

200 4184 508 4238 redundant
527 4223 541 4248 ,
569 4182 907 4239 distinentur.
940 4183 1036 4239 Hic
1058 4185 1103 4239 si
1130 4184 1375 4250 adesses,
1407 4185 1479 4240 mi
1509 4184 1670 4241 homo
1692 4227 1708 4253 ,
1738 4187 1794 4242 in

201 4277 590 4347 tranquillitate
615 4285 773 4346 atque
798 4277 849 4331 in
878 4286 1030 4347 portu
1052 4293 1200 4333 esses
1220 4295 1233 4331 2
1256 4293 1359 4333 non
1388 4278 1658 4349 ingressus
1686 4278 1795 4334 dis-

202 4376 461 4434 pensator
504 4367 920 4435 iuterturbaret,
974 4383 1082 4423 non
1122 4380 1435 4438 procurator
1481 4370 1793 4440 interpella-

202 4467 312 4521 ret,
366 4474 477 4513 non
534 4457 758 4513 famulus
796 4460 866 4514 ob
912 4461 1186 4515 saecularia
1237 4463 1446 4531 negotia
1496 4462 1793 4518 molestiam

202 4548 442 4612 afferret,
473 4566 577 4605 non
600 4551 736 4607 alius
762 4552 901 4607 ullus
924 4553 1177 4619 irritaret,
1206 4554 1299 4609 sed
1330 4556 1381 4608 iu
1407 4555 1584 4624 quiete
1606 4556 1796 4610 vivens

201 4638 402 4695 divinis
432 4640 745 4696 lectionibus
781 4643 1093 4701 interesses.
1122 4643 1392 4713 Nusquam
1439 4646 1523 4700 hic
1562 4645 1793 4702 fluctus:

203 4747 470 4803 nusquam
525 4734 815 4800 tumultus,
872 4736 969 4791 sed
1028 4736 1329 4792 benedictio
1375 4747 1429 4793 et
1474 4753 1696 4807 preces,
1745 4748 1800 4794 et

204 4836 387 4879 sermo
418 4824 712 4894 spiritualis
736 4865 752 4893 ,
797 4826 928 4881 etin
958 4827 1148 4883 crelum
1191 4829 1579 4898 commigratio,
1610 4837 1665 4885 et
1685 4830 1796 4899 jam

203 4928 266 4967 cx
294 4914 402 4970 hoc
424 4916 542 4970 loco
563 4956 577 4981 ,
606 4926 828 4986 accepto
866 4917 1085 4987 pignore
1116 4918 1264 4988 regni
1308 4920 1593 4987 caelorum,
1625 4920 1799 4976 disce-

203 5003 383 5060 deres.
418 5004 589 5072 Quam
616 5006 685 5060 ob
710 5021 925 5061 causam
951 5008 1258 5077 opulentam
1302 5009 1438 5064 banc
1474 5026 1713 5067 mensam
1744 5020 1797 5066 et

204 5095 485 5163 oniparam
530 5096 783 5152 deserens
806 5139 822 5165 ,
859 5098 924 5152 ad
951 5099 1108 5153 aliam
1154 5101 1321 5154 multo
1350 5101 1711 5159 molestiorem
1746 5112 1799 5158 te

207 5184 527 5239 transtulisti
552 5227 567 5249 .
604 5194 659 5241 et
685 5185 940 5241 derelicto
971 5198 1123 5255 portu
1152 5204 1271 5243 cum
1306 5191 1475 5246 turbis
1504 5194 1797 5262 tranquilli-

207 5284 370 5329 tatem
399 5277 779 5332 commutasti?
807 5280 902 5333 Est
926 5280 1056 5334 illud
1076 5281 1288 5350 quidem
1316 5298 1496 5352 grave,
1524 5284 1666 5354 quod
1689 5300 1795 5340 non

206 5366 461 5422 intersint
488 5385 749 5440 pauperes
769 5412 784 5435 ,
813 5372 902 5442 qui
932 5381 1039 5426 tum
1068 5372 1291 5427 aderant
1318 5392 1330 5426 :
1361 5376 1457 5430 sed
1489 5392 1594 5430 non
1617 5378 1687 5432 ita
1716 5387 1797 5432 ta-

204 5472 326 5513 men
359 5473 524 5528 grave
544 5500 561 5525 ,
591 5469 650 5515 ut
686 5462 826 5531 quod
859 5462 1050 5519 divites
1079 5479 1185 5519 non
1215 5465 1479 5521 intersint.
1512 5468 1646 5535 Quid
1679 5468 1748 5522 ita
1774 5468 1799 5523 ?

204 5611 504 5725 cumadide
534 5626 679 5676 supra
715 5616 886 5667 Homil.
919 5627 1085 5668 contra
1124 5620 1343 5672 Ebriosos
1377 5626 1427 5672 et
1455 5620 1520 5672 de
1562 5629 1796 5676 licsurre-

271 5734 343 5798 (ἐν)
382 5734 426 5785 Α
452 5737 621 5793 verbo,
641 5752 793 5802 nam.“
812 5779 824 5799 ,
848 5741 894 5789 id
923 5749 1015 5803 est,
1043 5747 1167 5799 utor,

1890 446 2042 515 Quod
2078 462 2342 516 pauperes
2385 449 2700 504 necessariis
2728 448 3166 517 occupationibus
3200 448 3487 505 detineat-

1892 546 1998 601 tur,
2032 538 2324 607 quotidiani
2352 539 2547 609 opificii
2578 540 2953 600 sollicitudine.
2983 539 3228 596 manibus
3257 542 3370 598 suis
3398 541 3476 596 vi-

1889 635 2034 683 ctum
2070 629 2171 683 sibi
2200 642 2574 699 comparantes
2603 648 2616 685 :
2644 632 3039 688 educandorum
3067 633 3355 689 liberorum
3384 650 3479 689 eu-

1891 733 2005 773 ram
2028 728 2243 788 gerunt,
2274 734 2495 775 uxorem
2523 731 2754 787 tuentur,
2782 738 2844 777 ac
2876 724 2973 777 nisi
3005 724 3268 790 laborent,
3299 728 3477 781 vivere

1892 822 2182 880 nequeunt.
2217 812 2340 866 lizec
2370 826 2397 864 a
2427 825 2513 866 me
2549 811 2834 879 dicuntur,
2863 829 2967 867 non
3016 825 3071 868 ut
3112 816 3477 871 defensionem

1891 900 1998 954 illis
2043 915 2381 970 componam,
2424 901 2519 957 sed
2565 910 2623 956 ut
2661 902 2853 957 divites
2904 903 3089 972 majori
3143 907 3480 961 accusatione

1890 1006 2013 1047 esse
2073 991 2262 1062 dignos
2318 993 2618 1048 ostendam.
2673 993 2883 1060 Quanto
2945 993 3131 1063 majori
3196 997 3479 1052 securitate

1891 1080 2159 1145 fruuntur.
2190 1092 2335 1138 tanto
2367 1084 2535 1154 magis
2557 1083 2968 1149 damuabuntur,
2992 1084 3132 1153 quod
3156 1085 3312 1139 nullis
3337 1086 3481 1155 ejus-

1891 1173 2033 1228 modi
2061 1174 2221 1229 rebus
2256 1183 2601 1244 occupentur.

1960 1263 2159 1319 Judwis
2180 1266 2374 1335 peiores
2408 1266 2495 1337 qui
2522 1264 2703 1318 absunt
2723 1264 2785 1318 ab
2805 1265 3034 1319 ecclesia.
3065 1296 3136 1305 —
3156 1265 3345 1321 Nonne
3380 1266 3478 1322 Ju-

1890 1351 2035 1407 daeos
2068 1353 2259 1409 videtis
2282 1396 2298 1422 ,
2332 1355 2441 1409 Deo
2489 1355 2751 1415 rebelles.
2784 1357 2871 1425 qui
2915 1354 3134 1425 Spiritui
3174 1369 3357 1411 sancto
3403 1375 3482 1415 re-

1891 1445 2119 1509 sistunt,
2179 1446 2342 1501 duros
2386 1446 2503 1501 illos
2551 1447 2798 1501 cervice?
2847 1448 2940 1501 llis
2996 1450 3214 1503 omnino
3271 1450 3478 1520 pejores

1890 1546 2050 1603 sunt,
2086 1536 2176 1607 qui
2220 1553 2323 1592 non
2372 1547 2654 1591 venerunt.
2684 1536 2794 1591 Illis
2844 1538 2886 1591 si
2945 1538 3177 1594 dixerint
3222 1541 3479 1595 sacerdo-

1890 1636 1972 1682 tes
2020 1637 2223 1696 septem
2266 1626 2457 1682 diebus
2497 1628 2563 1681 ab
2604 1628 2855 1697 oneribus
2897 1629 3244 1696 cessandum,
3277 1632 3360 1685 vel
3386 1632 3481 1686 de-

1889 1734 2006 1777 cem
2032 1761 2046 1787 ,
2080 1720 2164 1774 vel
2208 1720 2434 1790 viginti,
2478 1721 2562 1775 vel
2616 1722 2861 1790 triginta,
2912 1737 3014 1775 non
3065 1724 3476 1778 contradicunt:

1892 1814 2103 1867 tametsi
2135 1813 2259 1882 quid
2290 1813 2376 1866 illa
2404 1816 2678 1868 vacatione
2706 1814 2982 1868 molestius
3008 1814 3117 1868 fieri
3145 1817 3358 1884 potest?
3386 1815 3480 1871 Fo-

1891 1916 1978 1955 res
2008 1901 2294 1955 occludunt
2313 1943 2328 1967 ,
2359 1917 2459 1956 nec
2487 1903 2661 1972 ignem
2688 1902 3021 1962 accendunt.
3055 1920 3154 1957 nec
3183 1921 3372 1974 aquam
3405 1906 3482 1961 fe-

1892 1998 2050 2055 runt,
2084 2007 2254 2061 neque
2295 1992 2438 2046 aliud
2475 1993 2761 2063 quidquam
2803 1994 2868 2047 ad
2897 1994 3158 2062 ejusmodi
3203 2012 3352 2049 usum
3382 2012 3477 2067 ag-

1891 2081 2041 2151 gredi
2069 2082 2172 2137 illis
2214 2084 2574 2153 permittitur:
2607 2084 2711 2155 sed.
2728 2084 2839 2138 otio
2862 2093 3128 2153 tamquam
3159 2097 3344 2141 catena
3374 2089 3480 2141 viu-

1891 2173 2123 2240 ciuntur,
2152 2184 2205 2229 et
2231 2189 2297 2228 ne
2337 2183 2446 2229 tum
2468 2174 2681 2245 quidem
2714 2176 3104 2231 coalradicunt.
3130 2179 3197 2230 At
3225 2193 3324 2245 ego
3348 2177 3479 2232 nihil

1893 2263 1999 2318 tale
2023 2262 2143 2317 dico
2164 2306 2180 2330 ,
2212 2279 2318 2319 non
2362 2265 2566 2336 impero
2594 2275 2647 2318 ut
2677 2275 2879 2334 septem
2911 2266 3165 2322 deeemve
3199 2267 3387 2322 diebus
3411 2268 3481 2321 ab

1892 2354 2145 2424 operibus
2172 2356 2460 2422 abstineas,
2492 2358 2587 2412 sed
2613 2358 2747 2412 duas
2770 2358 2899 2412 mihi
2924 2359 3029 2415 diei
3065 2360 3221 2413 horas
3251 2370 3302 2413 ut
3331 2375 3479 2414 com-

1891 2444 2097 2511 modes,
2122 2446 2354 2516 reliquas
2398 2450 2511 2517 ipse
2533 2448 2627 2503 tibi
2659 2449 2856 2504 habeas
2876 2492 2888 2513 ,
2917 2459 2971 2504 et
3006 2466 3074 2504 ne
3104 2450 3239 2504 hanc
3261 2451 3478 2520 quidem

1891 2537 2021 2591 mihi
2055 2553 2359 2594 mensuram
2407 2541 2721 2595 contribuis.
2754 2541 2863 2595 lmo
2894 2557 3022 2594 vero
3066 2541 3193 2595 mihi
3239 2558 3303 2595 ne
3341 2558 3481 2595 eom-

1892 2629 2079 2683 modes
2105 2629 2237 2683 duas
2277 2629 2470 2694 horas,
2511 2631 2606 2685 sed
2640 2632 2731 2686 tibi
2762 2631 2882 2701 ipsi,
2928 2640 2985 2685 ut
3014 2648 3077 2685 ex
3108 2633 3346 2687 oratione
3392 2648 3481 2700 pa-

1892 2725 2032 2771 trum
2079 2720 2311 2789 aliquam
2343 2720 2762 2775 consolationem
2813 2722 3115 2791 percipias,
3156 2730 3214 2775 ut
3261 2722 3482 2778 benedi-

1893 2808 2159 2863 ctionibus
2185 2810 2375 2881 plenus
2406 2810 2653 2878 recedas,
2687 2821 2745 2865 ut
2788 2812 2932 2865 omni
2980 2828 3042 2866 ex
3086 2822 3232 2881 parte
3260 2829 3483 2870 securus

1893 2898 2079 2966 abeas,
2106 2909 2164 2953 ut
2188 2900 2548 2970 spiritualibus
2573 2906 2807 2972 acceptis
2827 2904 2989 2957 armis
3019 2903 3246 2958 invictus
3269 2904 3482 2959 diabolo

1895 2997 1950 3042 et
1976 2990 2396 3061 inexpugnabilis
2422 2990 2536 3047 fias.
2567 2992 2703 3060 Quid
2724 2994 3008 3062 jucundius
3029 3034 3044 3059 ,
3075 3010 3291 3064 qtueso,
3323 3010 3482 3064 quam

1896 3079 1984 3133 hic
2004 3083 2200 3136 versari
2223 3082 2246 3136 ?
2274 3082 2328 3138 Si
2352 3084 2493 3137 enim
2523 3093 2662 3137 t0tos
2682 3083 2797 3138 dies
2828 3083 2915 3140 hic
2944 3085 3237 3155 transigere
3264 3101 3483 3144 neocsse

1895 3181 2058 3237 esset,
2087 3172 2213 3243 quid
2245 3174 2593 3243 praeclarius?
2621 3174 2745 3243 quid
2781 3176 2964 3239 tutius,
3000 3176 3085 3231 ubi
3118 3186 3195 3231 tut
3225 3187 3349 3232 sunt
3376 3179 3482 3233 frao

1897 3271 2025 3328 tres,
2056 3263 2143 3318 ubi
2171 3262 2397 3334 Spiritus
2419 3275 2659 3334 sanctus,
2687 3266 2773 3321 ubi
2807 3268 3014 3323 medius
3039 3269 3214 3334 Jesus,
3247 3281 3300 3324 et
3326 3271 3484 3326 Pater

1894 3352 2052 3422 ejus?
2086 3352 2305 3422 Qualem
2343 3354 2500 3410 aliam
2544 3358 2702 3413 talem
2748 3362 3213 3431 congregationem
3247 3362 3485 3433 quaeris?

1895 3444 2107 3511 qualem
2131 3446 2294 3499 alium
2322 3450 2607 3502 senatum?
2628 3449 2842 3519 qualem
2870 3463 3190 3507 conventuin
3214 3455 3236 3508 ?
3263 3456 3365 3509 Τυι
3391 3455 3486 3509 bo-

1898 3535 1983 3587 nis
2012 3534 2205 3588 referta
2233 3547 2314 3590 est
2345 3553 2549 3605 mensa,
2574 3548 2652 3593 tot
2689 3540 2847 3594 lectio
2875 3541 3186 3612 Scriptum,
3212 3554 3287 3598 tot
3316 3546 3483 3600 bene-

1898 3625 2181 3692 d.ctiones,
2212 3636 2287 3682 tot
2314 3644 2518 3697 preces,
2543 3639 2621 3685 tot
2648 3632 2747 3701 ipsi
2774 3648 3092 3703 congressus
3122 3654 3134 3689 :
3165 3646 3220 3691 et
3249 3646 3300 3690 tu
3328 3639 3485 3693 aliam

1899 3720 2357 3775 conversationem
2380 3731 2432 3776 et
2462 3722 2725 3793 colloquia
2753 3736 2963 3794 spectas
2986 3727 3010 3781 ?
3038 3728 3276 3796 Quanam
3307 3743 3485 3785 autem

1899 3810 2053 3863 venia
2082 3808 2274 3879 dignus
2296 3811 2632 3868 censebere?
2664 3814 2789 3869 llaec
2830 3831 2858 3869 a
2901 3832 2985 3871 me
3013 3818 3153 3872 dicta
3194 3829 3351 3886 sunt,
3381 3837 3485 3875 non

1901 3909 1959 3953 ut
1984 3913 2078 3954 vos
2106 3900 2333 3956 audiatis
2362 3920 2373 3954 :
2409 3918 2586 3972 neque
2614 3904 2758 3959 enim
2788 3920 2885 3960 vos
2911 3908 3315 3962 medicamentis
3338 3913 3484 3979 ejus-

1901 3993 2044 4047 modi
2072 3993 2337 4065 indigetis,
2365 3995 2455 4065 qui
2484 3996 2614 4065 ipsis
2638 3998 2888 4066 operibus
2910 4013 3070 4055 sanos
3098 4016 3194 4055 vos
3211 4017 3332 4057 esse
3350 4017 3489 4057 cotu-

1901 4085 2205 4154 probastis,
2254 4085 2347 4156 qui
2397 4086 2666 4152 obeditis,
2713 4090 2801 4157 qui
2836 4097 2983 4143 tanto
3028 4092 3205 4147 studio
3255 4105 3487 4150 vestrum

1899 4189 2137 4229 amorem
2159 4176 2471 4232 ostendistis
2496 4194 2510 4231 :
2534 4178 2627 4233 sed
2656 4178 2723 4233 ad
2754 4195 2846 4234 vos
2869 4180 2985 4237 huic
3008 4181 3150 4237 dicta
3178 4194 3302 4239 sunt
3325 4201 3355 4240 a
3378 4203 3485 4255 me,

1899 4276 1959 4321 ut
1986 4283 2051 4321 ex
2079 4268 2227 4322 vobis
2256 4269 2475 4324 audiant
2501 4270 2590 4340 qui
2620 4286 2723 4325 non
2753 4272 2969 4327 adsunt.
2997 4273 3174 4329 Nolite
3202 4276 3380 4333 dicere
3405 4294 3486 4333 so-

1900 4359 2009 4413 lum
2044 4374 2074 4411 a
2106 4374 2191 4413 me
2216 4370 2494 4415 accusatos
2522 4376 2616 4416 eos
2644 4378 2764 4417 esse
2797 4364 2886 4432 qui
2929 4381 3033 4418 non
3064 4381 3321 4421 venerunt
3347 4410 3361 4433 ,
3391 4370 3489 4424 sed

1903 4456 2067 4503 totam
2109 4465 2139 4502 a
2184 4450 2441 4519 principio
2473 4450 2575 4504 illis
2615 4452 2911 4506 orationem
2954 4465 3185 4509 narrate.
3222 4457 3489 4515 Remeato

1902 4541 2009 4596 illis
2050 4542 2100 4595 iu
2150 4543 2458 4597 memoriam
2485 4541 2734 4607 .ludaeos,
2776 4553 3025 4598 revocate
3074 4546 3125 4598 in
3174 4554 3485 4603 memoriam

1902 4634 2115 4703 negotia
2147 4633 2419 4688 saecularia
2453 4650 2465 4686 :
2495 4632 2656 4687 dicite
2683 4644 2882 4704 quanto
2911 4637 3249 4703 praestantior
3275 4640 3345 4693 sit
3386 4640 3489 4695 iste

1902 4735 2240 4778 conventus:
2271 4723 2429 4779 dicite
2459 4733 2711 4794 quantum
2742 4740 2865 4794 erga
2900 4740 2986 4780 res
3024 4727 3324 4784 mundanas
3370 4741 3483 4786 stu-

1903 4814 2048 4870 dium
2077 4814 2401 4882 exhibeant,
2432 4816 2594 4870 dieite
2631 4825 2827 4886 quanta
2855 4831 3063 4872 merces
3090 4818 3211 4873 illos
3241 4834 3482 4885 maneat,

1904 4905 1991 4975 qui
2012 4904 2099 4959 hic
2122 4915 2529 4975 congregantur.
2552 4905 2607 4961 Si
2630 4908 2772 4961 enim
2795 4915 2995 4962 tantum
3019 4908 3259 4964 dixeritis
3280 4928 3494 4967 accusa-

1904 4996 2121 5052 tosillos
2144 5012 2174 5051 a
2196 5011 2280 5052 me
2303 4996 2489 5064 fuisse,
2513 4998 2643 5052 iram
2671 4999 2989 5066 excitabitis,
3013 5009 3066 5057 et
3082 5002 3275 5059 vulnus
3297 5004 3499 5076 inﬂige-

1904 5087 1993 5151 tis,
2011 5103 2116 5141 non
2145 5087 2461 5143 medicinam
2486 5089 2843 5145 admovebitis
2873 5108 2886 5143 :
2913 5093 2994 5147 sin
3025 5102 3203 5149 autem
3242 5095 3362 5151 illos
3390 5098 3481 5152 do-

1903 5182 2122 5237 cueritis
2150 5198 2234 5238 me
2259 5200 2365 5238 non
2389 5193 2654 5254 tamquam
2680 5187 2949 5242 inimicum
2971 5204 3271 5255 accusasse,
3302 5209 3487 5250 verum

1903 5282 2172 5345 tamquam
2201 5278 2433 5333 amicum
2460 5279 2766 5348 indoluisse,
2791 5289 2951 5353 atque
2972 5283 3076 5339 illis
3096 5289 3489 5355 persuaseritis,

1905 5367 2169 5424 Fideliora
2220 5387 2325 5424 esse
2388 5374 2595 5427 vulnera
2647 5375 2959 5441 amicorum,
3013 5394 3165 5446 quam
3212 5390 3490 5447 spontanee

1905 5463 2079 5517 oscula
2106 5462 2425 5516 inimicorum
2454 5462 2636 5534 (Prov.
2666 5466 2755 5519 27.
2785 5465 2872 5534 6),
2901 5469 3294 5521 accusationem
3322 5469 3488 5523 multa

1903 5569 2024 5609 cum
2056 5554 2325 5623 voluptate
2371 5555 2661 5624 suscipient
2690 5574 2703 5607 :
2734 5570 2838 5608 nou
2882 5556 3021 5608 enim
3056 5557 3123 5610 ad
3155 5558 3351 5624 verba,
3396 5561 3489 5615 sed

1905 5645 1968 5699 ad
2000 5646 2313 5700 sententiam
2342 5645 2570 5701 dicentis
2604 5644 2900 5699 attendent.
2934 5645 3008 5699 ita
3046 5648 3237 5703 fratres
3282 5660 3487 5707 vestros

1908 5747 2109 5795 curate.
2134 5739 2295 5796 Nobis
2334 5739 2518 5795 salutis
2560 5736 2797 5793 onmium
2836 5748 3111 5808 vestrum,
3138 5740 3226 5812 qui
3255 5743 3488 5809 adestis,
