4066 6274
543 293 607 349 “ll
1255 287 1310 345 S.
1351 283 1631 344 JO.\NNIS
1665 281 2142 339 CllRYSOSTONll
2183 281 2498 341 ARCIHEP.
2539 285 3074 344 C(HSTANTINOP;
3788 289 3884 342 7?

539 421 622 462 est
642 409 776 462 ratio
796 404 1276 469 reddenda,vobis,
1303 417 1488 460 eorum
1510 407 1597 471 qui
1623 405 1835 454 absunt.
1855 400 1970 451 Non
1999 411 2126 466 pos-

539 513 725 553 sumus
766 499 864 567 ipsi
900 513 995 566 per
1031 512 1130 551 nos
1157 512 1278 552 cum
1319 495 1421 550 illis
1456 494 1510 548 in
1548 490 1869 559 colloquium
1911 486 2128 554 venire,

540 607 638 662 per
665 607 756 646 vos
775 606 896 647 cum
925 591 1028 646 illis
1055 590 1114 645 in
1137 588 1462 659 colloquium
1489 586 1766 640 veniamus
1786 623 1800 645 ,
1823 594 1877 637 ct
1906 595 2000 650 per
2032 594 2128 633 ve-

541 698 705 741 stram
733 685 1084 741 eruditionem
1119 702 1132 738 :
1163 686 1235 740 sit
1261 681 1418 737 nobis
1448 679 1615 733 instar
1644 677 1821 746 pontis
1855 670 2130 742 cujusdam

540 796 664 849 erga
693 778 811 833 illos
843 779 1041 833 caritas
1078 788 1303 832 vestra:
1335 772 1539 828 efficite
1559 780 1615 824 ut
1649 784 1746 839 per
1780 767 2014 837 linguam
2042 779 2133 820 ve-

542 879 706 923 stram
738 869 904 922 nostri
935 881 1213 922 sermones
1237 864 1311 919 ad
1346 863 1556 917 illorum
1596 873 1754 914 aures
1782 855 2130 925 trajiciuntur.

541 961 815 1017 Sulticient
841 959 1072 1013 fortasse
1110 972 1229 1027 qua:
1270 954 1501 1009 diximus
1524 951 1590 1006 de
1628 949 1753 1011 illis,
1783 947 1872 1017 qui
1891 946 2134 1001 collecta:

544 1070 653 1109 non
682 1055 968 1115 intersunt,
999 1065 1172 1118 neque
1201 1045 1487 1118 quidquam
1517 1052 1600 1098 est
1643 1038 1968 1095 addendum.
1998 1036 2132 1092 Nam

543 1148 692 1218 plura
721 1143 935 1215 quidem
962 1141 1141 1197 dicere
1171 1140 1554 1210 potuissemus,
1584 1133 1679 1189 sed
1719 1148 1786 1188 ne
1806 1140 1972 1187 totum
2001 1139 2136 1184 tem-

543 1255 645 1310 pus
672 1238 723 1293 iu
754 1235 1015 1305 ejusmodi
1046 1232 1414 1288 accusationes
1444 1225 1834 1296 impendamus,
1863 1230 1918 1278 et
1944 1221 2010 1275 ad
2037 1235 2134 1275 vos

2237 403 2488 471 inscripta
2515 409 2606 456 est'
2621 411 2674 455 et
2700 410 2900 472 tropaea
2932 410 2998 456 et'
3022 417 3108 458 res
3132 416 3324 457 omnes
3361 401 3617 471 pra‘clare
3641 413 3777 472 gest
3806 424 3868 456 --.

2235 491 2311 548 Ita
2342 491 2562 547 facimus
2593 493 2750 547 etiam
2771 535 2785 560 ,
2814 509 2934 548 cum
2963 493 3241 564 epistolam
3273 496 3644 562 acceperimus
3679 518 3693 552 :
3732 514 3868 549 ηυιι

2235 583 2492 638 continuo
2521 584 2791 638 vinculum
2817 584 3092 647 solvimus,
3127 588 3577 656 nequecontinuo
3601 603 3732 656 qua:
3765 589 3868 640 in-

2237 685 2323 732 tus
2351 677 2517 732 latent
2542 718 2558 741 ,
2593 677 2816 747 legimus
2848 697 2861 733 :
2891 677 2986 732 sed
3013 677 3247 732 exterius
3274 678 3497 746 positam
3527 679 3866 749 inscriptio-

2237 785 2361 826 nem
2403 769 2548 840 prius
2587 772 2952 841 percurrimus
2979 813 2994 836 ,
3025 779 3091 825 et
3115 785 3185 825 ex
3222 769 3311 826 illa
3353 769 3610 826 discimus
3646 781 3706 826 et
3747 772 3864 841 qui

2238 863 2470 929 miserit,
2487 872 2540 918 et
2577 877 2605 915 a
2636 862 2934 933 quorecipi
2963 861 3170 916 debeat.
3202 864 3394 916 Annon
3428 862 3588 932 igitur
3630 861 3862 915 absur-

2237 952 2364 1008 dum
2391 963 2495 1017 est,
2525 961 2582 1006 ut
2610 953 2664 1007 in
2690 953 2850 1008 rebus
2871 953 3084 1023 quidem
3115 952 3690 1007 sa'cuiaribustantum
3719 964 3860 1008 stu-

2239 1043 2312 1098 dii
2335 1043 2718 1108 adhibeamus,
2743 1057 2916 1112 neque
2940 1057 3406 1109 commoveantur,
3433 1053 3524 1098 aut
3550 1045 3859 1112 perturbe-

2239 1150 2379 1201 mur,
2407 1133 2500 1189 sed
2526 1134 2717 1190 ordine
2739 1134 2943 1203 singula
2979 1149 3354 1204 percurramus
3383 1155 3397 1190 :
3429 1135 3528 1189 hoc
3553 1149 3686 1189 vero
3715 1135 3868 1188 locis

2237 1242 2380 1297 agre
2428 1226 2698 1293 feramus,
2744 1236 2798 1283 et
2839 1228 3117 1282 confestim
3164 1227 3371 1281 initium
3413 1228 3867 1298 aggrediamur?

544 1333 690 1402 ipsos
712 1371 732 1396 ,
766 1328 853 1398 qui
890 1324 1117 1389 adestis,
1141 1323 1272 1377 hinc
1296 1321 1496 1376 utilitas
1526 1317 1667 1372 nulla
1699 1317 1965 1378 dimanet,
1997 1327 2131 1383 age,

545 1424 698 1478 vobis
722 1424 887 1476 etiam
917 1417 1188 1473 insolitum
1218 1429 1281 1469 ac
1310 1427 1505 1468 novum
1543 1408 1809 1481 quoddam
1853 1405 2133 1475 opsonium

545 1525 884 1586 apposiamus
917 1526 930 1562 :
974 1507 1246 1563 insolitum
1293 1513 1470 1556 autem
1513 1515 1576 1555 ac
1616 1513 1809 1552 novum
1845 1496 1998 1562 dico,
2027 1509 2133 1548 non

548 1603 730 1658 habita
753 1601 970 1657 ratione
987 1612 1184 1653 mensa:
1210 1593 1500 1667 spiritualis
1520 1632 1536 1660 ,
1568 1589 1664 1648 sed
1692 1589 1899 1645 aurium
1927 1594 2134 1642 vestra-

547 1711 664 1752 rum
697 1694 874 1749 habit‘a
905 1692 1129 1747 ratione.

619 1789 671 1843 3.
700 1783 1079 1854 Superioribus
1105 1779 1240 1852 apud
1263 1794 1358 1834 vos
1379 1777 1569 1834 diebus
1593 1775 1663 1835 de
1683 1772 1989 1845 apostolicis
2017 1785 2137 1825 ver-

546 1878 628 1934 bis
660 1918 676 1944 ,
705 1875 877 1944 deque
929 1871 1246 1943 evangelicis
1292 1868 1674 1930 disseruimus,
1721 1879 1842 1920 cum
1889 1861 1958 1917 de
1999 1861 2133 1917 Juda

547 1969 706 2024 verba
735 1966 1029 2022 faceremus
1059 1963 1134 2034 (η)
1169 1981 1181 2015 :
1209 1960 1560 2016 disseruimus
1583 1967 1636 2011 et
1668 1955 1736 2011 de
1768 1951 2088 2025 prepheticis
2117 1968 2132 2016 ;

550 2059 808 2114 hodierno
841 2056 928 2110 die
965 2054 1209 2109 volumus
1254 2051 1322 2106 de
1366 2050 1742 2120 Apostolorum
1784 2047 1931 2101 Actis
1974 2043 2134 2099 verba

546 2151 746 2206 facere.
777 2149 1063 2216 PrOpterea
1089 2145 1360 2198 insolitum
1387 2141 1496 2196 dixi
1523 2138 1802 2210 opsonium
1830 2146 1884 2192 et
1911 2151 2018 2190 non
2050 2135 2136 2188 in-

547 2243 784 2296 solitum.
811 2239 926 2294 Non
959 2237 1228 2292 insolitum
1273 2233 1485 2305 quidem
1511 2275 1526 2299 ,
1550 2231 1693 2301 quod
1725 2229 1796 2284 ad
1819 2229 2012 2283 seriem
2051 2241 2138 2280 sa-

548 2349 758 2388 crarum
817 2330 1078 2401 pertineat
1123 2328 1516 2398 Scripturarum
1551 2341 1565 2377 :
1608 2322 1875 2377 insolitum
1919 2327 2094 2374 autem
2119 2358 2134 2382 ,

547 2423 690 2493 quod
734 2437 889 2477 aures
931 2422 1153 2474 fortasse
1195 2425 1385 2470 vestra:
1433 2414 1650 2468 minime
1694 2413 1800 2467 sint
1848 2409 2138 2464 narrationi

549 2512 811 2582 ejusmodi
858 2520 1102 2565 assuetae.
1132 2506 1306 2560 Multis
1331 2505 1542 2576 quidem
1574 2511 1721 2557 certe
1748 2517 1846 2556 nec
1872 2510 2028 2555 notus
2054 2508 2138 2555 est

552 2607 688 2660 liher
717 2605 814 2658 iste
846 2619 858 2655 :
889 2617 921 2657 a
961 2600 1139 2654 multis
1167 2612 1351 2652 rursus
1379 2611 1499 2651 eum
1524 2595 1700 2650 clarus
1726 2603 1779 2647 et
1815 2603 2032 2662 apertus
2058 2593 2138 2646 vi-

551 2700 760 2763 d:-atur,
791 2706 968 2751 tamen
997 2691 1356 2748 contemnitur
1388 2707 1399 2743 τ
1434 2699 1488 2745 et
1517 2689 1599 2742 his
1624 2686 1846 2756 quidem
1866 2685 2097 2755 cognitio
2119 2725 2136 2754 ,

553 2791 654 2846 illis
680 2797 856 2843 autem
885 2785 1176 2858 ignorantia
1217 2781 1550 2836 occasionem
1585 2777 1740 2832 aliert
1780 2776 2136 2847 negligentiae.

552 2881 619 2938 Ut
645 2880 803 2951 igitur
827 2889 881 2933 et
909 2877 997 2945 qui
1023 2891 1127 2930 non
1159 2880 1420 2928 noverunt
1441 2912 1460 2938 ,
1490 2877 1545 2925 et
1571 2870 1656 2940 qui
1688 2869 1832 2924 clare
1857 2883 1914 2922 se
1945 2866 2144 2922 intelli-

549 2991 677 3047 gere
703 2973 1046 3034 arbitrantur,
1077 2967 1270 3022 multas
1295 2964 1348 3019 in
1378 2979 1443 3018 eo
1473 2961 1758 3033 profundas
1786 2969 1838 3016 et
1865 2959 2139 3014 abstrusas

553 3081 673 3123 esse
701 3063 996 3127 sententias
1014 3062 1221 3116 discant
1245 3100 1261 3124 ,
1297 3073 1474 3127 operae
1509 3055 1735 3126 pretium
1768 3053 1920 3108 fuerit
1952 3052 2140 3108 ambo-

554 3175 670 3214 rum
712 3154 1083 3226 negligentiam
1116 3150 1373 3204 hodierno
1397 3148 1483 3201 die
1510 3147 1798 3216 corrigere.
1829 3143 1983 3198 Prius
2008 3144 2144 3198 scia-

556 3262 675 3304 mus
703 3261 838 3315 opus
865 3252 948 3298 est
969 3285 982 3306 ,
1023 3241 1141 3310 quis
1167 3240 1359 3295 librum
1386 3237 1659 3304 scripserit
1689 3253 1702 3287 :
1734 3236 1817 3289 hic
1842 3235 1984 3288 enim
2005 3233 2142 3305 opti-
2170 3303 2172 3306 ν

559 3352 678 3392 Inus
708 3332 1065 3404 indagationis
1095 3339 1177 3384 est
1205 3328 1337 3382 ordo
1357 3369 1372 3394 ,
1405 3337 1460 3381 ut
1497 3325 1565 3381 de
1593 3334 1810 3380 auctore
1836 3323 2138 3391 videamus,

557 3443 626 3481 an
664 3427 823 3480 homo
848 3423 955 3488 sit,
985 3436 1050 3475 an
1081 3435 1208 3476 vero
1235 3419 1372 3473 Deus
1400 3435 1416 3473 :
1443 3433 1505 3471 ac
1534 3417 1577 3471 si
1603 3416 1764 3470 homo
1791 3415 2004 3485 quidem
2040 3415 2140 3481 sit,

557 3519 862 3586 rejiciamus
898 3530 912 3568 :
950 3513 1126 3568 Nolite
1171 3512 1313 3568 enim
1341 3553 1355 3574 ,
1397 3510 1591 3580 inqttit,
1637 3525 1813 3563 vocare
1849 3508 2141 3578 magistrum

556 3627 708 3680 super
735 3618 917 3662 terram
944 3606 964 3678 (
991 3604 1175 3660 Matth.
1203 3603 1294 3658 ‘25.
1318 3601 1372 3672 8)
1403 3620 1416 3656 :
1447 3604 1528 3657 sin
1555 3613 1732 3655 autem
1762 3601 1921 3665 Deus,
1951 3598 2144 3653 admit-

559 3710 730 3752 tantus
765 3716 778 3751 :
809 3694 1038 3751 cmlestis
1079 3693 1220 3748 enim
1261 3701 1341 3747 est
1370 3700 1425 3746 et
1451 3706 1677 3761 superna
1709 3690 1888 3746 schola
1921 3697 2101 3743 nostra
2125 3729 2140 3753 ,

559 3789 821 3859 siquidem
861 3787 976 3841 talis
1019 3796 1101 3841 est
1139 3783 1367 3855 dignitas
1393 3782 1547 3852 hujus
1590 3781 1819 3847 theatri,
1853 3790 1909 3834 ut
1938 3780 2005 3835 ab
2043 3779 2139 3834 ho-

559 3880 790 3936 minibus
816 3877 968 3943 nihil,
994 3876 1088 3932 sed
1118 3891 1211 3946 per
1240 3873 1483 3928 hcinines
1511 3888 1539 3926 a
1575 3873 1682 3927 Deo
1709 3873 1999 3926 discamus.

632 3968 792 4024 Tituli
817 3967 1100 4033 Scriptura!
1121 3980 1217 4017 non
1259 3963 1608 4032 praetereundi.
1639 3989 1704 4002 -—
1733 3958 2142 4029 Disquirendum

558 4062 712 4117 nobis
732 4069 844 4123 est,
869 4059 988 4128 quis
1021 4055 1298 4123 scripserit
1316 4096 1330 4116 ,
1359 4064 1411 4109 et
1437 4052 1648 4123 quando
1677 4052 1971 4122 scripserit,
1996 4059 2052 4105 et
2077 4052 2143 4106 de

559 4151 773 4220 quibus,
801 4157 856 4202 et
878 4163 980 4216 qua
1001 4145 1070 4200 de
1098 4159 1257 4198 causa
1288 4153 1610 4212 prmceptum
1639 4143 1726 4209 sit,
1754 4155 1811 4197 ut
1849 4143 1936 4198 ille
1964 4144 2015 4198 in
2045 4143 2145 4199 hac

559 4239 892 4294 solemnitate
939 4241 1203 4306 egeretur.
1232 4231 1363 4288 Nam
1393 4242 1505 4287 toto
1529 4232 1768 4288 fortassis
1793 4249 1932 4289 anno
1956 4234 2056 4306 legi
2081 4234 2146 4288 li-

567 4331 720 4384 brum
749 4342 851 4382 non
877 4327 1085 4381 auditis.
1146 4323 1432 4380 Enimvero
1471 4324 1572 4382 hoc
1597 4341 1806 4399 quoque
1833 4342 1991 4383 nosse
2019 4343 2142 4396 pro-

564 4423 684 4476 dest
713 4441 726 4476 :
757 4431 821 4473 ac
847 4416 1039 4473 deinde
1069 4416 1416 4486 quaerendum
1441 4425 1520 4471 est
1589 4433 1690 4484 qua
1723 4417 1790 4474 de
1816 4433 1973 4473 causa
2003 4416 2144 4472 lnmc

562 4513 772 4569 titulum
799 4525 909 4583 prae
947 4525 1007 4564 se
1049 4513 1212 4575 ferat,
1239 4509 1367 4563 Acta
1389 4510 1767 4579 Apostolorum.
1796 4508 1979 4579 Neque
2000 4509 2142 4565 enim

563 4618 767 4661 temere
796 4599 1146 4672 praetereundi
1181 4609 1306 4654 sunt
1335 4600 1470 4654 tituli
1495 4641 1508 4664 ,
1539 4615 1710 4669 neque
1738 4600 2017 4654 confestim
2046 4600 2145 4654 ini-

557 4699 688 4752 tium
710 4694 829 4749 libri
852 4691 1216 4762 attingendum
1243 4699 1326 4746 est
1356 4711 1369 4746 :
1397 4690 1490 4746 sed
1523 4693 1667 4759 prius
1691 4689 1808 4744 libri
1842 4705 2036 4744 nomen
2061 4692 2144 4744 vi-

557 4786 812 4843 dendum.
840 4784 972 4840 Nam
998 4782 1445 4854 quemadmodum
1489 4783 1542 4837 in
1570 4783 1721 4838 nobis
1756 4797 1824 4837 ex
1855 4782 2030 4853 capite
2060 4798 2146 4836 re-

559 4878 761 4948 liquum
800 4892 995 4947 corpus
1039 4877 1099 4930 fit
1127 4874 1336 4940 notius,
1383 4883 1438 4929 et
1463 4889 1692 4942 superne
1737 4872 2022 4929 imminens
2071 4873 2142 4928 illi

555 4967 723 5023 iacies
747 4965 1084 5021 manifestum
1125 4964 1255 5018 illud
1304 4963 1475 5019 reddit
1501 5004 1516 5030 ,
1545 4964 1621 5019 sic
1643 4979 1673 5017 a
1698 4963 1958 5034 superiori
1997 4973 2146 5034 parte

559 5059 842 5125 impositus
865 5056 1027 5111 textui
1061 5055 1244 5111 titulus
1265 5055 1317 5110 in
1347 5055 1520 5111 fronte
1539 5057 1799 5126 reliquam
1824 5055 2144 5126 scripturam

558 5150 724 5204 efficit
759 5149 1048 5203 nctiorem.
1093 5147 1282 5202 Nonne
1329 5146 1432 5202 hoc
1469 5147 1663 5202 videtis
1696 5148 1748 5200 in
1781 5146 1942 5217 regiis
1983 5147 2142 5201 etiam

559 5241 900 5314 imaginibus,
931 5247 992 5295 ut
1019 5255 1229 5295 sursum
1260 5239 1474 5308 quidem
1503 5242 1672 5310 posita
1699 5240 1768 5295 sit
1798 5241 1992 5310 imago,
2025 5254 2146 5310 quae

559 5337 698 5407 regis
721 5347 914 5388 nomen
943 5330 1259 5399 inscriptum
1290 5331 1468 5395 habet,
1493 5331 1712 5386 inferius
1743 5331 1794 5386 in
1827 5330 1937 5384 basi
1967 5331 2146 5384 trium-

559 5431 695 5498 phus
737 5425 912 5498 regis,
944 5422 1194 5479 victorias
1229 5433 1284 5481 et
1321 5423 1573 5493 praeclara
1611 5423 1844 5479 facinora
1894 5423 2146 5493 inscripta

559 5519 762 5576 habet?
790 5517 934 5574 Idem
966 5517 1016 5573 in
1047 5516 1339 5588 Scripturis
1365 5517 1488 5573 licet
1516 5531 1759 5574 cernere.
1789 5517 2011 5574 Sursum
2033 5517 2148 5587 qui-

561 5613 680 5666 dem
707 5611 913 5682 depicta
949 5620 1031 5666 est
1055 5610 1230 5683 imago
1254 5611 1397 5682 regia
1427 5632 1440 5666 :
1472 5610 1690 5667 inferius
1719 5621 1894 5666 autem
1927 5608 2144 5666 victoria

624 5724 697 5782 (ιι)
735 5721 848 5771 \ide
872 5722 1102 5770 monitum
1125 5721 1185 5770 ad
1209 5720 1448 5774 humilium
1473 5722 1522 5772 iu
1547 5721 1730 5771 Judam.

2240 1317 2411 1372 Vultis
2437 1317 2736 1389 intelligere
2763 1327 2962 1388 quanta
2989 1322 3059 1373 sit
3081 1318 3162 1372 vis
3187 1319 3360 1384 tituli,
3392 1312 3587 1390 quanta
3614 1321 3703 1374 sit“
3724 1322 3852 1375 vir-

2240 1413 2360 1472 tus,
2408 1415 2639 1477 quantus
2679 1406 2733 1461 in
2762 1406 3157 1478 Scripturarum
3205 1409 3369 1463 initiis
3416 1409 3733 1464 reconditus
3769 1413 3854 1465 sit

2241 1497 2522 1552 thesaurus
2545 1498 2568 1552 ?
2589 1499 2918 1562 Auscultate,
2944 1514 3012 1554 ne
3036 1515 3310 1554 sacrorum
3336 1500 3614 1554 Librorum
3648 1502 3854 1557 titulos

2239 1589 2613 1645 cntuenmatis.
2636 1589 2872 1644 Athenas
2889 1589 3172 1660 aliquando
3197 1590 3390 1644 Paulus
3415 1592 3687 1660 ingressus
3715 1602 3805 1647 est
3832 1615 3846 1650 :

2242 1679 2357 1736 haec
2392 1680 2612 1735 historia
2666 1679 2862 1751 scripta
2902 1690 2992 1736 est
3028 1683 3079 1736 in
3127 1680 3244 1736 lioc-
3282 1683 3399 1750 ipso
3453 1682 3618 1745 libro;
3678 1699 3850 1752 repe-

2241 1773 2308 1826 rit
2357 1772 2410 1826 in
2456 1772 2588 1827 urbe
2629 1787 2734 1826 non
2775 1773 2968 1827 librum
3026 1787 3272 1838 sacrum,
3305 1772 3399 1826 sed
3449 1771 3717 1826 idolorum
3759 1774 3847 1827 al-

2243 1875 2355 1922 tare
2385 1886 2398 1922 :
2435 1865 2830 1932 inscriptionem
2877 1865 3076 1936 reperit
3122 1881 3241 1936 qua:
3280 1869 3358 1920 sic
3392 1864 3609 1929 habuit,
3636 1865 3849 1921 Ica'o'ro

2243 1959 2356 2013 Deo
2385 1959 2523 2025 (Act.
2555 1959 2640 2013 l7.
2669 1958 2762 2027 25)
2793 1979 2807 2014 :
2841 1971 3010 2027 neque
3039 1957 3314 2026 praeteriit,
3332 1956 3424 2011 sed
3458 1956 3614 2024 hujus
3643 1957 3845 2010 inscri-

2241 2049 2439 2120 ptionis
2482 2049 2666 2104 altaris
2711 2063 2872 2118 opera
2915 2048 3086 2118 ipsum
3115 2048 3284 2102 altare
3313 2049 3592 2102 subvertit.
3633 2049 3846 2103 Paulus

2243 2142 2332 2196 ille
2358 2151 2593 2205 sanctus,
2624 2141 2710 2211 qui
2741 2139 2969 2210 Spiritus
2995 2141 3218 2212 gratiam
3247 2139 3497 2205 habebat,
3523 2140 3709 2194 altaris
3750 2142 3844 2195 in-

2242 2235 2584 2303 scriptionem
2626 2250 2730 2289 non
2761 2235 3015 2304 prmteriit
3033 2277 3046 2299 ,
3070 2243 3124 2288 et
3151 2245 3204 2287 tu
3227 2233 3621 2304 Scripturarum
3649 2235 3845 2289 titulos

2244 2328 2518 2396 pra-teris?
2538 2327 2629 2382 Ille
2650 2327 2787 2396 quod
2808 2326 3162 2382 Athenienses
3180 2325 3472 2381 idololatras
3485 2327 3841 2394 scripserant;

2245 2433 2350 2471 non
2379 2418 2581 2481 omisit,
2603 2427 2657 2473 et
2681 2427 2734 2473 tu
2765 2434 2884 2487 quas
2909 2417 3141 2488 Spiritus
3166 2427 3385 2473 sanctus
3411 2419 3622 2486 scripsit
3649 2433 3836 2472 neces-

2243 2509 2379 2562 saria
2424 2523 2544 2564 esse
2593 2524 2696 2564 non
2746 2511 2979 2565 censes?
3006 2510 3118 2579 Qua
3161 2510 3380 2566 tandem
3426 2511 3577 2564 venia
3634 2509 3844 2580 dignus

2243 2598 2397 2655 eris?
2428 2600 2617 2654 Verum
2646 2601 2787 2655 enim
2813 2616 2941 2655 vero
2969 2609 3223 2671 quantam
3257 2601 3527 2672 pepererit
3550 2601 3850 2657 utilitatem-

2245 2689 2361 2746 haec
2401 2691 2674 2760 inscriptio
2711 2693 3005 2748 videamus.
3033 2692 3162 2749 Cum
3190 2708 3319 2763 ergo
3339 2693 3490 2746 altari
3518 2693 3858 2762 insculptum!

2245 2782 2643 2851 inscriptionem
2681 2791 2879 2838 tantam
2920 2783 3116 2838 videris
3154 2784 3524 2854 suppeditasse
3559 2783 3855 2849 virtutem,.

2245 2873 2412 2928 multo
2439 2874 2606 2944 magis
2636 2891 2664 2928 a
2690 2875 3083 2946 Scripturarum
3109 2875 3544 2944 inscriptionibus
3579 2875 3628 2928 id
3655 2876 3844 2943 perlici

2252 2981 2412 3034 posse
2441 2967 2729 3038 intelliges.
2757 2968 3031 3037 ingressus
3058 2976 3140 3022 est
3170 2967 3356 3021 urbem
3385 2967 3601 3030 Paulus,
3638 2969 3850 3023 invenir

2245 3057 2433 3122 aitare,
2461 3058 2548 3112 cui
2567 3068 2677 3112 erat
2709 3057 3019 3126 inscriptum
3049 3057 3232 3128 Ignoto
3263 3056 3390 3110 Deo.
3413 3056 3561 3123 Quid
3577 3057 3671 3112 fuit
3702 3075 3839 3128 opus

2247 3149 2386 3202 facto
2412 3148 2436 3202 ’ἔ
2463 3147 2701 3202 Gentiles
2724 3154 2876 3202 erant
2907 3161 3116 3212 omnes,
3148 3145 3294 3215 impii
3325 3161 3513 3201 omnes
3539 3167 3552 3202 :
3583 3149 3720 3218 quid
3743 3150 3835 3218 igi—

2249 3247 2333 3293 tur
2365 3238 2660 3294 faciendum
2702 3237 2841 3292 fuit?
2873 3239 2945 3294 De
2966 3234 3263 3307 Evangeliis
3306 3237 3466 3292 verba
3512 3238 3730 3293 facere?
3769 3244 3838 3294 At

2246 3347 2270 3386 s
2314 3331 2688 3388 bsannassent.
2715 3329 2852 3386 Num
2896 3329 2965 3386 de
3000 3329 3377 3400 prephetarum
3423 3330 3572 3386 libris
3595 3372 3611 3396 ,
3639 3333 3724 3385 vel
3766 3331 3837 3387 de

2246 3423 2378 3492 legis
2402 3423 2665 3477 mandatis
2687 3423 2712 3477 ?
2732 3424 2801 3478 At
2823 3439 2926 3477 non
2948 3422 3323 3478 credidissent.
3357 3421 3491 3488 Quid
3515 3438 3641 3493 ergo
3671 3423 3838 3478 fecit?

2249 3515 2492 3570 Accurrit
2515 3514 2583 3570 ad
2620 3515 2806 3576 altare,
2831 3522 2885 3569 et
2922 3515 3030 3569 suis
3059 3514 3294 3584 ipsorum
3322 3514 3486 3568 armis
3510 3513 3688 3568 hostes
3711 3515 3842 3567 solt-

2249 3606 2376 3672 egit.
2410 3609 2580 3675 Atque
2622 3604 2723 3660 hoc
2762 3605 2890 3660 illud
2931 3615 3012 3660 est
3049 3604 3190 3675 quod
3230 3604 3435 3659 dicebat
3458 3646 3487 3671 ,_
3511 3603 3696 3656 Fartus
3723 3622 3835 3658 sum

2249 3695 2479 3749 omnibus
2503 3697 2690 3762 omnia,
2719 3694 2916 3750 luditis
2956 3703 3211 3764 (nusquam
3235 3693 3482 3759 Iudiciis,
3514 3695 3574 3746 iis
3605 3696 3687 3762 qui
3727 3696 3836 3747 sine.

2249 3785 2357 3854 lege
2389 3795 2562 3849 erant,
2597 3795 2849 3856 tamquam
2886 3785 2996 3839 sine
3037 3783 3144 3855 lege
3181 3800 3336 3838 essem
3373 3788 3391 3854 (
3419 3786 3470 3837 l.
3498 3781 3619 3837 σον.
3641 3783 3674 3838 9
3719 3782 3830 3848 21).

2251 3878 2396 3934 Vidit
2433 3880 2633 3944 altare,
2663 3878 2793 3933 vidit
2822 3878 3222 3947 inscriptibnem
3248 3919 3263 3938 ,
3301 3875 3586 3930 insurrexit
3614 3875 3830 3943 Spiritu.

2249 3973 2392 4026 Talis
2411 3972 2554 4026 enim
2576 3982 2656 4026 est
2679 3971 2904 4041 Spiritus
2932 3971 3098 4041 gratia
3127 3991 3140 4027 :
3170 3970 3333 4024 efﬁcit
3372 3977 3426 4021 ut
3470 3967 3556 4037 qui
3597 3982 3712 4020 eam
3745 3983 3832 4018 ro-

2249 4062 2488 4130 coperint
2511 4103 2526 4126 ,
2558 4059 2792 4129 undique
2823 4060 3024 4114 lucrum
3053 4060 3346 4128 colligant;
3380 4057 3498 4110 talia
3537 4064 3660 4109 sunt
3684 4071 3828 4108 arma

2253 4161 2432 4205 nostra
2462 4150 2775 4220 spiritualia.
2807 4147 2872 4203 In
2901 4150 3237 4219 captivitatem
3267 4148 3436 4211 enim,
3476 4145 3664 4213 inquit,
3697 4147 3826 4196 redi-

2248 4255 2416 4316 gmim
2442 4259 2638 4297 omnem
2677 4241 2988 4296 intellectum
3012 4241 3065 4295 in
3092 4240 3380 4308 obsequium
3406 4237 3598 4293 Christi
3620 4236 3693 4306 (ἢ.
3713 4235 3827 4290 Cor.

2251 4337 2338 4393 l'0.
2369 4337 2403 4392 5
2427 4335 2468 4410 ).
2506 4336 2648 4391 Vidit
2680 4350 2808 4407 ergo
2849 4335 3040 4402 altare,
3086 4348 3183 4389 nec
3213 4329 3600 4392 reformidarit,
3627 4329 3718 4383 sed
3743 4328 3831 4410 ad

2249 4431 2482 4500 seipsum
2534 4429 2700 4485 altare
2731 4429 2960 4484 traduxit
2991 4447 3002 4482 :
3038 4427 3124 4482 vel
3169 4427 3341 4496 potius
3377 4424 3589 4480 omissis
3633 4423 3828 4486 literis,

2249 4524 2365 4593 ejus
2390 4511 2605 4578 senSum
2630 4522 3002 4576 transmutavit
3025 4541 3038 4576 :
3063 4524 3119 4575 e't
3146 4517 3593 4590 quemadmodum
3622 4517 3672 4570 iu
3695 4516 3830 4570 bello

2248 4614 2352 4669 dux
2385 4614 2650 4669 exercitus
2675 4613 2717 4668 si
2743 4627 3061 4683 generosum
3091 4610 3310 4664 militem
3341 4609 3391 4663 in
3419 4609 3592 4661 hostili
3626 4607 3735 4661 acie
3765 4607 3832 4659 vi-

2249 4704 2421 4768 derit,
2455 4711 2510 4758 et
2551 4717 2702 4758 coma
2748 4701 3067 4772 prehensum
3109 4699 3172 4754 ad
3218 4697 3388 4753 aciem
3437 4697 3656 4752 militem
3689 4696 3828 4749 illum

2251 4794 2617 4859 transtulerit,
2651 4804 2810 4864 atque
2853 4801 2910 4846 ut
2950 4806 3045 4861 pro
3082 4804 3142 4846 se
3187 4798 3426 4862 pugnet,
3459 4787 3693 4843 ell'ecerit
3720 4808 3732 4844 :
3763 4789 3830 4842 ita

2250 4904 2460 4958 quoque
2489 4886 2682 4941 Paulus
2724 4885 2868 4955 egit,
2898 4899 3018 4938 cum
3062 4893 3329 4950 tamquam
3373 4881 3425 4934 in
3465 4881 3693 4935 hostium
3724 4881 3831 4933 acie

2252 4979 2653 5048 inscriptionem
2680 4975 2834 5028 altari
2865 4975 3179 5044 iusculptam
3209 4970 3557 5036 offendisset,
3589 4969 3655 5023 ad
3685 4985 3826 5022 suam

2250 5070 2418 5123 aciem
2451 5065 2740 5131 transtulit,
2769 5075 2827 5118 ut
2854 5064 3112 5119 adversus
3137 5062 3488 5117 Athenienses
3514 5076 3634 5113 cum
3677 5059 3830 5113 Paulo

2250 5168 2541 5233 pugnaret,
2576 5173 2680 5211 non
2717 5173 2835 5211 cum
2885 5155 3297 5211 Atheniensibus
3343 5151 3563 5206 Paulum
3597 5163 3829 5219 percute-

2253 5264 2334 5309 ret
2368 5274 2380 5308 :
2411 5250 2617 5324 gladius
2642 5251 2785 5306 enim
2812 5259 2925 5305 erat
2955 5247 3394 5310 Atheniensium,
3419 5245 3562 5299 ensis
3587 5251 3700 5297 erat
3735 5242 3826 5294 ho-

2253 5346 2412 5398 stinm
2459 5343 2544 5396 illa
2603 5342 2916 5411 inscriptio:
2947 5339 3040 5395 sed
3087 5338 3175 5394 hic
3221 5337 3366 5392 ensis
3406 5335 3636 5390 hostium
3679 5344 3828 5402 caput

2252 5435 2562 5505 amputavit.
2593 5433 2707 5487 Non
2741 5434 2811 5486 ita
2839 5431 3079 5485 mirabile
3106 5429 3326 5491 fuisset,
3351 5428 3394 5483 si
3416 5428 3536 5498 quis
3560 5426 3718 5494 ipsius
3749 5440 3827 5477 ar-

2254 5528 2356 5582 mis
2381 5542 2476 5582 eos
2504 5524 2789 5582 devicisset
2816 5543 2830 5578 :
2859 5522 2963 5576 hoc
2997 5522 3140 5576 enim
3167 5520 3360 5576 merito
3387 5518 3580 5574 accidit
3609 5537 3622 5572 :
3655 5532 3823 5569 velunt

2255 5616 2383 5672 illud
2412 5631 2606 5672 novum
2646 5623 2728 5670 est
2751 5621 2806 5669 et
2831 5612 3088 5675 insolens,
3113 5625 3233 5664 cum
3263 5609 3490 5664 hostium
3521 5623 3666 5661 arma
3697 5617 3822 5658 tam-

2259 5722 2415 5777 quam
2440 5705 2714 5763 machinas
2745 5701 2985 5761 hos-tibus
3011 5701 3354 5758 admovemus
3379 5739 3396 5768 ,
3423 5713 3544 5753 cum
3585 5695 3780 5768 gladius
3799 5734 3814 5762 ,
