4066 6274
225 368 290 427 ἠ
795 374 862 430 IN
891 360 1430 428 lNSCRIP'I‘IONEM
1471 355 1774 417 “unus

1940 349 2003 402 ΙΝ
2042 341 2440 401 ΡΠῙΝΟΙΡῈΙῙΜ
2482 336 2839 398 ACTOBUM.
2879 336 2920 392 1.
3096 407 3104 415 ,
3387 351 3461 404 79

233 489 371 563 μιθά
399 486 586 550 αὐτοῖς
630 484 986 554 συγγενέσθαι
1030 483 1098 537 δι’
1126 482 1368 539 ἐαυτῶν⁴
1406 479 1799 552 συγγενώμεθα

229 583 411 646 αὐτοῖς
450 579 519 634 δι’
569 579 745 650 ὑμῶν,
793 580 888 632 καὶ
930 577 1032 648 τῆς
1083 574 1356 648 ὑμετέρας
1410 573 1758 636 διδασκαλίας
1783 585 1797 600 ⁶

227 673 445 745 γέφυρά
474 688 556 736 τις
589 673 724 741 ἡμῖν
762 669 1007 738 γενέσθω
1038 668 1177 739 πρὸς
1220 667 1462 728 ἐκείνους
1490 666 1523 736 ἡ
1561 663 1803 745 ὑμετέρα

230 744 416 835 ἀγάπη
443 779 458 794 ·
514 763 776 832 ποιήσατε
823 763 952 824 τοὺς
991 760 1295 832 ὑμετέρους
1341 759 1533 827 λόγους
1567 757 1666 810 διά
1703 744 1804 824 τῆς

233 851 497 923 ὕμετέρας
521 851 768 922 γλώττης
799 850 1049 921 διαϐῆναι
1079 851 1214 922 πρὸς
1251 849 1350 921 τὴν
1379 849 1604 902 ἐκείνων
1636 844 1802 915 ἀκρό-

232 958 374 996 ασιν.
419 942 572 1012 Τάχα
611 941 904 1013 αὐτάρκως
938 941 1150 1012 εἴρηται
1190 939 1380 992 ἕνεκεν
1407 937 1517 990 τῶν
1578 935 1802 990 ἀπολειο

232 1034 472 1104 φθέντων
489 1035 558 1088 τὰ
585 1034 869 1106 εἰρημένα,
889 1034 981 1087 καὶ
1014 1031 1163 1085 οὐδὲν
1184 1031 1266 1084 δεῖ
1289 1029 1448 1083 πλέον
1463 1027 1797 1099 προσθεῖναι.

243 1126 402 1196 Ἐνῆν
423 1125 522 1199 μὲν
542 1126 651 1198 709
673 1125 887 1180 πλείονα
915 1125 1105 1190 είπεῖν,
1131 1122 1246 1178 ἀλλ’
1267 1122 1353 1176 ἵνα
1385 1122 1459 1192 μὴ
1489 1121 1581 1174 τὸν
1611 1119 1802 1190 καιρὸν

231 1216 446 1272 ἅπαντα
478 1219 554 1281 είς
579 1216 734 1270 τοῦτο
763 1215 1302 1286 καταδαπανήσωμεν
1331 1213 1800 1286 κατηγοροῦντες,

232 1309 374 1378 ὑμᾶς
400 1307 456 1360 δέ
485 1306 648 1379 μηδὲν
676 1305 1010 1375 ὠφελοῦντες
1050 1305 1530 1378 παραγενομένους
1559 1304 1758 1368 αὐτοὺς
1783 1345 1800 1369 ,

231 1397 361 1469 φέρε
392 1413 445 1450 τι
473 1398 566 1450 καὶ
593 1397 720 1467 ὑμῖν
757 1394 1093 1468 παραϐῶμεν
1120 1396 1272 1462 ξένον
1293 1395 1423 1465 ϐψον
1454 1397 1547 1449 καὶ
1578 1395 1765 1449 καινόν
1783 1412 1801 1430 ο

233 1487 380 1552 ξένον
415 1488 473 1542 δέ
504 1488 593 1542 καὶ
627 1486 812 1542 καινὸν
843 1489 984 1558 λέγω
1009 1488 1070 1541 ού
1102 1487 1245 1541 κατά
1285 1488 1387 1560 τὴν
1423 1481 1802 1561 πνευματικὴν

228 1580 526 1654 τράπεζαν,
570 1579 705 1633 ἀλλά
733 1578 882 1645 ξένον
912 1579 1056 1634 κατά
1076 1579 1174 1650 τὴν
1207 1579 1480 1652 ὑμετέραν
1511 1579 1797 1653 ἀκρόασιν.

298 1686 346 1754 γ’
353 1686 627 1758 ,Διελέχθη
636 1703 734 1753 μεν
748 1688 884 1759 ύμῖν
899 1686 1006 1741 ἀπὸ
1029 1687 1136 1740 τῶν
1154 1687 1523 1742 ἀποστολικῶν
1541 1688 1802 1760 ῥημάτων
1820 1738 1825 1743 .

226 1771 284 1824 ἐν
322 1776 442 1836 ταῖς
476 1773 784 1844 ἔμπροσθεν
810 1774 1080 1845 ῆμέραις,
1114 1775 1210 1829 καὶ
1236 1775 1347 1829 ἀπὸ
1378 1775 1486 1829 τῶν
1520 1775 1802 1844 εὐαγγελι-

224 1859 363 1922 κῶν,
396 1860 485 1914 ὅτε
521 1862 648 1932 περὶ
679 1860 774 1914 τοῦ
819 1861 988 1916 ’ἰούδα
1014 1862 1399 1933 διελεγόμεθαο
1436 1863 1801 1934 διελέχθημεν

220 1947 358 2017 ὑμῖν
385 1948 478 1999 καὶ
513 1943 618 2000 ἀπὸ
663 1949 1018 2019 προφητικῶν
1037 1967 1053 1982 ο
1093 1950 1334 2020 σήμερον
1361 1948 1662 2019 βουλόμεθα
1695 1949 1802 2004 ἀπὸ

210 2033 338 2087 τῶν
371 2032 629 2103 Πράξεων
657 2035 764 2089 τῶν
790 2035 1103 2089 ἀποστόλων
1125 2029 1318 2091 εἰπεῖν.
1349 2035 1448 2090 Διά
1477 2037 1634 2091 τοῦτο
1651 2033 1804 2090 εἷπον

215 2120 282 2174 τὸ
313 2120 454 2189 δψον
493 2119 663 2186 ξένον,
692 2123 788 2176 καὶ
827 2124 886 2176 00
925 2122 1092 2187 ξένον.
1127 2124 1201 2176 U0
1235 2123 1384 2190 ξένον
1421 2125 1540 2193 μὲν,
1581 2125 1663 2177 ὅτι
1703 2123 1805 2194 τῆς

216 2204 550 2269 ἀκολουθίας
581 2207 700 2260 ἐστὶ
728 2207 836 2261 τῶν
875 2209 1034 2262 θείων
1074 2209 1327 2280 Γραφῶν,
1373 2210 1524 2276 ξένον
1557 2210 1631 2276 δὲ,
1667 2211 1802 2264 διότι

225 2294 367 2362 τάχα
384 2291 560 2362 ἀήθης
580 2294 708 2364 ύμῖν
731 2297 762 2365 η
789 2295 927 2366 ἀκοὴ
953 2297 1090 2367 πρὸς
1114 2298 1214 2367 τὴν
1233 2298 1491 2367 τοιαύτην
1515 2299 1799 2370 ἀκρόασιν.

230 2377 448 2442 Πολλοῖς
484 2379 617 2446 γοῦν
653 2381 715 2433 :0
747 2380 952 2450 βιϐλίον
985 2381 1142 2436 τοῦτο
1183 2383 1302 2437 οὐδὲ
1337 2384 1612 2456 γνώριμόν
1661 2388 1799 2451 ἐστι,

231 2469 441 2534 πολλοῖς
462 2470 518 2525 δὲ
541 2471 730 2526 δοκοῦν
753 2474 920 2540 σαφὲς
949 2469 1110 2534 εἶναι.
1137 2475 1297 2530 πάλιν
1331 2477 1643 2548 παρορᾶται
1663 2494 1678 2509 ο
1702 2481 1802 2533 καὶ

229 2560 431 2628 γίνεται
469 2565 582 2626 τοῖς
615 2562 714 2633 μὲν
741 2563 774 2634 ἠ
821 2563 1026 2632 γνῶσις
1052 2604 1067 2628 ,
1095 2567 1210 2629 τοῖς
1239 2565 1296 2618 δὲ
1327 2568 1358 2636 ἡ
1404 2565 1598 2636 ἀγνοια
1632 2569 1801 2641 ρᾳθυ-

227 2653 355 2724 μίας
380 2653 652 2719 ὑπόθεσις.
678 2656 774 2709 Ἵν¹
796 2653 890 2711 οὖν
909 2657 1065 2712 καὶοὶ
1093 2658 1414 2726 ἀγνοοῦντες
1438 2660 1674 2730 μάθωσι,
1705 2662 1802 2716 καὶ

223 2745 273 2796 οῖ
300 2745 611 2816 νομίζοντες
645 2747 830 2816 σαφῶς
856 2749 1074 2814 εἰδέναι,
1103 2751 1185 2804 ὅτι
1217 2751 1352 2806 πολὺ
1394 2752 1558 2822 βάθος
1593 2755 1802 2826 νοημά-

221 2851 330 2888 των
371 2836 507 2906 ἐχει,
548 2838 844 2906 ἀναγκαῖον
891 2840 1218 2912 ἀμφοτέρων
1253 2841 1651 2912 διορθώσασθαι
1698 2845 1798 2916 τὴν

221 2926 504 2997 ρᾳθυμίαν
537 2929 791 3000 τήμερον.
824 2933 914 2984 Δεῖ
949 2931 1006 2984 δέ
1055 2932 1319 3003 πρότερον
1352 2933 1568 3004 μαθεῖν,
1613 2935 1699 2998 τίς
1735 2937 1798 2990 τὸ

221 3016 433 3086 βιϐλίον
463 3017 718 3090 ἔγραψεν.
744 3021 894 3092 Αὕτη
929 3022 1037 3094 γὰρ
1065 3023 1297 3094 ἀρίστης
1319 3024 1550 3097 ἐρεύνης
1580 3027 1805 3080 ἀκολου-

221 3107 331 3171 θία,
357 3108 625 3182 πρότερον
648 3111 738 3165 τὸν
765 3113 1052 3185 γράψαντα
1071 3117 1218 3183 ἰδεῖν,
1242 3119 1291 3169 εί
1312 3117 1602 3189 ἄνθρωπός
1633 3124 1798 3188 ἐστιν,

220 3197 252 3268 ἢ
293 3199 321 3250 0
355 3201 524 3264 Θεός·
563 3203 666 3257 κάν
719 3205 819 3275 μὲν
871 3205 1179 3278 ἄνθρωπος,
1235 3214 1756 3285 παρακρουσώμεθα
1783 3232 1798 3248 ο

219 3289 315 3358 Μὴ
349 3293 651 3362 καλέσητε
670 3295 798 3368 709,
830 3298 985 3368 φησὶ,
1010 3298 1382 3354 διδάσκαλον
1400 3302 1499 3355 ἐπὶ
1515 3303 1625 3372 τῆς
1653 3303 1764 3374 τῆς
1781 3322 1796 3336 ’

219 3381 288 3434 ἂν
313 3382 370 3436 δέ
398 3384 553 3448 Θεὸς,
589 3385 872 3458 δεξώμεθα
895 3405 910 3418 ·
942 3389 1147 3444 ἀνωθεν
1175 3391 1285 3463 γάρ
1317 3393 1434 3446 ἐστι
1459 3393 1521 3448 :0
1545 3395 1801 3452 διδασκα-

221 3473 360 3527 λεῖον
394 3475 458 3529 τὸ
485 3476 749 3550 ἡμέτερον
769 3496 785 3512 ο
819 3481 912 3534 καὶ
938 3481 1046 3552 γάρ
1070 3481 1310 3536 τοιοῦτον
1357 3485 1419 3537 τὸ
1448 3485 1665 3557 ἀξίωμα
1703 3487 1798 3541 τοῦ

219 3563 453 3637 θεάτρου
496 3567 710 3632 τούτου,
749 3571 916 3640 μηδὲν
947 3573 1098 3643 παρά
1135 3573 1438 3645 ἀνθρώπων
1484 3577 1796 3646 μανθάνειν,

214 3656 352 3712 άλλά
379 3659 536 3729 παρά
559 3659 694 3713 Θεοῦ
727 3660 793 3714 δι’
823 3661 1147 3734 ἀνθρώπων.
1435 3653 1440 3658 ’

266 3751 362 3801 Δεῖ
384 3750 568 3804 τοίνυν
590 3750 866 3817 ἐξετάσαι,
885 3755 967 3817 τίς
981 3756 1010 3808 0
1026 3754 1262 3827 γράψας,
1293 3757 1386 3811 καὶ
1410 3757 1540 3811 πότε
1569 3758 1797 3832 ἔγραψε,

213 3840 310 3894 καὶ
353 3843 491 3914 περὶ
538 3843 718 3908 τίνων,
764 3845 860 3898 καὶ
902 3845 1046 3910 τίνος
1078 3846 1264 3900 ἕνεκεν
1311 3851 1376 3920 τῇ
1424 3851 1584 3922 ἑορτῇ
1626 3852 1799 3926 ταύτῃ

213 3932 644 4003 νενομοθέτηται
683 3934 816 3987 αὐτὸ
846 3933 1338 4003 ἀναγινώσκεσθαι.
1382 3937 1535 4008 Τάχα
1562 3940 1672 4012 γάρ
1699 3941 1798 3995 ούκ

213 4020 445 4075 ἀκούετε
483 4022 574 4076 διά
601 4023 805 4086 παντὸς
849 4024 944 4078 τοῦ
982 4024 1135 4090 ἔτους
1163 4027 1670 4100 ἀναγινωσκομένου
1703 4031 1798 4086 τοῦ

216 4108 445 4176 βιϐλίου.
516 4113 628 4167 Καὶ
677 4113 783 4184 709
821 4116 915 4170 καὶ
956 4115 1116 4169 τοῦτο
1161 4119 1469 4190 χρήσιμον·
1519 4121 1614 4174 καὶ
1656 4123 1799 4194 μετά

213 4201 370 4256 τοῦτο
420 4204 662 4277 ζητῆσαι
699 4206 842 4280 χρὴ,
882 4208 1029 4272 τίνος
1061 4209 1247 4264 ἕνεκεν
1289 4213 1492 4284 ταύτην
1536 4215 1649 4286 ἔχει
1697 4215 1798 4288 τὴν

213 4291 565 4367 ἐπιγραφὴν,
617 4297 872 4365 Πρὰξεις
934 4299 1309 4358 ἀποστόλων.
1368 4305 1504 4358 Ούδέ
1541 4306 1651 4378 γὰρ
1697 4309 1797 4371 τὰς

212 4385 532 4458 ἐπιγραφὰς
582 4389 771 4453 ἁπλῶς
807 4390 1062 4462 παριέναι
1108 4393 1236 4464 χρὴ,
1290 4394 1412 4447 οὐδὲ
1466 4396 1669 4460 εὐθέως
1715 4399 1796 4461 είς

209 4473 306 4544 τὴν
336 4478 522 4552 ἀρχὴν
561 4477 818 4549 ἐμϐαλεῖν
850 4481 948 4550 τῆς
978 4484 1323 4554 συγγραφῆς,
1349 4485 1485 4539 ἀλλά
1529 4488 1795 4558 πρότερον

209 4566 341 4637 ὀρᾷν
364 4568 466 4641 τὴν
503 4573 884 4644 προσηγορίαν
908 4573 1005 4628 τοῦ
1037 4575 1265 4646 βιϐλίου.
1293 4577 1555 4650 Καθάπερ
1578 4580 1688 4650 γάρ
1709 4581 1795 4651 ἐφ’

208 4657 366 4726 ἡμῶν
385 4661 420 4732 ἠ
458 4661 678 4734 κεφαλὴ
703 4663 1127 4737 γνωριμώτερον
1150 4670 1293 4720 ποιεῖ
1311 4668 1373 4720 :0
1396 4667 1583 4722 λοιπὸν
1613 4669 1794 4741 σῶμα,

212 4751 305 4804 καὶ
340 4755 374 4824 ἡ
402 4754 532 4826 δψις
562 4756 771 4811 ἀνωθεν
796 4759 1120 4831 ἐπικειμένη
1149 4761 1382 4829 φανερὸν
1410 4761 1542 4816 00:0
1569 4763 1795 4835 ἐργάζε-

211 4858 318 4911 ται,
349 4847 499 4903 οὕτω
531 4850 682 4921 καὶὴ
717 4852 997 4924 ἐπιγραφὴ
1023 4852 1228 4907 ἀνωθεν
1259 4853 1364 4924 πρὸ
1382 4857 1482 4926 τῆς
1507 4854 1649 4926 ύφῆς
1676 4856 1799 4908 ἐπι-

211 4930 439 5003 κειμένη
470 4933 567 4986 ἐπὶ
591 4933 686 4986 τοῦ
710 4933 963 5005 μετώπου
990 4935 1468 5009 καταφανέστερον
1497 4939 1629 5008 ἡμῖν
1654 4940 1800 4992 ποιεῖ

210 5018 271 5071 τὸ
283 5020 473 5076 λοιπὸν
493 5025 600 5094 τῆς
622 5027 861 5098 γραφῆς.
895 5027 1006 5098 υύχ
1020 5029 1184 5099 ὁρᾶτε
1205 5030 1298 5082 καὶ
1323 5031 1416 5083 ἐπὶ
1441 5029 1552 5083 τῶν
1569 5031 1796 5086 εἰκόνων

211 5113 366 5168 τοῦτο
398 5116 514 5170 τῶν
560 5118 880 5188 βασιλικῶν,
915 5119 998 5176 δτι
1027 5122 1142 5176 ἀνω
1177 5125 1352 5176 κεῖται
1400 5123 1500 5194 μὲν
1531 5125 1565 5195 ἡ
1609 5122 1795 5188 εἰκὼν,

213 5207 304 5260 καὶ
333 5209 428 5264 τὸν
462 5210 694 5282 βασιλέα
721 5211 834 5284 ἔχει
863 5214 1312 5286 ἐγγεγραμμένον
1331 5231 1346 5247 ο
1375 5216 1526 5270 κάτω
1553 5215 1610 5270 δὲ
1639 5217 1698 5272 ἐν
1726 5219 1794 5289 τῇ

214 5297 410 5364 χοίνικι
454 5302 871 5376 ἐπιγέγραπται
905 5305 998 5360 τοῦ
1036 5305 1299 5377 βασιλέως
1349 5309 1420 5360 :0
1465 5307 1726 5379 τρόπαια,
1761 5312 1797 5381 ἠ

213 5388 358 5464 νίκη,
393 5394 462 5448 τά
497 5398 934 5471 κατορθώματας
975 5400 1132 5455 υῦτω
1154 5400 1219 5472 δὴ
1247 5402 1342 5456 καὶ
1374 5403 1468 5457 ἐπὶ
1515 5401 1624 5457 τῶν
1657 5404 1800 5475 Γρα-

216 5479 328 5546 ᾳῶν
362 5480 485 5555 [55]
521 5485 674 5540 ἐστιν
713 5488 862 5543 ίδεῖν.
897 5489 1212 5561 Γέγραπται
1246 5491 1346 5563 μὲν
1374 5494 1407 5562 ὴ
1443 5491 1607 5547 εἰκὼν
1638 5494 1672 5562 ἡ
1699 5493 1800 5566 βα-

217 5572 395 5650 σιλικὴ
427 5578 641 5634 ἄνωθεν
658 5596 672 5610 °
700 5581 944 5638 κάτωθεν
973 5583 1030 5638 δὲ
1054 5584 1459 5656 ἐπιγέγραπται
1486 5588 1520 5659 ἡ
1547 5585 1702 5659 νίκη,
1725 5588 1795 5644 τά

213 5664 468 5736 τρόπαια,
491 5675 563 5725 τά
588 5673 1008 5746 κατορθώματα.
1034 5676 1192 5731 οὕτω
1221 5680 1317 5734 καὶ
1349 5681 1641 5754 ἐπιστολὴν
1668 5685 1798 5739 ὅταν

215 5753 494 5832 δεξώμεθα
517 5805 533 5829 ,
570 5762 835 5835 ποιοῦμεν
859 5783 875 5800 ο
905 5767 1006 5821 ούκ
1035 5767 1238 5833 εὐθέως
1277 5769 1568 5844 διαλύομεν
1591 5753 1683 5831 τὸν
1713 5776 1800 5831 δε-

1904 475 2061 547 σμὸν,
2090 477 2210 532 οἴδδέ
2235 477 2436 542 εὐθέως
2453 477 2525 532 :0
2551 474 2845 545 ἐγκείμενα
2865 465 3077 522 ἔνδοθεν
3105 459 3472 531 ἀναγινώσκο-

1904 587 2037 642 μεν⁴
2073 571 2207 627 ἀλλά
2245 574 2510 645 πρότερον
2542 570 2642 643 τὴν
2676 565 2876 635 ἔξωθεν
2903 557 3214 632 ἐπιγραφὴν
3245 555 3474 626 ἐπερχό-

1907 661 2181 731 μεθα,καὶ
2210 663 2270 728 ἐξ
2297 663 2514 733 ἐκείνης
2545 659 2888 731 μανθάνομεν
2923 653 3017 706 καὶ
3040 651 3132 704 τὸν
3161 647 3472 719 πέμψαντα,

1904 752 1997 804 καὶ
2019 752 2109 805 τὸν
2133 752 2414 822 ὀφείλοντα
2435 748 2814 815 ὐποδέξασθαι.
2842 743 2950 798 K01
2967 741 3082 804 πῶς
3108 736 3202 794 οῦν
3232 739 3333 792 οὐκ
3355 737 3469 791 0:0-

1905 857 2004 895 πον
2028 843 2084 895 ἐν
2105 842 2204 914 μὲν
2225 846 2335 907 τοῖς
2362 842 2634 912 βιωτικοῖς
2653 836 2890 906 τοσαύτῃ
2914 830 3218 905 κεχρῆσθαι
3250 828 3474 898 σπουδῇ.

1905 931 1998 984 καὶ
2034 931 2108 1002 μὴ
2139 931 2508 1003 θορυϐεῖσθαι,
2552 928 2687 1001 μηδέ
2725 923 3131 994 ταράττεσθαι.
3168 919 3307 975 ἀλλά
3337 920 3478 974 κατὰ

1903 1023 2058 1090 τάξιν
2099 1023 2330 1078 ἕκαστον
2371 1023 2614 1077 ἐπιέναιο
2659 1018 2896 1074 ἐνταῦθα
2929 1017 2987 1072 δὲ
3037 1015 3348 1085 ἀσχάλλειν,
3384 1013 3481 1066 καὶ

1905 1113 2106 1176 εὐθέως
2139 1113 2409 1185 ἐπιπηδᾷν
2440 1115 2505 1184 τῇ
2537 1112 2714 1182 ἀρχῆς
2741 1108 3004 1163 Βούλεσθε
3037 1105 3228 1177 μαθεῖν
3248 1106 3350 1176 ὅση
3380 1106 3482 1175 τῆς

1904 1205 2216 1276 ἐπιγραφῆς
2235 1206 2274 1275 ἡ
2307 1203 2459 1274 ἰσχύς
2479 1219 2496 1269 ;
2515 1205 2612 1272 ὅση
2633 1201 2862 1270 δύναμις
2883 1219 2896 1259 ;
2924 1200 3048 1261 ὅσος
3065 1197 3353 1250 ἀπόκειται
3381 1195 3480 1262 θη-

1907 1295 2106 1367 σαυρὸς
2132 1296 2191 1347 ἐν
2219 1296 2340 1357 ταῖς
2370 1295 2562 1365 ἀρχαῖς
2587 1292 2694 1346 τῶν
2732 1290 3001 1362 Γραφῶν;
3043 1287 3361 1350 Ἀκούσατε,
3393 1285 3483 1338 ἵνα.

1908 1385 1982 1457 μὴ
2011 1385 2390 1457 καταφρονῆτε
2423 1386 2528 1456 τῆς
2555 1383 2866 1453 ἐπιγραφῆς
2895 1380 3002 1435 τῶν
3036 1379 3196 1433 θείων
3226 1376 3476 1430 Βιϐλίων.

1903 1476 2167 1548 Είσῆλθεν
2200 1478 2279 1541 είς
2311 1475 2408 1539 τάς
2465 1476 2696 1547 Ἀθήνας
2727 1477 2754 1528 0
2795 1473 3008 1536 Παῦλός
3046 1487 3211 1523 ποτεο
3250 1471 3308 1522 ἐν
3331 1466 3482 1536 αὐτῷ

1903 1564 1981 1636 τῷ
2015 1565 2203 1636 βιϐλίῳ
2245 1565 2557 1634 γέγραπται
2598 1565 2636 1635 ἡ
2675 1562 2891 1632 ίστορία
2926 1560 3100 1630 αῦτη·
3142 1553 3300 1630 εὗρεν
3328 1560 3383 1610 ἐν
3411 1559 3479 1628 τῇ

1903 1657 2053 1711 πόλει
2083 1657 2202 1728 οὐχὶ
2231 1657 2430 1728 βιϐλίον
2465 1656 2626 1720 Θεῖον,
2649 1655 2790 1709 ἀλλά
2817 1652 3001 1725 βωμὸν
3027 1650 3290 1705 είδώλωψ
3321 1643 3481 1718 εὗρεν

1903 1739 2212 1810 ἐπιγραφὴν
2242 1739 2416 1802 οὕτως
2459 1738 2710 1810 ἔχουσαν,
2743 1736 3052 1806 Ἀγνώστῳ
3098 1729 3222 1798 Θεῷ
3245 1748 3258 1762 ⁸
3297 1731 3390 1785 καὶ
3419 1731 3481 1782 ού

1905 1822 2293 1893 παρέδραμεν,
2337 1821 2454 1876 ἀλλ’
2498 1823 2606 1874 01:0
2657 1821 2757 1891 τῆς
2810 1817 3125 1890 ἐπιγραφῆς
3166 1814 3262 1868 τοῦ
3296 1813 3481 1884 βωμοῦ

1903 1904 1996 1956 τὸν
2033 1904 2217 1975 βωμὸν
2264 1903 2502 1959 καθεῖλε.
2535 1902 2747 1966 Παῦλος
2791 1904 2819 1956 0
2865 1901 3053 1969 ἀγιος,
3087 1900 3117 1950 0
3163 1896 3484 1967 Πνεύματος
3556 1926 3563 1934 ·

1904 1985 2063 2058 χάριν
2101 1987 2241 2056 έχων
2263 2025 2277 2050 ,
2311 1987 2372 2039 ού
2418 1987 2742 2058 παρέδραμε
2787 1983 2975 2056 βωμοῦ
3005 1981 3356 2053 ἐπίγραμμα,
3389 1982 3484 2031 καὶ

1908 2072 1971 2123 σὺ
2020 2071 2334 2142 ἐπιγραφὴν
2383 2071 2616 2142 Γραφῶν
2681 2068 3080 2140 παρατρέχεις;
3129 2067 3334 2126 ἐκεῖνος
3383 2061 3486 2114 οὐκ

1905 2155 2114 2225 ἀφῆκεν
2148 2155 2291 2226 ἀπερ
2336 2154 2580 2228 ἔγραψαν
2625 2154 2898 2225 Ἀθηναῖοι
2937 2148 3319 2218 εἰδωλολάτραι
3342 2146 3484 2228 ,λκαὶ

1907 2239 1972 2291 σὺ
2006 2223 2150 2310 01:59
2174 2223 2380 2310 ἔγραψε
2400 2223 2461 2292 τὸ
2488 2223 2711 2308 Πνεῦμα
2731 2223 2792 2289 τὸ
2815 2236 2969 2304 ἀγιον
2994 2234 3053 2286 00
3078 2229 3320 2301 νομίζεις
3348 2223 3485 2280 εἶναι

1904 2320 2215 2390 ἀναγκαῖα;
2249 2323 2346 2375 καὶ
2391 2321 2550 2375 ποίαν
2590 2320 2734 2391 ἔχεις
2769 2319 3136 2387 συγγνώμηνς
3189 2312 3348 2366 Ἀλλά
3379 2311 3486 2381 γάρ

1908 2401 2107 2473 ἴδωμεν
2131 2404 2296 2456 πόσον
2322 2403 2383 2456 :0
2413 2403 2601 2475 κέρδος
2622 2403 2730 2455 01:0
2749 2401 2843 2455 τοῦ
2867 2396 3289 2471 ἐπιγράμματός
3316 2398 3485 2448 ἐστιν.

1906 2485 2076 2540 Ὅταν
2116 2483 2208 2539 οὖν
2254 2487 2368 2557 ἴδῃς
2409 2486 2740 2556 ἐπίγραμμα
2784 2481 2954 2554 βωμῷ
3005 2478 3485 2550 ἐγκεχαραγμένον

1901 2567 2172 2639 τοσαύτην
2206 2569 2492 2640 παρασχὸν
2536 2568 2634 2638 τὴν
2678 2567 2851 2635 ίσχὺν,
2905 2564 3126 2635 μαθήσῃ
3172 2562 3254 2614 ὅτι
3304 2557 3486 2628 πολλῷ

1907 2650 2109 2722 μᾶλλον
2153 2650 2222 2704 :0
2271 2651 2673 2722 ἐπιγράμματα
2705 2649 2814 2702 τῶν
2857 2647 3016 2701 θείων
3055 2644 3287 2717 Γραφῶν
3325 2642 3488 2695 τοῦτο

1904 2735 2126 2806 ποιῆσαι
2171 2735 2480 2806 δυνήσεται.
2522 2732 2782 2802 Εἰσῆλθεν
2821 2732 2901 2794 είς
2942 2730 3043 2800 τὴν
3082 2729 3236 2782 πόλιν
3269 2729 3298 2780 0
3335 2725 3486 2780 Παῦ-

1903 2816 2015 2882 λος,
2055 2815 2180 2889 5095
2205 2818 2385 2889 βωμὸν
2407 2820 2464 2871 ἐν
2489 2813 2532 2887 ᾧ
2565 2818 2967 2887 ἐπεγέγραπτο,
2996 2813 3308 2883 Ἀγνώστῳ
3342 2811 3483 2876 Θεῷ.

1906 2900 1971 2954 Τί
2027 2901 2133 2954 ἔδει
2170 2903 2433 2971 ποιῆσαι;
2479 2900 2744 2972 ’Έλληνες
2799 2901 3001 2960 πάντες
3041 2893 3223 2968 ἦσαν,
3271 2895 3490 2956 ἀσεϐεῖς

1907 2984 2128 3048 πάντες.
2173 2985 2238 3037 Τί
2287 2982 2380 3038 οὖν
2429 2985 2596 3055 ἐχρῆν
2640 2985 2894 3054 ποιῆσαι;
2959 2981 3093 3034 ’Λπδ
3141 2979 3488 3049 Εὐαγγελίων

1904 3068 2286 3140 διαλεχθῆναι;
2322 3067 2488 3121 Ἀλλά
2521 3067 2848 3135 κατεγέὲων.
2893 3064 3033 3118 Ἀλλ’
3072 3065 3180 3118 ἀπὸ
3221 3079 3490 3135 προφητισ

1905 3152 2036 3214 κῶν,
2059 3154 2152 3206 καὶ
2178 3152 2273 3205 τοῦ
2294 3153 2459 3223 νόμου
2480 3151 2858 3222 γραμμάτων;
2890 3148 3028 3201 Ἀλλ’
3056 3149 3154 3202 ούκ
3180 3149 3484 3226 ἐπίστευον.

1904 3237 1969 3290 Τί
2012 3233 2104 3290 οῦν
2139 3236 2426 3306 ἐποίησεν;
2479 3236 2604 3288 Ἐπὶ
2649 3234 2741 3288 τὸν
2766 3233 2952 3305 βωμὶν
2983 3233 3213 3305 έδραμε,
3245 3231 3338 3284 καὶ
3381 3229 3488 3283 01:0

1901 3321 2011 3374 τῶν
2053 3321 2235 3374 ὃπλων
2265 3320 2374 3373 τῶν
2417 3318 2692 3390 πολεμίων
2739 3318 2935 3382 αὐτοὺς
2976 3317 3327 3389 ἐχειρώσατο.
3377 3315 3488 3370 K01

1900 3403 2061 3456 τοῦτό
2123 3407 2304 3468 ἐστιν,
2356 3403 2388 3456 0
2439 3402 2622 3472 λέγει’
2680 3401 3011 3471 Ἐγενόμην
3061 3400 3185 3466 τοῖς
3223 3399 3374 3453 πᾶσι
3417 3398 3489 3450 τὰ

1902 3485 2118 3551 πάντα,
2156 3485 2280 3552 τοῖς
2309 3485 2622 3550 Ἰουδαίοις
2643 3485 2724 3550 ὡς
2753 3483 3065 3548 Ἰουδαῖος,
3089 3482 3214 3547 τοῖς
3241 3481 3488 3548 ἀνόμοις

1901 3569 1982 3633 ὡς
2028 3567 2273 3636 ἄνομος.
2325 3564 2448 3620 E105
2490 3568 2583 3620 :0v
2634 3568 2848 3638 βωμὸν,
2879 3561 2987 3620 εἶδε
3028 3566 3089 3618 :0
3119 3566 3484 3635 ἐπίγραμμα.

1903 3655 2104 3724 ἀνέστη
2135 3653 2211 3724 τῷ
2243 3653 2543 3726 Πνεύματι.
2575 3655 2812 3724 Τοιαύτη
2841 3653 2950 3725 γάρ
2978 3654 3011 3723 ή
3043 3650 3137 3704 τοῦ
3172 3650 3490 3720 Πνεύματος

1903 3742 2098 3814 χάρις’
2146 3743 2410 3796 πάντοθεν
2455 3744 2604 3796 ποιεῖ
2648 3742 2950 3812 κερδαίνειν
2982 3743 3110 3805 τοὺς
3155 3740 3487 3812 ὑποδεχομέ-

1903 3846 2028 3892 νους
2056 3829 2225 3902 αὑτήν
2245 3845 2259 3860 ·
2294 3829 2518 3884 τοιαῦτα
2560 3829 2721 3900 ἡμῶν
2753 3829 2822 3882 τά
2854 3829 2994 3883 ὅπλα
3023 3828 3092 3883 :0
3121 3830 3484 3900 πνευματικά,

1903 3918 2445 3986 Αὶχμαλωτίζοντες
2476 3919 2604 3989 709,
2637 3918 2790 3988 φησὶ,
2821 3915 2946 3971 πᾶν
2973 3919 3167 3986 νόημα
3191 3917 3344 3984 πρὸς
3373 3917 3491 3985 τὴν

1901 4007 2185 4075 ὑπακοὴν
2220 4009 2327 4062 τοῦ
2358 4007 2636 4076 Χριστοῦ.
2669 4004 2792 4062 Είδε
2823 4008 3003 4064 τοίνυν
3034 4007 3122 4060 τὸν
3149 4005 3355 4078 βωμὸν,
3392 4007 3487 4060 καὶ

1901 4097 2002 4151 οὐκ
2058 4095 2386 4149 ἐδειλίασενο
2437 4095 2575 4150 ἀλλά
2635 4095 2938 4168 μετέστησε
2980 4094 3072 4149 τὸν
3118 4094 3300 4166 βωμὸν
3350 4096 3488 4165 πρὸς

1900 4183 2128 4238 ἐαυτόν·
2165 4182 2365 4254 μᾶλλον
2392 4182 2448 4236 δὲ
2486 4183 2555 4237 :0
2605 4183 2910 4255 γράμματα
2953 4183 3147 4253 ἀφεὶς,
3186 4182 3486 4254 μετέθηκεν

1900 4273 2066 4328 αὑτοῦ
2093 4273 2162 4326 :0
2185 4273 2462 4343 νοήματαο
2495 4273 2590 4326 καὶ
2617 4271 2868 4344 καθάπερ
2903 4273 2961 4325 ἐν
2999 4271 3220 4343 πολέμῳ
3249 4288 3487 4344 στρατη-

1899 4363 1996 4432 γὸς
2035 4361 2160 4416 ἰδὼν
2189 4362 2526 4433 στρατιώτην
2555 4363 2613 4416 ἐν
2640 4364 2706 4432 τῇ
2737 4361 3042 4432 παρατάξει
3069 4361 3177 4414 τῶν
3208 4361 3484 4431 πολεμίων

1899 4453 2167 4517 γενναῖον,
2201 4445 2320 4501 εἶτα
2362 4448 2660 4518 λαϐόμενος
2687 4449 2795 4501 01:0
2821 4448 2924 4518 τῆς
2965 4456 3144 4518 κόμης
3174 4448 3269 4502 τοῦ
3319 4467 3485 4519 στρα-

1900 4535 2118 4599 τιώτου,
2153 4537 2289 4608 πρὸς
2331 4536 2428 4607 τὴν
2476 4535 2671 4590 ἐαυτοῦ
2715 4535 2872 4600 τάξιν
2901 4535 3063 4588 αὐτὸν
3101 4538 3484 4607 μεταστήσειε,

1901 4627 1997 4680 καὶ
2029 4624 2502 4696 παρασκευάσειεν
2532 4624 2671 4698 ὑπὲρ
2700 4621 2863 4677 αὑτοῦ
2898 4623 3154 4694 πολεμεῖν
3173 4636 3186 4651 ⁶
3215 4621 3360 4677 οὕτω
3389 4625 3483 4677 καὶ

1899 4718 1929 4770 0
1977 4716 2187 4781 Παῦλος
2216 4717 2459 4788 ἐποίησε,
2489 4715 2742 4786 καθάπερ
2786 4716 2842 4768 ἐν
2871 4715 3173 4786 παρατάξει
3207 4714 3480 4786 πολεμίων

1898 4805 1960 4859 :0
1981 4806 2309 4876 ἐπίγραμμα
2336 4803 2512 4876 εὑρὼν
2541 4805 2598 4856 ἐν
2621 4802 2704 4874 τῷ
2725 4801 2893 4873 βωμῷ
2911 4803 3316 4874 γεγραμμένον,
3344 4804 3481 4874 πρὸς

1899 4893 2000 4964 τὴν
2030 4892 2223 4945 ἐαυτοῦ
2257 4889 2408 4954 τάξιν
2441 4889 2792 4960 μετέστησεν,
2817 4890 2905 4943 ἵνα
2944 4889 3082 4960 μετὰ
3113 4889 3324 4943 Παύλου
3368 4891 3482 4953 τοῖς

1913 4981 2212 5053 Ἀθηναίοις
2239 4979 2472 5050 πολεμῇ,
2491 4977 2606 5032 ἀλλ’
2629 4979 2690 5032 ού
2721 4979 2858 5050 μετὰ
2890 4977 3192 5050 Ἀθηναίων
3220 4977 3310 5033 τὸν
3335 4977 3485 5032 Παῦ-

1899 5069 1992 5124 λον
2036 5069 2202 5141 βάλλῃ
2227 5085 2242 5101 ⁸
2285 5067 2436 5137 ξίφος
2466 5066 2576 5140 709
2622 5062 2690 5138 ἦν
2730 5066 2837 5120 τῶν
2879 5067 3197 5138 Ἀθηναίων,
3237 5067 3482 5139 μάχαιρα

1899 5154 1968 5231 ἦν
1993 5157 2100 5211 τῶν
2141 5155 2416 5228 πολεμίων
2441 5155 2503 5209 :0
2539 5155 2865 5228 ἐπίγραμμα
2901 5157 3100 5221 ἐκεῖνο,
3124 5155 3238 5210 ἀλλ’
3268 5153 3408 5227 αῦτη
3449 5156 3479 5227 η

1905 5247 2150 5318 μάχαιρα
2182 5244 2288 5298 τῶν
2318 5242 2593 5314 πολεμίων
2629 5243 2727 5315 τὴν
2769 5243 3013 5315 κεφαλὴν
3051 5242 3326 5315 ἐξέτεμεν.
3366 5244 3481 5298 Ούκ

1899 5331 1968 5410 ῆν
2132 5333 2274 5387 οὕτω
2293 5333 2624 5404 θαυμαστὸν,
2650 5335 2699 5386 εί
2722 5335 2834 5397 τοῖς
2861 5333 3081 5397 οἰκείοις
3106 5332 3274 5387 αὐτοῦ
3295 5331 3482 5394 ὅπλοις

1903 5423 2234 5497 ἐχειρώσατο
2253 5439 2267 5453 ·
2291 5421 2448 5476 τοῦτο
2468 5421 2577 5494 709
2599 5420 2742 5476 κατὰ
2759 5421 2915 5492 λόγον
2937 5421 3257 5492 συμϐαίνει·
3289 5419 3351 5471 :0
3370 5416 3480 5486 709

1901 5513 2086 5570 καινὸν
2113 5509 2207 5565 καὶ
2247 5509 2568 5582 παράδοξον.
2594 5511 2723 5564 ὅταν
2773 5508 2842 5562 :0
2871 5508 2979 5562 τῶν
3011 5504 3284 5577 πολεμίων
3319 5504 3479 5572 ὅπλα,

1903 5598 2072 5654 ταῦτα
2105 5598 2476 5670 μηχανήματα
2495 5598 2608 5658 τοῖς
2638 5594 2915 5665 πολεμίοις
2948 5592 3324 5665 προσάγηται·
3348 5588 3482 5644 ὅταν

1901 5687 1962 5742 :0
1985 5687 2160 5758 ξίφος,
2182 5685 2211 5738 0
2235 5683 2359 5738 καθ’
2390 5681 2552 5754 ἡμῶν
2589 5680 2941 5752 βαστάζουσι,
2977 5678 3137 5736 τοῦτο
3165 5679 3351 5744 αὐτοῖς
3373 5679 3478 5754 τὴν

1908 5778 2127 5848 καιρίαν
2154 5773 2412 5842 ἐπαγάγῃ
2437 5771 2666 5841 πληγήν.
