4066 6274
318 380 388 433 73
925 367 988 421 IN
1020 358 1546 421 INSCRIPTIONEM
1588 352 1882 412 ALTARIS
1921 350 2008 407 ET
2049 350 2116 408 IN
2154 350 2551 408 PRlNCIPlUM
2591 350 2944 408 ACTORUM.
2986 350 3024 404 1.
3531 350 3598 404 74

318 500 474 558 quem
498 486 550 538 in
583 495 679 537 nos
699 487 933 552 gestant,
957 478 1049 533 hic
1078 476 1184 532 illis
1205 474 1364 529 letale
1394 472 1585 526 vulnus
1621 466 1831 537 inﬂigit.

389 580 445 633 4.
477 576 811 642 Compuratur
837 572 1032 627 Paulus
1059 585 1171 622 cum
1200 565 1410 620 Deoida.
1448 593 1516 603 -—
1546 561 1690 615 Talis
1704 559 1905 628 quippe
1946 623 1967 645 ⁸

321 671 493 725 virtus
534 676 616 723 est
638 666 887 736 Spiritus.
921 662 995 718 Ita
1040 660 1310 732 quondam
1338 657 1447 728 egit
1490 656 1649 711 etiam
1694 650 1906 706 David:

321 760 483 816 exivit
526 758 687 813 armis
717 756 913 821 nudus,
966 762 1026 808 ut
1069 751 1209 807 nuda
1247 748 1415 820 gratia
1457 746 1549 801 Dei
1602 748 1903 813 appareret.

322 850 460 905 Nihil
486 850 651 913 enim,
684 847 874 916 inquit,
897 845 1189 900 humanum
1226 842 1315 906 sit,
1364 836 1575 909 quando
1622 847 1718 904 pro
1756 830 1908 885 nobis

323 951 520 1013 pugnat
550 942 708 997 Deus.
744 938 921 994 Exivit
956 952 1084 1007 ergo
1111 934 1283 989 nudus
1309 931 1493 993 armis,
1524 937 1578 982 et
1625 924 1817 980 turrim
1842 921 1901 976 ii-

324 1034 428 1089 lam
453 1032 669 1103 deiecit.
703 1029 900 1086 Deinde
923 1044 1042 1083 cum
1069 1026 1233 1081 armis
1276 1023 1562 1078 destitutus
1586 1025 1750 1081 esset,
1781 1030 1907 1070 cur-

325 1142 451 1182 rens
478 1125 710 1197 gladium
748 1121 979 1179 Goliathi
1009 1117 1206 1187 rapuit,
1230 1124 1389 1185 atque
1417 1114 1488 1167 ita
1513 1109 1723 1165 barbari
1752 1114 1910 1175 caput

323 1196 617 1288 amputavit
645 1234 660 1269 ε
689 1215 760 1269 ita
788 1226 998 1283 quoque
1028 1208 1221 1264 Paulus
1247 1208 1298 1261 in
1322 1205 1420 1259 hac
1448 1201 1793 1271 inscriptione
1822 1196 1909 1252 fc-

325 1308 418 1362 cit.
450 1312 621 1376 Atque
667 1312 724 1358 ut
757 1300 1087 1356 manifestior
1114 1299 1205 1352 ﬁat
1225 1296 1461 1350 victoriae
1508 1291 1719 1357 modus,
1742 1289 1911 1344 virtu-

327 1410 432 1455 tem
454 1400 605 1454 vobis
625 1394 982 1465 inscriptionis
1010 1390 1320 1447 declarabo.
1348 1387 1529 1442 Altare
1558 1384 1717 1455 igitur
1746 1381 1914 1437 Athe-

326 1497 411 1551 nis
438 1494 632 1550 Paulus
660 1492 862 1547 invenit
885 1531 899 1555 ,
926 1490 1013 1544 cui
1043 1487 1352 1555 inscriptum
1392 1489 1542 1545 erat,
1573 1477 1756 1549 Ignoto
1783 1474 1909 1528 Deo.

328 1587 458 1655 Quis
477 1597 653 1647 autem
678 1585 766 1639 ille
795 1592 910 1637 erat
927 1583 1138 1651 ignotus
1155 1619 1170 1643 ,
1195 1577 1295 1631 nisi
1314 1571 1592 1630 Christus?
1626 1568 1783 1625 Vides
1805 1581 1912 1636 quo

328 1688 481 1748 pacto
495 1677 893 1745 inscriptionem
914 1670 1217 1741 captivitate
1235 1665 1490 1730 liberarit,
1517 1677 1621 1716 non
1643 1668 1699 1713 ttt
1716 1658 1912 1711 damno

327 1768 566 1823 afﬁceret
590 1782 683 1821 eos
705 1765 795 1835 qui
816 1764 1163 1831 scripserunt,
1192 1758 1284 1813 sed
1302 1765 1358 1810 ut
1377 1769 1471 1810 eos
1497 1752 1673 1807 salvos
1688 1749 1911 1814 faceret,

329 1862 514 1929 eisque
551 1854 1017 1928 prodesset?Quid
1049 1852 1244 1922 igitur?
1282 1865 1349 1902 an
1380 1853 1596 1917 propter
1620 1842 1910 1905 Christum,

331 1951 470 2004 dicet
514 1948 722 2018 aliquis,
763 1946 901 2000 istud
921 1945 1249 2012 scripserant
1292 1934 1682 1992 Athenienses?
1707 1932 1762 1986 Si
1791 1945 1914 2000 pro-

333 2050 450 2108 pter
475 2038 740 2092 Christum
767 2035 882 2089 lnec
911 2032 1263 2089 Athenienses
1284 2027 1641 2097 scripsissent,
1673 2035 1761 2077 res
1780 2018 1916 2074 adeo

334 2130 591 2184 mirabilis
612 2143 716 2182 non
762 2126 945 2181 fuisset
973 2137 1189 2178 :verum
1214 2120 1317 2174 hoc
1342 2128 1426 2174 est
1461 2115 1723 2180 mirabile,
1773 2110 1915 2182 quod

332 2221 404 2273 illi
431 2220 644 2289 quidem
687 2218 843 2270 aliter
867 2214 1199 2283 scripserint,
1249 2210 1334 2264 hic
1385 2219 1561 2263 autem
1593 2204 1746 2259 aliter
1788 2201 1914 2255 illud

328 2312 560 2381 potuerit
587 2312 887 2364 immutare.
912 2307 1101 2376 Opera:
1124 2303 1351 2374 pretium
1382 2311 1463 2355 cst
1485 2300 1630 2369 prius
1654 2297 1911 2360 dicamus,

330 2419 430 2473 qua
466 2403 534 2457 tie
584 2415 742 2456 causa
782 2397 1094 2466 scripserint
1137 2394 1511 2457 Atheuienses,
1564 2388 1746 2460 Ignoto
1784 2384 1909 2439 Deo.

332 2496 626 2560 Quamnam
678 2491 834 2561 igitur
874 2489 944 2543 ob
980 2500 1197 2541 causam
1220 2480 1578 2552 scripserunt?
1612 2478 1801 2532 Multos
1840 2475 1914 2528 illi

334 2586 470 2641 Deos
495 2583 781 2646 habebant,
811 2582 895 2635 vel
937 2580 1111 2649 potius
1139 2576 1334 2630 multos
1377 2572 1649 2627 daemones
1680 2586 1693 2621 :
1727 2565 1916 2621 Omnes

334 2677 524 2745 quippe
548 2674 618 2726 dii
644 2672 864 2744 gentium
891 2669 1142 2723 daemonia
1187 2665 1359 2731 (Psat.
1403 2664 1494 2720 95.
1524 2661 1616 2735 5).
1642 2660 1917 2714 Habebunt

332 2776 386 2820 et
428 2765 625 2835 patrios
649 2770 705 2817 et
748 2760 1077 2831 peregrinos.
1124 2757 1326 2812 Videtis
1376 2764 1569 2825 quanta
1622 2752 1815 2807 irrisio.
1859 2751 1915 2805 Si

332 2856 479 2910 enim
528 2855 665 2908 Deus
691 2860 791 2916 est,
843 2866 950 2905 non
985 2859 1065 2904 est
1108 2847 1420 2919 peregrinus
1460 2862 1472 2898 :
1504 2842 1764 2912 siquidem
1796 2840 1917 2894 uui-

336 2945 476 3000 versi
524 2954 784 2997 terrarum
830 2941 975 2995 orbis
1021 2946 1106 2993 est
1156 2937 1421 2992 domitms.
1455 2933 1724 3001 Quosdam
1760 2933 1920 3001 igitur

335 3037 556 3091 istorum
588 3035 719 3088 alios
741 3048 769 3087 a
802 3032 1037 3102 patribus
1066 3030 1175 3084 suis
1202 3036 1451 3097 acceptos
1478 3025 1764 3091 habebant,
1787 3023 1920 3077 alios

332 3143 363 3181 a
397 3125 634 3196 ﬁnitimis
656 3123 977 3186 nationibus,
998 3131 1179 3190 utpote
1204 3134 1233 3172 a
1268 3117 1480 3189 Scythis
1506 3158 1520 3183 ,
1549 3131 1581 3170 a
1603 3114 1915 3181 Thracibus,

337 3216 697 3289 abaEgyptiis
731 3234 743 3269 :
772 3213 914 3285 quod
941 3214 984 3267 si
1015 3210 1247 3282 profante
1273 3209 1428 3278 periti
1443 3207 1632 3263 essetis
1657 3205 1917 3260 eruditio-

338 3316 439 3377 nis,
471 3312 564 3365 has
594 3310 753 3365 etiam
784 3305 932 3361 vobis
952 3318 1138 3359 omnes
1162 3300 1407 3357 historias
1444 3298 1744 3353 recitarem.
1772 3295 1918 3362 Quo-

336 3408 477 3460 niam
505 3404 663 3474 igitur
689 3415 877 3456 omnes
897 3398 964 3452 ab
987 3397 1135 3451 initio
1161 3410 1266 3449 non
1286 3399 1652 3462 susceperant,
1685 3389 1778 3444 scd
1812 3388 1919 3443 illis

338 3496 527 3552 invecti
560 3492 809 3564 paulatim
845 3489 1076 3555 fuerant,
1108 3486 1198 3540 alii
1232 3484 1445 3556 quidem
1497 3491 1707 3552 patrum
1736 3486 1916 3543 aetate,

338 3589 425 3643 alii
449 3601 575 3641 vero
610 3585 844 3654 ipsorum
871 3591 1130 3649 tempore,
1167 3576 1548 3632 convenientes
1576 3572 1826 3626 dixerunt
1854 3568 1919 3623 ad

340 3681 565 3736 invicem
594 3695 607 3731 :
636 3672 1093 3743 Quemadmodum
1112 3669 1242 3724 istos
1263 3665 1655 3737 ignorabamus,
1684 3660 1924 3731 quando-

337 3772 551 3843 quidem
578 3770 721 3838 ipsos
749 3766 1000 3832 deinceps
1024 3760 1326 3829 accepimus
1378 3765 1432 3811 et
1461 3754 1772 3825 agnovinms
1806 3770 1821 3805 :
1850 3750 1921 3804 ita

340 3842 456 3918 ﬁeri
482 3867 675 3931 potest,
708 3864 767 3911 ut
806 3855 878 3909 sit
895 3853 1087 3921 aliquis
1113 3850 1246 3904 alius
1267 3850 1496 3918 ignotus,
1526 3844 1613 3915 qui
1661 3857 1818 3896 verus
1854 3842 1926 3896 sit

341 3957 504 4020 Deus,
533 3951 627 4006 sed
648 3966 680 4004 a
716 3946 872 4002 nobis
898 3945 1116 3999 minime
1157 3940 1426 4009 cognitus,
1459 3936 1548 4007 qui
1580 3950 1610 3989 a
1641 3932 1796 3988 nobis
1840 3932 1923 3985 iu-

338 4046 467 4101 sciis
490 4050 770 4113 propterea
798 4035 1096 4105 negligatur
1123 4039 1178 4085 et
1209 4045 1313 4083 non
1339 4027 1564 4082 colatur.
1598 4022 1736 4091 Quid
1766 4021 1926 4091 igitur

341 4111 629 4191 fecerunt?
659 4132 819 4184 Aram
845 4132 1169 4185 erexerunt,
1198 4132 1252 4175 et
1298 4118 1703 4187 inscripserunt,
1736 4111 1924 4186 Ignoto

345 4226 472 4290 Deo,
508 4231 573 4277 ut
596 4236 690 4291 per
716 4216 1115 4285 inscriptionem
1170 4213 1269 4265 hoc
1299 4208 1675 4278 signiﬁcarent,
1701 4204 1756 4260 Si
1788 4205 1925 4257 forte

345 4316 604 4386 quispiam
635 4312 704 4365 sit
730 4309 865 4363 alius
891 4307 1049 4367 Deus,
1068 4303 1156 4373 qui
1185 4301 1418 4355 nondum
1438 4298 1590 4353 nobis
1613 4296 1923 4362 innotuerit,

348 4409 485 4462 hunc
504 4406 662 4460 etiam
686 4401 941 4456 colemus.
964 4396 1095 4451 Vide
1116 4392 1450 4448 immodicam
1472 4388 1924 4460 superstitionem.

350 4502 632 4569 Propterea
658 4493 791 4549 dixit
815 4507 843 4544 a
875 4487 1133 4560 principio
1183 4484 1397 4547 Paulus,
1434 4480 1532 4534 Per
1568 4481 1738 4534 omnia
1786 4478 1928 4548 quasi

349 4590 789 4663 sttperstitiosiores
833 4600 918 4637 vos
956 4581 1098 4635 video
1150 4582 1165 4647 (
1195 4581 1306 4630 Aet.
1342 4577 1429 4629 l7.
1450 4573 1523 4626 22
1555 4576 1572 4644 )
1603 4592 1615 4625 :
1641 4588 1745 4627 nou
1784 4572 1927 4626 enim

349 4686 498 4738 vobis
528 4689 681 4735 notos
709 4674 1046 4731 Solummodo
1076 4671 1247 4724 colitis
1273 4668 1424 4731 deos,
1454 4665 1547 4719 sed
1599 4680 1693 4719 eos
1720 4664 1880 4719 etiam
1909 4705 1925 4728 ,

351 4776 438 4842 qtti
467 4772 616 4825 vobis
646 4767 879 4823 nondum
902 4762 1248 4817 innotueriut.
1296 4756 1685 4826 luscripserant
1712 4754 1785 4808 illi
1806 4754 1930 4825 qui-

350 4867 495 4929 dem,
523 4861 710 4933 Ignoto
733 4857 857 4919 Deo,
892 4854 984 4909 sed
1016 4853 1211 4909 Paulus
1259 4851 1637 4917 interpretatus
1654 4854 1773 4912 est;
1808 4861 1929 4899 nam

353 4958 423 5010 illi
453 4956 664 5025 quidem
696 4953 746 5006 id
774 4950 842 5005 de
870 4948 989 5003 aliis
1019 4947 1281 5007 dixerant,
1315 4952 1369 4995 at
1413 4941 1539 4995 illttd
1562 4942 1673 5010 ipse
1703 4938 1933 4993 traduxit

350 5049 415 5102 ad
446 5048 733 5109 Clu-istum,
775 5040 908 5097 etin
938 5038 1293 5109 captivitatem
1339 5049 1551 5087 sensum
1588 5031 1828 5101 redegit,
1879 5041 1934 5083 et

353 5140 403 5193 iu
446 5152 542 5194 sua
573 5150 753 5190 secum
783 5133 896 5187 acie
935 5128 1214 5185 collocavit
1245 5144 1258 5180 :
1294 5126 1454 5193 Quem
1483 5123 1615 5178 enim
1643 5124 1932 5194 ignorantes

352 5248 438 5285 vos
459 5231 642 5291 colitis,
675 5227 805 5280 hunc
829 5240 919 5295 ego
947 5221 1082 5276 vobis
1103 5218 1347 5272 annuntio
1364 5215 1411 5288 (1
1422 5218 1469 5271 b.
1498 5231 1545 5268 υ.
1568 5213 1681 5285 ΞΒ),
1716 5212 1887 5281 inquit
1914 5227 1929 5277 ;

354 5325 563 5392 ignotus
590 5319 732 5373 enim
764 5317 899 5370 alius
944 5314 1084 5368 Deus
1123 5326 1227 5363 non
1256 5320 1358 5375 est,
1405 5307 1513 5379 nisi
1543 5305 1806 5359 Christus.
1859 5305 1937 5357 Ac

356 5415 477 5467 vide
526 5410 863 5483 prudentiam
908 5403 1261 5475 spiritualem.
1289 5398 1555 5467 Objecturi
1586 5397 1838 5463 deinceps
1864 5394 1937 5447 illi

357 5516 530 5569 erant,
561 5503 703 5557 Nova
734 5501 975 5570 quaedam
1004 5481 1249 5565 dogmata
1292 5489 1453 5545 infers
1478 5489 1693 5543 auribus
1720 5486 1936 5551 nostris,

359 5596 508 5650 novis
541 5594 699 5648 rebus
748 5590 933 5647 studes
959 5630 973 5652 ,
1007 5588 1172 5641 Deum
1201 5583 1426 5646 invehis,
1455 5595 1609 5650 quem
1659 5594 1763 5632 non
1793 5577 1943 5630 novi-

360 5702 498 5741 mus.
541 5684 606 5741 Ut
637 5685 796 5753 igitur
826 5683 927 5735 illis
981 5678 1337 5749 suspicionem
1366 5674 1624 5729 eximeret
1670 5668 1939 5734 novitatis,

362 5793 524 5851 seque
554 5790 752 5831 novum
798 5773 962 5828 Deum
996 5770 1213 5826 minime
1255 5766 1544 5838 praedicare
1592 5763 1940 5833 OStendcret,

2012 462 2106 519 sed
2136 479 2294 534 quem
2328 465 2425 535 ipsi
2474 464 2621 535 prius
2663 463 2806 519 cultu
2835 462 3202 519 honorandum
3229 475 3547 520 censuerant
3579 508 3594 531 ,

2010 554 2257 624 adiunxit
2280 566 2333 610 et
2358 557 2511 623 dixit,
2547 557 2706 623 Quem
2728 559 3017 628 ignorantes
3041 556 3230 625 colitis,
3250 573 3367 612 eum
3393 573 3485 627 ego
3510 572 3596 611 νος

2014 642 2087 697 bis
2108 647 2379 699 annuntio.
2409 645 2515 701 Vos
2540 661 2629 703 me
2651 646 3001 716 praevenistis,
3031 647 3198 717 inquit
3224 662 3239 713 ;
3266 646 3599 716 pradicatio-

2014 750 2135 789 nem
2164 751 2336 791 meam
2363 736 2538 793 cultus
2566 748 2743 793 vester
2769 739 3183 810 prmoccupavit.
3207 738 3285 793 Ne
3314 740 3472 810 igitur
3499 739 3568 794 ob
3585 768 3600 782 ο

2010 824 2205 894 jiciatis
2252 842 2447 881 novum
2482 843 2514 883 a
2566 844 2653 884 me
2686 829 2851 884 Deum
2884 830 3065 885 inferri
3094 848 3107 885 :
3132 829 3275 885 hunc
3324 829 3468 885 enim
3499 845 3596 882 an-

2015 916 2201 971 nuntio
2226 933 2382 987 quem
2406 934 2499 973 vos
2515 920 2689 974 colitis
2716 920 3040 991 ignorantes,
3071 937 3174 976 non
3196 922 3358 992 digno
3386 921 3598 992 quidem

2018 1007 2198 1072 modo,
2231 1009 2325 1064 sed
2357 1020 2530 1066 tamen
2562 1012 2753 1066 colitis.
2781 1010 2897 1067 Non
2947 1012 3091 1067 enim
3120 1013 3224 1067 tale
3251 1014 3463 1069 Christo
3490 1014 3597 1069 cri-

2014 1099 2157 1169 gitur
2175 1100 2360 1165 altare,
2394 1103 2487 1157 sed
2522 1103 2810 1158 animatum
2860 1105 3027 1161 altare
3055 1120 3118 1160 ac
3162 1106 3473 1177 spirituale;
3506 1124 3601 1163 ve-

2016 1200 2314 1248 rumtamen
2344 1193 2410 1247 ab
2436 1193 2539 1249 hoc
2566 1194 2634 1250 ad
2662 1194 2791 1250 illud
2821 1210 2917 1251 vos
2942 1211 3158 1266 possum
3189 1197 3499 1267 perducere.
3526 1198 3600 1254 Ita

2015 1299 2235 1356 quoque
2263 1286 2435 1342 Judaei
2463 1291 2730 1360 quondam
2784 1292 2986 1347 cultum
3034 1292 3395 1348 exhibebant:
3423 1294 3516 1349 sed
3567 1310 3595 1347 a

2015 1380 2284 1447 corporali
2315 1381 2461 1435 cultu
2483 1392 2838 1449 recesserunt,
2861 1394 2912 1439 et
2935 1384 3001 1438 ad
3018 1385 3345 1455 spiritualem
3376 1385 3599 1440 traducti

2015 1480 2156 1534 sunt,
2178 1472 2266 1540 qui
2290 1471 2630 1527 crediderunt
2654 1487 2860 1528 omnes.
2894 1474 3052 1529 Vides
3076 1475 3223 1529 Pauli
3248 1476 3559 1546 sapientiam
3579 1477 3601 1531 ?

2018 1562 2168 1617 vides
2215 1562 2596 1631 prudentiam?
2643 1564 2792 1619 vides
2821 1581 2927 1635 quo
2977 1574 3132 1635 pacto
3182 1567 3302 1621 illos
3345 1566 3603 1622 devicerit

2016 1666 2123 1708 non
2169 1653 2508 1723 evangelicis,
2538 1669 2643 1709 non
2668 1654 2998 1727 prepheticis
3026 1672 3152 1711 usus
3189 1656 3365 1724 dictis,
3392 1658 3486 1712 sed
3517 1658 3601 1711 iu-

2010 1743 2337 1813 scriptione?
2355 1744 2471 1799 Noli
2493 1760 2642 1816 ergo,
2667 1747 2961 1811 carissime,
2979 1746 3280 1803 divinorum
3297 1748 3602 1817 inscriptio-

2017 1851 2139 1891 nem
2170 1837 2503 1906 eioquiorum
2535 1840 2983 1907 prtetct-mittere:
3015 1855 3137 1895 nam
3189 1840 3233 1895 si
3285 1849 3520 1895 attentus
3549 1848 3601 1895 et

2018 1927 2240 1996 vigilans
2271 1927 2458 1994 fueris,
2489 1929 2648 1984 etiam
2682 1930 2733 1984 in
2760 1929 2951 1985 alienis
2981 1932 3110 1985 utile
3136 1931 3406 2003 quidpiam
3434 1932 3598 1988 offen-

2019 2017 2114 2073 des
2148 2036 2160 2071 :
2193 2020 2272 2073 sin
2297 2031 2474 2075 autem
2508 2022 2780 2093 negligens
2828 2037 2891 2078 ac
2918 2024 3203 2090 remissus,
3234 2041 3302 2081 ne
3330 2026 3458 2096 ipsa:
3482 2026 3602 2096 qui-

2019 2109 2139 2164 dem
2164 2111 2254 2165 tibi
2275 2127 2441 2166 sacra:
2466 2112 2656 2167 Litera:
2687 2113 2942 2183 prodesse
2970 2124 3234 2184 poterunt.
3260 2114 3392 2171 Nam
3416 2132 3602 2187 quem-

2020 2198 2305 2254 admodmn
2336 2203 2424 2271 qui
2477 2203 2619 2258 lucra
2665 2203 2810 2258 novit
2849 2205 3098 2275 colligere
3125 2246 3139 2271 ,
3187 2207 3421 2277 undique
3460 2208 3603 2262 lucra

2019 2290 2224 2361 Coiligit
2255 2309 2268 2345 :
2301 2292 2373 2346 ita
2398 2303 2451 2347 ct
2473 2293 2517 2347 is
2555 2293 2649 2363 qtti
2676 2295 2894 2350 minime
2924 2297 3093 2361 novit,
3115 2298 3359 2365 quamvis
3391 2297 3604 2352 thesau‘

2019 2398 2136 2436 rum
2160 2383 2440 2449 invenerit,
2473 2386 2645 2439 inanis
2671 2387 2888 2441 recedit.
2920 2387 3088 2442 Vultis
3109 2397 3161 2442 et
3189 2388 3412 2443 alterum
3434 2390 3607 2444 simile

2020 2486 2391 2544 argumentum
2419 2478 2471 2531 in
2512 2477 2746 2531 medium
2777 2478 3018 2543 afferam,
3046 2480 3185 2548 quod
3227 2481 3362 2535 alius
3390 2481 3604 2551 quidem

2021 2564 2130 2619 alio
2157 2579 2318 2619 sensu
2367 2568 2606 2635 protulit,
2635 2567 2730 2622 sed
2770 2569 3091 2635 evangelista
3125 2570 3228 2623 vim
3274 2585 3458 2625 eorum
3488 2586 3606 2641 qua:

2020 2652 2159 2711 dicta
2209 2655 2408 2708 fuerant
2438 2655 2505 2709 ad
2533 2671 2591 2711 se
2620 2656 2891 2712 traduxit?
2923 2656 3102 2726 Itaque
3122 2658 3405 2729 diligenter
3428 2670 3604 2716 allen-

2019 2742 2148 2808 dite,
2182 2753 2242 2798 ut
2265 2744 2412 2798 illum
2438 2761 2650 2816 quoque
2674 2747 2894 2803 discetis
2912 2748 3240 2803 intellectum
3266 2750 3332 2805 ad
3354 2752 3606 2807 obedien-

2020 2832 2146 2889 dum
2172 2833 2387 2889 Christo
2416 2835 2467 2889 in
2488 2838 2846 2906 captivitatem
2862 2840 3127 2909 redegisse
3152 2840 3226 2911 (‘2.
3250 2839 3369 2897 Cor.
3401 2842 3487 2897 10.
3516 2843 3603 2913 5):

2023 2932 2081 2976 ut
2109 2923 2349 2991 discatis,
2381 2926 2424 2979 si
2472 2927 2645 2980 aliena
2676 2942 2958 2997 possumus
2986 2931 3036 2982 in
3066 2931 3427 2999 captivitatem
3460 2933 3605 2989 redi-

2021 3026 2169 3082 gere,
2199 3014 2364 3069 multo
2389 3016 2556 3085 magis
2581 3030 2680 3070 nos
2704 3017 2756 3070 in
2804 3019 3028 3087 prapriis
3054 3024 3430 3090 negotiaturos,
3463 3039 3608 3092 qua:-

2023 3113 2272 3175 stumque
2298 3106 2552 3164 facturos.
2580 3108 2826 3164 Pontifex
2860 3122 2975 3165 erat
3021 3113 3148 3167 anni
3176 3113 3315 3167 illius
3341 3114 3567 3184 Caiphas
3592 3132 3605 3170 :

2024 3212 2146 3255 nam
2170 3207 2222 3253 et
2253 3198 2353 3253 hoc
2373 3200 2473 3254 fuit
2495 3200 2729 3256 Judaicte
2747 3204 3101 3272 improbitatis
3132 3224 3144 3259 :
3168 3207 3418 3276 quoniam
3445 3208 3611 3278 digni-

2022 3297 2185 3345 tatem
2232 3292 2616 3348 sacerdotalem
2648 3294 2782 3351 adeo
2834 3296 3191 3367 deturpabant
3220 3341 3237 3365 ,
3293 3310 3350 3354 ut
3395 3302 3609 3363 venales

2026 3384 2303 3455 pontiﬁces
2340 3385 2648 3441 redderent.
2699 3389 2867 3443 Antea
2895 3405 3022 3444 vero
3053 3406 3158 3445 non
3184 3391 3254 3445 ita
3284 3393 3462 3460 fiebat,
3512 3395 3609 3455 sed

2023 3475 2137 3529 sola
2167 3483 2338 3530 morte
2370 3476 2638 3544 pontiﬁcis
2670 3480 3025 3534 sacerdotium
3050 3482 3431 3537 terminabatur
3457 3501 3470 3538 :
3496 3493 3608 3541 tum

2025 3579 2155 3618 vero
2184 3564 2343 3618 etiam
2370 3567 2609 3620 viventes
2640 3565 2842 3622 honore
2870 3582 2929 3622 se
2966 3569 3303 3625 abdicabant.
3352 3572 3485 3625 Cum
3515 3573 3612 3642 igic

2029 3664 2113 3709 tur
2134 3654 2275 3709 illius
2302 3655 2427 3710 anni
2458 3657 2695 3726 pontifex
2723 3665 2868 3713 esset
2897 3658 3145 3729 Caiphas,
3176 3659 3392 3715 Iudaeos
3423 3663 3613 3719 adver-

2027 3760 2120 3800 sus
2147 3744 2418 3802 Christum
2445 3748 2689 3801 armabat
2736 3762 2799 3802 ac
2827 3748 3040 3804 dicebat
3068 3767 3082 3802 :
3112 3750 3262 3805 lluuc
3290 3752 3426 3808 mori
3452 3768 3611 3823 opor~

2030 3846 2103 3893 tet
2131 3852 2288 3892 :cum
2316 3845 2495 3892 tamen
2524 3838 2657 3891 nihil
2687 3838 2908 3893 haberet
2933 3840 3073 3908 quod
3104 3841 3151 3895 ei
3202 3842 3477 3911 objiceret,
3516 3846 3612 3909 sed

2030 3928 2225 3991 invidia
2247 3928 2420 3983 solum
2453 3927 2771 3982 tabesceret.
2796 3929 2871 3983 Ea
2902 3943 3128 3998 namque
3149 3931 3359 3986 invidia:
3379 3943 3463 3987 est
3485 3949 3614 3989 cono

2030 4019 2180 4085 ditio,
2208 4020 2367 4074 talem
2408 4029 2745 4089 acceptorum
2794 4019 3174 4076 beneﬁciorum
3203 4026 3499 4091 mercedem
3532 4043 3613 4081 rc-

2031 4110 2232 4184 pendit.
2290 4110 2442 4166 Unde
2470 4110 2780 4167 insidiarum
2811 4128 3025 4168 causam
3076 4116 3320 4184 aperiens
3363 4116 3612 4186 dicebat,

2032 4202 2252 4272 Expedit
2285 4211 2336 4255 ut
2362 4218 2491 4256 unus
2521 4202 2667 4256 homo
2703 4205 2971 4267 ntoriatur,
3005 4214 3052 4257 et
3100 4222 3201 4259 non
3248 4218 3353 4260 tota
3380 4224 3502 4278 gens
3528 4227 3614 4279 pe-

2029 4305 2140 4349 reat
2159 4293 2338 4364 (Joan.
2365 4295 2450 4349 Η.
2474 4294 2585 4365 50).
2614 4294 2783 4365 llujus
2811 4296 2957 4351 verbi
2985 4300 3153 4352 virtus
3175 4298 3293 4354 vide
3323 4316 3430 4370 quo
3457 4310 3615 4372 pacto

2033 4386 2084 4440 in
2110 4395 2320 4439 nostras
2353 4394 2531 4454 partes
2559 4388 2849 4450 transierit,
2877 4395 2934 4439 ut
2957 4388 3220 4457 intelligas
3258 4391 3476 4445 verbum
3498 4393 3610 4462 qui-

2031 4477 2151 4532 dem
2175 4475 2341 4529 fuisse
2369 4474 2680 4539 sacerdotis,
2706 4486 2759 4528 at
2785 4492 2999 4530 sensum
3019 4479 3347 4545 spiritualetn
3376 4480 3490 4536 ﬁeri
3521 4499 3614 4550 po-

2037 4570 2218 4624 tuisse.
2248 4566 2469 4638 Expedit
2491 4576 2543 4620 ut
2561 4583 2692 4620 unus
2716 4567 2865 4620 homo
2888 4568 3151 4635 moriatur,
3175 4579 3219 4622 et
3244 4588 3344 4625 non
3370 4581 3475 4626 tota
3495 4590 3617 4643 gens

2037 4668 2223 4730 pereat.
2250 4656 2365 4711 Hoc
2393 4666 2561 4712 autem
2589 4675 2621 4710 a
2639 4657 2906 4727 semetipso
2930 4673 3029 4711 non
3056 4659 3272 4727 dicebat,
3306 4661 3497 4731 inquit,
3527 4665 3616 4718 sed

2038 4751 2158 4789 cum
2194 4750 2326 4793 esset
2351 4744 2588 4810 pontifex
2618 4748 2743 4799 anni
2767 4746 2931 4803 illius,
2951 4746 3274 4811 prophetarit
3299 4746 3405 4817 (Ib.
3430 4766 3476 4803 υ.
3496 4751 3609 4820 Si),

2040 4828 2183 4899 quod
2204 4832 2340 4885 mori
2360 4830 2636 4888 Christum
2658 4840 2939 4902 oporteret
2960 4850 3065 4888 non
3088 4837 3249 4890 modo
3275 4854 3371 4908 pro
3383 4838 3607 4908 Iudaeis,

2040 4923 2134 4995 sed
2162 4932 2213 4977 et
2240 4940 2336 4995 pro
2365 4933 2476 4980 tota
2504 4936 2663 4996 gente
2687 4947 2700 4983 :
2728 4939 3013 4999 propterea
3037 4930 3276 4999 dicebat,
3298 4933 3522 5001 Expedit
3548 4945 3608 4990 ut

2038 5030 2174 5079 unus
2207 5017 2465 5069 moriatur
2490 5017 2667 5077 homo.
2698 5030 2745 5073 et
2777 5037 2879 5073 non
2920 5030 3028 5075 tota
3060 5040 3177 5094 gens
3207 5035 3401 5093 pereat.
3439 5024 3607 5081 Vides

2040 5113 2333 5185 potentiam
2359 5111 2475 5177 Dei,
2499 5126 2604 5181 quo
2651 5117 2811 5182 pacto
2839 5109 3075 5180 linguam
3105 5117 3258 5178 cogat
3283 5108 3619 5165 inimicorum

2041 5222 2137 5277 pro
2162 5205 2385 5259 veritate
2411 5201 2572 5255 verba
2603 5200 2820 5255 facere?

2111 5297 2163 5352 5.
2197 5293 2452 5363 Neap/ign
2471 5293 2556 5362 qui
2579 5291 2681 5345 veri
2710 5292 2830 5345 sint.
2851 5321 2925 5331 —
2943 5290 3012 5347 Ut
3042 5290 3198 5361 igitur
3226 5291 3513 5361 Scriptum
3535 5307 3623 5346 sa-

2043 5403 2148 5443 crae
2176 5385 2354 5439 titulos
2383 5399 2486 5437 non
2511 5383 3001 5452 pnetermittamus,
3025 5380 3349 5436 sufﬁcienter
3378 5381 3492 5436 inec
3541 5385 3622 5437 di-

2044 5490 2128 5535 cta
2158 5480 2284 5544 sint,
2311 5478 2355 5532 si
2385 5474 2521 5530 forte
2552 5473 2907 5530 recordemini
2935 5491 2947 5525 :
2980 5487 3229 5540 cuperem
3256 5482 3437 5526 autem
3464 5473 3625 5530 etiam

2047 5575 2226 5631 dicere
2272 5572 2393 5644 quis
2423 5572 2492 5624 sit
2533 5579 2719 5623 auctor
2749 5565 2888 5629 libri,
2922 5574 2976 5619 et
3018 5565 3229 5633 quando
3253 5606 3268 5628 ,
3313 5580 3523 5634 quaque
3562 5567 3625 5622 de

2048 5680 2207 5722 causa
2228 5664 2374 5718 illum
2398 5658 2690 5730 scripserit.
2722 5655 2829 5711 Sed
2859 5655 2972 5709 haec
2999 5654 3208 5707 interim
3240 5665 3417 5709 mente
3448 5666 3625 5712 teneao

2053 5772 2206 5827 mus;
2238 5756 2325 5813 illa
2354 5765 2481 5809 vero
2509 5748 2741 5806 craStino
2767 5743 2874 5802 die.
2906 5743 2949 5799 si
2998 5743 3138 5800 Deus
3185 5745 3408 5801 voluerit
3426 5785 3442 5813 ,
3471 5743 3636 5800 resti-
