4066 6274
477 366 552 422 ⁸15
1175 359 1230 413 S.
1271 354 1549 413 JOANNIS
1585 347 2062 412 CllRYSOSTOMI
2102 349 2416 406 ARClllEP.
2446 351 2982 408 CONSTANTINOP.

485 487 715 534 tuemus.
743 473 912 532 Statui
961 487 1209 544 namque,
1237 470 1375 542 quod
1405 469 1667 540 reliquum
1703 475 1808 531 est,
1853 477 2062 519 sermo-

488 584 610 623 nem
641 568 705 621 ad
747 581 917 632 nuper
942 564 1266 618 illuminatos
1305 570 1640 617 convertere.
1684 558 1862 628 Nuper
1884 567 2062 608 autem

486 657 812 712 illuminatos
842 653 1052 724 appello
1088 667 1194 706 non
1221 666 1339 717 eos,
1375 651 1465 721 qui
1493 659 1618 704 ante
1663 648 1798 702 duos
1825 655 1877 701 et
1908 654 2016 698 tres
2044 682 2059 708 ,

483 763 655 816 neque
683 747 770 817 qui
801 755 926 799 ante
952 745 1137 799 decem
1167 743 1283 798 dies
1312 741 1596 797 illuluinati
1645 747 1770 794 sunt
1813 746 2014 792 tantum
2043 776 2060 800 ,

477 842 570 896 sed
616 855 709 895 cos
745 840 904 893 etiam
932 840 1022 909 qui
1081 847 1212 892 ante
1250 851 1486 900 annum,
1513 844 1672 904 atque
1717 832 1851 887 adeo
1896 829 2062 884 multo

476 942 600 986 ante
628 941 866 1000 tempore
891 947 904 983 ε
929 928 1361 999 quandoquidem
1409 926 1508 979 hos
1532 937 1745 995 quoque
1769 922 1845 991 sic
1874 919 2060 990 appel-

477 1025 572 1080 lari
604 1032 834 1095 oportet.
860 1023 916 1078 Si
940 1024 1080 1077 enim
1113 1021 1165 1075 in
1189 1018 1479 1074 excolenda
1513 1018 1688 1071 anima
1716 1024 1897 1069 nostra
1921 1012 2061 1068 mul-

475 1127 586 1172 lum
618 1117 780 1171 studii
811 1115 1214 1171 exhibuerimus
1247 1153 1264 1177 ,
1315 1126 1604 1182 possumus
1632 1119 1685 1164 et
1713 1117 1833 1178 post
1873 1107 2058 1161 decem

471 1227 641 1266 anno<
678 1225 847 1279 nuper
877 1208 1154 1264 illuminati
1177 1221 1316 1267 esse,
1344 1206 1388 1258 si
1415 1204 1567 1259 nobis
1597 1203 1882 1273 ingenitam
1913 1215 1942 1253 a
1969 1199 2061 1252 ba-

473 1306 720 1374 ptismate
751 1301 1083 1372 iuventutem
1131 1295 1648 1353 conservaverimus.
1694 1293 1876 1362 Neque
1916 1291 2056 1345 enim

471 1410 640 1465 nuper
679 1394 1030 1447 illuminatum
1074 1389 1238 1445 efficit
1278 1398 1506 1456 tempus,
1535 1384 1632 1440 sed
1678 1385 1785 1437 vita
1837 1379 2056 1444 munda,

470 1501 591 1537 cum
623 1483 736 1537 ﬁeri
766 1482 956 1550 possit,
986 1489 1044 1534 ut
1071 1490 1188 1548 post
1212 1478 1348 1532 duos
1367 1478 1525 1531 etiam
1547 1475 1682 1537 dies,
1715 1475 1800 1541 qui
1834 1474 1928 1526 sibi
1953 1486 2056 1526 non

473 1585 677 1634 caveat,
705 1569 1076 1640 appellatiOnis
1101 1568 1258 1638 hujus
1287 1567 1597 1636 dignitatem
1623 1565 1850 1618 amittat.
1884 1567 2056 1632 Atque

471 1664 630 1731 huius
661 1662 738 1716 rei
786 1661 934 1714 vobis
973 1659 1281 1730 exemplum
1331 1656 1620 1727 proferam,
1650 1670 1754 1725 quo
1783 1662 1937 1723 pacto
1965 1653 2054 1722 qui

471 1771 642 1824 nuper
667 1753 999 1808 illuininatus
1028 1761 1140 1806 erat
1163 1791 1180 1817 ,
1206 1751 1384 1805 statim
1411 1759 1526 1818 post
1554 1747 1689 1803 duos
1718 1747 1832 1802 dies
1857 1757 1909 1799 et
1933 1761 2059 1815 gra-

471 1847 597 1898 tiam
619 1852 674 1898 et
703 1844 963 1897 honorem
1016 1857 1186 1912 nuper
1214 1839 1496 1895 illuminati
1521 1839 1778 1892 amiserit.
1813 1836 1923 1890 Hoc
1960 1852 2056 1888 ati-

471 1944 574 1990 tem
601 1935 902 2004 exemplum
953 1933 1153 1987 idcirco
1183 1947 1213 1984 a
1243 1937 1328 1984 tne
1359 1929 1627 1999 profertur
1652 1969 1668 1992 ,
1713 1937 1772 1982 ut
1801 1942 1922 1982 cuin
1965 1927 2047 1979 la-

469 2042 623 2097 psum
671 2027 833 2081 istum
861 2023 1119 2090 videritis,
1147 2022 1375 2076 salutem
1404 2031 1636 2074 vestram
1685 2019 1735 2072 in
1773 2026 1886 2071 tuto
1929 2032 2058 2070 con-

469 2118 722 2172 stituatis.
759 2116 875 2171 Non
906 2117 1051 2171 enim
1101 2124 1304 2170 tantum
1350 2128 1540 2168 eorum
1598 2110 1844 2180 exemplo
1905 2109 2056 2164 vobis

467 2211 739 2282 proposito
765 2209 856 2280 qui
886 2217 1189 2272 steterunt,
1225 2207 1320 2261 sed
1355 2220 1543 2260 eorum
1583 2205 1765 2267 etiam,
1797 2203 1884 2272 qui
1917 2216 2050 2269 sup-

468 2301 686 2370 plantati
726 2309 888 2364 suttt,
943 2296 1245 2370 corrigendi
1297 2296 1430 2350 estis
1479 2303 1533 2349 et
1580 2293 1820 2348 sanandi.
1868 2291 2053 2347 Simon

465 2393 654 2460 Magus
677 2405 970 2445 conversus
998 2399 1144 2455 erat,
1199 2388 1387 2456 inquit,
1445 2397 1500 2440 et
1544 2385 1841 2455 baptizatus
1870 2383 2054 2436 adhae-

467 2484 619 2538 rebat
644 2483 910 2550 Philippo,
943 2481 1129 2534 videns
1167 2481 1318 2548 signa
1350 2496 1363 2532 :
1397 2477 1491 2531 sed
1539 2487 1654 2546 post
1710 2490 1904 2545 paucos
1939 2475 2054 2528 dies

465 2573 642 2628 statim
666 2572 731 2625 ad
765 2571 1031 2641 pr0priam
1070 2586 1317 2624 reversus
1354 2579 1439 2623 est
1473 2569 1788 2636 nequitiam,
1817 2575 1872 2621 et
1899 2582 2049 2620 suam

466 2665 692 2719 salutem
718 2678 897 2717 emere
945 2660 1164 2730 pecunia
1196 2661 1428 2714 volebat.
1458 2659 1593 2727 Quid
1634 2675 1762 2727 ergo
1794 2674 1962 2726 nuper
1991 2657 2052 2710 il-

466 2755 722 2809 luminato
748 2753 882 2807 divit
913 2754 1148 2807 Petrus?
1197 2751 1263 2804 In
1310 2752 1426 2823 felle
1473 2749 1828 2803 amaritudinis
1853 2761 1898 2802 et
1925 2749 2053 2802 obli-

463 2848 661 2919 gatione
681 2846 954 2916 iniquitatis
975 2843 1116 2897 video
1145 2852 1192 2896 te
1219 2859 1324 2896 esse
1344 2856 1364 2895 :
1387 2841 1620 2909 quocirca
1650 2839 1811 2894 Deum
1832 2856 1977 2910 roga,
2005 2841 2049 2893 si

463 2945 592 3012 forte
614 2939 898 2992 remittatur
927 2936 1014 2990 tibi
1039 2935 1147 2988 ha'c
1171 2934 1392 3004 nequitia
1416 2933 1550 3004 (Act.
1581 2933 1615 2988 8
1657 2931 1746 2987 25.
1765 2931 1880 2999 22).
1910 2931 2052 2984 Non-

463 3031 590 3086 dum
621 3031 893 3099 ingressus
919 3037 1000 3083 est
1019 3026 1335 3088 certamina,
1364 3034 1418 3078 et
1448 3025 1624 3078 statim
1654 3021 1873 3091 indigno
1896 3021 2050 3076 venia

461 3136 588 3176 casu
622 3122 898 3190 prolapsus
923 3126 1024 3173 est.
1057 3116 1124 3173 Ut
1176 3118 1338 3187 igitur
1364 3126 1482 3185 post
1521 3115 1656 3168 duos
1681 3113 1798 3169 dies
1848 3113 2046 3167 Callere

462 3227 763 3286 possumus,
785 3223 841 3266 et
870 3225 1039 3279 nuper
1078 3207 1362 3263 illuminati
1398 3206 1804 3276 appellationem
1836 3214 1889 3258 et
1921 3219 2046 3273 gra-

463 3305 590 3358 tiam
620 3301 877 3373 perdere:
910 3299 982 3354 ita
1007 3313 1217 3370 quoque
1247 3307 1364 3367 post
1390 3297 1576 3350 decem
1616 3312 1678 3351 ac
1725 3295 1909 3365 viginti
1945 3309 2046 3348 an-

461 3410 581 3459 nos,
605 3403 661 3449 et
687 3393 752 3447 ad
781 3393 939 3446 linem
965 3407 1132 3461 usque
1153 3391 1273 3444 vita:
1305 3403 1587 3459 possumus
1607 3388 1918 3459 praclarum
1946 3386 2047 3442 hoc

461 3495 621 3555 atque
651 3483 1007 3538 venerandum
1036 3498 1228 3537 nomen
1260 3497 1323 3536 ac
1355 3496 1466 3535 rem
1498 3495 1838 3536 conservare.
1867 3482 2042 3551 Atque

461 3577 565 3632 hoc
593 3577 786 3631 Paulus
818 3585 1042 3631 testatur
1059 3574 1362 3644 apostolus,
1383 3573 1471 3644 qui
1499 3573 1550 3628 in
1573 3581 1850 3628 senectute
1876 3573 2045 3627 maxi-

459 3685 548 3724 me
571 3667 794 3723 illustris
819 3667 938 3722 fuit.
959 3666 1093 3723 Nam
1117 3667 1366 3737 quoniam
1410 3681 1439 3718 a
1465 3673 1656 3719 natura
1685 3679 1790 3718 non
1821 3675 1903 3718 est
1930 3664 2044 3718 bare

461 3759 739 3822 iuventus,
769 3759 864 3815 sed
905 3761 1180 3828 tttriusque
1221 3758 1478 3828 propositi
1519 3767 1795 3828 compotes
1821 3773 2040 3821 smnus;

459 3861 518 3906 ut
546 3850 626 3905 vel
681 3865 1045 3917 senescamus,
1074 3849 1157 3903 vel
1191 3851 1414 3918 juvenes
1440 3863 1770 3916 maneamus,
1799 3863 1828 3902 a
1860 3859 2042 3902 nostro

459 3944 655 4015 pendet
691 3943 930 3999 arbitrio.
979 3943 1034 3997 In
1060 3956 1284 4012 corpore
1321 3941 1536 4012 quidem
1577 3941 1702 3996 licet
1743 3955 1902 3994 omne
1931 3953 2043 3994 stu-

456 4036 601 4092 dium
630 4036 749 4106 quis
797 4035 1042 4090 adhibeat
1071 4073 1086 4096 ,
1118 4034 1241 4086 licet
1287 4047 1501 4086 omnem
1549 4031 1778 4101 lapidem
1807 4039 2037 4096 moveat,

457 4126 580 4181 licet
605 4125 733 4181 illud
763 4125 982 4179 minime
1011 4131 1186 4183 vexet,
1218 4123 1340 4176 licet
1392 4121 1535 4174 domi
1576 4121 1867 4182 contineat,
1915 4121 2040 4175 licet

457 4216 730 4272 laboribus
769 4213 897 4268 illud
945 4221 1001 4266 et
1039 4212 1307 4267 continuis
1365 4210 1618 4280 operibus
1647 4224 1752 4264 non
1794 4209 1990 4280 allligat
2021 4227 2036 4264 :

457 4317 634 4363 tamen
664 4323 728 4361 ex
761 4305 878 4376 lege
903 4291 1106 4360 natdra:
1128 4303 1206 4358 sic
1227 4318 1437 4373 quoque
1463 4303 1618 4374 plane
1637 4312 1886 4357 senectus
1912 4303 2039 4358 illud

458 4397 691 4453 invadet.
719 4397 774 4452 In
800 4397 976 4452 anima
1007 4411 1135 4450 vero
1163 4411 1266 4450 non
1314 4395 1384 4450 ita
1432 4397 1490 4450 lit
1517 4412 1532 4453 :
1561 4395 1656 4451 sed
1687 4395 1729 4449 si
1762 4395 1904 4449 illam
1933 4397 2037 4450 mi-

454 4491 599 4546 nime
626 4503 808 4552 vexes,
837 4501 1010 4558 neque
1036 4485 1382 4541 saecularibus
1423 4501 1542 4542 eam
1570 4485 1838 4542 laboribus
1863 4487 2037 4543 curis-

451 4595 556 4649 que
583 4578 864 4634 mundanis
882 4577 1178 4643 escrucies,
1205 4577 1537 4648 iuventutem
1578 4593 1728 4632 suam
1779 4589 2037 4648 perpetuo

455 4673 668 4733 retinet,
703 4672 1031 4742 ill-.esamque
1080 4679 1384 4725 conservat.
1415 4669 1603 4726 Nonne
1633 4669 1825 4725 videtis
1857 4669 1954 4724 has
1981 4671 2035 4725 in

450 4763 586 4818 cado
624 4763 760 4817 lixas
788 4761 1006 4818 stellas?
1031 4761 1148 4817 Jam
1185 4778 1279 4832 per
1307 4778 1478 4817 annos
1506 4761 1681 4817 sexies
1708 4760 1851 4816 inille
1882 4761 2036 4816 nobis

453 4857 652 4922 lucent,
686 4870 784 4912 nec
813 4856 1046 4926 ipsarum
1081 4856 1186 4910 ulla
1217 4854 1353 4910 facta
1379 4865 1463 4911 est
1489 4855 1784 4909 obscurior.
1808 4853 1958 4924 Quod
1989 4853 2034 4908 si

451 4950 538 5003 ubi
557 4958 758 5004 natura:
775 4965 860 5005 res
877 4956 980 5010 est,
997 4950 1067 5001 ita
1095 4962 1282 5002 recens
1295 4955 1351 5002 et
1372 4946 1605 5001 vividum
1625 4947 1800 5001 lumen
1825 4961 2037 5001 reman-

450 5041 562 5094 sit:
594 5039 686 5092 ubi
716 5039 1007 5093 voluntatis
1045 5052 1134 5091 res
1181 5047 1263 5091 est
1282 5078 1298 5103 ,
1327 5052 1504 5092 nonne
1543 5038 1710 5092 multo
1737 5037 1903 5108 magis
1931 5038 2035 5092 tale

452 5128 814 5200 permanebit,
848 5129 1007 5197 quale
1033 5129 1102 5183 ab
1123 5127 1273 5181 initio
1300 5127 1549 5181 refulsit?
1579 5128 1689 5181 lmo
1717 5142 1845 5181 vero
1874 5128 1916 5180 si
1944 5143 2036 5181 ve-

453 5221 635 5282 limus,
664 5233 768 5272 non
799 5219 903 5272 tale
931 5228 1134 5272 tantum
1176 5219 1526 5286 permanebit,
1577 5217 1671 5273 sed
1701 5216 2032 5288 splendidius

448 5313 607 5367 etiam
639 5309 762 5375 erit,
795 5308 873 5362 sic
917 5318 976 5361 ut
1020 5308 1163 5376 ipsos
1196 5307 1355 5360 etiam
1383 5307 1514 5362 solis
1531 5308 1710 5362 radios
1729 5309 2025 5363 aemuletur.

453 5402 568 5456 Vin‘
601 5411 656 5456 tu
689 5400 985 5470 intelligere
1035 5413 1141 5468 quo
1191 5407 1346 5468 pacto
1401 5413 1687 5467 possumus
1719 5401 1877 5454 etiam
1909 5409 2030 5470 post

452 5493 666 5562 longum
695 5501 905 5560 tempus
941 5504 1063 5546 esse
1115 5505 1286 5559 nuper
1315 5487 1629 5543 illuminati?
1659 5489 1794 5544 Audi
1836 5490 2026 5562 quibus

446 5584 625 5637 verbis
647 5582 840 5637 Paulus
869 5581 1110 5637 homines
1131 5582 1299 5638 multo
1326 5589 1450 5636 ante
1480 5591 1721 5651 tempore
1754 5582 2022 5639 illumina-

448 5680 531 5726 tos
560 5671 862 5742 alloquatur
893 5673 1078 5728 :Inter
1117 5689 1240 5745 quos
1283 5674 1460 5729 lucetis
1505 5675 1636 5728 sicut
1661 5675 1934 5728 luminaria
1971 5677 2022 5729 in

446 5760 654 5826 mundo,
676 5763 874 5816 verbum
897 5763 1010 5817 rita'
1030 5765 1334 5818 continentes
1355 5765 1423 5820 ad
1446 5765 1660 5836 gloriam
1679 5782 1838 5819 nteant
1864 5764 2020 5836 (Plii-

3701 354 3783 411 76

2174 463 2302 533 (ipp.
2328 463 2383 518 2.
2405 464 2491 519 l5.
2519 463 2628 533 ιο).
2651 464 2896 519 Veterem
2919 464 3258 538 laceramque
3283 474 3488 523 vestem
3513 468 3773 530 exuistis.

2170 555 2432 625 spirituali
2459 566 2730 627 unguento
2755 556 2978 612 delibuti
3005 560 3164 623 estis,
3219 560 3369 615 liberi
3415 576 3602 616 omnes
3638 561 3771 616 facti

2171 647 2299 701 estis
2328 663 2343 700 :
2373 663 2530 702 nemo
2555 647 2809 718 deinceps
2835 649 2901 703 ad
2943 650 3174 719 priorem
3201 650 3385 706 redeat
3417 657 3760 709 servitutem.

2170 737 2376 793 Bellum
2403 738 2670 808 quoddam
2693 754 2760 793 ac
2796 748 3066 794 certamen
3097 749 3222 794 sunt
3263 756 3350 797 res
3381 742 3517 797 istae.

2240 831 2556 888 Atliletarum
2584 835 2811 903 probatio
2840 836 2893 888 in
2923 834 3222 905 Olympicis.
3255 864 3328 877 --
3354 835 3523 890 Nemo
3547 846 3719 892 certat
3740 880 3762 901 ,

2166 925 2256 994 qui
2288 940 2475 979 servus
2500 927 2571 980 sit
2607 943 2620 980 :
2653 942 2811 980 nemo
2841 927 3029 980 militat
3053 927 3143 996 qui
3169 928 3240 980 sit
3277 927 3505 982 famulus
3534 947 3548 982 :
3577 930 3668 984 sed
3713 930 3764 984 si

2167 1031 2354 1072 servus
2379 1016 2839 1086 deprehendatur,
2864 1033 2928 1072 ex
2953 1017 3073 1071 albo
3100 1017 3321 1071 militum
3348 1033 3469 1073 cum
3493 1021 3765 1089 supplicio

2165 1108 2400 1176 eiicitur.
2433 1108 2615 1179 Neque
2640 1124 2768 1163 vero
2798 1109 2850 1162 in
2879 1108 2980 1163 bac
3007 1119 3208 1164 tantum
3236 1108 3418 1164 militia
3445 1149 3462 1176 ,
3495 1110 3590 1164 sed
3615 1122 3670 1166 et
3704 1111 3762 1166 in

2165 1199 2454 1272 Olympicis
2481 1201 2860 1256 certaminibus
2891 1201 3032 1254 idem
3073 1202 3171 1256 iste
3215 1217 3330 1256 mos
3359 1203 3582 1258 obtinet.
3627 1202 3762 1259 Post

2164 1293 2377 1362 triginta
2406 1292 2550 1347 enim
2585 1293 2701 1347 dies
2733 1291 2821 1347 hic
2848 1302 3145 1347 transactos
3169 1333 3184 1358 ,
3215 1295 3265 1348 in
3291 1294 3602 1349 suburbium
3631 1296 3760 1350 illos

2163 1386 2382 1440 eductos
2405 1387 2828 1450 circumvehuot,
2857 1397 2910 1442 et
2941 1395 3051 1441 toto
3080 1386 3298 1441 sedente
3327 1387 3534 1442 theatro
3557 1389 3761 1442 clamat

2166 1494 2340 1547 prmco
2373 1477 2548 1533 :Num
2579 1479 2699 1549 quis
2729 1478 2867 1533 hunc
2891 1479 3144 1534 accusat?
3183 1480 3252 1532 ita
3285 1487 3340 1533 ut
3367 1480 3511 1534 oinni
3541 1481 3759 1535 servilis

2162 1570 2482 1624 conditionis
2519 1571 2819 1640 suspicione
2848 1569 3064 1639 depulsa
3092 1612 3106 1633 ,
3139 1571 3192 1624 in
3233 1571 3519 1625 certamina
3553 1573 3752 1641 pedem

2165 1661 2372 1716 inferat.
2420 1661 2574 1730 Quod
2603 1661 2645 1714 si
2678 1661 2919 1716 diabolus
2951 1662 3002 1715 in
3041 1676 3239 1732 agones
3275 1678 3404 1718 suos
3432 1678 3614 1717 servos
3639 1681 3753 1720 non

2162 1753 2424 1820 admittit,
2451 1768 2557 1825 quo
2585 1762 2742 1824 pacto
2770 1763 2848 1817 tn,
2876 1769 2996 1808 cum
3027 1755 3227 1823 peccati
3259 1768 3446 1808 servus
3473 1757 3707 1812 evaseris
3732 1798 3750 1820 ,

2163 1845 2216 1898 in
2246 1843 2442 1899 Christi
2483 1855 2754 1900 certamen
2795 1844 2998 1914 ingredi
3044 1844 3247 1898 audes?
3285 1845 3396 1900 Illic
3433 1847 3645 1917 quidem
3673 1849 3752 1903 ait

2161 1950 2359 2006 praeco,
2389 1935 2526 1993 Nttm
2549 1935 2669 2006 quis
2704 1935 2861 2005 hujus
2889 1935 2958 1989 sit
2983 1937 3298 1990 accusator?
3324 1935 3409 1991 hic
3435 1953 3560 1992 vero
3587 1938 3750 1993 Chri-

2162 2038 2276 2081 stus
2299 2043 2404 2081 non
2429 2028 2500 2082 ita
2522 2027 2668 2093 dicit,
2693 2027 2785 2083 sed
2810 2027 3054 2096 quamvis
3072 2041 3258 2083 omnes
3277 2037 3400 2083 ante
3425 2028 3749 2097 baptismum

2164 2118 2310 2171 illum
2340 2127 2612 2182 acetisent,
2637 2117 2786 2184 dicit,
2813 2117 2925 2188 Ego
2947 2117 3096 2172 illum
3117 2117 3391 2172 admittam
3416 2129 3470 2173 et
3491 2121 3750 2174 servitute

2171 2207 2427 2269 liberabo,
2451 2219 2610 2278 atque
2637 2208 2688 2262 in
2717 2209 3015 2263 libertatem
3037 2207 3358 2262 vindicatum
3381 2211 3432 2263 in
3453 2211 3748 2267 certamina

2162 2299 2514 2354 introducam.
2551 2299 2706 2354 Vides
2733 2299 3068 2369 agonothetm
3093 2301 3468 2371 benignitatem
3489 2300 3513 2351 ?
3538 2299 3652 2355 Non
3678 2315 3744 2355 ea

2161 2395 2346 2464 quzcrit
2370 2410 2486 2464 qua.
2508 2393 2911 2465 prmcesseritit;
2941 2393 3033 2447 sed
3053 2408 3237 2447 eorum
3264 2409 3383 2463 qua:
3409 2407 3748 2464 c0nsequnu-

2159 2493 2264 2550 tur,
2287 2485 2450 2554 exigit
2474 2485 2757 2539 rationem.
2787 2484 2920 2538 Cum
2947 2497 3135 2538 servus
3158 2498 3326 2551 esses,
3351 2485 3492 2538 mille
3519 2499 3740 2539 accusa-

2159 2587 2302 2634 tores
2329 2577 2581 2642 habebas,
2613 2577 3016 2640 conscientiam,
3047 2587 3264 2646 peccata
3285 2619 3298 2638 ,
3331 2577 3600 2631 daemones
3626 2593 3742 2631 om-

2158 2687 2272 2726 nes.
2292 2670 2477 2726 Nullus
2498 2685 2602 2737 me,
2623 2669 2810 2739 inquit,
2833 2669 3042 2723 illorum
3061 2667 3341 2722 adversum
3361 2676 3413 2722 te
3431 2670 3743 2731 commovit,

2159 2779 2333 2835 neque
2360 2775 2410 2818 te
2440 2764 2573 2817 meis
2601 2763 2980 2816 certaminibus
3009 2759 3276 2830 indignum
3306 2759 3518 2825 censui,
3550 2760 3642 2816 sed
3673 2762 3741 2815 ad

2159 2856 2327 2911 luctas
2351 2855 2560 2920 admisi,
2590 2870 2694 2909 non
2722 2853 2792 2909 ob
2826 2863 2968 2907 tuam
2999 2852 3331 2923 dignitatem,
3352 2851 3446 2906 sed
3473 2852 3542 2905 ob
3568 2867 3742 2907 meam

2155 2949 2555 3020 benignitatem.
2588 2947 2740 3002 Mane
2761 2948 2919 3017 igitur
2939 2961 3001 3001 ac
3022 2946 3255 3010 decerta,
3280 2946 3391 3001 sive
3415 2945 3741 3001 currendum

2158 3041 2248 3103 sit,
2291 3041 2404 3094 sive
2449 3039 2682 3110 pugilatu
2708 3081 2724 3105 ,
2755 3040 2868 3094 sive
2897 3040 3168 3107 pancratio
3197 3033 3502 3092 certandum
3533 3036 3622 3102 sit,
3674 3053 3746 3093 ne

2157 3134 2403 3200 occulte,
2434 3149 2504 3188 ne
2532 3143 2734 3188 temere
2756 3173 2772 3198 ,
2805 3145 2903 3186 nec
2952 3130 3003 3185 in
3047 3146 3238 3185 vanum
3281 3128 3540 3183 decertes.
3600 3129 3741 3184 Audi

2120 3226 2279 3298 'qnid
2307 3227 2474 3297 egerit
2514 3225 2728 3282 Paulus.
2767 3223 3055 3280 Confestim
3087 3223 3174 3278 tibi
3215 3222 3282 3278 de
3310 3223 3520 3276 lavacro
3546 3236 3741 3277 ascen-

2151 3320 2266 3384 dit,
2316 3319 2492 3374 statim
2545 3327 2663 3390 post
2713 3317 3033 3387 baptismum
3083 3314 3426 3379 decertabat,
3483 3313 3742 3382 pra'dica-

2152 3411 2241 3465 bat
2274 3453 2289 3477 ,
2322 3411 2568 3481 quoniam
2597 3409 2682 3466 hic
2707 3419 2788 3465 est
2815 3409 2979 3464 Filius
3012 3407 3138 3470 Dei,
3169 3415 3223 3460 et
3244 3405 3454 3460 Judzcos
3477 3406 3586 3475 jam
3615 3405 3739 3460 inde

2150 3519 2178 3559 a
2211 3505 2383 3575 primo
2401 3502 2489 3558 die
2507 3500 2860 3558 confundebat
2883 3500 3018 3573 (Act.
3041 3499 3096 3553 9.
3115 3498 3231 3566 22).
3267 3500 3334 3552 At
3361 3507 3416 3552 tu
3447 3497 3736 3568 pra-dicare

2148 3611 2255 3650 non
2283 3604 2455 3666 potes,
2477 3609 2649 3664 neque
2670 3591 2887 3647 verbum
2915 3591 3170 3646 doctrina:
3197 3589 3399 3644 habes?
3426 3589 3588 3660 Igitur
3605 3604 3734 3658 0pc-

2149 3687 2296 3740 ribus
2323 3695 2378 3740 et
2413 3685 2821 3740 conversatione
2849 3687 3222 3752 actionnmque
3264 3681 3546 3751 splendore
3575 3681 3725 3736 doce.

2148 3775 2337 3831 Luceat
2360 3777 2502 3832 enim
2529 3820 2543 3842 ,
2574 3775 2780 3847 inquit,
2809 3775 2901 3829 lux
2936 3784 3098 3828 vestra
3126 3790 3294 3826 coram
3326 3775 3610 3829 hominibus
3634 3817 3647 3835 ,
3676 3785 3731 3827 ut

2146 3869 2344 3923 uideant
2369 3885 2521 3938 opera
2547 3879 2707 3924 uestra
2732 3869 2883 3935 bona,
2908 3877 2954 3921 et
2978 3867 3259 3938 glorificent
3286 3864 3491 3920 Patrem
3513 3875 3728 3920 vestrum

2145 3960 2230 4030 qui
2257 3959 2310 4014 in
2338 3960 2474 4014 aclis
2502 3959 2802 4030 esl(Mallh.
2825 3960 2879 4016 5.
2904 3960 3018 4030 l6).
3039 3957 3155 4013 Non
3185 3968 3333 4028 potes
3357 3958 3570 4014 Judteos
3601 3973 3729 4012 voce

2145 4050 2510 4105 confundere?
2537 4049 2641 4105 Fac
2672 4061 2725 4104 ut
2754 4062 2839 4105 tua
2870 4049 3275 4105 conversatione
3300 4048 3725 4111 confundantur,

2146 4141 2229 4196 fac
2273 4149 2330 4196 nt
2369 4152 2808 4196 commoveantur
2844 4150 2930 4194 tua
2974 4143 3264 4196 mutatione
3302 4142 3546 4211 gentiles.
3592 4140 3725 4196 Cum

2144 4235 2286 4290 enim
2312 4233 2543 4287 viderint
2571 4249 2694 4288 eum
2716 4235 2803 4302 qui
2834 4233 3079 4299 lascivus,
3112 4249 3304 4305 pravus
3327 4276 3343 4299 ,
3374 4248 3435 4287 ac
3455 4231 3730 4302 negligens

2143 4338 2198 4385 et
2221 4337 2502 4398 corruptus
2525 4335 2659 4392 erat,
2684 4327 2861 4381 subito
2891 4325 3055 4381 fuisse
3085 4335 3363 4391 mutatum,
3393 4336 3446 4380 et
3467 4336 3585 4395 post
3611 4342 3726 4378 lllll-

2149 4424 2401 4478 tatiOnem
2429 4439 2493 4476 ex
2518 4422 2682 4492 gratia
2704 4421 3047 4475 mutationem
3069 4436 3132 4476 ex
3154 4419 3558 4474 conversatione
3576 4419 3726 4474 exhi-

2142 4512 2344 4579 buisse,
2367 4528 2545 4567 nonne
2565 4511 2974 4576 confundentur,
2997 4521 3051 4566 et
3069 4511 3247 4566 dicent
3266 4511 3316 4565 id
3337 4511 3476 4582 quod
3498 4510 3564 4565 de
3582 4527 3728 4566 creo

2141 4603 2309 4658 Jutlzci
2339 4605 2604 4674 quondam
2631 4603 2908 4667 dicebant,
2946 4602 3044 4656 llic
3069 4612 3174 4669 est,
3211 4601 3327 4656 Non
3358 4612 3432 4656 est
3459 4603 3580 4666 ille,
3610 4602 3726 4655 lmo

2141 4696 2250 4766 ipse
2275 4707 2346 4750 est
2385 4695 2565 4766 (Joan.
2593 4697 2648 4752 9.
2679 4696 2732 4750 8.
2762 4695 2858 4767 9)?
2884 4695 3018 4751 Sunt
3045 4695 3187 4749 enim
3218 4693 3332 4748 lucc
3362 4693 3521 4749 verba
3549 4693 3722 4748 homi—

2143 4804 2268 4842 num
2293 4787 2660 4852 confusorum,
2686 4788 2754 4843 de
2783 4787 2996 4842 nomine
3022 4788 3120 4841 sibi
3149 4797 3274 4841 noto
3297 4787 3562 4850 dubitare,
3587 4787 3724 4841 inter

2141 4893 2202 4934 se
2227 4879 2504 4943 dissidere,
2536 4879 2764 4950 propria:
2785 4877 3127 4932 conscientia:
3154 4877 3370 4931 minime
3394 4877 3638 4942 credere,
3661 4892 3723 4931 ac

2141 4985 2211 5024 ne
2231 4971 2343 5024 suis
2370 4969 2582 5040 quidem
2613 4969 2801 5025 oculis.
2831 4968 2922 5023 Ille
2949 4969 3240 5024 caecitatem
3270 4967 3604 5038 corporalem
3629 4967 3724 5020 ab-

2136 5059 2289 5128 jecit,
2314 5067 2370 5112 tu
2393 5059 2717 5129 spiritualem
2743 5060 3038 5114 caecitatem
3061 5058 3336 5128 abjecisti;
3367 5059 3454 5113 ille
3479 5060 3530 5113 in
3553 5059 3719 5113 solem

2141 5150 2283 5204 hunc
2307 5152 2559 5220 reSpexit.
2583 5158 2637 5204 tu
2671 5150 2724 5205 in
2751 5151 2969 5220 iustitia:
2996 5150 3162 5207 solem
3193 5150 3416 5220 respice.
3448 5152 3717 5220 Agnoviin

2143 5242 2420 5298 Dominum
2447 5259 2460 5296 :
2485 5242 2567 5298 fac
2592 5243 2750 5312 igitur
2768 5259 2831 5299 ea
2852 5259 2968 5316 quze
2996 5245 3094 5300 hac
3116 5245 3386 5315 agnitione
3410 5245 3517 5299 sint
3537 5243 3715 5314 digna,

2139 5343 2197 5388 ut
2228 5343 2284 5390 et
2310 5334 2558 5390 caelorum
2587 5351 2806 5406 regnum
2835 5336 3136 5406 asscquaris
3155 5378 3170 5402 ,
3203 5338 3368 5406 gratia
3395 5347 3456 5396 et.
3477 5335 3716 5407 benigni-

2139 5433 2246 5480 tate
2271 5425 2476 5480 Domini
2505 5427 2670 5480 nostri
2695 5425 2821 5482 Jcsu
2846 5425 3062 5489 Christi,
3095 5441 3190 5496 per
3213 5441 3370 5496 quem
3391 5436 3447 5481 et
3472 5440 3720 5495 cumquo

2136 5517 2280 5572 Patri
2324 5517 2488 5588 gloria
2514 5558 2528 5582 ,
2561 5518 2730 5572 honor
2750 5559 2766 5582 ,
2797 5518 3078 5588 imperium
3103 5558 3118 5582 ,
3151 5533 3252 5571 una
3296 5532 3416 5572 cum
3448 5526 3632 5572 sancto
3657 5531 3718 5572 ac

2133 5608 2345 5664 vii-ilico
2369 5609 2588 5679 Spiritu,
2613 5624 2752 5665 nunc
2771 5617 2825 5664 et
2853 5622 3086 5681 semper,
3115 5615 3168 5664 ct
3194 5610 3246 5663 in
3272 5609 3464 5665 smmis
3494 5609 3710 5665 sa-culo-

2133 5717 2274 5757 rttm.
2304 5701 2497 5756 Amen.

2935 5792 2962 5805 κ
