4066 6274
328 361 390 417 73
864 382 927 438 IN
970 372 1504 435 INSCRIPTIONEM
1544 372 1846 432 ATTARIS
1885 375 1907 429 ι

2010 367 2078 426 IN
2120 364 2512 423 PRINCIPIUBI
2553 360 2909 420 ACTORUM.
2972 357 3014 417 1.
3511 363 3582 420 Ἰϐ

316 473 452 545 πρὸς
490 469 619 532 τοὺς
646 469 1034 538 νεοφωτίστους
1062 471 1290 539 ἀγαγεῖν
1326 473 1418 524 τὸν
1452 470 1632 538 λόγον.
1673 469 1897 538 Νεοφω-

313 558 533 619 τίστους
562 555 618 607 δὲ
646 553 812 622 λέγω,
849 553 969 622 οὐχὶ
998 553 1125 617 τοὺς
1165 555 1273 626 πρὸ
1307 554 1401 608 δύο
1430 554 1524 606 ml
1558 550 1748 624 τριῶν,
1781 550 1900 604 οὐδὲ

317 642 426 713 πρὸ
449 640 582 693 δέκα
617 637 840 710 ἡμερῶν
863 636 1236 706 φωτισθέντας
1264 639 1445 710 μόνον,
1484 637 1620 691 ἀλλά
1648 635 1742 690 ml
1773 636 1903 697 τοὺς

317 724 426 796 πρὸ
468 721 749 785 ἐνιαυτοῦ,
786 721 883 774 καὶ
939 721 1067 784 τοὺς
1098 722 1205 792 πρὸ
1248 722 1495 784 πλείονος
1543 721 1738 792 χρόνου
1762 734 1777 750 '
1807 717 1902 771 ml

317 809 426 876 γὰρ
453 806 547 859 ml
599 803 826 866 τούτους
870 801 1016 857 οὕτω
1048 803 1154 875 χρὴ
1205 804 1410 858 καλεῖν.
1452 805 1512 858 Εἰ
1561 802 1668 872 γάρ
1703 800 1901 870 πολλὴν

319 888 552 960 σπουδὴν
580 885 1008 957 ἐπιδεικνύμεθα
1047 888 1176 959 περὶ
1202 887 1300 958 τὴν
1346 885 1554 940 ἑαυτῶν
1591 884 1790 958 ψυχὴν,
1817 884 1903 950 ἔξ-

316 989 434 1026 εστι
463 972 562 1026 καὶ
588 972 728 1043 μετὰ
757 970 893 1023 δέκα
925 969 1022 1038 ἔτη
1063 965 1202 1022 εἶναι
1229 969 1640 1040 νεοφωτίστους,
1674 969 1769 1022 ἐὰν
1801 967 1902 1038 τὴν

315 1055 548 1126 νεότητα
584 1056 684 1125 τὴν
730 1053 838 1107 ἀπὸ
869 1054 962 1106 τοῦ
1007 1052 1352 1124 φωτίσματος
1380 1052 1741 1123 ἐγγινομένην
1769 1052 1904 1123 ἡμῖν

313 1138 694 1209 διασώσωμεν.
723 1137 858 1190 Οὐδὲ
886 1135 995 1206 γὰρ
1041 1138 1071 1189 6
1113 1135 1302 1208 χρόνος
1347 1137 1492 1188 ποιεῖ
1517 1133 1900 1204 νεοφώτιστον,

315 1223 433 1278 ἀλλ’
463 1225 492 1275 6
534 1221 646 1291 βίος
690 1222 719 1274 6
749 1219 1022 1292 καθαρός·
1071 1220 1310 1290 ἐγχωρεῖ
1339 1219 1450 1290 γὰρ
1491 1219 1586 1273 ml
1631 1217 1772 1289 μετὰ
1811 1216 1903 1272 δύο

316 1305 530 1378 ἡμέρας
557 1303 822 1358 ἀπολέσαι
841 1303 902 1356 τὸ
927 1302 1145 1374 ἀξίωμα
1168 1304 1266 1373 τῆς
1296 1302 1670 1374 προσηγορίας
1698 1301 1791 1355 16v
1827 1303 1902 1373 μὴ

317 1389 678 1461 προσέχοντα.
710 1385 822 1440 Καὶ
854 1385 1048 1439 τούτου
1080 1386 1431 1458 παράδειγμα
1465 1386 1594 1457 ὑμῖν
1625 1384 1756 1456 ἐρῶ,
1785 1385 1904 1448 πῶς

319 1471 674 1542 νεοφώτιστος
699 1469 900 1532 εὐθέως
941 1469 1194 1522 ἀπώλεσε
1237 1469 1380 1539 μετά
1418 1468 1512 1523 δύο
1542 1469 1758 1540 ἡμέρας
1807 1467 1902 1522 ml

316 1557 416 1628 τὴν
445 1554 605 1628 χάριν
658 1551 753 1606 τοῦ
791 1551 1152 1622 νεοφωτίστου
1185 1552 1282 1605 ml
1316 1553 1414 1624 τὴν
1447 1553 1632 1624 τιμήν.
1659 1552 1821 1620 Λέγω
1845 1550 1902 1604 δὲ

316 1641 378 1695 τὸ
408 1638 784 1710 παράδειγμα,
820 1636 908 1689 ἵνα
952 1635 1154 1700 ἰδόντες
1182 1635 1244 1688 τὸ
1283 1635 1502 1708 πτῶμα,
1526 1634 1901 1706 ἀσφαλίσησθε

316 1723 418 1796 τὴν
469 1719 680 1775 ἑαυτῶν
733 1718 1026 1790 σωτηρίαν.
1061 1720 1136 1773 Οὐ
1181 1717 1291 1790 γὰρ
1336 1719 1444 1772 ἀπὸ
1481 1719 1591 1772 τῶν
1649 1719 1900 1774 ἑστώτων

319 1808 466 1877 ὑμᾶς
493 1805 674 1876 μόνον,
703 1802 842 1856 ἀλλά
864 1802 960 1856 ml
986 1802 1094 1855 ἀπὸ
1117 1802 1224 1855 τῶν
1258 1801 1734 1870 ύπεσκελισμένων
1762 1800 1905 1871 διορ-

318 1889 550 1944 θοῦσθαι
591 1889 697 1960 χρὴ
737 1887 834 1940 καὶ
861 1885 1208 1957 θεραπεύειν.
1245 1886 1428 1956 Σίμων
1460 1885 1489 1936 6
1538 1885 1711 1956 μάγος
1745 1899 1905 1954 μετε-

319 1974 537 2036 ϐάλετο,
568 1973 701 2042 φησὶ
721 2011 735 2035 ,
775 1970 868 2024 καὶ
907 1969 1226 2039 βαπτισθεὶς
1257 1968 1688 2039 προσκαρτερῶν
1725 1963 1795 2038 ἦν
1827 1966 1906 2038 τῷ

317 2057 592 2126 Φιλίππῳ,
623 2054 844 2125 θεωρῶν
865 2054 934 2105 τά
963 2054 1166 2123 σημεῖα
1186 2069 1200 2083 ·
1242 2051 1378 2106 ἀλλά
1411 2052 1530 2122 μετ’
1558 2051 1746 2120 ὀλίγας
1770 2050 1907 2121 ἡμέ-

321 2158 426 2211 ρας
459 2139 664 2201 εὐθέως
705 2137 1009 2208 ἐπανῆλθεν
1047 2135 1140 2188 ἐπὶ
1179 2136 1278 2207 τὴν
1318 2134 1513 2188 ἐαυτοῦ
1555 2135 1776 2201 κακίαν,
1812 2134 1907 2188 ml

314 2225 407 2277 διὰ
434 2222 732 2293 χρημάτων
769 2220 1020 2274 ἐϐούλετο
1052 2219 1152 2290 τὴν
1200 2219 1471 2291 σωτηρίαν
1514 2219 1800 2291 πρίασθαι.
1841 2219 1906 2271 Τί

313 2305 412 2361 οὖν
439 2323 571 2376 φησι
610 2304 687 2374 τῷ
715 2304 1062 2373 νεοφωτίστῳ
1104 2306 1132 2356 ὁ
1163 2303 1402 2373 Πέτρος;
1444 2305 1550 2368 El;
1585 2301 1784 2371 χολὴν
1815 2314 1908 2355 πι-

319 2390 491 2458 κρίας
534 2388 632 2442 καὶ
669 2386 1024 2456 σύνδεσμον
1055 2385 1294 2451 ἀδικίας
1326 2384 1444 2453 ὁρῶ
1483 2401 1558 2439 σε
1584 2386 1730 2439 ὄντα
1751 2403 1765 2416 ·
1812 2385 1904 2439 διὸ

319 2473 565 2543 δεήθητι
611 2471 716 2525 τοῦ
766 2471 1024 2538 Κυρίου,
1059 2471 1112 2522 ει
1161 2468 1278 2537 ἄρα
1314 2469 1686 2538 ἀφεθήσεται
1721 2485 1822 2524 σοι
1864 2469 1903 2537 ἡ

320 2560 497 2613 κακία
525 2557 699 2624 αὕτη.
724 2553 891 2610 Οὐπω
933 2553 1092 2626 ἐνέϐη
1121 2555 1201 2617 είς
1236 2553 1364 2617 τοὺς
1406 2552 1646 2622 ἀγῶνας,
1680 2554 1775 2607 καὶ
1812 2553 1904 2605 εὐ-

321 2643 457 2706 θέως
495 2645 688 2698 ἔπεσεν
729 2640 810 2702 εἰς
863 2637 1067 2709 πτῶμα
1099 2637 1503 2707 ἀσύγγνωστον.
1551 2637 1766 2708 ’Ὠσπερ
1812 2632 1905 2690 οὖν

326 2729 438 2783 ἔστι
481 2725 620 2795 μετά
663 2723 756 2778 δύο
807 2723 1022 2794 ἡμέρας
1073 2724 1298 2787 πεσεῖν,
1346 2722 1442 2775 ml
1497 2719 1763 2775 ἀπολέσαι
1805 2721 1905 2790 τὴν

322 2809 695 2882 προσηγορίαν
737 2807 830 2861 τοῦ
863 2805 1222 2875 νεοφωτίστου
1273 2805 1371 2858 καὶ
1400 2805 1501 2876 τὴν
1539 2806 1725 2877 χάριν,
1764 2803 1907 2858 οὕτω

321 2896 420 2947 καί
450 2892 588 2963 μετὰ
607 2890 736 2943 δέκα
762 2888 856 2958 ἔτη
888 2890 982 2941 καὶ
1015 2888 1188 2941 εῐκοσι
1220 2889 1314 2940 καὶ
1347 2887 1510 2958 μέχρι
1539 2889 1639 2957 τῆς
1673 2889 1906 2959 ἐσχάτης

321 2975 537 3048 ἡμέρας
578 2975 724 3030 ἔστιν
771 2971 918 3041 ἐχειν
955 2970 1051 3024 ml
1092 2969 1344 3041 λαμπρὸν
1371 2969 1530 3024 τοῦτο
1571 2970 1667 3023 ml
1711 2971 1907 3041 σεμνὸν

319 3061 497 3130 δνομά
529 3076 589 3113 τε
611 3057 707 3112 καὶ
735 3057 992 3130 πρᾶγμα.
1022 3055 1132 3108 Καὶ
1157 3055 1346 3107 τούτου
1376 3055 1587 3127 μάρτυς
1611 3056 1909 3120 ἀπόστολος

327 3146 558 3210 Παῦλος,
591 3145 649 3197 ἐν
677 3145 828 3213 γήρᾳ
871 3139 1182 3210 διαλάμψας
1221 3140 1504 3210 μειζόνως.
1552 3139 1770 3211 Ἐπειδὴ
1800 3140 1908 3210 γὰρ

322 3233 358 3302 ἡ
385 3231 573 3300 νεότης
601 3227 743 3298 αὐτη
785 3227 886 3280 οὐκ
915 3225 1024 3279 ἀπὸ
1050 3224 1288 3295 φύσεως,
1325 3225 1442 3279 ἀλλ’
1471 3224 1740 3297 ἑκατέρας
1768 3241 1906 3296 προ-

323 3315 585 3384 αιρέσεως
613 3312 775 3384 ἡμεῖς
823 3309 992 3380 ἐσμεν
1014 3307 1228 3376 κύριοι,
1278 3309 1373 3363 ml
1414 3309 1476 3363 16
1522 3310 1762 3380 γηρᾶσαι
1813 3310 1909 3363 ml

327 3403 505 3470 μεῖναι
528 3398 680 3460 νέους
712 3398 770 3450 ἐν
800 3396 932 3468 ἡμῖν
958 3397 1076 3449 ἐστι
1102 3393 1372 3465 κείμενον.
1410 3395 1534 3450 Ἐπὶ
1563 3396 1661 3467 μὲν
1682 3394 1793 3467 γὰρ
1813 3395 1907 3448 τοῦ

327 3485 575 3556 σώματος
605 3483 706 3537 κᾶν
749 3480 966 3537 ἅπαντά
995 3498 1081 3545 τις
1125 3478 1522 3553 ἐπισπουδάζῃ,
1551 3479 1656 3534 κᾶν
1693 3479 1910 3534 ἅπαντά

322 3587 406 3634 τις
433 3565 915 3640 πραγματεύηται,
943 3563 1040 3618 καὶ
1071 3563 1146 3635 μὴ
1175 3563 1481 3634 κατατρίϐη
1504 3563 1564 3616 16
1596 3562 1777 3633 σῶμα,
1805 3563 1910 3616 κᾶν

321 3656 450 3724 ποιῇ
503 3651 686 3722 μένειν
729 3648 907 3714 ἔνδον,
951 3647 1056 3702 κᾶν
1107 3650 1181 3718 μὴ
1231 3646 1520 3718 κατατείνῃ
1565 3649 1678 3710 τοῖς
1725 3647 1910 3711 πόνοις

324 3737 458 3791 αὐτὸ
488 3736 709 3797 καὶτοῖς
741 3732 1020 3803 συνεχέσιν
1052 3731 1256 3800 ἔργοις,
1282 3729 1499 3794 πάντως
1529 3730 1672 3784 κατά
1692 3731 1783 3785 τὸν
1810 3730 1911 3800 τῆς

325 3819 543 3892 φύσεως
567 3819 730 3888 νόμον
765 3815 1040 3878 κα“ιούτως
1059 3814 1191 3868 αὐτὸ
1220 3813 1590 3886 καταλήψεται
1615 3815 1676 3867 τὸ
1696 3817 1874 3885 γῆρας
1892 3831 1906 3844 ·

325 3906 419 3958 ἐπί
446 3905 502 3956 δὲ
534 3902 631 3970 τῆς
665 3899 841 3970 ψυχῆς
870 3899 968 3968 οὐχ
988 3897 1189 3961 οὕτως·
1221 3896 1336 3951 ἀλλ’
1375 3897 1439 3950 ἂν
1472 3899 1546 3968 μὴ
1575 3899 1911 3970 κατατρίϐῃς

325 3986 521 4058 αὐτὴν,
567 3983 701 4054 μηδέ
747 3980 860 4054 [59]
905 3979 1231 4054 κατατείνῃς
1262 3980 1446 4043 πόνοις
1498 3980 1770 4051 βιωτικοῖς
1818 3985 1912 4037 ml

325 4071 623 4143 κοσμικαῖς
667 4065 931 4138 φροντίσι,
978 4063 1130 4135 μένει
1167 4063 1460 4128 διαπαντὸς
1504 4066 1782 4136 ἀκραιφνῆ
1812 4069 1912 4139 τὴν

323 4155 555 4225 νεότητα
584 4147 936 4222 διατηροῦσα.
953 4149 1065 4218 Οὐχ
1084 4148 1244 4218 ὁρᾶτε
1269 4146 1492 4212 τούτους
1516 4149 1643 4211 τοὺς
1675 4148 1912 4220 ἀστέρας

322 4239 450 4301 τοὺς
482 4238 538 4290 ἐν
565 4237 680 4297 τοῖς
717 4233 1004 4304 οὐρανοῖς;
1047 4230 1418 4303 Ἐξακισχίλια
1441 4231 1626 4286 λοιπὸν
1654 4234 1784 4304 ἡμῖν
1815 4233 1908 4306 ἔτη

324 4321 596 4391 φαίνουσι,
636 4318 732 4372 ml
763 4315 938 4379 οὐδεὶς
975 4314 1154 4368 αὐτῶν
1187 4315 1562 4386 ἀμαυρότερος
1581 4315 1823 4385 γέγονεν.
1846 4317 1909 4370 Εἰ

326 4410 390 4462 δέ·
410 4407 538 4461 ἔνθα
567 4405 752 4476 φύσις,
789 4401 962 4468 οὓτως
996 4402 1211 4472 ἔμεινεν
1245 4403 1481 4472 ἀκμαῖον
1509 4403 1569 4456 τὸ
1603 4402 1746 4472 φῶς·
1782 4403 1910 4459 ἔνθα

329 4490 670 4563 προαίρεσις,
699 4488 761 4540 οὐ
791 4484 970 4556 πολλῷ
1008 4485 1210 4556 μᾶλλον
1243 4487 1396 4556 μενεῖ
1424 4486 1686 4552 τοιοῦτον,
1714 4481 1824 4541 οἷον
1851 4489 1910 4556 ἐξ

327 4575 502 4646 ἀρχῆς
531 4570 774 4642 ἔλαμψε;
801 4569 1023 4625 Μᾶλλον
1043 4569 1120 4635 δὲ,
1145 4567 1239 4621 ἐὰν
1262 4568 1556 4640 ἐθέλωμεν,
1584 4571 1645 4623 οὐ
1672 4571 1910 4625 τοιοῦτον

329 4659 489 4731 μόνον
527 4657 696 4728 μενεῖ,
727 4652 864 4708 ἀλλά
913 4653 1008 4706 ml
1057 4652 1438 4723 λαμπρότερον
1476 4651 1664 4717 ἔσται,
1696 4653 1772 4718 ὡς
1815 4655 1940 4728 καὶ,

327 4743 462 4814 πρὸς
494 4739 667 4802 αὐτὰς
704 4735 1034 4808 ἁμιλλᾶσθαι
1055 4734 1157 4800 τάς
1193 4735 1426 4805 ἡλιακὰς
1455 4735 1696 4800 ἀκτῖνας.
1722 4737 1910 4791 Βούλει

328 4825 523 4898 μαθεῖν
551 4823 671 4885 πῶς
707 4821 885 4887 ἔξεστι
927 4821 1020 4873 ml
1061 4819 1201 4891 μετὰ
1231 4817 1423 4890 χρόνον
1468 4815 1608 4874 εἶναι
1649 4821 1910 4890 νεοφωτί-

327 4928 520 4977 στους;
557 4910 823 4963 ’Ἄκουσον
842 4906 895 4959 τί
923 4921 1085 4975 φησιν
1113 4906 1142 4957 6
1173 4903 1388 4968 Παῦλος
1419 4905 1557 4976 πρὸς
1590 4903 1911 4976 ἀνθρώπους

325 4995 435 5068 πρὸ
461 4991 658 5048 πολλοῦ
677 4992 771 5046 τοῦ
798 4989 990 5062 χρόνου
1016 4987 1462 5059 πεφωτισμένους
1481 5006 1495 5019 ·
1532 4989 1636 5043 Ἐν
1657 4984 1746 5054 οἷς
1776 4990 1912 5059 φαί-

324 5081 507 5143 γεσθε
535 5077 616 5143 ὡς
657 5072 972 5145 φωστῆρες
1004 5071 1074 5126 ἐν
1103 5072 1327 5141 κόσμῳ,
1362 5072 1550 5142 λόγον
1594 5070 1744 5141 ζωῆς
1776 5071 1912 5126 ἐπέ..

327 5177 541 5234 χον-τες
564 5162 652 5226 είς
678 5158 961 5226 καύχημα
989 5156 1140 5226 ἐμοί.
1178 5154 1547 5210 Ἀπεδύσασθε
1584 5156 1646 5209 16
1680 5156 1910 5210 παλαιὸν

327 5248 422 5301 ml
440 5243 737 5316 διερρωγὸς
762 5241 998 5312 ἱμάτιον,
1028 5238 1323 5309 ἠλείψασθε
1354 5241 1416 5293 16
1454 5241 1624 5314 μύρον
1657 5241 1716 5294 16
1747 5259 1912 5295 πνευ-

330 5328 580 5405 ματικὸν,
606 5326 880 5398 ἐλεύθεροι
913 5325 1116 5387 πάντες
1163 5323 1452 5393 ἐγένεσθε·
1495 5325 1684 5396 μηδεὶς
1722 5324 1910 5380 λοιπὸν

331 5415 426 5468 ἐπὶ
453 5415 552 5486 τὴν
585 5412 829 5467 δουλείαν
871 5407 1253 5481 ἐπανερχέσθω
1281 5407 1381 5480 τὴν
1413 5409 1705 5480 προτέραν.
1743 5410 1910 5464 Πόλε-

332 5501 431 5573 μός
457 5500 578 5553 ἐστι
603 5496 673 5551 τὰ
694 5496 996 5568 πράγματα
1024 5493 1120 5547 ml
1139 5492 1312 5560 ἀγών.

659 5876 925 5935 ΡΑσιΊιοι.
971 5875 1086 5938 Gn.
1132 5877 1234 5940 LI.

2078 471 2272 531 Οὐδεὶς
2301 469 2626 541 ἀγωνίζεται
2657 471 2864 541 δοῦλος,
2903 471 3076 536 οὐδεὶς
3116 475 3469 544 στρατεύεται
3509 485 3588 534 oi’

2004 552 2168 624 κέτης
2190 569 2204 583 ο
2239 553 2353 606 ἀλλ’
2387 554 2482 607 ἐὰν
2519 553 2630 625 ἁλῷ
2662 555 2849 620 δοῦλος
2881 555 2980 621 ὣν,
3025 555 3162 627 μετά
3197 561 3470 630 τιμωρίας
3495 564 3588 616 ἐκ·

2003 634 2257 690 ϐάλλεται
2300 636 2393 689 τοῦ
2432 637 2541 690 τῶν
2587 638 2933 709 στρατιωτῶν
2977 638 3303 708 καταλόγου.
3347 645 3464 697 Οὐκ
3495 647 3589 698 ἐπὶ

2001 718 2102 789 τῆς
2142 719 2434 786 στρατείας
2459 720 2517 773 δὲ
2555 720 2779 792 ταύτης,
2808 721 2948 775 ἀλλὰ
2986 723 3080 775 καὶ
3108 724 3202 776 ἐπὶ
3247 726 3357 778 τῶν
3395 727 3590 798 Ὀλυμ-

2004 801 2216 855 πιακῶν
2249 802 2477 872 ἀγώνων
2506 803 2569 856 16
2588 804 2721 857 αὐτὸ
2747 805 2907 858 τοῦτο
2928 804 3048 870 ἔθος
3067 809 3277 879 κρατεῖ.
3299 809 3454 864 Μετά
3479 810 3589 879 γὰρ

2003 884 2103 948 τάς
2121 886 2415 957 τριάκοντα
2446 886 2661 958 ἡμέρας
2703 887 2801 951 τὰς
2835 888 3071 943 ἐνταῦθα
3102 891 3469 960 ἀναγαγόντες
3494 894 3591 946 αὐ-

2003 971 2131 1032 106;
2152 972 2233 1032 είς
2262 969 2323 1023 16
2364 971 2690 1040 προάστειον
2719 972 3069 1043 περιάγουσι,
3111 975 3207 1028 ml
3233 974 3327 1028 106
3359 974 3588 1047 θεάτρου

2005 1052 2318 1124 καθημένου
2346 1054 2568 1118 παντὸς,
2602 1053 2700 1126 βοᾷ
2722 1057 2750 1108 6
2789 1055 2985 1127 κήρυξ,
3009 1053 3101 1126 Μή
3128 1075 3213 1122 τις
3237 1057 3425 1111 τούτου
3455 1077 3588 1113 κατ-

2002 1139 2224 1208 ηγορεῖ;
2267 1137 2410 1192 ὥστε
2442 1139 2606 1192 αὐτὸν
2652 1139 3172 1209 ἀποσκευασάμενον
3212 1141 3313 1212 τῆς
3341 1141 3590 1207 δουλείας

2003 1220 2102 1292 τὴν
2132 1220 2392 1291 ὑποψίαν,
2415 1221 2588 1286 οὕτως
2619 1225 2699 1287 εἰς
2737 1225 2865 1288 τοὺς
2903 1223 3122 1292 ἀγῶνας
3156 1225 3414 1296 ἐμϐῆναι.
3442 1225 3590 1279 Εἰδέ

2003 1307 2033 1358 6
2071 1304 2317 1368 διάϐολος
2344 1307 2406 1359 οὐ
2439 1306 2652 1377 δέχεται
2687 1307 2906 1372 δούλους
2938 1311 3020 1372 είς
3054 1309 3181 1372 τοὺς
3217 1310 3436 1379 ἀγῶνας
3462 1312 3591 1376 τοὺς

2006 1387 2224 1454 ἑαυτοῦ,
2259 1389 2377 1452 πῶς
2405 1391 2470 1444 σὺ
2503 1390 2707 1462 τολμᾷς
2743 1391 2928 1455 δοῦλος
2958 1392 3248 1464 γενόμενος
3275 1393 3374 1462 τῆς
3405 1395 3590 1464 ἀμαρ-

2004 1472 2127 1536 τίας
2165 1475 2246 1536 είς
2284 1474 2412 1537 τούς
2440 1475 2661 1542 ἀγῶνας
2701 1475 2937 1546 ἐμϐῆναι
2968 1477 3064 1529 τοῦ
3113 1477 3390 1548 Χριστοῦ;
3443 1480 3593 1532 Ἐκεῖ

2008 1556 2106 1627 μὲν
2129 1556 2157 1608 ὁ
2187 1555 2361 1626 κῆρυξ
2379 1555 2546 1624 λέγει,
2568 1557 2655 1628 Μή
2676 1574 2762 1620 τις
2781 1557 2970 1611 τούτου
2995 1561 3327 1630 κατήγορος;
3355 1560 3592 1615 ἐνταῦθα

2003 1638 2061 1692 δὲ
2109 1640 2137 1691 ό
2185 1639 2422 1710 Χριστὸς
2471 1640 2569 1708 οὐχ
2600 1639 2744 1694 οὕτω
2795 1641 2974 1710 λέγει·
3025 1642 3163 1696 ἀλλὰ
3208 1643 3312 1697 κᾶν
3352 1644 3591 1708 ἅπαντες

2006 1719 2173 1774 αὐτοῦ
2198 1722 2625 1791 κατηγορήσωσι
2667 1722 2778 1793 πρὸ
2822 1725 2916 1777 τοῦ
2960 1723 3373 1797 βαπτίσματος,
3403 1726 3591 1796 λέγει,

2011 1803 2387 1875 Ἐγὼδέξομαι
2400 1804 2586 1871 αὐτὸν,
2602 1808 2698 1862 ml
2726 1808 3175 1881 ἀποσκευάσομαι
3198 1812 3294 1882 τῆς
3323 1811 3590 1875 δουλείας,

2007 1889 2102 1940 καὶ
2124 1888 2356 1958 ποιήσας
2385 1886 2670 1962 ἐλεύθερον
2698 1891 2778 1954 εἰς
2801 1891 2926 1955 τοὺς
2949 1891 3167 1961 ἀγῶνας
3191 1892 3406 1958 εἰσάξω.
3438 1888 3593 1956 Εἶδες

2009 1968 2423 2040 φιλανθρωπίαν
2459 1971 2834 2039 ἀγωνοθέτους
2885 1975 2960 2028 Οὐ
3015 1974 3167 2046 ζητεῖ
3206 1976 3276 2030 τά
3316 1976 3590 2046 πρότερα,

2009 2052 2148 2109 ἀλλά
2178 2052 2289 2106 τῶν
2319 2053 2456 2126 μετὰ
2485 2056 2661 2110 ταῦτα
2690 2056 2918 2121 εὐθύνας
2950 2059 3191 2113 ἀπαιτεῖ.
3231 2060 3360 2113 Ὅτε
3407 2058 3593 2122 δοῦλος

2008 2133 2094 2210 ἧς,
2135 2137 2362 2209 μυρίους
2395 2133 2540 2210 εἶχες
2571 2142 2930 2214 κατηγόρους,
2967 2145 3022 2197 τὸ
3046 2143 3303 2208 συνειδὸς,
3325 2145 3393 2199 τά
3412 2145 3595 2215 ἀμαρ-

2015 2226 2251 2294 τήματα,
2283 2225 2412 2288 τούς
2439 2224 2701 2297 δαίμονας
2738 2225 3005 2291 ἃπαντας.
3043 2229 3233 2293 Οὐδείς
3282 2245 3372 2300 με,
3403 2229 3592 2300 φησὶν,

2008 2306 2234 2360 ἐκείνων
2267 2308 2487 2380 ἐκίνησε
2521 2311 2663 2365 κατὰ
2706 2311 2822 2378 σοῦ,
2865 2313 2985 2366 οὐδὲ
3023 2313 3252 2385 ἐνόμισά
3283 2331 3343 2366 σε
3375 2311 3594 2380 ἀνάξιον

2007 2392 2116 2446 τῶν
2139 2392 2372 2461 ἀγώνων
2401 2394 2508 2448 τῶν
2535 2396 2706 2466 ἐμῶν,
2738 2396 2853 2451 ἀλλ’
2888 2398 3156 2471 ἐδεξάμην
3189 2401 3270 2462 εἰς
3298 2398 3369 2452 τὰ
3402 2397 3596 2453 παλαί-

2010 2491 2215 2544 σματα,
2255 2478 2356 2531 οὐκ
2394 2479 2504 2531 ἀπὸ
2542 2479 2645 2550 τῆς
2678 2481 2838 2546 ἀξίας
2872 2483 2974 2554 τῆς
3026 2483 3148 2554 σῆς,
3197 2482 3312 2536 ἀλλ’
3359 2483 3470 2537 ἀπὸ
3495 2485 3594 2553 τῆς

2007 2558 2148 2630 ἐμῆς
2174 2558 2600 2632 φιλανθρωπίας.
2630 2564 2772 2617 Μένε
2811 2566 2988 2618 τοίνυν
3022 2568 3116 2620 ml
3159 2563 3450 2633 ἀγωνίζου,
3487 2566 3596 2618 κᾶν

2005 2641 2220 2712 τρέχειν
2248 2641 2365 2715 δέῃ,
2394 2643 2497 2697 κᾶν
2530 2647 2844 2715 πυκτεύειν,
2874 2649 2979 2702 κᾶν
3016 2649 3482 2719 παγκρατιάζειν·
3515 2648 3595 2721 μὴ

2009 2725 2238 2797 ἀδήλως,
2266 2727 2400 2799 μηδὲ
2432 2728 2637 2796 ἁπλῶς,
2671 2732 2804 2803 μηδὲ
2842 2735 2986 2804 εἰκῆ.
3015 2736 3280 2788 ’Ἄκουσον
3309 2734 3364 2787 τί
3400 2735 3591 2806 ἐποίη-

2011 2825 2102 2862 σεν
2137 2812 2165 2863 6
2214 2810 2452 2874 Παῦλος
2492 2813 2708 2878 Εὐθέως
2745 2815 2853 2869 ἀπὸ
2882 2819 2991 2871 τῶν
3040 2818 3298 2888 ναμάτων
3350 2816 3593 2880 ἀναϐὰς,

2010 2893 2209 2972 αὐτίκα
2242 2893 2350 2946 ἀπὸ
2381 2895 2474 2949 τοῦ
2516 2897 2891 2971 βαπτίσματος
2929 2901 3250 2972 ἠγωνίζετο,
3297 2901 3595 2972 ἐκήρυττεν

2011 2976 2093 3028 ὅτι
2121 2968 2278 3038 οὗτός
2317 2978 2466 3031 ἐστιν
2498 2981 2526 3032 6
2554 2982 2682 3045 Υἱὸς
2725 2968 2818 3036 τοῦ
2859 2968 3026 3037 Θεοῦ·
3059 2986 3153 3038 καὶ
3185 2968 3438 3056 συνέχυνε
3468 2983 3595 3047 τούς

2023 3058 2310 3122 Ἰουδαίους
2352 3061 2460 3114 ἀπὸ
2498 3063 2742 3135 πρώτης.
2784 3065 2924 3118 Ἀλλ’
2959 3068 3018 3120 οὐ
3089 3067 3320 3121 δύνασαι
3357 3065 3594 3138 κηρῦξαι

2012 3143 2098 3207 σύ,
2140 3143 2260 3196 οὐδὲ
2307 3143 2452 3214 ἔχεις
2496 3145 2875 3202 διδασκαλικὸν
2902 3149 3093 3219 λόγον;
3140 3150 3348 3204 Οὐκοῦν
3385 3149 3596 3215 δίδαξον

2008 3224 2099 3278 διὰ
2120 3224 2230 3279 τῶν
2270 3226 2451 3298 ἔργων
2485 3229 2581 3283 καὶ
2610 3231 2711 3302 τῆς
2759 3231 3055 3297 πολιτείας,
3087 3233 3178 3288 διὰ
3216 3233 3320 3304 τῆς
3349 3233 3597 3306 λαμπρό-

2006 3325 2167 3378 τητος
2199 3311 2310 3364 τῶν
2353 3309 2624 3383 πράξεων.
2664 3315 2967 3384 Λαμψάτω
2995 3317 3124 3388 γὰρ,
3177 3317 3333 3388 φησὶ,
3372 3317 3439 3371 τὸ
3468 3316 3596 3386 φῶς·

2008 3391 2179 3460 ὑμῶν
2249 3396 2596 3464 ἔμπροσθεν
2653 3397 2775 3452 τῶν
2804 3401 2940 3467 ἀνθι
2955 3401 3152 3464 ώπων,
3207 3401 3368 3468 ὅπως
3427 3400 3598 3456 ῐδωσι

2010 3474 2083 3528 τὰ
2136 3479 2294 3531 καλὰ
2325 3478 2470 3547 ἔργα
2511 3481 2698 3549 ὑμῶν,
2739 3482 2838 3535 καὶ
2881 3482 3192 3546 δοξάσωσι
3226 3485 3332 3538 τὸν
3361 3485 3597 3553 Πατέρα

2009 3557 2180 3627 ὑμῶν
2210 3561 2319 3613 τὸν
2363 3562 2433 3615 ἐν
2464 3563 2588 3629 τοῖς
2633 3566 2934 3632 οὐρανοῖς.
2967 3568 3043 3618 υύ
3089 3567 3314 3620 δύνασαι
3345 3571 3598 3639 συγχέειν

2023 3641 2310 3706 Ἰουδαίους
2356 3643 2444 3697 διὰ
2480 3646 2579 3715 τῆς
2614 3646 2830 3717 φωνῆς;
2867 3647 3102 3718 Ποίησον
3144 3650 3342 3715 αὐτοὺς
3394 3669 3598 3722 συγχυ-

2013 3721 2181 3808 θῆναι
2206 3724 2293 3808 διά
2323 3728 2422 3797 τῆς
2454 3728 2749 3794 πολιτείας,
2791 3731 3016 3803 ποίησον
3051 3733 3144 3786 ml
3184 3734 3452 3806 ’Έλληνας
3481 3721 3595 3808 [60]

2012 3805 2388 3889 θορυϐηθῆναι
2431 3809 2519 3861 διά
2561 3811 2661 3880 τῆς
2712 3813 3036 3884 μεταϐολῆς.
3088 3817 3259 3870 Ὅταν
3301 3805 3406 3889 γὰρ
3446 3805 3597 3871 ἴδωσι

2012 3886 2103 3940 τὸν
2130 3889 2239 3958 πρὸ
2262 3889 2450 3943 τούτου
2479 3891 2704 3964 ἀσελγῆ,
2720 3892 2813 3948 τὸν
2839 3897 3095 3968 πονηρὸν,
3116 3898 3208 3951 16v
3226 3886 3595 3970 ἠμελημένον,

2011 3972 2103 4026 τὸν
2126 3971 2542 4045 διεφθαρμένον,
2575 3977 2769 4048 ἀθρόον
2809 3979 3306 4052 μεταϐεϐλημένον,
3340 3985 3430 4035 ml
3461 3984 3600 4054 μετὰ

2011 4057 2111 4126 τῆς
2140 4057 2445 4130 μεταϐολῆς
2489 4061 2591 4130 τῆς
2626 4063 2767 4116 κατὰ
2796 4063 2894 4134 τὴν
2947 4064 3128 4138 χάριν,
3165 4065 3469 4139 μεταϐολὴν
3498 4067 3598 4139 τὴν

2013 4139 2155 4192 κατά
2184 4140 2283 4211 τὴν
2309 4142 2584 4198 πολιτείαν
2615 4145 3042 4218 ἐνδεικνύμενον,
3069 4149 3130 4202 οὐ
3164 4150 3598 4223 συγχυθήσονται

2013 4221 2106 4274 ml
2131 4223 2367 4304 ἐροῦσιν,
2397 4226 2534 4299 ὅπερ
2563 4227 2656 4282 ἐπὶ
2690 4229 2785 4283 τοῦ
2824 4225 3028 4301 τύφλοῦ
3054 4233 3105 4286 οί
3140 4221 3597 4304 Ἰουδαῖοιήέλεγόν

2016 4323 2168 4371 ποτε,
2202 4303 2394 4376 Οὗτός
2413 4311 2606 4376 ἐστιν,
2637 4316 2750 4368 οὐκ
2779 4314 2952 4369 ἔστιν
2990 4313 3187 4384 οὗτος,
3227 4321 3412 4388 αὐτός
3431 4303 3597 4388 ἐστι;

2013 4391 2444 4463 Συγκεχυμένων
2490 4394 2599 4466 γάρ
2627 4396 2802 4452 ταῦτα
2834 4399 2901 4453 τά
2946 4401 3189 4470 ῥήματα,
3233 4402 3598 4473 ἀμφιϐάλλειν

2013 4475 2150 4558 περὶ-
2172 4474 2268 4526 τοῦ
2300 4477 2602 4547 γνωρίμου,
2626 4479 3033 4546 διαστασιάζειν
3074 4483 3210 4553 πρὸς
3240 4486 3487 4549 ἑαυτοὺς.
3517 4487 3597 4558 τῷ

2012 4556 2198 4626 οἰκείῳ
2249 4559 2514 4612 συνειδότι
2551 4561 2626 4633 μὴ
2676 4561 2990 4629 πιστεύειν,
3037 4565 3174 4636 μηδὲ
3230 4569 3340 4630 τοῖς
3386 4556 3596 4622 ἑαυτῶν

2012 4639 2332 4710 ὀφθαλμοῖς.
2374 4642 2672 4697 Ἀπέϐαλεν
2703 4645 2910 4708 ἐκεῖνος
2930 4647 3027 4716 τὴν
3060 4647 3378 4720 σωματικὴν
3407 4653 3598 4723 πήρω-

2015 4739 2118 4787 σιν,
2152 4723 2426 4788 ἀπέϐαλες
2467 4728 2532 4780 σύ
2561 4726 2661 4798 τὴν
2696 4727 2934 4798 ψυχικὴν
2981 4729 3234 4801 πήρωσιν
3254 4747 3268 4761 ·
3301 4733 3598 4804 ἀνέϐλεψεν

2013 4805 2220 4870 ἐκεῖνος
2241 4809 2322 4871 εἰς
2359 4809 2451 4862 τὸν
2485 4809 2636 4879 ἥλιον
2663 4809 2875 4878 τοῦτον,
2909 4811 3210 4882 ἀνάϐλεψον
3244 4815 3307 4868 σὺ
3337 4815 3474 4887 πρὸς
3504 4816 3598 4870 τὸν

2011 4888 2163 4959 ἥλιον
2193 4893 2293 4962 τῆς
2323 4891 2693 4964 δικαιοσύνης.
2720 4893 2998 4963 Ἐπέγνως
3025 4894 3115 4949 τὸν
3138 4898 3444 4968 Δεσπότην·
3472 4899 3600 4965 ἄξια

2012 4972 2200 5027 τοίνυν
2252 4975 2463 5045 πρᾶξον
2491 4975 2595 5047 τῆς
2622 4976 2976 5045 ἐπιγνώσεως
2999 4995 3013 5009 ·
3047 4979 3134 5034 ἴνα
3177 4980 3270 5033 ml
3307 4981 3408 5052 τῆς
3444 4981 3600 5053 βασι-

2012 5057 2158 5142 λείας
2176 5058 2286 5112 τῶν
2311 5059 2557 5132 οὐρανῶν
2579 5061 2865 5136 ἐπιτύχῃς,
2889 5065 3073 5136 χάριτι
3103 5064 3196 5118 καὶ
3217 5064 3600 5142 φιλανθρωπίᾳ

2011 5140 2106 5194 τοῦ
2141 5143 2348 5214 Κυρίου
2369 5143 2744 5217 ήμῶνἻησοῦ
2777 5147 3038 5218 Χριστοῦ,
3072 5148 3141 5202 δι’
3171 5143 3232 5202 οὗ
3267 5150 3362 5203 ml
3393 5149 3513 5221 μεθ’
3537 5140 3600 5207 06

2011 5223 2090 5306 τῷ
2121 5226 2300 5298 Πατρὶ
2355 5228 2518 5293 δόξα,
2553 5229 2723 5301 τιμὴ,
2769 5232 2992 5303 κράτος.
3035 5231 3154 5304 ἆμα
3195 5233 3273 5306 τῷ
3320 5235 3462 5306 ἁγίῳ
3504 5239 3602 5290 ml

2012 5305 2262 5379 ζωοποιῷ
2290 5311 2591 5384 Πνεύματι,
2620 5314 2717 5372 νῦν
2737 5316 2830 5371 καὶ
2861 5317 2969 5386 ἀεὶ,
3001 5317 3096 5372 καὶ
3125 5319 3206 5382 εἰς
3245 5319 3371 5382 τοὺς
3397 5305 3602 5383 αἰῶνας

2011 5389 2118 5443 τῶν
2145 5392 2374 5449 αἰώνων.
2413 5396 2608 5469 Ἀμήν.
