4066 6274
279 307 348 363 77
1381 309 1449 368 IN
1489 281 2017 366 mscmprtousn
2056 307 2402 368 Acroauu.
2443 311 2486 369 lt
3491 316 3556 371 τε

386 444 724 455 Ἢ

275 537 406 581 CUM
452 538 516 580 IN
545 539 773 583 VETERI
811 539 1104 583 ECCLESIA
1139 538 1341 582 LONGO
1369 537 1763 581 INTERVALLO
1792 536 2158 579 CELEBRATA
2190 537 2503 583 COLLECTA
2537 542 2746 598 ESSET,
2780 542 2990 586 SEBMO
3019 541 3288 585 ιιηιτω
3336 542 3399 584 ΙΝ
3446 541 3560 583 IN-

358 642 779 687 SCRIPTIONEM
809 644 1112 687 ACTORUM
1142 644 1639 687 APOSTOLORUM:
1675 644 1753 685 ET
1796 643 1997 685 νιΤΑΜ
2042 644 2173 687 CUM
2219 646 2494 690 VIRTUTE
2526 651 2737 694 ACTAM
2783 653 3133 695 UTILIOIIEM
3177 652 3318 695 ESSE
3364 634 3561 697 SIGNIS

358 743 432 784 ac
483 743 816 786 MIRACULIS
857 745 870 785 :
919 744 1000 785 ετ
1043 744 1373 797 QUATENUS
1419 743 1740 785 meream
1786 743 1819 783 Α
1865 741 2062 784 SIGNIS
2093 742 2527 789 CONYERSATIO
2576 730 2684 812 (η).

1566 888 1842 900 .—.————_—‘

349 1014 399 1068 Ι.
433 1014 658 1069 Ecclesia
680 1033 769 1069 nec
790 1016 1213 1087 persccutionibtts
1228 1032 1317 1070 nec
1336 1016 1438 1070 alio
1456 1015 1603 1068 modo
1623 1015 1854 1068 vincitur.

210 1168 229 1186 .
276 1133 342 1145 ——
364 1106 565 1161 Rursus
589 1107 654 1161 ad
676 1116 899 1162 matrem
923 1119 1157 1162 nostram
1180 1109 1338 1178 longo
1356 1107 1634 1162 intervallo
1657 1104 1859 1160 reversi

274 1211 462 1252 Sumus
486 1240 499 1260 ,
532 1198 597 1253 ad
638 1199 991 1253 desideratam
1022 1210 1075 1254 et
1108 1214 1285 1254 caram
1328 1201 1575 1255 omnibus
1602 1200 1739 1254 hanc
1765 1213 1857 1253 ec-

274 1289 508 1343 clesiam.
534 1290 599 1344 ad
631 1298 865 1345 nostram
893 1299 948 1347 et
973 1292 1209 1346 omnium
1235 1292 1584 1347 ecclesiarum
1607 1299 1856 1345 matrem.

275 1378 405 1434 Nam
431 1390 599 1435 mater
623 1382 833 1451 quidem
859 1391 941 1437 est
973 1397 1076 1435 non
1102 1382 1243 1453 quod
1267 1383 1533 1452 antiquior
1562 1391 1762 1436 tantum
1792 1381 1861 1435 sit

275 1480 514 1540 tempore
539 1490 551 1526 :
576 1472 668 1528 sed
690 1472 831 1543 quod
854 1474 1218 1543 apostolorum
1246 1474 1487 1528 manibus
1510 1473 1579 1527 sit
1602 1472 1817 1528 fundata
1845 1490 1859 1529 :

273 1577 429 1631 quam
476 1563 544 1617 oh
585 1578 801 1618 causam
848 1565 1119 1619 multoties
1164 1573 1381 1635 pr0pter
1424 1564 1615 1620 Christi
1664 1579 1859 1619 nomen

274 1668 483 1720 eversa,
515 1654 710 1709 Christi
737 1656 931 1710 virtute
957 1671 1143 1711 rursus
1170 1664 1253 1711 est
1279 1665 1475 1711 erecta.
1508 1656 1689 1727 Neque
1714 1655 1857 1711 enim

272 1745 580 1814 apostolicae
623 1754 828 1803 tantum
871 1763 1059 1803 manus
1106 1749 1247 1803 illam
1291 1748 1575 1803 fundarunt
1602 1791 1617 1815 ,
1667 1748 1763 1804 sed
1806 1757 1862 1805 et

276 1836 445 1905 ipsius
489 1838 847 1907 apostolorum
888 1840 1095 1894 Domini
1133 1841 1405 1896 decretum
1448 1841 1589 1895 illam
1631 1855 1770 1895 novo
1806 1850 1863 1895 et

277 1925 531 1981 inusitato
577 1932 886 1985 munitionis
926 1947 1124 2001 genere
1149 1932 1393 1986 munivit.
1423 1932 1539 1986 Non
1566 1933 1707 1988 enim
1736 1948 1863 1987 coa-

277 2020 562 2088 gmentatis
600 2022 756 2092 lignis
789 2031 842 2076 et
868 2023 1129 2092 lapidibus
1149 2033 1297 2093 septa
1328 2025 1658 2087 construxit,
1688 2040 1861 2094 neque

277 2108 417 2163 {055a
444 2112 676 2165 exterius
699 2112 854 2168 ducta
882 2114 1229 2170 circumdedit
1254 2129 1345 2171 aut
1373 2116 1507 2186 palis
1533 2116 1740 2181 defixis,
1771 2125 1864 2171 aut

274 2200 513 2254 turribus
537 2203 880 2259 exaedificatis
902 2205 1045 2259 illam
1070 2205 1327 2266 munivit;
1358 2206 1451 2261 sed
1473 2206 1579 2261 duo
1601 2207 1737 2261 nuda
1769 2223 1858 2261 so-

272 2286 383 2344 lum
412 2290 570 2344 verba
601 2293 843 2361 protulit,
868 2304 921 2350 et
949 2295 1065 2351 Ι)ωο
1090 2296 1165 2350 illi
1190 2296 1405 2351 fuerunt
1430 2298 1596 2352 instar
1621 2298 1779 2365 muri,
1807 2309 1862 2353 et

277 2379 469 2442 turris,
498 2388 553 2434 et
582 2380 737 2437 fossae
760 2424 775 2448 ,
804 2392 858 2439 et
880 2385 1113 2455 cujusvis
1140 2387 1259 2443 loco
1284 2388 1619 2444 munimenti.
1648 2389 1716 2443 Et
1741 2406 1860 2460 quae

278 2470 488 2524 tandem
530 2469 616 2525 illa
659 2484 784 2528 sunt
826 2475 989 2531 verba
1013 2518 1029 2543 ,
1057 2492 1177 2546 qua:
1206 2486 1405 2533 tantam
1436 2481 1542 2534 vim
1573 2480 1859 2535 obtinent?

278 2562 447 2631 Super
472 2565 600 2618 hanc
627 2578 821 2637 petram
847 2568 1108 2639 wdiﬁcabo
1134 2571 1414 2626 Ecclesiam
1440 2590 1601 2627 meam
1627 2591 1645 2627 :
1672 2584 1716 2628 et
1743 2592 1862 2644 por-

278 2660 342 2705 ta:
360 2652 510 2723 inferi
531 2671 630 2708 non
652 2658 993 2727 praevalebunt
1012 2660 1249 2716 adversm
1267 2678 1376 2716 eam
1397 2662 1606 2733 (Matth.
1634 2665 1720 2719 16.
1745 2666 1855 2737 18).

279 2742 387 2799 lloe
412 2760 596 2799 murus
622 2755 701 2801 est
723 2788 739 2814 ,
769 2749 869 2804 hoc
896 2758 1105 2820 septum
1129 2792 1145 2818 ,
1174 2752 1276 2807 hoc
1303 2754 1691 2809 munimentum
1715 2798 1728 2821 ,
1759 2756 1860 2812 hoc

277 2846 462 2904 portus
491 2846 545 2891 et
581 2839 855 2910 refugium.
890 2842 969 2897 Tu
996 2858 1126 2898 vero
1153 2861 1310 2914 quam
1340 2846 1766 2918 inexpugnabilis
1792 2851 1862 2904 sit

276 2926 366 2981 hic
411 2944 633 2996 murus,
677 2931 799 2987 inde
843 2934 1129 3004 perpende.
1176 2935 1357 3007 Neque
1398 2939 1540 2994 enim
1586 2939 1859 2997 hominum

275 3028 482 3074 tantum
510 3020 729 3077 insidias
754 3023 1011 3080 adversus
1034 3042 1154 3081 eam
1182 3028 1317 3083 dixit
1344 3045 1449 3085 non
1476 3032 1860 3100 praevalituras,

274 3112 369 3166 sed
401 3127 499 3168 nec
532 3113 673 3183 ipsas
704 3114 897 3171 inferni
927 3118 1218 3175 machinas.
1250 3120 1425 3177 Porta:
1451 3125 1615 3190 enim,
1648 3126 1815 3196 inquit
1843 3168 1857 3193 ,

274 3203 424 3277 inferi
475 3223 575 3260 non
616 3209 954 3278 prazvalebtmt
993 3212 1232 3267 adversus
1283 3230 1413 3268 eam.
1444 3216 1559 3272 Non
1599 3218 1771 3285 dixit,
1804 3218 1858 3275 In

276 3294 420 3350 illam
444 3313 547 3353 non
574 3299 793 3367 irruent,
819 3302 935 3367 sed,
958 3304 1211 3359 Adversus
1230 3322 1339 3359 eam
1358 3324 1458 3362 non
1482 3310 1821 3378 prevalebunt
1841 3328 1860 3366 :

275 3403 399 3442 nam
432 3390 632 3445 irruent
656 3392 759 3446 illa:
790 3394 1001 3462 quidem
1029 3437 1044 3461 ,
1076 3396 1169 3451 sed
1202 3397 1345 3452 illam
1376 3415 1484 3456 non
1510 3403 1855 3472 superabunt.

273 3478 378 3533 Sed
403 3482 525 3549 quid
550 3482 677 3536 illud
701 3492 782 3538 est
804 3525 818 3549 ,
844 3484 1018 3540 Porta:
1050 3488 1241 3557 inferi?
1269 3491 1406 3546 forte
1428 3507 1657 3563 namque
1676 3495 1862 3550 obscu-

274 3586 391 3625 rum
416 3581 498 3626 est
518 3573 737 3629 dictum.
761 3575 1042 3633 Discamus
1062 3579 1187 3648 quid
1209 3581 1277 3634 sit
1302 3593 1452 3650 porta
1474 3585 1636 3647 urbis,
1659 3596 1713 3641 et
1738 3595 1862 3641 tunc

274 3661 506 3717 sciemus
533 3664 657 3733 quid
699 3665 767 3718 sit
804 3675 955 3736 porta
986 3667 1158 3724 inferi.
1209 3670 1368 3727 Porta
1397 3674 1542 3729 urbis
1568 3686 1648 3731 est
1687 3676 1862 3733 aditus

273 3753 327 3806 in
358 3755 544 3810 urbem
575 3773 586 3808 :
616 3757 792 3827 itaque
821 3769 971 3828 porta
999 3761 1150 3816 inferi
1177 3771 1257 3818 est
1283 3766 1596 3834 periculum,
1624 3770 1766 3838 quod
1794 3770 1860 3825 ad

273 3842 472 3899 inferos
519 3846 705 3902 tendit.
738 3848 887 3916 Quod
934 3850 1092 3920 igitur
1136 3853 1250 3919 ait,
1279 3863 1362 3909 est
1404 3856 1665 3925 ejusmodi
1696 3876 1709 3912 :
1736 3860 1862 3916 licet

270 3936 479 3992 irruant
505 3947 558 3992 et
579 3940 835 4008 impetum
863 3943 1055 3997 faciant
1077 3952 1217 3999 tanta
1241 3949 1492 4016 pericula,
1522 3959 1580 4004 ut
1598 3951 1664 4006 ad
1690 3954 1860 4021 ipsum

273 4043 369 4083 nos
398 4030 699 4099 prrecipites
726 4043 883 4102 agant
928 4035 1191 4092 infernum
1221 4081 1235 4104 ,
1280 4040 1518 4097 Ecclesia
1549 4055 1727 4099 manet
1755 4047 1857 4100 im-

268 4132 435 4177 mota.
486 4124 702 4178 Poterat
731 4126 817 4181 ille
853 4129 1065 4197 quidem
1104 4146 1208 4186 non
1238 4134 1550 4203 permittere
1571 4177 1587 4199 ,
1620 4145 1679 4191 ut
1712 4139 1857 4194 nulla

271 4213 410 4268 mala
450 4216 855 4286 experiremur:
883 4235 978 4275 cur
1015 4237 1143 4292 ergo
1180 4224 1460 4292 permisit?
1498 4226 1653 4294 Quod
1690 4231 1859 4285 multo

274 4307 443 4376 magis
468 4308 555 4372 sit,
586 4325 744 4377 quam
781 4314 1098 4368 tentationes
1125 4316 1410 4384 prohibere
1428 4358 1443 4382 ,
1476 4319 1518 4373 si
1546 4320 1670 4374 dum
1696 4321 1857 4378 adve-

271 4397 389 4452 nire
419 4399 734 4455 tentationes
775 4402 934 4469 sinit,
968 4404 1099 4459 nihil
1130 4416 1304 4462 tamen
1336 4423 1402 4463 ex
1431 4424 1612 4465 earum
1644 4412 1856 4469 incursu

269 4489 393 4542 mali
422 4505 519 4545 nos
546 4489 685 4548 ferre
714 4496 1014 4563 permittat;
1040 4497 1236 4555 idcirco
1262 4516 1448 4557 omnes
1466 4505 1709 4561 accidere
1738 4515 1854 4561 ten-

271 4585 497 4638 tationes
522 4586 682 4651 sivit,
714 4596 771 4642 ut
806 4590 1163 4659 probatiorem
1196 4592 1338 4647 illam
1364 4594 1610 4651 redderet
1639 4615 1651 4651 :
1683 4598 1853 4668 siqui-

333 4718 406 4781 (a)
439 4718 615 4790 Collata
637 4734 748 4790 cum
770 4732 849 4773 Ms.
872 4724 1147 4790 Colbcrtino
1169 4726 1311 4787 3058,
1336 4729 1420 4790 qui
1441 4728 1605 4779 deficit
1642 4731 1780 4781 initio
1802 4737 1856 4783 et

267 4780 509 4858 {iamnon
530 4781 678 4858 alium
700 4785 939 4858 hactenus
958 4787 1177 4858 Qodicem
1436 4793 1699 4858 potuimus.
1713 4780 1852 4858 ibid,

266 4844 319 4914 in
344 4844 615 4914 galina-sea
637 4847 788 4914 veteri
807 4847 1033 4914 Ecclesia.
1049 4851 1270 4901 Libanius
1292 4854 1341 4901 in
1359 4844 1641 4914 Aniiochico
1659 4856 1741 4914 ait,
1759 4844 1854 4905 Ani

269 4906 494 4975 tiochiam
517 4906 567 4953 in
584 4907 705 4956 duas
724 4907 875 4959 fuisse
897 4910 1050 4975 urbes
1070 4914 1291 4969 divisam,
1330 4911 1535 4964 alteram
1555 4906 1741 4975 πσλιιάνξ
1764 4917 1855 4968 hoc

269 4975 365 5041 est,
388 4969 653 5041 antiquam,
678 4983 789 5032 quae
812 4972 1079 5041 secundum
1120 4976 1313 5025 orantis
1343 4975 1476 5026 ﬂuvii
1506 4969 1853 5041 oramloagum

265 5031 531 5101 occupabat
553 5031 932 5101 teme_spatium
955 5046 969 5081 :
994 5034 1198 5101 alteram
1220 5048 1411 5101 novam,
1437 5040 1487 5087 in
1515 5031 1849 5101 ejusdemvﬂu-

267 5089 331 5137 vii
356 5089 510 5162 insula
528 5096 685 5162 sitam,
703 5089 854 5144 forma
877 5096 1097 5155 rotunda,
1122 5110 1231 5160 quae
1245 5089 1462 5162 quinque
1486 5089 1714 5160 po'ntibus
1726 5089 1851 5151 anti-

264 5163 375 5220 qua:
393 5154 709 5220 iungebatur.
726 5162 776 5220 tn
798 5169 936 5220 eam;
955 5169 1047 5206 seu
1068 5154 1506 5220 antiqua'exstaba't
1528 5169 1670 5213 vettts
1695 5163 1852 5214 eccle-

263 5214 353 5288 sia,
378 5217 442 5262 ab
461 5214 705 5288 apostolis
726 5214 940 5288 fundata,
971 5224 1027 5268 ut
1047 5220 1163 5271 dicit
1185 5214 1391 5288 bomilige
1416 5224 1551 5288 initio
1572 5224 1851 5288 (.‘brysosto-

264 5287 375 5343 mus
408 5290 431 5343 :_
458 5277 672 5343 ideoque
713 5281 970 5343 apostolica
1006 5290 1204 5332 vocatur
1242 5296 1269 5332 a
1307 5283 1612 5335 Theodoreto
1653 5277 1682 5334 ε’
1708 5292 1761 5335 et
1797 5289 1850 5337 in

527 5336 867 5409 Aleaand'rino
892 5342 1045 5409 ralaaa
1082 5342 1443 5409 itemeeclesia
1474 5348 1667 5397 dicitur.
1706 5336 1852 5409 Cujus

264 5398 605 5472 appellationis
618 5403 799 5472 duplex
823 5405 1017 5472 videtur
1040 5417 1182 5472 causa
1207 5407 1373 5472 fuisse,
1400 5413 1451 5472 et
1474 5409 1600 5472 quod
1617 5412 1675 5472 in,
1689 5398 1847 5461 vet'eri

264 5411 605 5509 appellationis
618 5411 799 5466 duplex
823 5411 1017 5475 videtur
1040 5417 1182 5455 causa
1207 5411 1373 5478 fuisse,
1400 5413 1451 5457 et
1474 5411 1600 5472 quod
1617 5412 1667 5459 in
1689 5412 1847 5481 veteri

264 5468 522 5542 21:312.
538 5465 752 5542 etquod
767 5468 1058 5542 antiquitus
1077 5471 1145 5542 ab.
1161 5468 1389 5542 apostolis
1425 5468 1620 5519 fundata
1655 5469 1847 5542 fuisset;

264 5532 374 5591 (με
398 5522 516 5574 licet
538 5522 788 5576 multoties
822 5522 1022 5589 propter
1042 5522 1210 5579 cbristi
1256 5542 1435 5581 nomen
1458 5544 1650 5590 eversa,
1676 5522 1849 5583 multo;

264 5585 359 5631 ttes
377 5591 544 5650 erecta
559 5586 723 5638 denuo
746 5588 908 5649 fuerit,
938 5603 1091 5646 autem
1124 5598 1306 5650 tamen,
1340 5606 1431 5642 seu
1455 5596 1642 5644 veteris
1668 5607 1846 5644 nomen

262 5647 615 5719 ξῳίθωίεςιᾚμ
637 5652 783 5719 etiam
802 5647 1024 5713 tempore
1045 5647 1488 5719 auctoristihronici
1512 5655 1846 5719 Alexandrini;

258 5705 756 5818 Ealaeanltrﬁntiocltiae
780 5705 1015 5764 memorat
1048 5715 1335 5764 Athanasius
1359 5724 1486 5767 tonio
1509 5718 1567 5765 ad
1586 5705 1845 5767 Antioche:

297 5781 350 5817 os
374 5783 420 5818 ιι.
547 5805 558 5817 .

373 5783 558 5831 p.111.

1845 868 2005 922 esse

2014 892 2295 900 “—

1969 1011 2090 1067 dem
2118 1011 2398 1068 Tribttlatio
2429 1016 2719 1085 patientiam
2748 1028 3005 1088 operatur,
3034 1017 3276 1088 patientia
3303 1031 3416 1069 vero
3440 1028 3560 1084 pro-

1969 1100 2216 1156 bationem
2247 1105 2265 1173 (
2297 1104 2447 1158 Rom.
2476 1105 2529 1159 5.
2558 1106 2608 1161 5.
2638 1106 2671 1160 4
2694 1106 2735 1176 ).
2769 1108 2941 1177 Atque
2973 1117 3030 1160 ut
3074 1105 3264 1174 majori
3312 1119 3433 1159 cum
3462 1118 3557 1157 ex-

1969 1208 2123 1247 cessu
2176 1195 2424 1251 virtutem
2453 1211 2602 1250 suam
2646 1199 2928 1264 ostendat,
2973 1214 3036 1252 ex
3080 1198 3205 1267 ipsis
3245 1213 3361 1251 eam
3393 1196 3561 1265 portis

1965 1285 2120 1354 eripit
2164 1287 2369 1341 mortis.
2408 1288 2691 1358 Propterea
2726 1298 3092 1359 tempestatem
3133 1289 3255 1344 sivit
3299 1288 3515 1343 excitari

1973 1385 2027 1428 et
2072 1379 2237 1448 mergi
2285 1378 2528 1450 cymbam
2576 1370 2793 1434 minime
2835 1380 2974 1434 sivit.
3021 1380 3109 1434 Sic
3149 1380 3554 1449 gubernatorem

1973 1483 2185 1537 quoque
2214 1468 2510 1533 laudamus,
2534 1485 2638 1524 non
2666 1485 2784 1524 cum
2817 1470 3062 1524 Secundis
3091 1469 3259 1523 ventis
3282 1469 3555 1539 navigans,

1972 1576 2145 1629 neque
2174 1578 2292 1615 cmn
2321 1577 2351 1616 a
2382 1563 2541 1634 puppi
2570 1562 2818 1617 ﬂantibus
2848 1563 2990 1616 auris
3031 1563 3349 1616 incolumem
3383 1561 3559 1614 navim

1964 1661 2173 1716 servat;
2206 1652 2296 1707 sed
2336 1668 2459 1708 cum
2498 1654 2631 1707 mari
2673 1654 2918 1724 procellis
2948 1655 3144 1725 agitato
3168 1695 3183 1719 ,
3224 1668 3286 1707 ac
3312 1651 3559 1708 fluctibus

1970 1744 2465 1813 effervescentibus,
2497 1756 2559 1801 ac
2581 1754 2899 1816 tempestate
2922 1756 3187 1803 commota
3211 1760 3360 1800 suam
3389 1757 3558 1799 artem

1964 1836 2219 1891 adversus
2251 1839 2516 1908 impetum
2549 1849 2828 1894 ventorum
2850 1840 3089 1910 opponit,
3118 1847 3173 1894 et
3199 1837 3460 1907 navigium
3491 1854 3556 1889 ex

1968 1928 2156 1982 mediis
2196 1930 2445 1999 procellis
2484 1930 2688 1985 salvum
2717 1932 2911 1987 educit.
2945 1932 3018 1986 lta
3046 1931 3171 1987 fecit
3202 1939 3257 1985 et
3283 1929 3543 1985 Christus.

1969 2017 2102 2070 Dum
2138 2028 2400 2088 tamquam
2430 2021 2694 2090 navigium
2718 2022 2770 2076 in
2800 2022 2932 2076 mari
2966 2021 3257 2077 Ecclesium
3287 2036 3472 2077 rursus
3502 2022 3551 2073 in

1970 2108 2170 2162 mundo
2199 2109 2324 2163 ft-rri
2356 2110 2635 2179 permisit,
2671 2128 2841 2182 neque
2869 2112 3059 2167 fluctus
3093 2112 3335 2180 sedavit,
3364 2111 3458 2166 sed
3490 2129 3552 2163 ex

1970 2197 2221 2255 fluctibus
2261 2202 2454 2271 eripuit
2483 2220 2495 2255 :
2529 2220 2630 2258 non
2675 2219 2822 2258 mare
2861 2203 3228 2274 compescuit,
3261 2203 3354 2258 sed
3383 2203 3555 2256 navim

1968 2293 2348 2359 eormnunivit;
2380 2302 2580 2349 etcum
2611 2305 2893 2367 surgerent
2922 2296 3155 2366 undique
3179 2295 3392 2366 populi,
3425 2303 3556 2348 tam-

1968 2398 2126 2452 quam
2155 2385 2281 2438 saevi
2314 2385 2504 2441 fluctus
2529 2427 2544 2452 ,
2577 2395 2631 2442 et
2658 2388 2873 2458 maligni
2910 2389 3128 2457 spiritus
3166 2399 3431 2458 tamquam
3459 2386 3553 2439 ad-

1962 2475 2099 2528 versi
2126 2476 2337 2545 quidam
2368 2479 2506 2532 venti
2539 2480 2590 2533 in
2617 2494 2734 2534 eam
2762 2481 3049 2546 irruerent,
3074 2481 3297 2535 excitata
3326 2479 3556 2549 undique

1969 2576 2306 2637 tempestate,
2334 2570 2553 2624 multam
2584 2572 2762 2627 attulit
2791 2572 3045 2627 Ecclesiae
3076 2572 3510 2643 tranquillitatem
3541 2590 3552 2623 :

1964 2658 2213 2729 quodque
2238 2660 2525 2729 permirum
2558 2676 2686 2716 sane
2717 2662 2813 2717 fuit
2835 2704 2850 2728 ,
2885 2679 2988 2718 non
3030 2663 3190 2719 modo
3220 2663 3395 2718 navim
3428 2677 3523 2733 pro

1961 2749 2091 2802 cella
2114 2764 2218 2803 non
2245 2750 2441 2817 obruit,
2465 2751 2557 2806 sed
2579 2763 2633 2807 et
2656 2754 2938 2824 procellam
2961 2755 3147 2825 cymba
3171 2754 3393 2809 sedavit.
3420 2753 3551 2809 Nam

1963 2839 2228 2893 continua:
2273 2845 2716 2911 persequutiones
2759 2860 2864 2898 non
2904 2845 3063 2900 modo
3106 2844 3401 2900 Eeclesiam
3447 2860 3553 2897 non

1962 2928 2400 2997 submerscrunt,
2451 2932 2545 2987 sed
2598 2934 2665 2987 ab
2714 2933 2949 2990 Ecclesia
2994 2944 3117 2989 sunt
3160 2935 3378 2989 sedatzc.
3437 2935 3553 3002 Quo

1969 3016 2183 3072 tandem
2210 3030 2383 3087 pacto,
2414 3031 2467 3075 et
2493 3037 2718 3091 quorum
2744 3024 2945 3093 opera?
2973 3024 3138 3093 Hujus
3165 3025 3443 3079 sententia:
3475 3027 3553 3078 ni-

1967 3109 2161 3163 mirum
2191 3110 2262 3164 ita
2294 3112 2646 3181 pronuntiata?
2668 3156 2683 3179 ,
2717 3114 2886 3168 Porta:
2910 3116 3060 3187 inferi
3086 3133 3186 3170 non
3210 3115 3553 3185 praevalebunt

1964 3198 2203 3254 adversus
2232 3217 2345 3254 eam
2368 3201 2582 3273 (Matth.
2616 3203 2698 3258 l6.
2732 3204 2841 3275 l8).
2870 3205 3037 3272 Quam
3061 3206 3224 3260 multa
3247 3206 3417 3261 Graeci
3440 3222 3554 3261 mo-

1966 3289 2045 3344 liti
2073 3299 2216 3358 sunt,
2247 3301 2304 3346 ut
2327 3293 2545 3349 verbum
2574 3293 2675 3349 hoc
2701 3296 2970 3362 tollerent,
3001 3304 3058 3351 ut
3082 3298 3400 3352 sententiam
3428 3298 3548 3352 irri-

1964 3390 2071 3436 tam
2094 3382 2403 3449 redderent,
2424 3399 2593 3455 neque
2615 3394 2898 3456 potuerunt
2925 3387 3254 3442 dissolvere?
3278 3386 3370 3442 Dei
3399 3388 3553 3458 quip-

1966 3489 2033 3544 pe
2068 3476 2329 3531 sententia
2370 3486 2504 3531 erat.
2546 3478 2614 3531 Et
2640 3479 3086 3549 quemadmodum
3116 3479 3301 3534 turrim
3329 3494 3396 3533 ex
3422 3480 3551 3533 ada—

1964 3564 2216 3617 mantinis
2240 3572 2495 3619 structam
2519 3565 2779 3635 lapidibus
2803 3608 2818 3633 ,
2852 3567 2993 3620 ferro
3021 3567 3244 3621 firmiter
3272 3568 3507 3637 junctam
3534 3609 3549 3630 ,

1966 3654 2149 3710 hostes
2170 3654 2400 3726 undique
2422 3656 2465 3711 si
2484 3658 2789 3725 verberent,
2814 3673 2986 3728 neque
3009 3668 3325 3713 structuram
3350 3661 3548 3723 laxant,

1950 3758 2140 3815 ‘neque
2184 3748 2697 3816 coagmentationem
2729 3749 3059 3814 dissolvunt,
3103 3750 3197 3804 sed
3229 3751 3390 3805 illzrsa
3423 3754 3550 3806 turti

1968 3846 2238 3903 manente,
2265 3852 2363 3891 nec
2383 3838 2503 3892 ullis
2524 3840 2873 3895 incommodis
2890 3841 3099 3908 affecta,
3120 3844 3333 3912 suisque
3355 3844 3553 3898 viribus

1967 3929 2239 3984 exhaustis
2281 3929 2559 3985 discedunt
2607 3949 2620 3985 :
2664 3935 2741 3988 sic
2784 3933 3035 3987 nimirum
3082 3946 3136 3987 et
3181 3936 3402 3990 verbum
3452 3936 3554 3989 hoc

1965 4028 2233 4090 tamquam
2261 4023 2420 4076 altam
2451 4023 2730 4093 quamdam
2762 4024 2945 4079 turrim
2980 4026 3029 4079 in
3070 4026 3244 4081 tnedio
3271 4027 3414 4082 orbis
3442 4036 3549 4080 ter-

1963 4129 2141 4167 rarum
2167 4113 2389 4169 firmiter
2414 4118 2811 4183 cmnmunitam,
2840 4132 2959 4173 cum
2986 4117 3155 4174 erci
3180 4119 3412 4190 undique
3434 4136 3553 4174 ver-

1959 4205 2239 4263 berassent
2262 4249 2275 4270 ,
2315 4224 2434 4263 cum
2468 4209 2610 4263 illam
2638 4210 2846 4266 firmam
2886 4211 3266 4279 reddiderunt,
3303 4221 3410 4268 tum
3439 4215 3551 4269 suis

1963 4300 2165 4355 viribus
2191 4300 2371 4355 fraetis
2398 4311 2624 4356 mortem
2656 4302 2923 4358 obierunt.
2958 4303 3092 4372 Quid
3122 4305 3263 4359 enim
3295 4304 3551 4359 adversus

1962 4394 2098 4448 hanc
2126 4394 2445 4447 sententiam
2472 4378 2575 4447 non
2601 4394 2885 4449 machinati
2911 4396 3069 4449 sunt?
3092 4396 3432 4451 Exercituum
3455 4396 3549 4450 de-

1960 4483 2127 4540 lectus
2158 4484 2470 4549 habebatur,
2502 4498 2650 4537 arma
2679 4486 3026 4539 movebantur
3046 4526 3060 4552 ,
3090 4501 3245 4555 reges
3266 4488 3546 4541 armaban-

1960 4584 2063 4641 tur,
2081 4576 2259 4646 populi
2278 4574 2771 4638 Commovebantur,
2789 4576 2954 4630 urbes
2970 4576 3328 4646 insurgebaat.
3338 4576 3547 4645 judices

1958 4668 2433 4733 excandescebant,
2467 4683 2626 4724 omne
2658 4668 2901 4738 supplicii
2932 4683 3101 4737 genus
3127 4669 3544 4741 excogitabatur,

1958 4764 2133 4818 nullus
2150 4776 2322 4833 pinnae
2341 4761 2529 4817 modus
2548 4759 2911 4827 omittebatur,
2930 4761 3086 4831 ignis,
3112 4759 3333 4828 ferrum,
3357 4760 3544 4817 dentes

1957 4852 2207 4917 ferarum,
2232 4851 2546 4923 przecipitia,
2572 4849 2987 4914 submersiones,
3014 4849 3346 4919 barathrum,
3371 4867 3540 4922 equu-

1955 4943 2090 5010 leus,
2112 4959 2241 4999 crux
2270 4954 2323 4997 et
2352 4942 2556 5006 fornax,
2587 4951 2642 4997 et
2661 4941 2837 4996 omnia
2863 4956 2982 5012 qute
3007 4956 3256 5012 umquam
3279 4942 3393 4996 visa
3410 4952 3539 4997 sunt

1954 5042 2239 5099 tormenta,
2266 5034 2318 5088 in
2343 5032 2575 5088 medium
2601 5031 3045 5102 proferebantur:
3072 5033 3258 5103 ingens
3277 5032 3538 5089 minarum

1954 5144 2143 5199 agmen
2171 5171 2184 5193 ,
2227 5129 2487 5183 honorum
2528 5126 2937 5196 pollicitationes
2979 5128 3314 5195 innumerae,
3357 5138 3413 5183 ut
3457 5128 3542 5184 illa

1954 5220 2167 5291 quidem
2197 5219 2405 5273 ratione
2435 5226 2727 5281 terrerent,
2760 5216 2858 5273 hac
2886 5233 3014 5274 vero
3042 5219 3312 5274 mollirent
3337 5228 3393 5274 et
3418 5219 3538 5273 alli-

1954 5320 2158 5369 cerent.
2188 5312 2402 5369 Nullum
2430 5311 2588 5380 igitur
2613 5310 2837 5377 fraudis,
2864 5313 3067 5367 nullum
3088 5312 3355 5368 violentia:
3375 5327 3542 5382 genus

1954 5404 2480 5477 prmtermittebatur.
2510 5403 2640 5459 Nam
2672 5413 2726 5459 et
2752 5412 2927 5475 patres
2956 5403 3093 5458 filios
3124 5401 3417 5474 prodebant
3442 5444 3456 5466 ,
3489 5414 3543 5455 et

1956 5498 2045 5553 filii
2075 5508 2252 5568 patres
2277 5510 2381 5550 non
2410 5494 2798 5566 agnoscebant,
2827 5502 3024 5549 matres
3049 5507 3264 5548 suorum
3295 5500 3537 5562 partuum

1950 5586 2395 5643 obliviscebantur
2422 5626 2438 5651 ,
2470 5595 2524 5641 et
2565 5594 2767 5639 naturae
2816 5584 2958 5653 leges
3005 5582 3397 5643 evertebantur.
3433 5582 3535 5636 Ve-

1951 5688 2249 5734 rumtamen
2290 5691 2358 5733 ne
2400 5678 2476 5731 sic
2504 5675 2717 5746 quidem
2745 5673 2999 5730 Ecclesia:
3037 5672 3381 5729 fundamenta
3410 5689 3537 5729 ctan-

1952 5784 2106 5825 cussa
2126 5776 2274 5824 sunt:
2291 5778 2344 5824 et
2363 5766 2604 5838 quamvis
2620 5764 2687 5819 ab
2710 5766 2824 5836 ejus
2845 5764 3153 5838 propinquis
3179 5764 3376 5821 bellum
3404 5763 3534 5819 indi.-
