  <div class='ocr_page' id='page_1' title='image "/cluster/home/n/w/nwhite01/storage/ocr_20150623/51/mdp.39015052813998/075.png"; bbox 0 0 4066 6274; ppageno 0'>
   <div class='ocr_carea' id='block_1_1' title="bbox 536 217 3822 317">
    <p class='ocr_par' dir='ltr' id='par_1_1' title="bbox 536 217 3822 317">
     <span class='ocr_line' id='line_1_1' title="bbox 536 217 3822 317; baseline 0.008 -40"><span class='ocrx_word' id='word_1_1' title='bbox 536 230 604 286; x_wconf 75' lang='lat'><strong>79</strong></span> <span class='ocrx_word' id='word_1_2' title='bbox 1279 225 1339 283; x_wconf 89' lang='lat' dir='ltr'><strong>S.</strong></span> <span class='ocrx_word' id='word_1_3' title='bbox 1362 221 1647 284; x_wconf 72' lang='lat' dir='ltr'><strong>JOANNIS</strong></span> <span class='ocrx_word' id='word_1_4' title='bbox 1683 217 2162 284; x_wconf 74' lang='lat' dir='ltr'><strong>CHRYSOSTOMI</strong></span> <span class='ocrx_word' id='word_1_5' title='bbox 2187 217 2497 282; x_wconf 70' lang='lat' dir='ltr'><strong>ARCHIEP.</strong></span> <span class='ocrx_word' id='word_1_6' title='bbox 2527 228 3060 295; x_wconf 80' lang='lat' dir='ltr'><strong>CONSTANTINOP.</strong></span> <span class='ocrx_word' id='word_1_7' title='bbox 3747 259 3822 317; x_wconf 67' lang='grc' dir='ltr'><strong>ευ</strong></span> 
     </span>
    </p>
   </div>
   <div class='ocr_carea' id='block_1_2' title="bbox 533 339 2111 418">
    <p class='ocr_par' dir='ltr' id='par_1_2' title="bbox 533 339 2111 418">
     <span class='ocr_line' id='line_1_2' title="bbox 533 339 2111 418; baseline 0.001 -16"><span class='ocrx_word' id='word_1_8' title='bbox 533 363 675 402; x_wconf 73' lang='lat' dir='ltr'><strong>rrum</strong></span> <span class='ocrx_word' id='word_1_9' title='bbox 687 356 860 415; x_wconf 62' lang='lat' dir='ltr'><strong>esset,</strong></span> <span class='ocrx_word' id='word_1_10' title='bbox 881 362 984 403; x_wconf 92' lang='lat' dir='ltr'><strong>non</strong></span> <span class='ocrx_word' id='word_1_11' title='bbox 1001 355 1182 402; x_wconf 86' lang='lat' dir='ltr'><strong>tamen</strong></span> <span class='ocrx_word' id='word_1_12' title='bbox 1203 345 1267 402; x_wconf 88' lang='lat' dir='ltr'><strong>ad</strong></span> <span class='ocrx_word' id='word_1_13' title='bbox 1286 360 1467 402; x_wconf 85' lang='lat' dir='ltr'><strong>muros</strong></span> <span class='ocrx_word' id='word_1_14' title='bbox 1484 358 1653 418; x_wconf 90' lang='lat' dir='ltr'><strong>usque</strong></span> <span class='ocrx_word' id='word_1_15' title='bbox 1670 345 1834 417; x_wconf 82' lang='lat' dir='ltr'><strong>ipsius</strong></span> <span class='ocrx_word' id='word_1_16' title='bbox 1850 339 2111 414; x_wconf 70' lang='lat' dir='ltr'><strong>pervenit.</strong></span> 
     </span>
    </p>
   </div>
   <div class='ocr_carea' id='block_1_3' title="bbox 539 439 2115 512">
    <p class='ocr_par' dir='ltr' id='par_1_3' title="bbox 539 439 2115 512">
     <span class='ocr_line' id='line_1_3' title="bbox 539 439 2115 512; baseline -0.003 -17"><span class='ocrx_word' id='word_1_17' title='bbox 539 453 754 512; x_wconf 76' lang='lat' dir='ltr'><strong>|ttttpler</strong></span> <span class='ocrx_word' id='word_1_18' title='bbox 777 440 902 498; x_wconf 85' lang='lat' dir='ltr'><strong>illud</strong></span> <span class='ocrx_word' id='word_1_19' title='bbox 928 439 1147 496; x_wconf 80' lang='lat' dir='ltr'><strong>verbum</strong></span> <span class='ocrx_word' id='word_1_20' title='bbox 1167 441 1308 511; x_wconf 88' lang='lat' dir='ltr'><strong>quod</strong></span> <span class='ocrx_word' id='word_1_21' title='bbox 1330 440 1408 496; x_wconf 89' lang='lat' dir='ltr'><strong>sic</strong></span> <span class='ocrx_word' id='word_1_22' title='bbox 1425 440 1628 508; x_wconf 87' lang='lat' dir='ltr'><strong>habuit,</strong></span> <span class='ocrx_word' id='word_1_23' title='bbox 1653 440 1828 498; x_wconf 77' lang='lat' dir='ltr'><strong>Porta:</strong></span> <span class='ocrx_word' id='word_1_24' title='bbox 1842 440 1992 511; x_wconf 80' lang='lat' dir='ltr'><strong>inferi</strong></span> <span class='ocrx_word' id='word_1_25' title='bbox 2015 454 2115 494; x_wconf 87' lang='lat' dir='ltr'><strong>non</strong></span> 
     </span>
    </p>
   </div>
   <div class='ocr_carea' id='block_1_4' title="bbox 535 533 2115 610">
    <p class='ocr_par' dir='ltr' id='par_1_4' title="bbox 535 533 2115 610">
     <span class='ocr_line' id='line_1_4' title="bbox 535 533 2115 610; baseline -0.001 -19"><span class='ocrx_word' id='word_1_26' title='bbox 535 537 872 610; x_wconf 68' lang='lat' dir='ltr'><strong>prmalcbunt</strong></span> <span class='ocrx_word' id='word_1_27' title='bbox 897 534 1136 588; x_wconf 74' lang='lat' dir='ltr'><strong>adversus</strong></span> <span class='ocrx_word' id='word_1_28' title='bbox 1154 552 1284 588; x_wconf 87' lang='lat' dir='ltr'><strong>eam.</strong></span> <span class='ocrx_word' id='word_1_29' title='bbox 1307 533 1424 590; x_wconf 85' lang='lat' dir='ltr'><strong>Noli</strong></span> <span class='ocrx_word' id='word_1_30' title='bbox 1445 535 1589 591; x_wconf 90' lang='lat' dir='ltr'><strong>enim</strong></span> <span class='ocrx_word' id='word_1_31' title='bbox 1612 535 1665 591; x_wconf 88' lang='lat' dir='ltr'><strong>id</strong></span> <span class='ocrx_word' id='word_1_32' title='bbox 1687 546 1950 608; x_wconf 86' lang='lat' dir='ltr'><strong>spectare,</strong></span> <span class='ocrx_word' id='word_1_33' title='bbox 1973 536 2115 607; x_wconf 90' lang='lat' dir='ltr'><strong>quod</strong></span> 
     </span>
    </p>
   </div>
   <div class='ocr_carea' id='block_1_5' title="bbox 535 625 2114 697">
    <p class='ocr_par' dir='ltr' id='par_1_5' title="bbox 535 625 2114 697">
     <span class='ocr_line' id='line_1_5' title="bbox 535 625 2114 697; baseline 0.002 -16"><span class='ocrx_word' id='word_1_34' title='bbox 535 628 754 681; x_wconf 80' lang='lat' dir='ltr'><strong>verbum</strong></span> <span class='ocrx_word' id='word_1_35' title='bbox 776 634 909 690; x_wconf 82' lang='lat' dir='ltr'><strong>erat,</strong></span> <span class='ocrx_word' id='word_1_36' title='bbox 936 625 1057 692; x_wconf 85' lang='lat' dir='ltr'><strong>sed,</strong></span> <span class='ocrx_word' id='word_1_37' title='bbox 1079 625 1218 696; x_wconf 87' lang='lat' dir='ltr'><strong>quod</strong></span> <span class='ocrx_word' id='word_1_38' title='bbox 1242 627 1457 681; x_wconf 80' lang='lat' dir='ltr'><strong>verbum</strong></span> <span class='ocrx_word' id='word_1_39' title='bbox 1482 627 1574 681; x_wconf 85' lang='lat' dir='ltr'><strong>Dei</strong></span> <span class='ocrx_word' id='word_1_40' title='bbox 1603 643 1618 681; x_wconf 90' lang='lat'><strong>:</strong></span> <span class='ocrx_word' id='word_1_41' title='bbox 1641 627 1901 697; x_wconf 77' lang='lat' dir='ltr'><strong>siquidem</strong></span> <span class='ocrx_word' id='word_1_42' title='bbox 1927 629 2114 684; x_wconf 66' lang='lat' dir='ltr'><strong>(uelum</strong></span> 
     </span>
    </p>
   </div>
   <div class='ocr_carea' id='block_1_6' title="bbox 533 714 2116 786">
    <p class='ocr_par' dir='ltr' id='par_1_6' title="bbox 533 714 2116 786">
     <span class='ocr_line' id='line_1_6' title="bbox 533 714 2116 786; baseline 0.003 -17"><span class='ocrx_word' id='word_1_43' title='bbox 533 716 699 772; x_wconf 87' lang='lat' dir='ltr'><strong>verbo</strong></span> <span class='ocrx_word' id='word_1_44' title='bbox 725 715 953 770; x_wconf 89' lang='lat' dir='ltr'><strong>firmavit</strong></span> <span class='ocrx_word' id='word_1_45' title='bbox 999 717 1137 771; x_wconf 77' lang='lat' dir='ltr'><strong>[lens</strong></span> <span class='ocrx_word' id='word_1_46' title='bbox 1164 714 1350 786; x_wconf 81' lang='lat' dir='ltr'><strong>(Psal.</strong></span> <span class='ocrx_word' id='word_1_47' title='bbox 1381 717 1470 771; x_wconf 77' lang='lat'><strong>5‘2.</strong></span> <span class='ocrx_word' id='word_1_48' title='bbox 1499 715 1607 786; x_wconf 87' lang='lat'><strong>6),</strong></span> <span class='ocrx_word' id='word_1_49' title='bbox 1633 726 1690 772; x_wconf 89' lang='lat' dir='ltr'><strong>et</strong></span> <span class='ocrx_word' id='word_1_50' title='bbox 1730 725 1922 772; x_wconf 88' lang='lat' dir='ltr'><strong>terram</strong></span> <span class='ocrx_word' id='word_1_51' title='bbox 1952 720 2116 775; x_wconf 87' lang='lat' dir='ltr'><strong>verbo</strong></span> 
     </span>
    </p>
   </div>
   <div class='ocr_carea' id='block_1_7' title="bbox 532 806 2117 878">
    <p class='ocr_par' dir='ltr' id='par_1_7' title="bbox 532 806 2117 878">
     <span class='ocr_line' id='line_1_7' title="bbox 532 806 2117 878; baseline 0.002 -17"><span class='ocrx_word' id='word_1_52' title='bbox 532 823 696 878; x_wconf 92' lang='lat' dir='ltr'><strong>super</strong></span> <span class='ocrx_word' id='word_1_53' title='bbox 718 813 882 878; x_wconf 82' lang='lat' dir='ltr'><strong>aquas</strong></span> <span class='ocrx_word' id='word_1_54' title='bbox 907 806 1142 861; x_wconf 89' lang='lat' dir='ltr'><strong>fundavit</strong></span> <span class='ocrx_word' id='word_1_55' title='bbox 1165 806 1334 878; x_wconf 84' lang='lat' dir='ltr'><strong>(-Psal.</strong></span> <span class='ocrx_word' id='word_1_56' title='bbox 1362 807 1485 862; x_wconf 77' lang='grc'><strong>105.</strong></span> <span class='ocrx_word' id='word_1_57' title='bbox 1513 807 1594 877; x_wconf 84' lang='lat'><strong>5),</strong></span> <span class='ocrx_word' id='word_1_58' title='bbox 1616 817 1669 862; x_wconf 92' lang='lat' dir='ltr'><strong>el</strong></span> <span class='ocrx_word' id='word_1_59' title='bbox 1695 807 1899 875; x_wconf 73' lang='lat' dir='ltr'><strong>effecit,</strong></span> <span class='ocrx_word' id='word_1_60' title='bbox 1925 819 1979 864; x_wconf 90' lang='lat' dir='ltr'><strong>ut</strong></span> <span class='ocrx_word' id='word_1_61' title='bbox 2001 809 2117 864; x_wconf 72' lang='lat' dir='ltr'><strong>haec</strong></span> 
     </span>
    </p>
   </div>
   <div class='ocr_carea' id='block_1_8' title="bbox 531 897 2115 971">
    <p class='ocr_par' dir='ltr' id='par_1_8' title="bbox 531 897 2115 971">
     <span class='ocr_line' id='line_1_8' title="bbox 531 897 2115 971; baseline 0.003 -20"><span class='ocrx_word' id='word_1_62' title='bbox 531 898 698 971; x_wconf 77' lang='lat' dir='ltr'><strong>densa</strong></span> <span class='ocrx_word' id='word_1_63' title='bbox 727 897 1008 970; x_wconf 74' lang='lat' dir='ltr'><strong>gravisque</strong></span> <span class='ocrx_word' id='word_1_64' title='bbox 1037 906 1226 952; x_wconf 82' lang='lat' dir='ltr'><strong>natura</strong></span> <span class='ocrx_word' id='word_1_65' title='bbox 1263 899 1332 953; x_wconf 83' lang='lat' dir='ltr'><strong>ab</strong></span> <span class='ocrx_word' id='word_1_66' title='bbox 1363 899 1451 954; x_wconf 84' lang='lat' dir='ltr'><strong>illa</strong></span> <span class='ocrx_word' id='word_1_67' title='bbox 1497 900 1598 954; x_wconf 92' lang='lat' dir='ltr'><strong>levi</strong></span> <span class='ocrx_word' id='word_1_68' title='bbox 1628 899 1874 971; x_wconf 77' lang='lat' dir='ltr'><strong>fluxoque</strong></span> <span class='ocrx_word' id='word_1_69' title='bbox 1901 911 2115 955; x_wconf 84' lang='lat' dir='ltr'><strong>susten-</strong></span> 
     </span>
    </p>
   </div>
   <div class='ocr_carea' id='block_1_9' title="bbox 535 989 2116 1062">
    <p class='ocr_par' dir='ltr' id='par_1_9' title="bbox 535 989 2116 1062">
     <span class='ocr_line' id='line_1_9' title="bbox 535 989 2116 1062; baseline 0.004 -18"><span class='ocrx_word' id='word_1_70' title='bbox 535 999 762 1055; x_wconf 89' lang='lat' dir='ltr'><strong>taretur,</strong></span> <span class='ocrx_word' id='word_1_71' title='bbox 782 999 834 1044; x_wconf 88' lang='lat' dir='ltr'><strong>et</strong></span> <span class='ocrx_word' id='word_1_72' title='bbox 855 1005 1022 1056; x_wconf 87' lang='lat' dir='ltr'><strong>mare,</strong></span> <span class='ocrx_word' id='word_1_73' title='bbox 1039 989 1190 1061; x_wconf 84' lang='lat' dir='ltr'><strong>cujus</strong></span> <span class='ocrx_word' id='word_1_74' title='bbox 1211 991 1288 1045; x_wconf 92' lang='lat' dir='ltr'><strong>vis</strong></span> <span class='ocrx_word' id='word_1_75' title='bbox 1312 991 1589 1054; x_wconf 86' lang='lat' dir='ltr'><strong>indomita.</strong></span> <span class='ocrx_word' id='word_1_76' title='bbox 1608 993 1749 1062; x_wconf 85' lang='lat' dir='ltr'><strong>quod</strong></span> <span class='ocrx_word' id='word_1_77' title='bbox 1771 1002 1847 1048; x_wconf 89' lang='lat' dir='ltr'><strong>tot</strong></span> <span class='ocrx_word' id='word_1_78' title='bbox 1867 993 2116 1052; x_wconf 78' lang='lat' dir='ltr'><strong>fluctibus</strong></span> 
     </span>
    </p>
   </div>
   <div class='ocr_carea' id='block_1_10' title="bbox 533 1082 2116 1156">
    <p class='ocr_par' dir='ltr' id='par_1_10' title="bbox 533 1082 2116 1156">
     <span class='ocr_line' id='line_1_10' title="bbox 533 1082 2116 1156; baseline 0.003 -19"><span class='ocrx_word' id='word_1_79' title='bbox 533 1098 596 1139; x_wconf 85' lang='lat' dir='ltr'><strong>ac</strong></span> <span class='ocrx_word' id='word_1_80' title='bbox 626 1082 874 1154; x_wconf 74' lang='lat' dir='ltr'><strong>procellis</strong></span> <span class='ocrx_word' id='word_1_81' title='bbox 901 1097 959 1138; x_wconf 92' lang='lat' dir='ltr'><strong>se</strong></span> <span class='ocrx_word' id='word_1_82' title='bbox 986 1084 1212 1147; x_wconf 79' lang='lat' dir='ltr'><strong>extollit,</strong></span> <span class='ocrx_word' id='word_1_83' title='bbox 1241 1084 1490 1140; x_wconf 76' lang='lat' dir='ltr'><strong>imbecilli</strong></span> <span class='ocrx_word' id='word_1_84' title='bbox 1512 1085 1654 1142; x_wconf 89' lang='lat' dir='ltr'><strong>vallo</strong></span> <span class='ocrx_word' id='word_1_85' title='bbox 1681 1102 1858 1142; x_wconf 69' lang='lat' dir='ltr'><strong>arena:</strong></span> <span class='ocrx_word' id='word_1_86' title='bbox 1884 1087 2116 1156; x_wconf 78' lang='lat' dir='ltr'><strong>undique</strong></span> 
     </span>
    </p>
   </div>
   <div class='ocr_carea' id='block_1_11' title="bbox 535 1173 2118 1247">
    <p class='ocr_par' dir='ltr' id='par_1_11' title="bbox 535 1173 2118 1247">
     <span class='ocr_line' id='line_1_11' title="bbox 535 1173 2118 1247; baseline 0.005 -23"><span class='ocrx_word' id='word_1_87' title='bbox 535 1189 630 1241; x_wconf 84' lang='lat' dir='ltr'><strong>per</strong></span> <span class='ocrx_word' id='word_1_88' title='bbox 657 1173 876 1228; x_wconf 88' lang='lat' dir='ltr'><strong>verbum</strong></span> <span class='ocrx_word' id='word_1_89' title='bbox 907 1190 1062 1229; x_wconf 89' lang='lat' dir='ltr'><strong>suum</strong></span> <span class='ocrx_word' id='word_1_90' title='bbox 1091 1175 1327 1229; x_wconf 87' lang='lat' dir='ltr'><strong>vallavit.</strong></span> <span class='ocrx_word' id='word_1_91' title='bbox 1353 1176 1492 1245; x_wconf 82' lang='lat' dir='ltr'><strong>Ergo</strong></span> <span class='ocrx_word' id='word_1_92' title='bbox 1519 1178 1607 1247; x_wconf 88' lang='lat' dir='ltr'><strong>qui</strong></span> <span class='ocrx_word' id='word_1_93' title='bbox 1633 1178 1821 1233; x_wconf 63' lang='lat' dir='ltr'><strong>caelum</strong></span> <span class='ocrx_word' id='word_1_94' title='bbox 1844 1178 2006 1232; x_wconf 90' lang='lat' dir='ltr'><strong>verbo</strong></span> <span class='ocrx_word' id='word_1_95' title='bbox 2029 1178 2118 1232; x_wconf 86' lang='lat' dir='ltr'><strong>fir-</strong></span> 
     </span>
    </p>
   </div>
   <div class='ocr_carea' id='block_1_12' title="bbox 528 1264 2112 1338">
    <p class='ocr_par' dir='ltr' id='par_1_12' title="bbox 528 1264 2112 1338">
     <span class='ocr_line' id='line_1_12' title="bbox 528 1264 2112 1338; baseline 0.003 -19"><span class='ocrx_word' id='word_1_96' title='bbox 528 1264 722 1332; x_wconf 81' lang='lat' dir='ltr'><strong>snavit,</strong></span> <span class='ocrx_word' id='word_1_97' title='bbox 755 1265 844 1334; x_wconf 90' lang='lat' dir='ltr'><strong>qui</strong></span> <span class='ocrx_word' id='word_1_98' title='bbox 876 1274 1070 1320; x_wconf 82' lang='lat' dir='ltr'><strong>terram</strong></span> <span class='ocrx_word' id='word_1_99' title='bbox 1098 1264 1359 1334; x_wconf 79' lang='lat' dir='ltr'><strong>fundavit,</strong></span> <span class='ocrx_word' id='word_1_100' title='bbox 1385 1267 1472 1338; x_wconf 86' lang='lat' dir='ltr'><strong>qui</strong></span> <span class='ocrx_word' id='word_1_101' title='bbox 1499 1283 1645 1322; x_wconf 85' lang='lat' dir='ltr'><strong>mare</strong></span> <span class='ocrx_word' id='word_1_102' title='bbox 1673 1268 2112 1334; x_wconf 80' lang='lat' dir='ltr'><strong>circumvallavit,</strong></span> 
     </span>
    </p>
   </div>
   <div class='ocr_carea' id='block_1_13' title="bbox 532 1359 2116 1433">
    <p class='ocr_par' dir='ltr' id='par_1_13' title="bbox 532 1359 2116 1433">
     <span class='ocr_line' id='line_1_13' title="bbox 532 1359 2116 1433; baseline 0.002 -19"><span class='ocrx_word' id='word_1_103' title='bbox 532 1359 660 1432; x_wconf 81' lang='lat' dir='ltr'><strong>quid</strong></span> <span class='ocrx_word' id='word_1_104' title='bbox 690 1360 900 1414; x_wconf 88' lang='lat' dir='ltr'><strong>miraris</strong></span> <span class='ocrx_word' id='word_1_105' title='bbox 924 1399 937 1422; x_wconf 91' lang='lat'><strong>,</strong></span> <span class='ocrx_word' id='word_1_106' title='bbox 967 1359 1011 1413; x_wconf 91' lang='lat' dir='ltr'><strong>si</strong></span> <span class='ocrx_word' id='word_1_107' title='bbox 1041 1360 1332 1415; x_wconf 75' lang='lat' dir='ltr'><strong>Ecclesium</strong></span> <span class='ocrx_word' id='word_1_108' title='bbox 1359 1361 1490 1415; x_wconf 71' lang='lat' dir='ltr'><strong>cado</strong></span> <span class='ocrx_word' id='word_1_109' title='bbox 1513 1402 1528 1426; x_wconf 92' lang='lat'><strong>,</strong></span> <span class='ocrx_word' id='word_1_110' title='bbox 1563 1371 1704 1416; x_wconf 89' lang='lat' dir='ltr'><strong>terra</strong></span> <span class='ocrx_word' id='word_1_111' title='bbox 1734 1362 1971 1433; x_wconf 85' lang='lat' dir='ltr'><strong>marique</strong></span> <span class='ocrx_word' id='word_1_112' title='bbox 1995 1376 2116 1433; x_wconf 88' lang='lat' dir='ltr'><strong>pre-</strong></span> 
     </span>
    </p>
   </div>
   <div class='ocr_carea' id='block_1_14' title="bbox 532 1452 1626 1509">
    <p class='ocr_par' dir='ltr' id='par_1_14' title="bbox 532 1452 1626 1509">
     <span class='ocr_line' id='line_1_14' title="bbox 532 1452 1626 1509; baseline 0.001 -2"><span class='ocrx_word' id='word_1_113' title='bbox 532 1453 806 1508; x_wconf 83' lang='lat' dir='ltr'><strong>tiosiorem</strong></span> <span class='ocrx_word' id='word_1_114' title='bbox 834 1465 1018 1507; x_wconf 85' lang='lat' dir='ltr'><strong>rursus</strong></span> <span class='ocrx_word' id='word_1_115' title='bbox 1034 1452 1145 1507; x_wconf 66' lang='lat' dir='ltr'><strong>hoc</strong></span> <span class='ocrx_word' id='word_1_116' title='bbox 1173 1455 1337 1509; x_wconf 93' lang='lat' dir='ltr'><strong>verbo</strong></span> <span class='ocrx_word' id='word_1_117' title='bbox 1365 1454 1626 1508; x_wconf 81' lang='lat' dir='ltr'><strong>munivit?</strong></span> 
     </span>
    </p>
   </div>
   <div class='ocr_carea' id='block_1_15' title="bbox 603 1543 2117 1615">
    <p class='ocr_par' dir='ltr' id='par_1_15' title="bbox 603 1543 2117 1615">
     <span class='ocr_line' id='line_1_15' title="bbox 603 1543 2117 1615; baseline 0.001 -18"><span class='ocrx_word' id='word_1_118' title='bbox 603 1543 659 1597; x_wconf 71' lang='grc'><strong>2.</strong></span> <span class='ocrx_word' id='word_1_119' title='bbox 708 1543 939 1597; x_wconf 76' lang='lat' dir='ltr'><strong>Ecclesia</strong></span> <span class='ocrx_word' id='word_1_120' title='bbox 988 1544 1239 1614; x_wconf 84' lang='lat' dir='ltr'><strong>quomodo</strong></span> <span class='ocrx_word' id='word_1_121' title='bbox 1289 1543 1527 1615; x_wconf 75' lang='lat' dir='ltr'><strong>fundata.</strong></span> <span class='ocrx_word' id='word_1_122' title='bbox 1573 1572 1644 1584; x_wconf 89' lang='lat'>—</span> <span class='ocrx_word' id='word_1_123' title='bbox 1689 1543 1914 1612; x_wconf 82' lang='lat' dir='ltr'><strong>Quando</strong></span> <span class='ocrx_word' id='word_1_124' title='bbox 1959 1543 2117 1615; x_wconf 78' lang='lat' dir='ltr'><strong>igitur</strong></span> 
     </span>
    </p>
   </div>
   <div class='ocr_carea' id='block_1_16' title="bbox 530 1634 2118 1716">
    <p class='ocr_par' dir='ltr' id='par_1_16' title="bbox 530 1634 2118 1716">
     <span class='ocr_line' id='line_1_16' title="bbox 530 1634 2118 1716; baseline 0.001 -28"><span class='ocrx_word' id='word_1_125' title='bbox 530 1635 668 1689; x_wconf 77' lang='lat' dir='ltr'><strong>adeo</strong></span> <span class='ocrx_word' id='word_1_126' title='bbox 701 1634 892 1689; x_wconf 79' lang='lat' dir='ltr'><strong>stabile</strong></span> <span class='ocrx_word' id='word_1_127' title='bbox 930 1643 1013 1689; x_wconf 85' lang='lat' dir='ltr'><strong>est</strong></span> <span class='ocrx_word' id='word_1_128' title='bbox 1039 1643 1094 1690; x_wconf 89' lang='lat' dir='ltr'><strong>et</strong></span> <span class='ocrx_word' id='word_1_129' title='bbox 1123 1635 1499 1690; x_wconf 88' lang='lat' dir='ltr'><strong>inconcussum</strong></span> <span class='ocrx_word' id='word_1_130' title='bbox 1525 1635 1808 1690; x_wconf 84' lang='lat' dir='ltr'><strong>aedificium</strong></span> <span class='ocrx_word' id='word_1_131' title='bbox 1828 1677 1844 1702; x_wconf 96' lang='lat'><strong>,</strong></span> <span class='ocrx_word' id='word_1_132' title='bbox 1874 1635 2010 1690; x_wconf 86' lang='lat' dir='ltr'><strong>adeo</strong></span> <span class='ocrx_word' id='word_1_133' title='bbox 2032 1635 2118 1716; x_wconf 81' lang='lat' dir='ltr'><strong>in-</strong></span> 
     </span>
    </p>
   </div>
   <div class='ocr_carea' id='block_1_17' title="bbox 533 1727 2114 1800">
    <p class='ocr_par' dir='ltr' id='par_1_17' title="bbox 533 1727 2114 1800">
     <span class='ocr_line' id='line_1_17' title="bbox 533 1727 2114 1800; baseline 0.002 -19"><span class='ocrx_word' id='word_1_134' title='bbox 533 1727 886 1797; x_wconf 74' lang='lat' dir='ltr'><strong>expugnabile</strong></span> <span class='ocrx_word' id='word_1_135' title='bbox 917 1727 1322 1793; x_wconf 83' lang='lat' dir='ltr'><strong>munimentum,</strong></span> <span class='ocrx_word' id='word_1_136' title='bbox 1353 1743 1455 1800; x_wconf 85' lang='lat' dir='ltr'><strong>qua</strong></span> <span class='ocrx_word' id='word_1_137' title='bbox 1485 1727 1690 1784; x_wconf 81' lang='lat' dir='ltr'><strong>ratione</strong></span> <span class='ocrx_word' id='word_1_138' title='bbox 1717 1729 1942 1799; x_wconf 84' lang='lat' dir='ltr'><strong>apostoli</strong></span> <span class='ocrx_word' id='word_1_139' title='bbox 1965 1729 2114 1799; x_wconf 86' lang='lat' dir='ltr'><strong>jece-</strong></span> 
     </span>
    </p>
   </div>
   <div class='ocr_carea' id='block_1_18' title="bbox 533 1816 2116 1889">
    <p class='ocr_par' dir='ltr' id='par_1_18' title="bbox 533 1816 2116 1889">
     <span class='ocr_line' id='line_1_18' title="bbox 533 1816 2116 1889; baseline 0.003 -19"><span class='ocrx_word' id='word_1_140' title='bbox 533 1817 640 1871; x_wconf 84' lang='lat' dir='ltr'><strong>rint</strong></span> <span class='ocrx_word' id='word_1_141' title='bbox 666 1816 1036 1886; x_wconf 87' lang='lat' dir='ltr'><strong>fundamenta,</strong></span> <span class='ocrx_word' id='word_1_142' title='bbox 1069 1817 1366 1884; x_wconf 88' lang='lat' dir='ltr'><strong>videamus,</strong></span> <span class='ocrx_word' id='word_1_143' title='bbox 1389 1833 1548 1889; x_wconf 89' lang='lat' dir='ltr'><strong>quam</strong></span> <span class='ocrx_word' id='word_1_144' title='bbox 1576 1819 1890 1889; x_wconf 87' lang='lat' dir='ltr'><strong>profundam</strong></span> <span class='ocrx_word' id='word_1_145' title='bbox 1915 1818 2116 1874; x_wconf 87' lang='lat' dir='ltr'><strong>fossam</strong></span> 
     </span>
    </p>
   </div>
   <div class='ocr_carea' id='block_1_19' title="bbox 523 1907 2116 1979">
    <p class='ocr_par' dir='ltr' id='par_1_19' title="bbox 523 1907 2116 1979">
     <span class='ocr_line' id='line_1_19' title="bbox 523 1907 2116 1979; baseline -0.004 -13"><span class='ocrx_word' id='word_1_146' title='bbox 523 1907 815 1973; x_wconf 77' lang='lat' dir='ltr'><strong>duxerint,</strong></span> <span class='ocrx_word' id='word_1_147' title='bbox 849 1919 904 1962; x_wconf 90' lang='lat' dir='ltr'><strong>ttt</strong></span> <span class='ocrx_word' id='word_1_148' title='bbox 933 1907 1305 1964; x_wconf 88' lang='lat' dir='ltr'><strong>inconcussum</strong></span> <span class='ocrx_word' id='word_1_149' title='bbox 1333 1907 1484 1964; x_wconf 89' lang='lat' dir='ltr'><strong>fieret</strong></span> <span class='ocrx_word' id='word_1_150' title='bbox 1512 1909 1814 1964; x_wconf 64' lang='lat' dir='ltr'><strong>aedificium.</strong></span> <span class='ocrx_word' id='word_1_151' title='bbox 1843 1909 1957 1964; x_wconf 87' lang='lat' dir='ltr'><strong>Non</strong></span> <span class='ocrx_word' id='word_1_152' title='bbox 1990 1926 2116 1979; x_wconf 84' lang='lat' dir='ltr'><strong>pro-</strong></span> 
     </span>
    </p>
   </div>
   <div class='ocr_carea' id='block_1_20' title="bbox 533 1999 2117 2073">
    <p class='ocr_par' dir='ltr' id='par_1_20' title="bbox 533 1999 2117 2073">
     <span class='ocr_line' id='line_1_20' title="bbox 533 1999 2117 2073; baseline 0.002 -19"><span class='ocrx_word' id='word_1_153' title='bbox 533 1999 750 2054; x_wconf 77' lang='lat' dir='ltr'><strong>fundam</strong></span> <span class='ocrx_word' id='word_1_154' title='bbox 782 1999 976 2056; x_wconf 76' lang='lat' dir='ltr'><strong>fossam</strong></span> <span class='ocrx_word' id='word_1_155' title='bbox 998 2001 1281 2066; x_wconf 81' lang='lat' dir='ltr'><strong>duxerunt,</strong></span> <span class='ocrx_word' id='word_1_156' title='bbox 1304 2017 1473 2073; x_wconf 88' lang='lat' dir='ltr'><strong>neque</strong></span> <span class='ocrx_word' id='word_1_157' title='bbox 1499 2010 1644 2058; x_wconf 88' lang='lat' dir='ltr'><strong>tanto</strong></span> <span class='ocrx_word' id='word_1_158' title='bbox 1671 2001 1852 2056; x_wconf 85' lang='lat' dir='ltr'><strong>labore</strong></span> <span class='ocrx_word' id='word_1_159' title='bbox 1878 2002 2117 2072; x_wconf 86' lang='lat' dir='ltr'><strong>indigue-</strong></span> 
     </span>
    </p>
   </div>
   <div class='ocr_carea' id='block_1_21' title="bbox 528 2092 2117 2166">
    <p class='ocr_par' dir='ltr' id='par_1_21' title="bbox 528 2092 2117 2166">
     <span class='ocr_line' id='line_1_21' title="bbox 528 2092 2117 2166; baseline 0.003 -20"><span class='ocrx_word' id='word_1_160' title='bbox 528 2101 674 2147; x_wconf 84' lang='lat' dir='ltr'><strong>runt.</strong></span> <span class='ocrx_word' id='word_1_161' title='bbox 701 2092 834 2161; x_wconf 87' lang='lat' dir='ltr'><strong>Quid</strong></span> <span class='ocrx_word' id='word_1_162' title='bbox 865 2093 973 2148; x_wconf 90' lang='lat' dir='ltr'><strong>ita?</strong></span> <span class='ocrx_word' id='word_1_163' title='bbox 999 2093 1160 2149; x_wconf 86' lang='lat' dir='ltr'><strong>Vetus</strong></span> <span class='ocrx_word' id='word_1_164' title='bbox 1181 2095 1432 2150; x_wconf 74' lang='lat' dir='ltr'><strong>invenere</strong></span> <span class='ocrx_word' id='word_1_165' title='bbox 1459 2092 1886 2162; x_wconf 81' lang='lat' dir='ltr'><strong>fundamentum,</strong></span> <span class='ocrx_word' id='word_1_166' title='bbox 1914 2095 2054 2166; x_wconf 91' lang='lat' dir='ltr'><strong>quod</strong></span> <span class='ocrx_word' id='word_1_167' title='bbox 2085 2111 2117 2150; x_wconf 91' lang='lat' dir='ltr'><strong>a</strong></span> 
     </span>
    </p>
   </div>
   <div class='ocr_carea' id='block_1_22' title="bbox 532 2183 2116 2258">
    <p class='ocr_par' dir='ltr' id='par_1_22' title="bbox 532 2183 2116 2258">
     <span class='ocr_line' id='line_1_22' title="bbox 532 2183 2116 2258; baseline 0.003 -20"><span class='ocrx_word' id='word_1_168' title='bbox 532 2183 806 2254; x_wconf 81' lang='lat' dir='ltr'><strong>prapbctis</strong></span> <span class='ocrx_word' id='word_1_169' title='bbox 830 2187 1028 2256; x_wconf 82' lang='lat' dir='ltr'><strong>jactutn</strong></span> <span class='ocrx_word' id='word_1_170' title='bbox 1053 2195 1194 2241; x_wconf 88' lang='lat' dir='ltr'><strong>erat.</strong></span> <span class='ocrx_word' id='word_1_171' title='bbox 1225 2185 1296 2243; x_wconf 87' lang='lat' dir='ltr'><strong>Ut</strong></span> <span class='ocrx_word' id='word_1_172' title='bbox 1319 2185 1477 2257; x_wconf 83' lang='lat' dir='ltr'><strong>igitur</strong></span> <span class='ocrx_word' id='word_1_173' title='bbox 1503 2185 1665 2242; x_wconf 89' lang='lat' dir='ltr'><strong>homo</strong></span> <span class='ocrx_word' id='word_1_174' title='bbox 1684 2228 1698 2253; x_wconf 93' lang='lat'><strong>,</strong></span> <span class='ocrx_word' id='word_1_175' title='bbox 1721 2188 1809 2258; x_wconf 88' lang='lat' dir='ltr'><strong>qui</strong></span> <span class='ocrx_word' id='word_1_176' title='bbox 1832 2189 2116 2242; x_wconf 81' lang='lat' dir='ltr'><strong>maximam</strong></span> 
     </span>
    </p>
   </div>
   <div class='ocr_carea' id='block_1_23' title="bbox 530 2275 2116 2350">
    <p class='ocr_par' dir='ltr' id='par_1_23' title="bbox 530 2275 2116 2350">
     <span class='ocr_line' id='line_1_23' title="bbox 530 2275 2116 2350; baseline 0.003 -21"><span class='ocrx_word' id='word_1_177' title='bbox 530 2275 747 2330; x_wconf 82' lang='lat' dir='ltr'><strong>domum</strong></span> <span class='ocrx_word' id='word_1_178' title='bbox 779 2276 1135 2333; x_wconf 79' lang='lat' dir='ltr'><strong>:cdificaturus</strong></span> <span class='ocrx_word' id='word_1_179' title='bbox 1160 2279 1263 2346; x_wconf 86' lang='lat' dir='ltr'><strong>sit,</strong></span> <span class='ocrx_word' id='word_1_180' title='bbox 1310 2288 1584 2350; x_wconf 83' lang='lat' dir='ltr'><strong>postquam</strong></span> <span class='ocrx_word' id='word_1_181' title='bbox 1615 2289 1772 2334; x_wconf 90' lang='lat' dir='ltr'><strong>vetus</strong></span> <span class='ocrx_word' id='word_1_182' title='bbox 1813 2288 1867 2335; x_wconf 92' lang='lat' dir='ltr'><strong>et</strong></span> <span class='ocrx_word' id='word_1_183' title='bbox 1908 2281 2116 2334; x_wconf 79' lang='lat' dir='ltr'><strong>firmum</strong></span> 
     </span>
    </p>
   </div>
   <div class='ocr_carea' id='block_1_24' title="bbox 531 2368 2118 2438">
    <p class='ocr_par' dir='ltr' id='par_1_24' title="bbox 531 2368 2118 2438">
     <span class='ocr_line' id='line_1_24' title="bbox 531 2368 2118 2438; baseline 0.004 -17"><span class='ocrx_word' id='word_1_184' title='bbox 531 2382 596 2422; x_wconf 90' lang='lat' dir='ltr'><strong>ac</strong></span> <span class='ocrx_word' id='word_1_185' title='bbox 619 2368 807 2424; x_wconf 86' lang='lat' dir='ltr'><strong>stabile</strong></span> <span class='ocrx_word' id='word_1_186' title='bbox 826 2369 1227 2426; x_wconf 80' lang='lat' dir='ltr'><strong>fundamentum</strong></span> <span class='ocrx_word' id='word_1_187' title='bbox 1249 2370 1490 2438; x_wconf 83' lang='lat' dir='ltr'><strong>offendit,</strong></span> <span class='ocrx_word' id='word_1_188' title='bbox 1521 2387 1626 2427; x_wconf 88' lang='lat' dir='ltr'><strong>non</strong></span> <span class='ocrx_word' id='word_1_189' title='bbox 1660 2372 1899 2427; x_wconf 85' lang='lat' dir='ltr'><strong>vectibus</strong></span> <span class='ocrx_word' id='word_1_190' title='bbox 1928 2371 2118 2427; x_wconf 89' lang='lat' dir='ltr'><strong>funda-</strong></span> 
     </span>
    </p>
   </div>
   <div class='ocr_carea' id='block_1_25' title="bbox 531 2463 2121 2533">
    <p class='ocr_par' dir='ltr' id='par_1_25' title="bbox 531 2463 2121 2533">
     <span class='ocr_line' id='line_1_25' title="bbox 531 2463 2121 2533; baseline 0.002 -18"><span class='ocrx_word' id='word_1_191' title='bbox 531 2472 710 2516; x_wconf 87' lang='lat' dir='ltr'><strong>menta</strong></span> <span class='ocrx_word' id='word_1_192' title='bbox 741 2463 1036 2531; x_wconf 87' lang='lat' dir='ltr'><strong>subvertit,</strong></span> <span class='ocrx_word' id='word_1_193' title='bbox 1065 2479 1168 2518; x_wconf 89' lang='lat' dir='ltr'><strong>non</strong></span> <span class='ocrx_word' id='word_1_194' title='bbox 1197 2464 1397 2533; x_wconf 81' lang='lat' dir='ltr'><strong>lapides</strong></span> <span class='ocrx_word' id='word_1_195' title='bbox 1425 2465 1544 2519; x_wconf 92' lang='lat' dir='ltr'><strong>loco</strong></span> <span class='ocrx_word' id='word_1_196' title='bbox 1565 2472 1776 2531; x_wconf 84' lang='lat' dir='ltr'><strong>movet,</strong></span> <span class='ocrx_word' id='word_1_197' title='bbox 1807 2465 1900 2520; x_wconf 88' lang='lat' dir='ltr'><strong>sed</strong></span> <span class='ocrx_word' id='word_1_198' title='bbox 1931 2465 2121 2519; x_wconf 89' lang='lat' dir='ltr'><strong>immo-</strong></span> 
     </span>
    </p>
   </div>
   <div class='ocr_carea' id='block_1_26' title="bbox 530 2552 2118 2624">
    <p class='ocr_par' dir='ltr' id='par_1_26' title="bbox 530 2552 2118 2624">
     <span class='ocr_line' id='line_1_26' title="bbox 530 2552 2118 2624; baseline 0.003 -19"><span class='ocrx_word' id='word_1_199' title='bbox 530 2561 648 2606; x_wconf 85' lang='lat' dir='ltr'><strong>tum</strong></span> <span class='ocrx_word' id='word_1_200' title='bbox 687 2552 868 2608; x_wconf 88' lang='lat' dir='ltr'><strong>sinens</strong></span> <span class='ocrx_word' id='word_1_201' title='bbox 889 2593 903 2617; x_wconf 91' lang='lat'><strong>,</strong></span> <span class='ocrx_word' id='word_1_202' title='bbox 944 2568 1138 2608; x_wconf 90' lang='lat' dir='ltr'><strong>novum</strong></span> <span class='ocrx_word' id='word_1_203' title='bbox 1169 2553 1450 2609; x_wconf 65' lang='lat' dir='ltr'><strong>aedificium</strong></span> <span class='ocrx_word' id='word_1_204' title='bbox 1491 2554 1713 2624; x_wconf 90' lang='lat' dir='ltr'><strong>imponit</strong></span> <span class='ocrx_word' id='word_1_205' title='bbox 1741 2571 1755 2607; x_wconf 90' lang='lat'><strong><em>:</em></strong></span> <span class='ocrx_word' id='word_1_206' title='bbox 1784 2555 1862 2610; x_wconf 87' lang='lat' dir='ltr'><strong>sic</strong></span> <span class='ocrx_word' id='word_1_207' title='bbox 1899 2563 1953 2610; x_wconf 83' lang='lat' dir='ltr'><strong>et</strong></span> <span class='ocrx_word' id='word_1_208' title='bbox 1986 2570 2118 2624; x_wconf 86' lang='lat' dir='ltr'><strong>apo-</strong></span> 
     </span>
    </p>
   </div>
   <div class='ocr_carea' id='block_1_27' title="bbox 533 2643 2115 2715">
    <p class='ocr_par' dir='ltr' id='par_1_27' title="bbox 533 2643 2115 2715">
     <span class='ocr_line' id='line_1_27' title="bbox 533 2643 2115 2715; baseline 0.001 -17"><span class='ocrx_word' id='word_1_209' title='bbox 533 2644 657 2698; x_wconf 90' lang='lat' dir='ltr'><strong>stoli</strong></span> <span class='ocrx_word' id='word_1_210' title='bbox 686 2658 807 2698; x_wconf 89' lang='lat' dir='ltr'><strong>eum</strong></span> <span class='ocrx_word' id='word_1_211' title='bbox 835 2658 1082 2715; x_wconf 86' lang='lat' dir='ltr'><strong>magnum</strong></span> <span class='ocrx_word' id='word_1_212' title='bbox 1109 2643 1247 2700; x_wconf 91' lang='lat' dir='ltr'><strong>istud</strong></span> <span class='ocrx_word' id='word_1_213' title='bbox 1269 2645 1586 2699; x_wconf 81' lang='lat' dir='ltr'><strong>exstructuri</strong></span> <span class='ocrx_word' id='word_1_214' title='bbox 1607 2654 1784 2700; x_wconf 88' lang='lat' dir='ltr'><strong>essent</strong></span> <span class='ocrx_word' id='word_1_215' title='bbox 1813 2645 2115 2712; x_wconf 75' lang='lat' dir='ltr'><strong>tudificium,</strong></span> 
     </span>
    </p>
   </div>
   <div class='ocr_carea' id='block_1_28' title="bbox 536 2737 2118 2809">
    <p class='ocr_par' dir='ltr' id='par_1_28' title="bbox 536 2737 2118 2809">
     <span class='ocr_line' id='line_1_28' title="bbox 536 2737 2118 2809; baseline -0.001 -17"><span class='ocrx_word' id='word_1_216' title='bbox 536 2737 831 2794; x_wconf 79' lang='lat' dir='ltr'><strong>Ecclesium</strong></span> <span class='ocrx_word' id='word_1_217' title='bbox 850 2779 866 2804; x_wconf 92' lang='lat'><strong>,</strong></span> <span class='ocrx_word' id='word_1_218' title='bbox 894 2753 1012 2809; x_wconf 84' lang='lat' dir='ltr'><strong>quae</strong></span> <span class='ocrx_word' id='word_1_219' title='bbox 1038 2737 1233 2808; x_wconf 92' lang='lat' dir='ltr'><strong>ubique</strong></span> <span class='ocrx_word' id='word_1_220' title='bbox 1261 2744 1522 2793; x_wconf 90' lang='lat' dir='ltr'><strong>terrarum</strong></span> <span class='ocrx_word' id='word_1_221' title='bbox 1551 2739 1801 2808; x_wconf 82' lang='lat' dir='ltr'><strong>erigitur,</strong></span> <span class='ocrx_word' id='word_1_222' title='bbox 1843 2753 1947 2791; x_wconf 88' lang='lat' dir='ltr'><strong>non</strong></span> <span class='ocrx_word' id='word_1_223' title='bbox 1991 2753 2118 2808; x_wconf 85' lang='lat' dir='ltr'><strong>pro-</strong></span> 
     </span>
    </p>
   </div>
   <div class='ocr_carea' id='block_1_29' title="bbox 535 2826 2120 2896">
    <p class='ocr_par' dir='ltr' id='par_1_29' title="bbox 535 2826 2120 2896">
     <span class='ocr_line' id='line_1_29' title="bbox 535 2826 2120 2896; baseline -0.001 -13"><span class='ocrx_word' id='word_1_224' title='bbox 535 2827 754 2884; x_wconf 78' lang='lat' dir='ltr'><strong>fundam</strong></span> <span class='ocrx_word' id='word_1_225' title='bbox 779 2826 976 2883; x_wconf 85' lang='lat' dir='ltr'><strong>fossam</strong></span> <span class='ocrx_word' id='word_1_226' title='bbox 1006 2827 1311 2896; x_wconf 74' lang='lat' dir='ltr'><strong>duxerunt,</strong></span> <span class='ocrx_word' id='word_1_227' title='bbox 1350 2827 1444 2884; x_wconf 88' lang='lat' dir='ltr'><strong>sed</strong></span> <span class='ocrx_word' id='word_1_228' title='bbox 1474 2827 1690 2883; x_wconf 88' lang='lat' dir='ltr'><strong>invento</strong></span> <span class='ocrx_word' id='word_1_229' title='bbox 1717 2829 1883 2884; x_wconf 88' lang='lat' dir='ltr'><strong>veteri</strong></span> <span class='ocrx_word' id='word_1_230' title='bbox 1930 2827 2120 2882; x_wconf 70' lang='lat' dir='ltr'><strong>funda-</strong></span> 
     </span>
    </p>
   </div>
   <div class='ocr_carea' id='block_1_30' title="bbox 532 2920 2121 2992">
    <p class='ocr_par' dir='ltr' id='par_1_30' title="bbox 532 2920 2121 2992">
     <span class='ocr_line' id='line_1_30' title="bbox 532 2920 2121 2992; baseline 0.001 -17"><span class='ocrx_word' id='word_1_231' title='bbox 532 2929 718 2977; x_wconf 84' lang='lat' dir='ltr'><strong>mento</strong></span> <span class='ocrx_word' id='word_1_232' title='bbox 744 2921 1120 2992; x_wconf 89' lang='lat' dir='ltr'><strong>prophetarum</strong></span> <span class='ocrx_word' id='word_1_233' title='bbox 1139 2962 1155 2988; x_wconf 93' lang='lat'><strong>,</strong></span> <span class='ocrx_word' id='word_1_234' title='bbox 1179 2920 1306 2978; x_wconf 81' lang='lat' dir='ltr'><strong>illud</strong></span> <span class='ocrx_word' id='word_1_235' title='bbox 1335 2921 1552 2976; x_wconf 91' lang='lat' dir='ltr'><strong>minime</strong></span> <span class='ocrx_word' id='word_1_236' title='bbox 1581 2920 1987 2988; x_wconf 88' lang='lat' dir='ltr'><strong>subvertcrnnt,</strong></span> <span class='ocrx_word' id='word_1_237' title='bbox 2021 2936 2121 2976; x_wconf 89' lang='lat' dir='ltr'><strong>nec</strong></span> 
     </span>
    </p>
   </div>
   <div class='ocr_carea' id='block_1_31' title="bbox 537 3012 2120 3070">
    <p class='ocr_par' dir='ltr' id='par_1_31' title="bbox 537 3012 2120 3070">
     <span class='ocr_line' id='line_1_31' title="bbox 537 3012 2120 3070; baseline -0.001 -2"><span class='ocrx_word' id='word_1_238' title='bbox 537 3014 816 3069; x_wconf 72' lang='lat' dir='ltr'><strong>aediﬁcium</strong></span> <span class='ocrx_word' id='word_1_239' title='bbox 845 3023 898 3070; x_wconf 89' lang='lat' dir='ltr'><strong>et</strong></span> <span class='ocrx_word' id='word_1_240' title='bbox 917 3014 1223 3070; x_wconf 85' lang='lat' dir='ltr'><strong>doctrinam</strong></span> <span class='ocrx_word' id='word_1_241' title='bbox 1258 3013 1644 3069; x_wconf 87' lang='lat' dir='ltr'><strong>immutarunt:</strong></span> <span class='ocrx_word' id='word_1_242' title='bbox 1676 3012 1771 3068; x_wconf 89' lang='lat' dir='ltr'><strong>sed</strong></span> <span class='ocrx_word' id='word_1_243' title='bbox 1810 3013 1898 3067; x_wconf 91' lang='lat' dir='ltr'><strong>illa</strong></span> <span class='ocrx_word' id='word_1_244' title='bbox 1924 3012 2120 3067; x_wconf 88' lang='lat' dir='ltr'><strong>intacta</strong></span> 
     </span>
    </p>
   </div>
   <div class='ocr_carea' id='block_1_32' title="bbox 537 3103 2122 3177">
    <p class='ocr_par' dir='ltr' id='par_1_32' title="bbox 537 3103 2122 3177">
     <span class='ocr_line' id='line_1_32' title="bbox 537 3103 2122 3177; baseline -0.001 -18"><span class='ocrx_word' id='word_1_245' title='bbox 537 3119 687 3160; x_wconf 88' lang='lat' dir='ltr'><strong>suam</strong></span> <span class='ocrx_word' id='word_1_246' title='bbox 714 3105 908 3162; x_wconf 89' lang='lat' dir='ltr'><strong>deinde</strong></span> <span class='ocrx_word' id='word_1_247' title='bbox 933 3107 1234 3177; x_wconf 87' lang='lat' dir='ltr'><strong>imposuere</strong></span> <span class='ocrx_word' id='word_1_248' title='bbox 1259 3105 1555 3161; x_wconf 87' lang='lat' dir='ltr'><strong>doctrinam</strong></span> <span class='ocrx_word' id='word_1_249' title='bbox 1579 3146 1596 3172; x_wconf 90' lang='lat'><strong>,</strong></span> <span class='ocrx_word' id='word_1_250' title='bbox 1635 3103 1774 3160; x_wconf 91' lang='lat' dir='ltr'><strong>hanc</strong></span> <span class='ocrx_word' id='word_1_251' title='bbox 1802 3103 2006 3159; x_wconf 88' lang='lat' dir='ltr'><strong>scilicet</strong></span> <span class='ocrx_word' id='word_1_252' title='bbox 2027 3119 2122 3158; x_wconf 82' lang='lat' dir='ltr'><strong>no-</strong></span> 
     </span>
    </p>
   </div>
   <div class='ocr_carea' id='block_1_33' title="bbox 540 3195 2123 3266">
    <p class='ocr_par' dir='ltr' id='par_1_33' title="bbox 540 3195 2123 3266">
     <span class='ocr_line' id='line_1_33' title="bbox 540 3195 2123 3266; baseline 0.001 -18"><span class='ocrx_word' id='word_1_253' title='bbox 540 3211 658 3251; x_wconf 89' lang='lat' dir='ltr'><strong>vam</strong></span> <span class='ocrx_word' id='word_1_254' title='bbox 685 3196 938 3252; x_wconf 72' lang='lat' dir='ltr'><strong>Ecclesia:</strong></span> <span class='ocrx_word' id='word_1_255' title='bbox 972 3196 1152 3254; x_wconf 88' lang='lat' dir='ltr'><strong>fidem.</strong></span> <span class='ocrx_word' id='word_1_256' title='bbox 1191 3199 1366 3266; x_wconf 83' lang='lat' dir='ltr'><strong>Atque</strong></span> <span class='ocrx_word' id='word_1_257' title='bbox 1409 3205 1469 3251; x_wconf 90' lang='lat' dir='ltr'><strong>ut</strong></span> <span class='ocrx_word' id='word_1_258' title='bbox 1496 3195 1757 3265; x_wconf 83' lang='lat' dir='ltr'><strong>intelligas</strong></span> <span class='ocrx_word' id='word_1_259' title='bbox 1801 3203 1953 3251; x_wconf 90' lang='lat' dir='ltr'><strong>vetus</strong></span> <span class='ocrx_word' id='word_1_260' title='bbox 2000 3195 2123 3250; x_wconf 88' lang='lat' dir='ltr'><strong>illos</strong></span> 
     </span>
    </p>
   </div>
   <div class='ocr_carea' id='block_1_34' title="bbox 525 3288 2124 3359">
    <p class='ocr_par' dir='ltr' id='par_1_34' title="bbox 525 3288 2124 3359">
     <span class='ocr_line' id='line_1_34' title="bbox 525 3288 2124 3359; baseline 0.001 -16"><span class='ocrx_word' id='word_1_261' title='bbox 525 3288 940 3359; x_wconf 75' lang='lat' dir='ltr'><strong>fundamentum</strong></span> <span class='ocrx_word' id='word_1_262' title='bbox 973 3289 1090 3345; x_wconf 91' lang='lat' dir='ltr'><strong>loco</strong></span> <span class='ocrx_word' id='word_1_263' title='bbox 1111 3304 1216 3344; x_wconf 91' lang='lat' dir='ltr'><strong>non</strong></span> <span class='ocrx_word' id='word_1_264' title='bbox 1246 3290 1478 3345; x_wconf 85' lang='lat' dir='ltr'><strong>movisse</strong></span> <span class='ocrx_word' id='word_1_265' title='bbox 1495 3331 1510 3356; x_wconf 91' lang='lat'><strong>,</strong></span> <span class='ocrx_word' id='word_1_266' title='bbox 1539 3289 1630 3346; x_wconf 89' lang='lat' dir='ltr'><strong>sed</strong></span> <span class='ocrx_word' id='word_1_267' title='bbox 1658 3304 1818 3359; x_wconf 87' lang='lat' dir='ltr'><strong>super</strong></span> <span class='ocrx_word' id='word_1_268' title='bbox 1836 3288 1966 3345; x_wconf 90' lang='lat' dir='ltr'><strong>illud</strong></span> <span class='ocrx_word' id='word_1_269' title='bbox 1994 3289 2124 3344; x_wconf 73' lang='lat' dir='ltr'><strong>tedi-</strong></span> 
     </span>
    </p>
   </div>
   <div class='ocr_carea' id='block_1_35' title="bbox 541 3380 2120 3452">
    <p class='ocr_par' dir='ltr' id='par_1_35' title="bbox 541 3380 2120 3452">
     <span class='ocr_line' id='line_1_35' title="bbox 541 3380 2120 3452; baseline 0.003 -18"><span class='ocrx_word' id='word_1_270' title='bbox 541 3382 762 3449; x_wconf 89' lang='lat' dir='ltr'><strong>licassc,</strong></span> <span class='ocrx_word' id='word_1_271' title='bbox 794 3380 1089 3451; x_wconf 88' lang='lat' dir='ltr'><strong>sapientem</strong></span> <span class='ocrx_word' id='word_1_272' title='bbox 1121 3381 1293 3451; x_wconf 88' lang='lat' dir='ltr'><strong>ipsum</strong></span> <span class='ocrx_word' id='word_1_273' title='bbox 1323 3381 1670 3438; x_wconf 86' lang='lat' dir='ltr'><strong>architectum</strong></span> <span class='ocrx_word' id='word_1_274' title='bbox 1700 3382 1918 3438; x_wconf 89' lang='lat' dir='ltr'><strong>Paulum</strong></span> <span class='ocrx_word' id='word_1_275' title='bbox 1961 3384 2120 3452; x_wconf 88' lang='lat' dir='ltr'><strong>audi,</strong></span> 
     </span>
    </p>
   </div>
   <div class='ocr_carea' id='block_1_36' title="bbox 541 3471 2120 3544">
    <p class='ocr_par' dir='ltr' id='par_1_36' title="bbox 541 3471 2120 3544">
     <span class='ocr_line' id='line_1_36' title="bbox 541 3471 2120 3544; baseline 0.005 -19"><span class='ocrx_word' id='word_1_276' title='bbox 541 3471 696 3526; x_wconf 82' lang='lat' dir='ltr'><strong>nobis</strong></span> <span class='ocrx_word' id='word_1_277' title='bbox 716 3478 959 3530; x_wconf 82' lang='lat' dir='ltr'><strong>exactam</strong></span> <span class='ocrx_word' id='word_1_278' title='bbox 987 3471 1352 3528; x_wconf 81' lang='lat' dir='ltr'><strong>acdificationis</strong></span> <span class='ocrx_word' id='word_1_279' title='bbox 1368 3473 1696 3544; x_wconf 79' lang='lat' dir='ltr'><strong>diligentiam</strong></span> <span class='ocrx_word' id='word_1_280' title='bbox 1724 3474 2120 3533; x_wconf 81' lang='lat' dir='ltr'><strong>declarantem:</strong></span> 
     </span>
    </p>
   </div>
   <div class='ocr_carea' id='block_1_37' title="bbox 525 3549 2123 3638">
    <p class='ocr_par' dir='ltr' id='par_1_37' title="bbox 525 3549 2123 3638">
     <span class='ocr_line' id='line_1_37' title="bbox 525 3549 2123 3638; baseline 0.003 -20"><span class='ocrx_word' id='word_1_281' title='bbox 525 3549 798 3634; x_wconf 22' lang='lat' dir='ltr'><strong>&#39;siquidcm</strong></span> <span class='ocrx_word' id='word_1_282' title='bbox 822 3563 934 3633; x_wconf 92' lang='lat' dir='ltr'><strong>ipse</strong></span> <span class='ocrx_word' id='word_1_283' title='bbox 953 3565 1168 3634; x_wconf 86' lang='lat' dir='ltr'><strong>sapiens</strong></span> <span class='ocrx_word' id='word_1_284' title='bbox 1190 3574 1271 3620; x_wconf 90' lang='lat' dir='ltr'><strong>est</strong></span> <span class='ocrx_word' id='word_1_285' title='bbox 1295 3564 1637 3621; x_wconf 83' lang='lat' dir='ltr'><strong>architectus.</strong></span> <span class='ocrx_word' id='word_1_286' title='bbox 1673 3566 1739 3622; x_wconf 91' lang='lat' dir='ltr'><strong>Ut</strong></span> <span class='ocrx_word' id='word_1_287' title='bbox 1763 3567 1964 3638; x_wconf 83' lang='lat' dir='ltr'><strong>sapiens</strong></span> <span class='ocrx_word' id='word_1_288' title='bbox 1981 3567 2123 3624; x_wconf 86' lang='lat' dir='ltr'><strong>enim</strong></span> 
     </span>
    </p>
   </div>
   <div class='ocr_carea' id='block_1_38' title="bbox 538 3655 2123 3734">
    <p class='ocr_par' dir='ltr' id='par_1_38' title="bbox 538 3655 2123 3734">
     <span class='ocr_line' id='line_1_38' title="bbox 538 3655 2123 3734; baseline 0.006 -27"><span class='ocrx_word' id='word_1_289' title='bbox 538 3655 858 3721; x_wconf 86' lang='lat' dir='ltr'><strong>architectus,</strong></span> <span class='ocrx_word' id='word_1_290' title='bbox 888 3655 1073 3726; x_wconf 90' lang='lat' dir='ltr'><strong>inquit,</strong></span> <span class='ocrx_word' id='word_1_291' title='bbox 1103 3658 1486 3726; x_wconf 77' lang='lat' dir='ltr'><strong>fundamentum</strong></span> <span class='ocrx_word' id='word_1_292' title='bbox 1507 3659 1653 3729; x_wconf 83' lang='lat' dir='ltr'><strong>posui</strong></span> <span class='ocrx_word' id='word_1_293' title='bbox 1682 3658 1756 3731; x_wconf 83' lang='lat' dir='ltr'><strong>(l.</strong></span> <span class='ocrx_word' id='word_1_294' title='bbox 1778 3659 1896 3714; x_wconf 84' lang='lat' dir='ltr'><strong>Cor.</strong></span> <span class='ocrx_word' id='word_1_295' title='bbox 1926 3663 1979 3716; x_wconf 80' lang='lat'><strong>5.</strong></span> <span class='ocrx_word' id='word_1_296' title='bbox 2010 3662 2123 3734; x_wconf 78' lang='grc'><strong>10).</strong></span> 
     </span>
    </p>
   </div>
   <div class='ocr_carea' id='block_1_39' title="bbox 540 3745 2124 3825">
    <p class='ocr_par' dir='ltr' id='par_1_39' title="bbox 540 3745 2124 3825">
     <span class='ocr_line' id='line_1_39' title="bbox 540 3745 2124 3825; baseline 0.006 -26"><span class='ocrx_word' id='word_1_297' title='bbox 540 3745 645 3800; x_wconf 86' lang='lat' dir='ltr'><strong>Sed</strong></span> <span class='ocrx_word' id='word_1_298' title='bbox 674 3745 979 3814; x_wconf 87' lang='lat' dir='ltr'><strong>videamus,</strong></span> <span class='ocrx_word' id='word_1_299' title='bbox 1011 3763 1116 3818; x_wconf 88' lang='lat' dir='ltr'><strong>qua</strong></span> <span class='ocrx_word' id='word_1_300' title='bbox 1158 3750 1363 3805; x_wconf 87' lang='lat' dir='ltr'><strong>ratione</strong></span> <span class='ocrx_word' id='word_1_301' title='bbox 1391 3748 1794 3808; x_wconf 88' lang='lat' dir='ltr'><strong>fundamentum</strong></span> <span class='ocrx_word' id='word_1_302' title='bbox 1826 3751 1997 3823; x_wconf 91' lang='lat' dir='ltr'><strong>ipsum</strong></span> <span class='ocrx_word' id='word_1_303' title='bbox 2026 3769 2124 3825; x_wconf 88' lang='lat' dir='ltr'><strong>po-</strong></span> 
     </span>
    </p>
   </div>
   <div class='ocr_carea' id='block_1_40' title="bbox 539 3837 2126 3916">
    <p class='ocr_par' dir='ltr' id='par_1_40' title="bbox 539 3837 2126 3916">
     <span class='ocr_line' id='line_1_40' title="bbox 539 3837 2126 3916; baseline 0.005 -24"><span class='ocrx_word' id='word_1_304' title='bbox 539 3837 728 3895; x_wconf 89' lang='lat' dir='ltr'><strong>suerit.</strong></span> <span class='ocrx_word' id='word_1_305' title='bbox 759 3839 934 3912; x_wconf 86' lang='lat' dir='ltr'><strong>Super</strong></span> <span class='ocrx_word' id='word_1_306' title='bbox 959 3840 1124 3907; x_wconf 90' lang='lat' dir='ltr'><strong>aliud,</strong></span> <span class='ocrx_word' id='word_1_307' title='bbox 1149 3841 1352 3914; x_wconf 89' lang='lat' dir='ltr'><strong>inquit,</strong></span> <span class='ocrx_word' id='word_1_308' title='bbox 1385 3843 1784 3900; x_wconf 89' lang='lat' dir='ltr'><strong>fundamentum</strong></span> <span class='ocrx_word' id='word_1_309' title='bbox 1815 3852 1968 3900; x_wconf 90' lang='lat' dir='ltr'><strong>vetus</strong></span> <span class='ocrx_word' id='word_1_310' title='bbox 1999 3862 2126 3916; x_wconf 89' lang='lat' dir='ltr'><strong>pro-</strong></span> 
     </span>
    </p>
   </div>
   <div class='ocr_carea' id='block_1_41' title="bbox 523 3921 2126 4007">
    <p class='ocr_par' dir='ltr' id='par_1_41' title="bbox 523 3921 2126 4007">
     <span class='ocr_line' id='line_1_41' title="bbox 523 3921 2126 4007; baseline 0.006 -25"><span class='ocrx_word' id='word_1_311' title='bbox 523 3930 839 4002; x_wconf 77' lang='lat' dir='ltr'><strong>phetarum.</strong></span> <span class='ocrx_word' id='word_1_312' title='bbox 871 3929 1025 3989; x_wconf 84' lang='lat' dir='ltr'><strong>Unde</strong></span> <span class='ocrx_word' id='word_1_313' title='bbox 1063 3932 1113 3986; x_wconf 91' lang='lat' dir='ltr'><strong>id</strong></span> <span class='ocrx_word' id='word_1_314' title='bbox 1145 3933 1390 3989; x_wconf 86' lang='lat' dir='ltr'><strong>constat?</strong></span> <span class='ocrx_word' id='word_1_315' title='bbox 1413 3921 1534 3988; x_wconf 85' lang='lat' dir='ltr'><strong>Jam</strong></span> <span class='ocrx_word' id='word_1_316' title='bbox 1571 3951 1672 3990; x_wconf 85' lang='lat' dir='ltr'><strong>non</strong></span> <span class='ocrx_word' id='word_1_317' title='bbox 1706 3937 1825 3990; x_wconf 87' lang='lat' dir='ltr'><strong>estis</strong></span> <span class='ocrx_word' id='word_1_318' title='bbox 1867 3937 2086 4007; x_wconf 83' lang='lat' dir='ltr'><strong>hospites</strong></span> <span class='ocrx_word' id='word_1_319' title='bbox 2109 3977 2126 4002; x_wconf 92' lang='lat'><strong>,</strong></span> 
     </span>
    </p>
   </div>
   <div class='ocr_carea' id='block_1_42' title="bbox 544 4021 2130 4098">
    <p class='ocr_par' dir='ltr' id='par_1_42' title="bbox 544 4021 2130 4098">
     <span class='ocr_line' id='line_1_42' title="bbox 544 4021 2130 4098; baseline 0.005 -25"><span class='ocrx_word' id='word_1_320' title='bbox 544 4021 712 4090; x_wconf 89' lang='lat' dir='ltr'><strong>inquit</strong></span> <span class='ocrx_word' id='word_1_321' title='bbox 731 4063 746 4087; x_wconf 92' lang='lat'><strong>,</strong></span> <span class='ocrx_word' id='word_1_322' title='bbox 777 4022 867 4076; x_wconf 86' lang='lat' dir='ltr'><strong>sed</strong></span> <span class='ocrx_word' id='word_1_323' title='bbox 899 4025 1026 4076; x_wconf 79' lang='lat' dir='ltr'><strong>cit-es</strong></span> <span class='ocrx_word' id='word_1_324' title='bbox 1055 4033 1344 4078; x_wconf 85' lang='lat' dir='ltr'><strong>sanctorum</strong></span> <span class='ocrx_word' id='word_1_325' title='bbox 1363 4064 1378 4090; x_wconf 93' lang='lat'><strong>,</strong></span> <span class='ocrx_word' id='word_1_326' title='bbox 1412 4027 1804 4094; x_wconf 74' lang='lat' dir='ltr'><strong>supertediﬁcati</strong></span> <span class='ocrx_word' id='word_1_327' title='bbox 1832 4042 1984 4098; x_wconf 85' lang='lat' dir='ltr'><strong>super</strong></span> <span class='ocrx_word' id='word_1_328' title='bbox 2009 4032 2130 4098; x_wconf 83' lang='lat' dir='ltr'><strong>fun-</strong></span> 
     </span>
    </p>
   </div>
   <div class='ocr_carea' id='block_1_43' title="bbox 543 4111 2125 4190">
    <p class='ocr_par' dir='ltr' id='par_1_43' title="bbox 543 4111 2125 4190">
     <span class='ocr_line' id='line_1_43' title="bbox 543 4111 2125 4190; baseline 0.008 -28"><span class='ocrx_word' id='word_1_329' title='bbox 543 4111 834 4163; x_wconf 75' lang='lat' dir='ltr'><strong>damentum</strong></span> <span class='ocrx_word' id='word_1_330' title='bbox 877 4111 1220 4180; x_wconf 83' lang='lat' dir='ltr'><strong>apostolorum</strong></span> <span class='ocrx_word' id='word_1_331' title='bbox 1256 4123 1304 4168; x_wconf 89' lang='lat' dir='ltr'><strong>et</strong></span> <span class='ocrx_word' id='word_1_332' title='bbox 1347 4115 1704 4184; x_wconf 81' lang='lat' dir='ltr'><strong>praphetarum</strong></span> <span class='ocrx_word' id='word_1_333' title='bbox 1748 4115 1910 4190; x_wconf 81' lang='lat' dir='ltr'><strong>(Epit.</strong></span> <span class='ocrx_word' id='word_1_334' title='bbox 1951 4117 2005 4172; x_wconf 73' lang='lat'><strong>2.</strong></span> <span class='ocrx_word' id='word_1_335' title='bbox 2041 4120 2125 4175; x_wconf 75' lang='lat'><strong>19.</strong></span> 
     </span>
    </p>
   </div>
   <div class='ocr_carea' id='block_1_44' title="bbox 517 4189 2127 4276">
    <p class='ocr_par' dir='ltr' id='par_1_44' title="bbox 517 4189 2127 4276">
     <span class='ocr_line' id='line_1_44' title="bbox 517 4189 2127 4276; baseline 0.008 -23"><span class='ocrx_word' id='word_1_336' title='bbox 517 4189 662 4273; x_wconf 22' lang='lat'><strong>‘20).</strong></span> <span class='ocrx_word' id='word_1_337' title='bbox 701 4199 860 4256; x_wconf 81' lang='lat' dir='ltr'><strong>Vides</strong></span> <span class='ocrx_word' id='word_1_338' title='bbox 891 4201 1290 4259; x_wconf 87' lang='lat' dir='ltr'><strong>fundamentum</strong></span> <span class='ocrx_word' id='word_1_339' title='bbox 1315 4245 1330 4270; x_wconf 93' lang='lat'><strong>,</strong></span> <span class='ocrx_word' id='word_1_340' title='bbox 1358 4213 1411 4260; x_wconf 90' lang='lat' dir='ltr'><strong>et</strong></span> <span class='ocrx_word' id='word_1_341' title='bbox 1438 4205 1837 4263; x_wconf 80' lang='lat' dir='ltr'><strong>fundamentum</strong></span> <span class='ocrx_word' id='word_1_342' title='bbox 1859 4251 1876 4276; x_wconf 95' lang='lat'><strong>,</strong></span> <span class='ocrx_word' id='word_1_343' title='bbox 1902 4209 2127 4266; x_wconf 88' lang='lat' dir='ltr'><strong>alterum</strong></span> 
     </span>
    </p>
   </div>
   <div class='ocr_carea' id='block_1_45' title="bbox 545 4293 2128 4373">
    <p class='ocr_par' dir='ltr' id='par_1_45' title="bbox 545 4293 2128 4373">
     <span class='ocr_line' id='line_1_45' title="bbox 545 4293 2128 4373; baseline 0.008 -27"><span class='ocrx_word' id='word_1_344' title='bbox 545 4293 946 4364; x_wconf 82' lang='lat' dir='ltr'><strong>prophetarum,</strong></span> <span class='ocrx_word' id='word_1_345' title='bbox 971 4295 1194 4354; x_wconf 88' lang='lat' dir='ltr'><strong>alterum</strong></span> <span class='ocrx_word' id='word_1_346' title='bbox 1211 4299 1598 4368; x_wconf 87' lang='lat' dir='ltr'><strong>apostolorum,</strong></span> <span class='ocrx_word' id='word_1_347' title='bbox 1630 4298 1773 4372; x_wconf 87' lang='lat' dir='ltr'><strong>quod</strong></span> <span class='ocrx_word' id='word_1_348' title='bbox 1799 4315 1956 4372; x_wconf 87' lang='lat' dir='ltr'><strong>supra</strong></span> <span class='ocrx_word' id='word_1_349' title='bbox 1984 4305 2128 4373; x_wconf 86' lang='lat' dir='ltr'><strong>posi-</strong></span> 
     </span>
    </p>
   </div>
   <div class='ocr_carea' id='block_1_46' title="bbox 545 4385 2132 4464">
    <p class='ocr_par' dir='ltr' id='par_1_46' title="bbox 545 4385 2132 4464">
     <span class='ocr_line' id='line_1_46' title="bbox 545 4385 2132 4464; baseline 0.008 -27"><span class='ocrx_word' id='word_1_350' title='bbox 545 4395 658 4440; x_wconf 86' lang='lat' dir='ltr'><strong>tum</strong></span> <span class='ocrx_word' id='word_1_351' title='bbox 686 4394 790 4441; x_wconf 89' lang='lat' dir='ltr'><strong>est.</strong></span> <span class='ocrx_word' id='word_1_352' title='bbox 821 4385 888 4442; x_wconf 87' lang='lat' dir='ltr'><strong>Et</strong></span> <span class='ocrx_word' id='word_1_353' title='bbox 913 4386 1055 4458; x_wconf 88' lang='lat' dir='ltr'><strong>quod</strong></span> <span class='ocrx_word' id='word_1_354' title='bbox 1085 4401 1213 4444; x_wconf 87' lang='lat' dir='ltr'><strong>sane</strong></span> <span class='ocrx_word' id='word_1_355' title='bbox 1250 4389 1445 4446; x_wconf 91' lang='lat' dir='ltr'><strong>mirum</strong></span> <span class='ocrx_word' id='word_1_356' title='bbox 1483 4400 1599 4458; x_wconf 89' lang='lat' dir='ltr'><strong>est,</strong></span> <span class='ocrx_word' id='word_1_357' title='bbox 1641 4407 1748 4448; x_wconf 89' lang='lat' dir='ltr'><strong>non</strong></span> <span class='ocrx_word' id='word_1_358' title='bbox 1792 4394 1970 4448; x_wconf 87' lang='lat' dir='ltr'><strong>statim</strong></span> <span class='ocrx_word' id='word_1_359' title='bbox 2013 4404 2132 4464; x_wconf 90' lang='lat' dir='ltr'><strong>post</strong></span> 
     </span>
    </p>
   </div>
   <div class='ocr_carea' id='block_1_47' title="bbox 548 4477 2128 4553">
    <p class='ocr_par' dir='ltr' id='par_1_47' title="bbox 548 4477 2128 4553">
     <span class='ocr_line' id='line_1_47' title="bbox 548 4477 2128 4553; baseline 0.005 -20"><span class='ocrx_word' id='word_1_360' title='bbox 548 4477 834 4550; x_wconf 80' lang='lat' dir='ltr'><strong>prophetas</strong></span> <span class='ocrx_word' id='word_1_361' title='bbox 881 4488 1143 4537; x_wconf 87' lang='lat' dir='ltr'><strong>venerunt</strong></span> <span class='ocrx_word' id='word_1_362' title='bbox 1189 4483 1452 4553; x_wconf 91' lang='lat' dir='ltr'><strong>apostoli,</strong></span> <span class='ocrx_word' id='word_1_363' title='bbox 1509 4483 1603 4540; x_wconf 90' lang='lat' dir='ltr'><strong>sed</strong></span> <span class='ocrx_word' id='word_1_364' title='bbox 1655 4485 1878 4540; x_wconf 90' lang='lat' dir='ltr'><strong>multum</strong></span> <span class='ocrx_word' id='word_1_365' title='bbox 1926 4485 2128 4543; x_wconf 89' lang='lat' dir='ltr'><strong>interea</strong></span> 
     </span>
    </p>
   </div>
   <div class='ocr_carea' id='block_1_48' title="bbox 548 4573 2131 4648">
    <p class='ocr_par' dir='ltr' id='par_1_48' title="bbox 548 4573 2131 4648">
     <span class='ocr_line' id='line_1_48' title="bbox 548 4573 2131 4648; baseline 0.004 -22"><span class='ocrx_word' id='word_1_366' title='bbox 548 4583 757 4644; x_wconf 81' lang='lat' dir='ltr'><strong>tempus</strong></span> <span class='ocrx_word' id='word_1_367' title='bbox 781 4573 1018 4643; x_wconf 86' lang='lat' dir='ltr'><strong>elapsum</strong></span> <span class='ocrx_word' id='word_1_368' title='bbox 1040 4582 1142 4630; x_wconf 90' lang='lat' dir='ltr'><strong>est.</strong></span> <span class='ocrx_word' id='word_1_369' title='bbox 1161 4573 1298 4643; x_wconf 87' lang='lat' dir='ltr'><strong>Quid</strong></span> <span class='ocrx_word' id='word_1_370' title='bbox 1330 4575 1441 4630; x_wconf 84' lang='lat' dir='ltr'><strong>ita?</strong></span> <span class='ocrx_word' id='word_1_371' title='bbox 1461 4575 1612 4644; x_wconf 93' lang='lat' dir='ltr'><strong>Quod</strong></span> <span class='ocrx_word' id='word_1_372' title='bbox 1633 4577 1702 4630; x_wconf 89' lang='lat' dir='ltr'><strong>ita</strong></span> <span class='ocrx_word' id='word_1_373' title='bbox 1730 4577 1924 4632; x_wconf 85' lang='lat' dir='ltr'><strong>faciant</strong></span> <span class='ocrx_word' id='word_1_374' title='bbox 1943 4578 2131 4648; x_wconf 91' lang='lat' dir='ltr'><strong>optimi</strong></span> 
     </span>
    </p>
   </div>
   <div class='ocr_carea' id='block_1_49' title="bbox 547 4665 2129 4736">
    <p class='ocr_par' dir='ltr' id='par_1_49' title="bbox 547 4665 2129 4736">
     <span class='ocr_line' id='line_1_49' title="bbox 547 4665 2129 4736; baseline 0.004 -19"><span class='ocrx_word' id='word_1_375' title='bbox 547 4665 742 4734; x_wconf 88' lang='lat' dir='ltr'><strong>quique</strong></span> <span class='ocrx_word' id='word_1_376' title='bbox 779 4665 1098 4720; x_wconf 88' lang='lat' dir='ltr'><strong>architecti:</strong></span> <span class='ocrx_word' id='word_1_377' title='bbox 1131 4666 1218 4722; x_wconf 91' lang='lat' dir='ltr'><strong>ubi</strong></span> <span class='ocrx_word' id='word_1_378' title='bbox 1259 4666 1487 4736; x_wconf 88' lang='lat' dir='ltr'><strong>jecerint</strong></span> <span class='ocrx_word' id='word_1_379' title='bbox 1536 4665 1973 4736; x_wconf 89' lang='lat' dir='ltr'><strong>fundamentum,</strong></span> <span class='ocrx_word' id='word_1_380' title='bbox 2024 4683 2129 4723; x_wconf 88' lang='lat' dir='ltr'><strong>non</strong></span> 
     </span>
    </p>
   </div>
   <div class='ocr_carea' id='block_1_50' title="bbox 547 4757 2128 4831">
    <p class='ocr_par' dir='ltr' id='par_1_50' title="bbox 547 4757 2128 4831">
     <span class='ocr_line' id='line_1_50' title="bbox 547 4757 2128 4831; baseline 0.003 -20"><span class='ocrx_word' id='word_1_381' title='bbox 547 4757 827 4814; x_wconf 87' lang='lat' dir='ltr'><strong>confestim</strong></span> <span class='ocrx_word' id='word_1_382' title='bbox 857 4759 1139 4814; x_wconf 67' lang='lat' dir='ltr'><strong>aedilicium</strong></span> <span class='ocrx_word' id='word_1_383' title='bbox 1190 4764 1667 4831; x_wconf 89' lang='lat' dir='ltr'><strong>supcrimponunt,</strong></span> <span class='ocrx_word' id='word_1_384' title='bbox 1715 4776 1782 4817; x_wconf 91' lang='lat' dir='ltr'><strong>ne</strong></span> <span class='ocrx_word' id='word_1_385' title='bbox 1822 4760 1957 4816; x_wconf 91' lang='lat' dir='ltr'><strong>forte</strong></span> <span class='ocrx_word' id='word_1_386' title='bbox 2003 4761 2128 4817; x_wconf 91' lang='lat' dir='ltr'><strong>dum</strong></span> 
     </span>
    </p>
   </div>
   <div class='ocr_carea' id='block_1_51' title="bbox 548 4853 2134 4925">
    <p class='ocr_par' dir='ltr' id='par_1_51' title="bbox 548 4853 2134 4925">
     <span class='ocr_line' id='line_1_51' title="bbox 548 4853 2134 4925; baseline 0.002 -18"><span class='ocrx_word' id='word_1_387' title='bbox 548 4853 724 4909; x_wconf 85' lang='lat' dir='ltr'><strong>mollis</strong></span> <span class='ocrx_word' id='word_1_388' title='bbox 749 4869 813 4910; x_wconf 89' lang='lat' dir='ltr'><strong>ac</strong></span> <span class='ocrx_word' id='word_1_389' title='bbox 839 4867 1026 4910; x_wconf 87' lang='lat' dir='ltr'><strong>recens</strong></span> <span class='ocrx_word' id='word_1_390' title='bbox 1047 4865 1127 4909; x_wconf 89' lang='lat' dir='ltr'><strong>est</strong></span> <span class='ocrx_word' id='word_1_391' title='bbox 1156 4853 1486 4911; x_wconf 87' lang='lat' dir='ltr'><strong>fundamenti</strong></span> <span class='ocrx_word' id='word_1_392' title='bbox 1517 4865 1782 4911; x_wconf 89' lang='lat' dir='ltr'><strong>structura</strong></span> <span class='ocrx_word' id='word_1_393' title='bbox 1800 4895 1814 4920; x_wconf 92' lang='lat'><strong>,</strong></span> <span class='ocrx_word' id='word_1_394' title='bbox 1843 4870 2004 4924; x_wconf 86' lang='lat' dir='ltr'><strong>grave</strong></span> <span class='ocrx_word' id='word_1_395' title='bbox 2040 4870 2134 4925; x_wconf 89' lang='lat' dir='ltr'><strong>pa-</strong></span> 
     </span>
    </p>
   </div>
   <div class='ocr_carea' id='block_1_52' title="bbox 548 4945 2131 5018">
    <p class='ocr_par' dir='ltr' id='par_1_52' title="bbox 548 4945 2131 5018">
     <span class='ocr_line' id='line_1_52' title="bbox 548 4945 2131 5018; baseline 0.002 -18"><span class='ocrx_word' id='word_1_396' title='bbox 548 4947 742 5001; x_wconf 88' lang='lat' dir='ltr'><strong>rictum</strong></span> <span class='ocrx_word' id='word_1_397' title='bbox 782 4945 990 5015; x_wconf 89' lang='lat' dir='ltr'><strong>pondus</strong></span> <span class='ocrx_word' id='word_1_398' title='bbox 1024 4946 1244 5004; x_wconf 87' lang='lat' dir='ltr'><strong>minime</strong></span> <span class='ocrx_word' id='word_1_399' title='bbox 1280 4946 1421 5004; x_wconf 88' lang='lat' dir='ltr'><strong>ferre</strong></span> <span class='ocrx_word' id='word_1_400' title='bbox 1458 4947 1646 5018; x_wconf 91' lang='lat' dir='ltr'><strong>possit.</strong></span> <span class='ocrx_word' id='word_1_401' title='bbox 1680 4947 1966 5017; x_wconf 85' lang='lat' dir='ltr'><strong>Propterea</strong></span> <span class='ocrx_word' id='word_1_402' title='bbox 2008 4961 2131 5004; x_wconf 92' lang='lat' dir='ltr'><strong>cum</strong></span> 
     </span>
    </p>
   </div>
   <div class='ocr_carea' id='block_1_53' title="bbox 550 5037 2131 5108">
    <p class='ocr_par' dir='ltr' id='par_1_53' title="bbox 550 5037 2131 5108">
     <span class='ocr_line' id='line_1_53' title="bbox 550 5037 2131 5108; baseline 0.001 -18"><span class='ocrx_word' id='word_1_403' title='bbox 550 5037 707 5108; x_wconf 85' lang='lat' dir='ltr'><strong>longo</strong></span> <span class='ocrx_word' id='word_1_404' title='bbox 749 5046 986 5108; x_wconf 90' lang='lat' dir='ltr'><strong>tempore</strong></span> <span class='ocrx_word' id='word_1_405' title='bbox 1039 5039 1236 5093; x_wconf 90' lang='lat' dir='ltr'><strong>firmari</strong></span> <span class='ocrx_word' id='word_1_406' title='bbox 1292 5038 1494 5108; x_wconf 88' lang='lat' dir='ltr'><strong>lapides</strong></span> <span class='ocrx_word' id='word_1_407' title='bbox 1536 5039 1789 5106; x_wconf 86' lang='lat' dir='ltr'><strong>siverint,</strong></span> <span class='ocrx_word' id='word_1_408' title='bbox 1844 5039 1931 5094; x_wconf 92' lang='lat' dir='ltr'><strong>ubi</strong></span> <span class='ocrx_word' id='word_1_409' title='bbox 1984 5047 2131 5094; x_wconf 87' lang='lat' dir='ltr'><strong>recte</strong></span> 
     </span>
    </p>
   </div>
   <div class='ocr_carea' id='block_1_54' title="bbox 549 5129 2131 5200">
    <p class='ocr_par' dir='ltr' id='par_1_54' title="bbox 549 5129 2131 5200">
     <span class='ocr_line' id='line_1_54' title="bbox 549 5129 2131 5200; baseline 0.002 -18"><span class='ocrx_word' id='word_1_410' title='bbox 549 5137 946 5199; x_wconf 80' lang='lat' dir='ltr'><strong>coagmentatos</strong></span> <span class='ocrx_word' id='word_1_411' title='bbox 990 5129 1108 5186; x_wconf 90' lang='lat' dir='ltr'><strong>illos</strong></span> <span class='ocrx_word' id='word_1_412' title='bbox 1151 5129 1382 5186; x_wconf 85' lang='lat' dir='ltr'><strong>viderint</strong></span> <span class='ocrx_word' id='word_1_413' title='bbox 1426 5138 1483 5186; x_wconf 91' lang='lat' dir='ltr'><strong>et</strong></span> <span class='ocrx_word' id='word_1_414' title='bbox 1527 5139 1868 5200; x_wconf 89' lang='lat' dir='ltr'><strong>compactos,</strong></span> <span class='ocrx_word' id='word_1_415' title='bbox 1923 5139 2048 5184; x_wconf 89' lang='lat' dir='ltr'><strong>tunc</strong></span> <span class='ocrx_word' id='word_1_416' title='bbox 2077 5139 2131 5185; x_wconf 92' lang='lat' dir='ltr'><strong>ct</strong></span> 
     </span>
    </p>
   </div>
   <div class='ocr_carea' id='block_1_55' title="bbox 551 5218 2129 5292">
    <p class='ocr_par' dir='ltr' id='par_1_55' title="bbox 551 5218 2129 5292">
     <span class='ocr_line' id='line_1_55' title="bbox 551 5218 2129 5292; baseline 0.003 -20"><span class='ocrx_word' id='word_1_417' title='bbox 551 5221 809 5290; x_wconf 84' lang='lat' dir='ltr'><strong>parietum</strong></span> <span class='ocrx_word' id='word_1_418' title='bbox 840 5220 1030 5276; x_wconf 90' lang='lat' dir='ltr'><strong>molem</strong></span> <span class='ocrx_word' id='word_1_419' title='bbox 1059 5221 1354 5291; x_wconf 90' lang='lat' dir='ltr'><strong>imponunt.</strong></span> <span class='ocrx_word' id='word_1_420' title='bbox 1387 5221 1463 5276; x_wconf 84' lang='lat' dir='ltr'><strong>Ita</strong></span> <span class='ocrx_word' id='word_1_421' title='bbox 1491 5235 1700 5292; x_wconf 89' lang='lat' dir='ltr'><strong>quoque</strong></span> <span class='ocrx_word' id='word_1_422' title='bbox 1719 5220 1844 5276; x_wconf 89' lang='lat' dir='ltr'><strong>fecit</strong></span> <span class='ocrx_word' id='word_1_423' title='bbox 1867 5218 2129 5290; x_wconf 88' lang='lat' dir='ltr'><strong>Christus,</strong></span> 
     </span>
    </p>
   </div>
   <div class='ocr_carea' id='block_1_56' title="bbox 549 5313 2133 5386">
    <p class='ocr_par' dir='ltr' id='par_1_56' title="bbox 549 5313 2133 5386">
     <span class='ocr_line' id='line_1_56' title="bbox 549 5313 2133 5386; baseline 0.001 -19"><span class='ocrx_word' id='word_1_424' title='bbox 549 5329 669 5368; x_wconf 85' lang='lat' dir='ltr'><strong>cum</strong></span> <span class='ocrx_word' id='word_1_425' title='bbox 701 5313 1078 5386; x_wconf 87' lang='lat' dir='ltr'><strong>pr0pbetarum</strong></span> <span class='ocrx_word' id='word_1_426' title='bbox 1104 5314 1506 5370; x_wconf 83' lang='lat' dir='ltr'><strong>fundamentum</strong></span> <span class='ocrx_word' id='word_1_427' title='bbox 1544 5314 1595 5368; x_wconf 92' lang='lat' dir='ltr'><strong>in</strong></span> <span class='ocrx_word' id='word_1_428' title='bbox 1618 5313 1916 5368; x_wconf 89' lang='lat' dir='ltr'><strong>auditorum</strong></span> <span class='ocrx_word' id='word_1_429' title='bbox 1939 5315 2133 5369; x_wconf 89' lang='lat' dir='ltr'><strong>menti-</strong></span> 
     </span>
    </p>
   </div>
   <div class='ocr_carea' id='block_1_57' title="bbox 551 5405 2132 5478">
    <p class='ocr_par' dir='ltr' id='par_1_57' title="bbox 551 5405 2132 5478">
     <span class='ocr_line' id='line_1_57' title="bbox 551 5405 2132 5478; baseline 0.003 -19"><span class='ocrx_word' id='word_1_430' title='bbox 551 5407 648 5461; x_wconf 90' lang='lat' dir='ltr'><strong>bus</strong></span> <span class='ocrx_word' id='word_1_431' title='bbox 673 5405 852 5478; x_wconf 86' lang='lat' dir='ltr'><strong>deftgi,</strong></span> <span class='ocrx_word' id='word_1_432' title='bbox 880 5421 942 5460; x_wconf 88' lang='lat' dir='ltr'><strong>ac</strong></span> <span class='ocrx_word' id='word_1_433' title='bbox 972 5408 1174 5463; x_wconf 79' lang='lat' dir='ltr'><strong>firmam</strong></span> <span class='ocrx_word' id='word_1_434' title='bbox 1193 5407 1307 5461; x_wconf 88' lang='lat' dir='ltr'><strong>fieri</strong></span> <span class='ocrx_word' id='word_1_435' title='bbox 1333 5405 1632 5461; x_wconf 89' lang='lat' dir='ltr'><strong>doctrinam</strong></span> <span class='ocrx_word' id='word_1_436' title='bbox 1659 5405 1890 5472; x_wconf 90' lang='lat' dir='ltr'><strong>sivisset,</strong></span> <span class='ocrx_word' id='word_1_437' title='bbox 1918 5406 2132 5477; x_wconf 91' lang='lat' dir='ltr'><strong>quando</strong></span> 
     </span>
    </p>
   </div>
   <div class='ocr_carea' id='block_1_58' title="bbox 551 5496 2132 5570">
    <p class='ocr_par' dir='ltr' id='par_1_58' title="bbox 551 5496 2132 5570">
     <span class='ocr_line' id='line_1_58' title="bbox 551 5496 2132 5570; baseline 0.003 -19"><span class='ocrx_word' id='word_1_438' title='bbox 551 5499 823 5554; x_wconf 87' lang='lat' dir='ltr'><strong>immobile</strong></span> <span class='ocrx_word' id='word_1_439' title='bbox 849 5499 975 5554; x_wconf 88' lang='lat' dir='ltr'><strong>vidit</strong></span> <span class='ocrx_word' id='word_1_440' title='bbox 1001 5515 1062 5554; x_wconf 90' lang='lat' dir='ltr'><strong>ac</strong></span> <span class='ocrx_word' id='word_1_441' title='bbox 1089 5499 1278 5557; x_wconf 85' lang='lat' dir='ltr'><strong>stabile</strong></span> <span class='ocrx_word' id='word_1_442' title='bbox 1305 5496 1588 5554; x_wconf 66' lang='lat' dir='ltr'><strong>aedilicium</strong></span> <span class='ocrx_word' id='word_1_443' title='bbox 1614 5512 1754 5564; x_wconf 77' lang='lat' dir='ltr'><strong>esse,</strong></span> <span class='ocrx_word' id='word_1_444' title='bbox 1796 5497 2008 5570; x_wconf 86' lang='lat' dir='ltr'><strong>quando</strong></span> <span class='ocrx_word' id='word_1_445' title='bbox 2031 5499 2132 5555; x_wconf 40' lang='lat' dir='ltr'><strong>des</strong></span> 
     </span>
    </p>
   </div>
   <div class='ocr_carea' id='block_1_59' title="bbox 553 5591 2133 5665">
    <p class='ocr_par' dir='ltr' id='par_1_59' title="bbox 553 5591 2133 5665">
     <span class='ocr_line' id='line_1_59' title="bbox 553 5591 2133 5665; baseline 0.001 -21"><span class='ocrx_word' id='word_1_446' title='bbox 553 5593 652 5646; x_wconf 83' lang='lat' dir='ltr'><strong>fixa</strong></span> <span class='ocrx_word' id='word_1_447' title='bbox 680 5591 928 5664; x_wconf 79' lang='lat' dir='ltr'><strong>dogmata</strong></span> <span class='ocrx_word' id='word_1_448' title='bbox 957 5609 1128 5659; x_wconf 75' lang='lat' dir='ltr'><strong>sat-ra,</strong></span> <span class='ocrx_word' id='word_1_449' title='bbox 1156 5594 1235 5650; x_wconf 92' lang='lat' dir='ltr'><strong>sic</strong></span> <span class='ocrx_word' id='word_1_450' title='bbox 1262 5601 1318 5648; x_wconf 92' lang='lat' dir='ltr'><strong>ut</strong></span> <span class='ocrx_word' id='word_1_451' title='bbox 1346 5601 1565 5665; x_wconf 84' lang='lat' dir='ltr'><strong>possent</strong></span> <span class='ocrx_word' id='word_1_452' title='bbox 1587 5606 1779 5648; x_wconf 91' lang='lat' dir='ltr'><strong>novam</strong></span> <span class='ocrx_word' id='word_1_453' title='bbox 1811 5593 1970 5648; x_wconf 86' lang='lat' dir='ltr'><strong>etiam</strong></span> <span class='ocrx_word' id='word_1_454' title='bbox 1996 5591 2133 5646; x_wconf 90' lang='lat' dir='ltr'><strong>hanc</strong></span> 
     </span>
    </p>
   </div>
   <div class='ocr_carea' id='block_1_60' title="bbox 553 5684 2133 5760">
    <p class='ocr_par' dir='ltr' id='par_1_60' title="bbox 553 5684 2133 5760">
     <span class='ocr_line' id='line_1_60' title="bbox 553 5684 2133 5760; baseline 0.001 -22"><span class='ocrx_word' id='word_1_455' title='bbox 553 5688 940 5760; x_wconf 77' lang='lat' dir='ltr'><strong>philosophiam</strong></span> <span class='ocrx_word' id='word_1_456' title='bbox 969 5687 1129 5754; x_wconf 85' lang='lat' dir='ltr'><strong>ferre,</strong></span> <span class='ocrx_word' id='word_1_457' title='bbox 1175 5697 1298 5743; x_wconf 88' lang='lat' dir='ltr'><strong>tunc</strong></span> <span class='ocrx_word' id='word_1_458' title='bbox 1331 5685 1601 5758; x_wconf 89' lang='lat' dir='ltr'><strong>apostolos</strong></span> <span class='ocrx_word' id='word_1_459' title='bbox 1640 5684 1801 5754; x_wconf 80' lang='lat' dir='ltr'><strong>misit,</strong></span> <span class='ocrx_word' id='word_1_460' title='bbox 1847 5684 1934 5758; x_wconf 87' lang='lat' dir='ltr'><strong>qui</strong></span> <span class='ocrx_word' id='word_1_461' title='bbox 1975 5699 2133 5755; x_wconf 87' lang='lat' dir='ltr'><strong>supra</strong></span> 
     </span>
    </p>
   </div>
   <div class='ocr_carea' id='block_1_61' title="bbox 2227 337 3812 431">
    <p class='ocr_par' dir='ltr' id='par_1_61' title="bbox 2227 337 3812 431">
     <span class='ocr_line' id='line_1_61' title="bbox 2227 337 3812 431; baseline 0.019 -38"><span class='ocrx_word' id='word_1_462' title='bbox 2227 337 2626 399; x_wconf 83' lang='lat' dir='ltr'><strong>fundamentum</strong></span> <span class='ocrx_word' id='word_1_463' title='bbox 2660 349 3037 419; x_wconf 85' lang='lat' dir='ltr'><strong>prophetarum</strong></span> <span class='ocrx_word' id='word_1_464' title='bbox 3060 353 3312 414; x_wconf 67' lang='lat' dir='ltr'><strong>Ecclesia:</strong></span> <span class='ocrx_word' id='word_1_465' title='bbox 3339 361 3570 431; x_wconf 81' lang='lat' dir='ltr'><strong>parietes</strong></span> <span class='ocrx_word' id='word_1_466' title='bbox 3608 372 3812 422; x_wconf 70' lang='lat' dir='ltr'><strong>ext-im-</strong></span> 
     </span>
    </p>
   </div>
   <div class='ocr_carea' id='block_1_62' title="bbox 2226 435 3812 524">
    <p class='ocr_par' dir='ltr' id='par_1_62' title="bbox 2226 435 3812 524">
     <span class='ocr_line' id='line_1_62' title="bbox 2226 435 3812 524; baseline 0.022 -39"><span class='ocrx_word' id='word_1_467' title='bbox 2226 443 2364 488; x_wconf 88' lang='lat' dir='ltr'><strong>rent.</strong></span> <span class='ocrx_word' id='word_1_468' title='bbox 2402 435 2603 493; x_wconf 90' lang='lat' dir='ltr'><strong>Idcirco</strong></span> <span class='ocrx_word' id='word_1_469' title='bbox 2629 457 2734 495; x_wconf 90' lang='lat' dir='ltr'><strong>non</strong></span> <span class='ocrx_word' id='word_1_470' title='bbox 2769 444 2922 512; x_wconf 80' lang='lat' dir='ltr'><strong>dixit,</strong></span> <span class='ocrx_word' id='word_1_471' title='bbox 2953 447 3196 504; x_wconf 80' lang='lat' dir='ltr'><strong>aedificati</strong></span> <span class='ocrx_word' id='word_1_472' title='bbox 3223 467 3384 524; x_wconf 87' lang='lat' dir='ltr'><strong>super</strong></span> <span class='ocrx_word' id='word_1_473' title='bbox 3407 455 3812 520; x_wconf 56' lang='lat' dir='ltr'><strong>fundamentum</strong></span> 
     </span>
    </p>
   </div>
   <div class='ocr_carea' id='block_1_63' title="bbox 2229 527 3812 616">
    <p class='ocr_par' dir='ltr' id='par_1_63' title="bbox 2229 527 3812 616">
     <span class='ocr_line' id='line_1_63' title="bbox 2229 527 3812 616; baseline 0.019 -38"><span class='ocrx_word' id='word_1_474' title='bbox 2229 527 2626 597; x_wconf 60' lang='lat' dir='ltr'><strong>prolihetarnm,</strong></span> <span class='ocrx_word' id='word_1_475' title='bbox 2659 534 2751 588; x_wconf 92' lang='lat' dir='ltr'><strong>sed</strong></span> <span class='ocrx_word' id='word_1_476' title='bbox 2782 535 3210 609; x_wconf 68' lang='lat' dir='ltr'><strong>Supera’diﬁcati,</strong></span> <span class='ocrx_word' id='word_1_477' title='bbox 3242 560 3403 616; x_wconf 87' lang='lat' dir='ltr'><strong>supra</strong></span> <span class='ocrx_word' id='word_1_478' title='bbox 3432 550 3637 607; x_wconf 87' lang='lat' dir='ltr'><strong>scilicet</strong></span> <span class='ocrx_word' id='word_1_479' title='bbox 3671 556 3775 608; x_wconf 72' lang='lat' dir='ltr'><strong>nuli</strong></span> <span class='ocrx_word' id='word_1_480' title='bbox 3795 579 3812 590; x_wconf 86' lang='lat'><strong>-</strong></span> 
     </span>
    </p>
   </div>
   <div class='ocr_carea' id='block_1_64' title="bbox 2225 618 3681 704">
    <p class='ocr_par' dir='ltr' id='par_1_64' title="bbox 2225 618 3681 704">
     <span class='ocr_line' id='line_1_64' title="bbox 2225 618 3681 704; baseline 0.02 -34"><span class='ocrx_word' id='word_1_481' title='bbox 2225 618 2387 672; x_wconf 86' lang='lat' dir='ltr'><strong>licati.</strong></span> <span class='ocrx_word' id='word_1_482' title='bbox 2421 621 2526 675; x_wconf 92' lang='lat' dir='ltr'><strong>Sed</strong></span> <span class='ocrx_word' id='word_1_483' title='bbox 2550 639 2657 694; x_wconf 88' lang='lat' dir='ltr'><strong>quo</strong></span> <span class='ocrx_word' id='word_1_484' title='bbox 2687 637 2838 694; x_wconf 89' lang='lat' dir='ltr'><strong>pacto</strong></span> <span class='ocrx_word' id='word_1_485' title='bbox 2867 628 3061 687; x_wconf 91' lang='lat' dir='ltr'><strong>fuerint</strong></span> <span class='ocrx_word' id='word_1_486' title='bbox 3086 636 3355 704; x_wconf 75' lang='lat' dir='ltr'><strong>tedilicati,</strong></span> <span class='ocrx_word' id='word_1_487' title='bbox 3386 641 3681 698; x_wconf 83' lang='lat' dir='ltr'><strong>videamus.</strong></span> 
     </span>
    </p>
   </div>
   <div class='ocr_carea' id='block_1_65' title="bbox 2294 710 3812 804">
    <p class='ocr_par' dir='ltr' id='par_1_65' title="bbox 2294 710 3812 804">
     <span class='ocr_line' id='line_1_65' title="bbox 2294 710 3812 804; baseline 0.018 -40"><span class='ocrx_word' id='word_1_488' title='bbox 2294 710 2609 782; x_wconf 74' lang='lat' dir='ltr'><strong>Explanatio</strong></span> <span class='ocrx_word' id='word_1_489' title='bbox 2655 719 2790 773; x_wconf 82' lang='lat' dir='ltr'><strong>tituli</strong></span> <span class='ocrx_word' id='word_1_490' title='bbox 2825 721 2938 776; x_wconf 78' lang='lat' dir='ltr'><strong>Act.</strong></span> <span class='ocrx_word' id='word_1_491' title='bbox 2982 720 3188 795; x_wconf 78' lang='lat' dir='ltr'><strong>Apost.,°</strong></span> <span class='ocrx_word' id='word_1_492' title='bbox 3222 729 3512 797; x_wconf 69' lang='lat' dir='ltr'><strong>(li/ferentia</strong></span> <span class='ocrx_word' id='word_1_493' title='bbox 3543 751 3655 804; x_wconf 68' lang='lat' dir='ltr'><strong>que</strong></span> <span class='ocrx_word' id='word_1_494' title='bbox 3680 736 3812 790; x_wconf 68' lang='lat' dir='ltr'><strong>inter</strong></span> 
     </span>
    </p>
   </div>
   <div class='ocr_carea' id='block_1_66' title="bbox 2223 805 3812 885">
    <p class='ocr_par' dir='ltr' id='par_1_66' title="bbox 2223 805 3812 885">
     <span class='ocr_line' id='line_1_66' title="bbox 2223 805 3812 885; baseline 0.017 -30"><span class='ocrx_word' id='word_1_495' title='bbox 2223 805 2468 860; x_wconf 85' lang='lat' dir='ltr'><strong>actionem</strong></span> <span class='ocrx_word' id='word_1_496' title='bbox 2483 816 2529 860; x_wconf 88' lang='lat' dir='ltr'><strong>et</strong></span> <span class='ocrx_word' id='word_1_497' title='bbox 2550 809 2847 865; x_wconf 85' lang='lat' dir='ltr'><strong>miraculum</strong></span> <span class='ocrx_word' id='word_1_498' title='bbox 2859 829 2880 877; x_wconf 82' lang='lat'><strong>,&#39;</strong></span> <span class='ocrx_word' id='word_1_499' title='bbox 2891 814 3050 868; x_wconf 85' lang='lat' dir='ltr'><strong>altera</strong></span> <span class='ocrx_word' id='word_1_500' title='bbox 3063 817 3349 885; x_wconf 69' lang='lat' dir='ltr'><strong>cli/Ieremia</strong></span> <span class='ocrx_word' id='word_1_501' title='bbox 3365 822 3493 877; x_wconf 84' lang='lat' dir='ltr'><strong>inter</strong></span> <span class='ocrx_word' id='word_1_502' title='bbox 3508 825 3812 882; x_wconf 77' lang='lat' dir='ltr'><strong>miraculum</strong></span> 
     </span>
    </p>
   </div>
   <div class='ocr_carea' id='block_1_67' title="bbox 2222 898 3810 984">
    <p class='ocr_par' dir='ltr' id='par_1_67' title="bbox 2222 898 3810 984">
     <span class='ocr_line' id='line_1_67' title="bbox 2222 898 3810 984; baseline 0.016 -37"><span class='ocrx_word' id='word_1_503' title='bbox 2222 904 2268 948; x_wconf 84' lang='lat' dir='ltr'><strong>et</strong></span> <span class='ocrx_word' id='word_1_504' title='bbox 2297 905 2483 951; x_wconf 88' lang='lat' dir='ltr'><strong>actum.</strong></span> <span class='ocrx_word' id='word_1_505' title='bbox 2500 929 2570 939; x_wconf 97' lang='lat'><strong><em>—</em></strong></span> <span class='ocrx_word' id='word_1_506' title='bbox 2584 898 2736 956; x_wconf 87' lang='lat' dir='ltr'><strong>Unde</strong></span> <span class='ocrx_word' id='word_1_507' title='bbox 2761 918 2886 958; x_wconf 89' lang='lat' dir='ltr'><strong>vero</strong></span> <span class='ocrx_word' id='word_1_508' title='bbox 2912 905 2961 959; x_wconf 91' lang='lat' dir='ltr'><strong>id</strong></span> <span class='ocrx_word' id='word_1_509' title='bbox 2979 913 3398 977; x_wconf 81' lang='lat' dir='ltr'><strong>cognoscemus?</strong></span> <span class='ocrx_word' id='word_1_510' title='bbox 3414 903 3587 977; x_wconf 79' lang='lat' dir='ltr'><strong>Unde,</strong></span> <span class='ocrx_word' id='word_1_511' title='bbox 3603 932 3810 984; x_wconf 54' lang='lat' dir='ltr'><strong>quasso,</strong></span> 
     </span>
    </p>
   </div>
   <div class='ocr_carea' id='block_1_68' title="bbox 2222 985 3813 1074">
    <p class='ocr_par' dir='ltr' id='par_1_68' title="bbox 2222 985 3813 1074">
     <span class='ocr_line' id='line_1_68' title="bbox 2222 985 3813 1074; baseline 0.015 -36"><span class='ocrx_word' id='word_1_512' title='bbox 2222 985 2453 1051; x_wconf 87' lang='lat' dir='ltr'><strong>aliunde,</strong></span> <span class='ocrx_word' id='word_1_513' title='bbox 2474 1004 2630 1060; x_wconf 87' lang='lat' dir='ltr'><strong>quam</strong></span> <span class='ocrx_word' id='word_1_514' title='bbox 2651 1007 2713 1045; x_wconf 87' lang='lat' dir='ltr'><strong>ex</strong></span> <span class='ocrx_word' id='word_1_515' title='bbox 2728 992 2980 1049; x_wconf 88' lang='lat' dir='ltr'><strong>Actorum</strong></span> <span class='ocrx_word' id='word_1_516' title='bbox 3003 996 3164 1064; x_wconf 91' lang='lat' dir='ltr'><strong>libro,</strong></span> <span class='ocrx_word' id='word_1_517' title='bbox 3179 997 3247 1054; x_wconf 92' lang='lat' dir='ltr'><strong>de</strong></span> <span class='ocrx_word' id='word_1_518' title='bbox 3260 1016 3365 1068; x_wconf 87' lang='lat' dir='ltr'><strong>quo</strong></span> <span class='ocrx_word' id='word_1_519' title='bbox 3377 1011 3430 1058; x_wconf 90' lang='lat' dir='ltr'><strong>et</strong></span> <span class='ocrx_word' id='word_1_520' title='bbox 3445 1005 3813 1074; x_wconf 79' lang='lat' dir='ltr'><strong>superioribus</strong></span> 
     </span>
    </p>
   </div>
   <div class='ocr_carea' id='block_1_69' title="bbox 2221 1077 3816 1162">
    <p class='ocr_par' dir='ltr' id='par_1_69' title="bbox 2221 1077 3816 1162">
     <span class='ocr_line' id='line_1_69' title="bbox 2221 1077 3816 1162; baseline 0.013 -29"><span class='ocrx_word' id='word_1_521' title='bbox 2221 1077 2411 1134; x_wconf 89' lang='lat' dir='ltr'><strong>diebus</strong></span> <span class='ocrx_word' id='word_1_522' title='bbox 2426 1080 2810 1138; x_wconf 76' lang='lat' dir='ltr'><strong>disseruimus?</strong></span> <span class='ocrx_word' id='word_1_523' title='bbox 2827 1085 3074 1144; x_wconf 88' lang='lat' dir='ltr'><strong>Fortasse</strong></span> <span class='ocrx_word' id='word_1_524' title='bbox 3091 1107 3318 1162; x_wconf 86' lang='lat' dir='ltr'><strong>namque</strong></span> <span class='ocrx_word' id='word_1_525' title='bbox 3329 1093 3564 1151; x_wconf 88' lang='lat' dir='ltr'><strong>debitum</strong></span> <span class='ocrx_word' id='word_1_526' title='bbox 3583 1099 3704 1155; x_wconf 84' lang='lat' dir='ltr'><strong>inde</strong></span> <span class='ocrx_word' id='word_1_527' title='bbox 3713 1115 3816 1154; x_wconf 83' lang='lat' dir='ltr'><strong>vo-</strong></span> 
     </span>
    </p>
   </div>
   <div class='ocr_carea' id='block_1_70' title="bbox 2223 1169 3801 1252">
    <p class='ocr_par' dir='ltr' id='par_1_70' title="bbox 2223 1169 3801 1252">
     <span class='ocr_line' id='line_1_70' title="bbox 2223 1169 3801 1252; baseline 0.016 -29"><span class='ocrx_word' id='word_1_528' title='bbox 2223 1169 2305 1225; x_wconf 89' lang='lat' dir='ltr'><strong>bis</strong></span> <span class='ocrx_word' id='word_1_529' title='bbox 2331 1173 2578 1242; x_wconf 79' lang='lat' dir='ltr'><strong>cxignum</strong></span> <span class='ocrx_word' id='word_1_530' title='bbox 2609 1175 2821 1245; x_wconf 88' lang='lat' dir='ltr'><strong>aliquod</strong></span> <span class='ocrx_word' id='word_1_531' title='bbox 2848 1178 3126 1245; x_wconf 88' lang='lat' dir='ltr'><strong>debemus,</strong></span> <span class='ocrx_word' id='word_1_532' title='bbox 3149 1184 3291 1252; x_wconf 92' lang='lat' dir='ltr'><strong>quod</strong></span> <span class='ocrx_word' id='word_1_533' title='bbox 3320 1184 3582 1245; x_wconf 86' lang='lat' dir='ltr'><strong>hodierno</strong></span> <span class='ocrx_word' id='word_1_534' title='bbox 3601 1189 3693 1246; x_wconf 86' lang='lat' dir='ltr'><strong>die</strong></span> <span class='ocrx_word' id='word_1_535' title='bbox 3710 1206 3801 1248; x_wconf 83' lang='lat' dir='ltr'><strong>ne-</strong></span> 
     </span>
    </p>
   </div>
   <div class='ocr_carea' id='block_1_71' title="bbox 2223 1267 3810 1346">
    <p class='ocr_par' dir='ltr' id='par_1_71' title="bbox 2223 1267 3810 1346">
     <span class='ocr_line' id='line_1_71' title="bbox 2223 1267 3810 1346; baseline 0.014 -30"><span class='ocrx_word' id='word_1_536' title='bbox 2223 1277 2373 1318; x_wconf 87' lang='lat' dir='ltr'><strong>cesse</strong></span> <span class='ocrx_word' id='word_1_537' title='bbox 2399 1275 2482 1318; x_wconf 89' lang='lat' dir='ltr'><strong>est</strong></span> <span class='ocrx_word' id='word_1_538' title='bbox 2513 1267 2900 1335; x_wconf 86' lang='lat' dir='ltr'><strong>persolvamus.</strong></span> <span class='ocrx_word' id='word_1_539' title='bbox 2935 1270 3212 1338; x_wconf 86' lang='lat' dir='ltr'><strong>Quodnam</strong></span> <span class='ocrx_word' id='word_1_540' title='bbox 3244 1275 3404 1346; x_wconf 80' lang='lat' dir='ltr'><strong>igitur</strong></span> <span class='ocrx_word' id='word_1_541' title='bbox 3429 1279 3558 1334; x_wconf 85' lang='lat' dir='ltr'><strong>illud</strong></span> <span class='ocrx_word' id='word_1_542' title='bbox 3588 1291 3671 1336; x_wconf 87' lang='lat' dir='ltr'><strong>est</strong></span> <span class='ocrx_word' id='word_1_543' title='bbox 3701 1282 3810 1338; x_wconf 78' lang='lat' dir='ltr'><strong>de-</strong></span> 
     </span>
    </p>
   </div>
   <div class='ocr_carea' id='block_1_72' title="bbox 2223 1353 3809 1438">
    <p class='ocr_par' dir='ltr' id='par_1_72' title="bbox 2223 1353 3809 1438">
     <span class='ocr_line' id='line_1_72' title="bbox 2223 1353 3809 1438; baseline 0.015 -32"><span class='ocrx_word' id='word_1_544' title='bbox 2223 1353 2432 1408; x_wconf 86' lang='lat' dir='ltr'><strong>bitum?</strong></span> <span class='ocrx_word' id='word_1_545' title='bbox 2477 1356 2652 1426; x_wconf 85' lang='lat' dir='ltr'><strong>Ipsum</strong></span> <span class='ocrx_word' id='word_1_546' title='bbox 2695 1359 2902 1416; x_wconf 88' lang='lat' dir='ltr'><strong>titulum</strong></span> <span class='ocrx_word' id='word_1_547' title='bbox 2945 1363 3065 1418; x_wconf 91' lang='lat' dir='ltr'><strong>libri</strong></span> <span class='ocrx_word' id='word_1_548' title='bbox 3109 1365 3444 1438; x_wconf 87' lang='lat' dir='ltr'><strong>interpretari</strong></span> <span class='ocrx_word' id='word_1_549' title='bbox 3474 1371 3809 1430; x_wconf 75' lang='lat' dir='ltr'><strong>studeatuus.</strong></span> 
     </span>
    </p>
   </div>
   <div class='ocr_carea' id='block_1_73' title="bbox 2222 1442 3812 1529">
    <p class='ocr_par' dir='ltr' id='par_1_73' title="bbox 2222 1442 3812 1529">
     <span class='ocr_line' id='line_1_73' title="bbox 2222 1442 3812 1529; baseline 0.014 -33"><span class='ocrx_word' id='word_1_550' title='bbox 2222 1442 2338 1498; x_wconf 86' lang='lat' dir='ltr'><strong>Non</strong></span> <span class='ocrx_word' id='word_1_551' title='bbox 2368 1445 2509 1500; x_wconf 91' lang='lat' dir='ltr'><strong>enim</strong></span> <span class='ocrx_word' id='word_1_552' title='bbox 2536 1447 2703 1503; x_wconf 89' lang='lat' dir='ltr'><strong>facilis</strong></span> <span class='ocrx_word' id='word_1_553' title='bbox 2729 1458 2810 1504; x_wconf 90' lang='lat' dir='ltr'><strong>est</strong></span> <span class='ocrx_word' id='word_1_554' title='bbox 2829 1460 3136 1524; x_wconf 86' lang='lat' dir='ltr'><strong>etapertus,</strong></span> <span class='ocrx_word' id='word_1_555' title='bbox 3150 1454 3289 1514; x_wconf 90' lang='lat' dir='ltr'><strong>sicut</strong></span> <span class='ocrx_word' id='word_1_556' title='bbox 3302 1457 3518 1529; x_wconf 88' lang='lat' dir='ltr'><strong>plurimi</strong></span> <span class='ocrx_word' id='word_1_557' title='bbox 3540 1461 3812 1517; x_wconf 79' lang='lat' dir='ltr'><strong>arbitran-</strong></span> 
     </span>
    </p>
   </div>
   <div class='ocr_carea' id='block_1_74' title="bbox 2221 1535 3812 1622">
    <p class='ocr_par' dir='ltr' id='par_1_74' title="bbox 2221 1535 3812 1622">
     <span class='ocr_line' id='line_1_74' title="bbox 2221 1535 3812 1622; baseline 0.013 -35"><span class='ocrx_word' id='word_1_558' title='bbox 2221 1543 2328 1599; x_wconf 88' lang='lat' dir='ltr'><strong>tur,</strong></span> <span class='ocrx_word' id='word_1_559' title='bbox 2360 1535 2453 1590; x_wconf 89' lang='lat' dir='ltr'><strong>scd</strong></span> <span class='ocrx_word' id='word_1_560' title='bbox 2493 1535 2837 1606; x_wconf 86' lang='lat' dir='ltr'><strong>inquisitione</strong></span> <span class='ocrx_word' id='word_1_561' title='bbox 2872 1543 3038 1598; x_wconf 84' lang='lat' dir='ltr'><strong>multa</strong></span> <span class='ocrx_word' id='word_1_562' title='bbox 3082 1545 3302 1617; x_wconf 86' lang='lat' dir='ltr'><strong>indiget.</strong></span> <span class='ocrx_word' id='word_1_563' title='bbox 3345 1548 3601 1618; x_wconf 86' lang='lat' dir='ltr'><strong>Quisnam</strong></span> <span class='ocrx_word' id='word_1_564' title='bbox 3649 1552 3812 1622; x_wconf 75' lang='lat' dir='ltr'><strong>igitur</strong></span> 
     </span>
    </p>
   </div>
   <div class='ocr_carea' id='block_1_75' title="bbox 2222 1627 3810 1707">
    <p class='ocr_par' dir='ltr' id='par_1_75' title="bbox 2222 1627 3810 1707">
     <span class='ocr_line' id='line_1_75' title="bbox 2222 1627 3810 1707; baseline 0.014 -28"><span class='ocrx_word' id='word_1_565' title='bbox 2222 1634 2306 1680; x_wconf 91' lang='lat' dir='ltr'><strong>est</strong></span> <span class='ocrx_word' id='word_1_566' title='bbox 2348 1627 2468 1683; x_wconf 88' lang='lat' dir='ltr'><strong>libri</strong></span> <span class='ocrx_word' id='word_1_567' title='bbox 2512 1629 2730 1686; x_wconf 86' lang='lat' dir='ltr'><strong>titulus?</strong></span> <span class='ocrx_word' id='word_1_568' title='bbox 2755 1634 2882 1686; x_wconf 82' lang='lat' dir='ltr'><strong>Acta</strong></span> <span class='ocrx_word' id='word_1_569' title='bbox 2923 1635 3306 1707; x_wconf 80' lang='lat' dir='ltr'><strong>Apostolorum.</strong></span> <span class='ocrx_word' id='word_1_570' title='bbox 3346 1640 3536 1698; x_wconf 82' lang='lat' dir='ltr'><strong>Nonne</strong></span> <span class='ocrx_word' id='word_1_571' title='bbox 3579 1643 3810 1701; x_wconf 78' lang='lat' dir='ltr'><strong>dilucida</strong></span> 
     </span>
    </p>
   </div>
   <div class='ocr_carea' id='block_1_76' title="bbox 2220 1721 3809 1805">
    <p class='ocr_par' dir='ltr' id='par_1_76' title="bbox 2220 1721 3809 1805">
     <span class='ocr_line' id='line_1_76' title="bbox 2220 1721 3809 1805; baseline 0.012 -32"><span class='ocrx_word' id='word_1_572' title='bbox 2220 1734 2310 1775; x_wconf 89' lang='lat' dir='ltr'><strong>res</strong></span> <span class='ocrx_word' id='word_1_573' title='bbox 2339 1721 2550 1776; x_wconf 87' lang='lat' dir='ltr'><strong>videtur</strong></span> <span class='ocrx_word' id='word_1_574' title='bbox 2575 1737 2714 1790; x_wconf 84' lang='lat' dir='ltr'><strong>esse,</strong></span> <span class='ocrx_word' id='word_1_575' title='bbox 2744 1740 2920 1782; x_wconf 93' lang='lat' dir='ltr'><strong>nonne</strong></span> <span class='ocrx_word' id='word_1_576' title='bbox 2964 1727 3107 1785; x_wconf 88' lang='lat' dir='ltr'><strong>clara</strong></span> <span class='ocrx_word' id='word_1_577' title='bbox 3134 1731 3405 1800; x_wconf 89' lang='lat' dir='ltr'><strong>omnibus,</strong></span> <span class='ocrx_word' id='word_1_578' title='bbox 3443 1743 3604 1805; x_wconf 84' lang='lat' dir='ltr'><strong>atque</strong></span> <span class='ocrx_word' id='word_1_579' title='bbox 3627 1737 3809 1792; x_wconf 81' lang='lat' dir='ltr'><strong>mani-</strong></span> 
     </span>
    </p>
   </div>
   <div class='ocr_carea' id='block_1_77' title="bbox 2222 1808 3804 1896">
    <p class='ocr_par' dir='ltr' id='par_1_77' title="bbox 2222 1808 3804 1896">
     <span class='ocr_line' id='line_1_77' title="bbox 2222 1808 3804 1896; baseline 0.014 -33"><span class='ocrx_word' id='word_1_580' title='bbox 2222 1808 2395 1865; x_wconf 77' lang='lat' dir='ltr'><strong>chta?</strong></span> <span class='ocrx_word' id='word_1_581' title='bbox 2420 1811 2526 1868; x_wconf 89' lang='lat' dir='ltr'><strong>Sed</strong></span> <span class='ocrx_word' id='word_1_582' title='bbox 2551 1814 2595 1868; x_wconf 92' lang='lat' dir='ltr'><strong>si</strong></span> <span class='ocrx_word' id='word_1_583' title='bbox 2624 1815 2797 1872; x_wconf 87' lang='lat' dir='ltr'><strong>velitis</strong></span> <span class='ocrx_word' id='word_1_584' title='bbox 2824 1820 3034 1890; x_wconf 88' lang='lat' dir='ltr'><strong>assequi</strong></span> <span class='ocrx_word' id='word_1_585' title='bbox 3067 1836 3127 1877; x_wconf 90' lang='lat' dir='ltr'><strong>ea</strong></span> <span class='ocrx_word' id='word_1_586' title='bbox 3157 1837 3278 1893; x_wconf 62' lang='lat' dir='ltr'><strong>qua</strong></span> <span class='ocrx_word' id='word_1_587' title='bbox 3301 1823 3571 1893; x_wconf 84' lang='lat' dir='ltr'><strong>dicuntur,</strong></span> <span class='ocrx_word' id='word_1_588' title='bbox 3603 1837 3804 1896; x_wconf 74' lang='lat' dir='ltr'><strong>quanta</strong></span> 
     </span>
    </p>
   </div>
   <div class='ocr_carea' id='block_1_78' title="bbox 2219 1902 3809 1979">
    <p class='ocr_par' dir='ltr' id='par_1_78' title="bbox 2219 1902 3809 1979">
     <span class='ocr_line' id='line_1_78' title="bbox 2219 1902 3809 1979; baseline 0.012 -24"><span class='ocrx_word' id='word_1_589' title='bbox 2219 1902 2358 1956; x_wconf 87' lang='lat' dir='ltr'><strong>tituli</strong></span> <span class='ocrx_word' id='word_1_590' title='bbox 2394 1903 2550 1971; x_wconf 89' lang='lat' dir='ltr'><strong>hujus</strong></span> <span class='ocrx_word' id='word_1_591' title='bbox 2575 1905 2910 1976; x_wconf 89' lang='lat' dir='ltr'><strong>profunditas</strong></span> <span class='ocrx_word' id='word_1_592' title='bbox 2957 1911 3048 1979; x_wconf 89' lang='lat' dir='ltr'><strong>sit,</strong></span> <span class='ocrx_word' id='word_1_593' title='bbox 3092 1913 3356 1969; x_wconf 88' lang='lat' dir='ltr'><strong>videbitis.</strong></span> <span class='ocrx_word' id='word_1_594' title='bbox 3389 1912 3500 1970; x_wconf 88' lang='lat' dir='ltr'><strong>Cur</strong></span> <span class='ocrx_word' id='word_1_595' title='bbox 3521 1917 3663 1972; x_wconf 82' lang='lat' dir='ltr'><strong>enim</strong></span> <span class='ocrx_word' id='word_1_596' title='bbox 3703 1933 3809 1974; x_wconf 82' lang='lat' dir='ltr'><strong>non</strong></span> 
     </span>
    </p>
   </div>
   <div class='ocr_carea' id='block_1_79' title="bbox 2221 1991 3809 2078">
    <p class='ocr_par' dir='ltr' id='par_1_79' title="bbox 2221 1991 3809 2078">
     <span class='ocr_line' id='line_1_79' title="bbox 2221 1991 3809 2078; baseline 0.01 -32"><span class='ocrx_word' id='word_1_597' title='bbox 2221 1991 2376 2061; x_wconf 80' lang='lat' dir='ltr'><strong>dixit,</strong></span> <span class='ocrx_word' id='word_1_598' title='bbox 2409 1994 2659 2052; x_wconf 86' lang='lat' dir='ltr'><strong>Miracula</strong></span> <span class='ocrx_word' id='word_1_599' title='bbox 2693 1999 3109 2069; x_wconf 85' lang='lat' dir='ltr'><strong>Apostolorum?</strong></span> <span class='ocrx_word' id='word_1_600' title='bbox 3132 2018 3228 2059; x_wconf 90' lang='lat' dir='ltr'><strong>cur</strong></span> <span class='ocrx_word' id='word_1_601' title='bbox 3257 2020 3362 2060; x_wconf 92' lang='lat' dir='ltr'><strong>non</strong></span> <span class='ocrx_word' id='word_1_602' title='bbox 3398 2006 3684 2078; x_wconf 85' lang='lat' dir='ltr'><strong>inscripsit,</strong></span> <span class='ocrx_word' id='word_1_603' title='bbox 3710 2008 3809 2064; x_wconf 76' lang='lat' dir='ltr'><strong>Si—</strong></span> 
     </span>
    </p>
   </div>
   <div class='ocr_carea' id='block_1_80' title="bbox 2220 2086 3806 2169">
    <p class='ocr_par' dir='ltr' id='par_1_80' title="bbox 2220 2086 3806 2169">
     <span class='ocr_line' id='line_1_80' title="bbox 2220 2086 3806 2169; baseline 0.011 -32"><span class='ocrx_word' id='word_1_604' title='bbox 2220 2097 2323 2152; x_wconf 86' lang='lat' dir='ltr'><strong>gna</strong></span> <span class='ocrx_word' id='word_1_605' title='bbox 2353 2086 2753 2155; x_wconf 75' lang='lat' dir='ltr'><strong>Apostolorum,</strong></span> <span class='ocrx_word' id='word_1_606' title='bbox 2781 2099 2873 2146; x_wconf 91' lang='lat' dir='ltr'><strong>aut</strong></span> <span class='ocrx_word' id='word_1_607' title='bbox 2901 2091 3139 2149; x_wconf 76' lang='lat' dir='ltr'><strong>Virtutes</strong></span> <span class='ocrx_word' id='word_1_608' title='bbox 3163 2111 3227 2150; x_wconf 89' lang='lat' dir='ltr'><strong>ac</strong></span> <span class='ocrx_word' id='word_1_609' title='bbox 3253 2096 3489 2168; x_wconf 89' lang='lat' dir='ltr'><strong>prodig-ia</strong></span> <span class='ocrx_word' id='word_1_610' title='bbox 3518 2099 3806 2169; x_wconf 84' lang='lat' dir='ltr'><strong>Apostolo-</strong></span> 
     </span>
    </p>
   </div>
   <div class='ocr_carea' id='block_1_81' title="bbox 2219 2175 3810 2252">
    <p class='ocr_par' dir='ltr' id='par_1_81' title="bbox 2219 2175 3810 2252">
     <span class='ocr_line' id='line_1_81' title="bbox 2219 2175 3810 2252; baseline 0.011 -22"><span class='ocrx_word' id='word_1_611' title='bbox 2219 2189 2361 2238; x_wconf 86' lang='lat' dir='ltr'><strong>rum,</strong></span> <span class='ocrx_word' id='word_1_612' title='bbox 2390 2175 2484 2231; x_wconf 91' lang='lat' dir='ltr'><strong>sed</strong></span> <span class='ocrx_word' id='word_1_613' title='bbox 2513 2185 2714 2233; x_wconf 88' lang='lat' dir='ltr'><strong>tantum</strong></span> <span class='ocrx_word' id='word_1_614' title='bbox 2743 2180 2869 2235; x_wconf 83' lang='lat' dir='ltr'><strong>Acta</strong></span> <span class='ocrx_word' id='word_1_615' title='bbox 2888 2181 3286 2252; x_wconf 78' lang='lat' dir='ltr'><strong>Apostolorum?</strong></span> <span class='ocrx_word' id='word_1_616' title='bbox 3326 2186 3442 2242; x_wconf 88' lang='lat' dir='ltr'><strong>Non</strong></span> <span class='ocrx_word' id='word_1_617' title='bbox 3477 2188 3622 2244; x_wconf 88' lang='lat' dir='ltr'><strong>enim</strong></span> <span class='ocrx_word' id='word_1_618' title='bbox 3665 2189 3810 2247; x_wconf 85' lang='lat' dir='ltr'><strong>idem</strong></span> 
     </span>
    </p>
   </div>
   <div class='ocr_carea' id='block_1_82' title="bbox 2221 2270 3811 2346">
    <p class='ocr_par' dir='ltr' id='par_1_82' title="bbox 2221 2270 3811 2346">
     <span class='ocr_line' id='line_1_82' title="bbox 2221 2270 3811 2346; baseline 0.011 -26"><span class='ocrx_word' id='word_1_619' title='bbox 2221 2276 2347 2321; x_wconf 88' lang='lat' dir='ltr'><strong>sunt</strong></span> <span class='ocrx_word' id='word_1_620' title='bbox 2370 2276 2485 2323; x_wconf 89' lang='lat' dir='ltr'><strong>acta</strong></span> <span class='ocrx_word' id='word_1_621' title='bbox 2525 2279 2582 2325; x_wconf 90' lang='lat' dir='ltr'><strong>et</strong></span> <span class='ocrx_word' id='word_1_622' title='bbox 2609 2270 2780 2341; x_wconf 90' lang='lat' dir='ltr'><strong>signa,</strong></span> <span class='ocrx_word' id='word_1_623' title='bbox 2811 2287 2916 2328; x_wconf 91' lang='lat' dir='ltr'><strong>non</strong></span> <span class='ocrx_word' id='word_1_624' title='bbox 2948 2274 3086 2330; x_wconf 92' lang='lat' dir='ltr'><strong>idem</strong></span> <span class='ocrx_word' id='word_1_625' title='bbox 3125 2284 3242 2332; x_wconf 85' lang='lat' dir='ltr'><strong>aeta</strong></span> <span class='ocrx_word' id='word_1_626' title='bbox 3279 2288 3334 2333; x_wconf 90' lang='lat' dir='ltr'><strong>et</strong></span> <span class='ocrx_word' id='word_1_627' title='bbox 3381 2281 3670 2346; x_wconf 81' lang='lat' dir='ltr'><strong>miracula;</strong></span> <span class='ocrx_word' id='word_1_628' title='bbox 3699 2297 3811 2337; x_wconf 91' lang='lat' dir='ltr'><strong>non</strong></span> 
     </span>
    </p>
   </div>
   <div class='ocr_carea' id='block_1_83' title="bbox 2224 2358 3810 2436">
    <p class='ocr_par' dir='ltr' id='par_1_83' title="bbox 2224 2358 3810 2436">
     <span class='ocr_line' id='line_1_83' title="bbox 2224 2358 3810 2436; baseline 0.009 -23"><span class='ocrx_word' id='word_1_629' title='bbox 2224 2358 2362 2414; x_wconf 89' lang='lat' dir='ltr'><strong>idem</strong></span> <span class='ocrx_word' id='word_1_630' title='bbox 2391 2370 2535 2426; x_wconf 91' lang='lat' dir='ltr'><strong>sunt,</strong></span> <span class='ocrx_word' id='word_1_631' title='bbox 2561 2370 2679 2417; x_wconf 85' lang='lat' dir='ltr'><strong>acta</strong></span> <span class='ocrx_word' id='word_1_632' title='bbox 2707 2373 2761 2419; x_wconf 91' lang='lat' dir='ltr'><strong>et</strong></span> <span class='ocrx_word' id='word_1_633' title='bbox 2792 2365 3027 2436; x_wconf 87' lang='lat' dir='ltr'><strong>prodigia</strong></span> <span class='ocrx_word' id='word_1_634' title='bbox 3070 2376 3126 2424; x_wconf 90' lang='lat' dir='ltr'><strong>et</strong></span> <span class='ocrx_word' id='word_1_635' title='bbox 3159 2370 3384 2425; x_wconf 88' lang='lat' dir='ltr'><strong>virtutes</strong></span> <span class='ocrx_word' id='word_1_636' title='bbox 3407 2389 3427 2426; x_wconf 71' lang='grc' dir='ltr'><strong><em>τ</em></strong></span> <span class='ocrx_word' id='word_1_637' title='bbox 3457 2371 3552 2427; x_wconf 86' lang='lat' dir='ltr'><strong>sed</strong></span> <span class='ocrx_word' id='word_1_638' title='bbox 3586 2372 3810 2427; x_wconf 86' lang='lat' dir='ltr'><strong>multum</strong></span> 
     </span>
    </p>
   </div>
   <div class='ocr_carea' id='block_1_84' title="bbox 2221 2448 3812 2534">
    <p class='ocr_par' dir='ltr' id='par_1_84' title="bbox 2221 2448 3812 2534">
     <span class='ocr_line' id='line_1_84' title="bbox 2221 2448 3812 2534; baseline 0.01 -30"><span class='ocrx_word' id='word_1_639' title='bbox 2221 2448 2363 2505; x_wconf 82' lang='lat' dir='ltr'><strong>inter</strong></span> <span class='ocrx_word' id='word_1_640' title='bbox 2388 2460 2612 2522; x_wconf 87' lang='lat' dir='ltr'><strong>utraque</strong></span> <span class='ocrx_word' id='word_1_641' title='bbox 2643 2453 2927 2512; x_wconf 88' lang='lat' dir='ltr'><strong>discrimen</strong></span> <span class='ocrx_word' id='word_1_642' title='bbox 2973 2468 3078 2514; x_wconf 89' lang='lat' dir='ltr'><strong>est.</strong></span> <span class='ocrx_word' id='word_1_643' title='bbox 3127 2458 3223 2514; x_wconf 85' lang='lat' dir='ltr'><strong>Est</strong></span> <span class='ocrx_word' id='word_1_644' title='bbox 3259 2461 3403 2516; x_wconf 91' lang='lat' dir='ltr'><strong>enim</strong></span> <span class='ocrx_word' id='word_1_645' title='bbox 3453 2474 3629 2519; x_wconf 84' lang='lat' dir='ltr'><strong>aetum</strong></span> <span class='ocrx_word' id='word_1_646' title='bbox 3674 2477 3812 2534; x_wconf 88' lang='lat' dir='ltr'><strong>opus</strong></span> 
     </span>
    </p>
   </div>
   <div class='ocr_carea' id='block_1_85' title="bbox 2224 2542 3810 2618">
    <p class='ocr_par' dir='ltr' id='par_1_85' title="bbox 2224 2542 3810 2618">
     <span class='ocr_line' id='line_1_85' title="bbox 2224 2542 3810 2618; baseline 0.012 -25"><span class='ocrx_word' id='word_1_647' title='bbox 2224 2542 2452 2611; x_wconf 76' lang='lat' dir='ltr'><strong>propria:</strong></span> <span class='ocrx_word' id='word_1_648' title='bbox 2490 2543 2746 2616; x_wconf 89' lang='lat' dir='ltr'><strong>cujusque</strong></span> <span class='ocrx_word' id='word_1_649' title='bbox 2773 2545 3082 2618; x_wconf 65' lang='lat' dir='ltr'><strong>diligentias,</strong></span> <span class='ocrx_word' id='word_1_650' title='bbox 3127 2551 3444 2607; x_wconf 87' lang='lat' dir='ltr'><strong>miraculum</strong></span> <span class='ocrx_word' id='word_1_651' title='bbox 3481 2568 3612 2609; x_wconf 88' lang='lat' dir='ltr'><strong>vero</strong></span> <span class='ocrx_word' id='word_1_652' title='bbox 3643 2554 3810 2612; x_wconf 90' lang='lat' dir='ltr'><strong>divini</strong></span> 
     </span>
    </p>
   </div>
   <div class='ocr_carea' id='block_1_86' title="bbox 2222 2635 3810 2712">
    <p class='ocr_par' dir='ltr' id='par_1_86' title="bbox 2222 2635 3810 2712">
     <span class='ocr_line' id='line_1_86' title="bbox 2222 2635 3810 2712; baseline 0.009 -26"><span class='ocrx_word' id='word_1_653' title='bbox 2222 2635 2462 2690; x_wconf 88' lang='lat' dir='ltr'><strong>muneris</strong></span> <span class='ocrx_word' id='word_1_654' title='bbox 2489 2645 2571 2690; x_wconf 87' lang='lat' dir='ltr'><strong>est</strong></span> <span class='ocrx_word' id='word_1_655' title='bbox 2597 2635 2938 2696; x_wconf 88' lang='lat' dir='ltr'><strong>beneficium.</strong></span> <span class='ocrx_word' id='word_1_656' title='bbox 2967 2639 3128 2697; x_wconf 82' lang='lat' dir='ltr'><strong>Vides</strong></span> <span class='ocrx_word' id='word_1_657' title='bbox 3149 2651 3345 2712; x_wconf 87' lang='lat' dir='ltr'><strong>quanta</strong></span> <span class='ocrx_word' id='word_1_658' title='bbox 3371 2643 3444 2697; x_wconf 89' lang='lat' dir='ltr'><strong>sit</strong></span> <span class='ocrx_word' id='word_1_659' title='bbox 3465 2643 3604 2700; x_wconf 89' lang='lat' dir='ltr'><strong>inter</strong></span> <span class='ocrx_word' id='word_1_660' title='bbox 3628 2653 3810 2700; x_wconf 85' lang='lat' dir='ltr'><strong>actum</strong></span> 
     </span>
    </p>
   </div>
   <div class='ocr_carea' id='block_1_87' title="bbox 2220 2725 3807 2790">
    <p class='ocr_par' dir='ltr' id='par_1_87' title="bbox 2220 2725 3807 2790">
     <span class='ocr_line' id='line_1_87' title="bbox 2220 2725 3807 2790; baseline 0.008 -12"><span class='ocrx_word' id='word_1_661' title='bbox 2220 2733 2278 2779; x_wconf 86' lang='lat' dir='ltr'><strong>et</strong></span> <span class='ocrx_word' id='word_1_662' title='bbox 2306 2725 2620 2782; x_wconf 89' lang='lat' dir='ltr'><strong>miraculum</strong></span> <span class='ocrx_word' id='word_1_663' title='bbox 2639 2727 2979 2785; x_wconf 73' lang='lat' dir='ltr'><strong>differentia?</strong></span> <span class='ocrx_word' id='word_1_664' title='bbox 3007 2732 3199 2787; x_wconf 82' lang='lat' dir='ltr'><strong>Actu&#39;m</strong></span> <span class='ocrx_word' id='word_1_665' title='bbox 3225 2740 3308 2787; x_wconf 87' lang='lat' dir='ltr'><strong>est</strong></span> <span class='ocrx_word' id='word_1_666' title='bbox 3334 2731 3686 2790; x_wconf 83' lang='lat' dir='ltr'><strong>humanorum</strong></span> <span class='ocrx_word' id='word_1_667' title='bbox 3709 2749 3807 2789; x_wconf 86' lang='lat' dir='ltr'><strong>su-</strong></span> 
     </span>
    </p>
   </div>
   <div class='ocr_carea' id='block_1_88' title="bbox 2224 2815 3812 2886">
    <p class='ocr_par' dir='ltr' id='par_1_88' title="bbox 2224 2815 3812 2886">
     <span class='ocr_line' id='line_1_88' title="bbox 2224 2815 3812 2886; baseline 0.008 -16"><span class='ocrx_word' id='word_1_668' title='bbox 2224 2815 2416 2871; x_wconf 91' lang='lat' dir='ltr'><strong>dorum</strong></span> <span class='ocrx_word' id='word_1_669' title='bbox 2464 2819 2708 2886; x_wconf 81' lang='lat' dir='ltr'><strong>effectus,</strong></span> <span class='ocrx_word' id='word_1_670' title='bbox 2760 2822 3074 2878; x_wconf 89' lang='lat' dir='ltr'><strong>miraculum</strong></span> <span class='ocrx_word' id='word_1_671' title='bbox 3123 2823 3317 2879; x_wconf 78' lang='lat' dir='ltr'><strong>divina:</strong></span> <span class='ocrx_word' id='word_1_672' title='bbox 3356 2824 3689 2882; x_wconf 79' lang='lat' dir='ltr'><strong>liberalitatis</strong></span> <span class='ocrx_word' id='word_1_673' title='bbox 3726 2837 3812 2883; x_wconf 88' lang='lat' dir='ltr'><strong>est</strong></span> 
     </span>
    </p>
   </div>
   <div class='ocr_carea' id='block_1_89' title="bbox 2223 2907 3814 2983">
    <p class='ocr_par' dir='ltr' id='par_1_89' title="bbox 2223 2907 3814 2983">
     <span class='ocr_line' id='line_1_89' title="bbox 2223 2907 3814 2983; baseline 0.008 -23"><span class='ocrx_word' id='word_1_674' title='bbox 2223 2907 2490 2976; x_wconf 84' lang='lat' dir='ltr'><strong>specimen</strong></span> <span class='ocrx_word' id='word_1_675' title='bbox 2510 2925 2525 2964; x_wconf 91' lang='lat'><strong>:</strong></span> <span class='ocrx_word' id='word_1_676' title='bbox 2542 2919 2717 2966; x_wconf 83' lang='lat' dir='ltr'><strong>actum</strong></span> <span class='ocrx_word' id='word_1_677' title='bbox 2739 2927 2767 2966; x_wconf 93' lang='lat' dir='ltr'><strong>a</strong></span> <span class='ocrx_word' id='word_1_678' title='bbox 2792 2922 2971 2968; x_wconf 88' lang='lat' dir='ltr'><strong>nostra</strong></span> <span class='ocrx_word' id='word_1_679' title='bbox 2996 2915 3266 2970; x_wconf 75' lang='lat' dir='ltr'><strong>voluntate</strong></span> <span class='ocrx_word' id='word_1_680' title='bbox 3291 2914 3437 2971; x_wconf 89' lang='lat' dir='ltr'><strong>ducit</strong></span> <span class='ocrx_word' id='word_1_681' title='bbox 3453 2915 3680 2983; x_wconf 84' lang='lat' dir='ltr'><strong>initium,</strong></span> <span class='ocrx_word' id='word_1_682' title='bbox 3710 2920 3814 2972; x_wconf 88' lang='lat' dir='ltr'><strong>mi-</strong></span> 
     </span>
    </p>
   </div>
   <div class='ocr_carea' id='block_1_90' title="bbox 2223 2999 3811 3076">
    <p class='ocr_par' dir='ltr' id='par_1_90' title="bbox 2223 2999 3811 3076">
     <span class='ocr_line' id='line_1_90' title="bbox 2223 2999 3811 3076; baseline 0.006 -23"><span class='ocrx_word' id='word_1_683' title='bbox 2223 2999 2464 3054; x_wconf 83' lang='lat' dir='ltr'><strong>raculum</strong></span> <span class='ocrx_word' id='word_1_684' title='bbox 2504 3015 2534 3055; x_wconf 92' lang='lat' dir='ltr'><strong>a</strong></span> <span class='ocrx_word' id='word_1_685' title='bbox 2554 3003 2722 3071; x_wconf 88' lang='lat' dir='ltr'><strong>gratia</strong></span> <span class='ocrx_word' id='word_1_686' title='bbox 2747 3003 2924 3065; x_wconf 87' lang='lat' dir='ltr'><strong>divina</strong></span> <span class='ocrx_word' id='word_1_687' title='bbox 2946 3003 3107 3059; x_wconf 84' lang='lat' dir='ltr'><strong>trahit</strong></span> <span class='ocrx_word' id='word_1_688' title='bbox 3129 3005 3420 3076; x_wconf 89' lang='lat' dir='ltr'><strong>originem,</strong></span> <span class='ocrx_word' id='word_1_689' title='bbox 3447 3015 3500 3061; x_wconf 88' lang='lat' dir='ltr'><strong>et</strong></span> <span class='ocrx_word' id='word_1_690' title='bbox 3521 3005 3625 3061; x_wconf 82' lang='lat' dir='ltr'><strong>hoc</strong></span> <span class='ocrx_word' id='word_1_691' title='bbox 3649 3009 3811 3063; x_wconf 70' lang='lat' dir='ltr'><strong>eade-</strong></span> 
     </span>
    </p>
   </div>
   <div class='ocr_carea' id='block_1_91' title="bbox 2225 3087 3810 3159">
    <p class='ocr_par' dir='ltr' id='par_1_91' title="bbox 2225 3087 3810 3159">
     <span class='ocr_line' id='line_1_91' title="bbox 2225 3087 3810 3159; baseline 0.008 -17"><span class='ocrx_word' id='word_1_692' title='bbox 2225 3087 2324 3142; x_wconf 88' lang='lat' dir='ltr'><strong>stis</strong></span> <span class='ocrx_word' id='word_1_693' title='bbox 2345 3098 2430 3145; x_wconf 92' lang='lat' dir='ltr'><strong>est</strong></span> <span class='ocrx_word' id='word_1_694' title='bbox 2456 3092 2660 3159; x_wconf 79' lang='lat' dir='ltr'><strong>auxilii,</strong></span> <span class='ocrx_word' id='word_1_695' title='bbox 2693 3093 2822 3149; x_wconf 89' lang='lat' dir='ltr'><strong>illud</strong></span> <span class='ocrx_word' id='word_1_696' title='bbox 2872 3095 3088 3150; x_wconf 88' lang='lat' dir='ltr'><strong>humani</strong></span> <span class='ocrx_word' id='word_1_697' title='bbox 3134 3105 3219 3152; x_wconf 88' lang='lat' dir='ltr'><strong>est</strong></span> <span class='ocrx_word' id='word_1_698' title='bbox 3254 3097 3480 3152; x_wconf 86' lang='lat' dir='ltr'><strong>arbitrii.</strong></span> <span class='ocrx_word' id='word_1_699' title='bbox 3511 3097 3706 3153; x_wconf 85' lang='lat' dir='ltr'><strong>Actum</strong></span> <span class='ocrx_word' id='word_1_700' title='bbox 3745 3115 3810 3154; x_wconf 88' lang='lat' dir='ltr'><strong>ex</strong></span> 
     </span>
    </p>
   </div>
   <div class='ocr_carea' id='block_1_92' title="bbox 2227 3184 3811 3260">
    <p class='ocr_par' dir='ltr' id='par_1_92' title="bbox 2227 3184 3811 3260">
     <span class='ocr_line' id='line_1_92' title="bbox 2227 3184 3811 3260; baseline 0.008 -28"><span class='ocrx_word' id='word_1_701' title='bbox 2227 3187 2453 3252; x_wconf 88' lang='lat' dir='ltr'><strong>utroque</strong></span> <span class='ocrx_word' id='word_1_702' title='bbox 2479 3184 2801 3250; x_wconf 84' lang='lat' dir='ltr'><strong>contexitur,</strong></span> <span class='ocrx_word' id='word_1_703' title='bbox 2828 3201 2895 3241; x_wconf 82' lang='lat' dir='ltr'><strong>ex</strong></span> <span class='ocrx_word' id='word_1_704' title='bbox 2924 3195 3105 3242; x_wconf 86' lang='lat' dir='ltr'><strong>nostra</strong></span> <span class='ocrx_word' id='word_1_705' title='bbox 3131 3187 3403 3258; x_wconf 86' lang='lat' dir='ltr'><strong>diligentia</strong></span> <span class='ocrx_word' id='word_1_706' title='bbox 3441 3198 3495 3244; x_wconf 90' lang='lat' dir='ltr'><strong>et</strong></span> <span class='ocrx_word' id='word_1_707' title='bbox 3539 3204 3607 3244; x_wconf 87' lang='lat' dir='ltr'><strong>ex</strong></span> <span class='ocrx_word' id='word_1_708' title='bbox 3641 3191 3811 3260; x_wconf 84' lang='lat' dir='ltr'><strong>gratia</strong></span> 
     </span>
    </p>
   </div>
   <div class='ocr_carea' id='block_1_93' title="bbox 2225 3268 3811 3350">
    <p class='ocr_par' dir='ltr' id='par_1_93' title="bbox 2225 3268 3811 3350">
     <span class='ocr_line' id='line_1_93' title="bbox 2225 3268 3811 3350; baseline 0.008 -27"><span class='ocrx_word' id='word_1_709' title='bbox 2225 3268 2406 3324; x_wconf 84' lang='lat' dir='ltr'><strong>divina</strong></span> <span class='ocrx_word' id='word_1_710' title='bbox 2447 3290 2462 3326; x_wconf 93' lang='lat'><strong>:</strong></span> <span class='ocrx_word' id='word_1_711' title='bbox 2502 3273 2813 3330; x_wconf 89' lang='lat' dir='ltr'><strong>miraculum</strong></span> <span class='ocrx_word' id='word_1_712' title='bbox 2834 3278 3002 3332; x_wconf 87' lang='lat' dir='ltr'><strong>solam</strong></span> <span class='ocrx_word' id='word_1_713' title='bbox 3025 3277 3243 3334; x_wconf 72' lang='lat' dir='ltr'><strong>exhibet</strong></span> <span class='ocrx_word' id='word_1_714' title='bbox 3266 3279 3534 3335; x_wconf 59' lang='lat' dir='ltr'><strong>caelestem</strong></span> <span class='ocrx_word' id='word_1_715' title='bbox 3562 3283 3811 3350; x_wconf 86' lang='lat' dir='ltr'><strong>gratiam,</strong></span> 
     </span>
    </p>
   </div>
   <div class='ocr_carea' id='block_1_94' title="bbox 2226 3364 3813 3441">
    <p class='ocr_par' dir='ltr' id='par_1_94' title="bbox 2226 3364 3813 3441">
     <span class='ocr_line' id='line_1_94' title="bbox 2226 3364 3813 3441; baseline 0.006 -24"><span class='ocrx_word' id='word_1_716' title='bbox 2226 3377 2403 3434; x_wconf 79' lang='lat' dir='ltr'><strong>neque</strong></span> <span class='ocrx_word' id='word_1_717' title='bbox 2444 3364 2725 3422; x_wconf 83' lang='lat' dir='ltr'><strong>sudoribus</strong></span> <span class='ocrx_word' id='word_1_718' title='bbox 2769 3369 2968 3424; x_wconf 90' lang='lat' dir='ltr'><strong>nostris</strong></span> <span class='ocrx_word' id='word_1_719' title='bbox 3008 3369 3226 3440; x_wconf 83' lang='lat' dir='ltr'><strong>indiget.</strong></span> <span class='ocrx_word' id='word_1_720' title='bbox 3267 3371 3457 3427; x_wconf 86' lang='lat' dir='ltr'><strong>Actum</strong></span> <span class='ocrx_word' id='word_1_721' title='bbox 3498 3380 3580 3426; x_wconf 89' lang='lat' dir='ltr'><strong>est</strong></span> <span class='ocrx_word' id='word_1_722' title='bbox 3631 3370 3813 3441; x_wconf 81' lang='lat' dir='ltr'><strong>probis</strong></span> 
     </span>
    </p>
   </div>
   <div class='ocr_carea' id='block_1_95' title="bbox 2228 3454 3814 3532">
    <p class='ocr_par' dir='ltr' id='par_1_95' title="bbox 2228 3454 3814 3532">
     <span class='ocr_line' id='line_1_95' title="bbox 2228 3454 3814 3532; baseline 0.005 -24"><span class='ocrx_word' id='word_1_723' title='bbox 2228 3454 2468 3510; x_wconf 86' lang='lat' dir='ltr'><strong>moribus</strong></span> <span class='ocrx_word' id='word_1_724' title='bbox 2491 3469 2632 3524; x_wconf 88' lang='lat' dir='ltr'><strong>esse,</strong></span> <span class='ocrx_word' id='word_1_725' title='bbox 2657 3467 2885 3527; x_wconf 84' lang='lat' dir='ltr'><strong>castum,</strong></span> <span class='ocrx_word' id='word_1_726' title='bbox 2914 3460 3236 3529; x_wconf 84' lang='lat' dir='ltr'><strong>modestum,</strong></span> <span class='ocrx_word' id='word_1_727' title='bbox 3278 3461 3370 3515; x_wconf 74' lang='lat' dir='ltr'><strong>ira:</strong></span> <span class='ocrx_word' id='word_1_728' title='bbox 3407 3461 3690 3532; x_wconf 86' lang='lat' dir='ltr'><strong>imperare,</strong></span> <span class='ocrx_word' id='word_1_729' title='bbox 3716 3475 3814 3516; x_wconf 88' lang='lat' dir='ltr'><strong>cu-</strong></span> 
     </span>
    </p>
   </div>
   <div class='ocr_carea' id='block_1_96' title="bbox 2228 3545 3813 3625">
    <p class='ocr_par' dir='ltr' id='par_1_96' title="bbox 2228 3545 3813 3625">
     <span class='ocr_line' id='line_1_96' title="bbox 2228 3545 3813 3625; baseline 0.005 -25"><span class='ocrx_word' id='word_1_730' title='bbox 2228 3545 2480 3616; x_wconf 87' lang='lat' dir='ltr'><strong>piditates</strong></span> <span class='ocrx_word' id='word_1_731' title='bbox 2506 3547 2769 3620; x_wconf 85' lang='lat' dir='ltr'><strong>subigere,</strong></span> <span class='ocrx_word' id='word_1_732' title='bbox 2799 3551 2978 3622; x_wconf 87' lang='lat' dir='ltr'><strong>largiri</strong></span> <span class='ocrx_word' id='word_1_733' title='bbox 2999 3552 3385 3625; x_wconf 77' lang='lat' dir='ltr'><strong>eleemosynas,</strong></span> <span class='ocrx_word' id='word_1_734' title='bbox 3432 3552 3813 3624; x_wconf 87' lang='lat' dir='ltr'><strong>benignitatem</strong></span> 
     </span>
    </p>
   </div>
   <div class='ocr_carea' id='block_1_97' title="bbox 2229 3637 3816 3705">
    <p class='ocr_par' dir='ltr' id='par_1_97' title="bbox 2229 3637 3816 3705">
     <span class='ocr_line' id='line_1_97' title="bbox 2229 3637 3816 3705; baseline 0.007 -14"><span class='ocrx_word' id='word_1_735' title='bbox 2229 3637 2502 3705; x_wconf 85' lang='lat' dir='ltr'><strong>exhibere,</strong></span> <span class='ocrx_word' id='word_1_736' title='bbox 2531 3654 2745 3696; x_wconf 88' lang='lat' dir='ltr'><strong>omnem</strong></span> <span class='ocrx_word' id='word_1_737' title='bbox 2773 3643 3024 3699; x_wconf 86' lang='lat' dir='ltr'><strong>virtutem</strong></span> <span class='ocrx_word' id='word_1_738' title='bbox 3049 3659 3300 3700; x_wconf 86' lang='lat' dir='ltr'><strong>exercere</strong></span> <span class='ocrx_word' id='word_1_739' title='bbox 3328 3663 3344 3701; x_wconf 74' lang='grc' dir='ltr'><strong>ε</strong></span> <span class='ocrx_word' id='word_1_740' title='bbox 3372 3645 3475 3701; x_wconf 93' lang='lat' dir='ltr'><strong>hoc</strong></span> <span class='ocrx_word' id='word_1_741' title='bbox 3499 3657 3580 3701; x_wconf 86' lang='lat' dir='ltr'><strong>est</strong></span> <span class='ocrx_word' id='word_1_742' title='bbox 3601 3647 3742 3701; x_wconf 91' lang='lat' dir='ltr'><strong>actio</strong></span> <span class='ocrx_word' id='word_1_743' title='bbox 3761 3657 3816 3703; x_wconf 88' lang='lat' dir='ltr'><strong>ct</strong></span> 
     </span>
    </p>
   </div>
   <div class='ocr_carea' id='block_1_98' title="bbox 2231 3727 3815 3792">
    <p class='ocr_par' dir='ltr' id='par_1_98' title="bbox 2231 3727 3815 3792">
     <span class='ocr_line' id='line_1_98' title="bbox 2231 3727 3815 3792; baseline 0.006 -9"><span class='ocrx_word' id='word_1_744' title='bbox 2231 3727 2383 3783; x_wconf 90' lang='lat' dir='ltr'><strong>labor</strong></span> <span class='ocrx_word' id='word_1_745' title='bbox 2405 3737 2460 3786; x_wconf 92' lang='lat' dir='ltr'><strong>et</strong></span> <span class='ocrx_word' id='word_1_746' title='bbox 2482 3730 2647 3786; x_wconf 89' lang='lat' dir='ltr'><strong>sudor</strong></span> <span class='ocrx_word' id='word_1_747' title='bbox 2671 3743 2873 3788; x_wconf 88' lang='lat' dir='ltr'><strong>noster.</strong></span> <span class='ocrx_word' id='word_1_748' title='bbox 2915 3733 3222 3790; x_wconf 80' lang='lat' dir='ltr'><strong>Miraculum</strong></span> <span class='ocrx_word' id='word_1_749' title='bbox 3261 3743 3346 3791; x_wconf 88' lang='lat' dir='ltr'><strong>est</strong></span> <span class='ocrx_word' id='word_1_750' title='bbox 3383 3734 3655 3792; x_wconf 68' lang='lat' dir='ltr'><strong>dzemones</strong></span> <span class='ocrx_word' id='word_1_751' title='bbox 3694 3737 3815 3792; x_wconf 82' lang='lat' dir='ltr'><strong>abi-</strong></span> 
     </span>
    </p>
   </div>
   <div class='ocr_carea' id='block_1_99' title="bbox 2229 3825 3814 3900">
    <p class='ocr_par' dir='ltr' id='par_1_99' title="bbox 2229 3825 3814 3900">
     <span class='ocr_line' id='line_1_99' title="bbox 2229 3825 3814 3900; baseline 0.007 -26"><span class='ocrx_word' id='word_1_752' title='bbox 2229 3833 2377 3890; x_wconf 85' lang='lat' dir='ltr'><strong>gere,</strong></span> <span class='ocrx_word' id='word_1_753' title='bbox 2421 3831 2716 3879; x_wconf 60' lang='lat' dir='ltr'><strong>cxeareatos</strong></span> <span class='ocrx_word' id='word_1_754' title='bbox 2749 3825 2930 3882; x_wconf 78' lang='lat' dir='ltr'><strong>oculos</strong></span> <span class='ocrx_word' id='word_1_755' title='bbox 2957 3826 3186 3898; x_wconf 88' lang='lat' dir='ltr'><strong>aperire,</strong></span> <span class='ocrx_word' id='word_1_756' title='bbox 3226 3827 3558 3896; x_wconf 89' lang='lat' dir='ltr'><strong>leprosorum</strong></span> <span class='ocrx_word' id='word_1_757' title='bbox 3585 3843 3814 3900; x_wconf 85' lang='lat' dir='ltr'><strong>corpora</strong></span> 
     </span>
    </p>
   </div>
   <div class='ocr_carea' id='block_1_100' title="bbox 2233 3912 3818 3988">
    <p class='ocr_par' dir='ltr' id='par_1_100' title="bbox 2233 3912 3818 3988">
     <span class='ocr_line' id='line_1_100' title="bbox 2233 3912 3818 3988; baseline 0.006 -23"><span class='ocrx_word' id='word_1_758' title='bbox 2233 3912 2522 3982; x_wconf 86' lang='lat' dir='ltr'><strong>mundare,</strong></span> <span class='ocrx_word' id='word_1_759' title='bbox 2575 3916 2807 3970; x_wconf 83' lang='lat' dir='ltr'><strong>resoluta</strong></span> <span class='ocrx_word' id='word_1_760' title='bbox 2865 3917 3106 3973; x_wconf 89' lang='lat' dir='ltr'><strong>membra</strong></span> <span class='ocrx_word' id='word_1_761' title='bbox 3157 3919 3527 3988; x_wconf 86' lang='lat' dir='ltr'><strong>compingere,</strong></span> <span class='ocrx_word' id='word_1_762' title='bbox 3572 3928 3818 3975; x_wconf 86' lang='lat' dir='ltr'><strong>mortuos</strong></span> 
     </span>
    </p>
   </div>
   <div class='ocr_carea' id='block_1_101' title="bbox 2233 4003 3816 4080">
    <p class='ocr_par' dir='ltr' id='par_1_101' title="bbox 2233 4003 3816 4080">
     <span class='ocr_line' id='line_1_101' title="bbox 2233 4003 3816 4080; baseline 0.006 -24"><span class='ocrx_word' id='word_1_763' title='bbox 2233 4003 2512 4070; x_wconf 79' lang='lat' dir='ltr'><strong>suscitare,</strong></span> <span class='ocrx_word' id='word_1_764' title='bbox 2556 4005 2660 4059; x_wconf 88' lang='lat' dir='ltr'><strong>alia</strong></span> <span class='ocrx_word' id='word_1_765' title='bbox 2709 4006 2970 4076; x_wconf 86' lang='lat' dir='ltr'><strong>ejusmodi</strong></span> <span class='ocrx_word' id='word_1_766' title='bbox 2998 4008 3133 4062; x_wconf 91' lang='lat' dir='ltr'><strong>mira</strong></span> <span class='ocrx_word' id='word_1_767' title='bbox 3171 4023 3333 4079; x_wconf 87' lang='lat' dir='ltr'><strong>opera</strong></span> <span class='ocrx_word' id='word_1_768' title='bbox 3377 4019 3604 4080; x_wconf 87' lang='lat' dir='ltr'><strong>patrare.</strong></span> <span class='ocrx_word' id='word_1_769' title='bbox 3653 4008 3816 4066; x_wconf 80' lang='lat' dir='ltr'><strong>Vides</strong></span> 
     </span>
    </p>
   </div>
   <div class='ocr_carea' id='block_1_102' title="bbox 2232 4095 3821 4164">
    <p class='ocr_par' dir='ltr' id='par_1_102' title="bbox 2232 4095 3821 4164">
     <span class='ocr_line' id='line_1_102' title="bbox 2232 4095 3821 4164; baseline 0.006 -17"><span class='ocrx_word' id='word_1_770' title='bbox 2232 4103 2490 4163; x_wconf 81' lang='lat' dir='ltr'><strong>quantum</strong></span> <span class='ocrx_word' id='word_1_771' title='bbox 2515 4095 2586 4150; x_wconf 88' lang='lat' dir='ltr'><strong>sit</strong></span> <span class='ocrx_word' id='word_1_772' title='bbox 2609 4097 2750 4152; x_wconf 88' lang='lat' dir='ltr'><strong>inter</strong></span> <span class='ocrx_word' id='word_1_773' title='bbox 2787 4108 2906 4153; x_wconf 82' lang='lat' dir='ltr'><strong>acta</strong></span> <span class='ocrx_word' id='word_1_774' title='bbox 2948 4108 3003 4154; x_wconf 89' lang='lat' dir='ltr'><strong>et</strong></span> <span class='ocrx_word' id='word_1_775' title='bbox 3043 4099 3294 4154; x_wconf 83' lang='lat' dir='ltr'><strong>miracula</strong></span> <span class='ocrx_word' id='word_1_776' title='bbox 3324 4099 3630 4164; x_wconf 86' lang='lat' dir='ltr'><strong>discrimen,</strong></span> <span class='ocrx_word' id='word_1_777' title='bbox 3677 4100 3821 4156; x_wconf 83' lang='lat' dir='ltr'><strong>inter</strong></span> 
     </span>
    </p>
   </div>
   <div class='ocr_carea' id='block_1_103' title="bbox 2235 4187 3816 4263">
    <p class='ocr_par' dir='ltr' id='par_1_103' title="bbox 2235 4187 3816 4263">
     <span class='ocr_line' id='line_1_103' title="bbox 2235 4187 3816 4263; baseline 0.003 -21"><span class='ocrx_word' id='word_1_778' title='bbox 2235 4187 2694 4243; x_wconf 89' lang='lat' dir='ltr'><strong>conversationem</strong></span> <span class='ocrx_word' id='word_1_779' title='bbox 2736 4198 2792 4245; x_wconf 89' lang='lat' dir='ltr'><strong>et</strong></span> <span class='ocrx_word' id='word_1_780' title='bbox 2820 4191 2992 4262; x_wconf 87' lang='lat' dir='ltr'><strong>signa,</strong></span> <span class='ocrx_word' id='word_1_781' title='bbox 3029 4191 3170 4247; x_wconf 87' lang='lat' dir='ltr'><strong>inter</strong></span> <span class='ocrx_word' id='word_1_782' title='bbox 3205 4191 3534 4263; x_wconf 86' lang='lat' dir='ltr'><strong>diligentiam</strong></span> <span class='ocrx_word' id='word_1_783' title='bbox 3575 4199 3816 4247; x_wconf 76' lang='lat' dir='ltr'><strong>nostrain</strong></span> 
     </span>
    </p>
   </div>
   <div class='ocr_carea' id='block_1_104' title="bbox 2233 4279 2694 4348">
    <p class='ocr_par' dir='ltr' id='par_1_104' title="bbox 2233 4279 2694 4348">
     <span class='ocr_line' id='line_1_104' title="bbox 2233 4279 2694 4348; baseline 0.004 -15"><span class='ocrx_word' id='word_1_784' title='bbox 2233 4286 2289 4333; x_wconf 89' lang='lat' dir='ltr'><strong>et</strong></span> <span class='ocrx_word' id='word_1_785' title='bbox 2309 4281 2530 4348; x_wconf 82' lang='lat' dir='ltr'><strong>gratiam</strong></span> <span class='ocrx_word' id='word_1_786' title='bbox 2564 4279 2694 4335; x_wconf 82' lang='lat' dir='ltr'><strong>Dei?</strong></span> 
     </span>
    </p>
   </div>
   <div class='ocr_carea' id='block_1_105' title="bbox 2309 4369 3821 4428">
    <p class='ocr_par' dir='ltr' id='par_1_105' title="bbox 2309 4369 3821 4428">
     <span class='ocr_line' id='line_1_105' title="bbox 2309 4369 3821 4428; baseline 0.001 -1"><span class='ocrx_word' id='word_1_787' title='bbox 2309 4372 2361 4427; x_wconf 81' lang='lat'><strong>5.</strong></span> <span class='ocrx_word' id='word_1_788' title='bbox 2402 4369 2494 4426; x_wconf 90' lang='lat' dir='ltr'><strong>Vis</strong></span> <span class='ocrx_word' id='word_1_789' title='bbox 2523 4380 2576 4426; x_wconf 90' lang='lat' dir='ltr'><strong>ct</strong></span> <span class='ocrx_word' id='word_1_790' title='bbox 2599 4373 2826 4427; x_wconf 85' lang='lat' dir='ltr'><strong>alterum</strong></span> <span class='ocrx_word' id='word_1_791' title='bbox 2856 4371 2950 4427; x_wconf 89' lang='lat' dir='ltr'><strong>tibi</strong></span> <span class='ocrx_word' id='word_1_792' title='bbox 2979 4371 3264 4428; x_wconf 87' lang='lat' dir='ltr'><strong>discrimen</strong></span> <span class='ocrx_word' id='word_1_793' title='bbox 3291 4370 3610 4427; x_wconf 84' lang='lat' dir='ltr'><strong>ostendam?</strong></span> <span class='ocrx_word' id='word_1_794' title='bbox 3632 4370 3821 4428; x_wconf 86' lang='lat' dir='ltr'><strong>Vestra</strong></span> 
     </span>
    </p>
   </div>
   <div class='ocr_carea' id='block_1_106' title="bbox 2237 4465 3820 4534">
    <p class='ocr_par' dir='ltr' id='par_1_106' title="bbox 2237 4465 3820 4534">
     <span class='ocr_line' id='line_1_106' title="bbox 2237 4465 3820 4534; baseline 0.001 -14"><span class='ocrx_word' id='word_1_795' title='bbox 2237 4466 2377 4521; x_wconf 89' lang='lat' dir='ltr'><strong>enim</strong></span> <span class='ocrx_word' id='word_1_796' title='bbox 2396 4481 2551 4521; x_wconf 86' lang='lat' dir='ltr'><strong>causa</strong></span> <span class='ocrx_word' id='word_1_797' title='bbox 2569 4465 2828 4522; x_wconf 89' lang='lat' dir='ltr'><strong>hodicmo</strong></span> <span class='ocrx_word' id='word_1_798' title='bbox 2846 4467 2933 4523; x_wconf 89' lang='lat' dir='ltr'><strong>die</strong></span> <span class='ocrx_word' id='word_1_799' title='bbox 2959 4467 3231 4522; x_wconf 86' lang='lat' dir='ltr'><strong>institutus</strong></span> <span class='ocrx_word' id='word_1_800' title='bbox 3249 4477 3334 4523; x_wconf 87' lang='lat' dir='ltr'><strong>est</strong></span> <span class='ocrx_word' id='word_1_801' title='bbox 3357 4467 3444 4521; x_wconf 89' lang='lat' dir='ltr'><strong>hic</strong></span> <span class='ocrx_word' id='word_1_802' title='bbox 3457 4482 3488 4522; x_wconf 91' lang='lat' dir='ltr'><strong>a</strong></span> <span class='ocrx_word' id='word_1_803' title='bbox 3509 4482 3598 4522; x_wconf 91' lang='lat' dir='ltr'><strong>me</strong></span> <span class='ocrx_word' id='word_1_804' title='bbox 3617 4479 3820 4534; x_wconf 83' lang='lat' dir='ltr'><strong>sermo,</strong></span> 
     </span>
    </p>
   </div>
   <div class='ocr_carea' id='block_1_107' title="bbox 2239 4557 3826 4628">
    <p class='ocr_par' dir='ltr' id='par_1_107' title="bbox 2239 4557 3826 4628">
     <span class='ocr_line' id='line_1_107' title="bbox 2239 4557 3826 4628; baseline -0.001 -16"><span class='ocrx_word' id='word_1_805' title='bbox 2239 4566 2298 4612; x_wconf 90' lang='lat' dir='ltr'><strong>ut</strong></span> <span class='ocrx_word' id='word_1_806' title='bbox 2335 4557 2460 4628; x_wconf 91' lang='lat' dir='ltr'><strong>quid</strong></span> <span class='ocrx_word' id='word_1_807' title='bbox 2505 4557 2576 4613; x_wconf 90' lang='lat' dir='ltr'><strong>sit</strong></span> <span class='ocrx_word' id='word_1_808' title='bbox 2621 4557 2938 4612; x_wconf 87' lang='lat' dir='ltr'><strong>miraculum</strong></span> <span class='ocrx_word' id='word_1_809' title='bbox 2981 4557 3300 4627; x_wconf 88' lang='lat' dir='ltr'><strong>signumque</strong></span> <span class='ocrx_word' id='word_1_810' title='bbox 3336 4557 3612 4612; x_wconf 72' lang='lat' dir='ltr'><strong>discatis‘.</strong></span> <span class='ocrx_word' id='word_1_811' title='bbox 3653 4557 3826 4624; x_wconf 74' lang='lat' dir='ltr'><strong>Majas</strong></span> 
     </span>
    </p>
   </div>
   <div class='ocr_carea' id='block_1_108' title="bbox 2237 4647 3826 4720">
    <p class='ocr_par' dir='ltr' id='par_1_108' title="bbox 2237 4647 3826 4720">
     <span class='ocr_line' id='line_1_108' title="bbox 2237 4647 3826 4720; baseline -0.002 -16"><span class='ocrx_word' id='word_1_812' title='bbox 2237 4649 2450 4720; x_wconf 86' lang='lat' dir='ltr'><strong>quidem</strong></span> <span class='ocrx_word' id='word_1_813' title='bbox 2479 4659 2560 4705; x_wconf 91' lang='lat' dir='ltr'><strong>est</strong></span> <span class='ocrx_word' id='word_1_814' title='bbox 2582 4649 2920 4716; x_wconf 85' lang='lat' dir='ltr'><strong>miraculum,</strong></span> <span class='ocrx_word' id='word_1_815' title='bbox 2945 4665 3009 4704; x_wconf 90' lang='lat' dir='ltr'><strong>ac</strong></span> <span class='ocrx_word' id='word_1_816' title='bbox 3039 4647 3446 4713; x_wconf 85' lang='lat' dir='ltr'><strong>formidabilius,</strong></span> <span class='ocrx_word' id='word_1_817' title='bbox 3485 4661 3551 4704; x_wconf 89' lang='lat' dir='ltr'><strong>ac</strong></span> <span class='ocrx_word' id='word_1_818' title='bbox 3577 4656 3826 4704; x_wconf 87' lang='lat' dir='ltr'><strong>naturam</strong></span> 
     </span>
    </p>
   </div>
   <div class='ocr_carea' id='block_1_109' title="bbox 2240 4739 3830 4812">
    <p class='ocr_par' dir='ltr' id='par_1_109' title="bbox 2240 4739 3830 4812">
     <span class='ocr_line' id='line_1_109' title="bbox 2240 4739 3830 4812; baseline -0.003 -15"><span class='ocrx_word' id='word_1_819' title='bbox 2240 4753 2477 4798; x_wconf 85' lang='lat' dir='ltr'><strong>nostram</strong></span> <span class='ocrx_word' id='word_1_820' title='bbox 2519 4749 2807 4812; x_wconf 82' lang='lat' dir='ltr'><strong>exsuperat</strong></span> <span class='ocrx_word' id='word_1_821' title='bbox 2850 4758 2864 4795; x_wconf 88' lang='lat'><strong>:</strong></span> <span class='ocrx_word' id='word_1_822' title='bbox 2904 4741 3044 4796; x_wconf 88' lang='lat' dir='ltr'><strong>actio</strong></span> <span class='ocrx_word' id='word_1_823' title='bbox 3089 4755 3220 4795; x_wconf 89' lang='lat' dir='ltr'><strong>vero</strong></span> <span class='ocrx_word' id='word_1_824' title='bbox 3259 4748 3314 4794; x_wconf 90' lang='lat' dir='ltr'><strong>et</strong></span> <span class='ocrx_word' id='word_1_825' title='bbox 3360 4739 3701 4795; x_wconf 88' lang='lat' dir='ltr'><strong>conversatio</strong></span> <span class='ocrx_word' id='word_1_826' title='bbox 3737 4751 3830 4794; x_wconf 78' lang='lat' dir='ltr'><strong>res</strong></span> 
     </span>
    </p>
   </div>
   <div class='ocr_carea' id='block_1_110' title="bbox 2240 4831 3826 4909">
    <p class='ocr_par' dir='ltr' id='par_1_110' title="bbox 2240 4831 3826 4909">
     <span class='ocr_line' id='line_1_110' title="bbox 2240 4831 3826 4909; baseline -0.005 -16"><span class='ocrx_word' id='word_1_827' title='bbox 2240 4837 2453 4909; x_wconf 89' lang='lat' dir='ltr'><strong>quidem</strong></span> <span class='ocrx_word' id='word_1_828' title='bbox 2479 4846 2560 4893; x_wconf 88' lang='lat' dir='ltr'><strong>est</strong></span> <span class='ocrx_word' id='word_1_829' title='bbox 2591 4837 2755 4908; x_wconf 82' lang='lat' dir='ltr'><strong>signis</strong></span> <span class='ocrx_word' id='word_1_830' title='bbox 2796 4835 2992 4901; x_wconf 87' lang='lat' dir='ltr'><strong>minor,</strong></span> <span class='ocrx_word' id='word_1_831' title='bbox 3025 4833 3119 4890; x_wconf 90' lang='lat' dir='ltr'><strong>sed</strong></span> <span class='ocrx_word' id='word_1_832' title='bbox 3149 4833 3329 4889; x_wconf 85' lang='lat' dir='ltr'><strong>utilior</strong></span> <span class='ocrx_word' id='word_1_833' title='bbox 3371 4843 3426 4888; x_wconf 89' lang='lat' dir='ltr'><strong>et</strong></span> <span class='ocrx_word' id='word_1_834' title='bbox 3467 4831 3826 4895; x_wconf 89' lang='lat' dir='ltr'><strong>fructuosior;</strong></span> 
     </span>
    </p>
   </div>
   <div class='ocr_carea' id='block_1_111' title="bbox 2240 4923 3825 5002">
    <p class='ocr_par' dir='ltr' id='par_1_111' title="bbox 2240 4923 3825 5002">
     <span class='ocr_line' id='line_1_111' title="bbox 2240 4923 3825 5002; baseline -0.008 -16"><span class='ocrx_word' id='word_1_835' title='bbox 2240 4940 2324 4986; x_wconf 86' lang='lat' dir='ltr'><strong>est</strong></span> <span class='ocrx_word' id='word_1_836' title='bbox 2343 4931 2542 5002; x_wconf 81' lang='lat' dir='ltr'><strong>quippe</strong></span> <span class='ocrx_word' id='word_1_837' title='bbox 2576 4929 2819 4984; x_wconf 82' lang='lat' dir='ltr'><strong>laborum</strong></span> <span class='ocrx_word' id='word_1_838' title='bbox 2859 4926 3136 4997; x_wconf 82' lang='lat' dir='ltr'><strong>praemium</strong></span> <span class='ocrx_word' id='word_1_839' title='bbox 3174 4936 3230 4981; x_wconf 90' lang='lat' dir='ltr'><strong>et</strong></span> <span class='ocrx_word' id='word_1_840' title='bbox 3263 4923 3554 4996; x_wconf 67' lang='lat' dir='ltr'><strong>diligentiae</strong></span> <span class='ocrx_word' id='word_1_841' title='bbox 3594 4936 3825 4980; x_wconf 80' lang='lat' dir='ltr'><strong>merces.</strong></span> 
     </span>
    </p>
   </div>
   <div class='ocr_carea' id='block_1_112' title="bbox 2240 5013 3832 5093">
    <p class='ocr_par' dir='ltr' id='par_1_112' title="bbox 2240 5013 3832 5093">
     <span class='ocr_line' id='line_1_112' title="bbox 2240 5013 3832 5093; baseline -0.003 -16"><span class='ocrx_word' id='word_1_842' title='bbox 2240 5023 2415 5093; x_wconf 88' lang='lat' dir='ltr'><strong>Atque</strong></span> <span class='ocrx_word' id='word_1_843' title='bbox 2447 5031 2506 5076; x_wconf 89' lang='lat' dir='ltr'><strong>ut</strong></span> <span class='ocrx_word' id='word_1_844' title='bbox 2544 5020 2809 5088; x_wconf 78' lang='lat' dir='ltr'><strong>intelligas</strong></span> <span class='ocrx_word' id='word_1_845' title='bbox 2836 5019 3246 5076; x_wconf 89' lang='lat' dir='ltr'><strong>fructuosiorem</strong></span> <span class='ocrx_word' id='word_1_846' title='bbox 3287 5031 3408 5072; x_wconf 88' lang='lat' dir='ltr'><strong>esse</strong></span> <span class='ocrx_word' id='word_1_847' title='bbox 3454 5025 3615 5086; x_wconf 90' lang='lat' dir='ltr'><strong>atque</strong></span> <span class='ocrx_word' id='word_1_848' title='bbox 3651 5013 3832 5072; x_wconf 74' lang='lat' dir='ltr'><strong>utilio-</strong></span> 
     </span>
    </p>
   </div>
   <div class='ocr_carea' id='block_1_113' title="bbox 2241 5105 3832 5184">
    <p class='ocr_par' dir='ltr' id='par_1_113' title="bbox 2241 5105 3832 5184">
     <span class='ocr_line' id='line_1_113' title="bbox 2241 5105 3832 5184; baseline -0.006 -16"><span class='ocrx_word' id='word_1_849' title='bbox 2241 5128 2354 5168; x_wconf 93' lang='lat' dir='ltr'><strong>rem</strong></span> <span class='ocrx_word' id='word_1_850' title='bbox 2382 5113 2535 5184; x_wconf 83' lang='lat' dir='ltr'><strong>signo</strong></span> <span class='ocrx_word' id='word_1_851' title='bbox 2575 5112 2862 5176; x_wconf 86' lang='lat' dir='ltr'><strong>actionem,</strong></span> <span class='ocrx_word' id='word_1_852' title='bbox 2893 5111 3034 5166; x_wconf 88' lang='lat' dir='ltr'><strong>actio</strong></span> <span class='ocrx_word' id='word_1_853' title='bbox 3080 5111 3292 5181; x_wconf 90' lang='lat' dir='ltr'><strong>quidem</strong></span> <span class='ocrx_word' id='word_1_854' title='bbox 3335 5110 3472 5164; x_wconf 85' lang='lat' dir='ltr'><strong>bona</strong></span> <span class='ocrx_word' id='word_1_855' title='bbox 3515 5109 3676 5170; x_wconf 89' lang='lat' dir='ltr'><strong>etiam</strong></span> <span class='ocrx_word' id='word_1_856' title='bbox 3709 5105 3832 5160; x_wconf 85' lang='lat' dir='ltr'><strong>sine</strong></span> 
     </span>
    </p>
   </div>
   <div class='ocr_carea' id='block_1_114' title="bbox 2241 5198 3832 5280">
    <p class='ocr_par' dir='ltr' id='par_1_114' title="bbox 2241 5198 3832 5280">
     <span class='ocr_line' id='line_1_114' title="bbox 2241 5198 3832 5280; baseline -0.008 -17"><span class='ocrx_word' id='word_1_857' title='bbox 2241 5208 2408 5280; x_wconf 85' lang='lat' dir='ltr'><strong>signis</strong></span> <span class='ocrx_word' id='word_1_858' title='bbox 2433 5221 2547 5273; x_wconf 90' lang='lat' dir='ltr'><strong>eos,</strong></span> <span class='ocrx_word' id='word_1_859' title='bbox 2578 5221 2609 5261; x_wconf 88' lang='lat' dir='ltr'><strong>a</strong></span> <span class='ocrx_word' id='word_1_860' title='bbox 2636 5205 2828 5277; x_wconf 89' lang='lat' dir='ltr'><strong>quibus</strong></span> <span class='ocrx_word' id='word_1_861' title='bbox 2853 5213 3066 5276; x_wconf 88' lang='lat' dir='ltr'><strong>peracta</strong></span> <span class='ocrx_word' id='word_1_862' title='bbox 3093 5203 3270 5270; x_wconf 89' lang='lat' dir='ltr'><strong>fuerit,</strong></span> <span class='ocrx_word' id='word_1_863' title='bbox 3299 5200 3588 5257; x_wconf 90' lang='lat' dir='ltr'><strong>introducit</strong></span> <span class='ocrx_word' id='word_1_864' title='bbox 3625 5198 3679 5254; x_wconf 91' lang='lat' dir='ltr'><strong>in</strong></span> <span class='ocrx_word' id='word_1_865' title='bbox 3720 5213 3832 5252; x_wconf 72' lang='grc' dir='ltr'><strong>σεο-</strong></span> 
     </span>
    </p>
   </div>
   <div class='ocr_carea' id='block_1_115' title="bbox 2243 5297 3831 5370">
    <p class='ocr_par' dir='ltr' id='par_1_115' title="bbox 2243 5297 3831 5370">
     <span class='ocr_line' id='line_1_115' title="bbox 2243 5297 3831 5370; baseline -0.008 -10"><span class='ocrx_word' id='word_1_866' title='bbox 2243 5305 2351 5360; x_wconf 90' lang='lat' dir='ltr'><strong>lum</strong></span> <span class='ocrx_word' id='word_1_867' title='bbox 2381 5321 2394 5358; x_wconf 92' lang='lat'><strong>:</strong></span> <span class='ocrx_word' id='word_1_868' title='bbox 2423 5303 2738 5359; x_wconf 91' lang='lat' dir='ltr'><strong>miraculum</strong></span> <span class='ocrx_word' id='word_1_869' title='bbox 2766 5311 2945 5358; x_wconf 88' lang='lat' dir='ltr'><strong>autem</strong></span> <span class='ocrx_word' id='word_1_870' title='bbox 2975 5309 3029 5357; x_wconf 89' lang='lat' dir='ltr'><strong>et</strong></span> <span class='ocrx_word' id='word_1_871' title='bbox 3055 5301 3264 5370; x_wconf 91' lang='lat' dir='ltr'><strong>signum</strong></span> <span class='ocrx_word' id='word_1_872' title='bbox 3305 5297 3507 5366; x_wconf 85' lang='lat' dir='ltr'><strong>absque</strong></span> <span class='ocrx_word' id='word_1_873' title='bbox 3532 5306 3831 5349; x_wconf 78' lang='lat' dir='ltr'><strong>conversa-</strong></span> 
     </span>
    </p>
   </div>
   <div class='ocr_carea' id='block_1_116' title="bbox 2244 5386 3830 5460">
    <p class='ocr_par' dir='ltr' id='par_1_116' title="bbox 2244 5386 3830 5460">
     <span class='ocr_line' id='line_1_116' title="bbox 2244 5386 3830 5460; baseline -0.014 -4"><span class='ocrx_word' id='word_1_874' title='bbox 2244 5402 2388 5456; x_wconf 92' lang='lat' dir='ltr'><strong>tione</strong></span> <span class='ocrx_word' id='word_1_875' title='bbox 2405 5397 2668 5454; x_wconf 89' lang='lat' dir='ltr'><strong>deducere</strong></span> <span class='ocrx_word' id='word_1_876' title='bbox 2687 5396 2754 5452; x_wconf 91' lang='lat' dir='ltr'><strong>ad</strong></span> <span class='ocrx_word' id='word_1_877' title='bbox 2774 5395 3032 5451; x_wconf 89' lang='lat' dir='ltr'><strong>vestibula</strong></span> <span class='ocrx_word' id='word_1_878' title='bbox 3061 5392 3148 5448; x_wconf 91' lang='lat' dir='ltr'><strong>illa</strong></span> <span class='ocrx_word' id='word_1_879' title='bbox 3173 5406 3276 5446; x_wconf 92' lang='lat' dir='ltr'><strong>non</strong></span> <span class='ocrx_word' id='word_1_880' title='bbox 3301 5397 3541 5460; x_wconf 89' lang='lat' dir='ltr'><strong>possunt.</strong></span> <span class='ocrx_word' id='word_1_881' title='bbox 3558 5386 3678 5453; x_wconf 87' lang='lat' dir='ltr'><strong>Quo</strong></span> <span class='ocrx_word' id='word_1_882' title='bbox 3702 5396 3830 5439; x_wconf 80' lang='lat' dir='ltr'><strong>vero</strong></span> 
     </span>
    </p>
   </div>
   <div class='ocr_carea' id='block_1_117' title="bbox 2242 5475 3824 5567">
    <p class='ocr_par' dir='ltr' id='par_1_117' title="bbox 2242 5475 3824 5567">
     <span class='ocr_line' id='line_1_117' title="bbox 2242 5475 3824 5567; baseline -0.013 -18"><span class='ocrx_word' id='word_1_883' title='bbox 2242 5503 2396 5567; x_wconf 87' lang='lat' dir='ltr'><strong>pacto</strong></span> <span class='ocrx_word' id='word_1_884' title='bbox 2433 5493 2484 5548; x_wconf 92' lang='lat' dir='ltr'><strong>id</strong></span> <span class='ocrx_word' id='word_1_885' title='bbox 2526 5491 2638 5559; x_wconf 89' lang='lat' dir='ltr'><strong>fiat,</strong></span> <span class='ocrx_word' id='word_1_886' title='bbox 2682 5487 2961 5544; x_wconf 85' lang='lat' dir='ltr'><strong>ostendam</strong></span> <span class='ocrx_word' id='word_1_887' title='bbox 3005 5502 3019 5539; x_wconf 92' lang='lat'><strong>:</strong></span> <span class='ocrx_word' id='word_1_888' title='bbox 3061 5498 3157 5539; x_wconf 89' lang='lat' dir='ltr'><strong>vos</strong></span> <span class='ocrx_word' id='word_1_889' title='bbox 3185 5492 3364 5538; x_wconf 87' lang='lat' dir='ltr'><strong>autem</strong></span> <span class='ocrx_word' id='word_1_890' title='bbox 3394 5475 3824 5539; x_wconf 85' lang='lat' dir='ltr'><strong>animadvertite,</strong></span> 
     </span>
    </p>
   </div>
   <div class='ocr_carea' id='block_1_118' title="bbox 2301 5610 3826 5700">
    <p class='ocr_par' dir='ltr' id='par_1_118' title="bbox 2301 5610 3826 5700">
     <span class='ocr_line' id='line_1_118' title="bbox 2301 5610 3826 5700; baseline -0.013 -21"><span class='ocrx_word' id='word_1_891' title='bbox 2301 5629 2319 5660; x_wconf 83' lang='grc'>¹</span> <span class='ocrx_word' id='word_1_892' title='bbox 2353 5627 2505 5700; x_wconf 70' lang='lat' dir='ltr'><strong>Colb.,</strong></span> <span class='ocrx_word' id='word_1_893' title='bbox 2545 5621 2992 5700; x_wconf 77' lang='lat' dir='ltr'><strong>Oportet</strong></span> <span class='ocrx_word' id='word_1_894' title='bbox 3015 5619 3105 5671; x_wconf 87' lang='lat' dir='ltr'><strong>illa</strong></span> <span class='ocrx_word' id='word_1_895' title='bbox 3130 5618 3275 5671; x_wconf 65' lang='lat' dir='ltr'><strong>uerba</strong></span> <span class='ocrx_word' id='word_1_896' title='bbox 3309 5614 3500 5690; x_wconf 65' lang='lat' dir='ltr'><strong>orntum</strong></span> <span class='ocrx_word' id='word_1_897' title='bbox 3536 5610 3826 5676; x_wconf 67' lang='lat' dir='ltr'><strong>mullique,</strong></span> 
     </span>
    </p>
   </div>
   <div class='ocr_carea' id='block_1_119' title="bbox 2238 5686 3011 5754">
    <p class='ocr_par' dir='ltr' id='par_1_119' title="bbox 2238 5686 3011 5754">
     <span class='ocr_line' id='line_1_119' title="bbox 2238 5686 3011 5754; baseline -0.018 -10"><span class='ocrx_word' id='word_1_898' title='bbox 2238 5703 2406 5754; x_wconf 84' lang='lat' dir='ltr'><strong>nempe</strong></span> <span class='ocrx_word' id='word_1_899' title='bbox 2429 5686 2719 5739; x_wconf 82' lang='lat' dir='ltr'><strong>miraculum</strong></span> <span class='ocrx_word' id='word_1_900' title='bbox 2741 5691 2786 5736; x_wconf 83' lang='lat' dir='ltr'><strong>et</strong></span> <span class='ocrx_word' id='word_1_901' title='bbox 2805 5686 3011 5747; x_wconf 82' lang='lat' dir='ltr'><strong>signum.</strong></span> 
     </span>
    </p>
   </div>
  </div>
