4066 6274
475 306 543 362 81
1060 307 1119 362 S.
1160 301 1446 363 JOAN‘NIS
1500 292 1988 356 CIIRYSOSTOMI
2028 289 2347 346 ARCHIEP.
2382 288 2932 347 CONSTANTINOP.

476 420 705 491 πράξεις
736 418 917 489 ἔχουσι
948 414 1089 468 κατά
1129 413 1225 484 τὴν
1257 411 1364 465 τῶν
1400 409 1605 482 μισθῶν
1640 405 1892 479 ἀμοιϐήν·
1928 400 2044 491 πῶς

2153 399 2320 453 σῶσαι
2353 399 2423 454 τὰ
2451 401 2685 471 σημεῖα,
2719 396 2902 468 ἐπειδὴ
2923 393 3155 468 λῃστὴς,
3191 392 3284 447 καὶ
3310 392 3547 467 κλέπτης
3569 436 3585 461 ,
3621 398 3731 452 καὶ

474 484 547 559 gi
580 484 678 572 μὲν
705 484 906 571 σημεῖα
935 497 1057 552 καθ’
1076 495 1243 551 ἐαυτά
1267 497 1397 548 ὅντα
1415 496 1476 547 οὐ
1501 491 1664 556 σώζει
1694 491 1820 553 τοὺς
1840 484 2050 572 ποιρῦν·-
2083 491 2241 565 ..ητοῦ
2272 492 2543 546 Δεσπότου
2583 489 2848 562 προδότης
2872 487 3108 556 ἐγένετο.
3133 486 3254 539 ’Ότι
3289 486 3386 556 μὲν
3412 485 3483 540 τὰ
3509 492 3726 560 σημεῖα.

475 569 595 651 τας,
630 587 664 656 ἡ
709 569 992 655 δὲ-πράξις
1023 579 1145 635 καθ’
1175 579 1373 648 ἑαυτὴν
1406 571 1563 640 οὖσα,
1605 573 1821 656 οὐδενὸς
1854 569 2049 656 ἑτέρον
2146 581 2248 634 οὐκ
2281 579 2451 651 ίσχύει
2481 579 2651 633 σῶσαι
2698 578 2866 649 χωρὶς
2897 575 3171 638 πολιτείας
3201 574 3428 646 ἀρίστης
3458 576 3551 630 καὶ
3596 575 3726 648 βίου

475 648 798 737 δεῖται-πρὸς
816 648 1086 736 σωτηρίαν
1095 662 1204 716 τῶν
1220 678 1386 731 κεκτη
1395 660 1589 731 μένων.
1602 653 1827 712 Πολλοί
1841 648 2049 737 ἐροῦσι

469 767 593 820 μοι,
624 735 786 821 φησὶν
814 735 1120 819 ὅΧριστὸς,
1158 746 1229 799 ἐν
1257 743 1460 811 ἐκείνῃ
1505 739 1580 809 τῇ
1616 735 2047 821 ἡμέρᾳοςιίὐοιε,

476 815 773 902 Κύριε,νώ
807 829 887 897 τῷ
908 815 998 895 σῷ
1031 829 1276 897 ὀνόματι
1301 824 1865 895 προεφητεύσαμεν;
1890 815 2050 902 τοῦτο

477 899 702 988 σημεῖον
738 913 833 968 καὶ
860 911 1065 982 θαῦμαο
1095 912 1176 964 Οὐ
1224 907 1305 974 τῷ
1357 906 1447 973 σῷ
1487 907 1731 988 ὀνόματι
1774 899 2051 988 δαιμόνια

475 983 680 1055 πολλὰ
698 995 1084 1064 ἐξεϐάλομεν,
1105 992 1207 1047 καί
1220 990 1503 1060 δυνάμεις
1517 987 1753 1052 πολλὰς
1765 983 2050 1052 ἐποιήσα-

473 1097 625 1152 μενς
670 1081 831 1152 Ὁρᾷς
863 1077 1140 1147 πανταχοῦ
1186 1077 1386 1147 σημεῖα
1425 1074 1519 1127 καὶ
1549 1069 1820 1140 θαῦμα-ια’
1853 1065 2049 1152 ἴδωμεν

475 1147 530 1218 τί
552 1147 947 1235 φήσινόΘεός.
975 1159 1193 1229 Ἐπειδὴ
1221 1156 1408 1228 γυμνά
1431 1156 1500 1209 τά
1532 1153 1807 1223 θαύματα,
1841 1148 1935 1235 καὶ
1956 1147 2065 1235 οὐέ

476 1232 650 1318 δαμοῦ
686 1243 955 1306 πολιτεία,
984 1243 1317 1312 Πορεύεσθε
1337 1253 1384 1305 ι,
1405 1237 1590 1309 φησὶν,
1612 1236 1711 1291 ἀπ’
1742 1232 1910 1318 ἐμοῦ,
1940 1232 2052 1318 air-aa

478 1307 615 1385 οἴδα
645 1326 822 1398 ὑμᾶς,
851 1331 907 1381 οἱ
937 1307 1309 1397 ἐργαζόμενοι
1327 1307 1441 1391 τὴν
1456 1307 1728 1390 ἀνομίαν.
1750 1318 1813 1369 Εἰ
1841 1315 1941 1368 οὐκ
1972 1307 2054 1398 οἷ·-

480 1415 577 1476 δας
606 1394 823 1477 αὐτοὺς,
1013 1394 1181 1471 *οἶδας
1231 1407 1449 1468 αὐτοὺς,
1500 1405 1549 1456 εί
1597 1399 1918 1471 ἐργάζονται
1954 1394 2052 1466 τὴν

481 1495 747 1567 άνομίαν;
783 1494 901 1547 Ἵνα
933 1491 1130 1565 μάθῃς,
1164 1491 1246 1543 ὅτι
1292 1487 1373 1550 τὸ,
1426 1487 1548 1539 Οὐκ
1580 1481 1713 1538 οῖδα
1753 1479 1928 1567 ὑμᾶς,
1954 1481 2054 1567 οὐκ

483 1564 708 1648 ἀγνοίας
737 1564 1095 1637 .ἐστὶν,ίάλλά
1141 1572 1330 1644 μίσους
1380 1570 1473 1623 καὶ
1520 1564 2055 1648 ἀποστροφῆς-Οὐκ

485 1642 619 1716 οῖδα
651 1657 826 1730 ὑμᾶς.
886 1656 1043 1720 Τίνος
1093 1642 1299 1720 ἕνεκεν,
1360 1650 1480 1704 εἰπέ
1533 1666 1657 1721 μοι;
1719 1650 1801 1701 Οὐ
1850 1643 1932 1730 τῷ
1967 1642 2056 1730 σῷ

486 1729 730 1814 ὀνόματι
758 1742 1033 1813 δαιμόνια
1055 1738 1418 1806 ἐξεϐάλομεν
1436 1753 1455 1801 ;
1472 1736 1569 1787 Διὰ
1596 1732 1753 1785 τοῦτο
1782 1730 1889 1801 γὰρ
1914 1729 2057 1814 ὑμᾷς

489 1813 632 1897 μισῶ
657 1826 751 1881 καὶ
779 1825 1212 1896 ἀποστρέφομαι,
1229 1821 1412 1891 φησὶν,
1442 1819 1524 1871 ὅτι
1542 1816 1661 1870 οὐδὲ
1680 1817 1797 1877 ταῖς
1827 1813 2056 1884 δωρεαῖς

488 1909 728 1982 βελτίους
756 1907 1026 1979 ἐγένεσθε,
1066 1908 1148 1961 ὅτι
1177 1904 1443 1974 τοσαύτης
1468 1900 1871 1982 ἀπολαύσαντες
1894 1898 2058 1982 τιμῆς

486 1980 739 2066 ἐμείνατε
758 1992 851 2046 ἐπὶ
872 1993 971 2063 τῆς
993 1991 1161 2061 αὐτῆς
1183 1988 1403 2051 κακίας.
1422 1985 1752 2054 Πορεύεσθε
1766 1981 1867 2037 ἀπ’
1889 1980 2056 2051 ἐμοῦ,

489 2082 601 2135 οὐκ
625 2073 758 2132 οῖδα
793 2074 970 2147 ὑμᾶς.

560 2214 624 2269 Τί
654 2209 777 2280 οῦν;
802 2202 876 2267 T6
901 2210 1129 2266 παλαιὸν
1172 2207 1380 2273 ἀνάξιοι
1402 2206 1704 2278 ἐλάμϐανον
1723 2204 2057 2277 χαρίσματα,

490 2305 588 2360 καὶ
605 2302 992 2376 διεφθαρμένοι
1025 2302 1116 2355 τὸν
1153 2299 1266 2371 βίον
1307 2300 1509 2371 σημεῖα
1535 2296 1937 2358 ἐπεδείκνυντο,
1966 2292 2064 2345 καὶ

492 2395 643 2460 Θείας
678 2394 958 2467 ἀπήλαυον
987 2393 1219 2466 δωρεᾶς,
1264 2390 1365 2459 τῆς
1411 2388 1689 2451 πολιτείας
1732 2387 1832 2439 οὐκ
1870 2387 2064 2454 ἐπιμε-

493 2488 745 2558 λούμενοι
770 2487 867 2558 τῆς
896 2485 1161 2555 ἀρίστης;
1200 2481 1504 2552 Ἀπήλαυον
1539 2480 1627 2533 διὰ
1654 2479 1753 2549 τὴν
1795 2476 1905 2546 τοῦ⁸
1928 2473 2062 2528 Θεοῦ

496 2579 928 2650 φιλανθρωπίαν,
958 2578 1021 2629 οὐ
1059 2576 1150 2629 διά
1177 2575 1275 2645 τὴν
1319 2575 1526 2627 οἰκείαν
1557 2571 1739 2638 ἀξίαν.
1779 2570 1926 2623 Ἔδει
1954 2567 2064 2638 γὰρ

497 2670 778 2742 πανταχοῦ
812 2668 1090 2741 σπαρῆναι
1109 2666 1212 2736 τῆς
1242 2664 1524 2728 εὐσεϐείας
1545 2662 1638 2716 τον
1670 2662 1847 2730 λόγον,
1877 2659 2066 2730 ἐπειδὴ

498 2763 645 2836 ἀρχὴ
683 2762 779 2816 καὶ
824 2758 1085 2831 προοίμια
1119 2756 1222 2827 τῆς
1266 2755 1505 2817 πίστεως
1546 2748 1636 2823 ἦν.
1673 2750 1944 2821 Καθάπερ
1973 2744 2066 2803 οὖν

500 2854 736 2926 γηπόνος
759 2849 1247 2923 ἀριστοςνεόφυτον
1258 2845 1472 2916 δένδρον
1495 2845 1606 2908 τοῖς
1619 2842 1839 2905 κόλποις
1855 2841 1953 2912 τῆς
1967 2840 2069 2910 γῆς

498 2946 625 3018 ἀρτι
658 2938 1263 3015 παρακατατιθέμενος,
1286 2934 1494 2990 ἀπαλδν
1511 2934 1756 3005 ὑπάρχον
1772 2931 1852 2985 ἐτι
1869 2929 2070 2999 πολλῆς

503 3034 821 3107 ἐπιμελείας
869 3031 984 3106 [65]
1045 3030 1206 3099 ἀξιοῖ,
1272 3024 1613 3097 πανταχόθεν
1659 3024 2067 3096 περιφράττων,

501 3125 753 3196 τειχίζων
786 3123 879 3177 καὶ
903 3121 1074 3185 λίθοις
1103 3121 1199 3175 καὶ
1229 3119 1515 3186 ἀκάνθαις,
1543 3116 1683 3171 ὥστε
1714 3115 1790 3187 μὴ
1810 3115 1915 3169 ὐπὸ
1943 3114 2069 3168 ἀνέ-

506 3236 622 3289 μων
643 3217 859 3270 ἀνασπα
869 3214 1076 3285 σθῆναι,
1098 3213 1233 3283 μήτε
1257 3210 1361 3264 ὐπὸ
1385 3209 1716 3281 θρεμμάτων
1729 3207 2072 3278 ἀδικηθῆναι,

509 3310 645 3381 μήτε
668 3306 772 3361 ὑπὸ
800 3304 964 3375 ἄλλης
984 3303 1128 3366 τινὸς
1150 3300 1557 3374 ἐπηρεασθῆναι
1584 3299 1791 3371 βλάϐης
1808 3314 1823 3329 ο
1854 3296 2073 3352 ἐπειδάν

505 3399 562 3453 δὲ
594 3395 767 3467 παγὲν
792 3395 886 3449 καί¹
914 3393 1051 3466 πρὸς
1080 3392 1214 3463 ὕψος
1237 3390 1547 3463 ἀναδραμὸν
1578 3390 1681 3463 ἴδῃ,
1701 3391 1981 3463 περιαιρεῖ
2007 3387 2074 3442 τὰ

508 3490 683 3562 τειχία
705 3504 720 3518 ⁸
768 3489 934 3561 ἀρκεῖ
970 3486 1078 3558 γὰρ
1114 3484 1248 3539 αὐτὸ
1285 3484 1346 3538 τὺ
1392 3482 1608 3557 δένδρον
1640 3482 1779 3555 πρὸς
1814 3483 1875 3536 τὸ
1908 3482 2075 3554 μηδὲν

507 3583 748 3638 τοιοῦτον
764 3581 957 3636 παθεῖν
974 3597 988 3611 ·
1016 3577 1160 3633 οὕτω
1188 3577 1284 3632 καὶ
1313 3577 1406 3630 ἐπὶ
1428 3577 1528 3647 τῆς
1560 3577 1798 3640 πίστεως
1827 3576 2075 3645 γέγονεν.

511 3678 641 3750 Ὅτε
669 3673 928 3743 νεόφυτος
961 3667 1052 3742 ἦν,
1082 3671 1172 3724 ὅτε
1202 3669 1386 3740 ἁπαλὴ
1415 3668 1684 3739 ὑπῆρχεν,
1714 3669 1804 3721 ὅτε
1832 3666 2078 3737 προσφά-

509 3784 618 3833 τως
650 3768 709 3821 ἐν
734 3767 855 3829 ταῖς
885 3765 993 3818 τῶν
1016 3762 1319 3835 ἀνθρώπων
1349 3759 1655 3832 κατεϐλήθη
1695 3759 1915 3830 ψυχαῖς,
1950 3757 2080 3811 πολ-

510 3863 609 3933 λῆς
635 3859 953 3931 ἐπιμελείας
986 3856 1203 3927 ὴξιοῦτο
1251 3854 1547 3909 πάντοθενο
1581 3853 1769 3924 ἐπειδὴ
1795 3852 1852 3905 δὲ
1896 3851 2076 3921 ἐπάγη

513 3953 607 4008 καὶ
632 3951 900 4025 ἐρριζὼθη
924 3951 1017 4005 καὶ
1044 3949 1181 4022 πρὸς
1197 3948 1327 4018 ῦψος
1347 3947 1670 4020 ἀνέδραμεν,
1689 3944 1877 4015 ἐπειδὴ
1901 3945 2079 3997 πᾶσαν

511 4043 610 4114 τὴν
635 4041 960 4112 οἰκουμένην
1001 4038 1310 4109 ἐπλήρωσε,
1356 4035 1451 4088 καὶ
1495 4032 1728 4103 περιῆρε
1771 4030 1839 4083 τά
1866 4028 2078 4098 τειχία,

514 4134 607 4187 καὶ
635 4132 703 4185 τά
745 4129 1128 4200 ἀσφαλίσματα
1161 4126 1347 4178 λοιπὸν
1374 4123 1583 4177 ἀνεῖλεν
1615 4123 1644 4174 6
1683 4120 1936 4192 Χριστός.
1983 4118 2081 4172 Διά

514 4223 673 4277 τοῦτο
702 4219 855 4290 παρὰ
905 4218 1003 4289 μὲν
1041 4218 1140 4288 τὴν
1169 4215 1343 4288 ἀρχὴν
1382 4215 1477 4269 καὶ
1510 4211 1745 4278 ἀναξίοις
1771 4210 2083 4283 χαρίσματα

517 4310 717 4364 ἐδίδοτο
736 4324 750 4338 ·
786 4306 976 4380 χρείαν
1003 4304 1110 4375 γὰρ
1139 4299 1253 4374 εἶχε
1285 4301 1347 4355 τὸ
1373 4300 1603 4355 παλαιὸν
1629 4300 1679 4366 b,
1708 4297 1810 4368 τῆς
1848 4295 2083 4358 πίστεως

516 4404 700 4463 ἕνεκα,
734 4399 934 4470 ταύτης
975 4396 1077 4469 τῆς
1114 4394 1363 4467 βοηθείας
1386 4410 1398 4422 ·
1431 4392 1525 4448 νῦν
1561 4392 1617 4446 δὲ
1656 4392 1778 4446 οὐδέ
1809 4389 1980 4455 ἀξίοις
2011 4388 2085 4442 δίο

517 4495 699 4548 δοται·
726 4494 759 4564 ὴ
785 4492 891 4564 γὰρ
912 4489 1065 4559 ἰσχὺς
1091 4486 1194 4559 τῆς
1219 4484 1453 4559 πίστεως
1478 4484 1665 4539 οὐκέτι
1689 4481 1893 4553 ταύτης
1913 4480 2084 4534 δεῖται

517 4587 618 4657 τῆς
666 4582 1003 4657 συμμαχίας.
1048 4582 1160 4636 Καὶ
1209 4580 1296 4634 ἵνα
1336 4578 1513 4651 μάθῃς
1542 4579 1624 4631 ὅτι
1659 4576 1760 4629 οὐκ
1803 4573 2086 4644 ἐψεύδοντο

521 4682 746 4741 ἐκεῖνοι,
777 4675 914 4731 ἀλλά
938 4672 1153 4744 ἀληθῶς
1190 4674 1392 4742 σημεῖα
1423 4668 1707 4737 ἐποίησαν,
1734 4665 1828 4719 καὶ
1850 4662 2087 4728 ἀναξίοις

520 4769 829 4843 ἀνθρώποις
853 4766 1170 4839 χαρίσματα
1191 4762 1411 4827 ἐδίδοτο,
1439 4762 1534 4815 καὶ
1557 4759 1643 4813 ἶνα
1659 4757 1796 4828 πρὸς
1816 4757 1927 4843 τοῖς
1945 4755 2090 4843 εἰρηέ

408 4895 415 4903 ν
524 4840 703 4929 μένοις
750 4857 845 4912 καὶ
873 4855 1060 4928 ἓτερόν
1108 4871 1161 4906 τι
1190 4849 1533 4923 κατορθωθῇ,
1567 4847 1661 4900 καὶ
1685 4846 1784 4915 τὴν
1822 4842 1919 4897 τοῦ
1952 4840 2090 4897 Θεοῦ

520 4950 728 5025 δωρεὰν
758 4946 1095 5009 αἰδεσθέντες
1117 4946 1313 4998 ἐκεῖνοι
1339 4940 1648 5007 ἀποθῶνται
1671 4937 1769 5008 τὴν
1796 4934 2088 5006 πονηρίαν,

531 5034 732 5104 Ἰούδας
761 5041 791 5093 6
818 5039 928 5093 τῶν
957 5036 1165 5092 δώδεκα
1192 5035 1345 5106 παρά
1376 5034 1543 5087 πᾶσιν
1590 5030 1935 5101 ὁμολογεῖται
1958 5067 1972 5090 ,
2008 5028 2092 5080 ὅτι

524 5135 726 5204 σημεῖα
769 5130 979 5195 ἐποίει,
1018 5130 1102 5184 ὅτι
1128 5127 1389 5196 δαίμονας
1412 5123 1717 5191 ἐξέϐαλλεν,
1756 5122 1839 5176 ὅτι
1865 5122 2094 5192 νεκροὺς

527 5227 767 5294 ἤγειρεν,
812 5220 895 5273 ὅτι
934 5218 1168 5290 λεπροὺς
1214 5215 1501 5287 ἐκάθηρεν·
1534 5213 1648 5266 ἀλλ’
1689 5213 1840 5283 ὅμως
1869 5211 2094 5278 ἐξέπεσε

526 5314 625 5383 τῆς
659 5309 935 5382 βασιλείας
970 5306 1079 5361 τῶν
1110 5305 1373 5376 οὐρανῶν.
1418 5305 1493 5357 Οὐ
1534 5304 1642 5374 γὰρ
1685 5304 1901 5373 ἴσχυσεν
1936 5302 2095 5355 αὐτὸν

588 5462 615 5492 ⁸
639 5459 774 5512 Colb.
798 5457 1014 5521 δυνάμεις
1047 5454 1252 5521 ἑποιήσα

526 5510 764 5591 θαύματος
783 5510 1549 5591 οὐδαμοῦξπρᾶξιςξούδξπολιτεία.
1793 5510 2039 5591 οῦγζφησὶ,
2055 5510 2099 5583 τί

526 5573 791 5644 ὀχξκστός.
823 5573 1012 5638 Ἐπειδὴ
1043 5573 1195 5642 γυμνὰ
1211 5577 1272 5627 τὰ
1290 5576 1519 5639 θαύματα,
1542 5576 1624 5624 καὶ
1656 5573 1867 5635 οὐδαμοῦ
1888 5573 2099 5621 πολιτεία

529 5643 610 5691 καὶ
632 5642 1091 5691 ποᾶξιςλιοοεύεσθε.

529 5643 1091 5751 καὶπρᾶξιςλιοὶεύεσθε.
1180 5704 1190 5714 ⁸
1221 5705 1231 5715 ν
1485 5701 1500 5716 ρ

591 5701 621 5747 ι
645 5703 780 5753 Lolb.
805 5719 860 5751 το
916 5704 1084 5763 παλον,
1113 5703 1234 5757 edm
1253 5701 1308 5750 τὸ
1329 5702 1545 5750 παλαιον.

1349 5452 1509 5517 ςᾲόρᾷς
1544 5447 1786 5517 πανταχοῦ
1821 5448 2099 5517 σημεῖα-καί
2129 5456 2141 5463 ”

2149 669 2390 741 καθαροῦ
2420 671 2515 724 καὶ
2547 667 3011 741 διηκριϐωμένον,
3054 666 3162 720 ἀπὸ
3197 664 3400 720 τούτων
3438 667 3728 722 ἀποδέδει-

2150 778 2295 816 κται·
2327 763 2409 816 ὅτι
2445 761 2504 815 δέ
2543 759 2785 815 πολιτεία
2821 758 2923 812 οὐκ
2961 757 3159 829 ἔχουσα
3199 759 3298 830 τὴν
3330 758 3438 813 ἀπὸ
3472 759 3583 813 τῶν
3618 776 3731 830 ση-

2154 853 2320 924 μείων
2350 851 2723 925 παραμυθίαν,
2751 849 2871 904 οὐδέ
2899 848 3186 920 σύμμαχον
3211 847 3450 903 λαϐοῦσα
3477 850 3723 919 ἐκείνην,

2150 943 2265 997 ἀλλ’
2294 943 2430 1016 αὕτη
2458 942 2578 999 καθ’
2610 941 2805 1013 ἑαυτὴν
2830 943 3058 1011 φανεῖσα
3074 981 3105 1004 ,η
3127 940 3314 1011 ἴσχυσε
3337 940 3477 1010 μετά
3505 942 3729 1013 παρρη-

2153 1033 2277 1098 σίας
2301 1034 2563 1089 εἰσελθεῖν
2591 1034 2671 1098 είς
2696 1031 2792 1103 τὴν
2821 1031 3096 1102 βασιλείαν
3122 1032 3231 1086 τῶν
3263 1031 3527 1104 οὐρανῶν,
3552 1032 3725 1085 ἀκου-

2155 1143 2246 1180 σον
2283 1125 2447 1180 αὐτοῦ
2470 1124 2564 1179 τοῦ
2593 1124 2831 1197 Χριστοῦ
2862 1124 3130 1194 λέγοντος
3166 1123 3364 1187 Δεῦτε,
3393 1125 3729 1192 0186.10711—

2146 1215 2317 1286 μένοι
2348 1217 2454 1272 τοῦ
2488 1217 2718 1286 Πατρός
2733 1234 2875 1286 μου,
2902 1215 3397 1284 κληρονομήσατε
3424 1214 3539 1283 τὴν
3562 1216 3731 1283 ήτοι-

2149 1310 2467 1381 μασμένην
2485 1308 2629 1378 ὑμῖν
2639 1308 2967 1374 ,βασιλειαν
2983 1308 3100 1363 ἀπὸ
3115 1306 3415 1375 καταϐολῆ
3420 1326 3452 1372 ς
3466 1308 3727 1376 κόσμου.

2154 1402 2252 1456 Διά
2275 1402 2364 1467 ei;
2389 1401 2470 1454 ὃτι
2490 1400 2717 1472 νεκροὺς
2747 1400 3004 1472 ῆγειραν;
3030 1399 3113 1451 ὅτι
3141 1398 3375 1467 λεπροὺς
3407 1398 3727 1470 ἐκάθηραν;

2154 1493 2235 1545 ὅτι
2266 1491 2525 1561 δαίμονας
2555 1489 2794 1561 manv;
2840 1486 2997 1558 Οὐχί·
3026 1486 3162 1541 ἀλλὰ
3191 1485 3281 1539 διά
3312 1485 3395 1552 τί;
3444 1485 3729 1539 Πεινῶντα

2155 1579 2323 1633 εῖδετέ
2353 1596 2442 1650 με,
2472 1579 2605 1649 φησὶ
2623 1619 2637 1642 ,
2665 1576 2762 1631 καὶ
2793 1575 3077 1648 ἐθρέψατε·
3108 1573 3378 1643 διψῶντα,
3408 1575 3501 1628 καὶ
3538 1576 3730 1629 ἐποτί-

2160 1670 2288 1723 σατέ
2308 1687 2376 1741 με
2392 1685 2406 1700 ·
2437 1667 2661 1739 γυμνὸν,
2682 1668 2775 1722 καὶ
2800 1666 3147 1738 περιεϐάλετέ
3174 1682 3265 1736 με’
3288 1666 3463 1733 ξένον,
3481 1667 3575 1719 καὶ
3598 1683 3732 1719 συν-

2156 1762 2413 1832 ηγάγετε.
2438 1759 2685 1830 Οὐδαμοῦ
2708 1758 2978 1831 θαύματα,
3005 1757 3141 1811 ἀλλά
3162 1757 3434 1826 πανταχοῦ
3458 1756 3729 1811 πολιτεία.

2160 1855 2368 1924 Ὠσπερ
2402 1849 2494 1908 οὖν
2530 1854 2646 1906 ἐκεῖ
2671 1850 2943 1922 πανταχοῦ
2973 1850 3245 1921 θαύματα,
3280 1850 3373 1903 καὶ
3405 1848 3604 1911 εὐθέως
3632 1848 3735 1902 κό-

2159 1947 2333 2010 λασις,
2363 1946 2549 2017 ἐπειδὴ
2570 1944 2753 2015 γυμνά
2777 1942 2848 1997 τὰ
2869 1942 3121 2014 θαύματα
3141 1941 3241 2011 τῆς
3262 1941 3550 2003 πολιτείας·
3581 1939 3734 1994 οὕτω

2160 2040 2253 2092 καὶ⁵
2297 2037 2529 2092 ἐνταῦθα
2561 2036 2836 2107 πανταχοῦ
2873 2034 3148 2099 πολιτεία,
3187 2035 3281 2087 καὶ
3323 2032 3559 2104 οὐδαμοῦ
3593 2032 3734 2086 θαύ-

2164 2145 2336 2200 ματα,
2372 2128 2466 2182 καὶ
2512 2127 2716 2190 εὐθέως
2759 2127 2793 2198 ἡ
2842 2126 3116 2196 σωτηρία·
3152 2123 3337 2194 ἐπειδὴ
3385 2122 3556 2194 ἰσχύει
3599 2123 3730 2176 καθ’

2162 2223 2358 2294 ἑαυτὴν
2397 2221 2566 2276 σῶσαι
2604 2223 2637 2293 ή
2679 2222 2878 2292 ἀρίστη
2915 2219 3157 2274 πολιτεία
3194 2220 3321 2283 τοὺς
3357 2219 3735 2292 κεκτημένους

2162 2314 2350 2385 αὐτήν.
2379 2312 2477 2367 Διά
2500 2312 2656 2366 τοῦτο
2684 2312 2778 2365 καὶ
2799 2312 2827 2364 6
2851 2310 3116 2382 μακάριος
3144 2302 3318 2374 οὗτος,
3343 2310 3436 2363 καὶ
3460 2312 3732 2379 γενναῖος,

2164 2405 2258 2458 καὶ
2300 2394 2603 2475 θαυμάσιος
2639 2403 2852 2466 Λουκᾶς
2882 2401 3054 2465 οὕτως
3085 2401 3362 2474 ἐπέγραψε
3402 2402 3464 2454 τὸ
3504 2400 3733 2472 βιϐλίον,

2165 2493 2417 2562 Πράξεις
2444 2493 2821 2559 ἀποστόλων,
2856 2492 2918 2546 οὐ
2945 2492 3195 2565 θαύματα
3223 2493 3535 2546 ἀποστόλων
3553 2510 3568 2525 υ
3609 2495 3738 2547 καί-

2166 2602 2245 2639 τοι
2266 2586 2359 2639 καὶ
2377 2584 2629 2656 θαύματα
2652 2585 3034 2655 πεποιήκασιν.
3075 2585 3212 2639 Ἀλλ’
3231 2587 3413 2640 ἐκεῖνα
3436 2586 3535 2658 μὲν
3555 2585 3738 2658 καιρῷ

2168 2675 2378 2743 γέγονε,
2409 2676 2502 2727 καί
2534 2672 2779 2745 παρῆλθε
2797 2690 2812 2705 ⁸
2846 2674 3019 2727 ταῦτα
3043 2674 3101 2728 δὲ
3130 2674 3220 2730 διὰ
3248 2675 3449 2739 παντὸς
3474 2675 3569 2728 τοῦ
3601 2681 3736 2746 χρό-

2169 2784 2259 2821 νου
2287 2768 2492 2830 πάντας
2519 2764 2920 2819 ἐπιδείκνυσθαι
2947 2766 3053 2838 χρὴ
3078 2767 3204 2831 τοὺς
3231 2765 3498 2832 σώζεσθαι
3517 2768 3740 2838 μέλλον-

2167 2875 2285 2922 τας.
2334 2858 2482 2911 Ἐπεί
2518 2852 2612 2910 οὖν
2647 2857 2708 2909 οὐ
2741 2856 2877 2927 πρὸς
2919 2856 2990 2910 τά
3025 2859 3256 2927 σημεῖα,
3296 2857 3430 2911 ἀλλά
3464 2858 3602 2930 πρὸς
3634 2860 3741 2924 τάς

2171 2947 2398 3020 πράξεις
2425 2947 2531 3001 τῶν
2560 2947 2871 3002 ἀποστόλων
2894 2950 2923 3001 6
2950 2948 3108 3019 ζῆλος
3140 2951 3292 3020 ἡμῖν,
3323 2950 3412 3003 διὰ
3448 2950 3607 3006 τοῦτο
3645 2952 3744 3005 οῦ-

2169 3058 2276 3105 τως
2295 3042 2356 3094 τὸ
2387 3039 2587 3110 βιϐλίον
2614 3040 2943 3111 ἐπέγραψεν.
2971 3041 3088 3095 Ἵνα
3107 3040 3214 3111 γὰρ
3240 3041 3319 3112 μὴ
3334 3042 3520 3114 λέγῃς,
3537 3044 3744 3113 μᾶλλον

2171 3129 2228 3183 δέ
2258 3126 2375 3200 [66]
2409 3126 2496 3179 ἵνα
2528 3127 2601 3198 μὴ
2630 3125 2858 3194 λέγωσιν
2887 3126 2934 3178 οἰ
2970 3125 3199 3197 ρᾁυμοι
3219 3164 3235 3190 ,
3283 3127 3502 3180 ἐπειδὰν
3540 3128 3741 3194 αὐτοὺς

2175 3216 2598 3290 παρακαλοῦμεν
2624 3217 2760 3288 πρὸς
2780 3216 2877 3285 τὴν
2897 3215 3126 3287 μίμησιν
3154 3216 3262 3270 τῶν
3285 3218 3616 3284 ἀποστόλων,
3641 3220 3741 3274 καὶ

2174 3311 2423 3381 λέγομεν·
2459 3308 2709 3380 Μίμησαι
2744 3308 2969 3378 Πέτρον,
3015 3306 3256 3379 ζήλωσον
3308 3308 3539 3375 Παῦλον,
3577 3311 3740 3379 γενοῦ

2175 3401 2316 3455 κατά
2358 3399 2628 3470 Ἰωάννην,
2656 3397 3018 3468 ἀκολούθησον
3052 3397 3327 3451 Ἰάκωϐον
3352 3398 3438 3452 ἴνα
3469 3398 3543 3471 μὴ
3567 3399 3734 3468 λέγω·

2179 3509 2282 3557 σιν,
2309 3492 2382 3545 Οὐ
2411 3488 2704 3559 δυνάμεθα,
2729 3487 2849 3540 οὐδέ
2867 3487 3139 3558 ίσχύομεν,
3166 3489 3363 3542 ἐκεῖνοι
3384 3489 3490 3558 7&9
3513 3491 3742 3561 νεκροὺς

2176 3584 2501 3654 ἀνέστησαν,
2543 3580 2775 3652 λεπροὺς
2832 3579 3128 3650 ἐκάθηραν,
3178 3579 3541 3652 ἐπιστομίζων
3582 3583 3742 3653 ἡμῶν

2177 3677 2274 3746 τὴν
2303 3674 2654 3744 ἀναίσχυντον
2674 3672 2989 3740 ἀπολογίαν,
3012 3671 3221 3735 Σιώπα,
3247 3674 3402 3742 φησὶ,
3429 3672 3738 3744 πεφίμωσο·

2178 3768 2237 3820 οὐ
2267 3766 2539 3837 θαύματα,
2570 3763 2706 3818 ἀλλά
2737 3763 2979 3817 πολιτεία
3004 3765 3084 3827 είς
3109 3765 3209 3835 τὴν
3234 3764 3507 3835 βασιλείαν
3535 3765 3743 3836 είσάγει

2178 3858 2286 3912 τῶν
2308 3855 2572 3928 οὐρανῶν.

2251 3948 2500 4020 Ζήλωαον
2524 3946 2702 4002 τοίνυν
2733 3946 2830 4017 τὴν
2857 3946 3132 4002 πολιτείαν
3156 3947 3264 4004 τῶν
3289 3949 3620 4014 ἀποστόλων,
3649 3951 3745 4005 καὶ

2180 4040 2331 4094 οὐδὲν
2359 4038 2578 4092 ἔλαττον
2608 4038 2749 4103 ἔξεις
2790 4039 2899 4091 τῶν
2928 4039 3259 4094 ἀποστόλων.
3308 4039 3382 4094 Οὐ
3413 4040 3522 4111 γὰρ
3549 4040 3618 4094 τὰ
3651 4059 3748 4112 ση-

2186 4131 2311 4200 μεῖα
2340 4127 2666 4192 ἀποστόλους
2703 4128 2977 4198 ἐποίησεν,
3033 4128 3147 4182 ἀλλ’
3193 4130 3222 4183 ό
3265 4128 3378 4200 βίος
3419 4130 3448 4183 ό
3480 4129 3747 4202 καθαρός.

2184 4220 2293 4274 Καὶ
2323 4221 2405 4275 ὅτι
2436 4218 2593 4273 τοῦτό
2618 4221 2732 4273 ἐστι
2752 4219 2813 4272 τδ
2840 4219 3128 4292 γνώρισμα
3158 4221 3255 4293 τῆς
3282 4219 3645 4291 ἀποστολικῆς
3671 4224 3749 4275 εἰ-

2184 4308 2371 4373 κόνος,
2412 4308 2506 4362 καὶ
2532 4307 2627 4360 τοῦ
2669 4308 3015 4380 χαρακτῆρος
3057 4307 3168 4361 τῶν
3209 4308 3487 4380 μαθητῶν,
3520 4309 3747 4364 ἄκουσον

2184 4401 2279 4456 τοῦ
2315 4401 2549 4474 Χριστοῦ
2582 4400 2736 4455 τοῦτο
2771 4399 3053 4471 δηλοῦντος
3079 4401 3141 4454 τὸ
3178 4406 3423 4472 σημεῖον.
3458 4404 3747 4474 Χαρακτη-

2188 4494 2351 4566 ρίζων
2383 4493 2490 4566 7&9
2517 4493 2625 4547 τῶν
2662 4492 2916 4564 μαθητῶν
2943 4493 3042 4556 τὰς
3075 4493 3309 4558 εἰκόνας.
3349 4494 3444 4547 καὶ
3464 4493 3671 4558 δεικνὺς
3695 4494 3748 4546 τί

2189 4587 2318 4641 ποτέ
2345 4588 2493 4640 ἐστιν
2533 4585 2835 4654 ἀποστολῆς
2860 4584 3177 4654 γνώρισμα,
3208 4583 3382 4648 οὕτως
3410 4581 3582 4638 εἶπεν·
3642 4586 3744 4639 Ἐν

2187 4679 2376 4742 τούτῳ
2405 4675 2737 4747 γνώσονται
2767 4675 3008 4742 πάντες,
3044 4675 3133 4729 ὅτι
3158 4678 3418 4745 μαθηταί
3437 4694 3557 4747 μου
3591 4676 3746 4730 ἐστέ.

2203 4769 2303 4822 Ἐν
2331 4767 2536 4834 τούτῳ,
2564 4767 2702 4836 ποίῳ
2725 4783 2740 4831 ;
2771 4768 2828 4819 ἐν
2855 4764 2935 4836 τῷ
2959 4764 3213 4835 θαύματα
3244 4768 3444 4830 ποιεῖνς
3480 4768 3539 4818 ἐν
3561 4765 3639 4836 τῷ
3669 4785 3750 4820 νε·

2192 4858 2356 4927 κροῦς
2383 4856 2648 4926 ὲγείρεινς
2675 4856 2828 4926 Οὐχὶ,
2852 4855 3034 4925 φησίν·
3054 4854 3169 4907 ἀλλ’
3194 4856 3251 4907 ἐν
3273 4855 3411 4919 τίνι;
3446 4856 3546 4909 Ἑν
3571 4857 3752 4921 τούτῳ

2193 4950 2522 5021 γνώσονται
2548 4950 2768 5015 πάντες
2790 4989 2805 5012 ,
2849 4948 2936 5002 ὅτι
2979 4948 3109 5019 ἐμοὶ
3149 4949 3409 5019 μαθηταί
3435 4950 3604 5014 ἐστε,
3651 4949 3754 5002 ἐὰν

2192 5040 2459 5112 ἀγαπᾶτε
2494 5039 2826 5108 ἀλλήλους.
2878 5040 2943 5093 Ἦ
2976 5039 3033 5092 δὲ
3070 5040 3257 5110 ἀγάπη
3288 5039 3408 5111 οὐχὶ
3444 5039 3750 5106 θαυμάτων,

2196 5131 2331 5186 ἀλλὰ
2362 5130 2632 5193 πολιτείας
2654 5129 2789 5183 ἐστί.
2818 5129 3111 5198 Πλήρωμα
3134 5129 3240 5202 7&9
3261 5129 3448 5198 νόμου
3474 5131 3512 5197 ἡ
3537 5127 3751 5196 ἀγάπη.

2197 5221 2350 5288 Εἶδες
2381 5224 2441 5277 τὸ
2469 5222 2757 5295 γνώρισμα
2785 5220 2894 5276 τῶν
2932 5220 3218 5293 μαθητῶν;
3248 5216 3387 5286 εἶδες
3434 5220 3533 5291 τὴν
3578 5221 3752 5275 εἰκόνα

2195 5315 2293 5387 τῆς
2324 5313 2659 5383 ἀποστολῆς;
2689 5306 2826 5375 είδες
2866 5313 2966 5380 τὴν
2999 5312 3244 5382 μορφήνξ
3277 5306 3413 5373 εἶδες
3440 5311 3532 5363 τὸν
3560 5310 3752 5375 τύπον,

2201 5408 2364 5478 μηδὲν
2403 5406 2561 5460 πλέον
2590 5403 2776 5475 ζήτει·
2810 5407 2838 5457 6
2867 5404 2976 5475 7&9
3003 5402 3278 5473 Δεσπότης
3309 5403 3657 5474 ἀπεφήνατο,
3680 5402 3754 5455 ὅτι

2198 5500 2385 5568 ἀγάπη
2416 5490 2807 5570 χαρακτηρίζει
2834 5497 2957 5557 τοὺς
2992 5494 3259 5567 μαθητάς.
3302 5496 3399 5549 Ἂν
3430 5493 3610 5549 τοίνυν
3637 5493 3755 5567 ἔχῃς

2202 5589 2440 5659 ἀγάπην,
2498 5587 2790 5651 ἀπόστολος
2845 5587 3104 5655 γέγονας.
3162 5589 3255 5641 καὶ
3301 5587 3409 5642 τῶν
3457 5585 3756 5641 ἀποστόλων

2206 5698 2438 5754 πρῶτος.
