  <div class='ocr_page' id='page_1' title='image "/cluster/home/n/w/nwhite01/storage/ocr_20150623/51/mdp.39015052813998/078.png"; bbox 0 0 4066 6274; ppageno 0'>
   <div class='ocr_carea' id='block_1_1' title="bbox 290 399 1881 464">
    <p class='ocr_par' dir='ltr' id='par_1_1' title="bbox 290 401 1881 459">
     <span class='ocr_line' id='line_1_1' title="bbox 290 401 1881 459; baseline 0.002 -3"><span class='ocrx_word' id='word_1_1' title='bbox 290 401 351 456; x_wconf 84' lang='lat'><strong>8|</strong></span> <span class='ocrx_word' id='word_1_2' title='bbox 1480 402 1544 458; x_wconf 84' lang='lat' dir='ltr'><strong>lN</strong></span> <span class='ocrx_word' id='word_1_3' title='bbox 1586 402 1881 459; x_wconf 64' lang='lat' dir='ltr'><strong>INSCRIP&#39;I</strong></span> 
     </span>
    </p>
   </div>
   <div class='ocr_carea' id='block_1_2' title="bbox 1989 399 3561 464">
    <p class='ocr_par' dir='ltr' id='par_1_2' title="bbox 1989 399 3561 464">
     <span class='ocr_line' id='line_1_2' title="bbox 1989 399 3561 464; baseline -0.006 -7"><span class='ocrx_word' id='word_1_4' title='bbox 1989 404 2108 459; x_wconf 65' lang='lat' dir='ltr'><strong>\‘Ell</strong></span> <span class='ocrx_word' id='word_1_5' title='bbox 2149 406 2494 464; x_wconf 69' lang='lat' dir='ltr'><strong>ACTOliUM.</strong></span> <span class='ocrx_word' id='word_1_6' title='bbox 2530 407 2591 463; x_wconf 88' lang='lat' dir='ltr'><strong>ll.</strong></span> <span class='ocrx_word' id='word_1_7' title='bbox 3491 399 3561 448; x_wconf 69' lang='lat'><strong>8!.</strong></span> 
     </span>
    </p>
   </div>
   <div class='ocr_carea' id='block_1_3' title="bbox 286 517 1867 588">
    <p class='ocr_par' dir='ltr' id='par_1_3' title="bbox 286 517 1867 588">
     <span class='ocr_line' id='line_1_3' title="bbox 286 517 1867 588; baseline 0.001 -19"><span class='ocrx_word' id='word_1_8' title='bbox 286 534 389 586; x_wconf 82' lang='lat' dir='ltr'><strong>qna</strong></span> <span class='ocrx_word' id='word_1_9' title='bbox 422 519 627 573; x_wconf 81' lang='lat' dir='ltr'><strong>ratione</strong></span> <span class='ocrx_word' id='word_1_10' title='bbox 672 518 901 588; x_wconf 81' lang='lat' dir='ltr'><strong>priorem</strong></span> <span class='ocrx_word' id='word_1_11' title='bbox 941 518 1116 574; x_wconf 89' lang='lat' dir='ltr'><strong>locum</strong></span> <span class='ocrx_word' id='word_1_12' title='bbox 1148 517 1423 574; x_wconf 91' lang='lat' dir='ltr'><strong>obtineant</strong></span> <span class='ocrx_word' id='word_1_13' title='bbox 1451 518 1706 583; x_wconf 88' lang='lat' dir='ltr'><strong>actiones,</strong></span> <span class='ocrx_word' id='word_1_14' title='bbox 1749 533 1867 571; x_wconf 90' lang='lat' dir='ltr'><strong>cum</strong></span> 
     </span>
    </p>
   </div>
   <div class='ocr_carea' id='block_1_4' title="bbox 285 608 1871 681">
    <p class='ocr_par' dir='ltr' id='par_1_4' title="bbox 285 608 1871 681">
     <span class='ocr_line' id='line_1_4' title="bbox 285 608 1871 681; baseline 0.001 -20"><span class='ocrx_word' id='word_1_15' title='bbox 285 608 353 663; x_wconf 86' lang='lat' dir='ltr'><strong>de</strong></span> <span class='ocrx_word' id='word_1_16' title='bbox 380 611 808 665; x_wconf 77' lang='lat' dir='ltr'><strong>remuneratione</strong></span> <span class='ocrx_word' id='word_1_17' title='bbox 834 610 1095 666; x_wconf 86' lang='lat' dir='ltr'><strong>mercedis</strong></span> <span class='ocrx_word' id='word_1_18' title='bbox 1116 611 1290 681; x_wconf 81' lang='lat' dir='ltr'><strong>agitur</strong></span> <span class='ocrx_word' id='word_1_19' title='bbox 1316 628 1327 663; x_wconf 91' lang='lat'>:</span> <span class='ocrx_word' id='word_1_20' title='bbox 1352 625 1455 681; x_wconf 88' lang='lat' dir='ltr'><strong>qua</strong></span> <span class='ocrx_word' id='word_1_21' title='bbox 1486 611 1693 665; x_wconf 79' lang='lat' dir='ltr'><strong>ratione</strong></span> <span class='ocrx_word' id='word_1_22' title='bbox 1723 610 1871 679; x_wconf 87' lang='lat' dir='ltr'><strong>signa</strong></span> 
     </span>
    </p>
   </div>
   <div class='ocr_carea' id='block_1_5' title="bbox 286 701 1875 774">
    <p class='ocr_par' dir='ltr' id='par_1_5' title="bbox 286 701 1875 774">
     <span class='ocr_line' id='line_1_5' title="bbox 286 701 1875 774; baseline 0 -19"><span class='ocrx_word' id='word_1_23' title='bbox 286 701 522 769; x_wconf 84' lang='lat' dir='ltr'><strong>quidem,</strong></span> <span class='ocrx_word' id='word_1_24' title='bbox 566 702 610 757; x_wconf 90' lang='lat' dir='ltr'><strong>sl</strong></span> <span class='ocrx_word' id='word_1_25' title='bbox 655 704 767 758; x_wconf 89' lang='lat' dir='ltr'><strong>sola</strong></span> <span class='ocrx_word' id='word_1_26' title='bbox 796 704 923 770; x_wconf 88' lang='lat' dir='ltr'><strong>sint,</strong></span> <span class='ocrx_word' id='word_1_27' title='bbox 955 718 1067 770; x_wconf 92' lang='lat' dir='ltr'><strong>eos,</strong></span> <span class='ocrx_word' id='word_1_28' title='bbox 1117 706 1208 774; x_wconf 90' lang='lat' dir='ltr'><strong>qui</strong></span> <span class='ocrx_word' id='word_1_29' title='bbox 1250 703 1337 758; x_wconf 92' lang='lat' dir='ltr'><strong>illa</strong></span> <span class='ocrx_word' id='word_1_30' title='bbox 1388 703 1665 773; x_wconf 90' lang='lat' dir='ltr'><strong>patrarint,</strong></span> <span class='ocrx_word' id='word_1_31' title='bbox 1699 702 1875 756; x_wconf 83' lang='lat' dir='ltr'><strong>salvos</strong></span> 
     </span>
    </p>
   </div>
   <div class='ocr_carea' id='block_1_6' title="bbox 288 793 1876 868">
    <p class='ocr_par' dir='ltr' id='par_1_6' title="bbox 288 793 1876 868">
     <span class='ocr_line' id='line_1_6' title="bbox 288 793 1876 868; baseline 0.001 -23"><span class='ocrx_word' id='word_1_32' title='bbox 288 805 392 847; x_wconf 86' lang='lat' dir='ltr'><strong>non</strong></span> <span class='ocrx_word' id='word_1_33' title='bbox 422 793 617 850; x_wconf 77' lang='lat' dir='ltr'><strong>faciant</strong></span> <span class='ocrx_word' id='word_1_34' title='bbox 643 796 816 851; x_wconf 90' lang='lat' dir='ltr'><strong>:actio</strong></span> <span class='ocrx_word' id='word_1_35' title='bbox 841 811 971 852; x_wconf 86' lang='lat' dir='ltr'><strong>vero</strong></span> <span class='ocrx_word' id='word_1_36' title='bbox 998 798 1225 852; x_wconf 88' lang='lat' dir='ltr'><strong>seorsim</strong></span> <span class='ocrx_word' id='word_1_37' title='bbox 1251 807 1459 868; x_wconf 92' lang='lat' dir='ltr'><strong>sumpta</strong></span> <span class='ocrx_word' id='word_1_38' title='bbox 1490 796 1630 851; x_wconf 90' lang='lat' dir='ltr'><strong>nulla</strong></span> <span class='ocrx_word' id='word_1_39' title='bbox 1662 811 1720 850; x_wconf 91' lang='lat' dir='ltr'><strong>re</strong></span> <span class='ocrx_word' id='word_1_40' title='bbox 1740 795 1876 848; x_wconf 88' lang='lat' dir='ltr'><strong>indi-</strong></span> 
     </span>
    </p>
   </div>
   <div class='ocr_carea' id='block_1_7' title="bbox 285 880 1876 960">
    <p class='ocr_par' dir='ltr' id='par_1_7' title="bbox 285 880 1876 960">
     <span class='ocr_line' id='line_1_7' title="bbox 285 880 1876 960; baseline 0.002 -22"><span class='ocrx_word' id='word_1_41' title='bbox 285 896 410 954; x_wconf 80' lang='lat' dir='ltr'><strong>geat</strong></span> <span class='ocrx_word' id='word_1_42' title='bbox 437 886 539 939; x_wconf 88' lang='lat' dir='ltr'><strong>alia</strong></span> <span class='ocrx_word' id='word_1_43' title='bbox 570 886 636 940; x_wconf 89' lang='lat' dir='ltr'><strong>ad</strong></span> <span class='ocrx_word' id='word_1_44' title='bbox 662 902 758 942; x_wconf 91' lang='lat' dir='ltr'><strong>eos</strong></span> <span class='ocrx_word' id='word_1_45' title='bbox 782 889 1088 954; x_wconf 87' lang='lat' dir='ltr'><strong>salvandos,</strong></span> <span class='ocrx_word' id='word_1_46' title='bbox 1122 889 1210 960; x_wconf 88' lang='lat' dir='ltr'><strong>qui</strong></span> <span class='ocrx_word' id='word_1_47' title='bbox 1241 904 1360 944; x_wconf 89' lang='lat' dir='ltr'><strong>eam</strong></span> <span class='ocrx_word' id='word_1_48' title='bbox 1393 880 1684 958; x_wconf 87' lang='lat' dir='ltr'><strong>possident.</strong></span> <span class='ocrx_word' id='word_1_49' title='bbox 1721 885 1876 941; x_wconf 78' lang='lat' dir='ltr'><strong>Multi</strong></span> 
     </span>
    </p>
   </div>
   <div class='ocr_carea' id='block_1_8' title="bbox 286 976 1872 1050">
    <p class='ocr_par' dir='ltr' id='par_1_8' title="bbox 286 976 1872 1050">
     <span class='ocr_line' id='line_1_8' title="bbox 286 976 1872 1050; baseline 0.002 -21"><span class='ocrx_word' id='word_1_50' title='bbox 286 976 453 1031; x_wconf 79' lang='lat' dir='ltr'><strong>dicent</strong></span> <span class='ocrx_word' id='word_1_51' title='bbox 482 978 627 1043; x_wconf 85' lang='lat' dir='ltr'><strong>mihi,</strong></span> <span class='ocrx_word' id='word_1_52' title='bbox 668 980 832 1050; x_wconf 86' lang='lat' dir='ltr'><strong>inquit</strong></span> <span class='ocrx_word' id='word_1_53' title='bbox 865 978 1128 1048; x_wconf 85' lang='lat' dir='ltr'><strong>Christus,</strong></span> <span class='ocrx_word' id='word_1_54' title='bbox 1158 982 1210 1034; x_wconf 88' lang='lat' dir='ltr'><strong>in</strong></span> <span class='ocrx_word' id='word_1_55' title='bbox 1236 981 1327 1034; x_wconf 86' lang='lat' dir='ltr'><strong>illa</strong></span> <span class='ocrx_word' id='word_1_56' title='bbox 1354 980 1456 1045; x_wconf 88' lang='lat' dir='ltr'><strong>die,</strong></span> <span class='ocrx_word' id='word_1_57' title='bbox 1486 978 1726 1047; x_wconf 82' lang='lat' dir='ltr'><strong>Domine,</strong></span> <span class='ocrx_word' id='word_1_58' title='bbox 1760 978 1872 1032; x_wconf 90' lang='lat' dir='ltr'><strong>Do-</strong></span> 
     </span>
    </p>
   </div>
   <div class='ocr_carea' id='block_1_9' title="bbox 285 1069 1876 1149">
    <p class='ocr_par' dir='ltr' id='par_1_9' title="bbox 285 1069 1876 1149">
     <span class='ocr_line' id='line_1_9' title="bbox 285 1069 1876 1149; baseline 0.003 -28"><span class='ocrx_word' id='word_1_59' title='bbox 285 1069 440 1137; x_wconf 86' lang='lat' dir='ltr'><strong>mine,</strong></span> <span class='ocrx_word' id='word_1_60' title='bbox 464 1086 631 1149; x_wconf 87' lang='lat' dir='ltr'><strong>nonne</strong></span> <span class='ocrx_word' id='word_1_61' title='bbox 655 1071 708 1125; x_wconf 88' lang='lat' dir='ltr'><strong>in</strong></span> <span class='ocrx_word' id='word_1_62' title='bbox 728 1076 928 1127; x_wconf 81' lang='lat' dir='ltr'><strong>nomine</strong></span> <span class='ocrx_word' id='word_1_63' title='bbox 948 1081 1032 1125; x_wconf 87' lang='lat' dir='ltr'><strong>tuo</strong></span> <span class='ocrx_word' id='word_1_64' title='bbox 1058 1071 1509 1142; x_wconf 85' lang='lat' dir='ltr'><strong>prophetavimus?</strong></span> <span class='ocrx_word' id='word_1_65' title='bbox 1535 1072 1639 1125; x_wconf 89' lang='lat' dir='ltr'><strong>hoc</strong></span> <span class='ocrx_word' id='word_1_66' title='bbox 1666 1071 1876 1140; x_wconf 87' lang='lat' dir='ltr'><strong>signum</strong></span> 
     </span>
    </p>
   </div>
   <div class='ocr_carea' id='block_1_10' title="bbox 285 1160 1879 1227">
    <p class='ocr_par' dir='ltr' id='par_1_10' title="bbox 285 1160 1879 1227">
     <span class='ocr_line' id='line_1_10' title="bbox 285 1160 1879 1227; baseline 0.001 -13"><span class='ocrx_word' id='word_1_67' title='bbox 285 1167 370 1214; x_wconf 87' lang='lat' dir='ltr'><strong>est</strong></span> <span class='ocrx_word' id='word_1_68' title='bbox 420 1167 477 1215; x_wconf 88' lang='lat' dir='ltr'><strong>et</strong></span> <span class='ocrx_word' id='word_1_69' title='bbox 528 1160 874 1227; x_wconf 85' lang='lat' dir='ltr'><strong>miraculum;</strong></span> <span class='ocrx_word' id='word_1_70' title='bbox 918 1160 1105 1217; x_wconf 84' lang='lat' dir='ltr'><strong>Nonne</strong></span> <span class='ocrx_word' id='word_1_71' title='bbox 1158 1163 1210 1216; x_wconf 90' lang='lat' dir='ltr'><strong>in</strong></span> <span class='ocrx_word' id='word_1_72' title='bbox 1254 1164 1457 1216; x_wconf 80' lang='lat' dir='ltr'><strong>nomine</strong></span> <span class='ocrx_word' id='word_1_73' title='bbox 1500 1171 1584 1215; x_wconf 87' lang='lat' dir='ltr'><strong>tuo</strong></span> <span class='ocrx_word' id='word_1_74' title='bbox 1626 1162 1879 1216; x_wconf 64' lang='lat' dir='ltr'><strong>daemonia</strong></span> 
     </span>
    </p>
   </div>
   <div class='ocr_carea' id='block_1_11' title="bbox 285 1252 1879 1323">
    <p class='ocr_par' dir='ltr' id='par_1_11' title="bbox 285 1252 1879 1323">
     <span class='ocr_line' id='line_1_11' title="bbox 285 1252 1879 1323; baseline 0.001 -19"><span class='ocrx_word' id='word_1_75' title='bbox 285 1252 447 1306; x_wconf 86' lang='lat' dir='ltr'><strong>multa</strong></span> <span class='ocrx_word' id='word_1_76' title='bbox 474 1253 734 1323; x_wconf 87' lang='lat' dir='ltr'><strong>ejecimtts,</strong></span> <span class='ocrx_word' id='word_1_77' title='bbox 760 1264 808 1308; x_wconf 86' lang='lat' dir='ltr'><strong>et</strong></span> <span class='ocrx_word' id='word_1_78' title='bbox 848 1256 902 1308; x_wconf 89' lang='lat' dir='ltr'><strong>in</strong></span> <span class='ocrx_word' id='word_1_79' title='bbox 932 1256 1133 1309; x_wconf 86' lang='lat' dir='ltr'><strong>nomine</strong></span> <span class='ocrx_word' id='word_1_80' title='bbox 1178 1266 1262 1309; x_wconf 86' lang='lat' dir='ltr'><strong>tuo</strong></span> <span class='ocrx_word' id='word_1_81' title='bbox 1290 1256 1495 1309; x_wconf 75' lang='lat' dir='ltr'><strong>virtutes</strong></span> <span class='ocrx_word' id='word_1_82' title='bbox 1532 1255 1719 1308; x_wconf 87' lang='lat' dir='ltr'><strong>multas</strong></span> <span class='ocrx_word' id='word_1_83' title='bbox 1758 1253 1879 1323; x_wconf 74' lang='lat' dir='ltr'><strong>[eci-</strong></span> 
     </span>
    </p>
   </div>
   <div class='ocr_carea' id='block_1_12' title="bbox 285 1342 1873 1417">
    <p class='ocr_par' dir='ltr' id='par_1_12' title="bbox 285 1342 1873 1417">
     <span class='ocr_line' id='line_1_12' title="bbox 285 1342 1873 1417; baseline 0.003 -22"><span class='ocrx_word' id='word_1_84' title='bbox 285 1359 397 1397; x_wconf 85' lang='lat' dir='ltr'><strong>ntus</strong></span> <span class='ocrx_word' id='word_1_85' title='bbox 422 1342 635 1415; x_wconf 75' lang='lat' dir='ltr'><strong>(Matth.</strong></span> <span class='ocrx_word' id='word_1_86' title='bbox 671 1344 722 1398; x_wconf 87' lang='lat'><strong>7.</strong></span> <span class='ocrx_word' id='word_1_87' title='bbox 748 1344 883 1417; x_wconf 60' lang='grc' dir='ltr'><strong>αξη</strong></span> <span class='ocrx_word' id='word_1_88' title='bbox 912 1345 1075 1402; x_wconf 81' lang='lat' dir='ltr'><strong>Vides</strong></span> <span class='ocrx_word' id='word_1_89' title='bbox 1096 1346 1292 1417; x_wconf 89' lang='lat' dir='ltr'><strong>ubique</strong></span> <span class='ocrx_word' id='word_1_90' title='bbox 1321 1348 1469 1417; x_wconf 85' lang='lat' dir='ltr'><strong>signa</strong></span> <span class='ocrx_word' id='word_1_91' title='bbox 1495 1355 1553 1401; x_wconf 89' lang='lat' dir='ltr'><strong>et</strong></span> <span class='ocrx_word' id='word_1_92' title='bbox 1579 1346 1835 1401; x_wconf 89' lang='lat' dir='ltr'><strong>miracula</strong></span> <span class='ocrx_word' id='word_1_93' title='bbox 1860 1361 1873 1399; x_wconf 91' lang='lat'>:</span> 
     </span>
    </p>
   </div>
   <div class='ocr_carea' id='block_1_13' title="bbox 286 1432 1875 1504">
    <p class='ocr_par' dir='ltr' id='par_1_13' title="bbox 286 1432 1875 1504">
     <span class='ocr_line' id='line_1_13' title="bbox 286 1432 1875 1504; baseline 0.003 -19"><span class='ocrx_word' id='word_1_94' title='bbox 286 1432 565 1488; x_wconf 83' lang='lat' dir='ltr'><strong>videamus</strong></span> <span class='ocrx_word' id='word_1_95' title='bbox 586 1434 713 1504; x_wconf 89' lang='lat' dir='ltr'><strong>quid</strong></span> <span class='ocrx_word' id='word_1_96' title='bbox 739 1435 881 1493; x_wconf 88' lang='lat' dir='ltr'><strong>dicat</strong></span> <span class='ocrx_word' id='word_1_97' title='bbox 910 1437 1074 1493; x_wconf 89' lang='lat' dir='ltr'><strong>Deus.</strong></span> <span class='ocrx_word' id='word_1_98' title='bbox 1102 1436 1236 1504; x_wconf 86' lang='lat' dir='ltr'><strong>Quia</strong></span> <span class='ocrx_word' id='word_1_99' title='bbox 1261 1437 1400 1492; x_wconf 87' lang='lat' dir='ltr'><strong>nuda</strong></span> <span class='ocrx_word' id='word_1_100' title='bbox 1420 1446 1575 1492; x_wconf 90' lang='lat' dir='ltr'><strong>erant</strong></span> <span class='ocrx_word' id='word_1_101' title='bbox 1601 1437 1875 1503; x_wconf 90' lang='lat' dir='ltr'><strong>miracula,</strong></span> 
     </span>
    </p>
   </div>
   <div class='ocr_carea' id='block_1_14' title="bbox 286 1527 1881 1599">
    <p class='ocr_par' dir='ltr' id='par_1_14' title="bbox 286 1527 1881 1599">
     <span class='ocr_line' id='line_1_14' title="bbox 286 1527 1881 1599; baseline 0.001 -19"><span class='ocrx_word' id='word_1_102' title='bbox 286 1540 386 1582; x_wconf 87' lang='lat' dir='ltr'><strong>nec</strong></span> <span class='ocrx_word' id='word_1_103' title='bbox 430 1527 634 1596; x_wconf 88' lang='lat' dir='ltr'><strong>uspiam</strong></span> <span class='ocrx_word' id='word_1_104' title='bbox 678 1531 1038 1597; x_wconf 80' lang='lat' dir='ltr'><strong>conversatio,</strong></span> <span class='ocrx_word' id='word_1_105' title='bbox 1094 1529 1385 1595; x_wconf 73' lang='lat' dir='ltr'><strong>Discedite,</strong></span> <span class='ocrx_word' id='word_1_106' title='bbox 1443 1528 1645 1599; x_wconf 90' lang='lat' dir='ltr'><strong>inquit,</strong></span> <span class='ocrx_word' id='word_1_107' title='bbox 1686 1545 1718 1581; x_wconf 90' lang='lat' dir='ltr'><strong>a</strong></span> <span class='ocrx_word' id='word_1_108' title='bbox 1762 1544 1881 1597; x_wconf 80' lang='lat' dir='ltr'><strong>me,</strong></span> 
     </span>
    </p>
   </div>
   <div class='ocr_carea' id='block_1_15' title="bbox 286 1619 1878 1692">
    <p class='ocr_par' dir='ltr' id='par_1_15' title="bbox 286 1619 1878 1692">
     <span class='ocr_line' id='line_1_15' title="bbox 286 1619 1878 1692; baseline 0.003 -21"><span class='ocrx_word' id='word_1_109' title='bbox 286 1619 454 1672; x_wconf 81' lang='lat' dir='ltr'><strong>nescio</strong></span> <span class='ocrx_word' id='word_1_110' title='bbox 483 1634 567 1674; x_wconf 81' lang='lat' dir='ltr'><strong>vos</strong></span> <span class='ocrx_word' id='word_1_111' title='bbox 591 1661 605 1686; x_wconf 96' lang='lat'><strong>,</strong></span> <span class='ocrx_word' id='word_1_112' title='bbox 637 1622 723 1690; x_wconf 88' lang='lat' dir='ltr'><strong>qui</strong></span> <span class='ocrx_word' id='word_1_113' title='bbox 753 1623 1032 1691; x_wconf 83' lang='lat' dir='ltr'><strong>aperantini</strong></span> <span class='ocrx_word' id='word_1_114' title='bbox 1061 1623 1373 1692; x_wconf 76' lang='lat' dir='ltr'><strong>iniquitatem</strong></span> <span class='ocrx_word' id='word_1_115' title='bbox 1402 1620 1565 1691; x_wconf 81' lang='lat' dir='ltr'><strong>(Ibid.</strong></span> <span class='ocrx_word' id='word_1_116' title='bbox 1596 1637 1643 1674; x_wconf 81' lang='grc' dir='ltr'><strong>υ.</strong></span> <span class='ocrx_word' id='word_1_117' title='bbox 1676 1619 1791 1691; x_wconf 75' lang='grc'><strong>25).</strong></span> <span class='ocrx_word' id='word_1_118' title='bbox 1822 1619 1878 1676; x_wconf 89' lang='lat' dir='ltr'><strong>Si</strong></span> 
     </span>
    </p>
   </div>
   <div class='ocr_carea' id='block_1_16' title="bbox 288 1712 1877 1785">
    <p class='ocr_par' dir='ltr' id='par_1_16' title="bbox 288 1712 1877 1785">
     <span class='ocr_line' id='line_1_16' title="bbox 288 1712 1877 1785; baseline 0.003 -22"><span class='ocrx_word' id='word_1_119' title='bbox 288 1725 396 1764; x_wconf 88' lang='lat' dir='ltr'><strong>non</strong></span> <span class='ocrx_word' id='word_1_120' title='bbox 429 1712 572 1766; x_wconf 86' lang='lat' dir='ltr'><strong>nosti</strong></span> <span class='ocrx_word' id='word_1_121' title='bbox 596 1713 870 1777; x_wconf 87' lang='lat' dir='ltr'><strong>eos,unde</strong></span> <span class='ocrx_word' id='word_1_122' title='bbox 903 1714 996 1769; x_wconf 88' lang='lat' dir='ltr'><strong>tibi</strong></span> <span class='ocrx_word' id='word_1_123' title='bbox 1016 1715 1243 1769; x_wconf 88' lang='lat' dir='ltr'><strong>innotuit</strong></span> <span class='ocrx_word' id='word_1_124' title='bbox 1266 1728 1359 1769; x_wconf 91' lang='lat' dir='ltr'><strong>eos</strong></span> <span class='ocrx_word' id='word_1_125' title='bbox 1390 1713 1718 1785; x_wconf 79' lang='lat' dir='ltr'><strong>iniquitatem</strong></span> <span class='ocrx_word' id='word_1_126' title='bbox 1745 1728 1877 1781; x_wconf 89' lang='lat' dir='ltr'><strong>ope-</strong></span> 
     </span>
    </p>
   </div>
   <div class='ocr_carea' id='block_1_17' title="bbox 288 1802 1876 1877">
    <p class='ocr_par' dir='ltr' id='par_1_17' title="bbox 288 1802 1876 1877">
     <span class='ocr_line' id='line_1_17' title="bbox 288 1802 1876 1877; baseline 0.003 -21"><span class='ocrx_word' id='word_1_127' title='bbox 288 1803 435 1857; x_wconf 84' lang='lat' dir='ltr'><strong>rari?</strong></span> <span class='ocrx_word' id='word_1_128' title='bbox 470 1802 541 1859; x_wconf 84' lang='lat' dir='ltr'><strong>Ut</strong></span> <span class='ocrx_word' id='word_1_129' title='bbox 567 1804 831 1877; x_wconf 75' lang='lat' dir='ltr'><strong>intelligas</strong></span> <span class='ocrx_word' id='word_1_130' title='bbox 871 1806 1021 1874; x_wconf 87' lang='lat' dir='ltr'><strong>illud,</strong></span> <span class='ocrx_word' id='word_1_131' title='bbox 1053 1805 1238 1861; x_wconf 84' lang='lat' dir='ltr'><strong>Nescio</strong></span> <span class='ocrx_word' id='word_1_132' title='bbox 1267 1823 1373 1873; x_wconf 82' lang='lat' dir='ltr'><strong>vos,</strong></span> <span class='ocrx_word' id='word_1_133' title='bbox 1408 1822 1511 1859; x_wconf 88' lang='lat' dir='ltr'><strong>non</strong></span> <span class='ocrx_word' id='word_1_134' title='bbox 1543 1806 1876 1876; x_wconf 70' lang='lat' dir='ltr'><strong>ignorantiae,</strong></span> 
     </span>
    </p>
   </div>
   <div class='ocr_carea' id='block_1_18' title="bbox 288 1891 1880 1964">
    <p class='ocr_par' dir='ltr' id='par_1_18' title="bbox 288 1891 1880 1964">
     <span class='ocr_line' id='line_1_18' title="bbox 288 1891 1880 1964; baseline 0.003 -18"><span class='ocrx_word' id='word_1_135' title='bbox 288 1891 385 1946; x_wconf 85' lang='lat' dir='ltr'><strong>sed</strong></span> <span class='ocrx_word' id='word_1_136' title='bbox 410 1892 518 1947; x_wconf 87' lang='lat' dir='ltr'><strong>odii</strong></span> <span class='ocrx_word' id='word_1_137' title='bbox 542 1902 596 1948; x_wconf 93' lang='lat' dir='ltr'><strong>et</strong></span> <span class='ocrx_word' id='word_1_138' title='bbox 620 1895 915 1950; x_wconf 90' lang='lat' dir='ltr'><strong>aversionis</strong></span> <span class='ocrx_word' id='word_1_139' title='bbox 944 1911 1085 1951; x_wconf 88' lang='lat' dir='ltr'><strong>esse.</strong></span> <span class='ocrx_word' id='word_1_140' title='bbox 1119 1894 1305 1951; x_wconf 87' lang='lat' dir='ltr'><strong>Nescio</strong></span> <span class='ocrx_word' id='word_1_141' title='bbox 1333 1914 1435 1951; x_wconf 81' lang='lat' dir='ltr'><strong>vos.</strong></span> <span class='ocrx_word' id='word_1_142' title='bbox 1463 1896 1641 1964; x_wconf 87' lang='lat' dir='ltr'><strong>Quam</strong></span> <span class='ocrx_word' id='word_1_143' title='bbox 1660 1897 1728 1951; x_wconf 94' lang='lat' dir='ltr'><strong>ob</strong></span> <span class='ocrx_word' id='word_1_144' title='bbox 1754 1912 1880 1951; x_wconf 85' lang='lat' dir='ltr'><strong>cau-</strong></span> 
     </span>
    </p>
   </div>
   <div class='ocr_carea' id='block_1_19' title="bbox 290 1986 1883 2059">
    <p class='ocr_par' dir='ltr' id='par_1_19' title="bbox 290 1986 1883 2059">
     <span class='ocr_line' id='line_1_19' title="bbox 290 1986 1883 2059; baseline 0.002 -21"><span class='ocrx_word' id='word_1_145' title='bbox 290 1998 405 2039; x_wconf 81' lang='lat' dir='ltr'><strong>Sam</strong></span> <span class='ocrx_word' id='word_1_146' title='bbox 427 1987 645 2056; x_wconf 65' lang='lat' dir='ltr'><strong>quaeso?</strong></span> <span class='ocrx_word' id='word_1_147' title='bbox 675 1986 865 2043; x_wconf 87' lang='lat' dir='ltr'><strong>Nonne</strong></span> <span class='ocrx_word' id='word_1_148' title='bbox 891 1990 944 2043; x_wconf 90' lang='lat' dir='ltr'><strong>in</strong></span> <span class='ocrx_word' id='word_1_149' title='bbox 972 1990 1171 2043; x_wconf 87' lang='lat' dir='ltr'><strong>nomine</strong></span> <span class='ocrx_word' id='word_1_150' title='bbox 1201 1998 1288 2043; x_wconf 87' lang='lat' dir='ltr'><strong>tuo</strong></span> <span class='ocrx_word' id='word_1_151' title='bbox 1319 1990 1571 2043; x_wconf 69' lang='lat' dir='ltr'><strong>daemonia</strong></span> <span class='ocrx_word' id='word_1_152' title='bbox 1600 1990 1837 2059; x_wconf 86' lang='lat' dir='ltr'><strong>ejecimus</strong></span> <span class='ocrx_word' id='word_1_153' title='bbox 1857 1988 1883 2041; x_wconf 73' lang='lat'><strong>.9</strong></span> 
     </span>
    </p>
   </div>
   <div class='ocr_carea' id='block_1_20' title="bbox 292 2074 1881 2150">
    <p class='ocr_par' dir='ltr' id='par_1_20' title="bbox 292 2074 1881 2150">
     <span class='ocr_line' id='line_1_20' title="bbox 292 2074 1881 2150; baseline 0.001 -19"><span class='ocrx_word' id='word_1_154' title='bbox 292 2074 580 2146; x_wconf 82' lang='lat' dir='ltr'><strong>PrOptcrea</strong></span> <span class='ocrx_word' id='word_1_155' title='bbox 628 2092 725 2134; x_wconf 88' lang='lat' dir='ltr'><strong>vos</strong></span> <span class='ocrx_word' id='word_1_156' title='bbox 772 2080 897 2134; x_wconf 91' lang='lat' dir='ltr'><strong>odio</strong></span> <span class='ocrx_word' id='word_1_157' title='bbox 948 2094 1261 2150; x_wconf 89' lang='lat' dir='ltr'><strong>prosequor,</strong></span> <span class='ocrx_word' id='word_1_158' title='bbox 1312 2090 1367 2134; x_wconf 91' lang='lat' dir='ltr'><strong>et</strong></span> <span class='ocrx_word' id='word_1_159' title='bbox 1408 2094 1662 2146; x_wconf 77' lang='lat' dir='ltr'><strong>aversor,</strong></span> <span class='ocrx_word' id='word_1_160' title='bbox 1693 2078 1881 2148; x_wconf 86' lang='lat' dir='ltr'><strong>inquit,</strong></span> 
     </span>
    </p>
   </div>
   <div class='ocr_carea' id='block_1_21' title="bbox 293 2168 1880 2243">
    <p class='ocr_par' dir='ltr' id='par_1_21' title="bbox 293 2168 1880 2243">
     <span class='ocr_line' id='line_1_21' title="bbox 293 2168 1880 2243; baseline 0.002 -22"><span class='ocrx_word' id='word_1_161' title='bbox 293 2168 417 2237; x_wconf 87' lang='lat' dir='ltr'><strong>quia</strong></span> <span class='ocrx_word' id='word_1_162' title='bbox 472 2185 540 2224; x_wconf 89' lang='lat' dir='ltr'><strong>ne</strong></span> <span class='ocrx_word' id='word_1_163' title='bbox 580 2170 737 2226; x_wconf 88' lang='lat' dir='ltr'><strong>donis</strong></span> <span class='ocrx_word' id='word_1_164' title='bbox 779 2172 992 2242; x_wconf 88' lang='lat' dir='ltr'><strong>quidem</strong></span> <span class='ocrx_word' id='word_1_165' title='bbox 1039 2172 1270 2243; x_wconf 86' lang='lat' dir='ltr'><strong>acceptis</strong></span> <span class='ocrx_word' id='word_1_166' title='bbox 1314 2172 1565 2227; x_wconf 85' lang='lat' dir='ltr'><strong>meliores</strong></span> <span class='ocrx_word' id='word_1_167' title='bbox 1611 2171 1880 2237; x_wconf 87' lang='lat' dir='ltr'><strong>evasistis,</strong></span> 
     </span>
    </p>
   </div>
   <div class='ocr_carea' id='block_1_22' title="bbox 288 2258 1885 2332">
    <p class='ocr_par' dir='ltr' id='par_1_22' title="bbox 288 2258 1885 2332">
     <span class='ocr_line' id='line_1_22' title="bbox 288 2258 1885 2332; baseline 0.004 -22"><span class='ocrx_word' id='word_1_168' title='bbox 288 2258 429 2327; x_wconf 90' lang='lat' dir='ltr'><strong>quod</strong></span> <span class='ocrx_word' id='word_1_169' title='bbox 459 2268 605 2314; x_wconf 91' lang='lat' dir='ltr'><strong>tanto</strong></span> <span class='ocrx_word' id='word_1_170' title='bbox 632 2261 836 2317; x_wconf 88' lang='lat' dir='ltr'><strong>honore</strong></span> <span class='ocrx_word' id='word_1_171' title='bbox 858 2264 1133 2328; x_wconf 85' lang='lat' dir='ltr'><strong>cumulati,</strong></span> <span class='ocrx_word' id='word_1_172' title='bbox 1166 2263 1217 2317; x_wconf 94' lang='lat' dir='ltr'><strong>in</strong></span> <span class='ocrx_word' id='word_1_173' title='bbox 1242 2263 1429 2319; x_wconf 88' lang='lat' dir='ltr'><strong>eadem</strong></span> <span class='ocrx_word' id='word_1_174' title='bbox 1460 2262 1661 2317; x_wconf 88' lang='lat' dir='ltr'><strong>malitia</strong></span> <span class='ocrx_word' id='word_1_175' title='bbox 1690 2260 1885 2332; x_wconf 88' lang='lat' dir='ltr'><strong>persti-</strong></span> 
     </span>
    </p>
   </div>
   <div class='ocr_carea' id='block_1_23' title="bbox 290 2350 1255 2420">
    <p class='ocr_par' dir='ltr' id='par_1_23' title="bbox 290 2350 1255 2420">
     <span class='ocr_line' id='line_1_23' title="bbox 290 2350 1255 2420; baseline 0.007 -16"><span class='ocrx_word' id='word_1_176' title='bbox 290 2351 450 2405; x_wconf 88' lang='lat' dir='ltr'><strong>tistis.</strong></span> <span class='ocrx_word' id='word_1_177' title='bbox 483 2350 738 2407; x_wconf 76' lang='lat' dir='ltr'><strong>Discedite</strong></span> <span class='ocrx_word' id='word_1_178' title='bbox 760 2370 793 2407; x_wconf 80' lang='grc' dir='ltr'><strong>α</strong></span> <span class='ocrx_word' id='word_1_179' title='bbox 817 2371 915 2420; x_wconf 89' lang='lat' dir='ltr'><strong>me,</strong></span> <span class='ocrx_word' id='word_1_180' title='bbox 944 2356 1111 2410; x_wconf 86' lang='lat' dir='ltr'><strong>nescio</strong></span> <span class='ocrx_word' id='word_1_181' title='bbox 1137 2371 1255 2411; x_wconf 72' lang='lat' dir='ltr'><strong>vos-</strong></span> 
     </span>
    </p>
   </div>
   <div class='ocr_carea' id='block_1_24' title="bbox 360 2443 1885 2518">
    <p class='ocr_par' dir='ltr' id='par_1_24' title="bbox 360 2443 1885 2518">
     <span class='ocr_line' id='line_1_24' title="bbox 360 2443 1885 2518; baseline 0.001 -21"><span class='ocrx_word' id='word_1_182' title='bbox 360 2443 463 2498; x_wconf 85' lang='lat' dir='ltr'><strong>Cur</strong></span> <span class='ocrx_word' id='word_1_183' title='bbox 490 2445 613 2499; x_wconf 87' lang='lat' dir='ltr'><strong>olim</strong></span> <span class='ocrx_word' id='word_1_184' title='bbox 637 2446 946 2502; x_wconf 72' lang='lat' dir='ltr'><strong>charismata</strong></span> <span class='ocrx_word' id='word_1_185' title='bbox 993 2448 1236 2504; x_wconf 81' lang='lat' dir='ltr'><strong>darentur</strong></span> <span class='ocrx_word' id='word_1_186' title='bbox 1270 2448 1533 2518; x_wconf 79' lang='lat' dir='ltr'><strong>indignis;</strong></span> <span class='ocrx_word' id='word_1_187' title='bbox 1574 2464 1689 2501; x_wconf 83' lang='lat' dir='ltr'><strong>vera</strong></span> <span class='ocrx_word' id='word_1_188' title='bbox 1728 2447 1885 2500; x_wconf 87' lang='lat' dir='ltr'><strong>mira-</strong></span> 
     </span>
    </p>
   </div>
   <div class='ocr_carea' id='block_1_25' title="bbox 292 2536 1884 2610">
    <p class='ocr_par' dir='ltr' id='par_1_25' title="bbox 292 2536 1884 2610">
     <span class='ocr_line' id='line_1_25' title="bbox 292 2536 1884 2610; baseline 0.002 -21"><span class='ocrx_word' id='word_1_189' title='bbox 292 2536 406 2592; x_wconf 81' lang='lat' dir='ltr'><strong>cula</strong></span> <span class='ocrx_word' id='word_1_190' title='bbox 433 2536 585 2591; x_wconf 89' lang='lat' dir='ltr'><strong>etiam</strong></span> <span class='ocrx_word' id='word_1_191' title='bbox 611 2538 809 2609; x_wconf 87' lang='lat' dir='ltr'><strong>indigni</strong></span> <span class='ocrx_word' id='word_1_192' title='bbox 830 2539 1101 2610; x_wconf 77' lang='lat' dir='ltr'><strong>faciebant.</strong></span> <span class='ocrx_word' id='word_1_193' title='bbox 1126 2569 1197 2579; x_wconf 94' lang='lat'><strong>—</strong></span> <span class='ocrx_word' id='word_1_194' title='bbox 1218 2539 1353 2607; x_wconf 87' lang='lat' dir='ltr'><strong>Quid</strong></span> <span class='ocrx_word' id='word_1_195' title='bbox 1374 2539 1567 2610; x_wconf 82' lang='lat' dir='ltr'><strong>igitur?</strong></span> <span class='ocrx_word' id='word_1_196' title='bbox 1586 2537 1723 2593; x_wconf 88' lang='lat' dir='ltr'><strong>Olim</strong></span> <span class='ocrx_word' id='word_1_197' title='bbox 1744 2536 1884 2593; x_wconf 84' lang='lat' dir='ltr'><strong>dona</strong></span> 
     </span>
    </p>
   </div>
   <div class='ocr_carea' id='block_1_26' title="bbox 292 2628 1881 2703">
    <p class='ocr_par' dir='ltr' id='par_1_26' title="bbox 292 2628 1881 2703">
     <span class='ocr_line' id='line_1_26' title="bbox 292 2628 1881 2703; baseline 0.001 -20"><span class='ocrx_word' id='word_1_198' title='bbox 292 2628 552 2685; x_wconf 84' lang='lat' dir='ltr'><strong>dabantur</strong></span> <span class='ocrx_word' id='word_1_199' title='bbox 576 2631 828 2702; x_wconf 80' lang='lat' dir='ltr'><strong>indignis,</strong></span> <span class='ocrx_word' id='word_1_200' title='bbox 861 2642 918 2687; x_wconf 90' lang='lat' dir='ltr'><strong>et</strong></span> <span class='ocrx_word' id='word_1_201' title='bbox 954 2633 1044 2703; x_wconf 90' lang='lat' dir='ltr'><strong>qui</strong></span> <span class='ocrx_word' id='word_1_202' title='bbox 1074 2632 1180 2687; x_wconf 84' lang='lat' dir='ltr'><strong>vita</strong></span> <span class='ocrx_word' id='word_1_203' title='bbox 1220 2641 1375 2688; x_wconf 91' lang='lat' dir='ltr'><strong>erant</strong></span> <span class='ocrx_word' id='word_1_204' title='bbox 1413 2641 1467 2687; x_wconf 87' lang='lat' dir='ltr'><strong>et</strong></span> <span class='ocrx_word' id='word_1_205' title='bbox 1514 2631 1753 2686; x_wconf 91' lang='lat' dir='ltr'><strong>moribus</strong></span> <span class='ocrx_word' id='word_1_206' title='bbox 1778 2629 1881 2685; x_wconf 88' lang='lat' dir='ltr'><strong>de-</strong></span> 
     </span>
    </p>
   </div>
   <div class='ocr_carea' id='block_1_27' title="bbox 292 2722 1885 2793">
    <p class='ocr_par' dir='ltr' id='par_1_27' title="bbox 292 2722 1885 2793">
     <span class='ocr_line' id='line_1_27' title="bbox 292 2722 1885 2793; baseline -0.001 -15"><span class='ocrx_word' id='word_1_207' title='bbox 292 2724 549 2793; x_wconf 89' lang='lat' dir='ltr'><strong>pravatis,</strong></span> <span class='ocrx_word' id='word_1_208' title='bbox 578 2724 809 2780; x_wconf 85' lang='lat' dir='ltr'><strong>edebant</strong></span> <span class='ocrx_word' id='word_1_209' title='bbox 848 2724 1210 2791; x_wconf 86' lang='lat' dir='ltr'><strong>miracula,et</strong></span> <span class='ocrx_word' id='word_1_210' title='bbox 1236 2724 1431 2780; x_wconf 88' lang='lat' dir='ltr'><strong>divinis</strong></span> <span class='ocrx_word' id='word_1_211' title='bbox 1459 2724 1759 2779; x_wconf 83' lang='lat' dir='ltr'><strong>dilabantur</strong></span> <span class='ocrx_word' id='word_1_212' title='bbox 1784 2722 1885 2776; x_wconf 90' lang='lat' dir='ltr'><strong>do-</strong></span> 
     </span>
    </p>
   </div>
   <div class='ocr_carea' id='block_1_28' title="bbox 292 2812 1886 2886">
    <p class='ocr_par' dir='ltr' id='par_1_28' title="bbox 292 2812 1886 2886">
     <span class='ocr_line' id='line_1_28' title="bbox 292 2812 1886 2886; baseline -0.002 -17"><span class='ocrx_word' id='word_1_213' title='bbox 292 2816 395 2883; x_wconf 90' lang='lat' dir='ltr'><strong>nis,</strong></span> <span class='ocrx_word' id='word_1_214' title='bbox 449 2816 577 2871; x_wconf 89' lang='lat' dir='ltr'><strong>licet</strong></span> <span class='ocrx_word' id='word_1_215' title='bbox 626 2816 883 2886; x_wconf 87' lang='lat' dir='ltr'><strong>optimam</strong></span> <span class='ocrx_word' id='word_1_216' title='bbox 927 2817 1388 2872; x_wconf 88' lang='lat' dir='ltr'><strong>conversationem</strong></span> <span class='ocrx_word' id='word_1_217' title='bbox 1438 2830 1546 2869; x_wconf 88' lang='lat' dir='ltr'><strong>non</strong></span> <span class='ocrx_word' id='word_1_218' title='bbox 1595 2812 1886 2869; x_wconf 81' lang='lat' dir='ltr'><strong>curarent?</strong></span> 
     </span>
    </p>
   </div>
   <div class='ocr_carea' id='block_1_29' title="bbox 290 2908 1875 2979">
    <p class='ocr_par' dir='ltr' id='par_1_29' title="bbox 290 2908 1875 2979">
     <span class='ocr_line' id='line_1_29' title="bbox 290 2908 1875 2979; baseline -0.001 -17"><span class='ocrx_word' id='word_1_219' title='bbox 290 2908 610 2963; x_wconf 86' lang='lat' dir='ltr'><strong>Ditabantur</strong></span> <span class='ocrx_word' id='word_1_220' title='bbox 637 2908 712 2963; x_wconf 82' lang='lat' dir='ltr'><strong>illi</strong></span> <span class='ocrx_word' id='word_1_221' title='bbox 736 2909 948 2979; x_wconf 91' lang='lat' dir='ltr'><strong>quidem</strong></span> <span class='ocrx_word' id='word_1_222' title='bbox 971 2908 1040 2962; x_wconf 90' lang='lat' dir='ltr'><strong>ob</strong></span> <span class='ocrx_word' id='word_1_223' title='bbox 1065 2909 1317 2964; x_wconf 79' lang='lat' dir='ltr'><strong>eximiam</strong></span> <span class='ocrx_word' id='word_1_224' title='bbox 1346 2908 1442 2963; x_wconf 89' lang='lat' dir='ltr'><strong>Dei</strong></span> <span class='ocrx_word' id='word_1_225' title='bbox 1472 2908 1875 2978; x_wconf 74' lang='lat' dir='ltr'><strong>benignitatem,</strong></span> 
     </span>
    </p>
   </div>
   <div class='ocr_carea' id='block_1_30' title="bbox 292 2999 1889 3071">
    <p class='ocr_par' dir='ltr' id='par_1_30' title="bbox 292 2999 1889 3071">
     <span class='ocr_line' id='line_1_30' title="bbox 292 2999 1889 3071; baseline 0.001 -18"><span class='ocrx_word' id='word_1_226' title='bbox 292 3014 399 3053; x_wconf 89' lang='lat' dir='ltr'><strong>non</strong></span> <span class='ocrx_word' id='word_1_227' title='bbox 429 2999 499 3054; x_wconf 93' lang='lat' dir='ltr'><strong>ob</strong></span> <span class='ocrx_word' id='word_1_228' title='bbox 529 3015 679 3054; x_wconf 90' lang='lat' dir='ltr'><strong>suam</strong></span> <span class='ocrx_word' id='word_1_229' title='bbox 709 3001 1039 3071; x_wconf 90' lang='lat' dir='ltr'><strong>dignitatem.</strong></span> <span class='ocrx_word' id='word_1_230' title='bbox 1086 3000 1216 3055; x_wconf 85' lang='lat' dir='ltr'><strong>Erat</strong></span> <span class='ocrx_word' id='word_1_231' title='bbox 1264 3000 1409 3056; x_wconf 90' lang='lat' dir='ltr'><strong>enim</strong></span> <span class='ocrx_word' id='word_1_232' title='bbox 1451 3000 1725 3070; x_wconf 78' lang='lat' dir='ltr'><strong>religionis</strong></span> <span class='ocrx_word' id='word_1_233' title='bbox 1770 3014 1889 3054; x_wconf 88' lang='lat' dir='ltr'><strong>ver-</strong></span> 
     </span>
    </p>
   </div>
   <div class='ocr_carea' id='block_1_31' title="bbox 293 3090 1888 3163">
    <p class='ocr_par' dir='ltr' id='par_1_31' title="bbox 293 3090 1888 3163">
     <span class='ocr_line' id='line_1_31' title="bbox 293 3090 1888 3163; baseline 0.001 -18"><span class='ocrx_word' id='word_1_234' title='bbox 293 3092 419 3145; x_wconf 92' lang='lat' dir='ltr'><strong>bum</strong></span> <span class='ocrx_word' id='word_1_235' title='bbox 450 3090 648 3162; x_wconf 86' lang='lat' dir='ltr'><strong>ubique</strong></span> <span class='ocrx_word' id='word_1_236' title='bbox 693 3093 1069 3163; x_wconf 81' lang='lat' dir='ltr'><strong>Spargendum,</strong></span> <span class='ocrx_word' id='word_1_237' title='bbox 1115 3092 1545 3163; x_wconf 87' lang='lat' dir='ltr'><strong>quandoquidem</strong></span> <span class='ocrx_word' id='word_1_238' title='bbox 1591 3092 1799 3147; x_wconf 91' lang='lat' dir='ltr'><strong>initium</strong></span> <span class='ocrx_word' id='word_1_239' title='bbox 1833 3100 1888 3147; x_wconf 91' lang='lat' dir='ltr'><strong>et</strong></span> 
     </span>
    </p>
   </div>
   <div class='ocr_carea' id='block_1_32' title="bbox 294 3182 1888 3255">
    <p class='ocr_par' dir='ltr' id='par_1_32' title="bbox 294 3182 1888 3255">
     <span class='ocr_line' id='line_1_32' title="bbox 294 3182 1888 3255; baseline 0.002 -20"><span class='ocrx_word' id='word_1_240' title='bbox 294 3182 444 3252; x_wconf 87' lang='lat' dir='ltr'><strong>origo</strong></span> <span class='ocrx_word' id='word_1_241' title='bbox 470 3192 584 3237; x_wconf 77' lang='lat' dir='ltr'><strong>erat</strong></span> <span class='ocrx_word' id='word_1_242' title='bbox 611 3182 755 3239; x_wconf 87' lang='lat' dir='ltr'><strong>fidei.</strong></span> <span class='ocrx_word' id='word_1_243' title='bbox 788 3182 858 3240; x_wconf 87' lang='lat' dir='ltr'><strong>Ut</strong></span> <span class='ocrx_word' id='word_1_244' title='bbox 884 3184 1042 3255; x_wconf 88' lang='lat' dir='ltr'><strong>igitur</strong></span> <span class='ocrx_word' id='word_1_245' title='bbox 1084 3183 1321 3252; x_wconf 88' lang='lat' dir='ltr'><strong>optimus</strong></span> <span class='ocrx_word' id='word_1_246' title='bbox 1355 3183 1585 3254; x_wconf 88' lang='lat' dir='ltr'><strong>agricola</strong></span> <span class='ocrx_word' id='word_1_247' title='bbox 1619 3183 1671 3238; x_wconf 94' lang='lat' dir='ltr'><strong>in</strong></span> <span class='ocrx_word' id='word_1_248' title='bbox 1704 3183 1888 3238; x_wconf 59' lang='lat' dir='ltr'><strong>novel.</strong></span> 
     </span>
    </p>
   </div>
   <div class='ocr_carea' id='block_1_33' title="bbox 297 3273 1885 3346">
    <p class='ocr_par' dir='ltr' id='par_1_33' title="bbox 297 3273 1885 3346">
     <span class='ocr_line' id='line_1_33' title="bbox 297 3273 1885 3346; baseline 0.003 -20"><span class='ocrx_word' id='word_1_249' title='bbox 297 3274 402 3327; x_wconf 83' lang='lat' dir='ltr'><strong>lam</strong></span> <span class='ocrx_word' id='word_1_250' title='bbox 430 3273 709 3342; x_wconf 88' lang='lat' dir='ltr'><strong>arborem,</strong></span> <span class='ocrx_word' id='word_1_251' title='bbox 729 3291 885 3346; x_wconf 91' lang='lat' dir='ltr'><strong>quam</strong></span> <span class='ocrx_word' id='word_1_252' title='bbox 916 3291 1020 3329; x_wconf 90' lang='lat' dir='ltr'><strong>non</strong></span> <span class='ocrx_word' id='word_1_253' title='bbox 1052 3276 1122 3329; x_wconf 86' lang='lat' dir='ltr'><strong>ita</strong></span> <span class='ocrx_word' id='word_1_254' title='bbox 1152 3275 1367 3345; x_wconf 88' lang='lat' dir='ltr'><strong>pridem.</strong></span> <span class='ocrx_word' id='word_1_255' title='bbox 1388 3284 1542 3330; x_wconf 70' lang='lat' dir='ltr'><strong>terra:</strong></span> <span class='ocrx_word' id='word_1_256' title='bbox 1572 3275 1708 3330; x_wconf 90' lang='lat' dir='ltr'><strong>sinui</strong></span> <span class='ocrx_word' id='word_1_257' title='bbox 1735 3290 1885 3330; x_wconf 88' lang='lat' dir='ltr'><strong>com-</strong></span> 
     </span>
    </p>
   </div>
   <div class='ocr_carea' id='block_1_34' title="bbox 296 3364 1885 3434">
    <p class='ocr_par' dir='ltr' id='par_1_34' title="bbox 296 3364 1885 3434">
     <span class='ocr_line' id='line_1_34' title="bbox 296 3364 1885 3434; baseline 0.002 -16"><span class='ocrx_word' id='word_1_258' title='bbox 296 3364 601 3434; x_wconf 57' lang='lat' dir='ltr'><strong>mendavit,</strong></span> <span class='ocrx_word' id='word_1_259' title='bbox 621 3366 746 3421; x_wconf 91' lang='lat' dir='ltr'><strong>dum</strong></span> <span class='ocrx_word' id='word_1_260' title='bbox 774 3366 951 3421; x_wconf 88' lang='lat' dir='ltr'><strong>adhuc</strong></span> <span class='ocrx_word' id='word_1_261' title='bbox 982 3376 1164 3422; x_wconf 90' lang='lat' dir='ltr'><strong>tenera</strong></span> <span class='ocrx_word' id='word_1_262' title='bbox 1191 3376 1293 3432; x_wconf 81' lang='lat' dir='ltr'><strong>est,</strong></span> <span class='ocrx_word' id='word_1_263' title='bbox 1321 3366 1539 3421; x_wconf 89' lang='lat' dir='ltr'><strong>multam</strong></span> <span class='ocrx_word' id='word_1_264' title='bbox 1567 3383 1751 3423; x_wconf 90' lang='lat' dir='ltr'><strong>curam</strong></span> <span class='ocrx_word' id='word_1_265' title='bbox 1782 3368 1885 3422; x_wconf 88' lang='lat' dir='ltr'><strong>im-</strong></span> 
     </span>
    </p>
   </div>
   <div class='ocr_carea' id='block_1_35' title="bbox 295 3455 1886 3527">
    <p class='ocr_par' dir='ltr' id='par_1_35' title="bbox 295 3455 1886 3527">
     <span class='ocr_line' id='line_1_35' title="bbox 295 3455 1886 3527; baseline 0.003 -20"><span class='ocrx_word' id='word_1_266' title='bbox 295 3455 496 3522; x_wconf 82' lang='lat' dir='ltr'><strong>pendit,</strong></span> <span class='ocrx_word' id='word_1_267' title='bbox 526 3456 762 3526; x_wconf 83' lang='lat' dir='ltr'><strong>undique</strong></span> <span class='ocrx_word' id='word_1_268' title='bbox 789 3457 935 3511; x_wconf 89' lang='lat' dir='ltr'><strong>illam</strong></span> <span class='ocrx_word' id='word_1_269' title='bbox 958 3457 1345 3523; x_wconf 77' lang='lat' dir='ltr'><strong>circumvallat,</strong></span> <span class='ocrx_word' id='word_1_270' title='bbox 1376 3465 1428 3511; x_wconf 91' lang='lat' dir='ltr'><strong>et</strong></span> <span class='ocrx_word' id='word_1_271' title='bbox 1464 3456 1729 3527; x_wconf 90' lang='lat' dir='ltr'><strong>lapidibus</strong></span> <span class='ocrx_word' id='word_1_272' title='bbox 1763 3473 1886 3512; x_wconf 91' lang='lat' dir='ltr'><strong>mu-</strong></span> 
     </span>
    </p>
   </div>
   <div class='ocr_carea' id='block_1_36' title="bbox 294 3547 1888 3617">
    <p class='ocr_par' dir='ltr' id='par_1_36' title="bbox 294 3547 1888 3617">
     <span class='ocr_line' id='line_1_36' title="bbox 294 3547 1888 3617; baseline 0.002 -17"><span class='ocrx_word' id='word_1_273' title='bbox 294 3547 373 3600; x_wconf 90' lang='lat' dir='ltr'><strong>nit</strong></span> <span class='ocrx_word' id='word_1_274' title='bbox 392 3556 447 3601; x_wconf 89' lang='lat' dir='ltr'><strong>et</strong></span> <span class='ocrx_word' id='word_1_275' title='bbox 470 3548 659 3617; x_wconf 85' lang='lat' dir='ltr'><strong>spinis,</strong></span> <span class='ocrx_word' id='word_1_276' title='bbox 690 3559 748 3602; x_wconf 92' lang='lat' dir='ltr'><strong>ut</strong></span> <span class='ocrx_word' id='word_1_277' title='bbox 775 3564 841 3603; x_wconf 91' lang='lat' dir='ltr'><strong>ne</strong></span> <span class='ocrx_word' id='word_1_278' title='bbox 870 3563 901 3601; x_wconf 85' lang='lat' dir='ltr'><strong>a</strong></span> <span class='ocrx_word' id='word_1_279' title='bbox 932 3548 1101 3602; x_wconf 86' lang='lat' dir='ltr'><strong>ventis</strong></span> <span class='ocrx_word' id='word_1_280' title='bbox 1130 3547 1410 3613; x_wconf 87' lang='lat' dir='ltr'><strong>evellatur,</strong></span> <span class='ocrx_word' id='word_1_281' title='bbox 1445 3564 1512 3603; x_wconf 92' lang='lat' dir='ltr'><strong>ne</strong></span> <span class='ocrx_word' id='word_1_282' title='bbox 1541 3564 1572 3601; x_wconf 89' lang='lat' dir='ltr'><strong>a</strong></span> <span class='ocrx_word' id='word_1_283' title='bbox 1602 3549 1888 3617; x_wconf 88' lang='lat' dir='ltr'><strong>pecoribus</strong></span> 
     </span>
    </p>
   </div>
   <div class='ocr_carea' id='block_1_37' title="bbox 294 3638 1887 3710">
    <p class='ocr_par' dir='ltr' id='par_1_37' title="bbox 294 3638 1887 3710">
     <span class='ocr_line' id='line_1_37' title="bbox 294 3638 1887 3710; baseline 0.003 -20"><span class='ocrx_word' id='word_1_284' title='bbox 294 3638 637 3694; x_wconf 80' lang='lat' dir='ltr'><strong>labefactetur</strong></span> <span class='ocrx_word' id='word_1_285' title='bbox 656 3640 708 3706; x_wconf 76' lang='lat'><strong>&#39;,.</strong></span> <span class='ocrx_word' id='word_1_286' title='bbox 727 3656 865 3695; x_wconf 88' lang='lat' dir='ltr'><strong>neve</strong></span> <span class='ocrx_word' id='word_1_287' title='bbox 889 3641 993 3695; x_wconf 89' lang='lat' dir='ltr'><strong>alio</strong></span> <span class='ocrx_word' id='word_1_288' title='bbox 1016 3640 1244 3710; x_wconf 90' lang='lat' dir='ltr'><strong>quodam</strong></span> <span class='ocrx_word' id='word_1_289' title='bbox 1268 3640 1607 3695; x_wconf 92' lang='lat' dir='ltr'><strong>incommodo</strong></span> <span class='ocrx_word' id='word_1_290' title='bbox 1634 3639 1887 3707; x_wconf 70' lang='lat' dir='ltr'><strong>laedatur;</strong></span> 
     </span>
    </p>
   </div>
   <div class='ocr_carea' id='block_1_38' title="bbox 296 3730 1888 3802">
    <p class='ocr_par' dir='ltr' id='par_1_38' title="bbox 296 3730 1888 3802">
     <span class='ocr_line' id='line_1_38' title="bbox 296 3730 1888 3802; baseline 0.004 -20"><span class='ocrx_word' id='word_1_291' title='bbox 296 3737 574 3798; x_wconf 84' lang='lat' dir='ltr'><strong>postquam</strong></span> <span class='ocrx_word' id='word_1_292' title='bbox 602 3738 779 3785; x_wconf 86' lang='lat' dir='ltr'><strong>autem</strong></span> <span class='ocrx_word' id='word_1_293' title='bbox 805 3730 1011 3785; x_wconf 89' lang='lat' dir='ltr'><strong>radices</strong></span> <span class='ocrx_word' id='word_1_294' title='bbox 1033 3730 1227 3802; x_wconf 89' lang='lat' dir='ltr'><strong>egisse,</strong></span> <span class='ocrx_word' id='word_1_295' title='bbox 1253 3740 1306 3784; x_wconf 92' lang='lat' dir='ltr'><strong>et</strong></span> <span class='ocrx_word' id='word_1_296' title='bbox 1334 3730 1384 3783; x_wconf 92' lang='lat' dir='ltr'><strong>in</strong></span> <span class='ocrx_word' id='word_1_297' title='bbox 1405 3730 1630 3785; x_wconf 87' lang='lat' dir='ltr'><strong>sublime</strong></span> <span class='ocrx_word' id='word_1_298' title='bbox 1652 3732 1888 3788; x_wconf 79' lang='lat' dir='ltr'><strong>crevisse</strong></span> 
     </span>
    </p>
   </div>
   <div class='ocr_carea' id='block_1_39' title="bbox 294 3821 1886 3887">
    <p class='ocr_par' dir='ltr' id='par_1_39' title="bbox 294 3821 1886 3887">
     <span class='ocr_line' id='line_1_39' title="bbox 294 3821 1886 3887; baseline 0.002 -12"><span class='ocrx_word' id='word_1_299' title='bbox 294 3822 440 3875; x_wconf 88' lang='lat' dir='ltr'><strong>illam</strong></span> <span class='ocrx_word' id='word_1_300' title='bbox 468 3821 680 3887; x_wconf 83' lang='lat' dir='ltr'><strong>viderit,</strong></span> <span class='ocrx_word' id='word_1_301' title='bbox 716 3832 826 3876; x_wconf 91' lang='lat' dir='ltr'><strong>tum</strong></span> <span class='ocrx_word' id='word_1_302' title='bbox 859 3831 1071 3877; x_wconf 88' lang='lat' dir='ltr'><strong>amovet</strong></span> <span class='ocrx_word' id='word_1_303' title='bbox 1096 3822 1421 3877; x_wconf 89' lang='lat' dir='ltr'><strong>munimenta</strong></span> <span class='ocrx_word' id='word_1_304' title='bbox 1455 3841 1468 3876; x_wconf 90' lang='lat'>:</span> <span class='ocrx_word' id='word_1_305' title='bbox 1511 3822 1708 3877; x_wconf 87' lang='lat' dir='ltr'><strong>sufficit</strong></span> <span class='ocrx_word' id='word_1_306' title='bbox 1744 3824 1886 3878; x_wconf 87' lang='lat' dir='ltr'><strong>enim</strong></span> 
     </span>
    </p>
   </div>
   <div class='ocr_carea' id='block_1_40' title="bbox 294 3911 1890 3983">
    <p class='ocr_par' dir='ltr' id='par_1_40' title="bbox 294 3911 1890 3983">
     <span class='ocr_line' id='line_1_40' title="bbox 294 3911 1890 3983; baseline 0.002 -18"><span class='ocrx_word' id='word_1_307' title='bbox 294 3912 400 3966; x_wconf 88' lang='lat' dir='ltr'><strong>sibi</strong></span> <span class='ocrx_word' id='word_1_308' title='bbox 432 3912 531 3981; x_wconf 88' lang='lat' dir='ltr'><strong>ipsi</strong></span> <span class='ocrx_word' id='word_1_309' title='bbox 562 3913 724 3967; x_wconf 87' lang='lat' dir='ltr'><strong>arbor</strong></span> <span class='ocrx_word' id='word_1_310' title='bbox 745 3913 812 3966; x_wconf 89' lang='lat' dir='ltr'><strong>ad</strong></span> <span class='ocrx_word' id='word_1_311' title='bbox 836 3912 1058 3980; x_wconf 91' lang='lat' dir='ltr'><strong>injurias</strong></span> <span class='ocrx_word' id='word_1_312' title='bbox 1088 3912 1223 3967; x_wconf 90' lang='lat' dir='ltr'><strong>tales</strong></span> <span class='ocrx_word' id='word_1_313' title='bbox 1249 3911 1585 3982; x_wconf 88' lang='lat' dir='ltr'><strong>repellendas</strong></span> <span class='ocrx_word' id='word_1_314' title='bbox 1614 3929 1628 3965; x_wconf 91' lang='lat'><strong>:</strong></span> <span class='ocrx_word' id='word_1_315' title='bbox 1659 3914 1730 3968; x_wconf 90' lang='lat' dir='ltr'><strong>ita</strong></span> <span class='ocrx_word' id='word_1_316' title='bbox 1756 3929 1890 3983; x_wconf 89' lang='lat' dir='ltr'><strong>quo-</strong></span> 
     </span>
    </p>
   </div>
   <div class='ocr_carea' id='block_1_41' title="bbox 293 4003 1886 4076">
    <p class='ocr_par' dir='ltr' id='par_1_41' title="bbox 293 4003 1886 4076">
     <span class='ocr_line' id='line_1_41' title="bbox 293 4003 1886 4076; baseline -0.001 -19"><span class='ocrx_word' id='word_1_317' title='bbox 293 4020 397 4073; x_wconf 85' lang='lat' dir='ltr'><strong>que</strong></span> <span class='ocrx_word' id='word_1_318' title='bbox 455 4006 506 4057; x_wconf 89' lang='lat' dir='ltr'><strong>in</strong></span> <span class='ocrx_word' id='word_1_319' title='bbox 554 4004 656 4059; x_wconf 88' lang='lat' dir='ltr'><strong>ﬁde</strong></span> <span class='ocrx_word' id='word_1_320' title='bbox 697 4004 908 4059; x_wconf 88' lang='lat' dir='ltr'><strong>accidit.</strong></span> <span class='ocrx_word' id='word_1_321' title='bbox 958 4003 1183 4072; x_wconf 86' lang='lat' dir='ltr'><strong>Quando</strong></span> <span class='ocrx_word' id='word_1_322' title='bbox 1232 4018 1402 4074; x_wconf 87' lang='lat' dir='ltr'><strong>nuper</strong></span> <span class='ocrx_word' id='word_1_323' title='bbox 1454 4014 1570 4060; x_wconf 87' lang='lat' dir='ltr'><strong>erat</strong></span> <span class='ocrx_word' id='word_1_324' title='bbox 1617 4006 1886 4076; x_wconf 69' lang='lat' dir='ltr'><strong>plantam,</strong></span> 
     </span>
    </p>
   </div>
   <div class='ocr_carea' id='block_1_42' title="bbox 294 4094 1886 4167">
    <p class='ocr_par' dir='ltr' id='par_1_42' title="bbox 294 4094 1886 4167">
     <span class='ocr_line' id='line_1_42' title="bbox 294 4094 1886 4167; baseline 0 -16"><span class='ocrx_word' id='word_1_325' title='bbox 294 4096 509 4167; x_wconf 86' lang='lat' dir='ltr'><strong>quando</strong></span> <span class='ocrx_word' id='word_1_326' title='bbox 536 4105 718 4151; x_wconf 85' lang='lat' dir='ltr'><strong>tenera</strong></span> <span class='ocrx_word' id='word_1_327' title='bbox 743 4107 889 4163; x_wconf 64' lang='lat' dir='ltr'><strong>erat,</strong></span> <span class='ocrx_word' id='word_1_328' title='bbox 904 4095 1118 4167; x_wconf 90' lang='lat' dir='ltr'><strong>quando</strong></span> <span class='ocrx_word' id='word_1_329' title='bbox 1145 4111 1313 4166; x_wconf 88' lang='lat' dir='ltr'><strong>nuper</strong></span> <span class='ocrx_word' id='word_1_330' title='bbox 1340 4095 1392 4150; x_wconf 91' lang='lat' dir='ltr'><strong>in</strong></span> <span class='ocrx_word' id='word_1_331' title='bbox 1423 4094 1667 4150; x_wconf 86' lang='lat' dir='ltr'><strong>humanis</strong></span> <span class='ocrx_word' id='word_1_332' title='bbox 1694 4096 1886 4152; x_wconf 88' lang='lat' dir='ltr'><strong>animis</strong></span> 
     </span>
    </p>
   </div>
   <div class='ocr_carea' id='block_1_43' title="bbox 296 4186 1887 4258">
    <p class='ocr_par' dir='ltr' id='par_1_43' title="bbox 296 4186 1887 4258">
     <span class='ocr_line' id='line_1_43' title="bbox 296 4186 1887 4258; baseline 0.002 -18"><span class='ocrx_word' id='word_1_333' title='bbox 296 4186 697 4254; x_wconf 75' lang='lat' dir='ltr'><strong>fundata,omni</strong></span> <span class='ocrx_word' id='word_1_334' title='bbox 725 4202 791 4243; x_wconf 82' lang='lat' dir='ltr'><strong>ex</strong></span> <span class='ocrx_word' id='word_1_335' title='bbox 822 4197 972 4258; x_wconf 90' lang='lat' dir='ltr'><strong>parte</strong></span> <span class='ocrx_word' id='word_1_336' title='bbox 1004 4187 1166 4242; x_wconf 84' lang='lat' dir='ltr'><strong>multa</strong></span> <span class='ocrx_word' id='word_1_337' title='bbox 1194 4187 1248 4242; x_wconf 92' lang='lat' dir='ltr'><strong>in</strong></span> <span class='ocrx_word' id='word_1_338' title='bbox 1284 4202 1402 4242; x_wconf 90' lang='lat' dir='ltr'><strong>eam</strong></span> <span class='ocrx_word' id='word_1_339' title='bbox 1430 4203 1556 4244; x_wconf 90' lang='lat' dir='ltr'><strong>cura</strong></span> <span class='ocrx_word' id='word_1_340' title='bbox 1614 4187 1887 4258; x_wconf 87' lang='lat' dir='ltr'><strong>impende-</strong></span> 
     </span>
    </p>
   </div>
   <div class='ocr_carea' id='block_1_44' title="bbox 298 4279 1884 4349">
    <p class='ocr_par' dir='ltr' id='par_1_44' title="bbox 298 4279 1884 4349">
     <span class='ocr_line' id='line_1_44' title="bbox 298 4279 1884 4349; baseline 0.001 -17"><span class='ocrx_word' id='word_1_341' title='bbox 298 4279 452 4333; x_wconf 78' lang='lat' dir='ltr'><strong>batur</strong></span> <span class='ocrx_word' id='word_1_342' title='bbox 483 4297 496 4332; x_wconf 90' lang='lat'><strong>:</strong></span> <span class='ocrx_word' id='word_1_343' title='bbox 539 4289 815 4349; x_wconf 79' lang='lat' dir='ltr'><strong>postquam</strong></span> <span class='ocrx_word' id='word_1_344' title='bbox 840 4288 1018 4334; x_wconf 89' lang='lat' dir='ltr'><strong>autem</strong></span> <span class='ocrx_word' id='word_1_345' title='bbox 1042 4279 1257 4345; x_wconf 90' lang='lat' dir='ltr'><strong>coaluit,</strong></span> <span class='ocrx_word' id='word_1_346' title='bbox 1283 4288 1339 4334; x_wconf 92' lang='lat' dir='ltr'><strong>et</strong></span> <span class='ocrx_word' id='word_1_347' title='bbox 1366 4279 1574 4334; x_wconf 88' lang='lat' dir='ltr'><strong>radices</strong></span> <span class='ocrx_word' id='word_1_348' title='bbox 1600 4279 1727 4349; x_wconf 83' lang='lat' dir='ltr'><strong>egit,</strong></span> <span class='ocrx_word' id='word_1_349' title='bbox 1757 4287 1811 4334; x_wconf 92' lang='lat' dir='ltr'><strong>ct</strong></span> <span class='ocrx_word' id='word_1_350' title='bbox 1830 4279 1884 4334; x_wconf 91' lang='lat' dir='ltr'><strong>in</strong></span> 
     </span>
    </p>
   </div>
   <div class='ocr_carea' id='block_1_45' title="bbox 298 4369 1881 4442">
    <p class='ocr_par' dir='ltr' id='par_1_45' title="bbox 298 4369 1881 4442">
     <span class='ocr_line' id='line_1_45' title="bbox 298 4369 1881 4442; baseline 0.001 -19"><span class='ocrx_word' id='word_1_351' title='bbox 298 4369 677 4426; x_wconf 88' lang='lat' dir='ltr'><strong>sublimitatem</strong></span> <span class='ocrx_word' id='word_1_352' title='bbox 698 4370 960 4436; x_wconf 87' lang='lat' dir='ltr'><strong>ascendit,</strong></span> <span class='ocrx_word' id='word_1_353' title='bbox 988 4380 1265 4442; x_wconf 88' lang='lat' dir='ltr'><strong>postquam</strong></span> <span class='ocrx_word' id='word_1_354' title='bbox 1285 4372 1590 4426; x_wconf 81' lang='lat' dir='ltr'><strong>universum</strong></span> <span class='ocrx_word' id='word_1_355' title='bbox 1620 4381 1881 4427; x_wconf 88' lang='lat' dir='ltr'><strong>terrarum</strong></span> 
     </span>
    </p>
   </div>
   <div class='ocr_carea' id='block_1_46' title="bbox 296 4462 1884 4534">
    <p class='ocr_par' dir='ltr' id='par_1_46' title="bbox 296 4462 1884 4534">
     <span class='ocr_line' id='line_1_46' title="bbox 296 4462 1884 4534; baseline 0.003 -20"><span class='ocrx_word' id='word_1_356' title='bbox 296 4462 485 4518; x_wconf 87' lang='lat' dir='ltr'><strong>orbem</strong></span> <span class='ocrx_word' id='word_1_357' title='bbox 508 4462 812 4534; x_wconf 88' lang='lat' dir='ltr'><strong>complevit,</strong></span> <span class='ocrx_word' id='word_1_358' title='bbox 843 4463 1172 4519; x_wconf 90' lang='lat' dir='ltr'><strong>munimenta</strong></span> <span class='ocrx_word' id='word_1_359' title='bbox 1200 4465 1425 4519; x_wconf 82' lang='lat' dir='ltr'><strong>removit</strong></span> <span class='ocrx_word' id='word_1_360' title='bbox 1448 4463 1712 4530; x_wconf 88' lang='lat' dir='ltr'><strong>Christus,</strong></span> <span class='ocrx_word' id='word_1_361' title='bbox 1738 4474 1793 4520; x_wconf 86' lang='lat' dir='ltr'><strong>et</strong></span> <span class='ocrx_word' id='word_1_362' title='bbox 1817 4463 1884 4519; x_wconf 90' lang='lat' dir='ltr'><strong>de</strong></span> 
     </span>
    </p>
   </div>
   <div class='ocr_carea' id='block_1_47' title="bbox 296 4555 1884 4627">
    <p class='ocr_par' dir='ltr' id='par_1_47' title="bbox 296 4555 1884 4627">
     <span class='ocr_line' id='line_1_47' title="bbox 296 4555 1884 4627; baseline 0.003 -21"><span class='ocrx_word' id='word_1_363' title='bbox 296 4563 499 4609; x_wconf 70' lang='lat' dir='ltr'><strong>caetero</strong></span> <span class='ocrx_word' id='word_1_364' title='bbox 547 4556 803 4610; x_wconf 86' lang='lat' dir='ltr'><strong>tutamina</strong></span> <span class='ocrx_word' id='word_1_365' title='bbox 862 4557 1101 4611; x_wconf 80' lang='lat' dir='ltr'><strong>sustulit.</strong></span> <span class='ocrx_word' id='word_1_366' title='bbox 1144 4555 1430 4627; x_wconf 86' lang='lat' dir='ltr'><strong>Propterea</strong></span> <span class='ocrx_word' id='word_1_367' title='bbox 1475 4556 1626 4610; x_wconf 90' lang='lat' dir='ltr'><strong>initio</strong></span> <span class='ocrx_word' id='word_1_368' title='bbox 1669 4556 1884 4626; x_wconf 87' lang='lat' dir='ltr'><strong>quidem</strong></span> 
     </span>
    </p>
   </div>
   <div class='ocr_carea' id='block_1_48' title="bbox 296 4646 1885 4718">
    <p class='ocr_par' dir='ltr' id='par_1_48' title="bbox 296 4646 1885 4718">
     <span class='ocr_line' id='line_1_48' title="bbox 296 4646 1885 4718; baseline 0.002 -19"><span class='ocrx_word' id='word_1_369' title='bbox 296 4647 458 4700; x_wconf 83' lang='lat' dir='ltr'><strong>etiam</strong></span> <span class='ocrx_word' id='word_1_370' title='bbox 495 4646 725 4718; x_wconf 88' lang='lat' dir='ltr'><strong>indignis</strong></span> <span class='ocrx_word' id='word_1_371' title='bbox 751 4646 1013 4703; x_wconf 88' lang='lat' dir='ltr'><strong>dabantur</strong></span> <span class='ocrx_word' id='word_1_372' title='bbox 1043 4647 1205 4714; x_wconf 88' lang='lat' dir='ltr'><strong>dona,</strong></span> <span class='ocrx_word' id='word_1_373' title='bbox 1248 4648 1498 4718; x_wconf 87' lang='lat' dir='ltr'><strong>quoniam</strong></span> <span class='ocrx_word' id='word_1_374' title='bbox 1543 4647 1643 4702; x_wconf 92' lang='lat' dir='ltr'><strong>hoc</strong></span> <span class='ocrx_word' id='word_1_375' title='bbox 1689 4648 1885 4702; x_wconf 81' lang='lat' dir='ltr'><strong>auxilio</strong></span> 
     </span>
    </p>
   </div>
   <div class='ocr_carea' id='block_1_49' title="bbox 299 4736 1883 4810">
    <p class='ocr_par' dir='ltr' id='par_1_49' title="bbox 299 4736 1883 4810">
     <span class='ocr_line' id='line_1_49' title="bbox 299 4736 1883 4810; baseline 0.002 -19"><span class='ocrx_word' id='word_1_376' title='bbox 299 4736 420 4792; x_wconf 82' lang='lat' dir='ltr'><strong>fidei</strong></span> <span class='ocrx_word' id='word_1_377' title='bbox 461 4738 699 4794; x_wconf 78' lang='lat' dir='ltr'><strong>fovenda:</strong></span> <span class='ocrx_word' id='word_1_378' title='bbox 737 4753 895 4794; x_wconf 87' lang='lat' dir='ltr'><strong>causa</strong></span> <span class='ocrx_word' id='word_1_379' title='bbox 927 4739 1198 4810; x_wconf 85' lang='lat' dir='ltr'><strong>indigebat</strong></span> <span class='ocrx_word' id='word_1_380' title='bbox 1239 4739 1531 4810; x_wconf 88' lang='lat' dir='ltr'><strong>antiquitas</strong></span> <span class='ocrx_word' id='word_1_381' title='bbox 1560 4756 1573 4792; x_wconf 93' lang='lat'><strong>:</strong></span> <span class='ocrx_word' id='word_1_382' title='bbox 1606 4754 1748 4794; x_wconf 89' lang='lat' dir='ltr'><strong>nunc</strong></span> <span class='ocrx_word' id='word_1_383' title='bbox 1785 4755 1883 4794; x_wconf 88' lang='lat' dir='ltr'><strong>au-</strong></span> 
     </span>
    </p>
   </div>
   <div class='ocr_carea' id='block_1_50' title="bbox 300 4830 1885 4902">
    <p class='ocr_par' dir='ltr' id='par_1_50' title="bbox 300 4830 1885 4902">
     <span class='ocr_line' id='line_1_50' title="bbox 300 4830 1885 4902; baseline 0.002 -21"><span class='ocrx_word' id='word_1_384' title='bbox 300 4841 406 4884; x_wconf 89' lang='lat' dir='ltr'><strong>tem</strong></span> <span class='ocrx_word' id='word_1_385' title='bbox 435 4845 609 4901; x_wconf 89' lang='lat' dir='ltr'><strong>neque</strong></span> <span class='ocrx_word' id='word_1_386' title='bbox 634 4830 810 4902; x_wconf 89' lang='lat' dir='ltr'><strong>dignis</strong></span> <span class='ocrx_word' id='word_1_387' title='bbox 836 4830 1231 4897; x_wconf 89' lang='lat' dir='ltr'><strong>conceduntur;</strong></span> <span class='ocrx_word' id='word_1_388' title='bbox 1260 4830 1380 4885; x_wconf 88' lang='lat' dir='ltr'><strong>ﬁdei</strong></span> <span class='ocrx_word' id='word_1_389' title='bbox 1410 4830 1606 4901; x_wconf 89' lang='lat' dir='ltr'><strong>quippe</strong></span> <span class='ocrx_word' id='word_1_390' title='bbox 1632 4830 1796 4885; x_wconf 91' lang='lat' dir='ltr'><strong>robur</strong></span> <span class='ocrx_word' id='word_1_391' title='bbox 1831 4839 1885 4885; x_wconf 92' lang='lat' dir='ltr'><strong>et</strong></span> 
     </span>
    </p>
   </div>
   <div class='ocr_carea' id='block_1_51' title="bbox 298 4922 1884 4995">
    <p class='ocr_par' dir='ltr' id='par_1_51' title="bbox 298 4922 1884 4995">
     <span class='ocr_line' id='line_1_51' title="bbox 298 4922 1884 4995; baseline 0.002 -19"><span class='ocrx_word' id='word_1_392' title='bbox 298 4922 520 4977; x_wconf 88' lang='lat' dir='ltr'><strong>ﬁrmitas</strong></span> <span class='ocrx_word' id='word_1_393' title='bbox 556 4922 657 4979; x_wconf 82' lang='lat' dir='ltr'><strong>hoc</strong></span> <span class='ocrx_word' id='word_1_394' title='bbox 697 4922 935 4977; x_wconf 87' lang='lat' dir='ltr'><strong>subsidio</strong></span> <span class='ocrx_word' id='word_1_395' title='bbox 977 4938 1082 4978; x_wconf 92' lang='lat' dir='ltr'><strong>non</strong></span> <span class='ocrx_word' id='word_1_396' title='bbox 1126 4932 1266 4995; x_wconf 86' lang='lat' dir='ltr'><strong>eget.</strong></span> <span class='ocrx_word' id='word_1_397' title='bbox 1309 4925 1484 4994; x_wconf 86' lang='lat' dir='ltr'><strong>Atque</strong></span> <span class='ocrx_word' id='word_1_398' title='bbox 1527 4932 1585 4977; x_wconf 92' lang='lat' dir='ltr'><strong>ut</strong></span> <span class='ocrx_word' id='word_1_399' title='bbox 1621 4922 1884 4994; x_wconf 87' lang='lat' dir='ltr'><strong>intelligas</strong></span> 
     </span>
    </p>
   </div>
   <div class='ocr_carea' id='block_1_52' title="bbox 297 5014 1883 5085">
    <p class='ocr_par' dir='ltr' id='par_1_52' title="bbox 297 5014 1883 5085">
     <span class='ocr_line' id='line_1_52' title="bbox 297 5014 1883 5085; baseline 0.001 -18"><span class='ocrx_word' id='word_1_400' title='bbox 297 5029 630 5085; x_wconf 87' lang='lat' dir='ltr'><strong>nequaquam</strong></span> <span class='ocrx_word' id='word_1_401' title='bbox 663 5014 781 5070; x_wconf 84' lang='lat' dir='ltr'><strong>illos</strong></span> <span class='ocrx_word' id='word_1_402' title='bbox 810 5014 1147 5084; x_wconf 83' lang='lat' dir='ltr'><strong>imposuisse,</strong></span> <span class='ocrx_word' id='word_1_403' title='bbox 1180 5014 1273 5071; x_wconf 90' lang='lat' dir='ltr'><strong>sed</strong></span> <span class='ocrx_word' id='word_1_404' title='bbox 1301 5029 1429 5070; x_wconf 89' lang='lat' dir='ltr'><strong>vere</strong></span> <span class='ocrx_word' id='word_1_405' title='bbox 1466 5014 1720 5069; x_wconf 90' lang='lat' dir='ltr'><strong>miracula</strong></span> <span class='ocrx_word' id='word_1_406' title='bbox 1766 5014 1883 5069; x_wconf 84' lang='lat' dir='ltr'><strong>edi-</strong></span> 
     </span>
    </p>
   </div>
   <div class='ocr_carea' id='block_1_53' title="bbox 294 5106 1881 5178">
    <p class='ocr_par' dir='ltr' id='par_1_53' title="bbox 294 5106 1881 5178">
     <span class='ocr_line' id='line_1_53' title="bbox 294 5106 1881 5178; baseline -0.001 -16"><span class='ocrx_word' id='word_1_407' title='bbox 294 5107 460 5175; x_wconf 87' lang='lat' dir='ltr'><strong>disse,</strong></span> <span class='ocrx_word' id='word_1_408' title='bbox 490 5115 650 5178; x_wconf 88' lang='lat' dir='ltr'><strong>atque</strong></span> <span class='ocrx_word' id='word_1_409' title='bbox 676 5106 906 5178; x_wconf 88' lang='lat' dir='ltr'><strong>indignis</strong></span> <span class='ocrx_word' id='word_1_410' title='bbox 930 5107 1231 5163; x_wconf 88' lang='lat' dir='ltr'><strong>hominibus</strong></span> <span class='ocrx_word' id='word_1_411' title='bbox 1251 5106 1390 5162; x_wconf 89' lang='lat' dir='ltr'><strong>dona</strong></span> <span class='ocrx_word' id='word_1_412' title='bbox 1412 5107 1577 5163; x_wconf 89' lang='lat' dir='ltr'><strong>fuisse</strong></span> <span class='ocrx_word' id='word_1_413' title='bbox 1603 5121 1881 5173; x_wconf 87' lang='lat' dir='ltr'><strong>concessa,</strong></span> 
     </span>
    </p>
   </div>
   <div class='ocr_carea' id='block_1_54' title="bbox 298 5200 1883 5272">
    <p class='ocr_par' dir='ltr' id='par_1_54' title="bbox 298 5200 1883 5272">
     <span class='ocr_line' id='line_1_54' title="bbox 298 5200 1883 5272; baseline 0.002 -19"><span class='ocrx_word' id='word_1_414' title='bbox 298 5211 458 5271; x_wconf 87' lang='lat' dir='ltr'><strong>utque</strong></span> <span class='ocrx_word' id='word_1_415' title='bbox 476 5208 671 5271; x_wconf 64' lang='lat' dir='ltr'><strong>printer</strong></span> <span class='ocrx_word' id='word_1_416' title='bbox 690 5216 775 5267; x_wconf 89' lang='lat' dir='ltr'><strong>ea,</strong></span> <span class='ocrx_word' id='word_1_417' title='bbox 797 5217 915 5271; x_wconf 68' lang='lat' dir='ltr'><strong>quae</strong></span> <span class='ocrx_word' id='word_1_418' title='bbox 936 5200 1077 5256; x_wconf 89' lang='lat' dir='ltr'><strong>dicta</strong></span> <span class='ocrx_word' id='word_1_419' title='bbox 1105 5210 1251 5268; x_wconf 91' lang='lat' dir='ltr'><strong>sunt,</strong></span> <span class='ocrx_word' id='word_1_420' title='bbox 1275 5200 1525 5272; x_wconf 90' lang='lat' dir='ltr'><strong>quiddam</strong></span> <span class='ocrx_word' id='word_1_421' title='bbox 1553 5202 1717 5257; x_wconf 91' lang='lat' dir='ltr'><strong>etiam</strong></span> <span class='ocrx_word' id='word_1_422' title='bbox 1738 5200 1883 5256; x_wconf 87' lang='lat' dir='ltr'><strong>aliud</strong></span> 
     </span>
    </p>
   </div>
   <div class='ocr_carea' id='block_1_55' title="bbox 296 5291 1882 5363">
    <p class='ocr_par' dir='ltr' id='par_1_55' title="bbox 296 5291 1882 5363">
     <span class='ocr_line' id='line_1_55' title="bbox 296 5291 1882 5363; baseline 0 -17"><span class='ocrx_word' id='word_1_423' title='bbox 296 5291 679 5361; x_wconf 87' lang='lat' dir='ltr'><strong>perficeretur,</strong></span> <span class='ocrx_word' id='word_1_424' title='bbox 720 5292 923 5363; x_wconf 89' lang='lat' dir='ltr'><strong>Deique</strong></span> <span class='ocrx_word' id='word_1_425' title='bbox 968 5308 1161 5347; x_wconf 86' lang='lat' dir='ltr'><strong>munus</strong></span> <span class='ocrx_word' id='word_1_426' title='bbox 1207 5292 1282 5347; x_wconf 91' lang='lat' dir='ltr'><strong>illi</strong></span> <span class='ocrx_word' id='word_1_427' title='bbox 1330 5292 1544 5348; x_wconf 88' lang='lat' dir='ltr'><strong>reveriti</strong></span> <span class='ocrx_word' id='word_1_428' title='bbox 1592 5292 1882 5363; x_wconf 87' lang='lat' dir='ltr'><strong>nequitiam</strong></span> 
     </span>
    </p>
   </div>
   <div class='ocr_carea' id='block_1_56' title="bbox 294 5382 1885 5451">
    <p class='ocr_par' dir='ltr' id='par_1_56' title="bbox 294 5382 1885 5451">
     <span class='ocr_line' id='line_1_56' title="bbox 294 5382 1885 5451; baseline 0.002 -17"><span class='ocrx_word' id='word_1_429' title='bbox 294 5382 608 5451; x_wconf 83' lang='lat' dir='ltr'><strong>abjieerent,</strong></span> <span class='ocrx_word' id='word_1_430' title='bbox 635 5382 826 5439; x_wconf 83' lang='lat' dir='ltr'><strong>Judam</strong></span> <span class='ocrx_word' id='word_1_431' title='bbox 854 5399 1017 5439; x_wconf 89' lang='lat' dir='ltr'><strong>unum</strong></span> <span class='ocrx_word' id='word_1_432' title='bbox 1041 5398 1108 5439; x_wconf 78' lang='lat' dir='ltr'><strong>ex</strong></span> <span class='ocrx_word' id='word_1_433' title='bbox 1133 5382 1414 5438; x_wconf 86' lang='lat' dir='ltr'><strong>duodecim</strong></span> <span class='ocrx_word' id='word_1_434' title='bbox 1440 5398 1628 5438; x_wconf 91' lang='lat' dir='ltr'><strong>omnes</strong></span> <span class='ocrx_word' id='word_1_435' title='bbox 1653 5382 1885 5438; x_wconf 87' lang='lat' dir='ltr'><strong>fatentur</strong></span> 
     </span>
    </p>
   </div>
   <div class='ocr_carea' id='block_1_57' title="bbox 296 5473 1884 5546">
    <p class='ocr_par' dir='ltr' id='par_1_57' title="bbox 296 5473 1884 5546">
     <span class='ocr_line' id='line_1_57' title="bbox 296 5473 1884 5546; baseline 0.003 -19"><span class='ocrx_word' id='word_1_436' title='bbox 296 5474 444 5543; x_wconf 88' lang='lat' dir='ltr'><strong>signa</strong></span> <span class='ocrx_word' id='word_1_437' title='bbox 472 5473 682 5543; x_wconf 89' lang='lat' dir='ltr'><strong>fecisse,</strong></span> <span class='ocrx_word' id='word_1_438' title='bbox 710 5476 983 5532; x_wconf 60' lang='lat' dir='ltr'><strong>daemones</strong></span> <span class='ocrx_word' id='word_1_439' title='bbox 1009 5474 1255 5546; x_wconf 87' lang='lat' dir='ltr'><strong>ejecisse,</strong></span> <span class='ocrx_word' id='word_1_440' title='bbox 1288 5484 1530 5531; x_wconf 92' lang='lat' dir='ltr'><strong>mortuos</strong></span> <span class='ocrx_word' id='word_1_441' title='bbox 1573 5476 1884 5544; x_wconf 75' lang='lat' dir='ltr'><strong>suscitasse.</strong></span> 
     </span>
    </p>
   </div>
   <div class='ocr_carea' id='block_1_58' title="bbox 298 5563 1881 5638">
    <p class='ocr_par' dir='ltr' id='par_1_58' title="bbox 298 5563 1881 5638">
     <span class='ocr_line' id='line_1_58' title="bbox 298 5563 1881 5638; baseline 0.004 -20"><span class='ocrx_word' id='word_1_442' title='bbox 298 5563 539 5636; x_wconf 76' lang='lat' dir='ltr'><strong>leprosos</strong></span> <span class='ocrx_word' id='word_1_443' title='bbox 564 5567 889 5625; x_wconf 88' lang='lat' dir='ltr'><strong>mundasse:</strong></span> <span class='ocrx_word' id='word_1_444' title='bbox 919 5579 973 5624; x_wconf 89' lang='lat' dir='ltr'><strong>et</strong></span> <span class='ocrx_word' id='word_1_445' title='bbox 1010 5577 1185 5624; x_wconf 86' lang='lat' dir='ltr'><strong>tamen</strong></span> <span class='ocrx_word' id='word_1_446' title='bbox 1229 5568 1426 5624; x_wconf 79' lang='lat' dir='ltr'><strong>excidit</strong></span> <span class='ocrx_word' id='word_1_447' title='bbox 1462 5582 1491 5623; x_wconf 88' lang='lat' dir='ltr'><strong>a</strong></span> <span class='ocrx_word' id='word_1_448' title='bbox 1530 5583 1696 5638; x_wconf 86' lang='lat' dir='ltr'><strong>regno</strong></span> <span class='ocrx_word' id='word_1_449' title='bbox 1721 5569 1881 5625; x_wconf 63' lang='lat' dir='ltr'><strong>caelo-</strong></span> 
     </span>
    </p>
   </div>
   <div class='ocr_carea' id='block_1_59' title="bbox 360 5796 1876 5863">
    <p class='ocr_par' dir='ltr' id='par_1_59' title="bbox 360 5796 1876 5863">
     <span class='ocr_line' id='line_1_59' title="bbox 360 5796 1876 5863; baseline -0.001 -13"><span class='ocrx_word' id='word_1_450' title='bbox 360 5803 375 5834; x_wconf 84' lang='grc'>¹</span> <span class='ocrx_word' id='word_1_451' title='bbox 404 5803 541 5858; x_wconf 72' lang='lat' dir='ltr'><strong>lltec,</strong></span> <span class='ocrx_word' id='word_1_452' title='bbox 570 5814 629 5851; x_wconf 90' lang='lat' dir='ltr'><strong>ne</strong></span> <span class='ocrx_word' id='word_1_453' title='bbox 652 5813 682 5848; x_wconf 87' lang='lat' dir='ltr'><strong>a</strong></span> <span class='ocrx_word' id='word_1_454' title='bbox 708 5796 1309 5863; x_wconf 72' lang='lat' dir='ltr'><strong>pecoribuslabefactetur,</strong></span> <span class='ocrx_word' id='word_1_455' title='bbox 1336 5802 1454 5861; x_wconf 79' lang='grc' dir='ltr'>μήτε</span> <span class='ocrx_word' id='word_1_456' title='bbox 1477 5803 1569 5850; x_wconf 70' lang='grc' dir='ltr'>ὕπὸ</span> <span class='ocrx_word' id='word_1_457' title='bbox 1600 5802 1876 5863; x_wconf 74' lang='grc' dir='ltr'>Θρεμμάτων</span> 
     </span>
    </p>
   </div>
   <div class='ocr_carea' id='block_1_60' title="bbox 300 5860 1872 5926">
    <p class='ocr_par' dir='ltr' id='par_1_60' title="bbox 300 5860 1872 5926">
     <span class='ocr_line' id='line_1_60' title="bbox 300 5860 1872 5926; baseline 0.004 -17"><span class='ocrx_word' id='word_1_458' title='bbox 300 5864 592 5926; x_wconf 61' lang='grc' dir='ltr'><strong>ἀδικηθῆναι,</strong></span> <span class='ocrx_word' id='word_1_459' title='bbox 619 5860 829 5911; x_wconf 75' lang='lat' dir='ltr'><strong>deerant</strong></span> <span class='ocrx_word' id='word_1_460' title='bbox 869 5864 916 5910; x_wconf 89' lang='lat' dir='ltr'><strong>itt</strong></span> <span class='ocrx_word' id='word_1_461' title='bbox 958 5860 1133 5926; x_wconf 35' lang='lat' dir='ltr'><strong>Etliti&#39;s,</strong></span> <span class='ocrx_word' id='word_1_462' title='bbox 1170 5863 1257 5910; x_wconf 84' lang='lat' dir='ltr'><strong>sed</strong></span> <span class='ocrx_word' id='word_1_463' title='bbox 1296 5860 1354 5926; x_wconf 68' lang='lat' dir='ltr'><strong>ex</strong></span> <span class='ocrx_word' id='word_1_464' title='bbox 1400 5863 1535 5913; x_wconf 70' lang='lat' dir='ltr'><strong>tlolb.</strong></span> <span class='ocrx_word' id='word_1_465' title='bbox 1564 5860 1872 5926; x_wconf 75' lang='lat' dir='ltr'><strong>Supplcutur.</strong></span> 
     </span>
    </p>
   </div>
   <div class='ocr_carea' id='block_1_61' title="bbox 260 5921 1489 5987">
    <p class='ocr_par' dir='ltr' id='par_1_61' title="bbox 260 5921 1489 5987">
     <span class='ocr_line' id='line_1_61' title="bbox 260 5921 1489 5987; baseline 0.002 -17"><span class='ocrx_word' id='word_1_466' title='bbox 260 5940 275 5951; x_wconf 71' lang='grc' dir='ltr'><strong><em>ο</em></strong></span> <span class='ocrx_word' id='word_1_467' title='bbox 307 5924 431 5975; x_wconf 73' lang='lat' dir='ltr'><strong>Infra</strong></span> <span class='ocrx_word' id='word_1_468' title='bbox 456 5927 575 5975; x_wconf 82' lang='lat' dir='ltr'><strong>llt&#39;ltt</strong></span> <span class='ocrx_word' id='word_1_469' title='bbox 602 5926 822 5987; x_wconf 55' lang='lat' dir='ltr'><strong>quaedam</strong></span> <span class='ocrx_word' id='word_1_470' title='bbox 851 5939 909 5974; x_wconf 75' lang='lat' dir='ltr'><strong>ex</strong></span> <span class='ocrx_word' id='word_1_471' title='bbox 944 5922 1115 5972; x_wconf 64' lang='lat' dir='ltr'><strong>eodem</strong></span> <span class='ocrx_word' id='word_1_472' title='bbox 1145 5921 1489 5973; x_wconf 67' lang='lat' dir='ltr'><strong>resarciuntur.</strong></span> 
     </span>
    </p>
   </div>
   <div class='ocr_carea' id='block_1_62' title="bbox 1984 521 3560 590">
    <p class='ocr_par' dir='ltr' id='par_1_62' title="bbox 1984 521 3560 590">
     <span class='ocr_line' id='line_1_62' title="bbox 1984 521 3560 590; baseline -0.004 -15"><span class='ocrx_word' id='word_1_473' title='bbox 1984 539 2122 576; x_wconf 89' lang='lat' dir='ltr'><strong>rum.</strong></span> <span class='ocrx_word' id='word_1_474' title='bbox 2154 523 2271 578; x_wconf 87' lang='lat' dir='ltr'><strong>Non</strong></span> <span class='ocrx_word' id='word_1_475' title='bbox 2297 524 2607 585; x_wconf 85' lang='lat' dir='ltr'><strong>enimitlqu</strong></span> <span class='ocrx_word' id='word_1_476' title='bbox 2624 524 2828 578; x_wconf 90' lang='lat' dir='ltr'><strong>salvum</strong></span> <span class='ocrx_word' id='word_1_477' title='bbox 2869 521 3046 577; x_wconf 87' lang='lat' dir='ltr'><strong>facere</strong></span> <span class='ocrx_word' id='word_1_478' title='bbox 3076 534 3223 590; x_wconf 77' lang='lat' dir='ltr'><strong>signa</strong></span> <span class='ocrx_word' id='word_1_479' title='bbox 3258 529 3560 588; x_wconf 70' lang='lat' dir='ltr'><strong>potiturum,</strong></span> 
     </span>
    </p>
   </div>
   <div class='ocr_carea' id='block_1_63' title="bbox 1980 611 3564 685">
    <p class='ocr_par' dir='ltr' id='par_1_63' title="bbox 1980 611 3564 685">
     <span class='ocr_line' id='line_1_63' title="bbox 1980 611 3564 685; baseline -0.004 -19"><span class='ocrx_word' id='word_1_480' title='bbox 1980 615 2104 683; x_wconf 89' lang='lat' dir='ltr'><strong>quia</strong></span> <span class='ocrx_word' id='word_1_481' title='bbox 2132 615 2287 678; x_wconf 87' lang='lat' dir='ltr'><strong>latro,</strong></span> <span class='ocrx_word' id='word_1_482' title='bbox 2320 615 2430 681; x_wconf 86' lang='lat' dir='ltr'><strong>fur,</strong></span> <span class='ocrx_word' id='word_1_483' title='bbox 2455 624 2509 670; x_wconf 90' lang='lat' dir='ltr'><strong>et</strong></span> <span class='ocrx_word' id='word_1_484' title='bbox 2528 615 2767 685; x_wconf 90' lang='lat' dir='ltr'><strong>proditor</strong></span> <span class='ocrx_word' id='word_1_485' title='bbox 2795 614 2892 669; x_wconf 90' lang='lat' dir='ltr'><strong>fuit</strong></span> <span class='ocrx_word' id='word_1_486' title='bbox 2914 612 3144 667; x_wconf 88' lang='lat' dir='ltr'><strong>Domini.</strong></span> <span class='ocrx_word' id='word_1_487' title='bbox 3174 613 3250 666; x_wconf 78' lang='lat' dir='ltr'><strong>Ac</strong></span> <span class='ocrx_word' id='word_1_488' title='bbox 3271 611 3420 681; x_wconf 85' lang='lat' dir='ltr'><strong>signa</strong></span> <span class='ocrx_word' id='word_1_489' title='bbox 3447 612 3564 679; x_wconf 86' lang='lat' dir='ltr'><strong>qni-</strong></span> 
     </span>
    </p>
   </div>
   <div class='ocr_carea' id='block_1_64' title="bbox 1981 706 3569 777">
    <p class='ocr_par' dir='ltr' id='par_1_64' title="bbox 1981 706 3569 777">
     <span class='ocr_line' id='line_1_64' title="bbox 1981 706 3569 777; baseline -0.004 -16"><span class='ocrx_word' id='word_1_490' title='bbox 1981 707 2103 762; x_wconf 88' lang='lat' dir='ltr'><strong>dem</strong></span> <span class='ocrx_word' id='word_1_491' title='bbox 2153 707 2273 762; x_wconf 89' lang='lat' dir='ltr'><strong>sine</strong></span> <span class='ocrx_word' id='word_1_492' title='bbox 2320 709 2522 777; x_wconf 90' lang='lat' dir='ltr'><strong>optima</strong></span> <span class='ocrx_word' id='word_1_493' title='bbox 2570 707 3009 771; x_wconf 79' lang='lat' dir='ltr'><strong>conversatione,</strong></span> <span class='ocrx_word' id='word_1_494' title='bbox 3068 706 3286 774; x_wconf 80' lang='lat' dir='ltr'><strong>vitaque</strong></span> <span class='ocrx_word' id='word_1_495' title='bbox 3334 718 3462 772; x_wconf 86' lang='lat' dir='ltr'><strong>pura</strong></span> <span class='ocrx_word' id='word_1_496' title='bbox 3516 711 3569 755; x_wconf 89' lang='lat' dir='ltr'><strong>et</strong></span> 
     </span>
    </p>
   </div>
   <div class='ocr_carea' id='block_1_65' title="bbox 1982 798 3569 868">
    <p class='ocr_par' dir='ltr' id='par_1_65' title="bbox 1982 798 3569 868">
     <span class='ocr_line' id='line_1_65' title="bbox 1982 798 3569 868; baseline -0.004 -14"><span class='ocrx_word' id='word_1_497' title='bbox 1982 809 2168 855; x_wconf 81' lang='lat' dir='ltr'><strong>exacta</strong></span> <span class='ocrx_word' id='word_1_498' title='bbox 2196 799 2400 853; x_wconf 90' lang='lat' dir='ltr'><strong>salvum</strong></span> <span class='ocrx_word' id='word_1_499' title='bbox 2430 798 2609 854; x_wconf 89' lang='lat' dir='ltr'><strong>facere</strong></span> <span class='ocrx_word' id='word_1_500' title='bbox 2634 800 2851 854; x_wconf 89' lang='lat' dir='ltr'><strong>minime</strong></span> <span class='ocrx_word' id='word_1_501' title='bbox 2876 813 3035 868; x_wconf 85' lang='lat' dir='ltr'><strong>posse</strong></span> <span class='ocrx_word' id='word_1_502' title='bbox 3060 798 3480 852; x_wconf 86' lang='lat' dir='ltr'><strong>demonstratum</strong></span> <span class='ocrx_word' id='word_1_503' title='bbox 3504 808 3569 847; x_wconf 76' lang='lat' dir='ltr'><strong>cx</strong></span> 
     </span>
    </p>
   </div>
   <div class='ocr_carea' id='block_1_66' title="bbox 1985 888 3569 959">
    <p class='ocr_par' dir='ltr' id='par_1_66' title="bbox 1985 888 3569 959">
     <span class='ocr_line' id='line_1_66' title="bbox 1985 888 3569 959; baseline -0.006 -14"><span class='ocrx_word' id='word_1_504' title='bbox 1985 891 2103 946; x_wconf 90' lang='lat' dir='ltr'><strong>istis</strong></span> <span class='ocrx_word' id='word_1_505' title='bbox 2127 900 2210 945; x_wconf 89' lang='lat' dir='ltr'><strong>est</strong></span> <span class='ocrx_word' id='word_1_506' title='bbox 2236 909 2249 946; x_wconf 90' lang='lat'><strong>:</strong></span> <span class='ocrx_word' id='word_1_507' title='bbox 2273 891 2753 947; x_wconf 85' lang='lat' dir='ltr'><strong>conversationem</strong></span> <span class='ocrx_word' id='word_1_508' title='bbox 2777 900 2953 945; x_wconf 89' lang='lat' dir='ltr'><strong>autem</strong></span> <span class='ocrx_word' id='word_1_509' title='bbox 2988 889 3089 944; x_wconf 86' lang='lat' dir='ltr'><strong>hoc</strong></span> <span class='ocrx_word' id='word_1_510' title='bbox 3123 889 3396 959; x_wconf 80' lang='lat' dir='ltr'><strong>signorum</strong></span> <span class='ocrx_word' id='word_1_511' title='bbox 3427 888 3569 939; x_wconf 81' lang='lat' dir='ltr'><strong>sola-</strong></span> 
     </span>
    </p>
   </div>
   <div class='ocr_carea' id='block_1_67' title="bbox 1988 976 3571 1054">
    <p class='ocr_par' dir='ltr' id='par_1_67' title="bbox 1988 976 3571 1054">
     <span class='ocr_line' id='line_1_67' title="bbox 1988 976 3571 1054; baseline -0.004 -17"><span class='ocrx_word' id='word_1_512' title='bbox 1988 983 2061 1038; x_wconf 91' lang='lat' dir='ltr'><strong>tio</strong></span> <span class='ocrx_word' id='word_1_513' title='bbox 2112 982 2443 1049; x_wconf 88' lang='lat' dir='ltr'><strong>destitutam,</strong></span> <span class='ocrx_word' id='word_1_514' title='bbox 2497 998 2679 1054; x_wconf 87' lang='lat' dir='ltr'><strong>neque</strong></span> <span class='ocrx_word' id='word_1_515' title='bbox 2713 982 2805 1037; x_wconf 90' lang='lat' dir='ltr'><strong>illo</strong></span> <span class='ocrx_word' id='word_1_516' title='bbox 2852 983 3100 1053; x_wconf 84' lang='lat' dir='ltr'><strong>stipatam</strong></span> <span class='ocrx_word' id='word_1_517' title='bbox 3152 980 3423 1050; x_wconf 74' lang='lat' dir='ltr'><strong>przesidio,</strong></span> <span class='ocrx_word' id='word_1_518' title='bbox 3477 976 3571 1031; x_wconf 84' lang='lat' dir='ltr'><strong>scd</strong></span> 
     </span>
    </p>
   </div>
   <div class='ocr_carea' id='block_1_68' title="bbox 1985 1072 3572 1146">
    <p class='ocr_par' dir='ltr' id='par_1_68' title="bbox 1985 1072 3572 1146">
     <span class='ocr_line' id='line_1_68' title="bbox 1985 1072 3572 1146; baseline -0.004 -18"><span class='ocrx_word' id='word_1_519' title='bbox 1985 1076 2230 1145; x_wconf 84' lang='lat' dir='ltr'><strong>quamvis</strong></span> <span class='ocrx_word' id='word_1_520' title='bbox 2265 1078 2376 1131; x_wconf 80' lang='lat' dir='ltr'><strong>sola</strong></span> <span class='ocrx_word' id='word_1_521' title='bbox 2417 1084 2744 1146; x_wconf 88' lang='lat' dir='ltr'><strong>compareat,</strong></span> <span class='ocrx_word' id='word_1_522' title='bbox 2792 1090 2948 1145; x_wconf 82' lang='lat' dir='ltr'><strong>posse</strong></span> <span class='ocrx_word' id='word_1_523' title='bbox 2985 1090 3105 1130; x_wconf 88' lang='lat' dir='ltr'><strong>cum</strong></span> <span class='ocrx_word' id='word_1_524' title='bbox 3151 1073 3340 1127; x_wconf 87' lang='lat' dir='ltr'><strong>ﬁducia</strong></span> <span class='ocrx_word' id='word_1_525' title='bbox 3385 1072 3437 1126; x_wconf 86' lang='lat' dir='ltr'><strong>in</strong></span> <span class='ocrx_word' id='word_1_526' title='bbox 3483 1086 3572 1124; x_wconf 78' lang='lat' dir='ltr'><strong>re-</strong></span> 
     </span>
    </p>
   </div>
   <div class='ocr_carea' id='block_1_69' title="bbox 1984 1164 3569 1235">
    <p class='ocr_par' dir='ltr' id='par_1_69' title="bbox 1984 1164 3569 1235">
     <span class='ocr_line' id='line_1_69' title="bbox 1984 1164 3569 1235; baseline -0.003 -15"><span class='ocrx_word' id='word_1_527' title='bbox 1984 1181 2145 1235; x_wconf 84' lang='lat' dir='ltr'><strong>gnum</strong></span> <span class='ocrx_word' id='word_1_528' title='bbox 2172 1167 2695 1231; x_wconf 72' lang='lat' dir='ltr'><strong>cmlorumintroire,</strong></span> <span class='ocrx_word' id='word_1_529' title='bbox 2727 1166 2941 1221; x_wconf 83' lang='lat' dir='ltr'><strong>Christo</strong></span> <span class='ocrx_word' id='word_1_530' title='bbox 2978 1166 3207 1220; x_wconf 86' lang='lat' dir='ltr'><strong>docente</strong></span> <span class='ocrx_word' id='word_1_531' title='bbox 3235 1164 3513 1218; x_wconf 88' lang='lat' dir='ltr'><strong>condisces</strong></span> <span class='ocrx_word' id='word_1_532' title='bbox 3555 1179 3569 1215; x_wconf 75' lang='grc' dir='ltr'><strong>ε</strong></span> 
     </span>
    </p>
   </div>
   <div class='ocr_carea' id='block_1_70' title="bbox 1996 1254 3573 1328">
    <p class='ocr_par' dir='ltr' id='par_1_70' title="bbox 1996 1254 3573 1328">
     <span class='ocr_line' id='line_1_70' title="bbox 1996 1254 3573 1328; baseline -0.003 -17"><span class='ocrx_word' id='word_1_533' title='bbox 1996 1256 2190 1323; x_wconf 68' lang='lat' dir='ltr'><strong>Venite,</strong></span> <span class='ocrx_word' id='word_1_534' title='bbox 2223 1258 2464 1313; x_wconf 83' lang='lat' dir='ltr'><strong>benedicti</strong></span> <span class='ocrx_word' id='word_1_535' title='bbox 2508 1258 2679 1312; x_wconf 79' lang='lat' dir='ltr'><strong>Patris</strong></span> <span class='ocrx_word' id='word_1_536' title='bbox 2708 1260 2823 1324; x_wconf 83' lang='lat' dir='ltr'><strong>mei,</strong></span> <span class='ocrx_word' id='word_1_537' title='bbox 2867 1257 3115 1328; x_wconf 80' lang='lat' dir='ltr'><strong>possidete</strong></span> <span class='ocrx_word' id='word_1_538' title='bbox 3157 1267 3392 1326; x_wconf 81' lang='lat' dir='ltr'><strong>paratum</strong></span> <span class='ocrx_word' id='word_1_539' title='bbox 3437 1254 3573 1307; x_wconf 76' lang='lat' dir='ltr'><strong>vobis</strong></span> 
     </span>
    </p>
   </div>
   <div class='ocr_carea' id='block_1_71' title="bbox 1987 1346 3573 1420">
    <p class='ocr_par' dir='ltr' id='par_1_71' title="bbox 1987 1346 3573 1420">
     <span class='ocr_line' id='line_1_71' title="bbox 1987 1346 3573 1420; baseline -0.006 -18"><span class='ocrx_word' id='word_1_540' title='bbox 1987 1366 2197 1420; x_wconf 80' lang='lat' dir='ltr'><strong>regnum</strong></span> <span class='ocrx_word' id='word_1_541' title='bbox 2223 1367 2254 1403; x_wconf 90' lang='lat' dir='ltr'><strong>a</strong></span> <span class='ocrx_word' id='word_1_542' title='bbox 2278 1350 2633 1403; x_wconf 87' lang='lat' dir='ltr'><strong>constitutione</strong></span> <span class='ocrx_word' id='word_1_543' title='bbox 2662 1350 2835 1403; x_wconf 84' lang='lat' dir='ltr'><strong>mundi</strong></span> <span class='ocrx_word' id='word_1_544' title='bbox 2870 1348 3081 1418; x_wconf 78' lang='lat' dir='ltr'><strong>(Matth.</strong></span> <span class='ocrx_word' id='word_1_545' title='bbox 3111 1346 3200 1403; x_wconf 71' lang='lat'><strong>25.</strong></span> <span class='ocrx_word' id='word_1_546' title='bbox 3244 1349 3357 1418; x_wconf 74' lang='grc'><strong>54).</strong></span> <span class='ocrx_word' id='word_1_547' title='bbox 3405 1346 3573 1413; x_wconf 84' lang='lat' dir='ltr'><strong>Quam</strong></span> 
     </span>
    </p>
   </div>
   <div class='ocr_carea' id='block_1_72' title="bbox 1986 1438 3574 1511">
    <p class='ocr_par' dir='ltr' id='par_1_72' title="bbox 1986 1438 3574 1511">
     <span class='ocr_line' id='line_1_72' title="bbox 1986 1438 3574 1511; baseline -0.007 -15"><span class='ocrx_word' id='word_1_548' title='bbox 1986 1441 2057 1496; x_wconf 94' lang='lat' dir='ltr'><strong>ob</strong></span> <span class='ocrx_word' id='word_1_549' title='bbox 2100 1441 2502 1511; x_wconf 89' lang='lat' dir='ltr'><strong>causam?quia</strong></span> <span class='ocrx_word' id='word_1_550' title='bbox 2541 1448 2782 1495; x_wconf 86' lang='lat' dir='ltr'><strong>mortuos</strong></span> <span class='ocrx_word' id='word_1_551' title='bbox 2825 1438 3188 1495; x_wconf 84' lang='lat' dir='ltr'><strong>suscitarunt?</strong></span> <span class='ocrx_word' id='word_1_552' title='bbox 3226 1440 3347 1509; x_wconf 89' lang='lat' dir='ltr'><strong>quia</strong></span> <span class='ocrx_word' id='word_1_553' title='bbox 3397 1438 3574 1506; x_wconf 81' lang='lat' dir='ltr'><strong>lepro-</strong></span> 
     </span>
    </p>
   </div>
   <div class='ocr_carea' id='block_1_73' title="bbox 1985 1526 3575 1602">
    <p class='ocr_par' dir='ltr' id='par_1_73' title="bbox 1985 1526 3575 1602">
     <span class='ocr_line' id='line_1_73' title="bbox 1985 1526 3575 1602; baseline -0.005 -15"><span class='ocrx_word' id='word_1_554' title='bbox 1985 1547 2076 1587; x_wconf 88' lang='lat' dir='ltr'><strong>sos</strong></span> <span class='ocrx_word' id='word_1_555' title='bbox 2120 1532 2484 1587; x_wconf 88' lang='lat' dir='ltr'><strong>muudarunt?</strong></span> <span class='ocrx_word' id='word_1_556' title='bbox 2510 1532 2631 1602; x_wconf 89' lang='lat' dir='ltr'><strong>quia</strong></span> <span class='ocrx_word' id='word_1_557' title='bbox 2660 1531 2933 1586; x_wconf 61' lang='lat' dir='ltr'><strong>daemones</strong></span> <span class='ocrx_word' id='word_1_558' title='bbox 2961 1528 3315 1601; x_wconf 74' lang='lat' dir='ltr'><strong>expulerunt?</strong></span> <span class='ocrx_word' id='word_1_559' title='bbox 3362 1526 3575 1597; x_wconf 85' lang='lat' dir='ltr'><strong>Nequa-</strong></span> 
     </span>
    </p>
   </div>
   <div class='ocr_carea' id='block_1_74' title="bbox 1985 1619 3571 1696">
    <p class='ocr_par' dir='ltr' id='par_1_74' title="bbox 1985 1619 3571 1696">
     <span class='ocr_line' id='line_1_74' title="bbox 1985 1619 3571 1696; baseline -0.005 -17"><span class='ocrx_word' id='word_1_560' title='bbox 1985 1640 2143 1696; x_wconf 88' lang='lat' dir='ltr'><strong>quam</strong></span> <span class='ocrx_word' id='word_1_561' title='bbox 2179 1642 2193 1680; x_wconf 86' lang='lat'>:</span> <span class='ocrx_word' id='word_1_562' title='bbox 2228 1624 2323 1679; x_wconf 90' lang='lat' dir='ltr'><strong>sed</strong></span> <span class='ocrx_word' id='word_1_563' title='bbox 2350 1640 2453 1694; x_wconf 87' lang='lat' dir='ltr'><strong>qua</strong></span> <span class='ocrx_word' id='word_1_564' title='bbox 2493 1624 2560 1679; x_wconf 93' lang='lat' dir='ltr'><strong>de</strong></span> <span class='ocrx_word' id='word_1_565' title='bbox 2587 1624 2788 1680; x_wconf 86' lang='lat' dir='ltr'><strong>causa?</strong></span> <span class='ocrx_word' id='word_1_566' title='bbox 2834 1623 3171 1677; x_wconf 86' lang='lat' dir='ltr'><strong>Esuricntem</strong></span> <span class='ocrx_word' id='word_1_567' title='bbox 3216 1635 3304 1675; x_wconf 91' lang='lat' dir='ltr'><strong>me</strong></span> <span class='ocrx_word' id='word_1_568' title='bbox 3345 1619 3571 1684; x_wconf 87' lang='lat' dir='ltr'><strong>vidistis,</strong></span> 
     </span>
    </p>
   </div>
   <div class='ocr_carea' id='block_1_75' title="bbox 1988 1709 3576 1785">
    <p class='ocr_par' dir='ltr' id='par_1_75' title="bbox 1988 1709 3576 1785">
     <span class='ocr_line' id='line_1_75' title="bbox 1988 1709 3576 1785; baseline -0.004 -15"><span class='ocrx_word' id='word_1_569' title='bbox 1988 1715 2178 1785; x_wconf 90' lang='lat' dir='ltr'><strong>inquit,</strong></span> <span class='ocrx_word' id='word_1_570' title='bbox 2213 1724 2268 1770; x_wconf 92' lang='lat' dir='ltr'><strong>et</strong></span> <span class='ocrx_word' id='word_1_571' title='bbox 2313 1714 2523 1770; x_wconf 85' lang='lat' dir='ltr'><strong>aluistis</strong></span> <span class='ocrx_word' id='word_1_572' title='bbox 2568 1732 2581 1768; x_wconf 91' lang='lat'><strong>:</strong></span> <span class='ocrx_word' id='word_1_573' title='bbox 2630 1714 2923 1780; x_wconf 87' lang='lat' dir='ltr'><strong>sitientem,</strong></span> <span class='ocrx_word' id='word_1_574' title='bbox 2967 1720 3023 1768; x_wconf 90' lang='lat' dir='ltr'><strong>et</strong></span> <span class='ocrx_word' id='word_1_575' title='bbox 3065 1711 3289 1766; x_wconf 88' lang='lat' dir='ltr'><strong>dedistis</strong></span> <span class='ocrx_word' id='word_1_576' title='bbox 3317 1709 3447 1765; x_wconf 91' lang='lat' dir='ltr'><strong>mihi</strong></span> <span class='ocrx_word' id='word_1_577' title='bbox 3480 1725 3576 1779; x_wconf 73' lang='grc' dir='ltr'><strong>ρο·</strong></span> 
     </span>
    </p>
   </div>
   <div class='ocr_carea' id='block_1_76' title="bbox 1989 1803 3577 1878">
    <p class='ocr_par' dir='ltr' id='par_1_76' title="bbox 1989 1803 3577 1878">
     <span class='ocr_line' id='line_1_76' title="bbox 1989 1803 3577 1878; baseline -0.003 -15"><span class='ocrx_word' id='word_1_578' title='bbox 1989 1817 2139 1863; x_wconf 85' lang='lat' dir='ltr'><strong>tum:</strong></span> <span class='ocrx_word' id='word_1_579' title='bbox 2171 1808 2393 1872; x_wconf 90' lang='lat' dir='ltr'><strong>nudum,</strong></span> <span class='ocrx_word' id='word_1_580' title='bbox 2421 1818 2475 1862; x_wconf 89' lang='lat' dir='ltr'><strong>et</strong></span> <span class='ocrx_word' id='word_1_581' title='bbox 2494 1806 2844 1878; x_wconf 90' lang='lat' dir='ltr'><strong>cooperuistis</strong></span> <span class='ocrx_word' id='word_1_582' title='bbox 2869 1821 2955 1861; x_wconf 90' lang='lat' dir='ltr'><strong>me</strong></span> <span class='ocrx_word' id='word_1_583' title='bbox 2989 1825 3001 1860; x_wconf 90' lang='lat'>:</span> <span class='ocrx_word' id='word_1_584' title='bbox 3032 1805 3316 1875; x_wconf 89' lang='lat' dir='ltr'><strong>hospitem,</strong></span> <span class='ocrx_word' id='word_1_585' title='bbox 3341 1813 3394 1858; x_wconf 87' lang='lat' dir='ltr'><strong>et</strong></span> <span class='ocrx_word' id='word_1_586' title='bbox 3414 1803 3577 1858; x_wconf 78' lang='lat' dir='ltr'><strong>colle-</strong></span> 
     </span>
    </p>
   </div>
   <div class='ocr_carea' id='block_1_77' title="bbox 1988 1894 3577 1970">
    <p class='ocr_par' dir='ltr' id='par_1_77' title="bbox 1988 1894 3577 1970">
     <span class='ocr_line' id='line_1_77' title="bbox 1988 1894 3577 1970; baseline -0.002 -18"><span class='ocrx_word' id='word_1_587' title='bbox 1988 1901 2141 1970; x_wconf 90' lang='lat' dir='ltr'><strong>gistis</strong></span> <span class='ocrx_word' id='word_1_588' title='bbox 2172 1897 2277 1970; x_wconf 89' lang='lat' dir='ltr'><strong>(Ib.</strong></span> <span class='ocrx_word' id='word_1_589' title='bbox 2306 1915 2351 1951; x_wconf 88' lang='lat' dir='ltr'><strong>v.</strong></span> <span class='ocrx_word' id='word_1_590' title='bbox 2387 1899 2476 1953; x_wconf 81' lang='grc'><strong>55.</strong></span> <span class='ocrx_word' id='word_1_591' title='bbox 2508 1896 2621 1970; x_wconf 80' lang='grc'><strong>56).</strong></span> <span class='ocrx_word' id='word_1_592' title='bbox 2651 1897 2921 1967; x_wconf 86' lang='lat' dir='ltr'><strong>Nusquam</strong></span> <span class='ocrx_word' id='word_1_593' title='bbox 2951 1896 3228 1962; x_wconf 88' lang='lat' dir='ltr'><strong>miracula,</strong></span> <span class='ocrx_word' id='word_1_594' title='bbox 3258 1894 3354 1949; x_wconf 86' lang='lat' dir='ltr'><strong>scd</strong></span> <span class='ocrx_word' id='word_1_595' title='bbox 3381 1894 3577 1964; x_wconf 81' lang='lat' dir='ltr'><strong>ubique</strong></span> 
     </span>
    </p>
   </div>
   <div class='ocr_carea' id='block_1_78' title="bbox 1991 1989 3576 2061">
    <p class='ocr_par' dir='ltr' id='par_1_78' title="bbox 1991 1989 3576 2061">
     <span class='ocr_line' id='line_1_78' title="bbox 1991 1989 3576 2061; baseline -0.004 -14"><span class='ocrx_word' id='word_1_596' title='bbox 1991 1991 2346 2047; x_wconf 85' lang='lat' dir='ltr'><strong>conversatio.</strong></span> <span class='ocrx_word' id='word_1_597' title='bbox 2379 1990 2449 2047; x_wconf 89' lang='lat' dir='ltr'><strong>Ut</strong></span> <span class='ocrx_word' id='word_1_598' title='bbox 2469 1991 2628 2061; x_wconf 90' lang='lat' dir='ltr'><strong>igitur</strong></span> <span class='ocrx_word' id='word_1_599' title='bbox 2658 1991 2767 2045; x_wconf 91' lang='lat' dir='ltr'><strong>illic</strong></span> <span class='ocrx_word' id='word_1_600' title='bbox 2792 1990 2987 2061; x_wconf 89' lang='lat' dir='ltr'><strong>ubique</strong></span> <span class='ocrx_word' id='word_1_601' title='bbox 3011 1989 3370 2053; x_wconf 80' lang='lat' dir='ltr'><strong>miracula,.et</strong></span> <span class='ocrx_word' id='word_1_602' title='bbox 3397 1990 3576 2043; x_wconf 89' lang='lat' dir='ltr'><strong>statim</strong></span> 
     </span>
    </p>
   </div>
   <div class='ocr_carea' id='block_1_79' title="bbox 1991 2080 3577 2154">
    <p class='ocr_par' dir='ltr' id='par_1_79' title="bbox 1991 2080 3577 2154">
     <span class='ocr_line' id='line_1_79' title="bbox 1991 2080 3577 2154; baseline -0.004 -15"><span class='ocrx_word' id='word_1_603' title='bbox 1991 2085 2331 2154; x_wconf 89' lang='lat' dir='ltr'><strong>supplicium,</strong></span> <span class='ocrx_word' id='word_1_604' title='bbox 2380 2083 2632 2154; x_wconf 91' lang='lat' dir='ltr'><strong>quoniam</strong></span> <span class='ocrx_word' id='word_1_605' title='bbox 2678 2082 3084 2139; x_wconf 87' lang='lat' dir='ltr'><strong>conversatione</strong></span> <span class='ocrx_word' id='word_1_606' title='bbox 3125 2080 3378 2136; x_wconf 86' lang='lat' dir='ltr'><strong>destituta</strong></span> <span class='ocrx_word' id='word_1_607' title='bbox 3425 2091 3577 2134; x_wconf 87' lang='lat' dir='ltr'><strong>erant</strong></span> 
     </span>
    </p>
   </div>
   <div class='ocr_carea' id='block_1_80' title="bbox 1992 2173 3579 2246">
    <p class='ocr_par' dir='ltr' id='par_1_80' title="bbox 1992 2173 3579 2246">
     <span class='ocr_line' id='line_1_80' title="bbox 1992 2173 3579 2246; baseline -0.004 -14"><span class='ocrx_word' id='word_1_608' title='bbox 1992 2178 2246 2232; x_wconf 90' lang='lat' dir='ltr'><strong>miracula</strong></span> <span class='ocrx_word' id='word_1_609' title='bbox 2281 2195 2294 2231; x_wconf 90' lang='lat'><strong>:</strong></span> <span class='ocrx_word' id='word_1_610' title='bbox 2330 2178 2407 2231; x_wconf 91' lang='lat' dir='ltr'><strong>sic</strong></span> <span class='ocrx_word' id='word_1_611' title='bbox 2446 2185 2499 2231; x_wconf 90' lang='lat' dir='ltr'><strong>et</strong></span> <span class='ocrx_word' id='word_1_612' title='bbox 2542 2175 2646 2231; x_wconf 90' lang='lat' dir='ltr'><strong>hoc</strong></span> <span class='ocrx_word' id='word_1_613' title='bbox 2685 2177 2802 2231; x_wconf 90' lang='lat' dir='ltr'><strong>loco</strong></span> <span class='ocrx_word' id='word_1_614' title='bbox 2845 2176 3040 2246; x_wconf 86' lang='lat' dir='ltr'><strong>ubique</strong></span> <span class='ocrx_word' id='word_1_615' title='bbox 3082 2173 3437 2236; x_wconf 83' lang='lat' dir='ltr'><strong>conversatio,</strong></span> <span class='ocrx_word' id='word_1_616' title='bbox 3479 2187 3579 2226; x_wconf 81' lang='lat' dir='ltr'><strong>nec</strong></span> 
     </span>
    </p>
   </div>
   <div class='ocr_carea' id='block_1_81' title="bbox 1992 2263 3579 2339">
    <p class='ocr_par' dir='ltr' id='par_1_81' title="bbox 1992 2263 3579 2339">
     <span class='ocr_line' id='line_1_81' title="bbox 1992 2263 3579 2339; baseline -0.004 -17"><span class='ocrx_word' id='word_1_617' title='bbox 1992 2283 2214 2339; x_wconf 85' lang='lat' dir='ltr'><strong>usquam</strong></span> <span class='ocrx_word' id='word_1_618' title='bbox 2232 2269 2505 2327; x_wconf 85' lang='lat' dir='ltr'><strong>miracula.</strong></span> <span class='ocrx_word' id='word_1_619' title='bbox 2526 2278 2578 2323; x_wconf 88' lang='lat' dir='ltr'><strong>et</strong></span> <span class='ocrx_word' id='word_1_620' title='bbox 2599 2267 2968 2323; x_wconf 67' lang='lat' dir='ltr'><strong>statimsalus‘</strong></span> <span class='ocrx_word' id='word_1_621' title='bbox 2997 2274 3305 2337; x_wconf 83' lang='lat' dir='ltr'><strong>:prOpterea</strong></span> <span class='ocrx_word' id='word_1_622' title='bbox 3324 2263 3461 2334; x_wconf 89' lang='lat' dir='ltr'><strong>quod</strong></span> <span class='ocrx_word' id='word_1_623' title='bbox 3485 2278 3579 2332; x_wconf 87' lang='lat' dir='ltr'><strong>per</strong></span> 
     </span>
    </p>
   </div>
   <div class='ocr_carea' id='block_1_82' title="bbox 1991 2358 3577 2431">
    <p class='ocr_par' dir='ltr' id='par_1_82' title="bbox 1991 2358 3577 2431">
     <span class='ocr_line' id='line_1_82' title="bbox 1991 2358 3577 2431; baseline -0.003 -16"><span class='ocrx_word' id='word_1_624' title='bbox 1991 2376 2054 2416; x_wconf 88' lang='lat' dir='ltr'><strong>se</strong></span> <span class='ocrx_word' id='word_1_625' title='bbox 2082 2363 2196 2418; x_wconf 89' lang='lat' dir='ltr'><strong>sola</strong></span> <span class='ocrx_word' id='word_1_626' title='bbox 2230 2376 2569 2431; x_wconf 84' lang='lat' dir='ltr'><strong>possessores</strong></span> <span class='ocrx_word' id='word_1_627' title='bbox 2597 2375 2723 2416; x_wconf 89' lang='lat' dir='ltr'><strong>suos</strong></span> <span class='ocrx_word' id='word_1_628' title='bbox 2752 2361 2928 2415; x_wconf 91' lang='lat' dir='ltr'><strong>salvos</strong></span> <span class='ocrx_word' id='word_1_629' title='bbox 2966 2358 3144 2414; x_wconf 84' lang='lat' dir='ltr'><strong>facere</strong></span> <span class='ocrx_word' id='word_1_630' title='bbox 3182 2366 3355 2427; x_wconf 85' lang='lat' dir='ltr'><strong>potest</strong></span> <span class='ocrx_word' id='word_1_631' title='bbox 3380 2358 3577 2427; x_wconf 89' lang='lat' dir='ltr'><strong>optima</strong></span> 
     </span>
    </p>
   </div>
   <div class='ocr_carea' id='block_1_83' title="bbox 1991 2450 3583 2518">
    <p class='ocr_par' dir='ltr' id='par_1_83' title="bbox 1991 2450 3583 2518">
     <span class='ocr_line' id='line_1_83' title="bbox 1991 2450 3583 2518; baseline -0.006 -8"><span class='ocrx_word' id='word_1_632' title='bbox 1991 2452 2347 2510; x_wconf 77' lang='lat' dir='ltr'><strong>Conversatio.</strong></span> <span class='ocrx_word' id='word_1_633' title='bbox 2376 2452 2577 2508; x_wconf 91' lang='lat' dir='ltr'><strong>Idcirco</strong></span> <span class='ocrx_word' id='word_1_634' title='bbox 2606 2453 2768 2508; x_wconf 89' lang='lat' dir='ltr'><strong>etiam</strong></span> <span class='ocrx_word' id='word_1_635' title='bbox 2794 2452 2984 2506; x_wconf 91' lang='lat' dir='ltr'><strong>beatus</strong></span> <span class='ocrx_word' id='word_1_636' title='bbox 3014 2450 3099 2503; x_wconf 89' lang='lat' dir='ltr'><strong>hic</strong></span> <span class='ocrx_word' id='word_1_637' title='bbox 3123 2458 3178 2503; x_wconf 91' lang='lat' dir='ltr'><strong>et</strong></span> <span class='ocrx_word' id='word_1_638' title='bbox 3203 2463 3497 2518; x_wconf 80' lang='lat' dir='ltr'><strong>generosus</strong></span> <span class='ocrx_word' id='word_1_639' title='bbox 3518 2463 3583 2502; x_wconf 38' lang='lat' dir='ltr'><strong>ac.</strong></span> 
     </span>
    </p>
   </div>
   <div class='ocr_carea' id='block_1_84' title="bbox 1992 2540 3577 2615">
    <p class='ocr_par' dir='ltr' id='par_1_84' title="bbox 1992 2540 3577 2615">
     <span class='ocr_line' id='line_1_84' title="bbox 1992 2540 3577 2615; baseline -0.005 -14"><span class='ocrx_word' id='word_1_640' title='bbox 1992 2546 2257 2601; x_wconf 80' lang='lat' dir='ltr'><strong>mirabilis</strong></span> <span class='ocrx_word' id='word_1_641' title='bbox 2279 2545 2453 2601; x_wconf 77' lang='lat' dir='ltr'><strong>Lucas</strong></span> <span class='ocrx_word' id='word_1_642' title='bbox 2477 2546 2547 2599; x_wconf 88' lang='lat' dir='ltr'><strong>ita</strong></span> <span class='ocrx_word' id='word_1_643' title='bbox 2578 2546 2770 2600; x_wconf 90' lang='lat' dir='ltr'><strong>librum</strong></span> <span class='ocrx_word' id='word_1_644' title='bbox 2807 2544 3094 2615; x_wconf 80' lang='lat' dir='ltr'><strong>inscripsit,</strong></span> <span class='ocrx_word' id='word_1_645' title='bbox 3142 2542 3267 2596; x_wconf 82' lang='lat' dir='ltr'><strong>Acta</strong></span> <span class='ocrx_word' id='word_1_646' title='bbox 3307 2540 3577 2611; x_wconf 80' lang='lat' dir='ltr'><strong>Apostolo-</strong></span> 
     </span>
    </p>
   </div>
   <div class='ocr_carea' id='block_1_85' title="bbox 1990 2634 3579 2708">
    <p class='ocr_par' dir='ltr' id='par_1_85' title="bbox 1990 2634 3579 2708">
     <span class='ocr_line' id='line_1_85' title="bbox 1990 2634 3579 2708; baseline -0.005 -14"><span class='ocrx_word' id='word_1_647' title='bbox 1990 2657 2119 2705; x_wconf 84' lang='lat' dir='ltr'><strong>rum,</strong></span> <span class='ocrx_word' id='word_1_648' title='bbox 2152 2655 2259 2694; x_wconf 89' lang='lat' dir='ltr'><strong>non</strong></span> <span class='ocrx_word' id='word_1_649' title='bbox 2283 2639 2538 2693; x_wconf 88' lang='lat' dir='ltr'><strong>miracula</strong></span> <span class='ocrx_word' id='word_1_650' title='bbox 2564 2639 2928 2708; x_wconf 89' lang='lat' dir='ltr'><strong>apostolorum</strong></span> <span class='ocrx_word' id='word_1_651' title='bbox 2972 2655 2985 2692; x_wconf 91' lang='lat'><strong>:</strong></span> <span class='ocrx_word' id='word_1_652' title='bbox 3016 2636 3224 2691; x_wconf 89' lang='lat' dir='ltr'><strong>tametsi</strong></span> <span class='ocrx_word' id='word_1_653' title='bbox 3254 2634 3488 2690; x_wconf 87' lang='lat' dir='ltr'><strong>fecerant</strong></span> <span class='ocrx_word' id='word_1_654' title='bbox 3526 2642 3579 2687; x_wconf 85' lang='lat' dir='ltr'><strong>et</strong></span> 
     </span>
    </p>
   </div>
   <div class='ocr_carea' id='block_1_86' title="bbox 1992 2726 3579 2805">
    <p class='ocr_par' dir='ltr' id='par_1_86' title="bbox 1992 2726 3579 2805">
     <span class='ocr_line' id='line_1_86' title="bbox 1992 2726 3579 2805; baseline -0.006 -16"><span class='ocrx_word' id='word_1_655' title='bbox 1992 2734 2091 2805; x_wconf 83' lang='lat' dir='ltr'><strong>ipsi</strong></span> <span class='ocrx_word' id='word_1_656' title='bbox 2119 2733 2393 2788; x_wconf 88' lang='lat' dir='ltr'><strong>miracula.</strong></span> <span class='ocrx_word' id='word_1_657' title='bbox 2427 2732 2621 2786; x_wconf 82' lang='lat' dir='ltr'><strong>Verum</strong></span> <span class='ocrx_word' id='word_1_658' title='bbox 2653 2732 2739 2785; x_wconf 89' lang='lat' dir='ltr'><strong>illa</strong></span> <span class='ocrx_word' id='word_1_659' title='bbox 2764 2731 2977 2801; x_wconf 89' lang='lat' dir='ltr'><strong>quidem</strong></span> <span class='ocrx_word' id='word_1_660' title='bbox 3004 2740 3152 2785; x_wconf 87' lang='lat' dir='ltr'><strong>certo</strong></span> <span class='ocrx_word' id='word_1_661' title='bbox 3181 2739 3419 2797; x_wconf 89' lang='lat' dir='ltr'><strong>tempore</strong></span> <span class='ocrx_word' id='word_1_662' title='bbox 3443 2726 3579 2780; x_wconf 78' lang='lat' dir='ltr'><strong>facta</strong></span> 
     </span>
    </p>
   </div>
   <div class='ocr_carea' id='block_1_87' title="bbox 1991 2818 3581 2896">
    <p class='ocr_par' dir='ltr' id='par_1_87' title="bbox 1991 2818 3581 2896">
     <span class='ocr_line' id='line_1_87' title="bbox 1991 2818 3581 2896; baseline -0.008 -14"><span class='ocrx_word' id='word_1_663' title='bbox 1991 2836 2134 2892; x_wconf 87' lang='lat' dir='ltr'><strong>sunt,</strong></span> <span class='ocrx_word' id='word_1_664' title='bbox 2168 2836 2222 2881; x_wconf 89' lang='lat' dir='ltr'><strong>et</strong></span> <span class='ocrx_word' id='word_1_665' title='bbox 2249 2826 2622 2896; x_wconf 74' lang='lat' dir='ltr'><strong>prmterierunt</strong></span> <span class='ocrx_word' id='word_1_666' title='bbox 2650 2841 2663 2876; x_wconf 92' lang='lat'><strong>:</strong></span> <span class='ocrx_word' id='word_1_667' title='bbox 2696 2823 2813 2879; x_wconf 71' lang='lat' dir='ltr'><strong>haec</strong></span> <span class='ocrx_word' id='word_1_668' title='bbox 2837 2832 3012 2877; x_wconf 90' lang='lat' dir='ltr'><strong>autem</strong></span> <span class='ocrx_word' id='word_1_669' title='bbox 3039 2821 3226 2892; x_wconf 88' lang='lat' dir='ltr'><strong>quovis</strong></span> <span class='ocrx_word' id='word_1_670' title='bbox 3250 2829 3489 2887; x_wconf 87' lang='lat' dir='ltr'><strong>tempore</strong></span> <span class='ocrx_word' id='word_1_671' title='bbox 3513 2818 3581 2871; x_wconf 85' lang='lat' dir='ltr'><strong>ait</strong></span> 
     </span>
    </p>
   </div>
   <div class='ocr_carea' id='block_1_88' title="bbox 1995 2911 3575 2987">
    <p class='ocr_par' dir='ltr' id='par_1_88' title="bbox 1995 2911 3575 2987">
     <span class='ocr_line' id='line_1_88' title="bbox 1995 2911 3575 2987; baseline -0.006 -14"><span class='ocrx_word' id='word_1_672' title='bbox 1995 2919 2100 2974; x_wconf 92' lang='lat' dir='ltr'><strong>illis</strong></span> <span class='ocrx_word' id='word_1_673' title='bbox 2134 2918 2373 2973; x_wconf 80' lang='lat' dir='ltr'><strong>exhiberi</strong></span> <span class='ocrx_word' id='word_1_674' title='bbox 2405 2932 2540 2987; x_wconf 90' lang='lat' dir='ltr'><strong>opus</strong></span> <span class='ocrx_word' id='word_1_675' title='bbox 2587 2926 2689 2981; x_wconf 90' lang='lat' dir='ltr'><strong>est,</strong></span> <span class='ocrx_word' id='word_1_676' title='bbox 2742 2918 2832 2986; x_wconf 86' lang='lat' dir='ltr'><strong>qui</strong></span> <span class='ocrx_word' id='word_1_677' title='bbox 2874 2916 3099 2970; x_wconf 84' lang='lat' dir='ltr'><strong>salutem</strong></span> <span class='ocrx_word' id='word_1_678' title='bbox 3144 2921 3267 2968; x_wconf 91' lang='lat' dir='ltr'><strong>sunt</strong></span> <span class='ocrx_word' id='word_1_679' title='bbox 3315 2911 3575 2981; x_wconf 85' lang='lat' dir='ltr'><strong>adepturi.</strong></span> 
     </span>
    </p>
   </div>
   <div class='ocr_carea' id='block_1_89' title="bbox 1994 3003 3598 3079">
    <p class='ocr_par' dir='ltr' id='par_1_89' title="bbox 1994 3003 3598 3079">
     <span class='ocr_line' id='line_1_89' title="bbox 1994 3003 3598 3079; baseline -0.003 -15"><span class='ocrx_word' id='word_1_680' title='bbox 1994 3010 2218 3077; x_wconf 89' lang='lat' dir='ltr'><strong>Quando</strong></span> <span class='ocrx_word' id='word_1_681' title='bbox 2240 3010 2398 3079; x_wconf 89' lang='lat' dir='ltr'><strong>igitur</strong></span> <span class='ocrx_word' id='word_1_682' title='bbox 2419 3026 2521 3063; x_wconf 88' lang='lat' dir='ltr'><strong>non</strong></span> <span class='ocrx_word' id='word_1_683' title='bbox 2545 3010 2820 3073; x_wconf 84' lang='lat' dir='ltr'><strong>miracula,</strong></span> <span class='ocrx_word' id='word_1_684' title='bbox 2848 3008 2941 3063; x_wconf 88' lang='lat' dir='ltr'><strong>sed</strong></span> <span class='ocrx_word' id='word_1_685' title='bbox 2966 3017 3082 3062; x_wconf 91' lang='lat' dir='ltr'><strong>acta</strong></span> <span class='ocrx_word' id='word_1_686' title='bbox 3104 3007 3258 3061; x_wconf 89' lang='lat' dir='ltr'><strong>nobis</strong></span> <span class='ocrx_word' id='word_1_687' title='bbox 3284 3003 3598 3060; x_wconf 46' lang='lat' dir='ltr'><strong>tetrtulandav</strong></span> 
     </span>
    </p>
   </div>
   <div class='ocr_carea' id='block_1_90' title="bbox 1994 3097 3579 3173">
    <p class='ocr_par' dir='ltr' id='par_1_90' title="bbox 1994 3097 3579 3173">
     <span class='ocr_line' id='line_1_90' title="bbox 1994 3097 3579 3173; baseline -0.004 -16"><span class='ocrx_word' id='word_1_688' title='bbox 1994 3109 2364 3173; x_wconf 90' lang='lat' dir='ltr'><strong>proponuntur</strong></span> <span class='ocrx_word' id='word_1_689' title='bbox 2389 3101 2773 3172; x_wconf 89' lang='lat' dir='ltr'><strong>apostolorum,</strong></span> <span class='ocrx_word' id='word_1_690' title='bbox 2820 3110 3103 3171; x_wconf 81' lang='lat' dir='ltr'><strong>prapterea</strong></span> <span class='ocrx_word' id='word_1_691' title='bbox 3142 3099 3333 3153; x_wconf 90' lang='lat' dir='ltr'><strong>librum</strong></span> <span class='ocrx_word' id='word_1_692' title='bbox 3378 3099 3456 3153; x_wconf 89' lang='lat' dir='ltr'><strong>sic</strong></span> <span class='ocrx_word' id='word_1_693' title='bbox 3495 3097 3579 3151; x_wconf 88' lang='lat' dir='ltr'><strong>in-</strong></span> 
     </span>
    </p>
   </div>
   <div class='ocr_carea' id='block_1_91' title="bbox 1993 3191 3581 3265">
    <p class='ocr_par' dir='ltr' id='par_1_91' title="bbox 1993 3191 3581 3265">
     <span class='ocr_line' id='line_1_91' title="bbox 1993 3191 3581 3265; baseline -0.004 -14"><span class='ocrx_word' id='word_1_694' title='bbox 1993 3196 2228 3265; x_wconf 89' lang='lat' dir='ltr'><strong>scripsit.</strong></span> <span class='ocrx_word' id='word_1_695' title='bbox 2265 3194 2335 3251; x_wconf 88' lang='lat' dir='ltr'><strong>Ut</strong></span> <span class='ocrx_word' id='word_1_696' title='bbox 2360 3195 2502 3250; x_wconf 90' lang='lat' dir='ltr'><strong>enim</strong></span> <span class='ocrx_word' id='word_1_697' title='bbox 2534 3211 2641 3249; x_wconf 88' lang='lat' dir='ltr'><strong>non</strong></span> <span class='ocrx_word' id='word_1_698' title='bbox 2670 3194 2900 3257; x_wconf 88' lang='lat' dir='ltr'><strong>diceres,</strong></span> <span class='ocrx_word' id='word_1_699' title='bbox 2934 3194 3015 3247; x_wconf 91' lang='lat' dir='ltr'><strong>vel</strong></span> <span class='ocrx_word' id='word_1_700' title='bbox 3045 3193 3218 3263; x_wconf 87' lang='lat' dir='ltr'><strong>potius</strong></span> <span class='ocrx_word' id='word_1_701' title='bbox 3246 3207 3313 3246; x_wconf 89' lang='lat' dir='ltr'><strong>ne</strong></span> <span class='ocrx_word' id='word_1_702' title='bbox 3342 3191 3581 3245; x_wconf 81' lang='lat' dir='ltr'><strong>dicerent</strong></span> 
     </span>
    </p>
   </div>
   <div class='ocr_carea' id='block_1_92' title="bbox 1993 3286 3581 3360">
    <p class='ocr_par' dir='ltr' id='par_1_92' title="bbox 1993 3286 3581 3360">
     <span class='ocr_line' id='line_1_92' title="bbox 1993 3286 3581 3360; baseline -0.004 -15"><span class='ocrx_word' id='word_1_703' title='bbox 1993 3289 2227 3354; x_wconf 89' lang='lat' dir='ltr'><strong>desides,</strong></span> <span class='ocrx_word' id='word_1_704' title='bbox 2259 3290 2304 3345; x_wconf 89' lang='lat' dir='ltr'><strong>si</strong></span> <span class='ocrx_word' id='word_1_705' title='bbox 2332 3289 2546 3360; x_wconf 88' lang='lat' dir='ltr'><strong>quando</strong></span> <span class='ocrx_word' id='word_1_706' title='bbox 2576 3288 2695 3343; x_wconf 80' lang='lat' dir='ltr'><strong>illus</strong></span> <span class='ocrx_word' id='word_1_707' title='bbox 2728 3287 3177 3342; x_wconf 67' lang='lat' dir='ltr'><strong>adimilaﬁonem</strong></span> <span class='ocrx_word' id='word_1_708' title='bbox 3216 3286 3581 3357; x_wconf 88' lang='lat' dir='ltr'><strong>apostolorum</strong></span> 
     </span>
    </p>
   </div>
   <div class='ocr_carea' id='block_1_93' title="bbox 1992 3377 3584 3448">
    <p class='ocr_par' dir='ltr' id='par_1_93' title="bbox 1992 3377 3584 3448">
     <span class='ocr_line' id='line_1_93' title="bbox 1992 3377 3584 3448; baseline -0.004 -11"><span class='ocrx_word' id='word_1_709' title='bbox 1992 3382 2356 3448; x_wconf 87' lang='lat' dir='ltr'><strong>cohortamur,</strong></span> <span class='ocrx_word' id='word_1_710' title='bbox 2402 3396 2465 3437; x_wconf 90' lang='lat' dir='ltr'><strong>ac</strong></span> <span class='ocrx_word' id='word_1_711' title='bbox 2502 3381 2753 3447; x_wconf 85' lang='lat' dir='ltr'><strong>dicimus,</strong></span> <span class='ocrx_word' id='word_1_712' title='bbox 2804 3378 3017 3434; x_wconf 86' lang='lat' dir='ltr'><strong>Imitare</strong></span> <span class='ocrx_word' id='word_1_713' title='bbox 3050 3378 3287 3441; x_wconf 88' lang='lat' dir='ltr'><strong>Petrum,</strong></span> <span class='ocrx_word' id='word_1_714' title='bbox 3329 3377 3584 3432; x_wconf 78' lang='lat' dir='ltr'><strong>temulare</strong></span> 
     </span>
    </p>
   </div>
   <div class='ocr_carea' id='block_1_94' title="bbox 1994 3472 3583 3541">
    <p class='ocr_par' dir='ltr' id='par_1_94' title="bbox 1994 3472 3583 3541">
     <span class='ocr_line' id='line_1_94' title="bbox 1994 3472 3583 3541; baseline -0.002 -12"><span class='ocrx_word' id='word_1_715' title='bbox 1994 3473 2239 3540; x_wconf 84' lang='lat' dir='ltr'><strong>Paulum,</strong></span> <span class='ocrx_word' id='word_1_716' title='bbox 2276 3474 2466 3529; x_wconf 88' lang='lat' dir='ltr'><strong>similis</strong></span> <span class='ocrx_word' id='word_1_717' title='bbox 2500 3483 2617 3528; x_wconf 88' lang='lat' dir='ltr'><strong>esto</strong></span> <span class='ocrx_word' id='word_1_718' title='bbox 2653 3473 2869 3540; x_wconf 64' lang='lat' dir='ltr'><strong>Ioanni,</strong></span> <span class='ocrx_word' id='word_1_719' title='bbox 2901 3472 3156 3527; x_wconf 81' lang='lat' dir='ltr'><strong>Jacohum</strong></span> <span class='ocrx_word' id='word_1_720' title='bbox 3206 3486 3433 3541; x_wconf 87' lang='lat' dir='ltr'><strong>sequere</strong></span> <span class='ocrx_word' id='word_1_721' title='bbox 3467 3488 3479 3522; x_wconf 92' lang='lat'><strong>:</strong></span> <span class='ocrx_word' id='word_1_722' title='bbox 3514 3484 3583 3526; x_wconf 83' lang='lat' dir='ltr'><strong>ne</strong></span> 
     </span>
    </p>
   </div>
   <div class='ocr_carea' id='block_1_95' title="bbox 1993 3561 3581 3634">
    <p class='ocr_par' dir='ltr' id='par_1_95' title="bbox 1993 3561 3581 3634">
     <span class='ocr_line' id='line_1_95' title="bbox 1993 3561 3581 3634; baseline -0.005 -13"><span class='ocrx_word' id='word_1_723' title='bbox 1993 3567 2252 3631; x_wconf 88' lang='lat' dir='ltr'><strong>dicerent,</strong></span> <span class='ocrx_word' id='word_1_724' title='bbox 2301 3565 2416 3619; x_wconf 91' lang='lat' dir='ltr'><strong>Non</strong></span> <span class='ocrx_word' id='word_1_725' title='bbox 2472 3578 2773 3634; x_wconf 87' lang='lat' dir='ltr'><strong>possumus,</strong></span> <span class='ocrx_word' id='word_1_726' title='bbox 2822 3578 2921 3617; x_wconf 90' lang='lat' dir='ltr'><strong>nec</strong></span> <span class='ocrx_word' id='word_1_727' title='bbox 2966 3563 3207 3617; x_wconf 89' lang='lat' dir='ltr'><strong>valemus</strong></span> <span class='ocrx_word' id='word_1_728' title='bbox 3253 3579 3267 3615; x_wconf 87' lang='lat'><strong>:</strong></span> <span class='ocrx_word' id='word_1_729' title='bbox 3317 3561 3390 3615; x_wconf 91' lang='lat' dir='ltr'><strong>illi</strong></span> <span class='ocrx_word' id='word_1_730' title='bbox 3439 3561 3581 3615; x_wconf 89' lang='lat' dir='ltr'><strong>enim</strong></span> 
     </span>
    </p>
   </div>
   <div class='ocr_carea' id='block_1_96' title="bbox 1994 3650 3578 3723">
    <p class='ocr_par' dir='ltr' id='par_1_96' title="bbox 1994 3650 3578 3723">
     <span class='ocr_line' id='line_1_96' title="bbox 1994 3650 3578 3723; baseline -0.005 -12"><span class='ocrx_word' id='word_1_731' title='bbox 1994 3666 2234 3711; x_wconf 87' lang='lat' dir='ltr'><strong>mortuos</strong></span> <span class='ocrx_word' id='word_1_732' title='bbox 2273 3653 2620 3717; x_wconf 86' lang='lat' dir='ltr'><strong>suscitabant,</strong></span> <span class='ocrx_word' id='word_1_733' title='bbox 2648 3654 2889 3723; x_wconf 86' lang='lat' dir='ltr'><strong>leprosos</strong></span> <span class='ocrx_word' id='word_1_734' title='bbox 2919 3651 3247 3706; x_wconf 87' lang='lat' dir='ltr'><strong>mundabant</strong></span> <span class='ocrx_word' id='word_1_735' title='bbox 3274 3667 3289 3704; x_wconf 89' lang='lat'><strong>:</strong></span> <span class='ocrx_word' id='word_1_736' title='bbox 3316 3650 3452 3705; x_wconf 91' lang='lat' dir='ltr'><strong>hanc</strong></span> <span class='ocrx_word' id='word_1_737' title='bbox 3480 3650 3578 3703; x_wconf 89' lang='lat' dir='ltr'><strong>im-</strong></span> 
     </span>
    </p>
   </div>
   <div class='ocr_carea' id='block_1_97' title="bbox 1996 3740 3581 3819">
    <p class='ocr_par' dir='ltr' id='par_1_97' title="bbox 1996 3740 3581 3819">
     <span class='ocr_line' id='line_1_97' title="bbox 1996 3740 3581 3819; baseline -0.004 -16"><span class='ocrx_word' id='word_1_738' title='bbox 1996 3749 2291 3819; x_wconf 86' lang='lat' dir='ltr'><strong>pudentem</strong></span> <span class='ocrx_word' id='word_1_739' title='bbox 2329 3756 2565 3801; x_wconf 89' lang='lat' dir='ltr'><strong>nostram</strong></span> <span class='ocrx_word' id='word_1_740' title='bbox 2606 3744 3004 3801; x_wconf 78' lang='lat' dir='ltr'><strong>excusationem</strong></span> <span class='ocrx_word' id='word_1_741' title='bbox 3050 3743 3371 3814; x_wconf 87' lang='lat' dir='ltr'><strong>reprimens.</strong></span> <span class='ocrx_word' id='word_1_742' title='bbox 3417 3740 3581 3807; x_wconf 87' lang='lat' dir='ltr'><strong>&#39;l&#39;ace,</strong></span> 
     </span>
    </p>
   </div>
   <div class='ocr_carea' id='block_1_98' title="bbox 1994 3833 3583 3909">
    <p class='ocr_par' dir='ltr' id='par_1_98' title="bbox 1994 3833 3583 3909">
     <span class='ocr_line' id='line_1_98' title="bbox 1994 3833 3583 3909; baseline -0.005 -15"><span class='ocrx_word' id='word_1_743' title='bbox 1994 3839 2187 3909; x_wconf 82' lang='lat' dir='ltr'><strong>inquit,</strong></span> <span class='ocrx_word' id='word_1_744' title='bbox 2215 3838 2548 3901; x_wconf 87' lang='lat' dir='ltr'><strong>obmutesce,</strong></span> <span class='ocrx_word' id='word_1_745' title='bbox 2591 3852 2697 3889; x_wconf 91' lang='lat' dir='ltr'><strong>non</strong></span> <span class='ocrx_word' id='word_1_746' title='bbox 2729 3835 3063 3899; x_wconf 87' lang='lat' dir='ltr'><strong>miraculum,</strong></span> <span class='ocrx_word' id='word_1_747' title='bbox 3113 3834 3209 3888; x_wconf 88' lang='lat' dir='ltr'><strong>sed</strong></span> <span class='ocrx_word' id='word_1_748' title='bbox 3247 3833 3583 3888; x_wconf 84' lang='lat' dir='ltr'><strong>conversatio</strong></span> 
     </span>
    </p>
   </div>
   <div class='ocr_carea' id='block_1_99' title="bbox 1995 3925 2906 4000">
    <p class='ocr_par' dir='ltr' id='par_1_99' title="bbox 1995 3925 2906 4000">
     <span class='ocr_line' id='line_1_99' title="bbox 1995 3925 2906 4000; baseline -0.008 -15"><span class='ocrx_word' id='word_1_749' title='bbox 1995 3933 2049 3986; x_wconf 91' lang='lat' dir='ltr'><strong>in</strong></span> <span class='ocrx_word' id='word_1_750' title='bbox 2073 3945 2298 4000; x_wconf 90' lang='lat' dir='ltr'><strong>regnum</strong></span> <span class='ocrx_word' id='word_1_751' title='bbox 2321 3928 2572 3983; x_wconf 68' lang='lat' dir='ltr'><strong>erelorum</strong></span> <span class='ocrx_word' id='word_1_752' title='bbox 2601 3925 2906 3981; x_wconf 86' lang='lat' dir='ltr'><strong>introducit.</strong></span> 
     </span>
    </p>
   </div>
   <div class='ocr_carea' id='block_1_100' title="bbox 2069 4015 3585 4091">
    <p class='ocr_par' dir='ltr' id='par_1_100' title="bbox 2069 4015 3585 4091">
     <span class='ocr_line' id='line_1_100' title="bbox 2069 4015 3585 4091; baseline -0.003 -14"><span class='ocrx_word' id='word_1_753' title='bbox 2069 4023 2197 4091; x_wconf 70' lang='lat' dir='ltr'><strong>Qum</strong></span> <span class='ocrx_word' id='word_1_754' title='bbox 2223 4032 2356 4076; x_wconf 76' lang='lat' dir='ltr'><strong>nota:</strong></span> <span class='ocrx_word' id='word_1_755' title='bbox 2379 4031 2424 4075; x_wconf 88' lang='lat' dir='ltr'><strong>et</strong></span> <span class='ocrx_word' id='word_1_756' title='bbox 2450 4021 2640 4074; x_wconf 90' lang='lat' dir='ltr'><strong>indicia</strong></span> <span class='ocrx_word' id='word_1_757' title='bbox 2660 4017 2910 4090; x_wconf 81' lang='lat' dir='ltr'><strong>Apostoli.</strong></span> <span class='ocrx_word' id='word_1_758' title='bbox 2935 4048 3008 4057; x_wconf 95' lang='lat'><strong>—</strong></span> <span class='ocrx_word' id='word_1_759' title='bbox 3034 4017 3249 4073; x_wconf 86' lang='lat' dir='ltr'><strong>imitare</strong></span> <span class='ocrx_word' id='word_1_760' title='bbox 3270 4015 3429 4088; x_wconf 81' lang='lat' dir='ltr'><strong>igitur</strong></span> <span class='ocrx_word' id='word_1_761' title='bbox 3453 4031 3585 4073; x_wconf 88' lang='lat' dir='ltr'><strong>con.-</strong></span> 
     </span>
    </p>
   </div>
   <div class='ocr_carea' id='block_1_101' title="bbox 1991 4107 3586 4180">
    <p class='ocr_par' dir='ltr' id='par_1_101' title="bbox 1991 4107 3586 4180">
     <span class='ocr_line' id='line_1_101' title="bbox 1991 4107 3586 4180; baseline -0.008 -11"><span class='ocrx_word' id='word_1_762' title='bbox 1991 4113 2345 4169; x_wconf 88' lang='lat' dir='ltr'><strong>versationcm</strong></span> <span class='ocrx_word' id='word_1_763' title='bbox 2384 4110 2746 4180; x_wconf 89' lang='lat' dir='ltr'><strong>apostolorum</strong></span> <span class='ocrx_word' id='word_1_764' title='bbox 2771 4150 2785 4174; x_wconf 91' lang='lat'><strong>,</strong></span> <span class='ocrx_word' id='word_1_765' title='bbox 2819 4118 2873 4164; x_wconf 89' lang='lat' dir='ltr'><strong>et</strong></span> <span class='ocrx_word' id='word_1_766' title='bbox 2899 4107 3030 4163; x_wconf 88' lang='lat' dir='ltr'><strong>nihil</strong></span> <span class='ocrx_word' id='word_1_767' title='bbox 3057 4107 3233 4163; x_wconf 91' lang='lat' dir='ltr'><strong>minus</strong></span> <span class='ocrx_word' id='word_1_768' title='bbox 3272 4122 3428 4178; x_wconf 86' lang='lat' dir='ltr'><strong>quam</strong></span> <span class='ocrx_word' id='word_1_769' title='bbox 3455 4122 3586 4177; x_wconf 71' lang='grc' dir='ltr'><strong>τῳο-</strong></span> 
     </span>
    </p>
   </div>
   <div class='ocr_carea' id='block_1_102' title="bbox 1990 4198 3583 4272">
    <p class='ocr_par' dir='ltr' id='par_1_102' title="bbox 1990 4198 3583 4272">
     <span class='ocr_line' id='line_1_102' title="bbox 1990 4198 3583 4272; baseline -0.003 -13"><span class='ocrx_word' id='word_1_770' title='bbox 1990 4204 2111 4259; x_wconf 90' lang='lat' dir='ltr'><strong>stoli</strong></span> <span class='ocrx_word' id='word_1_771' title='bbox 2137 4203 2421 4258; x_wconf 89' lang='lat' dir='ltr'><strong>obtinebis.</strong></span> <span class='ocrx_word' id='word_1_772' title='bbox 2447 4199 2632 4272; x_wconf 90' lang='lat' dir='ltr'><strong>Neque</strong></span> <span class='ocrx_word' id='word_1_773' title='bbox 2659 4203 2802 4256; x_wconf 90' lang='lat' dir='ltr'><strong>enim</strong></span> <span class='ocrx_word' id='word_1_774' title='bbox 2824 4199 2972 4270; x_wconf 91' lang='lat' dir='ltr'><strong>signa</strong></span> <span class='ocrx_word' id='word_1_775' title='bbox 3001 4198 3583 4269; x_wconf 79' lang='lat' dir='ltr'><strong>fecerunt-apostolos,</strong></span> 
     </span>
    </p>
   </div>
   <div class='ocr_carea' id='block_1_103' title="bbox 1990 4289 3583 4364">
    <p class='ocr_par' dir='ltr' id='par_1_103' title="bbox 1990 4289 3583 4364">
     <span class='ocr_line' id='line_1_103' title="bbox 1990 4289 3583 4364; baseline -0.004 -13"><span class='ocrx_word' id='word_1_776' title='bbox 1990 4296 2087 4352; x_wconf 89' lang='lat' dir='ltr'><strong>scd</strong></span> <span class='ocrx_word' id='word_1_777' title='bbox 2113 4296 2219 4351; x_wconf 89' lang='lat' dir='ltr'><strong>vita</strong></span> <span class='ocrx_word' id='word_1_778' title='bbox 2248 4293 2466 4349; x_wconf 91' lang='lat' dir='ltr'><strong>munda.</strong></span> <span class='ocrx_word' id='word_1_779' title='bbox 2498 4294 2673 4364; x_wconf 83' lang='lat' dir='ltr'><strong>Atque</strong></span> <span class='ocrx_word' id='word_1_780' title='bbox 2703 4292 2806 4347; x_wconf 90' lang='lat' dir='ltr'><strong>hoc</strong></span> <span class='ocrx_word' id='word_1_781' title='bbox 2832 4291 3139 4362; x_wconf 75' lang='lat' dir='ltr'><strong>apostolica:</strong></span> <span class='ocrx_word' id='word_1_782' title='bbox 3174 4290 3415 4362; x_wconf 85' lang='lat' dir='ltr'><strong>imaginis</strong></span> <span class='ocrx_word' id='word_1_783' title='bbox 3440 4289 3583 4345; x_wconf 87' lang='lat' dir='ltr'><strong>indi--</strong></span> 
     </span>
    </p>
   </div>
   <div class='ocr_carea' id='block_1_104' title="bbox 1990 4382 3591 4454">
    <p class='ocr_par' dir='ltr' id='par_1_104' title="bbox 1990 4382 3591 4454">
     <span class='ocr_line' id='line_1_104' title="bbox 1990 4382 3591 4454; baseline -0.003 -11"><span class='ocrx_word' id='word_1_784' title='bbox 1990 4389 2129 4443; x_wconf 91' lang='lat' dir='ltr'><strong>cium</strong></span> <span class='ocrx_word' id='word_1_785' title='bbox 2160 4400 2280 4443; x_wconf 91' lang='lat' dir='ltr'><strong>esse</strong></span> <span class='ocrx_word' id='word_1_786' title='bbox 2302 4426 2317 4450; x_wconf 96' lang='lat'><strong>,</strong></span> <span class='ocrx_word' id='word_1_787' title='bbox 2349 4400 2414 4440; x_wconf 89' lang='lat' dir='ltr'><strong>ac</strong></span> <span class='ocrx_word' id='word_1_788' title='bbox 2459 4385 2641 4454; x_wconf 68' lang='lat' dir='ltr'><strong>ﬁgurae</strong></span> <span class='ocrx_word' id='word_1_789' title='bbox 2682 4383 3098 4453; x_wconf 83' lang='lat' dir='ltr'><strong>discipulorum,</strong></span> <span class='ocrx_word' id='word_1_790' title='bbox 3129 4382 3251 4437; x_wconf 85' lang='lat' dir='ltr'><strong>audi</strong></span> <span class='ocrx_word' id='word_1_791' title='bbox 3276 4397 3383 4452; x_wconf 92' lang='lat' dir='ltr'><strong>quo</strong></span> <span class='ocrx_word' id='word_1_792' title='bbox 3426 4388 3591 4451; x_wconf 81' lang='lat' dir='ltr'><strong>pacto</strong></span> 
     </span>
    </p>
   </div>
   <div class='ocr_carea' id='block_1_105' title="bbox 1989 4471 3580 4547">
    <p class='ocr_par' dir='ltr' id='par_1_105' title="bbox 1989 4471 3580 4547">
     <span class='ocr_line' id='line_1_105' title="bbox 1989 4471 3580 4547; baseline -0.005 -12"><span class='ocrx_word' id='word_1_793' title='bbox 1989 4479 2229 4536; x_wconf 89' lang='lat' dir='ltr'><strong>Christus</strong></span> <span class='ocrx_word' id='word_1_794' title='bbox 2245 4477 2346 4532; x_wconf 89' lang='lat' dir='ltr'><strong>hoc</strong></span> <span class='ocrx_word' id='word_1_795' title='bbox 2357 4477 2509 4547; x_wconf 89' lang='lat' dir='ltr'><strong>signo</strong></span> <span class='ocrx_word' id='word_1_796' title='bbox 2531 4474 2876 4528; x_wconf 88' lang='lat' dir='ltr'><strong>demonstret.</strong></span> <span class='ocrx_word' id='word_1_797' title='bbox 2894 4472 3026 4527; x_wconf 75' lang='lat' dir='ltr'><strong>(ium</strong></span> <span class='ocrx_word' id='word_1_798' title='bbox 3046 4472 3189 4528; x_wconf 90' lang='lat' dir='ltr'><strong>enim</strong></span> <span class='ocrx_word' id='word_1_799' title='bbox 3211 4472 3468 4542; x_wconf 87' lang='lat' dir='ltr'><strong>imagines</strong></span> <span class='ocrx_word' id='word_1_800' title='bbox 3494 4471 3580 4528; x_wconf 78' lang='lat' dir='ltr'><strong>dl-</strong></span> 
     </span>
    </p>
   </div>
   <div class='ocr_carea' id='block_1_106' title="bbox 1990 4563 3581 4641">
    <p class='ocr_par' dir='ltr' id='par_1_106' title="bbox 1990 4563 3581 4641">
     <span class='ocr_line' id='line_1_106' title="bbox 1990 4563 3581 4641; baseline -0.006 -14"><span class='ocrx_word' id='word_1_801' title='bbox 1990 4570 2309 4641; x_wconf 88' lang='lat' dir='ltr'><strong>scipulorum</strong></span> <span class='ocrx_word' id='word_1_802' title='bbox 2336 4567 2632 4637; x_wconf 89' lang='lat' dir='ltr'><strong>efﬁngeret,</strong></span> <span class='ocrx_word' id='word_1_803' title='bbox 2656 4572 2710 4620; x_wconf 91' lang='lat' dir='ltr'><strong>et</strong></span> <span class='ocrx_word' id='word_1_804' title='bbox 2729 4564 2995 4634; x_wconf 85' lang='lat' dir='ltr'><strong>quodnam</strong></span> <span class='ocrx_word' id='word_1_805' title='bbox 3024 4563 3349 4633; x_wconf 86' lang='lat' dir='ltr'><strong>apostolatus</strong></span> <span class='ocrx_word' id='word_1_806' title='bbox 3375 4564 3581 4633; x_wconf 87' lang='lat' dir='ltr'><strong>insigne</strong></span> 
     </span>
    </p>
   </div>
   <div class='ocr_carea' id='block_1_107' title="bbox 1989 4653 3582 4726">
    <p class='ocr_par' dir='ltr' id='par_1_107' title="bbox 1989 4653 3582 4726">
     <span class='ocr_line' id='line_1_107' title="bbox 1989 4653 3582 4726; baseline -0.006 -9"><span class='ocrx_word' id='word_1_807' title='bbox 1989 4664 2076 4725; x_wconf 89' lang='lat' dir='ltr'><strong>sit,</strong></span> <span class='ocrx_word' id='word_1_808' title='bbox 2098 4660 2412 4726; x_wconf 87' lang='lat' dir='ltr'><strong>declararet,</strong></span> <span class='ocrx_word' id='word_1_809' title='bbox 2432 4660 2502 4714; x_wconf 87' lang='lat' dir='ltr'><strong>ita</strong></span> <span class='ocrx_word' id='word_1_810' title='bbox 2524 4657 2691 4714; x_wconf 78' lang='lat' dir='ltr'><strong>dixit:</strong></span> <span class='ocrx_word' id='word_1_811' title='bbox 2714 4653 2781 4709; x_wconf 67' lang='lat' dir='ltr'><strong>In</strong></span> <span class='ocrx_word' id='word_1_812' title='bbox 2807 4656 2901 4708; x_wconf 77' lang='lat' dir='ltr'><strong>hoc</strong></span> <span class='ocrx_word' id='word_1_813' title='bbox 2928 4663 3223 4726; x_wconf 83' lang='lat' dir='ltr'><strong>cognoscent</strong></span> <span class='ocrx_word' id='word_1_814' title='bbox 3243 4670 3430 4723; x_wconf 85' lang='lat' dir='ltr'><strong>omnes,</strong></span> <span class='ocrx_word' id='word_1_815' title='bbox 3448 4656 3582 4725; x_wconf 81' lang='lat' dir='ltr'><strong>quod</strong></span> 
     </span>
    </p>
   </div>
   <div class='ocr_carea' id='block_1_108' title="bbox 1989 4747 3579 4825">
    <p class='ocr_par' dir='ltr' id='par_1_108' title="bbox 1989 4747 3579 4825">
     <span class='ocr_line' id='line_1_108' title="bbox 1989 4747 3579 4825; baseline -0.005 -14"><span class='ocrx_word' id='word_1_816' title='bbox 1989 4755 2225 4825; x_wconf 82' lang='lat' dir='ltr'><strong>discipuli</strong></span> <span class='ocrx_word' id='word_1_817' title='bbox 2266 4756 2363 4808; x_wconf 87' lang='lat' dir='ltr'><strong>mei</strong></span> <span class='ocrx_word' id='word_1_818' title='bbox 2402 4754 2519 4807; x_wconf 82' lang='lat' dir='ltr'><strong>estis</strong></span> <span class='ocrx_word' id='word_1_819' title='bbox 2540 4751 2721 4825; x_wconf 81' lang='lat' dir='ltr'><strong>(loan.</strong></span> <span class='ocrx_word' id='word_1_820' title='bbox 2754 4750 2842 4805; x_wconf 76' lang='grc'><strong>15.</strong></span> <span class='ocrx_word' id='word_1_821' title='bbox 2870 4750 2983 4820; x_wconf 78' lang='lat'><strong>55).</strong></span> <span class='ocrx_word' id='word_1_822' title='bbox 3016 4747 3083 4803; x_wconf 80' lang='lat' dir='ltr'><strong>I-n</strong></span> <span class='ocrx_word' id='word_1_823' title='bbox 3110 4749 3232 4813; x_wconf 81' lang='lat' dir='ltr'><strong>hoc,</strong></span> <span class='ocrx_word' id='word_1_824' title='bbox 3265 4748 3318 4803; x_wconf 89' lang='lat' dir='ltr'><strong>in</strong></span> <span class='ocrx_word' id='word_1_825' title='bbox 3349 4749 3500 4819; x_wconf 75' lang='lat' dir='ltr'><strong>quo?</strong></span> <span class='ocrx_word' id='word_1_826' title='bbox 3526 4748 3579 4803; x_wconf 89' lang='lat' dir='ltr'><strong>in</strong></span> 
     </span>
    </p>
   </div>
   <div class='ocr_carea' id='block_1_109' title="bbox 1992 4839 3579 4910">
    <p class='ocr_par' dir='ltr' id='par_1_109' title="bbox 1992 4839 3579 4910">
     <span class='ocr_line' id='line_1_109' title="bbox 1992 4839 3579 4910; baseline -0.006 -7"><span class='ocrx_word' id='word_1_827' title='bbox 1992 4847 2262 4903; x_wconf 87' lang='lat' dir='ltr'><strong>miraculis</strong></span> <span class='ocrx_word' id='word_1_828' title='bbox 2305 4844 2595 4910; x_wconf 88' lang='lat' dir='ltr'><strong>faciendis,</strong></span> <span class='ocrx_word' id='word_1_829' title='bbox 2625 4844 2678 4898; x_wconf 92' lang='lat' dir='ltr'><strong>in</strong></span> <span class='ocrx_word' id='word_1_830' title='bbox 2715 4842 2939 4898; x_wconf 90' lang='lat' dir='ltr'><strong>mortuis</strong></span> <span class='ocrx_word' id='word_1_831' title='bbox 2980 4840 3336 4896; x_wconf 83' lang='lat' dir='ltr'><strong>suscitandis?</strong></span> <span class='ocrx_word' id='word_1_832' title='bbox 3365 4839 3579 4910; x_wconf 82' lang='lat' dir='ltr'><strong>Nequa-</strong></span> 
     </span>
    </p>
   </div>
   <div class='ocr_carea' id='block_1_110' title="bbox 1989 4930 3581 5011">
    <p class='ocr_par' dir='ltr' id='par_1_110' title="bbox 1989 4930 3581 5011">
     <span class='ocr_line' id='line_1_110' title="bbox 1989 4930 3581 5011; baseline -0.007 -17"><span class='ocrx_word' id='word_1_833' title='bbox 1989 4954 2170 5011; x_wconf 90' lang='lat' dir='ltr'><strong>quam,</strong></span> <span class='ocrx_word' id='word_1_834' title='bbox 2204 4938 2372 5008; x_wconf 92' lang='lat' dir='ltr'><strong>inquit</strong></span> <span class='ocrx_word' id='word_1_835' title='bbox 2400 4953 2414 4990; x_wconf 89' lang='lat'><strong>:</strong></span> <span class='ocrx_word' id='word_1_836' title='bbox 2445 4934 2539 4991; x_wconf 88' lang='lat' dir='ltr'><strong>sed</strong></span> <span class='ocrx_word' id='word_1_837' title='bbox 2565 4934 2620 4989; x_wconf 88' lang='lat' dir='ltr'><strong>in</strong></span> <span class='ocrx_word' id='word_1_838' title='bbox 2647 4947 2755 5004; x_wconf 93' lang='lat' dir='ltr'><strong>quo</strong></span> <span class='ocrx_word' id='word_1_839' title='bbox 2784 4931 2997 4988; x_wconf 85' lang='lat' dir='ltr'><strong>tandem</strong></span> <span class='ocrx_word' id='word_1_840' title='bbox 3012 4932 3049 4987; x_wconf 51' lang='lat'><strong>?&#39;</strong></span> <span class='ocrx_word' id='word_1_841' title='bbox 3070 4930 3133 4985; x_wconf 90' lang='lat' dir='ltr'><strong>In</strong></span> <span class='ocrx_word' id='word_1_842' title='bbox 3162 4930 3256 4985; x_wconf 80' lang='lat' dir='ltr'><strong>hoc</strong></span> <span class='ocrx_word' id='word_1_843' title='bbox 3281 4940 3581 5002; x_wconf 80' lang='lat' dir='ltr'><strong>cognoscent</strong></span> 
     </span>
    </p>
   </div>
   <div class='ocr_carea' id='block_1_111' title="bbox 1990 5021 3578 5099">
    <p class='ocr_par' dir='ltr' id='par_1_111' title="bbox 1990 5021 3578 5099">
     <span class='ocr_line' id='line_1_111' title="bbox 1990 5021 3578 5099; baseline -0.005 -14"><span class='ocrx_word' id='word_1_844' title='bbox 1990 5047 2181 5097; x_wconf 89' lang='lat' dir='ltr'><strong>omnes,</strong></span> <span class='ocrx_word' id='word_1_845' title='bbox 2207 5030 2326 5099; x_wconf 85' lang='lat' dir='ltr'><strong>quia</strong></span> <span class='ocrx_word' id='word_1_846' title='bbox 2354 5026 2593 5097; x_wconf 74' lang='lat' dir='ltr'><strong>discipuli</strong></span> <span class='ocrx_word' id='word_1_847' title='bbox 2620 5025 2717 5079; x_wconf 85' lang='lat' dir='ltr'><strong>mei</strong></span> <span class='ocrx_word' id='word_1_848' title='bbox 2741 5025 2885 5090; x_wconf 84' lang='lat' dir='ltr'><strong>estis,</strong></span> <span class='ocrx_word' id='word_1_849' title='bbox 2917 5025 2961 5079; x_wconf 89' lang='lat' dir='ltr'><strong>si</strong></span> <span class='ocrx_word' id='word_1_850' title='bbox 2983 5039 3069 5078; x_wconf 81' lang='lat' dir='ltr'><strong>vos</strong></span> <span class='ocrx_word' id='word_1_851' title='bbox 3093 5023 3305 5077; x_wconf 79' lang='lat' dir='ltr'><strong>invicem</strong></span> <span class='ocrx_word' id='word_1_852' title='bbox 3329 5021 3578 5093; x_wconf 86' lang='lat' dir='ltr'><strong>diligatis.</strong></span> 
     </span>
    </p>
   </div>
   <div class='ocr_carea' id='block_1_112' title="bbox 1989 5112 3579 5193">
    <p class='ocr_par' dir='ltr' id='par_1_112' title="bbox 1989 5112 3579 5193">
     <span class='ocr_line' id='line_1_112' title="bbox 1989 5112 3579 5193; baseline -0.006 -15"><span class='ocrx_word' id='word_1_853' title='bbox 1989 5122 2149 5193; x_wconf 83' lang='lat' dir='ltr'><strong>Atqui</strong></span> <span class='ocrx_word' id='word_1_854' title='bbox 2178 5119 2394 5176; x_wconf 87' lang='lat' dir='ltr'><strong>dilectio</strong></span> <span class='ocrx_word' id='word_1_855' title='bbox 2422 5134 2527 5174; x_wconf 89' lang='lat' dir='ltr'><strong>non</strong></span> <span class='ocrx_word' id='word_1_856' title='bbox 2558 5115 2934 5172; x_wconf 83' lang='lat' dir='ltr'><strong>miraculorum</strong></span> <span class='ocrx_word' id='word_1_857' title='bbox 2961 5124 3063 5181; x_wconf 90' lang='lat' dir='ltr'><strong>est,</strong></span> <span class='ocrx_word' id='word_1_858' title='bbox 3096 5112 3190 5169; x_wconf 88' lang='lat' dir='ltr'><strong>sed</strong></span> <span class='ocrx_word' id='word_1_859' title='bbox 3216 5113 3579 5169; x_wconf 86' lang='lat' dir='ltr'><strong>conversatio-</strong></span> 
     </span>
    </p>
   </div>
   <div class='ocr_carea' id='block_1_113' title="bbox 1990 5207 3575 5283">
    <p class='ocr_par' dir='ltr' id='par_1_113' title="bbox 1990 5207 3575 5283">
     <span class='ocr_line' id='line_1_113' title="bbox 1990 5207 3575 5283; baseline -0.004 -13"><span class='ocrx_word' id='word_1_860' title='bbox 1990 5216 2073 5271; x_wconf 86' lang='lat' dir='ltr'><strong>nis</strong></span> <span class='ocrx_word' id='word_1_861' title='bbox 2100 5233 2113 5268; x_wconf 88' lang='lat'><strong>:</strong></span> <span class='ocrx_word' id='word_1_862' title='bbox 2142 5213 2422 5268; x_wconf 84' lang='lat' dir='ltr'><strong>Plenitudo</strong></span> <span class='ocrx_word' id='word_1_863' title='bbox 2456 5211 2597 5267; x_wconf 89' lang='lat' dir='ltr'><strong>enim</strong></span> <span class='ocrx_word' id='word_1_864' title='bbox 2628 5212 2751 5283; x_wconf 84' lang='lat' dir='ltr'><strong>legis</strong></span> <span class='ocrx_word' id='word_1_865' title='bbox 2786 5219 2860 5265; x_wconf 83' lang='lat' dir='ltr'><strong>est</strong></span> <span class='ocrx_word' id='word_1_866' title='bbox 2902 5209 3101 5263; x_wconf 84' lang='lat' dir='ltr'><strong>dilectio</strong></span> <span class='ocrx_word' id='word_1_867' title='bbox 3127 5207 3302 5280; x_wconf 87' lang='lat' dir='ltr'><strong>(Rom.</strong></span> <span class='ocrx_word' id='word_1_868' title='bbox 3333 5208 3420 5263; x_wconf 81' lang='lat' dir='ltr'><strong>l5.</strong></span> <span class='ocrx_word' id='word_1_869' title='bbox 3462 5207 3575 5279; x_wconf 75' lang='grc'><strong>10).</strong></span> 
     </span>
    </p>
   </div>
   <div class='ocr_carea' id='block_1_114' title="bbox 1990 5300 3577 5376">
    <p class='ocr_par' dir='ltr' id='par_1_114' title="bbox 1990 5300 3577 5376">
     <span class='ocr_line' id='line_1_114' title="bbox 1990 5300 3577 5376; baseline -0.006 -13"><span class='ocrx_word' id='word_1_870' title='bbox 1990 5307 2151 5363; x_wconf 84' lang='lat' dir='ltr'><strong>Vides</strong></span> <span class='ocrx_word' id='word_1_871' title='bbox 2173 5305 2553 5376; x_wconf 89' lang='lat' dir='ltr'><strong>discipulorum</strong></span> <span class='ocrx_word' id='word_1_872' title='bbox 2576 5301 2861 5358; x_wconf 81' lang='lat' dir='ltr'><strong>indicium?</strong></span> <span class='ocrx_word' id='word_1_873' title='bbox 2882 5300 3030 5357; x_wconf 87' lang='lat' dir='ltr'><strong>vides</strong></span> <span class='ocrx_word' id='word_1_874' title='bbox 3055 5300 3339 5370; x_wconf 89' lang='lat' dir='ltr'><strong>imaginem</strong></span> <span class='ocrx_word' id='word_1_875' title='bbox 3361 5310 3577 5368; x_wconf 78' lang='lat' dir='ltr'><strong>aposto-</strong></span> 
     </span>
    </p>
   </div>
   <div class='ocr_carea' id='block_1_115' title="bbox 1990 5388 3576 5464">
    <p class='ocr_par' dir='ltr' id='par_1_115' title="bbox 1990 5388 3576 5464">
     <span class='ocr_line' id='line_1_115' title="bbox 1990 5388 3576 5464; baseline -0.009 -9"><span class='ocrx_word' id='word_1_876' title='bbox 1990 5398 2163 5455; x_wconf 84' lang='lat' dir='ltr'><strong>latus?</strong></span> <span class='ocrx_word' id='word_1_877' title='bbox 2192 5396 2341 5453; x_wconf 82' lang='lat' dir='ltr'><strong>vides</strong></span> <span class='ocrx_word' id='word_1_878' title='bbox 2384 5396 2649 5452; x_wconf 79' lang='lat' dir='ltr'><strong>lormam?</strong></span> <span class='ocrx_word' id='word_1_879' title='bbox 2688 5394 2835 5449; x_wconf 88' lang='lat' dir='ltr'><strong>vides</strong></span> <span class='ocrx_word' id='word_1_880' title='bbox 2879 5392 3138 5464; x_wconf 84' lang='lat' dir='ltr'><strong>ﬁguram?</strong></span> <span class='ocrx_word' id='word_1_881' title='bbox 3163 5389 3303 5445; x_wconf 77' lang='lat' dir='ltr'><strong>Nihil</strong></span> <span class='ocrx_word' id='word_1_882' title='bbox 3352 5388 3576 5458; x_wconf 82' lang='lat' dir='ltr'><strong>amplius</strong></span> 
     </span>
    </p>
   </div>
   <div class='ocr_carea' id='block_1_116' title="bbox 1987 5481 3579 5565">
    <p class='ocr_par' dir='ltr' id='par_1_116' title="bbox 1987 5481 3579 5565">
     <span class='ocr_line' id='line_1_116' title="bbox 1987 5481 3579 5565; baseline -0.006 -18"><span class='ocrx_word' id='word_1_883' title='bbox 1987 5507 2204 5565; x_wconf 82' lang='lat' dir='ltr'><strong>qmere:</strong></span> <span class='ocrx_word' id='word_1_884' title='bbox 2232 5490 2425 5562; x_wconf 87' lang='lat' dir='ltr'><strong>quippe</strong></span> <span class='ocrx_word' id='word_1_885' title='bbox 2451 5490 2705 5545; x_wconf 90' lang='lat' dir='ltr'><strong>Dominus</strong></span> <span class='ocrx_word' id='word_1_886' title='bbox 2730 5484 3090 5558; x_wconf 88' lang='lat' dir='ltr'><strong>pronuntiavit</strong></span> <span class='ocrx_word' id='word_1_887' title='bbox 3115 5483 3389 5539; x_wconf 88' lang='lat' dir='ltr'><strong>caritatem</strong></span> <span class='ocrx_word' id='word_1_888' title='bbox 3416 5481 3579 5537; x_wconf 77' lang='lat' dir='ltr'><strong>disci-</strong></span> 
     </span>
    </p>
   </div>
   <div class='ocr_carea' id='block_1_117' title="bbox 1988 5570 3574 5658">
    <p class='ocr_par' dir='ltr' id='par_1_117' title="bbox 1988 5570 3574 5658">
     <span class='ocr_line' id='line_1_117' title="bbox 1988 5570 3574 5658; baseline -0.008 -16"><span class='ocrx_word' id='word_1_889' title='bbox 1988 5586 2141 5658; x_wconf 88' lang='lat' dir='ltr'><strong>pulos</strong></span> <span class='ocrx_word' id='word_1_890' title='bbox 2165 5584 2484 5653; x_wconf 78' lang='lat' dir='ltr'><strong>exprimere.</strong></span> <span class='ocrx_word' id='word_1_891' title='bbox 2510 5580 2567 5636; x_wconf 92' lang='lat' dir='ltr'><strong>Si</strong></span> <span class='ocrx_word' id='word_1_892' title='bbox 2595 5594 2723 5648; x_wconf 88' lang='lat' dir='ltr'><strong>ergo</strong></span> <span class='ocrx_word' id='word_1_893' title='bbox 2746 5578 3024 5634; x_wconf 85' lang='lat' dir='ltr'><strong>caritatem</strong></span> <span class='ocrx_word' id='word_1_894' title='bbox 3052 5574 3271 5641; x_wconf 88' lang='lat' dir='ltr'><strong>habeas,</strong></span> <span class='ocrx_word' id='word_1_895' title='bbox 3298 5570 3574 5643; x_wconf 78' lang='lat' dir='ltr'><strong>apostolus</strong></span> 
     </span>
    </p>
   </div>
   <div class='ocr_carea' id='block_1_118' title="bbox 1990 5666 3006 5743">
    <p class='ocr_par' dir='ltr' id='par_1_118' title="bbox 1990 5666 3006 5743">
     <span class='ocr_line' id='line_1_118' title="bbox 1990 5666 3006 5743; baseline -0.012 -11"><span class='ocrx_word' id='word_1_896' title='bbox 1990 5677 2158 5732; x_wconf 87' lang='lat' dir='ltr'><strong>factus</strong></span> <span class='ocrx_word' id='word_1_897' title='bbox 2192 5690 2286 5743; x_wconf 87' lang='lat' dir='ltr'><strong>es,</strong></span> <span class='ocrx_word' id='word_1_898' title='bbox 2316 5682 2370 5730; x_wconf 90' lang='lat' dir='ltr'><strong>et</strong></span> <span class='ocrx_word' id='word_1_899' title='bbox 2397 5671 2757 5742; x_wconf 86' lang='lat' dir='ltr'><strong>apostolorum</strong></span> <span class='ocrx_word' id='word_1_900' title='bbox 2784 5666 3006 5739; x_wconf 85' lang='lat' dir='ltr'><strong>primus.</strong></span> 
     </span>
    </p>
   </div>
   <div class='ocr_carea' id='block_1_119' title="bbox 2060 5800 3581 5869">
    <p class='ocr_par' dir='ltr' id='par_1_119' title="bbox 2060 5800 3581 5869">
     <span class='ocr_line' id='line_1_119' title="bbox 2060 5800 3581 5869; baseline -0.014 -6"><span class='ocrx_word' id='word_1_901' title='bbox 2060 5817 2074 5847; x_wconf 86' lang='grc'>¹</span> <span class='ocrx_word' id='word_1_902' title='bbox 2104 5815 2156 5863; x_wconf 87' lang='lat' dir='ltr'><strong>In</strong></span> <span class='ocrx_word' id='word_1_903' title='bbox 2184 5815 2288 5862; x_wconf 79' lang='lat' dir='ltr'><strong>inec</strong></span> <span class='ocrx_word' id='word_1_904' title='bbox 2314 5811 2478 5869; x_wconf 80' lang='lat' dir='ltr'><strong>verba,</strong></span> <span class='ocrx_word' id='word_1_905' title='bbox 2505 5814 2548 5857; x_wconf 82' lang='lat' dir='ltr'><strong>ct</strong></span> <span class='ocrx_word' id='word_1_906' title='bbox 2570 5803 2731 5869; x_wconf 82' lang='lat' dir='ltr'><strong>statim</strong></span> <span class='ocrx_word' id='word_1_907' title='bbox 2758 5800 2908 5865; x_wconf 80' lang='lat' dir='ltr'><strong>salus,</strong></span> <span class='ocrx_word' id='word_1_908' title='bbox 2940 5802 3021 5854; x_wconf 86' lang='lat' dir='ltr'><strong>Gr.</strong></span> <span class='ocrx_word' id='word_1_909' title='bbox 3056 5801 3134 5849; x_wconf 78' lang='grc' dir='ltr'>καὶ</span> <span class='ocrx_word' id='word_1_910' title='bbox 3161 5800 3323 5852; x_wconf 67' lang='grc' dir='ltr'><strong>εὐθέως</strong></span> <span class='ocrx_word' id='word_1_911' title='bbox 3349 5800 3376 5853; x_wconf 79' lang='grc' dir='ltr'>ἡ</span> <span class='ocrx_word' id='word_1_912' title='bbox 3413 5812 3581 5854; x_wconf 70' lang='lat' dir='ltr'><strong>acum-</strong></span> 
     </span>
    </p>
   </div>
   <div class='ocr_carea' id='block_1_120' title="bbox 1998 5868 2749 5942">
    <p class='ocr_par' dir='ltr' id='par_1_120' title="bbox 1998 5868 2749 5942">
     <span class='ocr_line' id='line_1_120' title="bbox 1998 5868 2749 5942; baseline -0.015 -17"><span class='ocrx_word' id='word_1_913' title='bbox 1998 5877 2091 5942; x_wconf 74' lang='grc' dir='ltr'><strong>ρῖα,</strong></span> <span class='ocrx_word' id='word_1_914' title='bbox 2116 5874 2297 5925; x_wconf 65' lang='lat' dir='ltr'><strong>desinit</strong></span> <span class='ocrx_word' id='word_1_915' title='bbox 2318 5869 2631 5923; x_wconf 62' lang='lat' dir='ltr'><strong>(To‘bcrtiuus</strong></span> <span class='ocrx_word' id='word_1_916' title='bbox 2658 5868 2749 5916; x_wconf 57' lang='lat' dir='ltr'><strong>iis.</strong></span> 
     </span>
    </p>
   </div>
  </div>
