4066 6274
510 377 581 434 85
1250 385 1308 441 S.
1349 385 1626 445 JOANNIS
1659 389 2131 448 CHRYSOSTOMI
2169 391 2486 450 ARClllEP.
2527 393 3058 452 CONSTANTINOP.
3729 386 3812 453 διδ

574 499 627 553 «1.
672 497 763 554 Vis
789 500 1004 557 aliunde
1031 501 1134 557 hoc
1163 503 1413 562 discere?
1439 506 1572 564 Cum
1599 507 1844 566 Christus
1870 510 2088 567 Petrum

505 588 884 659 alloqucretur,
915 589 1080 659 Petre,
1102 593 1272 664 diligis
1298 613 1376 651 me
1399 599 1512 666 plus
1537 599 1616 653 his
1640 599 1820 670 (Joan.
1845 602 1937 657 2i.
1966 604 2091 674 l7)?

504 683 598 737 ait.
629 682 770 738 Nihil
819 698 982 755 porro
1023 702 1176 759 aeque
1203 690 1342 746 valet
1365 691 1431 746 ad
1459 708 1678 763 regnum
1708 695 1961 750 caelorum
1990 697 2090 754 ob-

507 772 804 841 tinendum,
833 790 896 830 ac
917 776 961 831 si
987 788 1196 834 constet
1230 795 1329 836 nos
1359 781 1429 835 ita
1456 781 1725 839 Christum
1751 784 1971 855 diligere
1991 826 2007 853 ,
2033 794 2092 842 ut

502 881 534 920 a
564 866 719 923 nobis
743 868 1043 941 diligendus
1065 881 1164 928 est.
1195 877 1368 945 Atque
1398 876 1471 932 ita
1497 877 1790 948 designavit
1813 878 2087 934 indicium.

503 958 782 1025 Quodnam
823 961 953 1017 illud
983 978 1112 1035 ergo
1149 967 1271 1020 est?
1297 975 1352 1021 et
1378 968 1505 1038 quid
1537 983 1632 1023 nos
1657 984 1813 1040 agere
1839 980 2086 1040 oportet,

503 1065 560 1106 ut
583 1054 703 1124 plus
724 1071 883 1126 quam
904 1061 1128 1127 apostoli
1146 1060 1459 1132 diligamus?
1477 1077 1544 1116 an
1567 1064 1759 1118 mortui
1776 1064 2091 1120 suscitandi?

500 1161 568 1198 an
600 1145 705 1200 alia
739 1148 1002 1217 qutcpiam
1031 1149 1234 1206 edenda
1263 1153 1557 1208 miracula?
1580 1153 1735 1208 Nullo
1763 1155 1924 1209 modo
1954 1172 1967 1209 :
1992 1155 2090 1210 sed

501 1237 630 1308 quid
667 1239 929 1310 agendum
972 1243 1101 1298 est?
1127 1244 1206 1298 Ex
1239 1244 1355 1315 ipso
1392 1245 1636 1314 Christo,
1666 1247 1755 1317 qui
1793 1248 2089 1319 diligendus

501 1339 606 1396 est,
631 1330 684 1385 id
711 1332 1007 1390 audiamus.
1035 1335 1097 1390 Si
1124 1337 1267 1392 enim
1304 1355 1447 1392 antas
1468 1356 1576 1405 nte,
1610 1340 1802 1411 inquit,
1831 1341 1946 1412 plus
1973 1341 2086 1408 his,

503 1439 654 1492 pasce
683 1439 796 1480 oues
822 1442 960 1479 meas
988 1425 1194 1498 (lbid.).
1225 1429 1363 1484 Ecce
1402 1430 1491 1485 hic
1523 1446 1734 1502 quoque
1757 1434 2091 1488 conversatio

502 1512 714 1569 laudem
741 1523 997 1570 meretur.
1025 1516 1156 1571 Nam
1178 1532 1357 1572 curam
1381 1534 1569 1589 gerere
1593 1562 1609 1588 ,
1635 1523 1866 1591 compati
1893 1523 2087 1589 solere,

501 1604 742 1674 subsidio
765 1621 885 1661 esse
904 1647 918 1671 ,
941 1624 1061 1677 quae
1091 1623 1185 1663 sua
1210 1622 1334 1666 sunt
1362 1611 1581 1667 minime
1610 1629 1871 1684 quaerere,
1897 1627 2089 1670 caetera

503 1698 716 1763 omnia,
737 1711 856 1766 qua:
892 1706 1157 1768 pastorem
1184 1711 1396 1770 Oportet
1422 1702 1640 1772 habere,
1672 1707 2090 1762 conversationis

502 1785 622 1842 htcc
646 1797 768 1842 ειιιιι
797 1791 973 1844 omnia
993 1832 1008 1857 ,
1037 1807 1143 1851 non
1171 1793 1551 1850 miraculorum
1579 1804 1672 1851 aut
1698 1797 1992 1868 signorum.
2022 1803 2091 1854 At

503 1881 612 1946 illi,
637 1882 778 1939 dicet
815 1884 1006 1954 aliquis
1029 1926 1044 1948 ,
1072 1895 1291 1956 propter
1327 1888 1579 1943 miracula
1615 1889 1744 1945 tales
1781 1901 2086 1946 evaserunt.

501 1973 618 2036 Non
677 1983 890 2045 preptcr
942 1977 1245 2046 miracula,
1300 1979 1395 2034 sed
1459 1989 1676 2050 propter
1732 1984 2092 2037 conversatio-

504 2083 658 2132 nem,
687 2076 742 2123 et
795 2068 864 2122 ob
901 2084 1019 2124 cam
1068 2071 1301 2127 maxitne
1345 2073 1586 2127 celebres
1624 2081 1681 2128 et
1713 2074 1944 2130 illustres
1977 2074 2092 2130 fuc-

501 2170 647 2215 rnnt.
675 2160 962 2230 Pmpterea
992 2161 1202 2217 dicebat
1232 2164 1338 2218 illis
1365 2183 1380 2218 :
1403 2163 1593 2220 Luceat
1620 2165 1711 2220 lux
1730 2175 1892 2220 uestra
1917 2183 2090 2221 coram

505 2252 790 2307 hominibus
815 2294 828 2317 ,
858 2263 911 2306 ut
960 2253 1158 2310 rideant
1205 2255 1448 2311 homines
1469 2297 1484 2322 ,
1520 2273 1626 2316 non
1671 2259 1924 2313 miracula
1949 2301 1965 2325 ,
1995 2260 2088 2315 sed

505 2361 659 2412 opera
687 2357 849 2400 vestra
876 2345 1008 2399 bona
1027 2387 1041 2410 ,
1069 2355 1117 2404 et
1140 2346 1424 2416 glorificent
1447 2348 1656 2403 Patrem
1685 2360 1902 2405 uestrum
1926 2351 2012 2420 qui
2037 2353 2090 2404 in

501 2435 637 2488 rtelis
662 2445 734 2489 est
753 2435 962 2506 (Matth.
985 2437 1038 2492 5.
1069 2437 1181 2508 16).
1207 2438 1366 2494 Vides
1391 2439 1585 2510 ubique
1605 2442 2089 2510 conversationem,

502 2543 564 2580 ac
589 2529 753 2582 vitam
779 2529 972 2582 virtute
1002 2529 1275 2596 praeditam
1313 2532 1645 2586 collaudari?
1676 2533 1766 2588 Vis
1810 2537 2087 2590 ostendam

503 2617 595 2680 tibi
622 2627 678 2671 et
705 2616 920 2671 Petrum
953 2617 1162 2687 ipsum,
1193 2619 1331 2675 hunc
1363 2623 1652 2691 principem
1683 2627 2043 2694 apostolorum
2069 2669 2084 2695 ,

501 2705 592 2776 qui
622 2716 672 2761 et
703 2707 951 2762 eximiam
978 2712 1435 2766 conversationem
1463 2729 1570 2782 prae
1594 2729 1654 2770 se
1677 2716 1826 2780 tulit,
1850 2725 1902 2771 et
1930 2718 2090 2772 mira-

500 2800 616 2854 cula
662 2798 828 2854 edidit
869 2817 988 2869 qua:
1031 2812 1272 2856 naturam
1319 2803 1602 2860 humanam
1635 2808 2003 2876 excedebant,
2035 2819 2090 2865 et

503 2899 726 2960 utraque
763 2891 903 2946 inter
935 2906 994 2947 se
1019 2902 1325 2962 comparata
1353 2937 1369 2961 ,
1398 2905 1452 2949 ct
1489 2896 1836 2963 miraculum,
1859 2909 1913 2955 et
1955 2915 2088 2954 cnn-

504 2983 855 3038 versationcm
879 3024 894 3050 ,
925 2994 1082 3055 atque
1122 2985 1269 3041 illum
1312 2989 1485 3058 potius
1525 2990 1594 3046 ob
1637 2992 1758 3046 vita:
1804 3007 2086 3048 conversa-

502 3071 700 3133 tionem
757 3090 914 3142 quam
957 3075 1025 3131 ob
1061 3076 1208 3148 signa
1258 3077 1422 3136 fuisse
1473 3080 1676 3138 honore
1711 3084 2089 3139 cumulatum?

504 3161 654 3216 llanc
688 3163 964 3220 historiam
1005 3168 1128 3222 audi
1157 3186 1169 3220 :
1202 3168 1378 3225 Petrus
1405 3182 1457 3226 et
1489 3172 1713 3229 Joannes
1754 3176 2088 3238 ascendebant

502 3254 557 3314 in
600 3255 840 3324 templum
881 3257 950 3309 ad
975 3258 1152 3310 horam
1181 3261 1424 3316 orationis
1450 3278 1633 3317 nonam
1660 3265 1793 3331 (Act.
1823 3267 1877 3321 5.
1910 3268 1985 3337 1).
2012 3267 2089 3323 Ne

501 3343 792 3408 oscitanter
822 3345 958 3401 hanc
989 3350 1346 3404 narrationem
1373 3363 1679 3424 praetereas,
1710 3357 1804 3412 sed
1835 3357 1887 3412 in
1914 3374 2088 3428 prote-

505 3437 612 3494 mio
655 3439 833 3493 statim
863 3440 1076 3496 insistas
1095 3483 1110 3506 ,
1141 3452 1196 3497 et
1218 3455 1412 3514 quanta
1442 3446 1639 3504 caritas
1665 3461 1837 3516 esset,
1869 3451 2045 3508 discas
2069 3493 2084 3519 ,

500 3541 696 3599 qnanta
733 3533 1014 3588 concordia
1040 3575 1054 3599 ,
1082 3547 1413 3608 quantusque
1437 3555 1756 3608 consensus,
1785 3552 1840 3598 et
1864 3561 1966 3616 qua
1997 3563 2086 3600 ra-

501 3622 643 3676 tione
663 3632 856 3678 cuncta
886 3624 971 3679 isti
992 3626 1092 3680 sibi
1115 3627 1340 3685 invicem
1365 3634 1852 3701 communicabant,
1875 3645 1930 3692 et
1948 3637 2084 3692 anti-

499 3715 640 3768 eitize
664 3717 954 3772 secundum
987 3719 1155 3775 Deum
1182 3720 1396 3778 vinculo
1425 3725 1652 3795 colligati
1692 3739 1879 3783 cuncta
1923 3729 2084 3784 facie-

500 3806 652 3876 bant,
680 3816 734 3861 et
759 3807 810 3861 in
841 3824 1046 3876 mensa,
1070 3819 1124 3866 et
1153 3811 1203 3866 in
1231 3815 1494 3882 oratione,
1525 3825 1578 3870 ct
1606 3818 1656 3870 in
1685 3817 1916 3886 incessu,
1948 3830 2002 3874 et
2031 3821 2082 3876 in

499 3895 717 3966 reliquis
755 3899 1001 3954 omnibus
1036 3901 1204 3970 juncti
1244 3905 1589 3974 apparebant.
1628 3906 1780 3975 Quod
1819 3909 1866 3966 si
1898 3910 1969 3964 illi
1995 3912 2083 3980 qni

497 3987 762 4043 columna:
790 4004 853 4045 ac
883 3999 1056 4046 turres
1081 4002 1252 4058 erant,
1284 3996 1376 4064 qui
1402 3999 1620 4051 multam
1654 3999 1796 4067 apud
1832 3999 1994 4054 Deum
2023 4001 2084 4054 li-

496 4080 707 4135 duciam
737 4079 1024 4149 habebant,
1057 4091 1239 4137 mutuo
1267 4084 1572 4156 indigebant
1598 4089 1801 4142 auxilio
1824 4129 1840 4154 ,
1871 4097 2087 4144 mutuo-

496 4189 601 4240 que
634 4173 874 4228 subsidio
902 4175 1320 4245 corrigebantur,
1349 4187 1550 4247 quanto
1578 4180 1747 4249 magis
1777 4196 1876 4236 nos
1915 4182 2083 4239 imbe-

494 4265 644 4319 cilles
693 4279 757 4319 ac
804 4267 1020 4332 miseri,
1062 4269 1362 4341 nulliusque
1413 4275 1566 4342 pretii
1614 4274 1857 4333 homines
1897 4291 2081 4337 mutuo

493 4355 691 4410 auxilio
712 4355 1043 4428 indigemus?
1063 4360 1247 4416 Frater
1265 4365 1399 4419 enim
1429 4367 1514 4437 qui
1541 4367 1813 4440 adjuvatur
1843 4388 1876 4424 a
1901 4375 2079 4445 fratre,

495 4449 638 4514 quasi
661 4448 834 4534 civitas
857 4451 1007 4519 ﬁrma
1029 4452 1208 4524 (Prov.
1234 4456 1319 4512 18.
1343 4458 1430 4530 19)
1451 4477 1462 4512 :
1481 4470 1536 4515 et
1559 4476 1744 4517 rursus
1766 4480 1782 4517 :
1807 4463 1940 4519 Ecce
1958 4467 2081 4536 quid

495 4541 698 4604 bonum,
729 4551 772 4594 et
797 4544 921 4612 quid
948 4545 1240 4614 pulchrum,
1269 4551 1363 4604 nisi
1390 4551 1616 4607 habitare
1639 4555 1819 4623 fratres
1846 4557 1900 4611 in
1924 4575 2080 4612 unum

493 4629 666 4700 (Psal.
698 4635 818 4690 152.
852 4635 1157 4707 1)⁴1’1’θιι·υς
1186 4650 1240 4695 et
1263 4641 1494 4698 Joannes
1529 4655 1713 4711 erant,
1736 4658 1791 4702 et
1813 4647 1993 4704 Jcsum
2025 4650 2077 4705 in

494 4722 670 4778 medio
714 4723 1016 4782 habebant:
1043 4728 1142 4784 Ubi
1177 4732 1310 4786 enim
1347 4734 1535 4801 fuerint
1576 4737 1677 4790 duo
1714 4738 1790 4791 vel
1828 4747 1926 4793 tres
1950 4757 2079 4795 con—

491 4815 704 4884 gregati,
729 4817 917 4886 inquit,
942 4819 996 4873 in
1021 4823 1223 4877 nomine
1246 4840 1376 4891 meo,
1406 4825 1474 4879 ibi
1501 4843 1612 4880 sum
1635 4827 1690 4880 in
1717 4828 1880 4883 medio
1902 4847 2076 4885 eorum

493 4904 706 4976 (Matth.
738 4907 823 4964 18.
849 4908 966 4983 20).
996 4911 1153 4968 Vides
1179 4923 1431 4984 quantum
1459 4919 1529 4974 sit
1553 4918 1606 4973 in
1637 4936 1798 4986 unum
1830 4924 2074 4981 versari?

491 4997 672 5071 Neque
687 5016 816 5058 vero
831 5004 1024 5073 quovis
1052 5006 1213 5068 modo
1237 5009 1288 5063 in
1317 5025 1479 5065 unum
1495 5021 1646 5067 erant
1667 5032 1681 5068 :
1701 5030 1821 5069 nam
1851 5025 1905 5071 et
1931 5033 2072 5074 nunc

489 5089 541 5144 in
585 5106 748 5146 unum
789 5106 973 5150 sumus
1019 5111 1242 5164 omnes;
1271 5101 1365 5156 sed
1405 5102 1456 5156 in
1489 5119 1652 5160 unum
1697 5120 1818 5162 esse
1859 5119 2073 5178 oportet

492 5180 707 5236 vinculo
758 5183 1030 5252 caritatis,
1077 5196 1134 5242 et
1189 5190 1478 5247 voluntatis
1521 5195 1712 5249 ali'cctu
1741 5212 1756 5249 :
1785 5205 1840 5252 et
1881 5214 2070 5267 quem-

485 5274 771 5331 admodum
789 5292 1012 5349 corpora
1031 5289 1212 5335 nostra
1238 5283 1337 5337 sibi
1367 5286 1656 5357 propinqua
1687 5305 1828 5345 nunc
1841 5294 2066 5348 suntin-

485 5368 652 5425 vicem
681 5384 745 5425 ac
765 5384 887 5426 sese
916 5371 967 5426 in
990 5387 1153 5428 unum
1173 5375 1561 5446 constringunt,
1579 5380 1657 5435 sic
1681 5383 1844 5437 etiam
1864 5393 2074 5451 oportet

486 5462 650 5518 corda
701 5464 1014 5536 constringi.
1064 5464 1250 5521 Petrus
1293 5477 1340 5521 et
1389 5467 1616 5526 Joannes
1649 5475 1980 5531 ascendebant
2018 5479 2072 5533 in

486 5552 752 5623 templum.
795 5554 1034 5613 Scissum
1075 5566 1159 5614 est
1201 5558 1374 5615 velum
1399 5602 1414 5624 ,
1445 5559 1682 5618 desolata
1721 5575 1846 5620 sunt
1885 5576 2070 5622 sancta

483 5655 825 5714 sanctorum,
864 5651 1070 5707 sublata
1112 5661 1196 5708 est
1241 5653 1330 5709 uni
1380 5653 1588 5712 addicta
1638 5657 1756 5714 loco
1804 5659 2067 5717 adoratio.

485 5735 690 5792 Clamat
727 5739 921 5798 Paulus
943 5785 958 5810 ,
986 5760 1051 5800 ac
1091 5745 1224 5801 dicit
1250 5764 1262 5799 :
1288 5747 1354 5802 In
1387 5750 1525 5803 omni
1563 5752 1674 5804 loco
1703 5768 1855 5819 puras
1893 5769 2070 5807 manus

483 5830 638 5886 levate
662 5830 736 5906 (l.
778 5833 908 5890 'l'im.
936 5837 989 5890 2.
1024 5838 1100 5909 8).
1129 5838 1236 5894 Cur
1262 5841 1419 5910 igitur
1453 5843 1540 5900 isti
1575 5854 1790 5900 currunt
1819 5845 1883 5900 ad
1928 5855 2063 5902 tem-

2199 552 2364 623 plum,
2393 561 2448 607 ut
2477 554 2674 609 orent?
2699 569 2884 610 rursus
2909 553 2975 609 ad
2999 553 3273 609 Judaicam
3305 551 3664 610 inﬁrmitatem
3698 554 3813 610 de-

2198 643 2362 698 voluti
2391 645 2554 698 sunt?
2583 645 2764 700 Absit!
2789 645 2885 701 sed
2907 645 3344 702 imbecillioribus
3371 660 3491 702 sese
3519 655 3803 718 attempe-

2196 742 2336 799 rant,
2367 734 2602 806 illudque
2627 735 2776 792 Pauli
2804 736 3001 792 dictum
3029 737 3269 808 implent,
3297 737 3437 808 quod
3462 737 3572 796 ait:
3597 737 3808 793 Factus

2193 843 2303 883 sum
2328 826 2526 884 ludatis
2553 838 2807 902 tamquam
2826 830 3038 885 Judwus
3070 831 3144 904 (1.
3169 830 3286 886 Cor.
3314 832 3368 888 9.
3397 831 3513 902 20).
3543 833 3791 888 Imbecil-

2197 918 2336 976 libus
2355 935 2414 976 se
2438 929 2814 992 attemperant,
2840 939 2907 980 ne
2928 925 2998 978 illi
3029 932 3278 979 maneant
3305 917 3614 980 imbecilles.
3645 925 3802 979 Alit»

2195 1011 2319 1081 quin
2348 1021 2523 1068 autem
2549 1013 2657 1068 illic
2681 1029 2890 1085 quoque
2913 1023 3019 1070 tota
3040 1015 3226 1070 civitas
3251 1016 3689 1087 cOngregabatur.
3722 1015 3800 1071 Ut

2196 1103 2353 1173 igitur
2369 1105 2553 1173 optimi
2577 1105 2867 1175 piscatores
2894 1121 2989 1162 eos
3005 1107 3153 1162 sinus
3177 1106 3230 1162 in
3251 1106 3557 1164 ﬂuminibus
3577 1115 3800 1163 sectan-

2197 1201 2315 1258 tur,
2346 1194 2434 1249 ubi
2462 1196 2636 1266 pisces
2663 1211 2851 1252 omnes
2879 1198 3202 1254 conveniunt
3231 1241 3246 1267 ,
3280 1209 3336 1254 ut
3366 1198 3569 1253 facilius
3603 1197 3795 1268 prmda

2196 1286 2466 1357 potiantur
2498 1305 2510 1340 :
2546 1287 2616 1343 ita
2663 1289 2915 1344 nimirum
2955 1301 3009 1345 et
3053 1291 3139 1345 isti
3179 1291 3449 1362 apostoli,
3480 1289 3795 1361 spirituales

2195 1379 2516 1448 piscatores,
2540 1380 2606 1436 ad
2645 1381 2793 1437 illum
2838 1383 3011 1438 sinum
3056 1382 3413 1452 festinabant,
3436 1383 3490 1439 in
3528 1397 3634 1454 quo
3673 1389 3795 1436 tota

2195 1473 2380 1528 civitas
2427 1475 2812 1543 conveniebat,
2845 1485 2902 1529 ut
2939 1476 3047 1531 illic
3091 1492 3327 1547 expanso
3374 1475 3635 1545 evangelii
3680 1474 3792 1528 reti

2194 1562 2348 1620 facile
2374 1566 2549 1635 praeda
2576 1568 2892 1637 potirentur.
2923 1567 3032 1622 lloc
3055 1582 3234 1623 autem
3255 1583 3375 1623 eum
3403 1575 3645 1637 agerent,
3666 1581 3791 1618 ma-

2194 1658 2418 1728 gistrum
2442 1657 2804 1712 imitabantur.
2827 1657 2957 1712 Nam
2983 1659 3056 1712 ait
3076 1659 3322 1713 Christus
3344 1674 3361 1711 :
3387 1656 3620 1725 Quotidie
3642 1654 3793 1724 apud

2195 1732 2280 1803 eos
2292 1765 2428 1802 eram
2442 1749 2493 1802 in
2510 1750 2692 1819 templo
2713 1750 2922 1820 (Matth.
2943 1750 3032 1805 26.
3051 1750 3170 1820 55)?
3185 1749 3361 1818 Quare
3385 1749 3438 1804 in
3465 1747 3664 1817 templo
3677 1746 3706 1800 ἲ
3717 1745 3792 1801 Ut

2194 1839 2283 1910 qui
2302 1840 2354 1894 in
2382 1839 2579 1910 templo
2599 1841 2957 1907 versabantur,
2975 1848 3206 1910 caperet.
3228 1839 3301 1895 Ita
3321 1853 3530 1911 quoque
3546 1837 3632 1891 isti
3650 1845 3791 1890 tant-

2195 1948 2352 2004 qnam
2395 1933 2597 1988 oraturi
2625 1931 2839 2003 quidem
2870 1934 3194 2006 pergebant,
3226 1931 3319 1987 sed
3353 1930 3647 1987 doctrinam
3678 1928 3792 1983 illic

2195 2035 2347 2081 erant
2363 2026 2620 2096 sparsnri.
2638 2024 2703 2080 In
2727 2027 2986 2098 templum,
3006 2034 3309 2092 utorarcnt,
3327 2024 3461 2078 circa
3476 2022 3653 2076 horam
3668 2036 3792 2074 ora-

2195 2118 2344 2171 tionis
2362 2135 2568 2172 nonam.
2595 2117 2777 2189 Neque
2809 2119 2973 2189 ipsam
2997 2118 3182 2174 horam
3198 2119 3314 2173 sine
3341 2131 3502 2172 causa
3527 2114 3791 2171 observa-

2198 2218 2344 2265 runt.
2386 2210 2541 2281 Stepe
2566 2225 2796 2294 namque
2835 2210 2901 2266 de
2927 2209 3029 2266 hac
3067 2210 3195 2265 hora
3224 2209 3333 2264 dixi
3364 2208 3516 2262 vobis
3537 2247 3553 2274 ,
3584 2206 3637 2262 in
3669 2206 3792 2275 ipsa

2195 2303 2497 2372 paradisum
2529 2293 2692 2358 fuiSse
2718 2311 3035 2368 reseratum,
3066 2310 3120 2358 et
3149 2301 3412 2356 latronem
3444 2299 3744 2371 ingressum
3771 2314 3788 2351 :

2195 2393 2246 2447 in
2293 2395 2405 2460 ipsa
2441 2394 2706 2448 sublatum
2732 2401 2815 2448 est
2848 2393 3190 2449 maledictum
3220 2434 3236 2460 ,
3265 2393 3317 2448 in
3348 2393 3463 2463 ipsa
3516 2402 3788 2448 terrarum

2193 2484 2338 2538 orbis
2360 2485 2570 2538 victima
2601 2493 2682 2540 cst
2716 2484 2890 2539 oblata
2915 2501 2928 2537 :
2953 2485 3006 2540 in
3031 2485 3144 2555 ipsa
3170 2483 3441 2555 dissipatae
3485 2492 3610 2538 sunt
3634 2491 3794 2538 teno-

2195 2573 2324 2638 brm,
2355 2575 2407 2628 in
2435 2574 2545 2645 ipsa
2573 2575 2663 2629 lux
2689 2576 2885 2631 alfulsit
2913 2591 3035 2631 cum
3064 2577 3354 2644 sensibilis,
3388 2584 3500 2631 tum
3529 2574 3790 2645 spiritua-

2195 2663 2278 2717 lis.
2304 2663 2449 2717 Circa
2473 2665 2650 2718 horam
2673 2681 2877 2720 nonam.
2901 2665 3125 2732 Quando
3141 2665 3320 2721 caeteri
3349 2674 3469 2736 post
3495 2663 3782 2735 prandium

2193 2762 2247 2819 ct
2288 2755 2598 2810 ebrietatem
2643 2757 2751 2810 alto
2790 2757 2952 2827 sopiti
2991 2772 3182 2812 somno
3227 2756 3535 2823 dormiunt,
3567 2764 3677 2812 tum
3705 2754 3788 2810 illi

2191 2846 2356 2899 sobrii
2398 2855 2555 2916 atque
2589 2846 2886 2917 vigilantes,
2909 2863 2971 2902 ac
3000 2847 3170 2903 multo
3197 2862 3380 2902 amore
3404 2846 3644 2902 succensi
3669 2888 3684 2911 ,
3712 2845 3801 2901 ad‘

2190 2939 2483 2994 orationem
2535 2940 2906 3011 properabant.
2937 2939 3087 3008 Quod
3131 2941 3175 2995 si
3218 2943 3457 2995 oratione
3509 2939 3585 2993 illi
3637 2938 3785 2993 indi-

2188 3031 2384 3102 gebant
2410 3073 2428 3100 ,
2456 3033 2698 3088 oratione
2724 3042 2830 3088 tam
2877 3033 3121 3100 assidua,
3145 3043 3251 3088 tam
3288 3032 3614 3102 exacta,qui
3659 3043 3785 3086 tan-

2193 3130 2298 3176 tam
2327 3121 2567 3177 ﬁduciam
2596 3123 2882 3192 habebant,
2907 3125 2994 3194 qui
3017 3125 3214 3179 nullius
3239 3123 3338 3179 sibi
3363 3123 3602 3180 criminis
3626 3134 3785 3179 erant

2191 3213 2389 3267 conscii
2410 3253 2426 3280 ,
2458 3213 2582 3283 quid
2613 3228 2712 3268 nos
2741 3213 3031 3282 faciemus,
3063 3215 3153 3286 qui
3184 3214 3488 3269 vulneribus
3513 3221 3783 3268 scatemus

2194 3301 2487 3359 innumeris
2510 3344 2526 3370 ,
2554 3319 2654 3359 nec
2678 3305 2781 3360 illis
2805 3306 3062 3360 orationis
3105 3306 3398 3361 remedium
3428 3306 3782 3361 adhibemus?

2193 3393 2382 3464 Ingens
2424 3393 2586 3449 telum
2635 3404 2718 3449 est
2754 3395 2944 3450 oratio.
2979 3395 3072 3450 Vis
3113 3411 3271 3452 nosse
3294 3411 3452 3465 qnam
3497 3396 3683 3466 ingens
3709 3396 3781 3451 sit

2192 3486 2357 3541 telum
2382 3485 2586 3540 oratio?
2609 3485 2804 3541 Curam
2836 3501 3127 3558 pauperum
3161 3487 3475 3542 omittebant
3514 3486 3738 3557 apostoli
3759 3529 3779 3554 ,

2192 3586 2249 3632 nt
2291 3578 2411 3648 plus
2455 3577 2558 3632 illis
2601 3578 2696 3632 otii
2739 3577 2804 3633 ad
2834 3578 3127 3634 vacandum
3178 3579 3410 3633 orationi
3448 3587 3778 3649 suppeteret.

2189 3670 2486 3726 Constituite
2511 3688 2741 3742 namque.
2764 3671 2951 3741 inquit,
2968 3687 3031 3725 ex
3058 3670 3194 3726 vobis
3214 3672 3344 3725 viros
3369 3671 3487 3725 boni
3511 3671 3779 3724 testimonii

2187 3772 2374 3830 septem
2402 3778 2422 3816 :
2447 3779 2536 3815 nos
2563 3779 2676 3816 vero
2713 3763 2930 3816 orationi
2968 3773 3015 3817 et
3057 3762 3333 3817 ministerio
3368 3761 3500 3817 verbi
3535 3762 3778 3818 instantes

2188 3853 2374 3908 erimus
2396 3850 2530 3924 (Act.
2555 3851 2606 3908 6.
2633 3851 2712 3922 5).

2259 3943 2314 3999 5.
2343 3943 2450 4000 Sed
2478 3942 2621 4014 quod
2649 3942 2889 3998 dicebam
2930 3943 3056 4016 (non
3084 3943 3226 3998 enim
3259 3942 3662 4014 digredientium
3689 3952 3775 3998 est

2188 4037 2256 4092 ab
2279 4031 2592 4106 argumento
2617 4036 2879 4090 sermonis
2903 4076 2917 4098 ,
2945 4043 3001 4088 ut
3020 4044 3261 4102 constet,
3291 4035 3505 4090 Petrum
3525 4044 3575 4089 et
3601 4035 3773 4090 actio-

2188 4140 2308 4180 nem
2326 4124 2651 4189 exhibuisse,
2673 4133 2727 4179 et
2747 4125 3058 4179 miraculum
3077 4124 3327 4190 edidisse,
3351 4133 3404 4180 ct
3418 4125 3487 4179 ob
3506 4125 3774 4180 actionem

2187 4216 2362 4286 potius
2388 4230 2508 4270 esse
2537 4212 2867 4286 laudatum),
2898 4215 3138 4271 ascendit
3158 4230 3286 4287 ergo
3316 4215 3367 4269 in
3397 4214 3683 4285 templum,
3716 4224 3772 4270 ut

2187 4317 2403 4363 oraret:
2431 4317 2486 4363 et
2523 4323 2649 4364 ecce
2683 4307 2904 4363 claudus
2929 4323 2993 4363 ex
3023 4316 3178 4363 utero
3216 4308 3402 4362 matris
3425 4324 3536 4362 sna:
3567 4305 3772 4376 bajula-

2188 4399 2342 4453 batur
2370 4399 2475 4454 illic
2501 4398 2566 4453 ad
2599 4408 2801 4470 portam
2831 4399 3013 4468 templi
3047 4397 3182 4468 (Act.
3211 4398 3265 4452 5.
3296 4397 3378 4468 2).
3405 4398 3489 4452 Ab
3518 4398 3633 4466 ipso
3661 4413 3772 4450 ma-

2188 4491 2283 4545 tris
2325 4498 2476 4547 utero
2518 4500 2702 4545 natura
2745 4490 2983 4545 mutilata
3023 4499 3252 4557 crat,et
3275 4500 3446 4545 artem
3493 4490 3768 4546 medicina}

2184 4582 2430 4639 vincebat
2453 4583 2733 4653 aegritudo,
2756 4592 2814 4637 ut
2840 4584 2931 4637 Dei
2959 4583 3127 4653 gratia
3158 4585 3324 4654 magis
3347 4592 3648 4653 appareret.
3675 4581 3768 4639 Hic

2183 4693 2312 4748 ergo
2335 4677 2557 4732 claudus
2582 4677 2647 4731 ad
2681 4686 2888 4746 portam
2915 4676 3093 4745 templi
3115 4675 3347 4746 jacebat,
3375 4685 3574 4732 etcum
3604 4675 3768 4731 intro-

2182 4777 2370 4824 euntes
2415 4768 2534 4824 illos
2579 4768 2835 4834 vidisset,
2886 4766 3196 4822 intendebat
3244 4768 3296 4822 in
3343 4783 3470 4835 cos,
3522 4781 3767 4838 quaerens

2181 4859 2578 4930 eleemosynam
2616 4859 2684 4912 ab
2727 4859 2856 4928 ipsis
2891 4857 3153 4927 accipere.
3185 4857 3322 4926 Quid
3350 4858 3508 4928 igitur
3536 4857 3765 4913 Petrus?

2183 4950 2392 5018 Respice
2411 4953 2461 5004 in
2487 4967 2577 5004 nos
2601 4949 2738 5021 (Act.
2762 4951 2816 5005 5.
2833 4948 2910 5019 4),
2940 4949 3126 5018 inquit.
3153 4949 3231 5004 Ex
3252 4960 3468 5018 aspectu
3493 4951 3611 5005 solo
3637 4964 3767 5004 con-

2181 5049 2326 5096 stare
2372 5050 2546 5110 potest
2573 5056 2729 5112 qnam
2760 5055 2962 5111 pauper
2985 5041 3054 5095 sit
3083 5057 3095 5094 :
3125 5056 3231 5096 non
3260 5040 3438 5095 verbis
3467 5055 3603 5110 opus
3647 5050 3727 5094 est
3751 5081 3767 5107 ,

2184 5149 2289 5187 non
2319 5132 2797 5198 demonstratione,
2825 5148 2926 5188 nec
2953 5134 3318 5202 responsione,
3353 5148 3453 5188 nec
3480 5133 3720 5189 doctrina
3751 5149 3764 5185 :

2183 5225 2408 5278 vestitus
2439 5224 2552 5292 ipse
2591 5223 2683 5278 tibi
2722 5239 3008 5294 pauperem
3045 5223 3260 5278 indicat.
3292 5224 3404 5278 Hoc
3443 5239 3572 5294 ergo
3601 5233 3762 5280 totum

2181 5331 2315 5386 Opus
2342 5327 2389 5370 et
2425 5325 2569 5370 recte
2610 5315 2802 5370 factum
2831 5325 2913 5371 est
2939 5317 3261 5385 apostolatus
3282 5358 3295 5381 ,
3327 5327 3384 5369 ut
3415 5318 3529 5371 haec
3549 5316 3614 5370 ad
3642 5332 3765 5387 pau-

2183 5424 2361 5479 perem
2393 5407 2559 5473 dicas,
2589 5418 2645 5464 ut
2673 5408 2964 5463 remedium
2996 5423 3098 5461 non
3132 5417 3330 5461 tantum
3358 5407 3612 5463 adhibeas
3641 5422 3763 5477 ege-

2181 5499 2334 5562 stati,
2359 5509 2416 5552 ut
2457 5497 2637 5567 dicas,
2671 5498 2898 5568 Maiores
2936 5497 3147 5553 divitias
3195 5498 3416 5554 videbis.
3448 5500 3724 5570 Argentum
3745 5539 3760 5561 ,

2181 5592 2388 5661 inquit,
2416 5601 2464 5646 et
2506 5609 2685 5645 aurum
2717 5609 2818 5645 non
2860 5591 3015 5644 habeo
3036 5593 3212 5662 :quod
3244 5604 3414 5648 autem
3459 5594 3649 5659 habeo,
3674 5594 3761 5646 hoc

2182 5683 2269 5734 tibi
2295 5681 2361 5735 do
2391 5696 2410 5735 :
2440 5682 2492 5734 in
2523 5682 2722 5736 nomine
2747 5679 2777 5733 J
2787 5698 2871 5735 esu
2897 5679 3087 5736 Christi
3113 5699 3282 5753 surge,
3311 5695 3360 5737 et
3387 5685 3594 5738 ambula
3625 5683 3756 5754 (Act.

2179 5775 2238 5830 5.
2258 5773 2334 5845 6).
2365 5773 2524 5828 Vides
2550 5782 2838 5843 egestatem
2867 5782 2922 5826 et
2946 5773 3188 5828 divitias?
3215 5785 3508 5845 egestatem
3549 5775 3758 5846 quidem

2182 5863 2528 5935 pecuniarum
2550 5902 2566 5930 ,
2595 5861 2690 5919 sed
2721 5859 2930 5916 divitias
2956 5856 3334 5939 charismatum
3373 5875 3434 5916 ac
3472 5861 3754 5921 donorum.
