4066 6274
487 345 558 404 85
1197 348 1257 402 S.
1294 345 1578 402 JOANMS
1611 342 2098 398 CHRYSUSTOMI
2143 343 2463 398 ARCHIEP.
2506 345 3050 403 CONSTANTINOP.

486 476 619 526 των,
653 457 880 514 πλοῦτον
899 455 955 509 δὲ
987 453 1358 527 χαρισμάτων.
1384 451 1497 505 Οὐκ
1521 450 1678 505 ἔλυσε
1703 451 1894 506 πενίαν
1924 469 2058 524 χρη-

491 544 697 616 μάτων,
721 541 856 597 me:
882 539 1156 610 διώρθωσε
1187 538 1377 590 πενίαν
1404 535 1637 605 φύσεως.

563 629 702 698 Ὅρα
728 625 826 697 τὴν
870 624 1167 677 ἐπιείκειαν
1201 621 1408 692 Πέτρου
1429 635 1444 651 ⁸
1485 620 1730 689 Βλέψον
1762 623 1851 686 είς
1881 617 2061 688 ἡμᾶς.

490 712 602 782 οὐχ
633 709 875 781 ὕϐρισεν,
899 708 1000 760 οὐκ
1031 705 1428 776 ἐλοιδορήσατο,
1460 703 1489 755 ὃ
1516 703 1776 767 πολλάκις
1804 700 2064 782 ποιοῦμεν

490 780 653 860 ήμεῖς
708 780 856 860 πρὸς
921 787 1050 849 τούς
1117 783 1545 855 ἐντυγχάνοντας
1623 783 1776 853 ἡμῖν,
1836 780 2065 844 εὐθύνας

490 871 850 941 ἐγκαλοῦντες
925 870 1149 934 αὐτοῖς,
1219 868 1303 922 δτι
1388 867 1728 922 καθεύδουσι.
1796 866 1888 938 Μὴ
1955 865 2066 937 γὰρ

491 955 648 1008 τοῦτο
722 953 1019 1023 ἐπετάγης,
1078 951 1367 1021 ἀνθρωπες
1427 952 1542 1006 υύκ
1642 947 1890 1002 ἐκέλευσέ
1983 966 2066 1002 σοι

491 1039 692 1110 ἀργίαν
747 1037 1036 1107 ἐγκαλεῖν,
1094 1034 1231 1090 ἀλλά
1291 1034 1482 1089 πενίαν
1527 1033 1906 1106 διορθοῦσθαι·
1967 1032 2069 1087 οὐκ

492 1121 718 1192 ἐποίησέ
764 1137 825 1173 σε
875 1120 1182 1190 κατήγορον
1230 1119 1448 1183 κακίας,
1499 1117 1634 1172 ἀλλά
1692 1117 1874 1188 ίατρὸν
1935 1133 2068 1170 κατ-

491 1201 688 1271 έστησε
706 1201 1009 1270 συμφοράς·
1035 1197 1134 1269 οὐχ
1162 1197 1252 1252 ἵνα
1277 1197 1540 1271 όνειδίζῃς
1561 1197 1812 1261 νωθείαν,
1841 1196 1955 1250 ἀλλ’
1981 1197 2069 1250 ἵνα

492 1283 649 1352 χεῖρα
669 1279 870 1350 όρέγῃς
896 1280 1009 1341 τοῖς
1030 1277 1303 1349 κειμένοις
1318 1293 1334 1309 ·
1357 1277 1457 1348 οὐχ
1483 1278 1572 1331 ἵνα
1586 1277 1820 1348 κακίζῃς
1843 1277 2066 1347 τρόπον,

491 1363 607 1418 ἀλλ’
638 1365 724 1418 ἵνα
763 1361 931 1436 λύσῃς
978 1361 1160 1432 λιμόν.
1200 1361 1390 1432 Ἡμεῖς
1427 1362 1484 1415 δὲ
1523 1361 1837 1415 τούναντίον
1879 1359 2068 1413 ποιοῦ-

497 1465 628 1519 μεν·
657 1447 886 1515 ἀφέντες
925 1444 1431 1516 παραμυθήσασθαι
1466 1445 1596 1507 τοὺς
1644 1444 1969 1516 προσιόντας
1999 1445 2065 1514 τῇ

491 1531 636 1584 δόσει
662 1529 770 1582 τῶν
798 1529 1116 1599 χρημάτων.
1145 1527 1242 1580 καὶ
1272 1527 1765 1599 προσεπιτρίϐομεν
1801 1525 1980 1580 αὐτῶν
2000 1525 2072 1579 τά

495 1613 790 1684 τραύματα
826 1614 948 1673 ταῖς
988 1609 1096 1662 τῶν
1127 1609 1490 1679 ἐγκλημάτων
1528 1611 1865 1678 ἐπαγωγαῖς.
1910 1609 2072 1664 Ἀλλὰ

496 1694 593 1747 καὶ
621 1693 971 1761 ἀπολογεῖται
995 1690 1071 1762 τῷ
1101 1691 1318 1762 πένητι,
1337 1691 1433 1744 καὶ
1471 1693 1590 1762 μετ’
1621 1692 1922 1756 ἐπιεικείας
1954 1692 2071 1745 δια-

495 1777 744 1845 λέγεται·
773 1776 999 1830 Κλῖνον
1016 1773 1145 1846 γὰρ,
1173 1775 1326 1846 φησὶ,
1355 1773 1568 1844 πτωχῷ
1594 1776 1841 1842 ἀλύπως
1870 1777 1933 1830 τὸ
1962 1771 2072 1842 ὤς

493 1877 632 1924 σου,
663 1860 760 1914 καί
795 1858 1144 1927 ἀποκρίθητι
1178 1856 1338 1923 αὐτῷ
1374 1859 1445 1912 ἐν
1465 1859 1748 1926 πραότητι
1777 1860 2066 1928 εἰρηνικά.

508 1945 804 2014 Ἀργύριον
839 1943 937 1997 καὶ
968 1943 1227 2012 χρυσίον
1256 1944 1368 1997 οὐκ
1399 1944 1538 2012 ἐχω·
1569 1943 1600 1997 δ
1633 1942 1701 1996 δὲ
1725 1945 1871 2012 ἔχω,
1897 1944 2072 1998 τοῦτό

495 2044 594 2080 σοι
627 2027 863 2094 δίδωμι·
890 2025 961 2078 ἐν
998 2023 1080 2090 τῷ
1108 2026 1352 2094 ὀνόματι
1384 2024 1579 2093 Ἰησοῦ
1625 2027 1884 2095 Χριστοῦ
1922 2026 2071 2097 ἐγει-

485 2127 613 2178 ραι,
642 2109 738 2161 καὶ
770 2107 1096 2175 περιπάτει.
1126 2107 1233 2160 Δύο
1264 2107 1501 2163 ἐνταῦθά
1535 2110 1670 2175 ἐστι,
1696 2108 1939 2163 πολιτεία
1975 2107 2070 2162 καὶ

494 2190 699 2262 θαῦμα.
754 2190 1026 2254 Πολιτεία,
1061 2190 1143 2250 τὸ,
1187 2190 1484 2259 Ἀργύριον
1522 2192 1623 2245 καὶ
1668 2191 1927 2260 χρυσίον
1957 2193 2070 2260 οὐχ

489 2272 748 2343 ὑπάρχει
792 2291 931 2342 μοι·
979 2273 1256 2337 πολιτείας
1308 2274 1418 2345 γὰρ
1452 2273 1513 2327 τὸ
1549 2277 1916 2348 καταφρονεῖν
1960 2273 2070 2327 τῶν

490 2359 695 2428 γηΐνων
721 2356 1081 2429 πραγμάτων,
1102 2356 1161 2409 τὸ
1180 2355 1331 2427 ῥῖψαι
1360 2357 1428 2410 τὰ
1447 2357 1782 2428 ὑπάρχοντα,
1817 2359 1877 2411 τὸ
1906 2359 2073 2429 ὑπερ-

491 2440 620 2494 ιδεῖν
649 2439 750 2509 τῆς
779 2439 1064 2511 παρούσης
1105 2439 1497 2511 ματαιότητος·
1533 2439 1719 2510 θαῦμα
1757 2439 1815 2494 δέ
1857 2439 1920 2492 τὸ
1954 2438 2070 2512 [69]

491 2524 701 2592 ἐγεῖραι
729 2521 820 2575 τὸν
840 2521 1034 2591 χωλὸν,
1062 2521 1124 2575 τὸ
1149 2521 1440 2591 διορθῶσαι
1465 2522 1534 2576 τά
1558 2522 1694 2592 μέλη
1717 2523 1785 2575 τὰ
1809 2538 2077 2596 πεπηρω-

495 2605 652 2674 μένα.
701 2603 828 2657 ’1δού
859 2603 1036 2657 τοίνυν
1066 2603 1159 2656 καὶ
1198 2602 1440 2656 πολιτεία
1479 2604 1573 2656 καὶ
1604 2603 1810 2675 θαῦμα.
1844 2605 2073 2676 Ἰδωμεν

487 2683 585 2740 οὖν
614 2685 776 2740 πόθεν
798 2686 826 2738 ό
850 2684 1057 2756 Πέτρος
1089 2686 1380 2756 καυχᾶται.
1403 2687 1468 2739 Τί
1499 2682 1685 2752 εἶπενς
1717 2688 1838 2740 Ὅτι
1861 2687 2073 2760 θαύμα-

490 2786 560 2822 τα
610 2769 864 2840 ἐποίησε;
908 2767 1083 2822 καίτοι
1127 2768 1384 2840 θαύματα
1425 2764 1492 2840 ἦν
1537 2769 1856 2841 πεποιηκὼς
1913 2771 2069 2824 τότε·

491 2853 606 2908 ἀλλ’
638 2851 740 2906 οὐκ
793 2849 914 2906 εἷπε
958 2851 1117 2905 τοῦτο
1137 2869 1150 2884 ·
1197 2851 1334 2907 ἀλλά
1362 2852 1452 2918 τί;
1503 2853 1633 2907 Ἰδοὺ
1668 2853 1830 2924 ἡμεῖς
1854 2855 2073 2927 ἀφήκα-

493 2953 595 3007 μεν
621 2935 819 3000 πάντα,
863 2935 957 2988 καὶ
999 2935 1447 3007 ἠκολουθήσαμέν
1476 2953 1579 2992 σοι.
1604 2931 1758 3000 Εἶδες
1784 2935 1885 3004 τὴν
1917 2937 2072 2992 πολι-

490 3019 642 3072 τείαν
678 3017 774 3073 καὶ
805 3018 866 3070 τὸ
892 3017 1098 3088 θαῦμα,
1131 3019 1222 3072 καὶ
1259 3020 1357 3091 τὴν
1399 3019 1675 3074 πολιτείαν
1701 3021 2070 3092 στεφανουμέ-

489 3119 622 3172 νηνς
657 3102 721 3153 Τί
750 3097 843 3154 οὖν
871 3102 899 3153 ὁ
932 3101 1200 3173 Χριστόςς
1233 3101 1433 3155 Τοῦτον
1473 3102 1775 3167 ἀπεδέξατο
1811 3103 1904 3158 καὶ
1968 3105 2068 3156 ἔπ-

494 3181 677 3253 ῄνεσε.
708 3182 871 3252 Λέγω
893 3181 1001 3252 γάρ
1028 3183 1189 3252 ὑμῖν,
1215 3183 1399 3254 φησὶν,
1420 3183 1509 3238 ὅτι
1534 3186 1701 3255 ὑμεῖς
1729 3188 1783 3240 οὶ
1816 3186 2071 3255 ἀφέντες

491 3275 706 3340 οἰκίας,
735 3275 830 3327 καὶ
876 3273 946 3326 τά
977 3273 1159 3328 λοιπά.
1208 3276 1321 3328 Οὐκ
1363 3271 1538 3340 εἶπεν,
1586 3279 1647 3330 OE
1669 3278 2070 3350 ἀναστήσαντες

489 3366 741 3435 νεκροὺς,
784 3364 900 3418 ἀλλ’
941 3364 1128 3434 Ὑμεῖς
1178 3368 1233 3420 οἱ
1281 3365 1534 3436 ἀφέντες
1591 3369 1665 3422 τὰ
1721 3369 2068 3439 ὑπάρχοντα

493 3461 678 3530 ὑμῶν,
710 3460 1053 3528 καθήσεσθε
1077 3459 1174 3514 ἐπὶ
1205 3459 1437 3514 δώδεκα
1484 3461 1763 3528 θρόνους·
1813 3463 1908 3516 καὶ
1959 3465 2067 3527 πᾶς

490 3555 638 3618 ὅστις
662 3553 840 3625 ἀφῆκε
869 3553 937 3606 τὰ
960 3553 1273 3627 ὑπάρχοντα
1299 3553 1450 3624 αὐτῷ
1471 3553 1670 3616 πάντα,
1705 3554 1910 3626 ταύτης
1930 3556 2066 3609 ἀπο-

487 3644 744 3698 λαύσεται
779 3645 880 3714 τῆς
921 3645 1106 3715 τιμῆς.
1143 3644 1218 3697 Οὐ
1262 3643 1491 3698 δύνασαι
1531 3645 1838 3716 ἀναστῆσαι
1866 3646 2062 3716 χωλὸν,

487 3736 739 3807 καθάπερ
759 3737 788 3788 ό
810 3736 1014 3806 Πέτρος
1033 3751 1048 3800 ;
1090 3734 1251 3789 Ἀλλά
1270 3734 1496 3790 δύνασαι
1519 3737 1712 3802 εἰπεῖν,
1737 3735 1812 3799 ὡς
1835 3738 2063 3800 ἐκεῖνος·

499 3827 796 3898 Ἀργύριον
856 3827 955 3882 καί
1011 3829 1272 3898 χρυσίον
1322 3831 1436 3898 οὐχ
1493 3827 1746 3899 ὑπάρχει
1788 3845 1909 3898 μοι.
1942 3829 2063 3884 Κᾶν

484 3917 643 3971 τοῦτο
692 3918 873 3991 εἴπῃς,
916 3918 1083 3987 ἐγγὺς
1131 3919 1316 3988 ἐγένου
1367 3918 1461 3973 τοῦ
1502 3921 1738 3991 Πέτρου·
1774 3919 1975 3990 μᾶλλον
2002 3920 2061 3974 δὲ

481 4009 606 4064 οὐδὲ
655 4008 722 4064 ἂν
743 4010 925 4081 εἴπῃς.
954 4011 1068 4064 ἀλλ’
1098 4009 1192 4063 ἐὰν
1239 4012 1492 4082 ποιήσῃς.
1522 4012 1596 4064 Οὐ
1636 4009 1859 4064 δύνασαι
1889 4011 2060 4082 ξηρὰν

483 4099 774 4172 διορθῶσαι
816 4105 1001 4170 χεῖρας
1047 4100 1207 4153 Ἀλλά
1245 4101 1470 4153 δύνασαι
1507 4098 1605 4170 τὴν
1640 4100 1869 4153 σεαυτοῦ
1903 4104 2062 4172 χεῖρα

486 4191 656 4261 ξηρὰν
682 4191 976 4260 γινομένην
1009 4189 1113 4242 ὐπὸ
1142 4189 1540 4260 ἀπανθρωπίας
1571 4190 1794 4260 ποιῆσαι
1828 4190 2060 4262 ἐκταθῆ-

484 4296 572 4332 ναι
595 4278 684 4332 διά
711 4277 1141 4348 φιλανθρωπίας.
1167 4278 1263 4346 Μὴ
1297 4277 1452 4332 ἔστω
1480 4279 1609 4351 γὰρ,
1641 4279 1826 4352 φησὶν,
1855 4281 1894 4348 ἠ
1930 4283 2059 4350 χείρ

482 4387 600 4427 σου
632 4371 990 4440 ἐκτεταμένη
1028 4373 1116 4438 εὶς
1147 4371 1213 4425 τὸ
1248 4371 1477 4436 λαϐεῖν,
1505 4373 1575 4427 ἐν
1598 4373 1667 4427 δὲ
1713 4373 1794 4440 τῷ
1829 4375 2059 4430 διδόναι

482 4461 967 4532 συνεσταλμένη.
1005 4461 1168 4534 Ὁρᾷς
1193 4463 1276 4516 ὅτι
1309 4463 1406 4534 οὐχ
1436 4465 1468 4534 ή
1502 4464 1756 4536 ξηρότης,
1787 4466 1922 4522 ἀλλὰ
1965 4469 2058 4522 καὶ

482 4554 847 4626 άπανθρωπία
874 4554 1152 4608 συστέλλει
1179 4555 1278 4626 τὴν
1300 4557 1491 4627 χεῖρας
1531 4556 1810 4610 Ἔκτεινον
1839 4554 1932 4611 οὖν
1958 4558 2057 4611 αὐ-

481 4651 578 4719 τὴν
599 4648 689 4701 διὰ
719 4647 1130 4719 φιλανθρωπίας
1177 4647 1272 4701 καὶ
1297 4647 1687 4717 ὲλεημοσύνης.
1719 4649 1794 4701 Οὐ
1826 4648 2056 4702 δύνασαι

481 4741 730 4796 ἐκϐαλεῖν
776 4739 1040 4811 δαίμονας
1075 4740 1214 4793 Ἀλλ’
1243 4739 1442 4794 ἔκϐαλε
1482 4741 1774 4811 ἁμαρτίαν,
1810 4742 1902 4797 καὶ
1937 4744 2056 4813 μεί-

480 4834 609 4898 ζονα
641 4832 789 4905 λήψῃ
824 4831 1034 4903 μισθόν.
1072 4827 1226 4896 Εἶδες
1269 4833 1386 4898 πῶς
1441 4833 1775 4904 πανταχοῦή
1809 4834 2055 4889 πολιτεία

479 4927 572 4979 καὶ
610 4924 678 4978 τά
703 4924 1102 4995 κατορθώματα
1137 4923 1360 4994 μείζονα
1387 4923 1609 4977 ἔπαινον
1641 4922 1754 4995 ἔχει
1781 4925 1890 4978 τῶν
1925 4925 2055 4980 θαυ-

482 5016 688 5086 μάτων,
736 5017 829 5069 καὶ
875 5015 1097 5069 πλείονα
1123 5015 1226 5084 τὴν
1254 5016 1519 5087 ἀμοιϐήν;
1551 5017 1613 5070 Εἰ
1645 5017 1701 5070 δὲ
1730 5016 1928 5088 βούλει,
1960 5020 2054 5072 καὶ

477 5107 744 5178 ἑτέρωθεν
771 5106 930 5160 τοῦτο
978 5105 1241 5177 δείξομεν.
1274 5105 1634 5175 Προσῆλθον
1661 5107 1839 5174 αὐτῷ,
1867 5111 2050 5179 φησὶν,

473 5202 528 5252 οἱ
548 5195 953 5265 ἐϐδομήκοντα
965 5195 1240 5265 μαθηταὶ,
1271 5196 1368 5250 καὶ
1389 5196 1651 5266 ἔχαιρον,
1686 5197 1786 5252 καὶ
1809 5198 2048 5268 ἔλεγον·

474 5290 670 5358 Κύριε,
711 5288 781 5342 ἐν
814 5285 894 5354 τῷ
919 5288 1166 5355 ὀνόματί
1205 5302 1322 5340 σου
1364 5288 1462 5340 καὶ
1493 5289 1565 5341 τὰ
1596 5289 1870 5358 δαιμόνια
1906 5290 2051 5358 ἡμῖν

472 5380 874 5435 ὑπακούουσι.
922 5379 1032 5434 Καὶ
1060 5377 1224 5447 λέγει
1267 5377 1503 5443 αὐτοῖς·
1546 5377 1642 5447 Μὴ
1677 5381 1930 5449 χαίρετε,
1961 5380 2050 5434 ὅτι

473 5471 545 5526 τὰ
573 5472 848 5542 δαιμόνια
882 5469 1026 5541 ὑμῖν
1047 5470 1358 5534 ὑπακούει,
1387 5469 1548 5526 ἀλλὰ
1571 5473 1824 5542 χαίρετε,
1857 5471 1945 5526 ὅτι
1977 5471 2051 5527 τὰ

471 5563 734 5632 ὀνόματα
762 5562 928 5634 ὑμῶν
956 5564 1274 5634 γέγραπται
1299 5563 1369 5618 ἐν
1400 5562 1522 5630 τοῖς
1545 5563 1840 5631 οὐρανοῖς.
1887 5563 2048 5635 Ὁρᾷς

472 5653 748 5723 πανταχοῦ
776 5653 875 5726 τήν
899 5654 1172 5710 πολιτείαν
1201 5655 1649 5728 θαυμαζομένηνς

543 5745 758 5816 (adipe
778 5742 1342 5820 οὗν,ἀναλογισὼμεθα
1353 5749 1421 5802 τά
1433 5749 1695 5820 εἰρημένα
1710 5748 1930 5804 ἄνωθεν·
1953 5749 2045 5804 Ἐν

2164 451 2351 517 τούτῳ
2378 450 2708 520 γνώσονται
2731 449 2972 518 πάντες,
3006 451 3094 504 ὅτι
3123 451 3248 520 ἐμοὶ
3275 454 3535 520 μαθηταί
3577 456 3778 517 ἐστε.

2161 541 2269 596 ἐὰν
2294 541 2560 612 ἀγαπᾶτε
2594 542 2927 610 ἀλλήλους.
2975 542 3105 596 ’1δού
3149 543 3257 597 ἀπὸ
3310 545 3608 610 πολιτείας,
3639 551 3771 603 οὐκ

2163 633 2272 688 ἀπὸ
2302 633 2595 705 θαυμάτων
2623 634 2684 688 τὸ
2712 635 3000 708 γνώρισμα
3031 635 3128 688 τοῦ
3163 634 3410 708 μαθητὰς
3437 633 3575 692 εἶναι
3601 638 3768 694 ἀπο-

2163 725 2451 780 δέδεικται.
2491 725 2696 795 Πέτρε,
2742 726 2938 796 φιλεῖς
2975 745 3047 795 με
3088 727 3279 781 πλέον
3319 730 3581 800 τούτων;
3611 733 3776 785 ποι-

2161 830 2339 885 μαινε
2360 815 2434 869 τὰ
2460 815 2722 884 πρόϐατά
2739 833 2879 885 μου.
2924 816 3055 870 Ἰδοὺ
3087 819 3180 870 καὶ
3213 818 3397 890 ἔτερον
3433 821 3767 892 γνώρισμα..

2167 907 2261 962 καὶ
2295 907 2426 961 αὐτὸ
2465 906 2625 960 πάλιν
2649 909 2756 961 ἀπὸ
2781 907 3075 971 πολιτείας.
3118 907 3312 979 Τρίτον
3356 909 3517 964 πάλιν
3553 911 3772 984 γνώρι-

2170 1011 2304 1067 σμα·
2333 995 2431 1064 Μὴ
2461 995 2714 1065 χαίρετε,
2742 995 2831 1050 ὅτι
2870 996 2942 1051 τὰ
2981 997 3254 1066 δαιμόνια
3271 997 3414 1068 ὑμῖν
3432 1001 3762 1066 ὑπακούει,

2167 1083 2328 1140 ἀλλὰ
2356 1085 2604 1155 χαίρετε,
2633 1085 2722 1140 ὅτι
2755 1086 2828 1140 τὰ
2854 1087 3111 1157 ὀνόματα
3137 1087 3305 1158 ὑμῶν
3339 1088 3653 1162 γέγραπται
3679 1093 3768 1148 ἐν

2168 1175 2292 1241 τοῖς
2317 1176 2614 1243 οὐρανοῖς.
2648 1177 2760 1230 Καὶ
2784 1177 2943 1232 τοῦτο
2965 1177 3240 1243 πολιτείας
3264 1180 3425 1235 πάλιν
3461 1183 3763 1255 κατόρθω-

2173 1285 2270 1340 μα.
2297 1268 2487 1322 Βούλει
2509 1269 2602 1322 καὶ
2635 1269 2909 1342 τετάρτην
2962 1270 3236 1336 ἀπόδειξιν
3270 1271 3463 1327 τούτου
3513 1275 3713 1344 μαθεῖν
3737 1293 3764 1341 ;

2171 1359 2490 1430 Λαμψὰτω,
2517 1359 2671 1432 φησι,
2699 1361 2766 1413 τὸ
2795 1359 2922 1430 φῶς
2946 1361 3114 1430 ὑμῶν
3145 1361 3484 1432 ἔμπροσθεν
3501 1363 3620 1419 τῶν
3637 1365 3766 1420 ἀν·-

2169 1451 2433 1521 θρώπων,
2470 1452 2571 1505 ἵνα
2597 1451 2769 1507 ῖδωσι
2791 1452 2865 1506 τὰ
2891 1453 3050 1507 καλὰ
3067 1453 3236 1522 ὑμῶν
3253 1454 3420 1524 ἔργα,
3451 1455 3550 1510 καὶ
3570 1455 3765 1520 δοξά-

2169 1559 2324 1598 σωσι
2346 1545 2455 1598 τὸν
2467 1542 2699 1612 Πατέρα
2725 1543 2892 1614 ὑμῶν
2912 1545 3021 1598 τὸν
3038 1545 3108 1599 ἐν
3131 1546 3259 1612 τοῖς
3277 1548 3573 1616 οὐρανοῖς.
3599 1549 3762 1604 ’Ίδοίι

2171 1634 2264 1687 καὶ
2280 1633 2514 1688 ἐνταῦθα
2530 1633 2663 1706 ἔργα
2690 1636 2960 1704 φαίνεται.
2982 1638 3092 1691 Καὶ
3115 1638 3244 1691 ὅταν
3263 1638 3396 1711 λέγῃ
3409 1639 3571 1694 πάλιν
3589 1641 3762 1697 ’Ὄσ-

2168 1741 2260 1791 τις
2280 1725 2520 1796 ἀφῆκεν
2547 1727 2763 1791 οὶκίαν,
2785 1727 2825 1796 ἣ
2856 1728 3177 1798 ἀδελφοὺς,
3197 1728 3237 1798 ἢ
3259 1729 3524 1801 ἀδελφὰς
3542 1732 3765 1788 ἕνεκεν·

2184 1817 2350 1887 ἐμοῦ,
2379 1819 2980 1874 ἑκατονταπλασίονα
3001 1819 3281 1889 λήψεται,
3315 1821 3411 1875 καί
3443 1821 3598 1892 ζωὴν
3614 1823 3762 1878 ald)-

2169 1925 2305 1963 νιον
2331 1911 2802 1980 κληρονομήσει,
2830 1911 2929 1982 τὴν
2960 1912 3235 1968 πολιτείαν
3276 1915 3509 1980 ἐπαινεῖ,
3542 1917 3761 1972 καὶτὸν

2169 1999 2600 2072 διηκριϐωμένον
2655 2001 2789 2072 βίον.
2824 1999 2982 2068 Εῐδες
3012 2004 3142 2067 τοὺς
3189 2005 3438 2077 μαθητὰς
3493 2007 3603 2060 ἀπὸ
3653 2005 3760 2062 τοῦ

2173 2091 2345 2162 φιλεῖν
2375 2091 2634 2163 ἀλλήλους
2694 2093 3153 2165 γνωριζομένους,
3193 2096 3285 2150 τὸν
3322 2096 3380 2150 δὲ
3434 2096 3574 2169 ὑπὲρ
3621 2100 3766 2164 τούς

2170 2183 2501 2249 ἀποστόλους
2528 2185 2784 2256 φιλοῦντα
2805 2186 2896 2240 τὸν
2923 2187 3158 2258 Χριστὸν
3183 2189 3293 2243 ἀπὸ
3314 2189 3409 2244 τοῦ
3439 2190 3760 2262 ποιμαίνειν

2170 2275 2297 2341 τοὺς
2341 2277 2606 2347 ἀδελφοὺς
2651 2278 2994 2350 φαινόμενον,
3025 2281 3151 2345 τοὺς
3195 2282 3253 2336 δέ
3297 2281 3608 2352 ὀφείλοντας
3633 2284 3760 2356 χαί-

2176 2384 2308 2438 ρειν,
2338 2369 2439 2423 οὐκ
2477 2370 2586 2424 ἀπὸ
2632 2371 2732 2424 τοῦ
2755 2371 3018 2444 δαίμονας
3046 2372 3350 2439 ἐκϐάλλειν,
3378 2373 3495 2428 ἀλλ’
3515 2374 3624 2428 ἀπὸ
3654 2371 3760 2429 τοῦ

2174 2458 2544 2531 ἐγγεγράφθαι
2581 2463 2640 2515 ἐν
2687 2461 2800 2536 [70]
2839 2463 2920 2534 τῷ
2971 2464 3183 2537 οὐρανῷ
3223 2464 3613 2536 κελευομένους
3655 2464 3756 2520 εὐ-

2174 2547 2516 2618 φραίνεσθαι,
2568 2553 2664 2605 κα)⁵
2693 2553 2820 2616 τοὺς
2846 2553 2945 2625 μὲν
2968 2554 3058 2608 τὸν
3097 2554 3230 2607 Θεὸν
3283 2555 3606 2620 δοξάζοντας
3641 2556 3759 2609 ἀπὺ

2171 2637 2271 2707 τῆς
2300 2637 2410 2690 τῶν
2451 2638 2628 2711 ἔργων
2663 2640 3047 2714 λαμπρότητος
3084 2643 3487 2714 δεικνυμένους,
3529 2647 3656 2702 τοὺς
3695 2647 3754 2700 ἃ

2172 2725 2323 2797 ζωῆς
2347 2727 2698 2800 ἐπιτυχόντας
2747 2731 2841 2784 καὶ
2877 2732 3401 2787 ἑκατονταπλασίονα
3441 2734 3754 2805 λαμϐάνον-

2171 2835 2290 2884 τας,
2348 2819 2456 2876 ἀπὸ
2521 2823 2618 2893 τῆς
2671 2819 2781 2875 τῶν
2845 2823 3128 2894 παρόντων
3167 2823 3426 2878 ἀπάντων
3447 2825 3752 2897 ὑπεροψίας

2171 2910 2527 2981 ἐπιτυχόντας
2573 2910 2777 2984 ταύτης
2803 2912 2905 2983 τῆς
2931 2913 3162 2984 δωρεᾶς.
3216 2913 3453 2978 Τούτους
3511 2916 3750 2987 μίμησαι

2171 3002 2400 3068 πάντας,
2433 3003 2527 3056 καὶ
2555 3002 2758 3074 δυνήσῃ
2799 3003 2893 3056 καὶ
2941 3003 3190 3076 μαθητὴς
3233 2999 3391 3071 εἶναι,
3423 3005 3517 3059 καὶ
3545 3007 3604 3060 ἐν
3634 3010 3750 3073 τοῖς

2170 3095 2344 3166 φίλοις
2367 3094 2460 3148 τοῦ
2491 3093 2625 3148 Θεοῦ
2658 3094 3028 3165 ἀριθμεῖσθαι,
3058 3095 3151 3149 καὶ
3200 3094 3444 3162 δοξάζειν
3469 3096 3562 3150 τὸν
3592 3096 3747 3162 Θεὸν,

2167 3185 2385 3256 καὶτῆς
2431 3184 2652 3239 αίωνίου
2691 3182 2840 3254 ζωῆς
2867 3183 3210 3238 ἀπολαῦσαι·
3245 3187 3341 3240 καὶ
3382 3185 3534 3240 οὐδὲν
3593 3188 3747 3244 ἔσται

2170 3294 2250 3332 σοι
2271 3275 2499 3348 κώλυμα
2523 3275 2658 3348 πρὸς
2685 3275 2746 3329 τὸ
2778 3279 2962 3347 τυχεῖν
2985 3276 3094 3330 τῶν
3119 3275 3341 3346 ἀγαθῶν
3373 3277 3649 3344 ἁπάντων,
3682 3279 3745 3334 τὸ

2171 3367 2457 3442 μὴποιεῖν
2503 3369 2724 3438 σημεῖα,
2769 3365 2866 3421 ἐὰν
2910 3367 3183 3421 πολιτείαν
3226 3367 3356 3438 ἔχῃς
3380 3368 3747 3441 διηκριϐωμέ-

2166 3473 2285 3529 νην.
2311 3457 2421 3510 Καὶ
2446 3457 2553 3528 γὰρ
2578 3457 2739 3521 αὐτὸς
2764 3457 2923 3511 τοῦτο
2945 3457 3007 3511 τδ
3027 3458 3220 3528 ὄνομα,
3240 3459 3470 3530 Πέτρος,
3497 3460 3598 3512 οὐκ
3638 3459 3746 3514 ἀπὸ

2167 3547 2462 3619 θαυμάτων
2510 3549 2605 3602 καὶ
2652 3548 2892 3619 σημείων
2937 3549 3145 3611 ἔλαϐεν,
3175 3549 3290 3604 ἀλλ’
3322 3551 3430 3604 ἀπὸ
3461 3549 3623 3621 ζήλου
3651 3554 3746 3606 καὶ

2166 3635 2389 3706 φίλτρου
2411 3639 2658 3709 γνησίου.
2685 3638 2818 3692 Οὐδέ
2838 3639 2947 3710 γάρ
2968 3639 3151 3710 ἐπειδὴ
3182 3641 3409 3711 νεκροὺς
3431 3640 3741 3714 ἀνέστησεν,

2162 3729 2284 3782 οὐδὲ
2322 3729 2508 3801 ἐπειδὴ
2548 3729 2720 3800 χωλὸν
2764 3729 3109 3800 ἀνώρθωσεν,
3142 3729 3315 3794 οὕτως
3373 3731 3741 3804 ἐκλήθη·ἀλλ⁹

2162 3820 2350 3894 ἐπειδὴ
2379 3823 2560 3876 πίστιν
2598 3822 2736 3894 μετά
2783 3822 2884 3893 τῆς
2925 3823 3212 3894 ὁμολογίας
3250 3824 3558 3890 ἐπεδείξατο
3613 3842 3744 3898 γνηέ

2163 3913 2305 3979 σίαν,
2343 3914 2404 3967 τὸ
2437 3912 2606 3985 δνομα
2645 3913 2804 3968 τοῦτο
2832 3913 3255 3986 ἐκληρονόμησε,
3289 3917 3374 3970 Σὺ
3410 3913 3471 3971 εἴ
3499 3918 3738 3986 Πέτρος,

2162 4004 2260 4060 καί
2292 4003 2392 4056 ἐπὶ
2423 4005 2607 4074 ταύτῃ
2626 4003 2708 4073 τῇ
2730 4004 2914 4074 πέτρᾳ
2934 4007 3306 4077 οἰκοδομήσω
3325 4027 3444 4078 μου
3465 4009 3580 4077 τὴν
3619 4011 3740 4065 Ἐκο

2161 4095 2447 4162 κλησίαν.
2495 4094 2595 4147 Διά
2644 4095 2728 4161 τί;
2759 4096 2872 4166 Οὐχ
2901 4097 2983 4150 ὅτι
3021 4097 3271 4168 θαύματα
3321 4099 3596 4171 ἐποίησεν,
3626 4101 3740 4156 ἀλλ’

2159 4189 2242 4241 ὅτι
2279 4183 2420 4240 ιιῐπε⁸
2461 4186 2544 4240 Σὺ
2584 4182 2642 4240 εἷ
2687 4189 2721 4240 ό
2771 4189 3024 4255 Χριστὸς
3056 4193 3089 4243 ό
3134 4190 3266 4256 Υἱὸς
3296 4191 3400 4246 τοῦ
3439 4192 3586 4247 Θεοῦ
3635 4193 3738 4248 τοῦ

2159 4277 2394 4344 ζῶντος.
2443 4278 2605 4349 Ὁρᾷς
2634 4278 2717 4331 ὅτι
2763 4280 2855 4333 καὶ
2897 4280 3029 4334 αὐτὸ
3069 4281 3130 4334 τὸ
3187 4281 3395 4354 Πέτρον
3451 4283 3735 4356 κληθῆναι,

2158 4368 2258 4422 οὐκ
2305 4369 2412 4422 ἀπὸ
2460 4367 2776 4440 θαυμάτων,
2828 4370 2943 4424 ἀλλ’
2990 4371 3099 4425 ἀπὸ
3150 4372 3312 4443 ζήλου
3343 4377 3738 4449 πεπυρωμένου

2159 4461 2320 4516 ἔλαϐε
2375 4461 2473 4532 τὴν
2518 4463 2712 4534 ἀρχήν.
2769 4463 2908 4518 Ἀλλ’
2961 4466 3152 4537 ἐπειδὴ
3183 4467 3390 4538 Πέτρου
3441 4469 3732 4542 ἐμνήσθην,

2158 4553 2376 4622 είσῆλθέ
2419 4572 2511 4625 μοι
2560 4555 2653 4609 καὶ
2705 4555 2892 4626 ἐτέρου
2925 4556 3131 4628 Πέτρου
3167 4560 3377 4630 μνήμη,
3421 4560 3515 4613 τοῦ
3558 4560 3731 4616 κοινοῦ

2158 4646 2385 4720 πατρὸς,
2418 4647 2512 4700 καὶ
2535 4647 2878 4712 διδασκάλου,
2909 4647 2969 4711 ὃς
3002 4648 3099 4720 τὴν
3123 4649 3330 4703 ἐκείνου
3358 4651 3732 4724 διαδεξάμενος

2157 4734 2378 4807 ἀρετὴν,
2410 4737 2504 4790 καὶ
2527 4737 2626 4808 τὴν
2655 4737 2922 4808 καθέδραν
2950 4737 3354 4811 ἐκληρονόμησε
3383 4741 3481 4813 τὴν
3503 4743 3726 4800 ἐκείνου.

2163 4827 2257 4879 Ἓν
2294 4825 2402 4897 γάρ
2441 4826 2536 4879 καὶ
2589 4827 2749 4880 τοῦτο
2803 4827 3177 4901 πλεονέκτημα
3208 4832 3308 4902 τῆς
3333 4835 3610 4905 ήμετέρας
3637 4837 3727 4890 πό.

2155 4915 2311 4981 λεως,
2355 4918 2415 4970 τὸ
2458 4919 2567 4971 τῶν
2614 4918 2931 4973 ἀποστόλων
2981 4919 3077 4973 τὸν
3102 4927 3391 4994 κορυφαῖον
3435 4925 3619 4981 λαϐεῖν
3669 4929 3727 4982 ἐν

2155 5005 2297 5076 ἀρχῇ
2332 5005 2673 5061 διδάσκαλον.
2713 5007 2862 5060 Ἔδει
2889 5007 2999 5078 γὰρ
3041 5009 3138 5079 τήν
3161 5012 3268 5080 πρὸ
3291 5011 3390 5083 τῆς
3409 5016 3725 5088 οίκουμένης

2155 5095 2371 5166 ἀπάσης
2411 5096 2472 5147 τὸ
2509 5096 2616 5148 τῶν
2667 5099 3008 5168 Χριστιανῶν
3067 5100 3484 5176 ἀναδησαμένην
3533 5107 3718 5178 ὄνομα,

2151 5199 2243 5252 τὸν
2274 5197 2381 5251 τῶν
2433 5199 2746 5252 ἀποστόλων
2781 5201 2996 5272 πρῶτον
3043 5203 3275 5274 ποιμένα
3322 5207 3526 5264 λαϐεῖν.
3574 5211 3724 5265 Ἀλλά

2151 5290 2405 5352 λαϐόντες
2425 5289 2586 5342 αὐτὸν
2607 5289 2944 5360 διδάσκαλον,
2962 5294 3061 5346 οὐκ
3094 5296 3172 5358 είς
3197 5295 3348 5360 τέλος
3371 5300 3717 5373 κατέσχομεν,

2151 5380 2284 5434 ἀλλὰ
2313 5381 2783 5451 παρεχωρήσαμεν
2807 5385 2872 5453 τῇ
2925 5383 3152 5452 βασιλίδι
3185 5384 3368 5458 Ῥώμῃ
3390 5404 3404 5418 ·
3440 5389 3715 5460 μᾶλλονδὲ

2150 5473 2229 5534 είς
2255 5470 2316 5522 τὸ
2345 5469 2496 5533 τέλος
2521 5470 2682 5523 αὐτὸν
2715 5473 3055 5542 ἐσχήκαμεν·
3093 5475 3153 5528 τὸ
3181 5477 3277 5546 μὲν
3306 5479 3413 5551 γὰρ
3437 5480 3597 5552 σῶμα
3623 5483 3721 5536 Πέ-

2148 5579 2279 5634 τρου
2308 5562 2368 5615 οὐ
2397 5561 2718 5634 κατέχομεν,
2752 5562 2852 5634 τὴν
2877 5564 2937 5616 δὲ
2967 5566 3146 5619 πίστιν
3178 5569 3383 5642 Πέτρου
3426 5573 3718 5645 κατέχομεν

2147 5657 2223 5721 ὼς
2253 5656 2455 5728 Πέτρον
2473 5671 2486 5686 '
2511 5659 2608 5728 τήν
2635 5657 2692 5711 δὲ
2722 5657 2904 5712 πίστιν
2961 5661 3169 5732 Πέτρου
3193 5667 3536 5738 κατέχοντες,
3567 5669 3716 5724 αὐτὸν

2154 5749 2346 5822 ἔχομεν
2383 5750 2607 5822 Πέτρον.
2635 5749 2790 5806 Οὖτω
2814 5753 2906 5808 καὶ
2934 5754 3024 5810 τὸν
3051 5756 3259 5813 ἐκείνου
3291 5759 3537 5833 ζηλωτὴν
3560 5762 3718 5833 ὀρῶν-
