4066 6274
343 382 413 440 85
1454 388 1518 444 ΙΝ
1560 387 2081 446 INSCRIPTIONEM
2122 390 2446 448 ACTORUM
2487 389 2547 446 ΙΙ.
3552 400 3619 454 85

341 497 458 553 Non
484 501 699 556 sustulit
719 508 1009 571 egestatem
1040 502 1510 572 pecuniarum,scd
1525 511 1811 574 egestatem
1831 516 1921 557 na-

343 598 477 644 tum
495 589 746 645 correxit.

415 680 539 735 Non
581 691 699 737 sunt
744 683 1065 739 contumeliis
1102 685 1350 755 (iniciendi
1390 702 1656 757 pauperes.
1698 717 1773 728 —
1798 686 1928 742 Vide

344 772 657 827 modestiam
699 772 884 828 Petri:
921 774 1133 845 Respice
1177 776 1232 829 in
1274 793 1388 831 nos.
1432 777 1547 831 Non
1593 778 1928 834 contumeliis

344 863 543 930 affecit,
575 880 680 920 non
708 866 965 921 conviciis
996 867 1279 933 lacessivit,
1308 877 1363 923 ut
1390 868 1502 924 ﬁeri
1532 884 1561 924 a
1589 869 1741 924 nobis
1785 884 1929 939 sarpe

343 971 567 1011 numero
591 957 727 1012 solet
754 957 807 1011 in
842 972 937 1013 eos
957 999 972 1024 ,
1002 960 1089 1028 qui
1125 961 1276 1014 nobis
1305 962 1572 1030 supplices
1600 972 1924 1031 occurrunt,

341 1049 468 1102 dum
492 1050 697 1103 crimen
720 1048 825 1103 illis
848 1048 1149 1118 objicimus,
1170 1051 1311 1120 quod
1330 1052 1435 1104 sint
1457 1051 1567 1106 otio
1590 1052 1773 1107 dediti.
1792 1052 1927 1108 Num

341 1140 484 1194 cnim
516 1139 619 1195 hoc
644 1139 737 1195 tibi
767 1140 1069 1195 mandatum
1097 1149 1199 1207 est,
1233 1143 1304 1197 mi
1335 1142 1535 1197 homo?
1562 1144 1677 1199 Non
1704 1144 1798 1200 tibi
1824 1146 1928 1199 im-

346 1233 571 1302 paravit,
605 1242 663 1287 ut
690 1231 948 1288 desidiam
978 1233 1050 1287 illi
1076 1233 1370 1303 objiceres,
1400 1237 1494 1291 sed
1524 1248 1580 1291 ut
1609 1238 1776 1307 ipsius
1801 1253 1929 1307 ege-

347 1322 475 1376 stati
501 1322 793 1377 remedium
818 1321 1132 1385 adhiberes;
1167 1339 1275 1377 non
1306 1332 1358 1379 te
1386 1325 1743 1395 improbitatis
1768 1342 1930 1382 accu-

340 1424 573 1469 satorem
602 1415 826 1480 creavit,
859 1414 953 1469 sed
983 1414 1248 1470 medicum
1271 1418 1586 1472 calamitatis
1615 1419 1926 1485 constituit;

341 1520 449 1559 non
490 1513 548 1559 ut
571 1505 846 1575 segnitiem
874 1505 1250 1574 exprobrares,
1283 1506 1375 1560 sed
1406 1517 1462 1560 ut
1481 1508 1782 1576 jacentibus
1811 1524 1929 1562 ma-

342 1612 469 1650 num
495 1597 825 1666 porrigeres;
851 1612 953 1650 non
985 1606 1041 1650 ut
1072 1611 1248 1651 mores
1276 1598 1624 1667 vituperare-5,
1653 1598 1744 1652 sed
1773 1609 1827 1652 ut
1853 1598 1931 1652 fa-

342 1703 482 1741 mem
512 1686 747 1741 sedares.
769 1691 834 1739 At
864 1702 961 1741 nos
981 1687 1302 1741 contrarium
1332 1687 1551 1742 facimus
1577 1707 1590 1741 :
1615 1705 1717 1743 non
1746 1688 1933 1759 digna-

342 1794 467 1832 mur
494 1778 559 1833 ad
590 1794 687 1833 nos
716 1779 1030 1833 accedentes
1059 1780 1296 1849 pecunia:
1324 1781 1600 1849 largitione
1626 1781 1806 1846 solari,
1835 1781 1930 1836 scd

342 1880 396 1923 et
442 1869 651 1923 illorum
688 1870 903 1924 vulnera
942 1871 1221 1924 criminum
1268 1871 1484 1940 insuper
1524 1872 1931 1939 exprobratione

343 1961 672 2015 vellicamus.
695 1962 835 2028 Quin
861 1961 1020 2015 etiam
1048 1962 1185 2031 apud
1220 1976 1503 2030 pauperem
1531 1977 1588 2016 se
1613 1972 1850 2027 excusat,
1870 1976 1933 2016 ac

345 2053 589 2107 modeste
614 2053 762 2108 illum
789 2054 1073 2124 alloquitur
1102 2072 1113 2105 :
1144 2053 1348 2107 Inclina
1374 2055 1514 2108 enim
1535 2097 1548 2118 ,
1582 2056 1778 2124 inquit,
1804 2072 1935 2125 pau-

342 2142 452 2211 peri
479 2142 588 2197 sine
618 2144 820 2197 tristitia
862 2161 1036 2197 aurem
1073 2153 1239 2210 tuam,
1272 2154 1318 2198 et
1342 2144 1587 2212 responde
1616 2145 1691 2198 illi
1717 2146 1934 2216 paciﬁca

342 2232 396 2283 in
424 2234 809 2287 mansuetudine
838 2233 1025 2301 (Eccli.
1052 2235 1100 2288 4.
1137 2234 1215 2304 8).
1249 2239 1525 2305 Argentum
1550 2245 1596 2289 et
1621 2253 1802 2290 aurum
1832 2254 1932 2293 non

343 2323 501 2377 habeo
529 2340 548 2378 :
573 2325 708 2393 quod
735 2335 900 2378 autem
927 2327 1101 2390 habeo,
1131 2328 1226 2380 hoc
1254 2328 1343 2380 tibi
1374 2329 1439 2381 do
1462 2343 1481 2381 :
1502 2329 1553 2381 in
1584 2330 1782 2383 nomine
1806 2329 1935 2384 Jesu

341 2412 528 2468 Christi
550 2431 720 2485 surge,
734 2424 779 2469 et
797 2416 1018 2471 ambula.
1037 2417 1149 2472 Duo
1159 2427 1281 2471 sunt
1298 2417 1399 2471 hoc
1425 2418 1559 2485 loco,
1576 2422 1929 2488 conversatio,

343 2516 395 2560 et
414 2507 744 2562 miraculum.
772 2507 1138 2574 Conversatio,
1166 2511 1438 2580 Argentum
1468 2522 1515 2563 et
1539 2528 1719 2564 aurum
1745 2522 1931 2568 nonest

344 2598 465 2651 mihi
483 2599 933 2655 :conversationis
963 2601 1102 2655 enim
1131 2610 1183 2655 et
1207 2601 1429 2655 actionis
1463 2611 1545 2656 est
1571 2612 1808 2657 terrenas
1845 2619 1931 2658 res

345 2690 924 2759 despicere,iacultates
941 2708 1062 2747 suas
1078 2693 1307 2763 abjicere
1323 2702 1659 2763 ,prmsentcm
1678 2712 1933 2765 spernere

343 2780 631 2835 vanitatem
658 2799 672 2836 :
696 2782 1006 2837 miraculum
1031 2799 1156 2838 vero
1183 2794 1265 2840 est
1291 2785 1537 2839 claudum
1567 2787 1800 2841 excitare
1821 2829 1834 2851 ,
1868 2803 1932 2842 ac

345 2871 584 2925 membra
603 2872 837 2925 mutilata
856 2888 1064 2928 sanare.
1082 2874 1219 2928 Ecce
1233 2875 1323 2928 tibi
1338 2890 1463 2944 ergo
1475 2878 1932 2933 conversationem

345 2968 402 3012 et
424 2959 761 3016 miraculum.
780 2960 1062 3017 Videamus
1086 2973 1261 3019 autem
1287 2964 1425 3019 unde
1443 2965 1627 3020 Petrus
1655 2968 1932 3036 glorietur.

344 3049 484 3116 Quid
514 3050 685 3106 dixit?
707 3068 774 3107 an
804 3069 865 3109 se
890 3055 1141 3110 miracula
1168 3056 1433 3112 edidisse?
1460 3057 1696 3114 Tametsi
1726 3060 1936 3116 fuerant

345 3150 458 3197 tum
488 3143 628 3198 edita
651 3145 722 3200 ab
748 3145 865 3216 ipso
891 3147 1142 3203 miracula
1173 3168 1186 3203 :
1217 3150 1310 3205 sed
1344 3152 1443 3206 hoc
1469 3166 1574 3206 non
1605 3152 1775 3218 dixit;
1806 3155 1933 3223 quid

348 3235 511 3304 ergo?
530 3233 663 3289 Ecce
688 3253 778 3290 nos
803 3237 1094 3307 reliquimus
1132 3242 1331 3304 omnia,
1365 3252 1411 3295 et
1451 3244 1647 3313 sequuti
1684 3261 1859 3298 sumus
1888 3255 1933 3299 te

350 3326 557 3394 (.ilntth.
590 3330 675 3385 19.
706 3329 822 3401 27).
849 3331 1007 3387 Vides
1034 3335 1487 3389 conversationem
1511 3344 1565 3390 et
1594 3337 1929 3402 miracalum,

348 3430 402 3473 et
430 3422 817 3477 conversationi
846 3424 1072 3493 palmam
1102 3426 1294 3480 tribui?
1324 3426 1458 3493 Quid
1494 3443 1620 3497 ergo
1656 3427 1933 3483 Christus?

345 3513 750 3567 (Ionimendavit
772 3529 915 3580 eum,
949 3516 1198 3570 laudavit.
1227 3517 1353 3570 Dico
1374 3519 1513 3571 enim
1547 3518 1715 3583 vobis,
1742 3519 1930 3587 inquit,

346 3603 487 3669 quod
536 3618 630 3657 vos
675 3604 763 3672 qui
804 3604 1090 3674 reliquistis
1120 3607 1307 3660 domos
1333 3648 1347 3671 ,
1381 3616 1435 3661 et
1462 3622 1579 3675 qua:
1614 3615 1927 3677 sequuntur.

348 3694 460 3747 Non
484 3694 632 3761 dixit,
658 3696 756 3763 Qui
777 3707 1016 3753 mortuos
1036 3698 1350 3763 suscitastis,
1376 3699 1469 3753 sed
1498 3698 1596 3753 Vos
1625 3701 1709 3771 qui
1728 3700 1936 3770 reliqui-

345 3785 437 3838 stis
479 3787 607 3839 bona
634 3796 816 3853 vestra,
836 3788 1067 3844 sedebitis
1086 3807 1235 3860 super
1260 3792 1400 3846 sedes
1433 3792 1696 3847 duodecim
1718 3792 1933 3862 (Matth.

350 3878 436 3932 19.
466 3878 559 3948 29)
592 3896 606 3933 :
638 3887 692 3933 et
714 3881 886 3933 omnis
906 3920 920 3943 ,
953 3881 1042 3950 qui
1089 3882 1361 3950 reliquerit
1389 3884 1565 3957 omnia
1608 3883 1746 3937 bona
1797 3899 1891 3937 sua
1917 3925 1931 3948 ,

348 3971 609 4023 honorem
641 3970 796 4023 istum
822 3982 1196 4042 consequetur.
1229 3972 1342 4027 Non
1376 3986 1526 4043 potes
1553 3975 1795 4029 claudum
1828 3977 1933 4029 eri-

344 4078 494 4131 gere,
520 4062 655 4116 sicut
680 4063 907 4118 Petrus?
935 4067 1003 4119 At
1030 4074 1180 4134 potes
1206 4066 1404 4131 dicere,
1428 4076 1486 4123 ut
1510 4069 1598 4124 ille
1620 4085 1634 4121 :
1659 4069 1933 4139 Argentum

346 4166 392 4209 et
422 4172 605 4209 nurum
634 4172 732 4208 ηυη
758 4167 829 4209 est
855 4156 996 4209 mihi.
1030 4157 1182 4223 Quod
1212 4159 1256 4212 si
1284 4158 1383 4213 hoc
1409 4159 1639 4225 dixeris,
1674 4158 1844 4216 factus
1872 4176 1932 4217 es

349 4249 677 4318 propinquus
721 4247 1050 4303 Petrozimo
1085 4266 1215 4305 vero
1260 4266 1363 4305 non
1410 4252 1453 4305 si
1504 4251 1731 4317 dixeris,
1765 4252 1859 4307 sed
1886 4254 1931 4308 si

350 4339 561 4394 feceris.
592 4339 703 4394 Non
736 4351 886 4409 potes
922 4341 1123 4395 aridam
1156 4358 1367 4396 manum
1396 4344 1624 4398 sanare?
1648 4342 1751 4398 Sed
1778 4354 1931 4413 potes

349 4447 563 4485 manum
605 4440 781 4495 tuam,
812 4448 970 4502 quam
1016 4432 1376 4487 inhumanitas
1416 4433 1617 4487 aridam
1664 4432 1928 4499 reddidit,

352 4537 445 4590 per
483 4522 859 4578 lmmauitalem
899 4524 1208 4580 extendere.
1256 4524 1375 4578 Non
1416 4527 1478 4580 sit
1520 4527 1693 4588 enim,
1723 4526 1927 4597 inquit,

353 4624 581 4681 porrecta
604 4632 782 4669 manus
810 4626 897 4669 tua
916 4617 983 4670 ad
1008 4616 1387 4685 accipiendum,
1413 4628 1458 4671 et
1485 4618 1551 4670 ad
1572 4618 1797 4672 dandum
1821 4619 1930 4671 col-

352 4705 477 4758 lecta
506 4705 691 4779 (Eccli.
721 4708 774 4761 4.
806 4708 920 4778 56).
948 4707 1111 4764 Vides
1140 4724 1245 4762 non
1290 4708 1587 4763 ariditaletn
1615 4750 1628 4772 ,
1655 4709 1747 4763 scd
1781 4709 1933 4763 inlut-

350 4797 657 4852 manitatem
702 4813 911 4868 quoque
942 4814 1153 4853 manum
1188 4798 1540 4854 contrahere?
1571 4799 1811 4854 Extende
1838 4798 1932 4868 igi-

351 4897 435 4943 tur
452 4889 593 4943 illam
614 4906 708 4958 per
726 4890 1103 4946 humanitatem
1126 4901 1180 4947 ct
1198 4894 1614 4964 eleemosynam.
1639 4893 1751 4947 Non
1780 4904 1930 4963 potes

349 4982 646 5037 datmonem
675 4983 905 5052 ejicere?
934 4984 1037 5040 Sed
1067 4996 1342 5054 peccatum
1370 4985 1503 5054 cjice
1524 5028 1538 5051 ,
1571 4986 1932 5055 majoremque

350 5076 650 5131 mercedem
695 5076 943 5147 accipies.
976 5077 1134 5133 Vides
1154 5078 1279 5149 ~quo
1317 5091 1468 5148 paeto
1510 5080 1843 5136 conversatio
1880 5090 1934 5136 ct

350 5170 486 5221 bona
537 5183 701 5233 opera
732 5170 987 5238 majorem
1035 5185 1191 5240 quam
1224 5171 1477 5225 miracula
1507 5171 1808 5228 mercedem
1835 5214 1849 5238 ,
1878 5179 1934 5227 et

354 5259 522 5326 majus
547 5260 821 5329 prtemium
840 5262 1235 5317 merentur?Ac
1252 5264 1293 5317 si
1317 5264 1467 5330 velis,
1491 5264 1702 5319 aliunde
1723 5279 1933 5334 quoque

351 5349 399 5401 id
430 5351 793 5406 ostendemus.
820 5352 1144 5406 Accesserant
1170 5353 1236 5405 ad
1260 5370 1391 5419 eum,
1412 5354 1599 5424 inquit,
1616 5354 1934 5424 septuaginta

351 5439 607 5509 discipuli,
627 5449 672 5494 et
697 5441 999 5511 gaudebant,
1030 5441 1372 5512 dicebantque,
1400 5441 1631 5505 Domine,
1650 5444 1704 5497 in
1732 5444 1933 5498 nomine

350 5538 436 5581 tuo
462 5531 612 5582 etiam
639 5531 891 5586 dmuonia
934 5533 1171 5587 obediunt
1198 5533 1357 5588 nobis.
1389 5531 1456 5587 Et
1484 5534 1555 5587 ait
1587 5534 1690 5588 illis
1713 5549 1733 5587 :
1757 5533 1932 5589 Nolite

347 5620 588 5690 gaudere,
608 5624 726 5691 quia
751 5624 1001 5677 dientouia
1029 5626 1162 5678 vobis
1183 5625 1436 5689 obediunt,
1459 5625 1548 5679 sed
1572 5624 1802 5697 gaudete,
1815 5626 1934 5695 quia

348 5716 555 5766 nomina
582 5725 744 5769 rastra
781 5716 969 5784 scripta
1011 5725 1127 5771 sunt
1171 5718 1225 5770 in
1263 5717 1396 5771 castis
1418 5715 1567 5788 (an.
1594 5718 1675 5774 10.
1704 5717 1784 5773 l7.
1812 5716 1929 5790 9.0).

358 5800 514 5859 Vides
557 5804 751 5874 ubique
782 5807 1237 5863 conversationem
1271 5806 1469 5863 laudari
1487 5808 1510 5860 ’ἓ

2107 523 2159 578 6.
2201 525 2315 594 Age
2355 539 2482 595 ergo
2524 534 2874 583 retractemus
2902 541 3026 597 qua:
3069 541 3098 581 a
3131 527 3284 582 nobis
3322 538 3447 586 ante
3487 544 3614 587 sunt

2032 614 2194 671 dicta.
2238 613 2304 669 In
2348 616 2442 670 hoc
2485 628 2785 686 cognoscent
2828 634 3022 684 omnes,
3072 620 3190 690 quia
3234 621 3475 690 discipuli
3520 623 3621 677 mei

2033 709 2168 775 estis,
2211 709 2257 763 si
2302 727 2388 763 vos
2423 711 2631 764 invicem
2667 711 2943 766 dilexeritis
2971 710 3150 783 (Joan.
3194 713 3281 766 15.
3331 711 3444 785 55).
3478 714 3617 771 Ecce

2034 814 2139 853 non
2161 816 2229 854 ex
2252 801 2538 865 miraculis,
2563 801 2657 856 sed
2680 818 2745 857 ex
2765 803 3168 857 conversatione
3192 802 3432 876 dignosci
3450 804 3614 859 disci-

2034 890 2187 960 pulos
2227 891 2648 946 demonstratum
2694 903 2795 947 est.
2831 892 2999 959 Petre,
3043 895 3217 964 diligis
3245 912 3324 949 me
3356 897 3468 964 plus
3498 896 3617 950 his?

2036 997 2185 1053 pasce
2223 998 2337 1036 oves
2381 999 2515 1036 meas
2569 982 2686 1050 (Id.
2743 983 2834 1038 21.
2889 983 3005 1052 17).
3046 984 3185 1039 Ecce
3225 986 3449 1040 alterum
3487 984 3625 1040 indi-

2034 1075 2196 1142 cium,
2221 1083 2275 1129 et
2304 1074 2405 1129 hoc
2436 1090 2620 1130 rursus
2659 1090 2690 1129 a
2729 1076 3135 1131 conversatione
3168 1088 3460 1145 sumptum.
3492 1077 3625 1134 Ter-

2035 1166 2166 1218 tium
2207 1180 2395 1219 rursus
2420 1165 2672 1219 indicium
2700 1181 2714 1217 :
2749 1164 2924 1219 Nolite
2950 1166 3192 1237 gaudere,
3227 1168 3346 1237 quia
3373 1167 3624 1222 dwmonia

2034 1254 2171 1310 vobis
2200 1255 2457 1319 obediunt,
2484 1255 2572 1309 sed
2602 1255 2832 1326 gaudete,
2856 1256 2975 1324 quia
3004 1256 3211 1309 nomina
3239 1266 3407 1311 vestra
3433 1257 3625 1329 scripta

2035 1355 2151 1400 sunt
2180 1346 2232 1398 in
2261 1346 2417 1399 cazlis.
2449 1346 2513 1400 Et
2558 1344 2659 1401 hoc
2693 1360 2878 1399 rursus
2917 1347 3342 1401 conversationis
3366 1357 3448 1400 est
3473 1357 3619 1402 recte

2037 1436 2255 1492 factum.
2306 1436 2400 1492 Vis
2429 1437 2588 1492 etiam
2618 1446 2861 1506 quartam
2906 1436 3065 1505 hujus
3103 1438 3179 1491 rei
3210 1438 3624 1493 demonstratio-

2035 1544 2157 1584 nem
2199 1528 2568 1598 cognoscere?
2614 1527 2821 1592 Luceat,
2873 1528 3064 1597 inquit,
3111 1529 3202 1582 luat
3245 1540 3408 1583 vestra
3450 1547 3620 1584 coram

2036 1619 2337 1684 hominibus,
2382 1627 2433 1671 ut
2459 1620 2657 1672 videant
2683 1635 2837 1688 opera
2865 1629 3027 1671 vestra
3054 1620 3204 1683 bona,
3252 1628 3297 1672 et
3327 1619 3615 1689 glorificent

2036 1710 2242 1765 Patrem
2272 1720 2485 1763 vestrum
2523 1712 2607 1780 qui
2646 1712 2700 1763 in
2733 1711 2870 1764 caelis
2899 1720 2969 1765 est
3005 1709 3213 1780 (Matth.
3253 1711 3306 1765 ὅ.
3336 1712 3449 1781 16).
3480 1711 3618 1768 Ecce

2038 1802 2123 1856 hic
2161 1818 2373 1872 quoque
2427 1816 2587 1869 opera
2638 1810 2945 1855 occurrunt.
3000 1802 3066 1855 Et
3109 1818 3229 1856 cum
3274 1819 3461 1858 rursus
3500 1804 3617 1858 ait:

2040 1892 2277 1961 Quisquis
2335 1891 2588 1960 reliquerit
2633 1891 2858 1957 domum,
2911 1891 2986 1944 vel
3037 1891 3240 1959 fratres,
3292 1892 3371 1946 vel
3424 1908 3624 1947 sorores

2040 1994 2245 2053 propter
2271 2001 2364 2045 me,
2399 1983 2685 2050 centuplum
2713 1984 2945 2052 accipiet,
2979 1992 3022 2035 et
3051 1984 3200 2035 vitam
3225 1992 3467 2038 cateruam
3498 2001 3619 2055 pos-

2037 2074 2213 2129 sidebit
2256 2074 2466 2147 (Matth.
2514 2074 2601 2129 l9.
2645 2072 2759 2143 29),
2814 2075 3275 2129 conversationem
3324 2076 3520 2141 laudat,
3570 2085 3626 2132 et

2040 2170 2202 2223 vitam
2248 2177 2510 2223 exactam.
2544 2167 2705 2222 Vides
2742 2167 3031 2236 discipulos
3072 2184 3135 2221 ex
3181 2182 3246 2221 eo
3290 2166 3449 2221 luisse
3480 2167 3623 2221 desi-

2038 2270 2250 2330 gnatos,
2303 2260 2443 2330 quod
2496 2268 2682 2313 mutuo
2730 2274 2790 2314 se
2838 2259 3139 2328 diligerent,
3190 2273 3312 2313 eum
3366 2274 3492 2312 vero
3532 2259 3623 2327 qui

2038 2350 2307 2405 Christum
2347 2365 2503 2419 supra
2530 2350 2802 2419 apostolos
2828 2348 3080 2418 diligebat
3116 2364 3181 2403 ex
3209 2365 3274 2404 eo
3300 2349 3616 2413 innotuisse,

2039 2441 2178 2511 quod
2210 2441 2402 2495 fratres
2444 2449 2687 2508 pasceret
2715 2459 2726 2492 :
2756 2455 2850 2495 eos
2872 2455 3035 2509 porro
3060 2441 3147 2508 qui
3171 2439 3405 2506 gaudere
3426 2439 3625 2493 debue-

2039 2539 2183 2596 runt,
2212 2546 2316 2584 non
2357 2546 2422 2585 ex
2449 2546 2515 2584 eo
2544 2530 2687 2599 quod
2726 2530 2981 2598 ejicerent
3009 2528 3301 2592 daemones,
3346 2528 3437 2581 sed
3467 2543 3532 2581 ex
3558 2544 3623 2582 eo

2037 2620 2177 2689 quod
2205 2635 2389 2674 eorum
2417 2619 2632 2672 nomina
2676 2620 2873 2688 scripta
2914 2618 2964 2671 in
2990 2617 3135 2671 caelis
3160 2627 3359 2680 essent,
3388 2617 3625 2686 gaudere

2033 2709 2213 2779 jnssos
2251 2726 2389 2774 esse,
2435 2719 2595 2778 atque
2625 2709 2743 2762 illos
2772 2709 2860 2778 qui
2917 2709 3081 2761 Deum
3123 2707 3504 2775 gloriﬁcarent,
3548 2708 3617 2761 ab

2040 2816 2261 2870 operum
2311 2800 2595 2869 splendore
2642 2798 2803 2854 fuisse
2842 2798 3179 2867 designatos;
3236 2812 3330 2851 eos
3370 2811 3498 2851 vero
3533 2796 3622 2866 qui

2039 2893 2203 2945 vitam
2246 2902 2676 2961 assequercutur,
2728 2900 2780 2945 et
2831 2890 3135 2959 centuplum
3177 2889 3499 2958 acciperent,
3547 2887 3624 2942 id-

2042 2983 2185 3037 circo
2208 2982 2467 3051 ejusmodi
2497 2996 2717 3035 munere
2735 2980 2940 3044 donari,
2966 2978 3106 3049 quod
3128 2979 3405 3048 przcscutia
3430 2987 3622 3031 cuncta

2042 3072 2482 3141 contempserint.
2508 3071 2616 3126 llos
2643 3084 2831 3125 omnes
2864 3069 3467 3138 in:itare,etdiscipulus
3493 3084 3615 3123 esse

2041 3164 2260 3235 poteris,
2289 3174 2446 3233 atque
2470 3164 2605 3216 inter
2630 3161 2831 3216 amicos
2859 3161 2948 3216 Dei
2992 3162 3282 3223 numerari,
3310 3161 3473 3214 Deum
3508 3159 3623 3228 glo-

2039 3258 2270 3323 rilicare,
2293 3272 2356 3311 ac
2382 3256 2489 3311 vita
2517 3267 2715 3311 interna
2743 3256 2898 3324 potiri
2932 3272 2947 3310 :
2972 3269 3070 3310 nec
3101 3254 3479 3324 impedimento
3511 3253 3619 3307 ullo

2046 3351 2136 3404 tibi
2186 3365 2306 3404 esse
2336 3348 2545 3417 poterit,
2588 3347 2873 3417 quominus
2916 3347 3051 3400 bona
3096 3347 3397 3415 assequaris
3425 3344 3622 3408 omnia,

2043 3440 2182 3511 quod
2205 3441 2351 3509 signa
2379 3454 2483 3492 non
2507 3437 2688 3501 facias,
2724 3439 2767 3490 si
2798 3437 3257 3492 conversationem
3292 3433 3543 3488 mundam
3571 3441 3628 3487 et

2044 3540 2282 3583 exactam
2309 3544 2417 3597 pra:
2449 3537 2499 3581 te
2527 3528 2685 3581 fetas.
2710 3526 2840 3579 Nam
2868 3537 2917 3580 et
2946 3526 3061 3594 ipse
3092 3525 3280 3580 Petrus
3306 3525 3405 3578 hoc
3430 3538 3622 3577 nomen

2043 3634 2150 3673 non
2184 3629 2399 3687 propter
2427 3617 2680 3671 miracula
2722 3617 2801 3669 vel
2829 3617 2976 3686 signa
3010 3616 3231 3683 recepit,
3274 3614 3367 3668 sed
3408 3623 3626 3684 propter

2044 3709 2237 3775 zelum,
2264 3723 2607 3775 amoremque
2633 3708 2918 3761 sincerum.
2946 3706 3124 3776 Neque
3153 3707 3295 3761 enim
3324 3707 3444 3777 quia
3478 3721 3626 3759 mor-

2045 3808 2166 3854 tuos
2187 3797 2487 3860 suscitarat,
2518 3807 2607 3851 aut
2628 3798 2748 3866 quia
2777 3797 3022 3850 claudum
3048 3806 3315 3863 erexerat,
3344 3797 3420 3850 sic
3445 3797 3626 3866 appel-

2043 3889 2184 3943 latus
2210 3895 2323 3952 est;
2356 3886 2448 3941 sed
2480 3887 2602 3955 quia
2647 3886 2803 3940 iidem
2835 3901 2956 3939 cum
2996 3886 3331 3940 confessione
3359 3886 3622 3940 sinceram

2043 3977 2382 4043 exhibuerat,
2433 3977 2534 4031 hoc
2582 3970 2777 4030 nomen
2832 3975 3077 4030 obtinuit.
3120 3974 3199 4027 Tu
3242 3992 3294 4029 es
3346 3974 3548 4037 Petrus,
3578 3985 3624 4027 et

2041 4086 2193 4138 super
2210 4070 2340 4122 hanc
2354 4074 2542 4138 petram
2555 4066 2815 4136 aediﬁcabo
2839 4067 3112 4120 Ecclesium
3128 4083 3286 4119 meant
3305 4065 3513 4137 (Matth.
3536 4066 3622 4120 l6.

2042 4158 2154 4230 18).
2183 4159 2350 4225 Quam
2390 4159 2457 4213 ob
2487 4157 2746 4211 causam?
2774 4157 2885 4210 Non
2916 4157 3040 4226 quia
3066 4155 3184 4210 fecit
3224 4156 3499 4220 miracula,
3529 4155 3623 4210 sed

2040 4250 2161 4319 quia
2190 4248 2344 4313 dixit,
2368 4247 2443 4301 Tu
2471 4264 2523 4302 es
2551 4246 2777 4302 Christus
2801 4245 2967 4300 Filius
2994 4244 3088 4298 Dei
3119 4246 3233 4300 vivi.
3262 4245 3419 4301 Vides
3449 4245 3619 4315 ipsam

2040 4342 2199 4397 etiam
2233 4341 2376 4396 Petri
2417 4340 2825 4410 appellationem
2871 4354 2974 4393 non
3012 4354 3041 4391 a
3087 4337 3377 4404 miraculis,
3414 4338 3506 4392 sed
3553 4337 3621 4389 ab

2040 4432 2248 4486 ardenti
2294 4431 2410 4484 zelo
2450 4431 2656 4483 initium
2687 4429 2945 4482 duxisse?
2986 4426 3180 4481 Verum
3225 4427 3438 4496 quando
3479 4428 3622 4481 Petri

2042 4523 2139 4577 feci
2169 4524 2515 4587 mentionem,
2545 4520 2709 4573 subiit
2742 4520 2976 4572 animum
3014 4533 3191 4571 meum
3232 4518 3450 4571 alterius
3478 4517 3623 4571 Petri

2041 4613 2361 4678 recordatio,
2402 4612 2702 4667 communis
2732 4610 2894 4679 patris
2921 4620 2973 4663 et
2998 4608 3351 4681 doctoris(a),
3380 4609 3469 4677 qui
3498 4624 3619 4662 cum

2043 4709 2116 4764 illi
2149 4709 2200 4762 in
2230 4707 2423 4761 virtute
2450 4704 2815 4767 successisset,
2841 4702 3002 4756 etiam
3037 4700 3177 4755 illius
3211 4700 3516 4754 cathedram
3538 4708 3624 4754 est

2040 4801 2282 4870 adeptus.
2328 4797 2453 4851 llaec
2488 4797 2629 4851 enim
2679 4804 2760 4848 est
2806 4807 2909 4846 una
2953 4792 3112 4846 etiam
3152 4801 3348 4845 nostra:
3388 4790 3621 4845 civitatis

2041 4893 2386 4963 prmrogativa
2417 4888 2710 4959 dignitatis.
2757 4887 2899 4956 quod
2931 4884 3222 4953 principem
3255 4883 3618 4951 apostolorum

2039 4985 2106 5038 ab
2148 4983 2299 5037 initio
2328 4982 2601 5037 doctorem
2628 4976 2914 5048 acceperit.
2944 4975 3176 5045 [Equum
3218 4974 3361 5027 enim
3401 4982 3535 5037 erat,
3565 4983 3624 5027 ut

2041 5092 2125 5141 ea,
2157 5091 2274 5146 qua:
2319 5074 2535 5129 nomine
2564 5071 2987 5125 Christianorum
3030 5077 3154 5122 ante
3192 5066 3497 5120 univcrsmn
3526 5078 3617 5118 or-

2043 5168 2160 5222 bem
2200 5176 2461 5221 terrarum
2488 5173 2674 5219 ornata
2720 5161 2835 5229 fuit,
2871 5160 3100 5230 primum
3141 5157 3502 5228 apostolorum
3534 5170 3620 5224 pa-

2042 5271 2240 5316 storem
2278 5257 2564 5327 acciperet.
2594 5255 2701 5312 Sed
2727 5270 2847 5309 cum
2874 5269 2994 5308 cum
3019 5252 3292 5306 doctorem
3321 5247 3621 5317 accepisse-

2043 5367 2181 5417 mus,
2209 5366 2312 5405 non
2342 5350 2393 5405 in
2418 5358 2729 5421 perpetuum
2759 5346 3096 5409 retinuimus,
3123 5342 3216 5397 sed
3240 5339 3397 5410 regia:
3421 5337 3624 5393 civitati

2042 5444 2227 5498 Roma:
2268 5443 2412 5498 illum
2450 5442 2813 5496 concessimus
2845 5456 2858 5492 :
2890 5438 2996 5491 imo
3035 5450 3162 5489 vero
3212 5433 3264 5485 in
3307 5438 3619 5500 perpetuum

2043 5534 2217 5605 ipsum
2269 5534 2619 5590 retinuimus:
2652 5546 2772 5585 nam
2817 5542 3013 5595 corpus
3069 5521 3284 5593 quidem
3328 5519 3469 5574 Petri
3516 5533 3622 5573 non

2110 5814 2180 5875 (rt)
2217 5815 2493 5877 Episcopum
2528 5808 2884 5861 Antiochenam
2906 5803 3178 5854 Flavianum
3196 5796 3443 5861 intelligit.
