4066 6274
495 356 565 410 87
1202 350 1260 406 S.
1298 349 1577 407 JOANNIS
1611 350 2091 409 CHRYSOSTOMI
2128 353 2448 412 ARCHIEP.
2488 355 3020 414 CONSTANTINOP.
3698 366 3775 422 88

489 468 809 537 retinemus,
838 467 934 525 sed
969 467 1112 522 Petri
1133 466 1291 521 ﬁdem
1322 476 1592 538 tamquam
1620 466 1837 523 Petrum
1868 467 2071 523 retine-

491 575 611 615 mus
640 576 654 614 :
684 575 844 631 porro
885 557 1011 614 dum
1042 556 1187 613 Petri
1216 556 1371 613 ﬁdem
1406 557 1723 625 retinemus,
1755 557 1929 628 ipsum
1972 556 2073 614 Pe—

493 663 632 705 trum
667 649 946 704 habemus.
974 648 1048 703 lta
1074 664 1198 704 cum
1230 647 1556 703 imitatorem
1588 648 1733 703 illius
1762 662 2070 715 cernamus,

490 741 660 808 ipsum
682 754 903 795 cernere
922 738 1169 794 videmur
1194 757 1207 793 :
1236 738 1499 811 siquidem
1532 739 1798 794 Joannem
1825 737 2073 793 Christus

490 831 694 887 Heliam
720 830 1026 902 appellavit,
1055 845 1160 885 non
1181 830 1323 901 quod
1346 829 1522 885 Helias
1542 838 1685 886 esset
1702 829 1956 897 Joannes,
1979 829 2074 885 sed

488 921 632 989 quod
664 920 717 976 in
747 921 937 992 spiritu
964 921 1131 976 Heliae
1156 936 1218 976 ac
1239 922 1433 977 virtute
1458 921 1713 977 venisset.
1744 921 1895 977 Sicut
1916 922 2076 992 igitur

488 1009 740 1077 Joannes,
773 1012 1024 1083 quoniam
1069 1011 1123 1065 in
1152 1010 1345 1082 spiritu
1394 1010 1559 1066 Helia:
1600 1025 1663 1067 ac
1695 1011 1890 1067 virtute
1914 1026 2076 1067 vene-

490 1109 592 1163 rat,
636 1099 815 1157 Helias
849 1100 1170 1155 dicebatur:
1204 1101 1277 1155 ita
1318 1099 1407 1155 hic
1441 1115 1675 1171 quoque,
1720 1100 1971 1172 quoniam
2020 1101 2072 1155 in

489 1190 833 1246 confessione
855 1205 919 1246 ac
950 1191 1053 1246 ﬁde
1077 1191 1221 1247 Petri
1248 1190 1484 1259 advenit,
1516 1191 1708 1248 merito
1737 1192 1877 1249 illius
1914 1192 2075 1247 etiam

490 1281 851 1352 appellatione
873 1281 1175 1337 donabitur.
1218 1281 1353 1336 Nam
1380 1282 1801 1338 conversationis
1826 1282 2079 1353 cognatio

490 1372 767 1426 nominum
793 1372 954 1427 etiam
989 1373 1420 1430 communionem
1461 1374 1619 1445 parit.
1642 1373 1872 1428 Oremus
1897 1382 2075 1428 autem

488 1479 700 1524 omnes.
729 1471 790 1518 ut
827 1463 893 1518 ad
920 1472 1252 1520 senectutem
1290 1464 1451 1520 etiam
1481 1465 1627 1521 Petri
1652 1465 1924 1537 perveniat
1954 1482 1969 1520 :
2000 1465 2079 1521 si-

2180 468 2397 539 quidem
2421 471 2701 542 apostolus
2730 471 2842 542 jam
2873 487 3039 529 senex
3066 472 3226 529 vitam
3253 472 3445 530 ﬁnivit.
3480 474 3609 532 Cum
3633 483 3771 533 enim

2177 563 2423 628 δεκαετῆ,
2452 563 2643 632 inquit,
2672 572 2790 617 tunc
2819 564 3022 635 cingent
3055 574 3123 631 te,
3152 573 3202 620 et
3230 565 3416 621 ducem
3444 582 3545 636 quo
3574 577 3629 622 tu
3661 587 3767 626 non

2178 653 2250 708 vis
2281 652 2459 725 (Joan.
2488 654 2580 723 21,
2614 655 2723 725 18).
2766 654 3062 712 Precemur
3104 665 3286 714 autem
3308 666 3365 714 et
3393 658 3529 713 huic.
3552 659 3766 730 longam

2179 743 2301 798 vita:
2324 745 2793 801 conversationem
2820 764 2835 803 :
2867 746 2914 801 si
2942 748 3084 802 enim
3110 748 3436 819 producatur
3452 750 3576 820 ejus
3602 766 3767 807 sene-

2178 844 2320 904 ctus,
2351 837 2570 906 el’ﬁciet,
2602 847 2660 894 ut
2678 840 2851 910 magis
2868 850 3055 911 vegeta
3084 842 3154 896 sit
3177 850 3233 897 et
3267 841 3444 897 vivida
3471 843 3767 913 spiritualis

2175 928 2431 999 juventus
2480 939 2665 987 nostra
2691 947 2707 984 :
2732 947 2897 1001 quam
2946 932 3149 987 utinam
3194 941 3356 990 atate
3383 932 3664 993 ﬂorentem
3701 951 3768 993 ac

2179 1021 2412 1079 vividam
2433 1038 2531 1079 nos
2550 1032 2810 1094 perpetuo
2833 1039 3155 1080 conservare
3179 1026 3453 1096 contingat
3470 1041 3593 1083 cum
3618 1027 3767 1083 illius

2183 1112 2456 1184 precibus,
2505 1123 2563 1170 et
2599 1113 2758 1184 hujus
2799 1114 2965 1182 Petri,
2995 1122 3105 1169 tum
3135 1116 3308 1185 gratia
3352 1125 3408 1172 et
3438 1117 3767 1188 benignitate

2183 1204 2395 1261 Domini
2439 1204 2608 1259 nostri
2640 1204 2769 1261 Jesu
2797 1203 3020 1270 Christi,
3051 1204 3137 1260 cui
3173 1205 3345 1275 gloria
3387 1215 3444 1263 et
3478 1207 3763 1278 imperium

2183 1310 2288 1351 una
2306 1309 2428 1348 etim
2450 1294 2657 1364 Spiritu
2682 1303 2895 1361 sancto,
2912 1310 3058 1351 nunc
3076 1304 3132 1351 ct
3155 1310 3390 1367 semper,
3410 1305 3469 1354 et
3492 1296 3547 1353 in
3569 1297 3772 1355 saecula

2182 1386 2524 1442 sacerdotum.
2552 1386 2749 1443 Amen.

1330 1663 3740 1692 ——__._.___._________________________

490 1843 663 1896 QUOD
707 1845 912 1888 UTIIJS
962 1846 1059 1891 SIT
1101 1848 1327 1893 LECTIO
1368 1850 1705 1895 SACRARUM
1747 1851 2074 1896 SCRIPTUIU

2178 1854 2261 1909 ll,
2293 1854 2375 1896 ΕΤ
2416 1853 2588 1907 QUOD
2628 1854 2983 1900 SERVITUTB
3024 1857 3109 1900 ET
3132 1856 3529 1906 INCOIHODIS
3558 1862 3770 1906 OMNI-

570 1944 685 1989 BUS
712 1945 1271 1991 INEXPUGNABILEM
1304 1951 1560 1993 REDDAT
1603 1952 1761 2007 EUM,
1807 1952 1916 2004 QUI
1958 1953 2196 1996 FUERIT
2238 1954 2335 1997 EIS
2376 1954 2688 1999 INTENTUS

2736 1958 2752 1998 ἶ
2798 1956 2879 2000 ΕΤ
2919 1956 3091 2009 QUOD
3131 1958 3591 2009 Αιόετοιοιωί
3642 1966 3774 2008 κο-

570 2046 702 2089 ΜΕΝ
744 2046 1098 2089 ΠυιτΑιιυΜ
1140 2049 1538 2094 DIGNITATUM
1579 2052 1683 2094 SIT
1708 2053 1950 2106 NOMEN,
1983 2054 2065 2096 ΕΤ

2178 2055 2268 2098 ’01)
2310 2054 2625 2097 ΕΧΤΕΒΝΙΒ
2668 2056 3202 2113 ΜΑθιετιιΑἸ-ιθυεν
3248 2059 3533 2114 ψειερυις
3601 2065 3774 2109 ΔΙ)εο

572 2145 838 2188 REGIBUS
874 2148 1088 2192 nou-0
1124 2126 1434 2194 'Muoneu
1495 2151 1793 2196 nassam
1834 2154 2074 2198 Ροτεετ

2178 2155 2247 2198 m
2289 2154 2372 2197 ET
2416 2153 2910 2199 ΔΠΟῙῸΙΙΙΤΔΤΕΗ
2949 2155 3253 2201 Ανοετωι

569 2248 654 2289 ΔΙ)
696 2248 906 2291 NUPER
948 2248 1332 2294 BAPTIZATOS
1380 2231 1494 2314 (α).

3299 2160 3315 2201 :
3361 2160 3442 2203 nr
3485 2161 3551 2205 ut
3593 2163 3771 2222 rma,

1873 2451 2393 2517 -ςπδδε-θωωρ

562 2651 612 2704 1.
655 2650 906 2705 Alucritas
966 2650 1259 2705 auditorum
1302 2651 1531 2705 tardata.
1593 2649 1878 2721 Scriptura:
1924 2650 2080 2705 lectio

486 2758 603 2794 cum
656 2753 804 2807 prato
847 2741 1054 2795 collata.
1082 2740 1307 2797 —Cum
1355 2750 1647 2812 egestatem
1705 2742 1901 2797 mentis
1939 2757 2079 2797 mea:

486 2831 790 2898 considero,
820 2841 1005 2903 torpeo
1044 2842 1100 2888 et
1148 2832 1354 2903 refugio
1377 2871 1393 2898 ,
1440 2832 1507 2887 ad
1540 2831 1843 2888 habendum
1889 2847 2078 2888 coram

489 2933 637 2977 tanto
659 2924 854 2994 populo
882 2939 1189 2980 sermonem
1218 2925 1472 2979 invitatus
1505 2942 1516 2979 :
1547 2940 1669 2980 cum
1700 2934 1876 2980 autem
1907 2924 2077 2980 animi

488 3017 651 3071 vestri
678 3018 1009 3073 alacritatem
1046 3018 1296 3089 respicio,
1340 3018 1419 3074 sic
1451 3026 1509 3073 ut
1535 3018 1742 3074 nullum
1778 3032 1874 3073 vos
1899 3019 2075 3089 capiat

489 3123 741 3177 nunquam
784 3108 1036 3165 audiendi
1086 3109 1400 3178 fastidium,
1459 3110 1707 3166 ﬁduciam
1750 3126 1970 3167 resumo
2019 3121 2075 3167 et

491 3200 718 3268 excitor,
750 3216 815 3257 ac
845 3213 1094 3274 prompto
1134 3205 1315 3260 animo
1352 3204 1419 3259 ad
1439 3205 1696 3260 doctrinae
1726 3205 1957 3261 stadium
1988 3220 2076 3262 me

490 3293 737 3363 accingo.
768 3293 1007 3351 Possetis
1039 3294 1183 3350 enim
1210 3310 1328 3359 vos,
1358 3296 1403 3349 si
1430 3296 1513 3349 vel
1554 3296 1607 3351 in
1634 3296 1865 3350 animam
1892 3296 2075 3352 incur—

491 3385 701 3441 rissetis
726 3386 1010 3458 lapideam,
1051 3385 1151 3441 hac
1182 3398 1355 3443 vestra
1401 3387 1651 3443 audiendi
1686 3388 1976 3460 cupiditate
2010 3403 2075 3445 ac

489 3477 669 3533 studio
721 3493 894 3548 penna
946 3479 1141 3549 quavis
1187 3478 1444 3535 leviorem
1499 3479 1643 3534 illam
1698 3479 1948 3536 reddere.
2006 3480 2076 3536 Et

488 3568 936 3638 quemadmodum
959 3585 1079 3641 quae
1108 3570 1161 3625 iu
1203 3570 1437 3627 latibulis
1459 3572 1711 3628 animalia
1748 3572 2076 3629 delitescunt

490 3674 554 3714 ac
573 3658 747 3715 media
776 3659 968 3730 hyeme
992 3675 1052 3715 se
1072 3659 1209 3715 intra
1230 3676 1390 3729 rupes
1416 3661 1770 3727 abscondunt,
1800 3663 1888 3718 ubi
1914 3672 2074 3717 aesta-

494 3758 602 3807 tem
632 3749 864 3806 viderint
885 3766 1169 3822 apparere,
1198 3752 1416 3809 latibula
1447 3752 1728 3821 deserunt,
1759 3761 1959 3811 etcum
1986 3770 2075 3811 re-

493 3842 649 3912 liquis
676 3842 1036 3900 animantibus
1061 3855 1474 3918 congregantur,
1515 3862 1580 3902 ac
1604 3846 1764 3903 simul
1792 3847 2071 3903 nobiscum

488 3935 757 3990 exsultant
799 3936 922 3991 :sie
970 3946 1026 3992 et
1067 3938 1277 3992 animus
1318 3948 1518 4003 noster,
1559 3938 1651 4009 qui
1699 3947 1968 4010 tamquam
2018 3938 2072 3994 in

494 4024 773 4082 latibulum
802 4028 1070 4098 quoddam
1103 4029 1483 4084 imbecillitatis
1517 4029 1859 4084 conscientia:
1885 4045 1948 4086 se
1974 4031 2073 4085 ab.

490 4115 672 4183 debat,
711 4133 833 4174 cum
859 4126 1056 4173 vestrae
1084 4118 1319 4172 caritatis
1359 4117 1681 4172 desiderium
1713 4118 1967 4187 intuetur,
2000 4121 2074 4175 Ia-

495 4206 719 4261 tibulum
744 4206 966 4274 deserit,
991 4218 1047 4262 et
1073 4208 1345 4264 vobiscum
1383 4219 1751 4279 congregatur,
1794 4218 1850 4265 et
1892 4211 1943 4266 in
1974 4211 2076 4267 hoc

494 4296 756 4366 spirituali
809 4296 1097 4368 divinaque
1150 4306 1324 4368 prato,
1386 4299 1438 4353 in
1490 4299 1736 4369 paradiso
1788 4300 2075 4373 Scriptura:

495 4386 763 4456 prceclaris
789 4388 1182 4459 Scripturarum
1222 4389 1446 4446 saltibus
1471 4390 1629 4446 simul
1658 4391 1934 4448 vobiscum
1981 4410 2077 4452 ex-

492 4477 680 4534 sultat.
717 4479 815 4535 Est
857 4481 1001 4536 enim
1047 4482 1322 4552 spirituale
1371 4492 1603 4553 pratum,
1653 4500 1719 4541 ac
1765 4485 2072 4543 deliciarum

494 4569 773 4639 paradisus
798 4586 1071 4627 sacrarum
1097 4573 1254 4629 lectio
1273 4573 1685 4644 Scripturarum,
1715 4584 1770 4631 et
1798 4578 2074 4647 paradisus

490 4660 803 4717 deliciarum
843 4664 1012 4719 multo
1040 4664 1132 4720 illo
1157 4666 1347 4721 melior
1375 4667 1643 4737 paradiso.
1688 4668 1841 4724 Hunc
1867 4672 2075 4740 paradi-

491 4767 609 4809 smn
640 4769 749 4807 non
778 4755 832 4809 in
862 4763 1027 4822 terra,
1050 4756 1143 4813 sed
1174 4757 1225 4813 in
1256 4758 1488 4814 ﬁdelium
1514 4758 1797 4815 animabus
1818 4761 2077 4829 plantavit

496 4844 638 4901 Deus
667 4863 681 4901 :
712 4847 855 4903 hunc
885 4848 1187 4919 paradisum
1227 4865 1333 4905 non
1376 4850 1427 4905 in
1451 4850 1639 4917 Edem,
1669 4866 1767 4907 nec
1795 4852 1863 4907 ad
1893 4852 2073 4907 orien-

493 4948 599 4992 tem
628 4953 734 4993 uno
761 4939 1222 5012 circumscriptum
1252 4941 1371 4998 loco
1398 4942 1597 5012 posuit,
1620 4943 1716 4998 sed
1746 4942 1939 5014 ubique
1969 4953 2076 4999 ter-

488 5045 670 5083 rarum
697 5030 968 5099 expandit,
1002 5042 1056 5086 et
1087 5032 1138 5086 in
1180 5032 1313 5088 ﬁnes
1350 5033 1497 5089 orbis
1519 5042 1784 5090 terrarum
1812 5035 2070 5090 extendit.

492 5122 666 5189 Atque
691 5129 751 5173 ut
775 5121 1041 5192 intelligas
1066 5123 1118 5177 in
1142 5123 1450 5179 universum
1476 5125 1660 5181 orbem
1684 5134 1945 5181 terrarum
1974 5140 2071 5182 ex-

496 5224 692 5280 pansas
729 5225 851 5267 esse
894 5211 1216 5282 Scripturas,
1262 5216 1387 5269 audi
1421 5215 1732 5285 prophetam
1760 5216 2023 5271 dicentem
2054 5232 2069 5270 :

491 5311 555 5357 lu
582 5319 783 5357 omnem
809 5313 994 5357 terram
1020 5304 1170 5358 exivit
1212 5322 1367 5360 sonus
1396 5322 1590 5371 eorum,
1633 5317 1679 5361 ct
1704 5308 1755 5360 in
1784 5309 1909 5376 ﬁnes
1938 5308 2073 5362 orbis

489 5407 637 5449 terra:
661 5392 807 5449 verba
828 5412 1000 5450 eorum
1028 5393 1196 5467 (Psal.
1216 5397 1303 5451 18.
1334 5396 1387 5452 5.
1408 5396 1561 5453 Rom.
1595 5398 1681 5454 10.
1717 5399 1827 5468 18).
1856 5398 1979 5455 Sive
2004 5399 2070 5452 ad

492 5483 648 5541 ludus
693 5495 749 5542 te
780 5485 1047 5552 conferas,
1093 5503 1226 5557 quos
1264 5488 1444 5544 oriens
1472 5489 1672 5558 primos
1714 5490 1793 5544 sol
1834 5490 2069 5561 respicit,

488 5580 602 5633 sive
629 5579 695 5634 ad
726 5596 981 5637 oceanum
1006 5590 1056 5637 te
1077 5581 1340 5649 conferas,
1364 5581 1476 5639 sive
1503 5581 1569 5637 ad
1593 5582 1923 5637 Britannicas
1954 5582 2070 5637 illas

552 5709 623 5779 (ᾳ)
658 5711 835 5779 foliata
856 5727 967 5779 cum
993 5713 1310 5779 tts._(:olhert.
1334 5715 1475 5777 5038,
1515 5716 1598 5766 ubi
1631 5728 1805 5779 magna
1840 5728 1953 5778 pars
1983 5714 2069 5765 ho-

488 5771 631 5822 unlia:
655 5773 705 5823 in
727 5775 959 5839 pl'inClpiO
981 5775 1304 5827 desideratur.

2183 2648 2407 2712 insulas,
2451 2646 2565 2704 sive
2604 2648 2659 2704 in
2704 2649 2969 2707 Euxinum
3001 2661 3220 2723 pontum
3262 2657 3502 2727 naviges,
3538 2658 3652 2714 sive
3691 2661 3764 2715 ad

2180 2741 2438 2795 australes
2479 2751 2657 2811 partes
2702 2741 2882 2809 abeas,
2926 2760 3114 2801 omnes
3153 2747 3345 2818 ubique
3382 2749 3567 2806 audies
3595 2752 3662 2807 de
3698 2753 3769 2808 iis

2179 2847 2299 2901 qua:
2342 2830 2395 2885 in
2436 2832 2706 2903 Scriptura
2749 2845 2874 2889 sunt
2914 2834 3372 2907 philosOphantes,
3408 2840 3511 2895 alia
3546 2843 3762 2912 quidem

2179 2940 2334 2989 voce,
2358 2925 2453 2980 sed
2489 2942 2601 2981 non.
2617 2927 2717 2981 alia
2740 2926 2864 2992 ﬁde,
2891 2943 2953 2983 ac
2982 2928 3165 3001 lingua
3184 2932 3397 3001 quidem
3421 2933 3654 3002 diversa,
3671 2935 3773 2993 sed

2178 3026 2360 3072 mente
2394 3032 2648 3073 consona.
2684 3017 2818 3073 Nam
2847 3018 3040 3090 lingua:
3068 3021 3281 3090 quidem
3322 3038 3456 3078 sono
3496 3024 3771 3094 diﬂ’erunt,

2178 3108 2452 3178 religionis
2471 3117 2650 3164 autem
2682 3110 2840 3164 modo
2858 3126 2961 3165 non
2990 3111 3240 3167 diﬂ‘erunt
3260 3123 3341 3168 :et
3359 3116 3534 3184 lingua
3551 3116 3769 3185 quidem

2178 3198 2404 3255 barbare
2432 3188 2733 3270 loquuntur,
2766 3201 2862 3256 sed
2888 3201 3050 3256 animi
3090 3217 3248 3257 sensu
3279 3202 3722 3275 phiIOSOpbantur
3754 3225 3770 3265 :

2179 3290 2512 3346 solmcismos
2534 3290 2732 3346 faciunt
2749 3306 2902 3357 sono,
2924 3292 3019 3348 sed
3043 3294 3289 3363 pietatem
3308 3296 3543 3351 moribus
3558 3298 3771 3359 ,eolnnt.

2250 3379 2492 3435 Paradisi
2520 3382 2733 3451 ﬂumina
2764 3398 2896 3453 qua.
2926 3383 3051 3436 Cum
3096 3388 3233 3455 fonte
3277 3396 3600 3456 cOMparatur
3630 3388 3773 3444 Scri-

2180 3482 2350 3544 ptura.
2373 3504 2443 3515 —-
2466 3473 2625 3530 Vides
2663 3474 3061 3543 amplitudinem
3104 3477 3330 3546 paradisi
3358 3477 3424 3533 ad
3464 3479 3596 3535 ﬁnes
3623 3482 3776 3537 orbis

2179 3573 2440 3620 terrarum
2470 3567 2716 3622 extensi?
2761 3567 2855 3622 Hic
2901 3581 3122 3637 serpens
3169 3584 3273 3624 non
3316 3579 3424 3637 est,
3456 3570 3602 3627 locus
3630 3583 3714 3628 est
3736 3588 3774 3628 a

2177 3656 2304 3713 feris
2331 3657 2603 3726 immunis,
2629 3673 2693 3715 ac
2721 3657 2947 3728 Spiritus
2970 3661 3138 3716 sancti
3168 3660 3335 3730 gratia
3375 3663 3627 3718 munitur.
3658 3663 3768 3719 Ha-

2181 3749 2271 3805 bet
2311 3759 2365 3805 et
2412 3749 2609 3805 fontem
2656 3750 2742 3805 hic
2785 3750 3093 3820 paradisus,
3147 3752 3594 3823 quemadmodum
3640 3754 3772 3822 ille,

2178 3841 2380 3898 ΐυιιιοπι
2428 3858 2497 3898 ex
2540 3857 2646 3912 quo
2695 3842 2970 3898 innumera
3029 3852 3317 3899 nascuntur
3365 3844 3603 3910 ﬂumina,
3655 3862 3772 3901 non

2182 3943 2413 4000 quatuor
2439 3941 2663 3987 tantum.
2695 3933 2809 3987 Non
2836 3933 2977 3989 enim
3004 3933 3254 4003 Trigrim,
3287 3950 3387 3990 nec
3417 3935 3766 4006 Euphratem,

2179 4038 2278 4077 nec
2321 4022 2629 4094 Egyptium
2672 4024 2870 4091 Nilum,
2921 4040 3018 4081 nec
3060 4025 3242 4080 Indum
3270 4026 3529 4098 Gangem,
3555 4028 3649 4084 sed
3679 4031 3766 4085 in-

2179 4129 2433 4169 numeros
2482 4114 2598 4168 fons
2644 4115 2742 4169 iste
2789 4115 2978 4171 ﬂuvios
3019 4117 3257 4172 ellundit.
3306 4118 3434 4186 Quis
3473 4119 3575 4175 hoc
3599 4121 3768 4177 dicit?

2180 4204 2320 4259 Dens
2358 4204 2491 4274 ipse,
2534 4205 2622 4275 qui
2668 4206 2856 4261 ﬂuvios
2892 4207 3044 4264 nobis
3089 4209 3220 4263 istos
3266 4209 3482 4280 largitus
3505 4221 3629 4265 est:
3664 4212 3768 4277 Qui

2179 4299 2309 4348 enim
2330 4296 2488 4351 credit
2514 4298 2566 4350 in
2592 4313 2689 4361 me,
2724 4296 2914 4368 inquit,
2941 4299 3072 4353 sicut
3090 4299 3218 4354 dixit
3236 4300 3523 4371 Scriptura.
3551 4304 3766 4371 [Iuntina

2178 4386 2242 4441 de
2269 4396 2435 4442 ventre
2477 4390 2586 4459 eius
2630 4389 2791 4459 ﬂuent
2834 4404 2980 4459 aqua:
3003 4389 3127 4444 viva
3166 4388 3343 4461 (Joan.
3376 4391 3428 4445 7.
3459 4392 3573 4461 38).
3605 4392 3768 4449 Vides

2179 4492 2236 4535 ut
2262 4496 2382 4534 non
2425 4490 2652 4551 quatuor
2696 4480 2937 4547 ﬂumina,
2982 4480 3078 4536 sed
3121 4480 3326 4537 inﬁnita
3372 4483 3441 4539 ab
3487 4485 3576 4539 illo
3617 4484 3767 4541 fonte

2179 4570 2479 4642 proﬂuam?
2504 4570 2688 4642 Neque
2717 4587 2848 4628 vero
2872 4571 3207 4627 multitudine
3228 4580 3453 4641 tantum,
3483 4574 3575 4630 sed
3601 4576 3765 4631 etiam

2179 4675 2366 4718 natura
2413 4662 2533 4718 fons
2576 4673 2660 4719 est
2697 4665 2955 4720 mirabilis
2983 4681 2996 4717 :
3025 4680 3197 4736 neque
3220 4666 3365 4721 enim
3388 4681 3541 4737 aqua:
3566 4668 3764 4723 ﬂuenta

2175 4763 2321 4819 sunt,
2359 4752 2454 4809 sed
2501 4753 2732 4825 Spiritus
2772 4753 2932 4809 dona.
2962 4753 3106 4809 Fons
3147 4753 3247 4810 iste
3278 4756 3331 4810 in
3367 4756 3602 4828 singulas
3628 4758 3764 4813 ﬁde-

2178 4844 2305 4898 lium
2354 4853 2562 4901 mentes
2606 4845 2876 4912 dividitur,
2922 4853 2978 4899 et
3023 4861 3130 4901 non
3159 4844 3456 4901 minuitur:
3486 4847 3760 4914 dividitur,

2174 4944 2225 4990 et
2259 4951 2364 4991 non
2403 4938 2777 4992 consumitur:
2809 4935 3137 5007 dispertitur,
3185 4945 3241 4993 et
3286 4937 3461 4993 minor
3505 4955 3608 4993 non
3658 4939 3755 5001 ﬁt;

2176 5029 2317 5100 apud
2361 5045 2548 5085 omnes
2592 5031 2815 5101 integer,
2865 5038 2921 5086 et
2967 5030 3021 5084 in
3068 5029 3290 5100 singulis
3334 5031 3557 5103 integer.
3610 5032 3761 5087 Talia

2175 5134 2403 5191 namque
2423 5128 2546 5173 sunt
2563 5119 2791 5188 Spiritus
2808 5119 2970 5175 dona.
2997 5108 3086 5175 Vis
3107 5128 3163 5175 tu
3191 5120 3507 5175 ﬂuentorum
3537 5122 3761 5176 istorum

2176 5212 2474 5266 ubertatem
2501 5209 2864 5280 cognoscere?
2889 5210 2968 5265 vis
2992 5226 3251 5281 aquarum
3282 5223 3526 5266 naturam
3554 5226 3761 5282 cogno-

2175 5304 2490 5373 scere?quo
2520 5309 2675 5371 pacto
2706 5302 2787 5356 his
2827 5316 2931 5356 non
2973 5302 3195 5369 similes,
3238 5303 3333 5357 sed
3379 5302 3462 5357 his
3509 5303 3762 5358 meliores
3858 5375 3866 5388 ι

2174 5408 2297 5453 sunt
2339 5406 2394 5452 ct
2437 5396 2826 5451 mirabiliores?
2872 5394 3009 5450 Audi
3057 5411 3240 5450 rursus
3278 5395 3545 5450 Christum
3586 5396 3757 5464 ipsum

2174 5491 2521 5544 Samaritana:
2549 5488 2838 5553 dicentem,
2872 5494 2929 5540 ut
2956 5485 3250 5541 ubertatem
3286 5484 3448 5541 fontis
3476 5501 3756 5558 agnoscas.

2174 5581 2340 5647 Aqua,
2370 5597 2521 5650 quam
2568 5596 2658 5650 ego
2702 5578 2852 5643 dabo,
2907 5577 3078 5647 inquit
3126 5576 3290 5643 ﬁdeli,
3323 5578 3407 5645 ﬁet
3433 5578 3485 5631 in
3533 5594 3593 5632 eo
3642 5582 3759 5647 fons

2172 5687 2319 5741 aqua:
2356 5670 2581 5725 salientis
2618 5670 2671 5723 in
2714 5669 2866 5722 tritam
2911 5677 3148 5722 aztcrnam
3194 5665 3371 5742 (Joan.
3413 5669 3467 5723 4.
3498 5668 3608 5738 1-1).
3639 5667 3754 5723 Non

2175 5762 2327 5832 dixit,
2376 5760 2639 5830 exeuntis,
2672 5776 2777 5817 non
2801 5757 2959 5827 dixit,
2991 5756 3194 5826 eﬂusm,
3223 5757 3337 5824 sed,
3366 5756 3627 5835 Saliertlis,
3663 5772 3758 5828 per
