4066 6274
265 396 336 451 89
878 392 965 452 DE
1007 394 1251 452 UTILIT.
1294 393 1649 452 LECTIONIS
1684 390 2239 451 SCRIPTURARUM.
2285 388 2354 446 ΙΝ
2384 386 2667 447 PRINCIP.
2709 382 3159 444 AC'I'ORUMJH.
3483 383 3553 441 90

269 509 439 567 saltus
478 505 856 563 abundantiam
898 508 1055 564 nobis
1096 508 1422 577 exprimens.
1468 506 1580 563 Illa:
1629 507 1862 563 fontanae

280 601 457 655 solent
484 614 633 669 aquae
662 597 927 669 prosilire,
958 610 1118 670 atque
1138 598 1371 670 undique
1403 614 1705 670 erumpere,
1734 612 1866 668 quas

277 692 555 747 continere
585 691 703 745 sinu
734 689 907 745 fontes
932 699 1223 762 nequeunt,
1246 691 1342 745 sed
1363 692 1552 745 ﬂuctus
1572 688 1866 760 frequentia

284 787 406 840 victi
438 784 669 854 undique
694 783 812 838 illas
839 785 1193 838 scaturientes
1216 782 1514 838 effundunt.
1539 782 1674 837 Cum
1708 781 1867 851 igitur

278 880 489 933 laticum
536 878 746 949 copiam
790 879 954 933 vellet
994 877 1249 941 indicare,
1296 878 1538 933 Salienn's
1576 876 1725 939 dixit,
1760 891 1862 932 nov

276 971 541 1024 exeuntis.
611 970 705 1025 Vis
778 970 936 1025 etiam
1011 979 1252 1023 naturam
1317 969 1433 1039 ejus
1507 967 1867 1037 cognoscere?

276 1061 356 1116 Ex
412 1077 511 1116 usu
561 1076 843 1131 cognosce.
884 1061 999 1116 Non
1035 1062 1174 1115 enim
1220 1061 1283 1114 ad
1325 1063 1483 1114 vitam
1524 1070 1862 1130 pmsentem,

276 1153 369 1208 sed
419 1153 487 1207 ad
538 1153 701 1207 vitam
755 1162 1005 1207 attentam
1070 1161 1151 1206 est
1214 1152 1374 1206 utilis.
1425 1152 1481 1206 ln
1546 1151 1647 1207 hoc
1710 1153 1867 1221 igitur

276 1244 524 1315 paradiso
569 1260 843 1299 versemur
888 1261 901 1297 :
964 1244 1294 1299 assideamus
1357 1243 1525 1307 fonti,
1594 1259 1662 1299 ne
1713 1243 1866 1297 nobis

275 1336 486 1390 accidat
550 1334 601 1389 id
671 1334 811 1405 quod
892 1334 1097 1388 Adamo
1163 1335 1401 1397 accidit,
1488 1342 1541 1389 et
1622 1334 1867 1402 paradiso

278 1426 627 1482 excidemus:
662 1442 727 1480 ne
775 1426 1129 1495 perniciosum
1177 1427 1456 1480 consilium
1501 1425 1862 1489 admittamtts,

278 1534 347 1573 ne
390 1517 583 1571 diaboli
624 1517 865 1571 fraudem
911 1517 1260 1586 suscipiamus
1292 1534 1306 1570 :
1338 1533 1645 1571 maneamus
1676 1517 1816 1571 intus
1847 1534 1862 1571 :

278 1610 474 1678 quippe
522 1609 686 1663 multa
732 1608 855 1663 inde
902 1609 1157 1663 securitas
1189 1627 1201 1661 :
1237 1610 1288 1663 in
1321 1608 1546 1663 lectione
1579 1609 1865 1678 Scriptum

280 1700 432 1753 istius
478 1714 903 1768 permaneamus.
955 1697 1023 1754 Ut
1068 1698 1209 1753 ehim
1242 1700 1295 1763 ii,
1329 1700 1416 1769 qui
1447 1699 1576 1754 fonti
1607 1700 1863 1765 assident,

279 1798 332 1843 et
380 1804 506 1843 aura
556 1790 640 1843 illa
674 1791 936 1852 fruuntur,
969 1799 1024 1844 et
1048 1802 1179 1843 testu
1225 1790 1503 1860 ingruente
1540 1792 1724 1845 faciem
1757 1792 1863 1846 fre-

282 1888 510 1948 quenter
555 1879 896 1949 immergunt,
944 1880 1190 1935 laticibus
1234 1882 1476 1934 azstivum
1505 1883 1738 1937 calorem
1767 1882 1863 1936 de-

285 1968 508 2036 pellunt,
541 1977 596 2022 et
622 1969 758 2034 sitis,
788 1984 891 2039 qua
917 1979 1194 2035 vexantur,
1226 1970 1366 2024 malo
1411 1971 1710 2032 medentur,
1740 1972 1866 2025 dum

284 2058 390 2111 illis
416 2057 483 2112 de
511 2060 806 2128 propinquo
846 2059 990 2113 fonte
1019 2061 1311 2115 remedium
1344 2065 1577 2130 suppetit
1607 2078 1623 2115 :
1662 2062 1739 2117 sic
1776 2062 1867 2133 qui

282 2164 556 2203 sacrarum
590 2151 719 2204 fonti
769 2151 1162 2221 Scripturarum
1221 2153 1453 2220 assidet,
1506 2154 1629 2208 licet
1656 2152 1870 2208 nefaria:

283 2240 517 2295 libidinis
546 2239 759 2296 ﬂamma
783 2242 1004 2296 cruciari
1050 2258 1108 2296 se
1135 2244 1360 2307 sentiat,
1389 2258 1507 2298 cum
1535 2245 1766 2300 animam
1794 2244 1871 2299 la-

282 2332 472 2386 licilnts
521 2333 624 2387 illis
652 2332 961 2402 perfuderit,
991 2334 1145 2390 facile
1172 2334 1439 2390 flammam
1469 2337 1677 2406 repellit
1705 2356 1719 2392 :
1757 2338 1870 2392 sive

282 2422 480 2477 fervida
524 2423 733 2478 infestet
778 2424 1069 2489 iracundia,
1100 2440 1218 2491 qua:
1257 2435 1523 2496 tamquam
1553 2442 1867 2482 succensum

284 2514 510 2568 lcltctcm
548 2530 641 2570 cor
686 2515 998 2581 inflammat,
1042 2517 1086 2571 si
1118 2518 1385 2572 modicum
1432 2534 1584 2589 aqua:
1624 2520 1863 2586 instillet,

282 2604 564 2659 confestim
624 2608 714 2659 im
768 2607 1218 2677 importunitatem
1271 2618 1579 2678 compescet
1633 2628 1647 2663 :
1699 2620 1755 2665 et
1802 2626 1866 2665 ex

284 2697 531 2751 omnibus
578 2697 751 2767 pravis
798 2698 1204 2768 cogitationibus
1233 2701 1463 2754 animam
1508 2709 1772 2771 tamquam
1803 2716 1868 2755 ex

285 2788 460 2842 media
504 2788 713 2841 flamma
758 2790 947 2858 eripiet
976 2804 1244 2845 sacrarum
1276 2792 1431 2846 lectio
1455 2791 1867 2860 Scripturarum.

357 2879 415 2932 2.
456 2879 625 2946 Quam
672 2879 742 2932 ob
785 2893 999 2934 causam
1048 2882 1206 2935 etiam
1253 2897 1475 2952 magnus
1503 2882 1589 2936 ille
1616 2883 1871 2952 propheta

284 2968 475 3035 David,
504 2983 622 3023 cum
646 2970 807 3038 probe
833 2973 1010 3036 sciret,
1036 2983 1229 3042 quanta
1256 2989 1318 3027 ex
1341 2973 1568 3029 lectione
1587 2975 1873 3044 Scriptura:

286 3068 469 3113 manet
518 3060 735 3122 utilitas,
779 3075 899 3115 eum
930 3063 1020 3132 qui
1059 3062 1344 3133 Scripturis
1392 3075 1646 3135 perpetuo
1692 3065 1762 3120 sit
1788 3066 1872 3120 in-

287 3158 488 3214 tentus,
516 3159 570 3203 et
598 3165 780 3204 earum
807 3151 1072 3222 colloquio
1111 3154 1338 3219 fruatur,
1369 3171 1490 3210 cum
1522 3157 1699 3226 planta
1723 3172 1872 3211 com-

288 3249 442 3309 parat
464 3256 579 3308 qua:
624 3255 836 3311 semper
876 3242 1078 3307 ﬂoreat,
1124 3244 1274 3313 juxta
1302 3245 1443 3301 rivos
1466 3262 1720 3316 aquarum
1750 3246 1867 3313 sita,

286 3328 417 3382 dum
448 3330 515 3384 ita
544 3330 778 3400 loquitur
808 3350 821 3386 :
851 3332 1037 3388 Beatus
1069 3337 1162 3401 vir,
1190 3338 1277 3405 qui
1301 3353 1401 3390 non
1428 3338 1549 3391 abiit
1585 3338 1637 3391 in
1664 3337 1874 3391 consilio

287 3421 579 3488 impiorum,
608 3433 653 3474 et
678 3424 728 3476 in
754 3425 834 3477 via
866 3437 1182 3495 peccatorum
1212 3444 1312 3481 non
1339 3430 1490 3493 stetit,
1532 3439 1579 3483 et
1620 3430 1669 3482 in
1697 3431 1873 3485 cat/te-

288 3512 385 3563 dra
411 3515 703 3581 pestilentiae
737 3533 839 3569 non
884 3518 1048 3572 sedit:
1076 3520 1165 3572 sed
1188 3520 1241 3572 in
1277 3521 1385 3590 lege
1415 3521 1618 3574 Domini
1646 3523 1876 3575 voluntas

286 3605 419 3673 ejus,
441 3615 483 3658 et
508 3606 560 3659 in
578 3607 685 3678 lege
713 3609 823 3679 ejus
850 3610 1169 3664 meditabitur
1180 3613 1261 3665 die
1280 3629 1340 3665 ac
1366 3623 1509 3666 nocte
1530 3630 1549 3667 :
1567 3623 1611 3666 et
1633 3617 1721 3667 erit
1747 3625 1875 3667 tam-

286 3711 440 3763 quam
467 3696 678 3767 lignum,
711 3700 846 3769 quod
871 3700 1151 3768 plumatum
1181 3712 1253 3756 est
1281 3721 1421 3758 serus
1446 3706 1686 3760 decursus
1711 3723 1876 3777 aqua-

285 3803 403 3839 rum
457 3787 626 3859 (l’sal.
684 3790 913 3861 1.1-5).
974 3792 1042 3847 Ut
1096 3795 1237 3847 enim
1289 3796 1485 3865 lignum
1538 3797 1666 3851 illud
1722 3813 1877 3853 secus

285 3893 547 3949 aquarum
592 3881 849 3937 decursus
900 3885 1209 3953 plantntum,
1250 3896 1302 3939 et
1328 3887 1475 3954 juxta
1520 3890 1662 3941 rivos
1693 3891 1874 3955 sitmn,

284 3971 413 4025 dum
456 3974 676 4041 perenni
722 3989 977 4044 aquarum
1021 3977 1172 4045 copia
1200 3977 1463 4047 irrigatur,
1506 3979 1648 4032 nulla
1680 3979 1874 4033 intem-

287 4063 437 4131 perie
474 4064 616 4117 acris
658 4064 775 4118 lzedi
818 4073 1008 4135 potest,
1049 4076 1103 4121 et
1145 4083 1316 4138 neque
1344 4069 1472 4122 solis
1497 4070 1675 4123 radios
1700 4070 1876 4125 acrius

287 4158 671 4213 incalescentes
698 4159 1027 4226 reformidat,
1052 4176 1225 4231 neque
1245 4162 1471 4232 graviori
1494 4172 1625 4217 wstu
1652 4165 1875 4219 Stevien-

287 4259 394 4303 tem
423 4264 599 4304 aerem
647 4251 1001 4319 pertimescit;
1047 4266 1167 4306 cum
1213 4253 1355 4306 enim
1403 4253 1660 4308 inclusum
1710 4255 1764 4308 in
1814 4270 1874 4310 se

284 4338 638 4394 sufﬁcientem
688 4341 966 4396 humorem
1014 4341 1226 4409 habeat,
1272 4360 1485 4400 onmem
1515 4345 1651 4400 radii
1680 4346 1873 4402 solaris

283 4430 522 4486 exterius
565 4431 896 4503 ingruentem
942 4433 1189 4489 ardorem
1219 4439 1396 4491 statim
1430 4438 1646 4507 depellit
1672 4454 1734 4493 ac
1760 4439 1871 4493 dis-

284 4522 418 4576 cutit
459 4540 473 4575 :
518 4523 596 4577 sic
638 4526 795 4578 etiam
843 4525 1017 4579 anima
1066 4541 1185 4597 qua:
1224 4527 1371 4596 juxta
1414 4544 1688 4583 sacrarum
1730 4530 1873 4585 rivos

284 4613 677 4683 Scripturarum
709 4616 879 4684 sedet,
910 4632 972 4672 ac
996 4629 1251 4688 perpetuo
1280 4621 1500 4690 rigatur,
1530 4621 1656 4676 dum
1689 4623 1871 4679 latices

286 4704 426 4771 illos,
457 4721 739 4777 roremque
772 4708 1001 4778 Spiritus
1044 4710 1097 4765 in
1135 4712 1419 4782 semetipsa
1446 4713 1661 4783 colligit,
1695 4717 1871 4769 omni-

282 4795 385 4853 bus
408 4813 586 4853 rerum
627 4800 976 4853 humanarum
1016 4800 1365 4856 incommodis
1391 4804 1607 4858 resistet
1640 4804 1866 4870 invicta;

281 4889 393 4942 sive
438 4889 675 4954 morbus,
723 4892 836 4944 sive
882 4891 1223 4958 contumelia,
1268 4894 1381 4948 sive
1427 4894 1714 4960 calumnia,
1758 4896 1871 4951 sive

281 4981 562 5050 vituperia,
606 4981 720 5036 sive
757 4993 1072 5050 scomtnata,
1116 4985 1228 5040 sive
1257 4986 1466 5055 pigritia
1495 4989 1715 5058 quaevis,
1756 4989 1869 5045 sive

279 5080 474 5125 cuncta
522 5071 704 5126 mttndi
749 5072 884 5126 mala
929 5074 983 5128 in
1032 5074 1292 5143 ejusmodi
1334 5077 1564 5132 animam
1613 5079 1866 5149 impetum

281 5162 494 5229 faciant,
521 5162 675 5218 facile
705 5167 1159 5234 perturbationum
1186 5168 1486 5223 incendium
1515 5172 1865 5239 propulsabit,

279 5272 398 5309 cum
444 5256 725 5311 sufficienti
755 5259 1002 5314 lectionis
1029 5261 1321 5331 Scriptum
1344 5263 1534 5317 solatio
1562 5267 1862 5321 roboretur.

277 5345 412 5401 Nam
462 5363 635 5417 neque
671 5348 856 5419 gloria:
903 5350 1231 5422 magnitudo,
1263 5367 1434 5423 neque
1462 5356 1711 5423 potentia:
1750 5372 1866 5410 ma-

279 5437 462 5506 iestas,
496 5453 596 5493 nec
616 5440 909 5496 amicorum
946 5444 1253 5512 praesentia,
1282 5458 1379 5498 nec
1408 5444 1551 5499 aliud
1579 5446 1865 5516 quidquam

277 5544 341 5583 ex
386 5531 549 5586 rebus
595 5530 841 5588 humanis
883 5537 1117 5590 animum
1148 5535 1283 5591 adeo
1322 5537 1533 5592 tristitia
1564 5541 1865 5597 confectum

275 5622 440 5677 solari
470 5625 683 5694 poterit,
712 5641 775 5681 ac
796 5641 1068 5683 sacrarum
1097 5628 1255 5685 lectio
1282 5629 1700 5699 Scripturarum.
1730 5634 1865 5704 Quid

279 5713 371 5768 ita?
400 5716 554 5781 Quod
576 5716 664 5769 illa
680 5716 890 5786 quidem
907 5718 1103 5773 caduca
1126 5720 1250 5785 sint,
1274 5731 1329 5775 et
1354 5721 1594 5777 interitni
1613 5724 1861 5795 obnoxia,

279 5820 432 5875 quam
465 5806 534 5863 ob
563 5821 776 5864 causam
820 5819 869 5863 et
911 5810 1196 5866 obnoxium
1244 5813 1476 5869 intcritui
1509 5825 1590 5871 est
1631 5817 1863 5888 ipsorum

1924 5752 1973 5791 κ

1973 506 2221 561 solatium
2252 522 2267 559 :
2298 514 2351 559 at
2403 502 2561 559 lectio
2600 501 2889 571 Scriptum
2928 497 3247 567 colloquium
3299 503 3383 551 est
3431 510 3580 551 cum.

1972 597 2103 651 Deo.
2132 596 2356 663 Quando
2386 595 2546 665 igitur
2572 608 2695 648 eum
2733 592 2822 663 qui
2846 591 3056 646 tristitia
3086 589 3154 644 sit
3179 588 3398 645 affectus
3426 603 3554 643 con-

1970 687 2172 741 solatttr
2220 686 2380 751 Deus,
2422 683 2548 753 quid
2574 699 2637 737 ex
2662 682 2822 738 rebus
2846 681 3039 737 creatis
3077 680 3249 749 ipsum
3278 678 3328 732 itt
3360 694 3555 732 nueru-

1970 793 2083 832 rem
2113 785 2285 847 potest
2307 774 2610 843 conjicere?

1936 888 1958 900 ι
2042 869 2122 922 Ad
2157 868 2417 922 lectionem
2466 865 2750 935 Scriptura:
2796 877 2956 917 sacrae
2983 862 3232 916 hortatur.
3288 859 3555 930 Scriptum

1924 945 1945 965 ⁵
1969 976 2083 1012 cum
2109 959 2319 1012 nubibus
2346 957 2551 1011 collata.
2576 953 2905 1009 -—Lectioni
2947 968 3076 1022 ergo
3126 952 3292 1005 simus
3339 950 3552 1015 intenti,

1972 1069 2076 1106 non
2105 1052 2235 1106 duas
2259 1059 2461 1105 tantum
2486 1050 2581 1103 has
2607 1047 2766 1102 horas
2786 1045 2924 1118 (non
2950 1046 3092 1099 enim
3119 1044 3184 1097 ad
3213 1044 3552 1098 securitatem

1972 1143 2162 1197 sufﬁcit
2210 1142 2324 1195 haec
2362 1140 2561 1194 auditio
2596 1138 2807 1207 nuda),
2849 1136 2942 1192 sed
2987 1144 3290 1206 perpetuo:
3332 1132 3556 1203 quisque

1970 1233 2188 1288 domum
2235 1245 2482 1286 reversus
2517 1229 2706 1285 Libros
2747 1241 2929 1282 sacros
2963 1227 3016 1281 iu
3046 1240 3236 1279 manus
3279 1234 3471 1287 sumat,
3502 1231 3556 1277 et

1970 1340 2153 1379 eorum
2196 1339 2315 1393 qua:
2357 1322 2495 1377 dicta
2546 1329 2671 1375 sunt
2708 1333 2899 1373 sensus
2937 1325 3229 1387 percurrat,
3268 1317 3312 1369 si
3338 1314 3555 1385 quidem

1971 1424 2283 1486 perpetuam
2314 1420 2370 1466 et
2395 1410 2746 1466 sufficientem
2772 1408 3054 1462 utilitatem
3082 1407 3359 1476 percipere
3377 1404 3557 1472 cupiat

1970 1522 2035 1560 ex
2077 1505 2368 1575 Scriptura.
2411 1502 2543 1557 Nam
2588 1511 2642 1555 et
2673 1502 2871 1570 lignum
2904 1500 3030 1553 illud
3049 1498 3197 1567 juxta
3223 1497 3362 1551 rivos
3393 1496 3577 1550 situm,

1971 1612 2076 1650 non
2112 1596 2177 1650 ad
2221 1595 2353 1648 duas
2392 1601 2447 1647 et
2490 1603 2599 1646 tres
2644 1590 2803 1644 horas
2831 1604 2953 1644 cum
2982 1588 3134 1658 aquis
3159 1596 3420 1651 versatur,
3458 1585 3571 1639 sed,

1970 1688 2245 1742 omnidie
2285 1687 2536 1756 omnique
2583 1692 2759 1738 nocte.
2813 1683 3099 1750 Propterea
3149 1679 3288 1734 foliis
3333 1687 3553 1745 vernat,

1972 1787 2251 1849 propterea
2303 1778 2474 1831 fructu
2520 1787 2773 1845 gravatur
2816 1774 3016 1841 lignum
3050 1770 3199 1833 illud,
3232 1771 3356 1825 licet
3381 1769 3556 1824 nullus

1971 1885 2035 1923 ex
2084 1869 2386 1922 hominibus
2432 1867 2563 1921 illud
2593 1866 2777 1935 irriget
2804 1882 2818 1918 :
2856 1864 3105 1934 quoniam
3132 1863 3281 1931 juxta
3304 1862 3445 1915 rivos
3473 1873 3556 1916 est

1972 1961 2257 2023 consitum,
2304 1958 2570 2013 radicibus
2619 1957 2894 2010 humorem
2924 1953 3161 2017 attrahit,
3201 1962 3257 2007 ct
3282 1953 3430 2022 quasi
3463 1967 3556 2021 per

1974 2062 2179 2108 meatus
2207 2053 2464 2123 quosdam
2492 2052 2544 2106 in
2577 2060 2741 2104 totum
2768 2062 2961 2119 corpus
2983 2047 3260 2101 utilitatem
3295 2046 3559 2099 transfun-

1973 2145 2052 2201 dit
2082 2163 2095 2199 :
2125 2146 2206 2201 sic
2231 2155 2286 2200 et
2325 2145 2371 2200 is
2398 2144 2489 2212 qui
2515 2143 2820 2213 Scripturas
2875 2154 3058 2195 sacras
3081 2138 3292 2193 assidue
3328 2138 3475 2207 legit,
3504 2147 3558 2190 et

1970 2239 2117 2309 juxta
2162 2238 2306 2292 rivos
2352 2236 2560 2290 illarum
2608 2232 2829 2299 residet,
2876 2231 3001 2285 licet
3028 2228 3295 2284 nemiuetu
3343 2226 3556 2292 habeat,

1973 2333 2065 2400 qui
2112 2332 2510 2399 interpretetur,
2544 2326 2809 2396 frequenti
2840 2323 3067 2378 lectione
3108 2319 3261 2390 quasi
3292 2318 3558 2373 radicibus

1972 2422 2290 2492 quibusdam
2315 2420 2599 2474 utilitatem
2629 2416 2823 2470 haurit.
2851 2414 3055 2468 Idcirco
3080 2425 3181 2466 nos
3195 2410 3388 2479 quibus
3407 2407 3558 2461 solli-

1972 2513 2237 2568 citudines
2267 2520 2459 2565 vestra:
2495 2519 2619 2563 sunt
2642 2520 2804 2571 noue,
2832 2504 3229 2573 occupationes,
3255 2516 3318 2555 ac
3347 2500 3557 2569 negotia

1972 2607 2159 2669 multa,
2189 2604 2388 2659 sensim
2417 2617 2479 2656 ac
2509 2600 2764 2670 paulatim
2810 2612 2907 2652 vos
2954 2597 3020 2649 ad
3070 2594 3362 2662 Scriptum
3401 2604 3558 2645 sensa

1973 2697 2305 2760 deducimus,
2353 2711 2416 2750 ac
2446 2693 2765 2749 lentitudine
2813 2689 3163 2760 expositionis
3189 2685 3470 2750 efficimus,
3503 2693 3559 2738 ttt

1973 2806 2179 2855 eorum,
2228 2804 2346 2858 qua:
2392 2787 2532 2842 dicta
2579 2793 2721 2847 sunt,
2752 2782 3008 2838 memoria
3053 2779 3290 2833 tenacius
3314 2776 3558 2830 adltmre-

1976 2891 2110 2938 seat.
2132 2881 2261 2936 Nam
2284 2891 2337 2935 et
2358 2880 2526 2934 imber
2546 2879 2591 2932 si
2611 2878 2900 2932 vehemens
2926 2876 3203 2941 irrumpat,
3222 2867 3558 2937 superficiem

1977 2985 2136 3030 term
2165 2974 2403 3033 inundat,
2436 2980 2490 3026 et
2515 2969 2779 3040 profundo
2809 2967 2941 3021 nihil
2977 2963 3230 3034 prodest:
3272 2960 3353 3013 sin
3383 2967 3559 3011 autem

1977 3070 2175 3123 sensim
2205 3075 2259 3120 et
2286 3063 2609 3135 pedetentim
2637 3062 2687 3116 in
2717 3074 2920 3115 morem
2948 3057 3050 3111 olei
3097 3057 3147 3109 in
3191 3064 3347 3108 term
3372 3050 3561 3105 faciem

1977 3174 2037 3214 se
2079 3157 2330 3222 insinuet,
2376 3155 2525 3225 quasi
2578 3168 2672 3222 per
2706 3166 2868 3206 venas
2918 3148 3173 3219 quasdam
3230 3160 3322 3214 per
3356 3149 3563 3197 meatus

1978 3251 2093 3320 ejus
2118 3249 2182 3303 ad
2211 3247 2530 3318 profundum
2557 3245 2843 3308 delabitur,
2872 3241 3093 3312 ejusque
3113 3240 3314 3293 viscera
3339 3236 3563 3289 humore

1977 3343 2254 3412 complens
2273 3341 2338 3395 ad
2366 3341 2541 3410 fruges
2562 3339 2793 3393 ubertim
2823 3334 3105 3406 pariendas
3134 3330 3562 3387 fecundissimam

1978 3435 2121 3489 illaut
2151 3434 2344 3488 reddit.
2375 3433 2660 3502 Propterea
2690 3446 2788 3485 nos
2808 3443 3022 3499 quoque
3052 3425 3382 3495 spiritualem
3417 3421 3560 3476 hunc

1979 3526 2204 3579 imbrem
2245 3524 2522 3578 animabus
2566 3522 2760 3575 vestris
2803 3520 3057 3588 paulatim
3090 3517 3424 3571 imtnittimus
3448 3532 3461 3564 :
3489 3514 3560 3566 si-

1978 3615 2190 3686 quidem
2219 3615 2505 3684 Scriptum
2546 3611 2908 3681 spiritualibus
2936 3616 3062 3662 sttnt
3091 3606 3319 3660 nubibus
3343 3603 3563 3668 similes,

1980 3717 2033 3761 at
2059 3722 2217 3761 voces
2243 3715 2297 3761 et
2321 3720 2512 3761 sensus
2540 3704 2696 3759 imbri
2728 3703 2929 3757 similes
2956 3709 3079 3755 sunt
3115 3701 3271 3768 longe
3298 3699 3399 3751 isto
3424 3712 3563 3767 pra--

1979 3800 2219 3854 stantiori
2263 3818 2276 3854 :
2324 3809 2482 3869 atque
2531 3797 2728 3853 idcirco
2775 3796 3125 3866 spiritualem.
3152 3793 3293 3848 hunc
3339 3791 3562 3846 imbrem

1979 3891 2176 3945 sensim
2219 3890 2368 3945 vobis
2396 3888 2738 3951 iufuudimus,
2772 3897 2828 3940 ut
2854 3888 2918 3939 ad
2948 3885 3165 3939 fundum
3203 3886 3373 3953 ipsum
3404 3883 3587 3936 verba.

1979 3990 2271 4049 permeent.
2307 3981 2383 4034 Eo
2413 3980 2489 4047 fit,
2523 3988 2579 4034 ut
2603 3995 2725 4033 cum
2752 3977 2815 4031 ad
2845 3987 3088 4047 quartum
3106 3976 3215 4046 jam
3242 3976 3381 4028 diem
3402 3988 3566 4042 expo-

1978 4072 2223 4126 sitionem
2272 4071 2700 4141 produxerimus,
2730 4068 2954 4124 necdum
2982 4077 3157 4139 tamen
3184 4080 3342 4119 unam
3374 4063 3565 4118 inseri-

1979 4164 2210 4232 ptionem
2238 4162 2572 4233 potuerimus
2601 4159 2893 4230 przeterire,
2926 4157 3017 4212 sed
3048 4157 3222 4211 adlmc
3250 4157 3390 4211 circa
3420 4156 3561 4209 illam

1975 4268 2272 4309 versemur.
2318 4253 2497 4308 Satius
2539 4252 2680 4307 enim
2705 4261 2807 4315 est,
2836 4259 2893 4304 ut
2918 4250 3107 4315 exiguo
3146 4247 3389 4317 perfosso
3411 4262 3560 4316 agro.

1975 4358 2096 4397 cum
2127 4342 2193 4396 ad
2242 4341 2460 4395 fundum
2491 4340 2947 4406 descenderimus,
2992 4340 3217 4393 multum
3250 4338 3357 4392 illic
3382 4353 3559 4392 rerum

1977 4433 2395 4488 necessariarum
2438 4431 2740 4485 thesaurum
2782 4430 3132 4491 offendamus,
3172 4424 3332 4497 'quam
3372 4429 3414 4481 si
3439 4443 3558 4481 cum

1975 4539 2100 4578 arva
2141 4523 2307 4577 multa
2349 4521 2630 4590 superficie
2673 4528 2827 4573 tenus
2857 4519 3296 4587 percurreriu'tus,
3343 4517 3558 4579 frustra,

1976 4625 2195 4679 temere,
2221 4624 2274 4669 et
2301 4615 2564 4670 incassum
2607 4628 2705 4667 nos
2731 4610 3049 4680 afﬂigamus.
3084 4611 3150 4663 At
3175 4610 3287 4662 scio
3315 4607 3558 4677 equidem

1976 4709 2174 4763 multos
2218 4706 2357 4763 hanc
2386 4706 2685 4761 tarditatem
2716 4719 2856 4773 :cgre
2887 4703 3061 4765 ferre;
3092 4699 3185 4754 sctl
3216 4700 3424 4754 illorum
3462 4714 3561 4768 ego

1975 4798 2444 4865 reprehensionem
2474 4796 2605 4849 nihil
2628 4809 2780 4855 curo,
2810 4792 2920 4847 sola
2949 4791 3075 4844 tnihi
3103 4801 3275 4845 vestra
3302 4805 3444 4844 cum
3479 4800 3561 4843 est

1973 4889 2196 4943 utilitas.
2245 4888 2345 4955 Qui
2399 4886 2627 4941 celerius
2689 4892 2906 4955 possunt
2958 4882 3238 4947 incedere,
3305 4880 3562 4935 tardiores

1973 4978 2167 5034 fratres
2208 4986 2517 5047 exspectent
2543 4995 2556 5030 :
2586 4990 2707 5030 nam
2739 4975 2822 5029 isti
2850 4974 3063 5044 quidem
3106 4980 3417 5041 exspectare
3442 4971 3562 5026 illos

1974 5077 2214 5139 possunt,
2243 5079 2297 5121 at
2327 5066 2646 5121 infirmiores
2681 5066 2803 5119 illos
2838 5064 3048 5134 assequi
3073 5061 3291 5117 minime
3318 5073 3556 5130 possunt.

1972 5162 2178 5217 Idcirco
2216 5160 2375 5216 etiam
2400 5159 2595 5214 Paulus
2614 5173 2717 5212 non
2739 5157 2936 5212 debere
2961 5170 3059 5210 nos
3082 5155 3157 5209 ait
3185 5152 3560 5208 imbecilliores

1972 5264 2097 5307 ante
2113 5263 2321 5321 tempus
2344 5265 2554 5321 urgere,
2581 5265 2700 5305 cum
2718 5249 2784 5304 ad
2816 5248 3153 5304 robustorum
3180 5246 3558 5317 perfe.-tionctn

1972 5359 2031 5400 se
2056 5344 2198 5414 ipsos
2229 5344 2446 5397 minime
2467 5342 2672 5412 possint
2689 5340 2976 5397 extendere
2997 5358 3009 5392 :
3029 5339 3123 5394 sed
3137 5337 3334 5392 debere
3353 5352 3450 5389 nos
3475 5335 3562 5387 nr.

1972 5436 2167 5490 minres
2187 5433 2571 5489 imbecillitates
2605 5432 2935 5487 infirmorum
2968 5430 3232 5485 sustinere
3253 5428 3330 5495 (l.
3360 5425 3476 5479 Cor.
3504 5424 3557 5479 8.

1972 5527 2047 5595 9).
2074 5525 2178 5580 Nos
2199 5525 2265 5580 de
2291 5535 2459 5580 vestra
2473 5539 2655 5579 sumus
2671 5524 2893 5578 utilitate
2920 5519 3150 5584 solliciti,
3173 5534 3278 5571 non
3297 5528 3350 5570 ut
3371 5530 3467 5569 nos
3485 5526 3562 5569 te-

1972 5632 2118 5673 mere
2140 5625 2495 5671 ostentemus:
2525 5625 2683 5684 atque
2711 5614 2907 5668 idcirco
2927 5611 3171 5666 sensibus
3190 5610 3551 5666 immorantur.

1982 5768 1990 5778 ,
2041 5710 2091 5760 3.
2139 5706 2479 5762 Homiliarum
2501 5708 2551 5761 in
2570 5704 2875 5774 principium
2894 5703 3131 5758 Actorum
3149 5701 3306 5769 ordo;
3335 5703 3455 5772 quid
3490 5703 3550 5754 si-

1974 5801 2177 5871 gniﬁcet
2205 5816 2384 5854 nomen
2411 5797 2658 5871 Apostoli.
2693 5795 2924 5852 Christus
2954 5812 2983 5847 (ι
3009 5794 3270 5849 sensilibus
3316 5796 3385 5847 ad
3411 5794 3565 5862 spiri-
