4066 6274
465 883 474 887 -
540 832 738 899 stabat,
769 831 835 886 ad
863 832 1116 887 cohortes
1143 847 1270 886 suas
1299 829 1591 886 transtulit.

541 356 601 414 9i
1280 351 1336 406 S.
1375 347 1653 407 JOANNIS
1685 343 2161 404 CIIRYSOSTOMI
2197 345 2512 402 ARCIIIEP.
2553 345 3088 405 CONSTANTINOP.
3748 350 3821 406 92

541 473 703 527 lautia
747 471 970 527 deducit.
999 493 1072 510 ι-
1097 469 1277 541 Itaque
1304 468 1480 533 primo
1504 468 1593 523 die
1629 481 1738 523 non
1769 481 1890 522 esse
1917 475 2120 520 temere

543 562 940 635 prmtereundas
987 561 1363 631 inscriptiones
1405 560 1682 624 dicebam,
1738 572 1845 627 quo
1890 566 2127 626 tempore

542 652 751 706 titulum
779 652 929 705 vobis
947 651 1129 705 altaris
1149 650 1274 719 legi,
1292 664 1355 705 ac
1381 649 1528 704 Pauli
1550 647 1863 716 sapientiam
1893 645 2124 710 ostendi,

540 744 630 813 qui
657 743 880 797 militem
908 743 1160 808 alienum,
1187 741 1384 812 quippe
1439 741 1491 795 in
1541 738 1967 794 adversariorum
2015 737 2128 791 acie

1727 829 1783 883 lu
1831 830 1933 882 hoc
1971 828 2129 882 desiit

542 923 706 991 priori
741 921 830 976 die
857 931 968 976 tota
997 922 1240 978 doctrina
1267 938 1282 974 :
1313 929 1434 991 post
1459 920 1602 974 illaut
1627 918 1863 975 secundo
1887 917 1996 982 die,
2037 919 2125 988 qui

540 1012 660 1067 libri
683 1022 830 1068 esset
857 1013 996 1068 illius
1019 1021 1246 1080 auctor,
1295 1012 1672 1083 quatsivimus,
1726 1018 1781 1066 et
1830 1009 2128 1065 invenimus

541 1103 637 1158 Dei
658 1105 823 1174 gratia
849 1103 1048 1159 Lucam
1073 1103 1474 1174 evangelistam,
1505 1102 1792 1172 multisque
1833 1100 1985 1156 vobis
2033 1099 2129 1155 de-

543 1197 1028 1252 monstrationibus
1052 1212 1166 1250 rem
1194 1196 1250 1250 in
1268 1195 1564 1266 qumstione
1593 1193 1821 1264 positam
1875 1191 2127 1263 probavi-

545 1301 684 1353 mus,
706 1303 932 1358 quarum
948 1287 1068 1341 alia:
1086 1287 1364 1353 clariores,
1391 1284 1748 1340 abstrusiores
1763 1283 1881 1338 aliae
1893 1281 2125 1337 fuerunt.

543 1377 670 1432 Scio
686 1393 914 1447 namque
937 1379 1134 1432 multos
1147 1392 1215 1431 ex
1239 1376 1570 1431 auditoribus
1595 1389 1678 1441 ea,
1711 1390 1829 1444 quae
1855 1386 2130 1444 postremo

547 1469 670 1523 loco
686 1469 825 1523 dicta
850 1477 993 1534 sunt,
1021 1478 1335 1539 assequutos
1364 1483 1469 1522 non
1499 1482 1657 1522 esse:
1688 1481 1789 1522 nec
1831 1475 2012 1522 tamen
2042 1466 2128 1520 id-

545 1561 693 1615 circo
715 1559 1023 1614 subtiliores
1045 1573 1236 1614 sensus
1261 1551 1592 1613 conﬁdenter
1617 1558 1865 1628 persequi
1891 1557 2128 1612 desiste-

549 1667 688 1707 mus.
714 1651 895 1723 Itaque
913 1667 976 1708 ea
998 1668 1118 1724 quae
1151 1653 1380 1707 clariora
1395 1662 1538 1717 sunt,
1556 1651 1990 1721 simplicioribus,
2005 1665 2132 1719 pro-

548 1742 794 1798 fuudiora
817 1759 941 1800 vero
971 1743 1261 1814 proderunt
1301 1741 1403 1808 his,
1452 1743 1543 1813 qui
1591 1740 1798 1796 acutius
1841 1741 2129 1796 intuentur.

553 1834 767 1890 Variam
795 1835 990 1906 quippe
1034 1849 1275 1889 mensam
1296 1849 1416 1889 esse
1435 1841 1646 1904 oportet
1668 1846 1731 1887 ac
1753 1831 2083 1888 diﬁ‘ereutcm
2113 1869 2129 1897 ,

549 1927 980 1998 quandoquidem
1009 1927 1333 1983 etdili‘erens
1358 1935 1441 1982 est
1465 1941 1650 1982 eorum
1671 1926 1760 1996 qui
1792 1924 1996 1980 invitati
2009 1932 2136 1980 sunt

550 2019 841 2088 appetitus.
876 2019 1056 2074 Primo
1075 2018 1235 2090 igitur
1257 2018 1346 2074 die
1382 2017 1450 2073 de
1488 2018 1854 2088 inscriptione,
1900 2015 2134 2072 secunda

550 2121 681 2163 vero
707 2109 794 2164 die
822 2109 890 2165 de
913 2125 980 2165 eo
1013 2111 1104 2181 qui
1145 2110 1338 2165 librum
1377 2109 1627 2180 scripsit,
1682 2109 1835 2164 tertia
1886 2107 1975 2164 die
2018 2107 2133 2164 beri

552 2199 906 2254 disseruimus
927 2200 1090 2271 apud
1111 2215 1206 2257 eos
1236 2203 1328 2272 qui
1354 2200 1683 2257 advenerant
1723 2201 1794 2257 de
1828 2201 1980 2257 initio
2003 2203 2137 2256 scri-

555 2296 749 2358 pturae,
771 2299 827 2345 et
854 2292 1206 2358 ostendimus,
1230 2292 1369 2346 sicut
1394 2292 1470 2347 illi
1493 2301 1690 2347 norunt
1711 2292 1802 2363 qui
1827 2293 2132 2362 audierunt,

549 2379 678 2450 quid
699 2381 985 2449 sitactum,
1016 2381 1145 2452 quid
1167 2383 1239 2438 sit
1262 2383 1576 2438 miraculum
1598 2424 1614 2450 ,
1662 2392 1719 2439 et
1758 2383 1886 2454 quid
1911 2384 1982 2439 sit
2005 2398 2136 2438 con—

549 2473 808 2540 versatio,
832 2474 959 2544 quid
996 2475 1206 2546 signum
1261 2484 1318 2531 et
1359 2475 1659 2546 prodigium
1704 2490 1770 2531 ac
1819 2477 1986 2530 virtus
2011 2514 2027 2540 ,
2081 2483 2138 2530 ct

550 2573 809 2634 quantum
834 2566 972 2621 inter
990 2575 1216 2637 utraque
1237 2568 1304 2622 sit
1344 2567 1629 2622 discrimen
1655 2585 1669 2621 :
1699 2581 1804 2639 qua
1829 2568 2036 2623 ratione
2059 2567 2138 2622 al-

553 2663 726 2709 terum
753 2655 925 2726 majus
947 2656 1037 2722 sit,
1060 2657 1243 2712 utilius
1269 2658 1498 2712 alterum
1525 2676 1538 2710 :
1566 2667 1621 2713 et
1643 2673 1747 2729 qua
1768 2657 1974 2714 ratione
1996 2659 2134 2714 alte-

551 2763 673 2802 rum
703 2747 880 2802 solum
903 2763 998 2818 per
1024 2763 1084 2804 se
1108 2764 1328 2820 regnum
1355 2749 1603 2820 acquirit,
1633 2749 1858 2805 alterum
1883 2749 1982 2804 nisi
2006 2764 2136 2819 ope-

549 2855 668 2895 rum
692 2835 990 2896 subsidium
1015 2851 1275 2910 assumat,
1305 2853 1462 2897 extra
1487 2841 1807 2898 vestibulum
1829 2841 1956 2897 illud
1981 2842 2134 2911 ejici-

549 2943 654 2990 tur.
674 2935 843 2990 Hodie
872 2935 1132 3005 reliquum
1174 2935 1535 3006 inscriptionis
1570 2951 1750 3006 opera:
1778 2935 2008 3008 pretium
2052 2943 2136 2991 est

549 3025 791 3080 dicamus
815 3066 830 3091 ,
878 3035 933 3081 et
952 3026 1078 3096 quid
1105 3027 1370 3098 signiﬁcet
1393 3027 1631 3096 Apostoli
1660 3042 1857 3083 nomen
1885 3025 2134 3081 ostenda-

551 3130 693 3170 mus.
723 3115 904 3186 Neque
930 3116 1072 3172 enim
1097 3117 1294 3172 nudum
1319 3127 1403 3173 est
1429 3133 1625 3173 nomen
1663 3117 1786 3186 hoc,
1813 3117 1907 3173 sed
1933 3117 2133 3188 magis-

552 3213 721 3262 tratus
747 3217 828 3261 est
851 3209 1155 3278 appellatio,
1178 3211 1392 3264 maximi
1409 3211 1766 3281 magistratus,
1793 3211 2133 3281 magistratus

551 3298 784 3353 maxime
809 3301 1120 3370 spiritualis,
1144 3302 1482 3372 magistratus
1509 3303 1759 3362 cazlesris.
1809 3303 1918 3360 Sed
1961 3313 2134 3360 atten-

550 3388 663 3445 dite
687 3389 987 3460 diligenter.
1012 3392 1144 3448 Nam
1166 3394 1612 3466 quemadmodum
1640 3397 1692 3452 in
1715 3396 1877 3454 rebus
1915 3399 2137 3454 szecula-

550 3480 699 3536 ribus
725 3483 1063 3552 magistratus
1114 3495 1238 3539 sunt
1265 3486 1454 3551 multi,
1509 3503 1617 3543 non
1669 3497 1846 3544 tamen
1891 3489 2131 3559 ejusdem

549 3572 742 3628 omnes
767 3573 1060 3644 dignitatis,
1084 3576 1177 3631 sed
1199 3577 1288 3632 alii
1309 3579 1538 3647 majores
1563 3621 1575 3645 ,
1622 3579 1712 3634 alii
1737 3579 2008 3637 minores:
2034 3597 2134 3637 ex-

551 3661 713 3731 empli
741 3677 923 3731 causa,
942 3674 1001 3719 ut
1015 3667 1085 3720 ab
1101 3666 1336 3721 inferiori
1359 3670 1822 3725 enumerationem
1839 3670 2131 3738 ordiamur,

551 3762 636 3809 est
663 3755 918 3812 Defensor
940 3759 1210 3826 civitatis;
1244 3771 1324 3816 est
1357 3761 1451 3817 illo
1476 3763 1755 3818 sublimior
1782 3764 1955 3834 gentis
1990 3763 2136 3820 Prae-

546 3861 673 3912 scs;
705 3855 789 3902 est
809 3848 945 3903 alius
973 3858 1090 3919 post
1118 3851 1262 3907 illum
1290 3853 1632 3922 magistratus
1661 3853 1864 3923 major:
1912 3863 1997 3911 est
2010 3871 2133 3910 rur-

549 3951 642 3991 sus
661 3937 911 4009 Magister
934 3941 1158 3996 militum
1186 3959 1200 3996 :
1243 3952 1328 3996 est
1355 3942 1682 4010 Praefectus;
1729 3954 1811 3999 est
1855 3947 2135 4002 sublimior

552 4026 669 4090 istis
686 4033 1048 4099 magistratus,
1061 4031 1294 4102 dignitas
1304 4031 1593 4088 Cousulum
1610 4052 1624 4088 :
1640 4042 1695 4089 et
1712 4050 1901 4091 omnes
1918 4037 2132 4105 quidem

553 4116 608 4170 hi
637 4128 762 4172 sunt
788 4120 1156 4188 magistratus,
1182 4121 1274 4174 sed
1293 4135 1400 4175 non
1429 4123 1670 4192 ejusdem
1697 4139 1886 4180 omnes
1907 4126 2135 4196 dignita-

550 4206 656 4259 tis:
687 4206 759 4259 ita
789 4208 940 4261 multi
966 4219 1089 4263 sunt
1119 4209 1427 4277 Spirituales
1456 4213 1797 4282 magistratus
1823 4231 1927 4270 non
1948 4232 2132 4289 requa-

555 4296 634 4350 les
683 4296 944 4366 dignitate
989 4316 1003 4354 :
1052 4314 1214 4370 porro
1252 4303 1424 4371 major
1471 4304 1721 4361 omnibus
1773 4315 1856 4362 est
1907 4308 2135 4379 dignitas

553 4386 921 4455 Apostolatus.
954 4391 998 4445 Α
1021 4391 1371 4450 sensibilibus
1396 4395 1540 4452 enim
1563 4397 1726 4454 rebus
1747 4398 1814 4454 ad
1837 4401 2132 4470 spiritualia

553 4479 703 4547 quasi
732 4494 894 4535 manu
914 4481 1142 4539 ducendi
1169 4486 1320 4541 estis.
1369 4486 1441 4542 Ita
1479 4487 1608 4544 fecit
1648 4499 1702 4545 et
1737 4491 1980 4548 Christus
2003 4533 2020 4559 ,
2065 4495 2134 4551 de

551 4569 752 4640 Spiritu
775 4571 1049 4630 disserens
1065 4590 1216 4646 aqum
1227 4579 1490 4637 meminit.
1506 4581 1606 4648 Qui
1619 4589 1749 4636 enim
1765 4582 1883 4638 bibit
1899 4601 1963 4640 ea:
1999 4602 2135 4657 aqua

552 4662 667 4726 hac,
683 4664 815 4718 sitiet
837 4666 1040 4736 iterum,
1060 4669 1205 4741 inqui
1215 4681 1254 4736 t;
1267 4673 1352 4742 qui
1367 4683 1534 4729 autem
1548 4673 1722 4730 biberit
1732 4691 1795 4731 ea:
1808 4693 1959 4749 aqua,
1980 4695 2134 4749 quam

551 4770 645 4826 ego
673 4754 804 4811 dabo
829 4758 897 4826 ei,
920 4775 1020 4816 non
1037 4763 1171 4817 sitiet
1195 4763 1248 4818 in
1272 4775 1518 4821 (sternam
1543 4765 1722 4838 (Joan.
1753 4769 1810 4824 4.
1836 4769 1945 4840 15).
1971 4770 2134 4828 Vides

555 4863 677 4903 eum
723 4865 754 4905 a
808 4853 1098 4910 sensilibus
1138 4856 1205 4911 ad
1253 4857 1544 4928 spiritualia
1583 4861 1951 4918 mulierculam
1983 4863 2130 4918 illam

555 4942 860 5000 deducere?
889 4946 978 5002 Sic
1007 4963 1106 5003 nos
1132 4949 1297 5005 etiam
1321 4952 1550 5022 agimus,
1581 4963 1636 5010 et
1682 4956 1754 5012 ab
1791 4957 2132 5014 inferioribus

552 5035 617 5088 ad
649 5038 921 5105 superiora
941 5041 1384 5110 conscendimus,
1431 5055 1490 5100 ut
1536 5046 1706 5117 magis
1737 5050 2012 5119 perspicua
2041 5051 2134 5106 ﬁat

548 5128 744 5182 oratio.
771 5129 1057 5200 Propterea
1075 5148 1196 5188 cum
1218 5135 1286 5191 de
1309 5137 1619 5208 magistratu
1639 5140 1999 5212 loqueremur,
2023 5159 2130 5199 non

550 5219 842 5288 spiritualis
871 5230 1070 5277 tantum
1101 5226 1425 5282 mentionem
1453 5230 1698 5297 fecimus,
1729 5233 1823 5290 sed
1862 5235 2131 5291 sensibilis

551 5311 909 5382 magistratus,
931 5321 989 5367 ut
1007 5315 1073 5370 ab
1102 5314 1204 5372 hoc
1231 5332 1327 5373 vos
1347 5319 1412 5374 ad
1429 5319 1580 5376 illum
1610 5338 1770 5378 manu
1791 5325 2130 5384 duceremus.

550 5404 786 5461 Audistis
804 5415 933 5476 quot
953 5409 1236 5464 smeulares
1259 5411 1597 5480 magistratus
1615 5417 2127 5486 cnumeraverimus,

548 5507 603 5552 ct
625 5513 731 5568 quo
759 5509 914 5570 pacto
931 5501 1019 5558 alii
1049 5503 1263 5574 quidem
1295 5504 1542 5576 majores,
1577 5507 1665 5563 alii
1714 5523 1844 5565 vero
1890 5511 1994 5566 sint
2025 5513 2128 5566 mi-

550 5601 729 5658 nores,
770 5601 824 5648 et
851 5608 958 5664 quo
987 5605 1142 5665 pacto
1166 5596 1454 5653 (Ionsulum
1479 5598 1819 5670 magistratus
1839 5603 1990 5673 quasi
2018 5604 2131 5658 cul-

552 5696 670 5737 mcn
692 5693 744 5739 et
766 5697 922 5754 caput
950 5703 1056 5758 prae
1075 5689 1296 5760 reliquis
1324 5693 1530 5749 cunctis
1555 5693 1822 5749 emineat:
1857 5694 2129 5749 videamus

2243 464 2546 534 spirituales
2591 465 2752 520 etiam
2796 464 3480 537 magistratus.Spiritualis
3508 474 3593 521 est
3645 471 3818 538 magi-

2233 565 2451 618 stratus,
2471 554 2774 624 Prophctize
2790 556 3129 626 magistratus
3152 573 3166 610 :
3193 565 3276 610 est
3289 556 3425 610 alter
3440 555 3817 626 Evangelistte.

2231 654 2314 701 cst
2346 645 2602 712 Pastoris,
2631 655 2716 702 est
2742 647 3008 710 Doctoris,
3031 656 3116 702 est
3140 646 3404 702 donorum
3425 685 3442 710 ,
3473 653 3560 703 est
3581 649 3816 705 curatio-

2234 746 2483 803 uum,est
2509 737 3309 809 interpretationislinguarum.
3347 737 3472 794 llzec
3498 738 3676 793 omnia
3717 755 3816 792 no-

2233 827 2374 880 tuina
2396 827 2608 898 quidem
2629 836 2755 883 sunt
2773 828 3058 895 donorum,
3091 844 3178 884 res
3201 840 3380 884 autem
3407 828 3810 900 magistratuum

2231 933 2295 972 ac
2317 928 2659 989 potestatum.
2689 920 2958 992 Propheta
2991 922 3333 992 magistratus
3373 931 3456 976 est
3484 938 3501 974 :
3533 921 3669 992 apud
3717 938 3817 978 nos

2233 1009 2278 1064 is
2329 1010 2419 1080 qui
2461 1011 2736 1067 daemones
2764 1012 2947 1082 ejicit,
2999 1014 3340 1084 magistratus
3383 1022 3505 1070 est:
3536 1015 3676 1086 apud
3718 1030 3818 1070 nos

2233 1099 2423 1156 Pastor
2447 1110 2502 1156 et
2531 1102 2726 1158 Doctor
2745 1103 3036 1174 Spiritualis
3079 1113 3161 1159 est
3211 1103 3554 1175 magistratus
3579 1121 3594 1158 :
3626 1121 3812 1160 verum

2232 1193 2316 1248 bis
2335 1195 2582 1250 omnibus
2610 1197 2786 1266 major
2804 1207 2886 1252 est
2913 1197 3257 1268 Apostolicus
3281 1198 3642 1268 magistratus.
3667 1196 3818 1254 Unde

2233 1301 2359 1340 vero
2381 1286 2432 1341 id
2448 1297 2657 1343 constat
2671 1289 2695 1342 ?
2709 1288 2860 1354 Quod
2875 1303 3061 1344 omnes
3077 1290 3208 1343 istos
3229 1288 3490 1358 praecedat
3514 1289 3815 1360 Apostolus.

2233 1376 2299 1431 Et
2325 1379 2773 1448 quemadmodum
2805 1381 2944 1435 inter
2987 1379 3281 1435 sensibiles
3310 1380 3654 1450 magistratus
3681 1378 3822 1433 Con-

2233 1469 2338 1532 sui,
2377 1470 2456 1523 sic
2499 1470 2638 1523 inter
2666 1469 2974 1538 Spirituales
3022 1470 3311 1540 Apostolus
3352 1468 3574 1524 honoris
3618 1468 3816 1540 gaudet

2233 1561 2606 1630 praerogativa.
2642 1561 2938 1616 Audiamus
2961 1561 3135 1631 ipsum
3163 1560 3385 1616 Paulum
3407 1571 3813 1616 enumerantem

2237 1650 2546 1720 dignitates,
2564 1660 2616 1707 et
2639 1653 2691 1706 in
2719 1652 3018 1708 sublimiori
3043 1654 3161 1724 loco
3185 1653 3546 1722 Apostolicam
3565 1653 3834 1709 collocatio

2238 1748 2364 1794 tem.
2399 1741 2538 1809 Quid
2567 1742 2728 1813 igitur
2779 1743 2852 1797 ait
2906 1742 3040 1798 ille?
3099 1742 3363 1810 Quosdam
3411 1743 3613 1812 quidem
3655 1745 3819 1814 posuit

2238 1831 2374 1887 Deus
2411 1835 2465 1888 in
2494 1833 2744 1901 Ecclesia,
2777 1834 2996 1906 primunt
3025 1833 3280 1905 apostolos
3299 1875 3317 1901 ,
3359 1835 3577 1889 secundo
3605 1835 3820 1905 prophe-

2238 1932 2335 1986 tas,
2361 1925 2508 1977 tertio
2527 1925 2780 1992 doctores,
2810 1934 2857 1979 et
2887 1933 3134 1996 pastores,
3157 1924 3338 1979 exinde
3379 1926 3573 1994 gratias
3600 1925 3821 1980 curatio-

2238 2015 2453 2083 nnm(l.
2487 2014 2604 2070 Cor.
2634 2013 2722 2070 l2.
2753 2015 2872 2088 28).

2309 2105 2638 2169 Apostolatus
2679 2107 2897 2177 dignitas
2934 2114 3145 2176 quanta.
3186 2105 3323 2173 Quid
3367 2121 3456 2175 per
3491 2122 3672 2177 genera
3708 2107 3816 2162 lin-

2240 2214 2455 2267 gnarum
2475 2198 2979 2270 intelligat.—Vides
3000 2197 3268 2270 fastigium
3293 2198 3642 2270 dignitatum?
3676 2200 3826 2256 vides

2238 2288 2553 2358 Apostolum
2587 2289 2868 2345 sublimem
2905 2289 3121 2358 sedere,
3155 2305 3256 2344 nec
3289 2289 3455 2345 ullum
3491 2291 3664 2361 ipsum
3691 2306 3826 2361 pra:-

2238 2381 2450 2447 cederc,
2467 2391 2556 2436 aut
2576 2382 2941 2436 sublimiorem
2966 2382 3060 2436 illo
3083 2384 3241 2438 esse?
3263 2381 3495 2437 Primum
3517 2384 3658 2437 enim
3682 2385 3818 2452 Apo-

2238 2473 2406 2527 stolos
2449 2472 2597 2536 dicit.
2629 2473 2867 2529 secundo
2896 2473 3216 2544 Prophetas,
3265 2476 3424 2529 tertio
3473 2474 3728 2528 Doctores
3769 2483 3822 2529 ct

2239 2562 2489 2618 Pastores
2533 2563 2772 2620 :deinde
2798 2564 2996 2635 gratias
3038 2565 3395 2630 curationum,
3427 2564 3823 2635 Opitulatioues,

2242 2654 2676 2725 gubernationes,
2701 2670 2898 2726 genera
2941 2655 3264 2726 linguarum.
3315 2656 3499 2725 Neque
3525 2671 3656 2710 vero
3702 2665 3822 2709 tau-

2240 2752 2349 2798 tum
2375 2745 2703 2815 principatus
2729 2754 2812 2800 est
2839 2753 3154 2800 exterarum
3181 2745 3496 2815 dignitatum
3534 2745 3824 2813 Apostola-

2240 2842 2345 2901 tus,
2374 2833 2468 2889 sed
2492 2834 2653 2896 etiam
2684 2835 2834 2889 radix
2859 2849 2921 2889 ac
2942 2835 3367 2889 fundamentum.
3385 2834 3451 2888 Et
3475 2835 3824 2904 quemadmo-

2237 2923 2366 2979 dum
2389 2937 2545 2996 caput
2573 2927 2626 2981 in
2668 2926 2968 2982 sublimiori
2999 2927 3120 2982 loco
3145 2927 3305 2981 situm
3344 2943 3448 2980 non
3477 2926 3636 2980 modo
3680 2927 3824 2997 prin-

2238 3017 2444 3089 cipatus
2461 3029 2542 3074 cst
2561 3021 2803 3088 corporis
2829 3027 2988 3088 atque
3011 3019 3338 3085 dominatus,
3360 3018 3455 3073 sed
3477 3020 3638 3074 etiam
3666 3020 3821 3074 radix

2239 3109 2536 3179 (siquidem
2574 3109 2746 3176 nervi,
2770 3112 2858 3180 qui
2888 3124 3083 3180 corpus
3107 3119 3316 3180 regunt,
3342 3110 3586 3165 oriuntur
3614 3124 3682 3164 ex
3709 3110 3821 3176 illo,

2238 3209 2294 3254 et
2318 3215 2382 3254 ex
2413 3199 2530 3270 ejus
2570 3202 2793 3255 cerebro
2833 3200 2964 3266 nati,
2994 3215 3056 3254 ac
3096 3201 3316 3270 spiritus
3344 3199 3623 3270 largitione
3649 3200 3821 3264 ditati,

2238 3290 2434 3345 deinde
2461 3299 2628 3345 totum
2657 3291 2854 3345 animal
2884 3291 3287 3362 moderantur),
3309 3291 3386 3345 sic
3405 3299 3461 3345 et
3482 3290 3826 3361 Apostolatus

2239 3396 2344 3435 non
2390 3380 2550 3436 modo
2591 3393 2857 3451 tamquam
2899 3382 3230 3452 principatus
3273 3397 3336 3437 ac
3377 3381 3680 3437 dominatus
3715 3396 3826 3452 pra:

2239 3473 2450 3529 czcteris
2498 3473 2656 3529 donis
2697 3476 2920 3540 eminet,
2950 3474 3046 3529 sed
3076 3475 3316 3529 onmium
3355 3489 3568 3544 quoque
3615 3474 3825 3530 radices

2238 3566 2653 3636 comprehensas
2681 3567 2820 3638 apud
2851 3583 2909 3622 se
2937 3567 3150 3622 retinet.
3181 3568 3258 3621 Ac
3295 3565 3557 3633 Propheta
3607 3565 3821 3636 quidem

2239 3658 2528 3728 Apostolus
2569 3673 2689 3714 esse
2717 3673 2822 3712 non
2853 3666 3024 3728 potest
3069 3667 3124 3712 et
3167 3655 3429 3727 Pr0plteta
3473 3674 3486 3710 :
3535 3657 3631 3712 sed
3673 3658 3821 3726 Apo-

2238 3751 2408 3805 stolus
2449 3759 2532 3805 est
2559 3751 2719 3805 etiam
2763 3751 2980 3804 omnino
3027 3749 3316 3819 Propheta,
3363 3757 3417 3804 et
3440 3749 3637 3820 gratias
3663 3748 3826 3804 habet

2237 3843 2590 3909 curationum,
2624 3853 2676 3898 et
2718 3856 2916 3914 genera
2966 3841 3288 3912 linguarum,
3327 3851 3382 3896 et
3425 3841 3824 3911 interpretatio—-

2239 3949 2335 3991 nes
2386 3935 2685 4006 linguarum
2738 3951 2752 3988 :
2802 3941 3085 4004 pr0pterea
3119 3931 3449 4002 principatus
3475 3940 3532 3987 et
3557 3930 3709 3986 radix
3739 3939 3824 3985 est

2236 4028 2546 4098 gratiarum.

2309 4120 2362 4173 4.
2395 4119 2560 4173 Porro
2580 4126 2637 4173 ut
2666 4117 2778 4172 lucc
2808 4117 2962 4177 itase
2987 4115 3184 4172 habere
3203 4123 3432 4182 constet,
3453 4123 3643 4170 testem
3666 4115 3822 4171 vobis

2237 4210 2444 4264 adduco
2461 4208 2698 4264 Paulutn.
2717 4209 2869 4264 Prius
2887 4220 3062 4263 tamen
3077 4208 3255 4262 dicere
3266 4207 3533 4272 convenit,
3547 4207 3673 4279 quid
3692 4207 3818 4262 illud

2240 4302 2450 4358 tandem
2478 4303 2566 4360 sit.
2589 4317 2784 4372 genera
2816 4300 3149 4372 linguarum?
3186 4299 3321 4366 Quid
3343 4299 3502 4370 igitur
3521 4309 3604 4356 est
3625 4315 3823 4370 genera

2239 4393 2572 4463 linguarum?
2589 4393 2724 4448 Olim
2743 4391 2788 4447 is
2799 4392 2886 4462 qui
2907 4393 3202 4462 baptizatus
3229 4393 3485 4457 luerat,et
3499 4391 3818 4455 crediderat,

2237 4488 2416 4542 statim
2440 4487 2505 4541 ad
2527 4487 2755 4556 Spiritus
2775 4483 3492 4540 manifestatiouemdiversis
3521 4483 3714 4554 linguis
3744 4483 3824 4537 lo-

2235 4581 2651 4652 qucbatur.l\’am
2665 4580 2916 4651 quoniam
2928 4579 3101 4633 adhuc
3113 4577 3648 4636 imbecillioreserant
3659 4575 3825 4630 homi-

2239 4687 2335 4727 nes
2349 4672 2489 4727 illius
2499 4673 2618 4737 aevi,
2632 4681 2686 4727 et
2697 4671 2989 4741 spiritualia
3003 4669 3140 4724 dona
3153 4683 3260 4723 non
3273 4667 3702 4739 poterautoculis
3714 4683 3824 4721 car-

2239 4765 2354 4818 neis
2369 4765 2631 4830 contueri,
2647 4761 2898 4818 sensibile
2914 4761 3110 4816 donum
3126 4759 3371 4824 dabatur,
3388 4767 3445 4813 ut
3464 4759 3827 4814 innotescerct

2238 4856 2736 4926 Spirituale,quique
2748 4855 3042 4925 baptizatus
3057 4852 3434 4921 fuerat,statim
3451 4851 3626 4922 lingua
3641 4861 3824 4906 nostra

2238 4956 2295 5002 et
2320 4947 2554 5012 Persica,
2577 4955 2632 5000 et
2658 4946 2855 5010 Indica,
2885 4954 2940 4998 et
2963 4944 3208 5014 Scythica
3255 4941 3611 5012 loquebatur;
3659 4941 3740 4996 sic
3768 4949 3827 4994 ut

2237 5054 2360 5095 eum
2383 5039 2582 5109 Spiritu
2605 5047 2789 5092 sancto
2817 5036 3067 5091 donatum
3095 5049 3216 5089 esse
3244 5033 3603 5103 intelligerent
3629 5031 3823 5086 inlide-

2239 5131 2338 5187 les.
2364 5131 2442 5186 Ac
2462 5131 2673 5200 signum
2696 5127 2911 5199 quidem
2942 5125 3188 5183 sensibus
3218 5125 3518 5194 subjectum
3544 5134 3680 5188 erat,
3705 5123 3826 5178 talis

2238 5224 2450 5294 inquam
2477 5236 2618 5285 vox;
2665 5219 2926 5290 siquidem
2955 5217 3196 5288 corporis
3243 5230 3409 5271 sensu
3454 5215 3596 5270 illam
3639 5213 3828 5269 audie-

2235 5315 2364 5370 bant
2389 5331 2402 5367 :
2429 5312 2756 5384 spiritualem
2785 5320 2984 5377 autem,
3006 5318 3064 5366 et
3088 5324 3207 5380 qua:
3228 5308 3447 5363 minime
3473 5307 3821 5372 cernebatur,

2236 5406 2468 5478 Spiritus
2519 5405 2740 5476 gratiam
2785 5403 3081 5472 subjectum
3124 5400 3368 5456 sensibus
3422 5399 3630 5469 signum
3678 5395 3823 5453 istud

2237 5501 2482 5555 omnibus
2504 5499 2836 5553 manifestam
2871 5495 3142 5550 reddebat.
3175 5493 3242 5547 Et
3271 5493 3373 5548 hoc
3393 5494 3598 5563 signum
3624 5505 3822 5562 genera

2239 5593 2535 5664 linguarum
2567 5590 2950 5661 appellabatur.
2981 5587 3081 5654 Qui
3108 5587 3251 5642 enim
3305 5586 3513 5640 unicam
3558 5600 3586 5638 a
3635 5594 3825 5638 natura

2238 5685 2468 5755 linguam
2500 5683 2746 5746 habebat,
2777 5680 3036 5735 beneﬁcio
3065 5679 3248 5749 gratia:
3293 5677 3452 5731 variis
3477 5690 3540 5730 ac
3566 5673 3825 5730 dill'ercu-

2239 5777 2376 5833 tibus
2416 5775 2610 5845 linguis
2652 5771 2969 5843 loquebatur
3003 5789 3016 5826 :
3067 5784 3131 5825 ac
3176 5767 3358 5824 videre
3388 5776 3503 5822 erat
3549 5765 3824 5821 hominem
