4066 6274
306 315 371 370 91
738 330 826 384 DE
865 331 1120 386 1mm.
1169 329 1525 387 LECTIONIS
1570 325 1896 382 scmm'l'

2004 326 2140 381 113M.
2189 328 2252 380 IN
2297 329 2590 385 PRINEH‘.
2631 329 2986 386 ACTORUM.
3029 331 3116 386 Ill.
3481 327 3554 384 ος

312 426 438 494 ὑμῖν
469 427 707 495 ἀνέγνων
735 429 828 483 τοῦ
879 430 1092 500 βωμοῦ,
1128 431 1220 484 καὶ
1247 431 1344 502 τὴν
1396 433 1584 502 σοφίαν
1631 434 1876 498 ἐπέδειξα

311 508 545 572 Παύλου,
581 513 671 564 τὸν
698 513 973 585 ἀλλότριον
1009 519 1343 584 στρατιώτην
1385 515 1477 567 καὶ
1509 518 1568 566 ἐν
1607 519 1672 586 τῇ
1701 533 1881 586 παρα-

312 588 463 651 τάξει
505 591 614 644 τῶν
667 594 876 664 ἐχθρῶν
907 597 1174 666 ἑστηκότα
1213 597 1346 668 πρὸς
1381 597 1480 668 τὴν
1522 599 1726 650 οἰκείαν
1776 598 1880 666 φά-

313 679 494 747 λαγγα
515 689 944 755 μεταστήσαντος
959 703 1006 740 ει.
1027 689 1120 749 Εἰς
1142 687 1301 740 τοῦτο
1321 690 1457 758 ἐντῇ
1488 688 1677 758 πρώτῃ
1700 689 1885 759 ήμέρᾳ

313 762 609 832 κατέληξεν
653 767 684 834 ὴ
729 767 1050 821 διδασκαλία
1092 771 1271 822 πᾶσα·
1306 771 1422 837 μετ’
1465 771 1682 838 ἐκείνην
1728 773 1784 822 ἐν
1816 775 1882 840 τῇ

313 842 542 916 δευτέρᾳ
573 848 757 918 ἡμέρᾳ
789 850 1134 920 ἐζητήσαμεν
1170 851 1254 912 τίς
1277 847 1343 920 ἦν
1365 853 1394 904 6
1419 852 1482 904 τὸ
1522 852 1722 920 βιϐλίον
1747 853 1883 921 γρά-

314 926 440 992 ψας·
470 929 562 980 καὶ
580 929 815 1000 εὕρομεν
830 935 895 1002 τῇ
924 934 1018 986 τοῦ
1034 933 1168 986 Θεοῦ
1189 934 1370 1004 χάριτι
1387 935 1601 987 Λουκᾶν
1620 935 1710 986 τὸν
1730 934 1886 1001 εὐαγ-

313 1008 589 1078 γελιστὴν.
617 1015 712 1064 καὶ
727 1014 818 1066 διὰ
839 1015 1094 1066 πλειόνων
1109 1015 1432 1080 ἀποδείξεων
1459 1017 1588 1084 ὑμῖν
1613 1016 1885 1086 παρεστή-

316 1108 490 1162 σαμεν
517 1095 578 1146 τὸ
607 1095 954 1166 ζητούμενον,
989 1098 1096 1150 τῶν
1134 1098 1231 1166 μὲν
1267 1100 1646 1168 σαφεστέρων,
1688 1099 1796 1152 τῶν
1826 1099 1884 1151 δέ

317 1175 646 1248 βαθυτέρων.
673 1175 799 1232 Οἶδα
822 1179 928 1250 γὰρ
943 1181 1024 1232 ὅτι
1048 1183 1156 1243 τοῖς
1172 1181 1423 1251 ἐσχάτοις
1445 1181 1555 1235 τῶν
1579 1182 1884 1253 εἰρημένων

316 1258 502 1310 πολλοὶ
549 1259 654 1311 τῶν
695 1261 1042 1316 ἀκουσάντων
1093 1264 1152 1316 οὐ
1198 1264 1686 1335 παρηκολούθησαν
1706 1282 1719 1294 ·
1770 1265 1883 1318 ἀλλ’

315 1339 464 1408 ὅμως
515 1341 576 1392 οὐ
626 1341 714 1393 διά
761 1343 917 1396 τοῦτο
943 1345 1366 1415 ἁποστησόμεθα
1407 1351 1501 1400 τοῦ
1541 1347 1886 1417 κατατολμᾷν

315 1418 652 1491 λεπτοτέρων
702 1427 1010 1494 νοημάτων.
1064 1429 1144 1480 Τά
1178 1429 1274 1497 μὲν
1307 1423 1399 1482 οὖν
1437 1429 1748 1499 σαφέστερα
1775 1431 1886 1491 τοῖς

317 1503 714 1575 ἆφελεστέροιε,
744 1508 812 1560 τὰ
841 1508 898 1560 δέ
929 1507 1201 1577 βαθύτερα
1225 1513 1336 1572 τοῖς
1357 1511 1608 1580 ὀξύτερον
1633 1511 1888 1580 ἐνορῶσιν

318 1584 470 1638 ἔσται
491 1591 754 1659 χρήσιμα.
776 1591 1034 1660 Ποικίλην
1059 1592 1166 1663 γὰρ
1193 1588 1334 1646 εἶναι
1365 1593 1444 1646 δεῖ
1475 1596 1575 1664 τὴν
1611 1595 1888 1663 τράπεζαν

315 1669 411 1720 καὶ
433 1669 706 1741 διάφορν,
734 1673 920 1744 ἐπειδὴ
952 1675 1044 1727 καὶ
1065 1675 1320 1744 διάφορος
1342 1677 1374 1745 ή
1401 1677 1509 1728 τῶν
1536 1676 1888 1746 κεκλημένων

316 1751 598 1822 ἐπιθυμία.
617 1755 695 1825 Τῇ
727 1755 823 1823 μὲν
850 1752 941 1808 οὖν
965 1756 1154 1826 πρώτῃ
1181 1759 1364 1828 ἡμέρᾳ
1395 1759 1522 1828 περὶ
1554 1758 1886 1827 ἐπιγραφῆς,

311 1835 381 1903 τῇ
415 1834 471 1885 δέ
498 1835 728 1906 δευτέρᾳ
753 1838 936 1907 ἡμέρᾳ
959 1839 1088 1908 περὶ
1120 1839 1214 1890 τοῦ
1241 1840 1550 1909 γράψαντος
1577 1841 1636 1892 τὸ
1667 1840 1888 1908 βιϐλίον,

314 1917 382 1983 τῇ
407 1916 560 1986 τρίτῃ
591 1919 773 1989 ἡμέρα
804 1919 928 1988 χθὲς
958 1921 1093 1990 πρὸς
1119 1921 1244 1984 τοὺς
1267 1921 1742 1990 παραγενομένους
1765 1923 1892 1990 περὶ

317 1998 420 2066 τῆς
453 2000 626 2068 ἀρχῆς
653 2001 750 2070 τῆς
776 2003 994 2072 γραφῆς
1021 2004 1401 2074 διελέχθημεν,
1443 2005 1537 2057 καὶ
1575 2004 1855 2073 ἐδείξαμεν
1873 2043 1890 2067 ,

321 2080 570 2152 καθάπερ
601 2081 778 2136 ἴσασιν
807 2087 854 2136 οἱ
881 2087 1196 2155 ἀκηκοότες,
1229 2087 1280 2138 τί
1323 2087 1422 2156 μέν
1449 2088 1564 2156 ἐστι
1599 2087 1818 2155 πρᾶξις,
1840 2086 1893 2136 τί

315 2163 374 2214 δέ
414 2165 531 2216 ἐστι
562 2164 764 2234 θαῦμα.
795 2167 889 2218 καὶ
921 2167 972 2220 τί
997 2168 1096 2237 μέν
1135 2169 1250 2221 ἐστι
1291 2155 1556 2232 πολιτεία,
1586 2169 1640 2221 τί
1677 2170 1734 2221 δέ
1779 2171 1893 2220 ἐστι

319 2248 562 2313 σημεῖον,
599 2249 691 2298 καὶ
716 2249 899 2319 τέρας,
933 2252 1022 2302 καὶ
1045 2251 1293 2319 δύναμις,
1327 2252 1418 2304 καὶ
1457 2252 1620 2304 πόσον
1647 2253 1708 2304 τὸ
1733 2251 1894 2320 μέσον

315 2329 612 2397 ἑκατέρων·
647 2331 740 2381 καὶ
774 2331 890 2392 πῶς
922 2331 983 2384 τὸ
1010 2333 1109 2400 μὲν
1148 2334 1349 2402 μεῖζον,
1381 2333 1441 2384 τὸ
1467 2334 1524 2384 δὲ
1547 2333 1892 2403 χρησιμώτε-

314 2425 430 2478 ρον·
465 2411 694 2473 καὶπῶς
721 2412 782 2463 τὸ
817 2413 916 2481 μὲν
949 2414 1068 2466 καθ’
1101 2416 1290 2467 ἐαυτὸν
1311 2415 1336 2452 δ
1369 2415 1426 2467 ὃν
1455 2415 1728 2484 βασιλείαν
1760 2431 1886 2483 προ-

317 2491 478 2554 ξενεῖ,
505 2493 564 2545 1:6
596 2493 648 2544 δὲ
678 2495 770 2547 ἐὰν
807 2497 879 2566 μὴ
914 2495 1052 2567 λάϐῃ
1079 2497 1175 2566 τὴν
1198 2498 1304 2549 ἀπὸ
1337 2498 1438 2566 τῆς
1477 2496 1730 2566 πράξεως
1758 2513 1892 2564 συμ-

323 2575 545 2644 μαχίαν,
579 2577 681 2640 ἔξω
705 2577 814 2630 τῶν
853 2578 1140 2648 προθύρων
1173 2579 1395 2631 ἐκείνων
1422 2578 1768 2632 ἐκϐάλλεται.
1794 2579 1895 2646 Σή-

322 2684 487 2736 μερον
515 2669 630 2739 [7'3]
658 2669 950 2736 ἀναγκαῖον
980 2673 1150 2722 εἰπεῖν
1170 2671 1230 2723 τὸ
1247 2671 1527 2723 ἐπίλοιπον
1549 2671 1646 2740 τῆς
1665 2671 1894 2739 ἐπιγρα-

319 2759 444 2828 φῆς,
471 2763 564 2812 καὶ
578 2760 747 2824 δεῖξαι
773 2761 824 2813 τί
858 2762 985 2814 ποτέ
1012 2763 1128 2813 ἐστι
1153 2763 1214 2814 τὸ
1238 2762 1407 2830 ὄνομα
1433 2761 1540 2813 τῶν
1563 2761 1914 2813 ἀποστόλων.-

315 2841 456 2893 Ούδέ.
482 2843 588 2912 γὰρ
620 2843 772 2901 ψιλόν
805 2846 920 2896 ἐστι
954 2844 1015 2896 τὸ
1050 2845 1219 2914 ὄνομα
1243 2845 1419 2906 τοῦτο,
1453 2845 1567 2896 ἀλλ’
1591 2845 1764 2914 ἀρχῆς
1782 2846 1896 2894 ἐστι

319 2926 683 2994 προσηγορία,
711 2927 888 2996 ἀρχῆς
926 2927 1210 2998 μεγίστης,
1253 2927 1426 2996 ἀρχῆς
1455 2926 1556 2994 τῆς
1595 2941 1896 2993 πνευματι-

319 3007 591 3076 κωτάτης,
611 3011 784 3079 ἀρχῆς
809 3011 904 3078 τῆς
929 3012 1058 3064 ἅνω.
1090 3009 1250 3062 Ἀλλά
1268 3010 1607 3079 διανάστητε.
1631 3007 1898 3076 Καθάπερ

319 3090 430 3160 γὰρ
455 3093 514 3142 ἐν
542 3095 653 3154 τοῖς
685 3091 960 3160 βιωτικοῖς
985 3092 1304 3164 πράγμασίν
1331 3095 1465 3144 εἰσιν
1493 3091 1659 3161 ἀρχαὶ
1684 3090 1894 3152 πολλαὶ,

319 3172 384 3223 οὐ
425 3174 594 3225 πᾶσαι
618 3173 673 3225 δέ
701 3175 800 3242 τῆς
829 3175 998 3243 αὐτῆς
1040 3174 1218 3237 ἀξίας,
1269 3173 1382 3226 ἀλλ’
1413 3176 1466 3226 αἱ
1502 3175 1600 3243 μέν
1643 3171 1896 3242 μείζους,

325 3259 382 3307 αἰ
411 3255 464 3308 δὲ
494 3256 763 3320 ἐλάττους·
796 3254 928 3319 οἷον,
957 3259 1043 3310 ἵνα
1071 3259 1178 3311 ἀπὸ
1195 3259 1293 3328 τῆς
1319 3259 1632 3328 κατωτέρας
1658 3255 1749 3308 τὸν
1781 3256 1902 3323 ἀρι-

331 3339 464 3409 θμὸν
499 3340 872 3410 ποιησώμεθα,
905 3341 1050 3394 ἐστιν
1078 3345 1104 3394 6
1131 3343 1228 3412 τῆς
1259 3341 1463 3404 πόλεως
1485 3340 1716 3402 ἔκδικος·
1753 3339 1900 3390 ἔστιν

325 3431 595 3503 ἀνώτερος
636 3434 843 3486 ἐκείνου
889 3435 920 3485 6
959 3434 1053 3486 τοῦ
1114 3433 1302 3496 ἔθνους
1353 3430 1593 3502 ήγεμών·
1636 3429 1750 3482 ἔστι
1781 3429 1900 3498 μετ’

324 3518 530 3570 ἐκεῖνον
585 3517 769 3587 ἔτερος
803 3517 983 3586 ἅρχων
1032 3517 1231 3585 μείζων
1263 3533 1277 3548 ο
1320 3516 1432 3566 ἐστι
1481 3513 1641 3566 πάλιν
1669 3515 1698 3564 6
1737 3528 1898 3581 στριι⁴

323 3597 600 3669 τηλάτης·
658 3599 802 3652 ἔστιν
867 3603 894 3651 6
949 3599 1225 3667 ὕπαρχος·
1286 3597 1430 3648 ἔστιν
1481 3594 1726 3664 ἀνωτέρα
1775 3593 1900 3646 τού-

323 3699 433 3735 των
483 3683 665 3752 ἀρχὴ,
716 3685 749 3752 ή
803 3682 909 3735 τῶν
960 3682 1180 3735 ὑπάτων
1213 3681 1390 3750 ἀρχή·
1429 3680 1520 3732 καὶ¹
1574 3679 1744 3730 πᾶσαι
1805 3676 1902 3745 μὲν

325 3757 489 3817 αὗται
527 3767 709 3835 ἀρχαὶ,
748 3765 808 3817 ού
847 3767 1016 3818 πᾶσαι
1068 3765 1124 3816 δέ
1171 3764 1268 3833 τῆς
1314 3761 1488 3830 αὐτῆς
1533 3760 1690 3826 ἀξίας
1718 3775 1731 3788 ·
1761 3758 1904 3810 οὕτω

326 3849 424 3901 καὶ
473 3848 580 3900 τῶν
632 3847 1012 3917 πνευματικῶν
1049 3846 1239 3898 πολλαὶ
1293 3847 1387 3913 μὲν
1443 3844 1609 3914 ἀρχαὶ
1637 3881 1650 3902 ,
1695 3843 1753 3892 οὐ
1802 3841 1902 3891 πᾶ-

327 3948 418 3983 σαι
464 3931 522 3984 δέ
568 3931 668 3998 τῆς
720 3929 888 3998 αὐτῆς
936 3928 1088 3993 ἀξίας
1115 3945 1127 3958 ο
1181 3927 1372 3979 πασῶν
1417 3925 1473 3978 δέ
1516 3923 1714 3994 μείζων
1743 3925 1776 3992 ή
1803 3923 1904 3991 τῆς

325 4012 634 4080 ἀποστολῆς
667 4011 812 4076 ἀξία.
863 4012 972 4062 Καὶ
1006 4009 1113 4080 γάρ
1156 4010 1264 4062 ἀπὸ
1313 4007 1420 4060 τῶν
1452 4005 1727 4074 αἰσθητῶν
1758 4005 1904 4074 ὑμᾶς

325 4097 419 4146 ἐπὶ
455 4095 524 4146 τά
557 4095 726 4163 νοητά
759 4097 1116 4164 χειραγωγεῖν
1161 4093 1260 4145 δεῖ.
1298 4090 1452 4143 Οῦτω
1483 4090 1577 4142 καὶ
1605 4091 1632 4141 ὁ
1666 4088 1902 4157 Χριστὸς

327 4176 574 4244 ἐποίησε,
606 4177 735 4246 περὶ
765 4175 1080 4246 Πνεύματος
1110 4173 1490 4242 διαλεγόμενος
1510 4171 1700 4232 ὓδατος
1737 4173 1903 4240 ἐμνη-

329 4259 610 4328 μόνευσεν.
642 4259 702 4310 '0
723 4259 830 4326 γὰρ
846 4259 1038 4310 πίνων
1050 4258 1118 4310 ἐκ
1135 4255 1241 4309 τοῦ
1259 4255 1476 4320 ὕδατος
1497 4255 1710 4306 τούτου
1728 4251 1904 4320 διψή-

328 4357 424 4394 σει
445 4341 650 4404 πάλιν,
681 4340 841 4410 φησίν
869 4359 884 4372 ·
930 4343 963 4393 ὁ
991 4339 1059 4392 δὲ
1087 4340 1280 4390 πίνων
1316 4337 1384 4390 ἐκ
1419 4337 1524 4390 τοῦ
1554 4336 1794 4399 ὕδατος,
1831 4330 1902 4388 οὗ

327 4422 442 4491 ἐγὼ
471 4423 642 4475 δώσω
680 4423 862 4488 αὐτῷ,
913 4424 983 4475 οὺ
1019 4421 1105 4492 μὴ
1135 4420 1386 4489 διψήσει
1417 4421 1503 4484 εὶς
1543 4419 1649 4472 τὸν
1695 4418 1902 4470 αἰῶνα.

341 4515 502 4584 Ὁρᾷς
529 4515 636 4566 ἀπὸ
653 4515 759 4566 τῶν
784 4513 1058 4583 αἰσθητῶν
1082 4511 1173 4564 ἐπὶ
1190 4511 1259 4563 τὰ
1275 4510 1440 4579 νοητὰ
1465 4507 1908 4580 χειραγωγοῦντα

328 4600 388 4650 τὸ
417 4598 640 4664 γύναιον
672 4613 686 4660 ;
731 4597 886 4650 Οῦτω
914 4597 1009 4648 καὶ
1032 4598 1196 4666 ἡμεῖς
1231 4593 1383 4646 ποιοῦ
1395 4611 1513 4661 μεν,
1537 4594 1633 4645 καὶ
1663 4591 1908 4644 κάτωθεν

329 4679 694 4748 ἀναϐαίνομεν
731 4681 865 4742 ἀνω,
923 4679 1063 4732 ὥστε
1115 4677 1482 4746 εὐσημότερον
1529 4673 1783 4742 γενέσθαι
1816 4671 1908 4723 τὸν

329 4761 508 4829 λόγον.
540 4763 636 4815 Διά
662 4760 821 4814 τοῦτο
853 4761 982 4831 περὶ
1025 4762 1199 4832 ἀρχῆς
1230 4759 1623 4826 διαλεγόμενοι,
1654 4757 1712 4808 οὐ
1748 4772 1910 4806 πνευ-

335 4845 571 4915 ματικῆς
602 4845 954 4915 ἐμνήσθημεν
981 4845 1177 4915 ἀρχῆς,
1202 4843 1316 4897 ἀλλ’
1348 4841 1634 4911 αἰσθητῆς,
1675 4839 1762 4891 ἵνα
1801 4839 1910 4891 ἀπὸ

329 4936 534 5006 ταύτης
562 4938 698 5008 πρδς
719 4937 933 5006 ἐκείνην
969 4937 1114 5004 ὑμᾶς
1146 4936 1673 5006 χειραγωγήσωμεν.
1715 4929 1910 4983 Ἠκού-

334 5037 463 5072 σατε
511 5020 682 5082 πόσας
717 5020 1106 5091 ἠριθμήσαμεν
1136 5021 1309 5090 ἀρχὰς
1345 5016 1623 5088 βιωτικὰς,
1659 5016 1753 5068 καὶ
1791 5015 1908 5076 πῶς

331 5105 387 5155 αἱ
441 5103 540 5172 μὲν
593 5103 832 5170 μείζους,
885 5105 937 5154 αἱ
989 5103 1046 5155 δὲ
1093 5103 1369 5163 ἐλάττους,
1427 5101 1522 5152 καὶ
1560 5098 1748 5168 πῶςή
1798 5098 1908 5150 τῶν

335 5188 554 5239 ὑπάτων
577 5187 718 5258 ἀρχὴ
745 5187 993 5258 καθάπερ
1016 5186 1225 5256 κορυφὴ
1249 5187 1340 5238 καὶ
1367 5182 1575 5252 κεφαλὴ
1601 5184 1765 5235 πᾶσιν
1790 5181 1909 5233 ἐπί-

335 5285 512 5322 κειται
529 5284 542 5298 ·
565 5269 762 5338 ἴδωμεν
779 5269 987 5331 καὶτὰς
1006 5268 1178 5338 ἀρχὰς
1192 5267 1292 5328 τὰς
1309 5265 1704 5335 πνευματικὰς.
1723 5263 1910 5314 Ἔστιν

333 5359 479 5428 ἁρχὴ
499 5361 862 5430 πνευματικὴ,
877 5358 1214 5432 προφητείας
1229 5359 1392 5428 ἀρχή·
1412 5358 1558 5408 ἔστιν
1588 5355 1749 5426 ἑτέρα
1766 5355 1910 5425 ἁρχὴ

335 5441 760 5512 εὐαγγελισμοῦ,
795 5443 914 5494 ἐστι
943 5442 1224 5511 ποιμένος,
1257 5440 1374 5492 ἐστι
1399 5438 1746 5502 διδασκάλου,
1797 5437 1912 5488 ἐστι

339 5525 718 5594 χαρισμάτων,
758 5525 904 5578 ἐστιν
955 5527 1218 5596 ἰαμάτων,
1243 5523 1390 5576 ἔστιν
1419 5521 1716 5592 ἑρμηνείας
1739 5519 1914 5588 γλωσ-

397 5634 424 5696 ‘_'
450 5633 684 5696 Φάλαγ-γα
706 5637 1103 5696 μεταστήσαντος.
1129 5635 1221 5684 Hic
1242 5635 1412 5696 incipit
1433 5647 1523 5682 ms.
1551 5632 1688 5682 Colb.

403 5690 436 5736 δ
456 5697 543 5746 Hs.
567 5690 716 5747 (Σὸῖὺί
729 5698 830 5744 καθ’
855 5690 1012 5744 ἑαυτό.

643 5789 914 5850 Ρλτιιοι..
963 5783 1078 5844 Gn.
1127 5782 1224 5844 LI.

1997 435 2123 488 σῶν.
2160 436 2342 489 Ταῦτα
2381 439 2558 490 πάντα
2597 438 2837 506 ὀνόματα
2885 438 2982 507 μέν
3022 440 3135 489 ἐστι
3176 439 3554 509 χαρισμάτων,

1992 522 2290 592 πράγματα
2305 523 2360 575 δὲ
2380 523 2562 595 ἀρχῶν
2586 525 2677 576 καὶ
2697 523 2972 587 ἐξουσιῶν.
3000 525 3057 576 Ὀ
3077 527 3356 596 προφήτης
3371 525 3556 597 ἄρχων

1989 613 2125 664 ἐστί·
2147 613 2272 682 παρ’
2289 615 2420 683 ήμῖν
2445 617 2472 666 6
2490 613 2747 683 δαίμονας
2765 613 3062 678 ἐξελαύνων
3079 615 3258 685 ἄρχων
3273 617 3409 668 ἐστί·
3424 620 3556 689 παρ’

1989 704 2122 771 ήμῖν
2150 705 2178 755 6
2203 705 2405 774 ποιμὴν
2435 706 2527 756 καὶ
2551 704 2870 768 διδάσκαλος
2905 706 3088 775 ἅρχων
3117 705 3233 758 ἐστὶ
3267 723 3558 777 πνευμάτια

1990 793 2114 854 κός·
2150 792 2285 845 ἀλλά
2342 791 2546 844 τούτων
2597 794 2851 846 ἁπάντων
2909 795 3108 864 μείζων
3141 795 3290 846 ἐστὶν
3333 795 3475 866 ἀρχὴ
3522 799 3558 868 η

1988 883 2342 954 ἀποστολική.
2367 885 2476 936 Καὶ
2503 883 2665 935 πόθεν
2699 883 2859 936 τοῦτο
2887 884 3042 954 δῆλον
3068 901 3082 948 ;
3113 885 3235 937 Ὅτι
3275 885 3382 955 πρὸ
3423 887 3560 940 πάν-

1988 991 2095 1026 των
2111 977 2140 1027 ὁ
2187 975 2483 1038 ἀπόστολος
2504 959 2866 1029 τούτωνίέστί.
2895 976 3004 1027 Καὶ
3029 975 3281 1046 καθάπερ
3301 978 3329 1028 6
3357 974 3560 1038 ὕπατος

1989 1063 2048 1116 ἐν
2073 1067 2193 1126 ταῖς
2213 1065 2491 1134 αἰσθηταῖς
2513 1065 2729 1135 ἀρχαῖς,
2753 1065 2924 1128 οὕτως
2950 1065 2978 1116 ὁ
3044 1065 3342 1128 ἀπόστολος
3364 1068 3422 1119 ἐν
3447 1068 3561 1129 τοῖς

1991 1159 2378 1224 πνευματικοῖς
2401 1157 2499 1225 τὴν
2525 1155 2842 1228 προεδρείαν
2865 1156 2999 1227 ἔχει.
3029 1155 3204 1208 Αὑτοῦ
3225 1157 3317 1209 τοῦ
3346 1158 3558 1210 Παύλου

1991 1245 2312 1317 ἀκούσωμεν
2331 1245 2689 1317 ἀριθμοῦντος
2715 1249 2812 1311 τὰς
2835 1249 3025 1319 ἀρχάς,
3057 1249 3149 1301 καὶ
3175 1251 3230 1302 ἐν
3260 1247 3337 1318 τῷ
3363 1248 3562 1319 ὑψηλο-

1991 1339 2135 1408 τέρῳ
2172 1340 2356 1409 χωρίῳ
2404 1340 2502 1410 τὴν
2561 1339 2923 1408 ἁποστολικὴν
2969 1339 3295 1403 καθίζοντος.
3351 1340 3415 1392 Τί
3467 1333 3559 1392 οὖν

1992 1423 2147 1491 οὗτός
2173 1447 2360 1498 φησιν;
2399 1429 2516 1495 Οὓς
2541 1430 2658 1498 μὲν
2695 1430 2860 1482 ἔθετο
2888 1432 2919 1480 ὁ
2945 1429 3086 1494 Θεὸς
3107 1430 3176 1482 ἐν
3195 1429 3270 1497 τῇ
3311 1432 3562 1498 Ἐκκλη-

1991 1521 2118 1585 σίᾳ,
2167 1518 2400 1586 πρῶτον
2439 1521 2848 1584 ἀποστόλους,
2901 1519 3182 1585 δεύτερον
3231 1521 3562 1588 προφήτας,

1993 1611 2190 1676 τρίτον
2217 1608 2647 1674 διδασκάλους,
2685 1611 2783 1663 καὶ
2839 1611 3157 1678 ποιμένας·
3211 1607 3338 1664 εἶτα
3396 1611 3564 1680 χαρί-

1993 1715 2190 1768 σματα
2223 1698 2498 1768 ἰαμάτων.

2065 1787 2218 1854 Εἶδες
2245 1791 2484 1860 κορυφὴν
2513 1790 2728 1860 ἀρχῶν;
2752 1787 2888 1853 εἶδες
2921 1789 3123 1859 ὑψηλὸν
3145 1789 3454 1860 καθήμενον
3473 1789 3565 1841 τδν

1998 1883 2310 1946 ἀπόστολον,
2361 1883 2450 1935 καὶ
2506 1883 2696 1934 οὐδένα
2727 1883 2830 1953 πρὸ
2850 1883 3058 1935 ἐκείνου
3089 1882 3238 1946 ὅντα,
3270 1879 3393 1932 οὔτε
3423 1879 3566 1932 ἀνώ-

1997 1989 2153 2044 τερον
2179 1991 2192 2039 ;
2228 1973 2450 2044 Πρῶτον
2479 1973 2586 2044 γάρ
2613 1973 2947 2036 ἀποστόλους
2978 1973 3131 2043 φησὶ,
3155 1971 3405 2042 δεύτερον
3434 1987 3567 2042 προ-

2002 2067 2196 2132 φήτας,
2236 2063 2417 2133 τρίτον
2444 2063 2794 2126 διδασκάλους
2869 2065 2962 2116 καὶ
2997 2063 3286 2133 ποιμένας·
3317 2059 3433 2115 εἶτα
3464 2079 3567 2132 χα⁴

2005 2154 2242 2224 ρίσματα
2299 2155 2561 2223 ἰαμάτων,
2617 2155 2947 2224 ἀντιλήψεις,
3003 2155 3380 2225 κυϐερνήσεις,
3435 2153 3566 2220 γένη

1999 2245 2280 2312 γλωσσῶν.
2311 2247 2424 2299 Οὐκ
2455 2245 2598 2316 ἀρχὴ
2627 2245 2682 2297 δέ
2719 2245 2876 2314 μόνον
2917 2245 3064 2298 ἐστὶν
3097 2249 3130 2313 ή
3164 2244 3432 2315 ἀποστολὴ
3459 2241 3568 2295 τῶν

1998 2337 2173 2390 ἄλλων
2193 2335 2394 2409 ἀρχῶν.
2415 2338 2548 2390 ἀλλά
2581 2338 2672 2390 καὶ
2698 2337 2952 2398 ὑπόθεσις
2971 2337 3066 2389 καὶ
3089 2336 3233 2406 ῥίζα.
3255 2335 3366 2388 Καὶ
3395 2333 3572 2386 καθά-

1999 2445 2104 2497 περ
2151 2430 2182 2498 ή
2219 2428 2430 2497 κεφαλὴ
2491 2430 2548 2479 ἐν
2597 2427 2673 2496 τῷ
2711 2427 3028 2496 ὑψηλοτέρῳ
3069 2425 3160 2479 τοῦ
3217 2425 3418 2488 παντὸς
3455 2421 3568 2494 [76]

1999 2518 2304 2588 καθημένη,
2333 2520 2392 2570 ού
2421 2519 2579 2588 μόνον
2600 2519 2740 2588 ἀρχή
2771 2518 2863 2570 τοῦ
2890 2515 3138 2586 σώματός
3163 2517 3277 2568 ἐστι
3304 2515 3398 2568 καὶ
3420 2513 3571 2577 ἐξου-

2003 2608 2110 2674 σία,
2155 2608 2290 2660 ἀλλὰ
2327 2608 2422 2660 καὶ
2456 2607 2580 2678 ῥίζα
2616 2608 2704 2676 (τά
2735 2607 2842 2677 γὰρ
2872 2605 3038 2675 νεῦρα
3064 2605 3132 2658 τά
3170 2603 3474 2658 διοικοῦντα
3509 2603 3570 2653 τὺ

2003 2703 2160 2773 σῶμα
2179 2702 2236 2768 ἐξ
2267 2702 2480 2772 ἐκείνης
2503 2719 2546 2753 τι
2557 2701 2812 2770 κτόμενα,
2831 2701 2922 2752 καὶ
2945 2699 3002 2762 ἐξ
3019 2697 3180 2751 αὑτοῦ
3207 2695 3570 2767 βλαστάνοντα

2001 2795 2095 2848 τοῦ
2116 2793 2437 2862 ἐγκεφάλου,
2453 2791 2544 2844 καὶ
2559 2791 2655 2861 τὴν
2677 2789 2768 2843 τοῦ
2798 2791 3110 2861 πνεύματος
3125 2789 3388 2858 δεχόμενα
3414 2801 3572 2854 χορη-

2002 2887 2146 2953 γίαν,
2166 2885 2336 2948 οὕτως
2365 2886 2508 2938 ἅπαν
2527 2884 2799 2951 οἰκονομεῖ
2813 2882 2874 2934 τὸ
2893 2882 3070 2949 ζῶον),
3095 2880 3236 2933 οὕτω
3261 2877 3356 2930 καὶ
3383 2877 3416 2945 ή
3441 2877 3567 2927 ἀπο-

2007 2977 2164 3046 στολὴ
2206 2977 2266 3027 οὐ
2301 2976 2460 3045 μόνον
2508 2976 2582 3037 ὡς
2631 2973 2900 3043 ἀρχὴκαὶ
2934 2971 3150 3036 ἐξουσία
3205 2971 3318 3029 τοῖς
3365 2967 3571 3026 λοιποῖς

2005 3067 2275 3121 ἐπίκειται
2309 3066 2664 3136 χαρίσμασιν,
2704 3063 2838 3116 ἀλλά
2867 3064 2960 3115 καὶ
2987 3061 3086 3123 τάς
3112 3059 3368 3114 ἀπάντων
3419 3055 3573 3125 ῥίζας

2006 3161 2062 3210 ἐν
2095 3159 2258 3227 ἐαυτῇ
2292 3156 2628 3210 συλλαϐοῦσα
2661 3155 2901 3222 κατέχει.
2933 3153 3042 3206 Καὶ
3086 3154 3113 3204 ὁ
3152 3150 3250 3220 μὲν
3290 3147 3571 3219 προφήτης

2005 3251 2063 3301 οὐ
2097 3248 2315 3301 δύναται
2349 3245 2486 3301 εἶναι
2517 3247 2611 3300 καὶ
2662 3245 2957 3306 ἀπόστολος
2991 3244 3084 3295 καὶ
3115 3240 3395 3311 προφήτης
3417 3253 3430 3266 ·
3462 3237 3492 3289 6
3519 3234 3576 3286 δὲ

2005 3337 2298 3400 ἀπόστολος
2325 3339 2416 3389 καὶ
2447 3337 2732 3405 προφήτης
2761 3335 2876 3386 ἐστὶ
2925 3335 3139 3394 πάντως
3171 3371 3188 3394 ,
3259 3331 3350 3382 καὶ
3421 3325 3578 3398 χαρί-

2008 3447 2190 3500 σματα
2221 3429 2331 3498 ἔχει
2363 3431 2626 3498 ἰαμάτων,
2659 3427 2752 3478 καί
2783 3425 2912 3496 γένη
2947 3423 3228 3492 γλωσσῶν,
3271 3422 3364 3474 καὶ
3401 3421 3577 3489 ἐρμηα

2005 3521 2155 3582 νείας
2176 3519 2434 3587 γλωσσῶν
2464 3535 2476 3547 ·
2517 3518 2596 3568 διὸ
2626 3519 2766 3586 ἀρχὴ
2807 3517 2902 3569 καὶ
2935 3517 3056 3586 ῥίζα
3088 3514 3203 3565 ἐστὶ
3258 3512 3364 3562 τῶν
3421 3525 3578 3578 χαρι-

2011 3613 2252 3682 σμάτων.

2077 3703 2137 3758 δ’.
2177 3703 2285 3754 Καὶ
2314 3703 2395 3754 ὅτι
2428 3699 2601 3752 ταῦτα
2624 3698 2796 3761 οὕτως
2831 3698 2962 3766 ἔχει,
2999 3694 3205 3748 Παῦλον
3245 3693 3374 3761 ὑμῖν
3405 3707 3582 3758 παρασ-

2009 3797 2166 3858 γάγω
2196 3795 2468 3864 μάρτυρα.
2495 3789 2712 3860 Πρῶτον
2733 3789 2788 3840 δὲ
2821 3787 3116 3853 ἀναγκαῖον
3144 3786 3337 3846 εἰπεῖν,
3367 3782 3418 3833 τί
3452 3779 3582 3832 ποτέ

2011 3887 2127 3938 ἐστι
2172 3885 2301 3954 γένη
2337 3880 2618 3950 γλωσσῶν.
2646 3879 2709 3930 Τί
2740 3875 2832 3930 οὖν
2868 3880 2983 3929 ἐστι
3011 3876 3142 3943 γένη
3183 3871 3480 3940 γλωσσῶνς
3511 3871 3584 3921 Τὺ

2013 3973 2240 4028 παλαιὸν
2262 3975 2288 4027 6
2310 3970 2628 4042 βαπτισθεὶς
2659 3969 2754 4022 καὶ
2781 3967 3078 4028 πιστεύσας
3108 3963 3309 4025 εὐθέως
3335 3963 3468 4033 πρὸς
3485 3960 3584 4029 τὴν

2013 4066 2318 4136 φανέρωσιν
2335 4061 2428 4116 τοῦ
2455 4061 2594 4113 Πνεύ
2603 4077 2770 4131 ματος
2794 4059 3066 4129 διαφόροις
3091 4055 3269 4109 ἐλάλει
3290 4053 3580 4122 γλώσσαις.

2025 4157 2240 4226 Ἐπειδὴ
2261 4155 2368 4226 γὰρ
2410 4153 2489 4206 ἔτι
2521 4151 2910 4221 ἀσθενέστερον
2948 4147 3211 4200 διέκειντο
3240 4146 3290 4196 οἱ
3321 4143 3464 4205 τότε,
3491 4141 3585 4194 καὶ

2011 4251 2080 4303 τά
2117 4249 2283 4318 νοητὰ
2308 4247 2625 4318 χαρίσματα
2648 4245 2778 4314 όρᾷν
2810 4243 2908 4294 οὐκ
2943 4239 3203 4309 ἠδύναντο
3233 4239 3346 4297 τοῖς
3387 4233 3582 4301 ὀφθαλ-

2017 4345 2134 4414 μοῖς
2161 4340 2260 4408 τῆς
2289 4338 2510 4409 σαρκὸς,
2544 4337 2742 4388 ἐδίδοτο
2769 4333 3027 4401 αἰσθητὸν
3052 4333 3296 4401 χάρισμα
3317 4367 3331 4390 ,
3356 4325 3496 4379 ὥστε
3523 4323 3586 4374 τὸ

2012 4433 2198 4502 νοητὸν
2213 4443 2234 4469 ο
2256 4429 2508 4498 γενέσθαι
2525 4425 2834 4494 καταφανές
2855 4441 2867 4452 ·
2895 4425 2988 4475 καὶ
3011 4424 3036 4473 ό
3055 4419 3370 4490 βαπτισθεὶς
3386 4415 3587 4471 εὐθέως

2015 4527 2108 4577 καὶ
2136 4525 2200 4591 τῇ
2233 4520 2478 4591 ἡμετέρᾳ
2502 4515 2740 4588 γλώσσῃ,
2764 4515 2857 4566 καὶ
2883 4517 2948 4583 τῇ
2977 4513 3083 4564 τῶν
3113 4509 3360 4579 Περσῶν,
3387 4508 3480 4559 καὶ
3517 4508 3582 4574 τῇ

2013 4616 2121 4668 τῶν
2165 4612 2366 4676 Ἰνδῶν,
2416 4609 2508 4662 καὶ
2553 4610 2619 4678 τῇ
2650 4607 2759 4658 τῶν
2797 4604 3021 4658 Σκυθῶν
3070 4601 3390 4669 ἐφθέγγετο,
3445 4595 3586 4648 ὥστε

2013 4693 2205 4778 μαθεῖν
2226 4704 2320 4756 καὶ
2335 4705 2458 4765 τοὺς
2470 4701 2752 4760 ἀπίστους.
2766 4699 2846 4764 ὅτι
2867 4695 3005 4748 Πνεύ
3014 4709 3179 4764 ματος
3197 4691 3350 4758 ἀγίου
3367 4687 3584 4757 ἠξίωτο.

2016 4800 2124 4852 Καὶ
2169 4793 2236 4868 ἦν
2288 4795 2347 4847 τὸ
2403 4793 2498 4862 μὲν
2536 4793 2762 4860 σημεῖον
2798 4783 3076 4854 αἰσθητόν,
3113 4786 3144 4852 ἡ
3174 4781 3397 4849 τοιαύτη
3434 4779 3588 4848 φωνὴ

2014 4891 2157 4958 λέγω
2178 4904 2189 4916 ·
2225 4889 2290 4956 τῇ
2313 4886 2422 4954 γάρ
2453 4883 2702 4952 αἰσθήσει
2735 4879 2830 4932 τοῦ
2867 4877 3118 4945 σώματος
3149 4873 3316 4940 αὐτῆς
3366 4872 3584 4940 ἢκουον·

2013 4982 2112 5050 τὴν
2148 4980 2205 5032 δέ
2263 4975 2460 5044 νοητὴν
2510 4975 2604 5026 καὶ
2654 4973 2752 5039 οὐχ
2807 4967 3090 5038 ὁρωμένην
3137 4962 3232 5016 τοῦ
3275 4959 3590 5029 Πνεύματος

2015 5074 2175 5144 χάριν
2221 5069 2356 5121 πᾶσι
2388 5067 2450 5117 τὸ
2494 5063 2748 5134 αἰσθητὸν
2801 5061 2958 5112 τοῦτο
3011 5059 3235 5127 σημεῖον
3291 5051 3590 5121 κατάδηλον

2016 5142 2209 5218 ἐποίει.
2241 5160 2350 5212 Καὶ
2370 5157 2528 5210 τοῦτο
2546 5155 2606 5207 τὸ
2633 5157 2854 5224 σημεῖον
2879 5151 3125 5204 ἐκαλεῖτο
3148 5147 3278 5215 γένη
3303 5142 3584 5214 γλωσσῶν.

2028 5258 2086 5310 Ὀ
2113 5253 2221 5324 γὰρ
2246 5253 2371 5322 μίαν
2391 5248 2640 5317 γλῶσσαν
2663 5246 2800 5316 ἔχων
2815 5243 2920 5298 ἀπὸ
2945 5243 3043 5310 τῆς
3063 5241 3296 5310 φύσεως,
3319 5237 3590 5298 ποικίλαις

2017 5346 2195 5399 ἐλάλει
2229 5341 2500 5408 γλώσσαις
2527 5339 2622 5392 καὶ
2648 5337 2923 5407 διαφόροις
2951 5334 3057 5386 ἀπὺ
3087 5333 3184 5400 τῆς
3213 5329 3464 5398 χάριτος·
3493 5327 3590 5378 καὶ

2015 5433 2082 5508 ἦν
2113 5437 2238 5489 ἰδεῖν
2265 5433 2548 5503 ἄνθρωπον
2576 5432 2671 5484 ἐνα
2702 5430 2800 5499 μὲν
2843 5427 2920 5496 τῷ
2956 5424 3192 5496 ἀριθμῷ,
3247 5419 3490 5472 ποικίλον
3534 5417 3594 5472 δέ

2085 5572 2108 5599 °
2131 5568 2412 5628 Legehalur
2549 5565 2800 5628 χάρισμαη
2824 5561 2880 5606 τὸ
2910 5557 3100 5628 κιο-ητόχι
3137 5554 3423 5628 Αᾶιιίᾳὶιηξιε
3445 5553 3592 5628 ῶτξτε,

2023 5611 2596 5692 ρηεῐῖἶίιιἿΙ-ιῖιῖιιξεοιιειίξ
2613 5611 2839 5671 θοιτὶιίὶη
2863 5611 3038 5679 marg,
3063 5617 3228 5664 Venet.
3268 5617 3318 5664 in
3346 5611 3578 5663 Emenda-

2023 5691 2252 5741 tionibus.
2277 5691 2405 5739 Ευιτ.
2589 5713 2600 5724 -
3265 5747 3268 5750 γ
