4066 6274
446 877 482 889 α

452 5212 499 5222 ..-

559 323 638 378 B3

565 439 682 501 τοῖς
736 436 1062 509 χαρίσμασι,
1099 438 1193 492 καὶ
1222 437 1455 514 διάφορα
1490 438 1736 508 στόματα
1778 435 1990 506 ἔχοντα,
2043 432 2141 485 καὶ

565 529 858 600 διαφόρους
893 527 1165 597 γλώσσας.
1207 528 1434 598 Ἴδωμεν
1464 523 1558 581 οὖν
1602 526 1719 591 πῶς
1749 529 1778 580 ὁ
1820 524 2144 587 Ἀπόστολος

565 619 837 674 καὶτοῦτο
858 613 971 690 εἶχε
999 619 1060 672 τὸ
1087 620 1355 691 χάρισμα,
1388 619 1485 672 καὶ
1506 618 1574 672 τά
1608 619 1744 673 ἄλλα
1772 618 1968 671 πάντα.
2007 615 2144 687 Περὶ

500 738 505 743 ~
567 710 666 784 μὲν
701 709 892 765 τούτου
938 708 1081 764 οὕτω
1134 706 1281 779 λέγει
1314 726 1327 740 '
1386 709 1638 764 Πάντων
1681 709 1849 779 ὑμῶν
1901 708 2144 779 μᾶλλον

561 803 872 873 γλώσσαις
895 801 1082 857 λαλῶ.
1122 798 1283 867 Εἶδες
1309 803 1426 867 πῶς
1452 803 1565 874 ἔχει
1596 802 1664 856 τά
1685 803 1817 872 γένη
1833 801 1943 855 τῶν
1969 801 2145 868 γλωσ-

563 892 695 959 σῶν,
735 896 830 948 καὶ
877 896 977 949 ούκ
1030 890 1141 965 ἔχει
1180 894 1341 964 μόνον
1365 932 1379 957 ,
1434 892 1569 946 ἀλλά
1597 895 1692 947 καὶ
1726 893 1864 964 μετά
1898 893 2143 957 πλείονος

561 986 873 1059 ὑπερϐολῆς
903 987 937 1058 ἢ
989 989 1038 1039 οἰ
1062 986 1240 1040 λοιποὶ
1258 986 1459 1049 πάντες
1491 986 1703 1051 πιστοί;
1736 987 1811 1039 υὺ
1834 986 1943 1056 γάρ
1964 980 2139 1049 εἶπεν,

560 1078 644 1132 ὅτι
677 1076 957 1141 Γλώσσαις
988 1078 1095 1148 ἔχω
1139 1077 1324 1130 λαλεῖν
1364 1077 1543 1148 μόνον,
1574 1072 1709 1131 ἀλλά
1744 1076 1861 1141 καὶ,
1894 1074 2143 1131 Πάντων

558 1169 731 1239 ὑμῶν
749 1164 995 1238 μᾶλλον
1020 1168 1331 1237 γλώσσαις
1351 1167 1539 1224 λαλῶ.
1573 1171 1684 1240 Τὴν
1704 1170 1760 1223 δὲ
1782 1169 2139 1240 προφητείαν,

565 1261 631 1331 ἦν
668 1255 803 1330 εἶχε,
836 1259 903 1313 δι’
938 1259 1163 1314 ἐκείνων
1201 1260 1445 1314 δείκνυσι
1482 1260 1591 1313 τῶν
1641 1256 1936 1330 ῥημάτων,
1996 1257 2140 1312 οὕτω

561 1353 758 1421 λέγων·
798 1346 872 1407 Τὸ
910 1352 978 1406 δὲ
1002 1353 1246 1422 Πνεῦμα
1279 1353 1477 1422 ῥητῶς
1515 1354 1699 1423 λέγει,
1741 1346 1830 1407 ὅτι
1866 1354 1937 1407 ἐν
1962 1354 2141 1409 ὑστέ-

558 1462 693 1515 ροις
717 1446 946 1515 καιροῖς
964 1446 1371 1511 ἐνστήσονται
1401 1446 1595 1515 καιροὶ
1624 1447 1882 1514 χαλεποί
1902 1463 1917 1477 ο
1960 1445 2044 1499 ὅτι
2081 1445 2140 1499 δὲ

561 1537 632 1591 τὰ
666 1540 726 1591 ὲν
748 1536 1003 1611 ὑστέροις
1031 1539 1243 1607 καιροῖς
1268 1535 1470 1604 λέγειν,
1494 1537 1802 1607 προφητεία
1819 1538 1956 1600 ἐστὶ,
1976 1538 2140 1591 παντί

558 1645 670 1682 που
695 1627 872 1699 δῆλον.
906 1625 1016 1681 Καὶ
1047 1628 1231 1693 πάλιν,
1266 1627 1445 1682 Τοῦτο
1484 1627 1553 1682 δὲ
1586 1627 1930 1697 γινώσκετε,
1954 1628 2044 1682 ὅτι
2072 1629 2142 1682 ὲν

562 1717 846 1789 ἐσχάτοις
874 1723 1103 1787 καιροῖς
1132 1718 1538 1786 ἐνστήσονται
1590 1718 1782 1786 καιροὶ
1838 1719 2098 1789 χαλεποί
2121 1735 2136 1750 ·

562 1811 660 1865 καὶ
690 1811 876 1872 πάλιν,
902 1809 1066 1879 Λέγω
1090 1811 1158 1864 δὲ
1201 1810 1345 1880 ὑμῖν
1388 1810 1458 1863 ἐν
1483 1811 1646 1879 λόγῳ
1675 1812 1919 1879 Κυρίου,
1950 1811 2039 1864 ὅτι
2069 1811 2142 1865 ἐν

560 1903 866 1970 παρουσίᾳ
887 1901 1075 1956 αὐτοῦ
1112 1902 1285 1970 ἡμεῖς
1313 1904 1368 1955 οἱ
1408 1901 1619 1969 ζῶντες
1647 1905 1703 1956 οι
1730 1904 2142 1972 περιλειπόμε-

561 2011 674 2059 νοι,
733 1995 806 2049 οὐ
853 1993 940 2063 μὴ
988 1992 1315 2062 φθάσωμεν
1360 1994 1503 2060 τοὺς
1536 1995 1970 2063 ’κοιμηθέντας.
2027 1996 2140 2048 Καὶ

559 2084 719 2138 τοῦτο
765 2084 823 2137 δὲ
886 2084 1191 2156 προφητεία
1230 2084 1398 2140 ἐστίν.
1451 2081 1606 2148 Εἶδες
1645 2085 1762 2150 πῶς
1790 2085 1922 2156 γένη
1962 2085 2140 2154 γλωσ-

561 2177 671 2229 σῶν
689 2176 783 2229 καὶ
804 2176 1140 2248 προφητείας
1164 2176 1275 2247 ἔχει
1303 2194 1317 2241 ;
1349 2176 1535 2230 Βούλει
1566 2177 1759 2247 μαθεῖν
1783 2176 1901 2240 πῶς
1916 2177 2029 2246 ἔχει
2047 2177 2140 2231 καὶ

558 2265 877 2337 χαρίσματα
901 2265 1173 2336 ίαμάτων;
1221 2265 1382 2319 Ἀλλά
1404 2266 1542 2336 τάχα
1570 2266 1731 2320 τοῦτο
1754 2267 1881 2321 οὐδὲ⁵
1904 2268 2003 2337 τῆς
2031 2267 2140 2321 ἀπὸ

557 2357 669 2410 τῶν
701 2356 877 2425 λόγων
913 2356 1242 2421 ἀποδείξεως
1267 2357 1457 2416 δεῖται.
1491 2360 1621 2412 ὃταν
1652 2358 1852 2428 ἴδωμεν
1880 2360 1941 2412 ού
1977 2359 2138 2427 μόνον

558 2446 686 2507 τοὺς
717 2446 1069 2511 ἀποστόλους,
1105 2447 1240 2500 ἀλλά
1259 2448 1352 2501 καὶ
1379 2448 1447 2500 τὰ
1475 2448 1664 2518 ἱμάτια
1697 2448 1876 2501 αὐτῶν
1903 2448 2014 2520 [77]
2041 2466 2141 2518 χα-

564 2535 808 2603 ρίσματα
842 2535 1087 2604 ἰαμάτων
1115 2536 1329 2606 ἔχοντα.
1361 2537 1483 2591 ’Ὀτι
1525 2539 1581 2590 δὲ
1609 2540 1702 2591 καὶ
1733 2538 2050 2603 διδάσκαλος
2070 2536 2141 2610 ἦν

559 2624 674 2678 τῶν
698 2625 891 2687 ἐθνῶν,
917 2626 1187 2697 πολλαχοῦ
1224 2627 1383 2680 τοῦτο
1420 2627 1593 2696 λέγει,
1621 2629 1715 2681 καὶ
1732 2629 1814 2681 ὅτι
1837 2629 1939 2699 τῆς
1959 2632 2142 2683 οἰκου-

564 2715 735 2786 μένης
781 2717 1222 2788 ἀντελαμϐάνετο
1260 2719 1462 2790 πάσης,
1512 2721 1609 2774 καὶ
1661 2720 1987 2792 διεκυϐέρνα
2041 2723 2141 2786 τάς

573 2804 922 2877 Ἐκκλησίας.
942 2809 1110 2862 Ὅταν
1138 2804 1230 2862 οὖν
1246 2809 1508 2881 ἀκούσῃς,
1538 2811 1755 2880 πρῶτον
1782 2813 2137 2879 ἀποστόλους,

558 2895 810 2970 δεύτερον
841 2902 1149 2971 προφήτας,
1162 2903 1345 2973 τρίτον
1362 2903 1626 2973 ποιμένας
1647 2903 1740 2956 καὶ
1759 2902 2134 2972 διδασκάλους,

559 2989 876 3059 χαρίσματα
911 2991 1176 3061 ἰαμάτων,
1208 2992 1543 3063 ἀντιλήψεις,
1575 2993 1958 3064 κυϐερνήσεις,
2004 2995 2134 3066 γένη

559 3079 840 3146 γλωσσῶν,
884 3082 1024 3151 μάθε
1046 3083 1127 3135 ὅτι
1165 3086 1312 3136 πᾶσα
1341 3086 1373 3154 ἡ
1402 3086 1636 3156 χορηγία
1668 3085 1777 3137 τῶν
1796 3085 2000 3139 λοιπῶν
2035 3104 2137 3157 χα-

562 3170 865 3239 ρισμάτων,
896 3170 1085 3242 ῶσπερ
1107 3175 1164 3226 ἐν
1195 3174 1425 3245 κεφαλῇ,
1462 3178 1526 3245 τῇ
1554 3175 1825 3246 ἀποστολῇ
1856 3176 2138 3230 ὲναπόκει-

557 3276 672 3314 ται.
702 3256 831 3331 ’Ἆρ’
852 3263 912 3315 οὑ
942 3262 1096 3331 ψιλὸν
1126 3262 1406 3334 ἐνομίζετε
1426 3264 1664 3335 τοῦνομα
1693 3265 1801 3320 τῶν
1824 3248 2135 3320 ἀποστόλων

559 3351 669 3422 πρὸ
698 3352 926 3419 τούτου;
968 3353 1097 3407 Ἰδοὺ
1124 3354 1220 3407 νῦν
1241 3355 1442 3423 ἔγνωτε
1478 3356 1643 3409 πόσον
1674 3355 1837 3426 βάθος
1877 3355 1989 3428 ἔχει
2015 3359 2138 3429 νοή-

560 3456 732 3511 ματος
762 3440 826 3494 τδ
853 3440 1044 3513 ὄνομα.
1084 3442 1269 3496 Ταῦτα
1297 3443 1355 3496 δὲ
1407 3445 1732 3516 εἰρήκαμεν,
1780 3445 1882 3499 οὑκ
1928 3445 2137 3511 οἰκείας

554 3531 841 3602 δυνάμεως
873 3532 1132 3600 ἐπίδειξιν
1156 3534 1471 3606 ποιούμενοι
1498 3553 1511 3566 ·
1537 3538 1596 3590 οὐ
1638 3537 1750 3608 γὰρ
1789 3539 2035 3610 ἡμέτερα
2066 3539 2136 3592 τὰ

554 3621 862 3691 λεγόμενα,
920 3624 1055 3679 ἀλλά
1103 3626 1201 3696 τῆς
1250 3626 1344 3680 τοῦ
1392 3627 1710 3699 Πνεύματος
1761 3631 1986 3701 χάριτος
2025 3630 2133 3683 τῶν

556 3713 944 3787 ρᾳθυμοτέρων
974 3716 1072 3788 τὴν
1093 3718 1333 3788 νωθρίαν
1361 3718 1734 3792 διεγειρούσης
1751 3761 1766 3787 ,
1792 3720 1933 3774 ὥστε
1966 3722 2132 3793 μηδὲν

552 3808 917 3878 παρατρέχειν
948 3809 1153 3874 ἁπλῶς.

620 3898 861 3964 Εἰκότως
918 3901 1027 3973 ἀρα
1054 3903 1320 3959 ὑπατείαν
1368 3904 1746 3976 πνευματικὴν
1785 3906 2130 3977 ἐκαλέσαμεν

551 3988 648 4059 τὴν
681 3991 1007 4061 ἀποστολήν.
1043 3995 1337 4063 ’Ἄρχοντες
1366 3995 1475 4064 γάρ
1523 3998 1662 4048 είσιν
1696 3996 1802 4048 ὑπὸ
1828 3996 1965 4049 Θεοῦ
2013 4015 2128 4068 χει-

551 4081 933 4151 ροτονηθέντες
963 4085 1011 4135 οἱ
1048 4084 1337 4136 ἀπόστολοι
1358 4101 1371 4113 ο
1403 4086 1684 4154 ἄρχοντες,
1738 4088 1838 4138 οὐκ
1870 4086 1998 4155 ἔθνη
2034 4090 2128 4141 καὶ

548 4170 737 4234 πόλεις
789 4171 1082 4242 διαφόρους
1135 4172 1525 4243 λαμϐάνοντες,
1562 4176 1698 4228 ἀλλά
1731 4177 1931 4240 πάντες
1973 4181 2126 4250 κοινῇ

548 4262 648 4329 τὴν
692 4263 1018 4332 οἰκουμένην
1058 4266 1531 4334 έμπιστευθὲντες.
1575 4269 1683 4321 Καὶ
1741 4270 1824 4322 ὅτι
1867 4269 2128 4340 ἄρχοντές

549 4352 658 4404 εἰσι
687 4354 1069 4423 πνευματικοὶ,
1107 4355 1202 4409 καὶ
1243 4357 1402 4410 τοῦτο
1447 4360 1731 4425 ἀποδεῖξαι
1768 4363 2123 4433 πειράσομαι,

550 4435 639 4489 ἵνα
670 4436 809 4506 μετά
832 4438 929 4508 τὴν
948 4438 1219 4505 ἀπόδειξιν
1244 4441 1477 4512 μάθητε,
1504 4446 1586 4498 ὅτι
1616 4445 1854 4516 τοσούτῳ
1882 4445 2125 4516 βελτίους

546 4528 685 4581 εἰσὶν
725 4530 773 4582 οί
796 4530 1083 4584 ἀπόστολοι
1103 4532 1211 4585 τῶν
1234 4534 1509 4604 ἀρχόντων
1531 4536 1639 4589 τῶν
1670 4536 1963 4606 βιωτικῶν,
2006 4539 2124 4609 ὅσῳ

547 4618 703 4672 αύτοί
751 4621 799 4673 oi
836 4619 1077 4690 βιωτικοὶ
1111 4622 1372 4693 ἄρχοντες
1404 4624 1512 4678 τῶν
1558 4626 1765 4679 παίδων
1825 4628 1933 4681 τῶν
1995 4646 2124 4683 παι-

547 4715 749 4778 ζόντων
777 4713 1032 4784 ἀμείνους
1052 4714 1175 4767 εἰσί.
1212 4715 1354 4768 Πολὺ
1386 4714 1493 4788 γὰρ
1522 4716 1724 4787 μείζων
1749 4717 1885 4789 αὕτη
1912 4720 2122 4791 ἐκείνης

545 4807 579 4877 ή
616 4806 781 4877 ἀρχὴ.
813 4806 910 4859 καὶ
948 4806 1148 4877 μᾶλλον
1176 4808 1275 4878 τὴν
1302 4808 1578 4878 ἡμετέραν
1606 4808 1819 4879 συνέχει
1841 4806 2006 4878 ζωὴν,
2025 4811 2122 4863 καὶ

542 4898 749 4968 ταύτης
777 4898 1036 4968 ἀρθείσης
1067 4900 1246 4951 πάντα
1293 4899 1501 4969 οἴχεται
1558 4901 1653 4954 καὶ
1682 4900 2011 4956 διαλέλυται.
2056 4902 2121 4955 Τί

475 4980 495 5047 ,ί
544 4992 663 5044 ποτ’
697 4986 791 5045 οὖν
825 4993 974 5043 ἐστιν
1005 4991 1179 5061 ἀρχῆς
1210 4991 1499 5061 σύμϐολον,
1532 4993 1627 5046 καὶ
1672 4993 1796 5047 τίνα
1848 4994 1992 5064 ἔχειν
2030 4996 2121 5050 τὸν

547 5077 781 5149 ἄρχοντα
804 5082 934 5150 χρή;
968 5081 1354 5150 Δεσμωτηρίου
1385 5081 1657 5147 ἐξουσίαν,
1692 5081 1832 5135 ὥστε
1871 5085 1995 5148 τοὺς
2023 5086 2120 5154 μὲν

545 5167 725 5240 δῆσαι,
782 5170 908 5232 τοὺς
953 5171 1011 5222 δὲ
1043 5169 1224 5233 λῦσαι,
1274 5170 1401 5232 τοὺς
1434 5171 1532 5242 μὲν
1556 5172 1863 5238 ἐκϐάλλειν,
1900 5175 2028 5238 τοὺς
2062 5176 2119 5229 δὲ

543 5259 835 5332 ἐμϐάλλειν
867 5259 1056 5331 κύριός
1095 5262 1277 5313 ἐστιν’
1324 5263 1544 5329 ἀφεῖναι
1601 5263 1764 5315 πάλιν
1816 5267 2119 5335 χρημάτων

540 5348 849 5420 ὀφλήματα,
881 5349 972 5402 κοιλ⁵
1005 5348 1132 5411 τοὺς
1156 5348 1256 5420 μὲν
1290 5349 1557 5403 ἀπολῦσαι
1581 5351 1740 5416 ὄντας
1762 5354 2115 5424 ὑπευθύνους,

539 5444 667 5506 τοὺς
693 5442 750 5494 δὲ
789 5440 1041 5496 κελεῦσαι
1071 5441 1362 5495 ἀποδοῦναι
1401 5441 1589 5513 κύριός
1620 5443 1766 5498 ἐστιν
1787 5462 1800 5475 ·
1840 5447 1921 5510 εἰς
1949 5446 2114 5502 θάναο

538 5550 631 5587 τον
669 5532 829 5589 πάλιν
862 5534 1191 5604 ἀπαγαγεῖν,
1226 5534 1320 5587 καὶ
1346 5533 1453 5587 ἀπὸ
1481 5533 1574 5587 τοῦ
1606 5534 1838 5591 θανάτου
1864 5536 2111 5592 καλέσαι·

542 5624 742 5696 μᾶλλον
772 5626 828 5679 δὲ
850 5626 1006 5680 τοῦτο
1035 5629 1294 5698 ἄρχοντος
1323 5627 1420 5697 μὲν
1450 5628 1550 5681 οὐκ
1582 5627 1721 5691 ἔστι,
1755 5628 2019 5699 βασιλέως
2055 5630 2111 5682 δὲ

541 5715 731 5781 μόνον’
770 5716 970 5786 μᾶλλον
1013 5718 1069 5771 δὲ
1109 5718 1229 5771 οὐδὲ
1282 5718 1547 5788 βασιλέως
1586 5720 1877 5790 ὁλόκληρόν
1904 5722 2019 5772 ἐστι
2048 5720 2109 5773 τὸ

1286 332 1341 389 S.
1381 331 1661 389 JOANNIS
1693 328 2184 387 CHRYSOSTOMI
2222 323 2540 383 ARCHIEP.
2590 312 3136 380 CONSTANTINUP.
3758 312 3828 371 95

2247 430 2441 501 δῶρον.
2484 431 2560 483 Οὐ
2582 430 2696 498 γὰρ
2720 430 2827 482 ἀπὸ
2855 428 3087 481 θανάτου
3116 425 3274 480 καλεῖ
3299 425 3391 480 τὸν
3418 427 3674 492 ἀπιόντα,
3705 428 3828 482 ἀλλ’

2245 522 2307 587 ἐξ
2334 522 2640 592 ἀπαγωγῆς
2663 521 2846 586 μόνον,
2872 520 2967 573 καὶ
2984 519 3260 587 ἀπόφασιν
3282 519 3380 586 μὲν
3395 518 3553 574 λῦσαι
3575 518 3827 580 δύναται,

2246 615 2356 669 ἀπὸ
2386 613 2619 667 θανάτου
2658 612 2715 667 δὲ
2748 608 3188 666 ἀνακαλέσασθαι
3239 612 3300 664 οὐ
3337 610 3564 665 δύναται
3587 627 3600 641 °
3636 611 3732 666 καὶ
3764 610 3828 665 τὺ

2249 703 2349 774 μὲν
2393 706 2574 774 χεῖρον
2613 715 2640 744 α
2692 702 2827 773 ἔχει,
2861 700 2956 754 τοῦ
3005 700 3276 771 βελτίονος
3321 702 3379 755 δὲ
3427 702 3820 766 ἀπεστέρηται.

2257 794 2391 847 Ἀπὸ
2417 794 2517 864 τῆς
2555 791 2734 863 ζώνης
2763 793 2820 845 δὲ
2845 791 3006 846 πάλιν
3031 792 3397 863 δοκιμάζομεν
3429 792 3523 847 τὸν
3563 794 3824 864 ἄρχοντα,

2245 884 2354 939 ἀπὸ
2384 885 2482 956 τῆς
2524 885 2620 938 τοῦ
2658 885 2902 955 κήρυκος
2937 883 3143 955 φωνῆς,
3189 884 3297 938 ἀπὸ
3328 884 3436 938 τῶν
3477 884 3820 956 ῥαϐδούχων,

2244 976 2353 1030 ἀπὸ
2396 976 2491 1030 τοῦ
2534 977 2814 1047 ὀχήματος
2847 977 2897 1042 ι’,
2944 975 3052 1029 ἀπὸ
3094 975 3188 1029 τοῦ
3238 976 3461 1045 ξίφους*
3500 976 3676 1031 ταῦτα
3711 978 3823 1048 γὰρ

2244 1069 2423 1122 πάντα
2451 1068 2630 1139 ἀρχῆς
2662 1067 2928 1139 σύμϐολα.
2971 1069 3202 1138 Ἴδωμεν
3250 1069 3429 1122 τοίνυν
3459 1069 3552 1122 καὶ
3582 1069 3680 1141 τὴν
3711 1070 3824 1122 τῶν

2244 1159 2559 1213 ἀποστόλων
2602 1159 2803 1229 ἀρχὴν,
2835 1160 2885 1211 εί
2928 1159 3104 1213 ταῦτα
3135 1158 3248 1230 ἔχει
3278 1159 3347 1212 τά
3395 1160 3639 1229 σύμϐολα
3659 1176 3672 1189 ·
3706 1160 3822 1229 ἔχει

2246 1250 2367 1321 μὲν,
2411 1250 2470 1304 ού
2500 1249 2732 1303 τοιαῦτα
2757 1249 2834 1316 δὲ,
2868 1249 3006 1303 ἀλλά
3050 1250 3231 1321 πολλῷ
3277 1250 3545 1320 βελτίονα,
3580 1251 3692 1305 Καὶ
3734 1251 3823 1305 ἴνα

2247 1341 2422 1413 μάθῃς
2450 1342 2531 1394 ὅτι
2557 1341 2732 1396 ταῦτα
2764 1341 2865 1412 μὲν
2895 1340 3135 1413 ὀνόματα
3165 1342 3528 1415 πραγμάτων,
3562 1341 3824 1396 ἐκεῖναᾶ

2243 1432 2470 1504 ἀλήθεια
2498 1433 2879 1503 πραγμάτων·
2917 1432 3004 1486 ἵνα
3050 1433 3227 1504 μάθῃς
3258 1433 3316 1486 τὸ
3353 1433 3515 1504 μέσον
3540 1433 3648 1487 τῶν
3692 1451 3811 1487 παι·

2242 1522 2369 1577 δίων
2409 1523 2516 1577 τῶν
2564 1523 2873 1588 παιζόντων
2918 1524 3122 1596 ἀρχάς,
3176 1523 3272 1577 καὶ
3312 1523 3425 1576 τῶν
3474 1523 3658 1594 ἀρχῶν
3710 1524 3822 1577 τῶν

2243 1613 2476 1684 ἐχόντων
2491 1615 2590 1677 τάς
2618 1614 2796 1685 ἀρχάς
2817 1631 2831 1646 ’
2848 1616 2960 1677 καὶ,
2984 1617 3033 1669 εί
3066 1615 3345 1686 βούλεσθε,
3372 1616 3586 1703 ἀπλτοῦ
3611 1617 3823 1687 δεσμω-

2240 1703 2432 1775 τηρίου
2459 1704 2673 1775 πρῶτον
2704 1704 3104 1777 ἀριθμήσομεν.
3133 1706 3246 1760 Καὶ
3269 1707 3377 1776 γάρ
3398 1707 3722 1779 εἰρήκαμεν,
3739 1709 3823 1761 ὅτι

2242 1792 2433 1865 κύριος
2465 1792 2559 1847 τοῦ
2590 1792 2751 1864 δῆσαι
2783 1796 2877 1849 καὶ
2912 1788 3072 1851 λῢσαί
3100 1796 3248 1850 ἔστιν
3280 1797 3308 1849 ό
3343 1795 3549 1867 ἄρχων.
3579 1796 3723 1867 Ὅρα
3756 1796 3822 1866 δὴ

2241 1880 2445 1952 ταύτην
2480 1881 2582 1953 τὴν
2619 1882 2797 1954 ἀρχὴν
2840 1885 2967 1946 τοὺς
3014 1884 3347 1948 ἀποστόλους
3404 1884 3652 1955 ἔχοντας.
3705 1883 3822 1957 [78]

2243 1972 2471 2037 Ὅσους
2494 1974 2604 2042 γὰρ
2622 1972 2699 2027 ἂν
2713 1973 2944 2042 δήσητε
2959 1976 3058 2029 ἐπὶ
3078 1975 3191 2045 τῆς
3208 1975 3344 2045 γῆς,
3372 1978 3557 2047 φησὶν,
3575 1977 3822 2031 ἔσονται

2241 2061 2545 2131 δεδεμένοι
2573 2063 2645 2117 ἐν
2672 2065 2797 2131 τοῖς
2825 2066 3125 2134 οὺρανοῒςο
3154 2066 3253 2119 καί
3269 2066 3457 2133 ὅσους
3489 2068 3565 2121 ἂν
3586 2071 3820 2135 λύσητε

2241 2153 2339 2206 ἐπὶ
2371 2153 2479 2222 τῆς
2506 2154 2622 2223 γῆς
2640 2155 2885 2209 ἔσονται
2910 2156 3232 2225 λελυμένοι
3263 2159 3331 2211 ὲν
3348 2159 3643 2226 οὐρανοῖς.
3660 2154 3819 2222 Εἶδες

2241 2242 2640 2317 δεσμωτηρίου,
2675 2246 2771 2300 καὶ
2794 2247 3171 2320 δεσμωτηρίου
3201 2248 3451 2316 ἐξουσίαν
3474 2267 3487 2281 ·
3514 2252 3607 2303 καὶ
3630 2249 3693 2303 τὸ
3722 2250 3823 2320 μὲν

2241 2333 2412 2405 ὄνομα
2436 2335 2496 2388 τὸ
2516 2334 2667 2397 αὐτὸ,
2697 2336 2758 2389 τὸ
2785 2336 2840 2390 δὲ
2863 2339 3095 2409 πρᾶγμα
3123 2340 3185 2392 οὐ
3219 2340 3280 2393 τὸ
3316 2340 3465 2395 αὑτό.
3503 2342 3822 2413 Δεσμά,καὶ

2240 2423 2435 2495 δεσμά·
2456 2425 2592 2480 ἀλλά
2619 2427 2687 2479 τά
2715 2427 2813 2497 μὲν
2835 2429 2927 2481 ἐπὶ
2956 2429 3050 2501 τῆς
3068 2430 3271 2501 γῆς,τά
3297 2431 3354 2485 δὲ
3385 2433 3444 2485 ὲν
3468 2432 3701 2503 ούρανῷ.
3718 2432 3822 2484 Οὐ-

2245 2516 2405 2587 ρανὸς
2437 2516 2544 2588 γάρ
2574 2518 2720 2570 ἐστιν
2748 2519 2933 2583 αὐτοῖς
2952 2521 3013 2572 τὸ
3034 2521 3431 2593 δεσμωτήριον.
3452 2523 3607 2576 Μάθε
3637 2523 3823 2578 τοίνυν

2242 2606 2300 2658 τὸ
2320 2606 2547 2675 μέγεθος
2561 2606 2661 2676 τῆς
2681 2608 2876 2681 ἀρχῆς.
2904 2610 3027 2663 Ἐπὶ
3039 2611 3137 2682 τῆς
3154 2611 3258 2681 γῆς
3276 2611 3573 2682 καθήμενοι
3593 2614 3820 2686 φέρουσι

2241 2696 2338 2767 τὴν
2361 2697 2565 2768 ψῆφον,
2602 2699 2697 2752 καὶ
2725 2701 2822 2770 τῆς
2858 2700 3040 2770 ψήφου
3073 2704 3107 2773 ἡ
3133 2702 3360 2775 δύναμις
3390 2705 3657 2760 διαϐαίνει
3693 2708 3819 2772 τοὺς

2240 2788 2520 2857 οὐρανούς.
2550 2790 2660 2843 Καὶ
2693 2791 2945 2863 καθάπερ
2963 2795 3009 2846 οί
3038 2795 3137 2864 μὲν
3170 2794 3408 2865 βασιλεῖς
3437 2797 3738 2869 καθήμενοι
3761 2800 3821 2852 ὲν

2244 2878 2343 2949 μιᾷ
2365 2878 2515 2932 πόλει
2538 2879 2865 2951 ψηφίζονται
2887 2883 2979 2936 καί
2999 2883 3403 2953 νομοθετοῦσιν,
3420 2890 3453 2957 ἡ
3485 2886 3543 2940 δὲ
3570 2887 3680 2940 τῶν
3706 2888 3819 2957 ψη-

2242 2969 2531 3040 φισμάτων
2583 2972 2678 3025 καὶ
2710 2971 2819 3025 τῶν
2853 2974 3033 3044 νόμων
3080 2975 3308 3047 δύναμις
3333 2978 3514 3031 πᾶσαν
3539 2976 3818 3045 διατρέχει

2239 3061 2338 3131 τὴν
2371 3063 2693 3134 οἰκουμένην
2715 3080 2728 3091 ·
2758 3063 2900 3119 οὕτω
2939 3067 3035 3119 καὶ
3062 3067 3204 3134 τότε,
3238 3069 3289 3122 οί
3313 3069 3414 3139 μὲν
3446 3070 3734 3124 ἀπόστολοι
3756 3071 3818 3123 ἐν

2241 3151 2322 3206 ἐνὶ
2366 3153 2516 3223 τόπῳ
2557 3155 2857 3227 καθήμενοι
2898 3156 3072 3211 ταῦτα
3118 3160 3502 3230 ἐνομοθέτουν
3548 3163 3582 3230 ἡ
3621 3162 3680 3215 δὲ
3708 3162 3819 3215 τῶν

2238 3242 2419 3313 νόμων
2441 3243 2722 3315 δύναμις,
2769 3234 2999 3300 καὶτῶν
3039 3247 3257 3320 δεσμῶν
3294 3250 3525 3314 τούτων,
3556 3252 3678 3322 οὐχὶ
3717 3251 3819 3324 τὴν

2238 3334 2567 3406 οἰκουμένην
2613 3337 2773 3406 μόνον
2808 3338 3103 3411 διέτρεχεν,
3151 3342 3288 3398 ἀλλά
3331 3344 3427 3398 καὶ
3466 3348 3546 3408 είς
3586 3345 3720 3399 αὐτὸ
3752 3345 3819 3399 τὸ

2238 3423 2372 3496 ὕψος
2398 3420 2506 3481 τῶν
2525 3429 2770 3501 οὐρανῶν
2790 3428 3094 3490 ἀνέϐαινεν.
3126 3431 3279 3498 Εἶδες
3293 3434 3542 3507 δεσμωτή
3553 3453 3686 3508 ριον,
3717 3438 3815 3491 καὶ

2235 3518 2638 3592 δεσμωτήριον·
2677 3522 2742 3574 τὸ
2775 3522 2874 3593 μὲν
2913 3524 3006 3577 ἐπὶ
3040 3525 3163 3596 γῆς,
3203 3524 3266 3578 τὸ
3307 3525 3364 3579 δὲ
3408 3527 3465 3578 ὲν
3490 3527 3724 3599 οὐρανῷ,
3752 3528 3818 3581 τὸ

2239 3610 2337 3681 μὲν
2367 3613 2655 3683 σωμάτων,
2700 3614 2763 3666 τὸ
2815 3614 2872 3668 δὲ
2921 3614 3139 3685 ψυχῶνο
3185 3616 3385 3687 μᾶλλον
3420 3616 3476 3669 δὲ
3504 3618 3599 3671 καὶ
3621 3617 3814 3688 ψυχῶν

2235 3704 2329 3756 καὶ
2355 3705 2622 3775 σωμάτων
2644 3722 2659 3736 ·
2696 3706 2757 3758 οὐ
2787 3706 2898 3778 γὰρ
2935 3706 3165 3779 σώματα
3187 3707 3451 3781 ὲδέσμουν
3480 3710 3638 3782 μόνον
3648 3709 3814 3776 ,ἀλλά

2233 3793 2327 3844 καὶ
2361 3791 2558 3863 ψυχάς.

2302 3890 2363 3938 ε’.
2398 3883 2587 3938 Βούλει
2622 3882 2816 3958 μαθεῖν
2849 3887 2965 3952 πῶς
2995 3887 3174 3960 κύριοι
3200 3884 3342 3960 ἦσαν
3380 3890 3475 3944 καὶ
3518 3891 3811 3964 ὀφλήματα

2233 3975 2479 4043 ἀφεῖναι;
2500 3977 2608 4030 Καὶ
2622 3977 2731 4049 γὰρ
2758 3978 2853 4032 καὶ
2880 3980 3114 4033 ἐνταῦθα
3146 3981 3279 4034 πολὺ
3300 3982 3362 4034 τὸ
3388 3981 3641 4052 διάφορον
3660 3983 3806 4052 ὄψει·

2232 4064 2293 4115 οὐ
2323 4063 2432 4134 γὰρ
2461 4066 2596 4145 όφλή
2607 4083 2749 4135 ματα
2777 4069 3099 4139 χρημάτων,
3139 4069 3255 4124 ἀλλ’
3282 4070 3574 4142 ὀφλήματα
3624 4074 3805 4145 ἀμαρ-

2229 4167 2295 4221 τη
2305 4153 2488 4221 μάτων
2511 4153 2741 4220 ἀφίεσαν
2766 4172 2779 4186 ·
2795 4151 2909 4210 Ὦν
2924 4157 3052 4227 γὰρ,
3076 4176 3149 4229 φη
3158 4159 3260 4222 σὶν,
3286 4160 3478 4230 ἀφῆτε
3499 4160 3608 4226 τὰς
3623 4162 3808 4231 ἁμαρ-

2230 4243 2384 4308 τίας,
2404 4243 2702 4313 ἀφέωνται
2724 4249 2948 4315 αὐτοῖς·
2973 4249 3070 4302 καὶ
3085 4245 3173 4303 ὧν
3189 4249 3268 4304 ἂν
3298 4251 3573 4321 κρατῆτε,
3594 4253 3808 4323 κεκρά-

2228 4349 2456 4400 τηνται.
2496 4336 2562 4389 Τί
2616 4338 2752 4407 μετά
2798 4338 2957 4390 τοῦτο
2989 4340 3269 4404 ἀποδεῖξαι
3302 4342 3430 4414 χρὴ.
3465 4344 3548 4396 ὅτι
3593 4343 3690 4397 καὶ
3727 4346 3809 4407 εἰς

2230 4425 2458 4480 θάνατον
2494 4427 2763 4499 ἔπεμπον,
2796 4431 2890 4483 καὶ
2922 4431 3031 4485 ἀπὸ
3072 4431 3303 4487 θανάτου
3340 4432 3502 4488 πάλιν
3552 4436 3805 4498 ἐκάλουν,

2229 4518 2329 4570 οὐκ
2351 4517 2410 4583 ἐξ
2428 4518 2757 4588 ἀποφάσεως
2785 4520 2975 4591 μόνης,
3010 4522 3104 4574 καὶ
3130 4523 3453 4595 ἀπαγωγῆς,
3472 4524 3608 4578 ἀλλά
3629 4527 3721 4578 καὶ
3741 4528 3808 4579 ἐκ

2224 4607 2460 4663 ’θανάτου
2474 4610 2597 4673 τοὺς
2616 4610 2899 4681 κειμένους
2916 4612 3015 4684 ἤδη
3034 4613 3127 4667 καὶ
3139 4613 3535 4687 διαφθαρέντας
3546 4618 3806 4671 ἀνιστῶν-

2227 4717 2319 4763 τες
2341 4717 2354 4765 ;
2380 4700 2490 4754 Ποῦ
2517 4702 2698 4756 τοίνυν
2731 4702 3125 4771 κατεδίκασαν;
3161 4705 3264 4758 ποῦ
3293 4706 3349 4760 δὲ
3366 4708 3684 4778 ἀπήλλαξαν
3711 4709 3807 4762 θα-

2227 4789 2422 4857 νάτου;
2452 4791 2510 4843 ὐ
2540 4792 2788 4856 Ἀνανίας
2819 4794 2912 4847 καὶ
2938 4795 3273 4868 ἠΣάπφειρα
3311 4790 3616 4869 ἱεροσυλίας
3637 4799 3807 4853 ἑάλω-

2229 4896 2362 4934 σαν·
2404 4883 2454 4933 εί
2493 4882 2602 4953 γὰρ
2633 4883 2729 4936 καὶ
2749 4884 2819 4938 τά
2848 4883 3057 4938 ἑαυτῶν
3091 4885 3327 4957 ἔκλεψαν
3368 4890 3648 4961 χρήματα,
3685 4889 3805 4943 ἀλλ’

2224 4974 2373 5043 ὅμως
2426 4975 2733 5044 ἱεροσυλίας
2784 4976 2845 5029 τὸ
2896 4977 3154 5048 τόλμημα
3202 4976 3271 5052 ἧν
3299 4997 3313 5011 ο
3354 4979 3494 5051 μετά
3538 4978 3649 5054 γὰρ
3702 4984 3803 5052 τὴν

2226 5061 2522 5131 ὑπόσχεσιν
2554 5063 2654 5115 οὐκ
2699 5063 2779 5116 ἔτι
2810 5060 2878 5136 ἦν
2915 5067 3097 5121 αὐτῶν
3127 5068 3198 5122 τὰ
3232 5071 3513 5142 χρήματα.
3557 5071 3623 5123 Τί
3652 5066 3745 5126 οὖν
3771 5074 3802 5125 ό

2236 5148 2589 5215 Ἀπόστολος;
2626 5151 2895 5208 ’Ἄκουσον
2929 5155 3068 5219 πῶς,
3102 5158 3353 5230 καθάπερ
3376 5161 3433 5212 ὲν
3465 5159 3805 5232 δικαστηρίῳ

2222 5238 2552 5312 καθήμενος,
2586 5242 2682 5296 τὸν
2715 5244 2994 5315 ἱερόσυλον
3024 5249 3261 5316 εἰσάγει,
3295 5249 3389 5303 καὶ
3415 5249 3611 5304 πεῦσιν
3638 5266 3801 5320 προσ-

2220 5332 2345 5401 άγει
2375 5332 2631 5407 καθάπερ
2653 5335 2936 5408 δικαστὴς,
2964 5339 3058 5392 καὶ
3080 5339 3203 5393 τότε
3235 5339 3334 5411 τὴν
3357 5340 3635 5411 ἀπόφασιν
3684 5342 3789 5394 ἑπ-

2284 5484 2306 5512 θ
2332 5482 2467 5533 Colb.
2503 5482 2645 5559 λῦσαι
2665 5483 2873 5558 δύναταυ
2897 5485 2999 5533 ἀλλ’
3023 5486 3269 5561 ἐμϐάλλειν
3410 5487 3475 5543 εἰς
3496 5486 3690 5562 θάνατον
3713 5485 3794 5560 δύ-

2284 5560 2372 5596 ται.
2398 5545 2493 5592 ἀπὸ
2512 5548 2710 5594 θανατου
2735 5548 2789 5594 δε
2808 5546 3189 5596 ἀνακαλέσασθαι
3214 5563 3269 5595 ου
3319 5564 3498 5596 υναται·
3526 5565 3607 5596 και
3631 5548 3687 5596 τὸ
3709 5561 3794 5596 nev

2216 5560 2372 5614 ναται,
2398 5545 2493 5592 ἀπὸ
2512 5547 2710 5594 θανάτου
2735 5548 2789 5594 δὲ
2808 5545 3189 5596 ἀνακαλέσασθαι
3214 5548 3269 5595 οὗ
3292 5545 3498 5597 δύναται·
3526 5549 3607 5596 καὶ
3631 5548 3687 5596 τὸ
3709 5547 3794 5609 μὲν

2215 5619 2464 5739 κῗῖῗίέᾍιδ.
2490 5665 2692 5739 ἀπδτοῦ
2712 5668 2969 5739 ὀχήματος,
2985 5682 3023 5739 ﬂ
3043 5681 3345 5739 gyrru._quze
3368 5671 3518 5723 lecuo
3539 5681 3794 5733 germana-

2217 5731 2272 5774 ut
2292 5739 2352 5775 ex
2375 5727 2698 5788 sequentibus
2715 5727 2964 5791 meum;
2984 5729 3117 5782 Editi
3140 5727 3399 5794 σχήματος.
