4066 6274
299 285 368 338 93
796 275 884 332 DE
926 273 1178 332 UTlLlT.
1219 270 1577 327 LECTIONIS
1617 267 2176 326 SCRIPTURABUM.
2207 267 2274 322 IN
2305 267 2592 324 PRINCIP.
2635 267 2982 324 ACTORUM.
3027 269 3114 324 lll.
3512 275 3580 329 9!

299 405 524 450 numero
552 389 764 460 quidem
811 403 998 454 unum,
1030 387 1234 440 varium
1284 395 1460 438 autem
1508 383 1682 446 donis,
1717 396 1778 435 ac
1799 381 1882 434 di-

301 501 457 541 versa
507 484 866 554 possidentem
911 495 1027 543 ora,
1067 479 1380 547 linguasque
1405 476 1664 530 diversas.
1694 473 1888 526 Videa-

302 595 422 632 ntus
460 578 636 644 itaque
665 588 771 642 quo
799 580 955 642 pacto
984 571 1271 639 Apostolus
1299 569 1401 622 hoc
1439 581 1651 637 quoque
1688 565 1887 618 domun

235 655 245 680 ⁵
303 668 544 727 haberet,
569 673 622 718 et
649 664 750 717 alia
791 663 991 716 omnia.
1025 661 1100 713 De
1131 659 1232 713 hoc
1263 657 1476 728 quidem
1507 657 1578 710 ita
1617 656 1886 724 loquitur:

304 757 473 826 Magis
501 771 652 826 quam
671 769 758 805 vos
785 768 958 805 omnes
985 750 1174 820 linguis
1197 749 1375 817 loquor
1401 747 1476 816 (1.
1505 745 1624 800 Cor.
1656 746 1742 798 ll.
1779 744 1886 812 18).

305 847 466 900 Vides
489 854 545 898 ut
570 857 768 912 genera
798 842 1095 910 linguarum
1123 838 1336 902 habeat,
1358 851 1455 890 nec
1477 836 1646 888 solum
1677 833 1889 894 haheat,

305 937 398 990 sed
428 935 615 1003 majori
649 924 769 988 cum
797 932 1042 986 ubertate
1063 945 1220 998 quam
1251 927 1430 983 caeteri
1455 940 1643 980 omnes
1673 923 1893 978 lidcles?

304 1027 421 1082 Non
467 1026 608 1081 enim
660 1024 800 1077 dixit
843 1023 1022 1087 modo,
1067 1020 1285 1089 Linguis
1333 1018 1480 1088 loqui
1533 1031 1768 1087 possunt,
1801 1015 1896 1070 sed

309 1118 482 1189 Magis
527 1131 678 1185 quam
724 1129 896 1166 omnes
946 1127 1031 1164 vos
1079 1110 1264 1180 linguis
1313 1109 1510 1178 loquor.
1553 1107 1896 1176 Prophetiam

309 1219 487 1264 autem
516 1225 616 1278 qua
665 1206 920 1276 praeditus
949 1213 1085 1269 erat,
1117 1203 1219 1256 illis
1247 1202 1428 1256 verbis
1459 1200 1748 1265 indicabat,
1777 1214 1897 1252 cmn

309 1301 515 1355 diceret
543 1317 558 1352 :
589 1298 813 1366 Spiritus
839 1303 1004 1349 autem
1034 1295 1298 1362 manifeste
1327 1293 1469 1356 dicit,
1499 1290 1708 1359 quodin
1729 1289 1898 1342 novis-

309 1392 447 1444 simis
473 1388 778 1458 temporibus
799 1385 1054 1439 instabunt
1083 1394 1308 1453 tempora
1339 1383 1621 1456 periculosa
1655 1381 1730 1453 (2.
1763 1379 1897 1434 Tim.

310 1483 364 1537 5.
393 1484 444 1536 1.
475 1481 592 1535 coll.
633 1483 678 1534 l.
725 1479 857 1532 Tim.
891 1479 944 1532 4.
982 1478 1071 1546 l):
1109 1491 1267 1543 porro
1295 1490 1412 1543 qua:
1441 1473 1743 1526 novissimis
1771 1483 1902 1526 tent-

311 1573 529 1642 poribns
549 1572 798 1626 evenient
825 1570 1028 1630 dicere,
1053 1567 1386 1637 prophetiam
1414 1581 1534 1620 esse
1565 1580 1725 1619 nemo
1754 1565 1904 1634 igno—

313 1671 414 1717 rat.
449 1663 515 1716 Et
540 1677 749 1725 rursus,
784 1659 896 1713 Hoc
924 1659 1114 1721 scitote,
1149 1655 1284 1726 quod
1320 1655 1372 1707 in
1401 1655 1686 1708 novissimis
1709 1664 1902 1723 tempo-

313 1755 453 1806 ribus
481 1753 738 1806 instabunt
767 1761 992 1819 tempora
1014 1748 1295 1816 periculosa
1339 1746 1416 1816 (2.
1457 1745 1589 1798 Tim.
1628 1745 1680 1798 5.
1711 1745 1738 1798 1
1769 1743 1819 1814 );
1851 1753 1908 1798 et

317 1857 522 1904 rursus,
566 1841 694 1894 Dico
735 1840 865 1893 enim
894 1838 1030 1891 vobis
1059 1843 1113 1890 in
1141 1834 1287 1890 verba
1337 1833 1559 1896 Domini,
1593 1834 1827 1901 quoniam
1853 1833 1909 1885 in

317 1933 534 1986 adventu
576 1935 690 2000 ejus
718 1947 810 1984 nos
836 1930 923 1998 qui
964 1929 1196 1992 vivimus,
1237 1925 1323 1993 qui
1367 1924 1556 1978 residui
1586 1940 1777 1988 sumus,
1809 1939 1910 1976 non

323 2023 685 2090 prteueniemus
732 2037 834 2084 eos,
863 2020 947 2087 qui
993 2017 1304 2071 dormierunt
1351 2015 1425 2086 (l.
1463 2013 1640 2067 Thess.
1689 2014 1745 2068 4.
1798 2012 1908 2085 l-l).

318 2114 432 2168 Hoc
483 2126 696 2182 quoque
754 2109 1034 2180 pr0phetia
1077 2115 1179 2162 est.
1227 2106 1386 2160 Vides
1440 2105 1585 2158 illum
1632 2114 1687 2158 et
1714 2119 1910 2174 genera

317 2205 620 2272 linguarum
641 2209 695 2254 et
726 2199 1033 2268 prophetias
1061 2195 1346 2251 habuisse?
1367 2194 1461 2248 Vis
1490 2195 1649 2248 etiam
1678 2194 1909 2259 discere,

317 2309 424 2363 quo
449 2303 602 2361 pacto
627 2291 828 2362 gratias
851 2291 1186 2344 curationum
1215 2286 1501 2342 habuerit?
1539 2285 1643 2341 Sed
1673 2285 1775 2340 hoc
1800 2285 1912 2340 l'or-

319 2395 459 2438 tasse
484 2383 768 2438 verborum
796 2381 1251 2436 demonstratione
1274 2393 1382 2432 non
1409 2378 1628 2447 indiget,
1650 2393 1772 2432 cum
1806 2394 1910 2431 non

319 2473 604 2544 Apostolus
633 2481 856 2536 tantum,
885 2471 982 2525 sed
1014 2471 1250 2539 ipsorum
1292 2469 1452 2523 etiam
1499 2477 1677 2522 vestes
1727 2468 1910 2537 gratiis

320 2564 657 2617 curationum
702 2561 958 2631 przeditas
981 2559 1144 2614 fuisse
1169 2559 1464 2614 videamus.
1505 2557 1787 2613 Doctorem
1814 2573 1911 2612 au-

319 2663 426 2707 tem
457 2654 696 2723 gentium
729 2667 787 2706 se
815 2651 980 2706 fuisse
1025 2651 1209 2705 multis
1238 2651 1291 2704 in
1330 2650 1464 2704 locis
1493 2659 1739 2717 testatur,
1767 2665 1830 2704 ac
1856 2666 1914 2706 se

323 2744 418 2796 tuti
451 2753 714 2797 terrarum
753 2741 870 2795 orbi
921 2741 1256 2806 subvenisse,
1307 2749 1361 2793 et
1407 2740 1673 2794 Ecclesias
1719 2740 1913 2809 guber-

319 2850 498 2889 nasse.
542 2835 676 2888 Cum
701 2833 859 2902 igitur
878 2833 1128 2897 audieris,
1147 2833 1376 2902 primum
1399 2833 1702 2900 Apostolus,
1720 2832 1916 2888 deinde

325 2926 643 2994 Prophetas,
679 2925 836 2979 tertio
859 2924 1108 2978 Pastores
1134 2938 1197 2978 ac
1226 2923 1503 2988 Doctores,
1536 2924 1735 2991 gratias
1764 2939 1919 2978 cura-

321 3020 546 3082 tionum,
579 3017 980 3086 opitulationes,
1020 3014 1460 3085 gubernationes,
1489 3029 1684 3084 genera
1714 3015 1920 3084 lingua-

327 3125 479 3176 rum,
519 3109 666 3163 disce
719 3110 1046 3178 reliquarum
1100 3108 1392 3177 gratiarum
1443 3107 1654 3175 copiam
1705 3122 1918 3162 omnem

327 3214 594 3270 tamquam
641 3202 692 3255 in
735 3201 911 3270 capite
941 3200 992 3254 in
1023 3199 1339 3268 Apostolatu
1367 3199 1618 3252 residere.
1649 3198 1917 3269 Numquid

327 3295 525 3348 nudum
548 3309 668 3348 esse
703 3308 899 3348 nomen
955 3291 1332 3360 Apostolorum
1376 3299 1534 3344 antea
1575 3291 1918 3346 censehatis?

327 3385 493 3448 Ecce,
535 3394 732 3453 quanta
787 3381 1122 3453 profunditas
1161 3395 1414 3435 sensuum
1465 3380 1568 3434 hoc
1607 3397 1672 3435 ex
1702 3384 1919 3437 nomine

324 3475 713 3544 comprehensa
741 3475 986 3528 novistis.
1011 3473 1137 3526 Haec
1161 3481 1342 3525 autem
1371 3487 1400 3523 a
1431 3471 1581 3526 nobis
1607 3471 1748 3526 dicta
1771 3481 1914 3538 sunt,

325 3583 433 3621 non
463 3577 520 3621 ut
545 3575 785 3620 nostram
819 3565 1067 3618 virtutem
1094 3571 1530 3616 ostentaremus:
1565 3576 1740 3630 neque
1776 3562 1918 3615 enim

324 3669 507 3712 nostra
557 3665 683 3714 sunt
719 3670 838 3725 quae
876 3654 1144 3716 dicuntur,
1177 3651 1269 3706 sed
1313 3650 1500 3720 gratire
1547 3651 1779 3719 Spiritus
1801 3667 1920 3719 qu;c

323 3751 766 3820 negligentiorum
826 3747 1104 3816 segnitiem
1154 3745 1372 3807 excitat,
1428 3751 1483 3795 ut
1533 3743 1661 3795 nihil
1721 3753 1922 3797 temere

325 3841 722 3911 prmtormittat.

401 3929 735 3999 Apostolatus
773 3925 1079 3982 Consulatus
1121 3920 1421 3992 spiritantia.
1447 3951 1517 3962 --
1541 3922 1725 3976 Merito
1765 3923 1923 3992 igitur

321 4023 657 4092 Spiritualetn
701 4018 1046 4074 Consulatum
1093 4014 1484 4084 appellavimus
1523 4015 1916 4082 Apostolatum.

323 4117 464 4170 Sunt
487 4114 630 4169 enim
654 4127 682 4166 a
707 4112 821 4166 Deo
847 4109 1105 4178 designati
1133 4108 1472 4176 magistratus
1501 4105 1771 4174 Aposmli;
1805 4123 1919 4161 ma-

323 4208 611 4276 gistratus,
641 4204 832 4272 quibus
859 4217 963 4254 non
993 4207 1178 4269 gentes
1205 4197 1467 4267 urbesque
1491 4197 1651 4250 variae
1685 4197 1922 4252 tribuun-

329 4309 417 4352 tur
435 4339 449 4364 ,
474 4297 568 4352 sed
601 4309 825 4366 quorum
851 4292 1088 4347 omnium
1120 4289 1242 4344 lidei
1266 4289 1425 4344 simul
1453 4296 1591 4341 tutas
1635 4288 1779 4342 urbis
1808 4298 1920 4342 ter-

325 4405 506 4444 rarum
535 4387 902 4441 connnittitur.
933 4384 1100 4438 Porro
1139 4382 1480 4449 magistratus
1511 4379 1630 4433 illos
1655 4395 1774 4434 esse
1813 4382 1923 4450 spi-

329 4481 548 4534 rituales
586 4472 954 4532 demonstrare
993 4473 1252 4537 conabor,
1289 4481 1344 4524 ut
1372 4485 1438 4523 ex
1472 4470 1924 4525 demonstratione

329 4571 640 4640 intelligatis
684 4579 828 4623 tanto
859 4568 1111 4622 meliores
1139 4561 1486 4617 sateularibus
1527 4561 1924 4630 magistratibus

327 4677 452 4718 esse
487 4661 775 4730 Apostolus
806 4701 821 4724 ,
867 4667 1066 4728 quanto
1105 4655 1209 4724 ipsi
1253 4653 1593 4722 magistratus
1642 4653 1924 4707 saeculares

331 4754 632 4810 ludentibus
663 4751 840 4821 pueris
865 4751 1208 4804 antecellunt.
1237 4745 1401 4800 Multo
1427 4744 1620 4812 quippe
1650 4745 1927 4813 magistra-

331 4864 414 4908 tus
438 4854 538 4908 iste
563 4850 902 4920 prmstanliur
931 4857 1013 4903 est
1039 4847 1129 4900 illo
1150 4888 1163 4911 ,
1193 4845 1468 4914 magisque
1495 4845 1654 4896 vitam
1689 4849 1923 4896 nostram

329 4945 572 5000 continet
597 4985 613 5008 ,
655 4957 824 5012 eoque
852 4942 1060 4995 sublato
1083 4940 1262 4992 omnia
1293 4936 1701 5006 pessumdanlur
1730 4947 1783 4988 et
1831 4950 1924 5002 pe—

327 5047 508 5092 reunt.
556 5033 833 5100 Quodnam
879 5032 1037 5100 igitur
1075 5037 1160 5084 est
1207 5029 1548 5098 magistratus
1579 5026 1786 5095 insigne
1814 5068 1829 5092 ,
1874 5035 1929 5078 et

328 5141 578 5198 qua-nam
610 5135 777 5191 sunt,
821 5139 939 5192 quat
987 5122 1184 5175 habere
1233 5121 1394 5174 debet
1420 5119 1506 5173 hic
1542 5118 1926 5188 magistratus?

328 5224 660 5278 I’otestatem
691 5221 742 5272 in
774 5231 1041 5272 carcerem
1061 5257 1074 5278 ,
1103 5215 1182 5269 sic
1210 5223 1268 5268 ut
1304 5215 1437 5268 alios
1477 5216 1680 5268 vincire
1707 5226 1926 5279 compe-

329 5316 486 5370 dibus
507 5353 522 5379 ,
553 5313 688 5366 alios
709 5310 946 5372 solvere,
971 5307 1104 5360 alios
1133 5305 1379 5367 educere,
1407 5307 1542 5359 alios
1567 5305 1735 5375 possit
1759 5303 1927 5370 conji—

327 5423 453 5462 cere
483 5423 498 5460 :
527 5419 712 5459 rursus
737 5401 1078 5470 pecuniarum
1097 5399 1274 5453 debita
1297 5398 1589 5458 dimittere.
1618 5407 1776 5466 atque
1799 5397 1930 5450 alios

326 5501 418 5566 qui
449 5494 668 5550 obnoxii
695 5502 848 5547 erant
876 5491 1156 5547 absolvere
1175 5531 1188 5552 ,
1221 5489 1340 5542 aliis
1371 5499 1424 5543 ut
1453 5489 1734 5544 restituant
1765 5488 1930 5556 impe-

329 5602 472 5651 rare,
499 5601 565 5640 ex
613 5584 778 5652 ipsius
825 5582 1021 5652 pendet
1069 5581 1333 5635 arbitrio:
1363 5579 1426 5634 ad
1475 5591 1702 5634 mortem
1747 5593 1932 5633 rursus

329 5678 637 5742 abducere,
679 5683 835 5745 atque
865 5689 894 5728 a
924 5681 1096 5729 morte
1143 5686 1400 5728 revocare
1431 5688 1444 5726 :
1477 5672 1560 5728 vel
1609 5673 1784 5742 potius
1827 5670 1928 5727 hoc

1993 381 2334 452 magistratus
2367 397 2470 434 non
2497 390 2599 447 est,
2628 382 2721 436 sed
2747 382 3087 450 Imperatoris
3117 383 3280 440 solius
3311 402 3324 438 :
3359 385 3438 440 vel
3481 401 3579 456 pu-

1994 471 2100 522 tius
2126 485 2193 524 ne
2221 469 2558 539 Imperatoris
2583 471 2793 542 quidem
2821 483 2900 527 est
2925 473 3185 542 integrum
3217 475 3434 530 donmn.
3467 476 3576 532 Ne-

1993 573 2096 628 que
2116 559 2258 613 enim
2279 571 2542 615 revocata
2566 571 2739 618 morte
2757 562 3082 628 defunctum,
3099 563 3190 618 sed
3210 581 3330 618 eum
3355 575 3578 632 tantum,

1993 647 2083 718 qui
2109 649 2425 716 abducitur,
2465 665 2527 704 ac
2573 653 2893 706 sententiam
2922 653 3136 723 quidem
3177 664 3348 723 potest
3380 656 3584 710 rescin-

1994 739 2122 794 dere
2143 779 2158 802 ,
2187 739 2282 794 sed
2307 755 2412 794 non
2445 750 2618 810 potest
2643 757 2671 795 a
2701 753 2874 797 morte
2902 759 3153 798 revocare
3184 746 3198 775 ¹
3232 761 3246 809 ;
3278 753 3436 814 atque
3459 747 3583 800 illud

1999 831 2212 897 quidem
2259 830 2424 886 habet
2470 832 2611 900 quod
2638 832 2875 887 deterius
2904 843 2987 888 est
3011 877 3024 900 ,
3058 850 3123 889 eo
3152 851 3279 890 vero
3305 837 3587 892 destitutus

1997 928 2118 985 est,
2151 921 2292 989 quod
2320 931 2401 976 est
2452 925 2808 991 praestantius.
2854 926 3058 980 Rursus
3110 929 3473 998 magistratum
3525 947 3589 984 ex

1998 1013 2209 1084 cingulo
2229 1015 2575 1084 mstimamus,
2605 1033 2670 1071 ex
2700 1033 2830 1072 voce
2852 1020 3134 1087 praeconis,
3161 1037 3224 1074 ex
3254 1023 3588 1088 satellitibus,

2001 1121 2065 1159 ex
2098 1123 2255 1159 curru
2283 1148 2298 1170 ,
2331 1123 2395 1161 ex
2439 1109 2617 1178 gladio
2646 1127 2659 1173 ;
2692 1109 2806 1165 lucc
2853 1112 2993 1165 enim
3038 1113 3214 1166 omnia
3257 1115 3592 1186 magistratus

2003 1203 2128 1249 sunt
2175 1195 2420 1267 insignia.
2483 1199 2764 1254 Videamus
2818 1202 2976 1270 igitur
3030 1219 3154 1256 num
3213 1205 3590 1274 Apostolorum

2003 1287 2161 1340 etiam
2209 1289 2546 1358 magistratus
2591 1290 2706 1344 haec
2753 1291 2943 1347 habeat
2987 1294 3212 1364 insignia
3248 1313 3260 1344 :
3302 1296 3461 1350 habet
3507 1297 3596 1352 ille

2005 1378 2223 1446 quidem
2247 1420 2262 1444 ,
2298 1381 2389 1433 sed
2419 1397 2523 1434 non
2566 1383 2688 1437 talia
2713 1423 2728 1448 ,
2756 1400 2939 1438 verum
2995 1388 3162 1440 multo
3205 1389 3596 1458 praestantiora.

2007 1473 2178 1539 Atque
2198 1483 2252 1524 ut
2271 1471 2664 1540 intelligashmc
2679 1476 2890 1543 quidem
2911 1493 3089 1531 rerum
3117 1493 3236 1532 esse
3255 1479 3490 1540 nomina.
3513 1481 3596 1532 illa

2008 1575 2134 1613 vero
2169 1577 2343 1614 rerum
2365 1563 2752 1618 veritatemzut
2777 1566 2917 1636 quod
2938 1567 3307 1624 sitdiscrimen
3335 1570 3601 1638 intelligas
3665 1575 3678 1584 '

2010 1650 2150 1706 inter
2172 1667 2366 1720 pueros
2395 1654 2483 1722 qui
2511 1655 2851 1724 magistratus
2881 1657 3070 1714 ludunt
3097 1670 3150 1715 et
3175 1677 3268 1716 eos
3296 1663 3385 1733 qui
3430 1665 3600 1734 magi-

2009 1751 2224 1806 Stratus,
2269 1755 2497 1812 gerunt;
2525 1761 2589 1799 ac
2618 1747 2661 1799 si
2691 1747 2886 1816 placet,
2917 1765 2945 1802 a
2977 1765 3195 1806 carcere
3236 1753 3440 1806 initium
3471 1771 3602 1808 cnu-

2013 1835 2323 1888 merationis
2345 1835 2622 1892 ducemus.
2651 1838 2891 1894 Diximus
2916 1841 3058 1896 enim
3083 1843 3134 1898 in
3160 1851 3421 1912 potestate
3441 1847 3601 1899 situm

2013 1941 2132 1979 esse
2153 1929 2514 1998 magistratus,
2543 1939 2603 1983 ut
2631 1929 2824 1985 vinciat
2850 1940 2903 1986 et
2923 1933 3114 1988 solvat.
3141 1935 3271 1990 Vide
3297 1952 3480 1992 rursus
3501 1937 3606 1992 hoc

2018 2015 2296 2082 imperimn
2339 2032 2460 2072 esse
2506 2034 2670 2088 penes
2713 2021 3021 2090 Apostolus.
3073 2024 3423 2096 Quoscumque
3473 2029 3608 2080 enim

2017 2107 2288 2174 ligaveritis
2307 2125 2460 2178 super
2485 2119 2690 2177 terram,
2720 2111 2911 2182 inquit,
2938 2127 3081 2168 erunt
3104 2117 3246 2185 ligati
3265 2117 3317 2170 in
3346 2119 3484 2172 cretis
3513 2135 3530 2172 :
3559 2129 3608 2173 et

2014 2213 2354 2267 quoscumque
2383 2199 2628 2254 solvet-itis
2648 2219 2801 2273 super
2824 2214 3030 2272 terram,
3048 2217 3193 2260 erunt
3218 2209 3370 2262 soluti
3398 2210 3450 2262 in
3473 2211 3610 2264 cadis

2019 2289 2036 2358 (
2069 2289 2251 2343 Matth.
2286 2292 2372 2347 18.
2405 2293 2534 2364 l8).
2571 2294 2734 2349 Vides
2755 2299 3005 2363 carceris,
3039 2310 3093 2352 et
3116 2303 3348 2356 carceris
3375 2312 3611 2370 potesta—

2021 2391 2124 2434 tem
2159 2400 2172 2434 :
2203 2391 2256 2437 et
2305 2400 2499 2439 nomen
2546 2387 2762 2456 quidem
2791 2388 2969 2455 idem,
3003 2406 3116 2444 rem
3167 2401 3343 2446 autem
3395 2393 3614 2448 minime

2018 2471 2288 2528 eamdem.
2340 2474 2562 2529 Vincula
2608 2485 2662 2531 et
2691 2479 2938 2544 vincula;
2987 2480 3078 2534 scd
3107 2481 3208 2533 alia
3239 2480 3292 2533 in
3328 2491 3464 2535 terra
3493 2523 3508 2546 ,
3559 2483 3610 2536 in

2024 2564 2159 2618 caelo
2203 2565 2326 2619 alia.
2357 2564 2559 2622 Caelum
2603 2569 2800 2640 quippe
2826 2587 3010 2624 carcer
3051 2571 3155 2626 illis
3193 2582 3298 2626 est.
3329 2573 3608 2644 Cognosce

2019 2654 2178 2724 igitur
2203 2658 2608 2726 amplitudinem
2652 2664 3012 2732 magistratus.
3063 2662 3118 2716 lu
3164 2666 3320 2720 terris
3367 2665 3615 2720 sedentes

2020 2748 2337 2800 sententiam
2363 2748 2537 2803 ferunt
2561 2791 2577 2814 ,
2605 2762 2659 2805 et
2683 2753 2748 2805 ad
2780 2754 2939 2807 caelus
2981 2768 3148 2822 usque
3177 2764 3421 2822 penetrat
3448 2758 3615 2810 virtus

2021 2837 2320 2890 sententiae.
2351 2837 2420 2892 Et
2438 2843 2884 2908 quemmln‘todum
2917 2843 3269 2914 Imperatores
3292 2847 3342 2899 in
3367 2863 3468 2900 una
3498 2850 3617 2918 qui-

2023 2921 2144 2977 dem
2176 2927 2392 2981 civitate
2443 2930 2740 2986 residentes
2767 2937 3084 2988 sententiam
3132 2937 3310 2990 ferunt
3333 2978 3348 3000 ,
3373 2953 3436 2992 ac
3474 2939 3618 3008 leges

2023 3017 2306 3082 sanciunt,
2332 3033 2396 3073 ac
2439 3025 2828 3077 sententiarum
2875 3025 3158 3096 legumque
3203 3027 3280 3081 vis
3312 3030 3616 3086 universum

2023 3108 2208 3164 orbem
2258 3120 2517 3167 terrarum
2565 3125 2850 3184 permeat:
2891 3119 2970 3172 sic
2996 3121 3156 3173 etiam
3205 3128 3314 3174 tum
3364 3125 3618 3189 temporis

2021 3203 2262 3271 Apostoli
2281 3205 2492 3274 quidem
2514 3222 2621 3260 uno
2639 3208 2688 3262 in
2711 3208 2830 3264 loco
2844 3211 3134 3265 residentes
3149 3210 3262 3266 ha:c
3278 3213 3616 3268 sanciehant:

2025 3309 2184 3362 porro
2211 3293 2388 3366 legum
2418 3297 2582 3353 virtus
2611 3307 2666 3353 et
2689 3299 3021 3356 vinculorum
3055 3303 3277 3358 istorum
3307 3321 3412 3360 non
3440 3305 3614 3360 solum

2023 3387 2210 3441 orbem
2240 3397 2502 3444 terrarum
2534 3393 2858 3460 pervadebat
2878 3435 2892 3456 ,
2927 3395 3022 3450 sed
3051 3395 3116 3449 ad
3146 3397 3317 3464 ipsum
3362 3397 3615 3452 culorum

2025 3475 2291 3546 fastigium
2333 3479 2677 3534 ascendebat.
2719 3482 2880 3538 Vides
2909 3499 3179 3540 carcerem
3210 3496 3264 3540 et
3302 3502 3572 3542 carcerem
3602 3529 3618 3552 ,

2026 3568 2249 3622 alterum
2273 3572 2328 3625 in
2351 3573 2527 3638 terris,
2551 3575 2778 3628 alterum
2801 3575 2850 3629 in
2875 3577 3039 3640 cmlis;
3063 3577 3288 3632 alterum
3313 3593 3617 3650 corporum,

2025 3661 2250 3714 alterum
2279 3663 2578 3718 animarum
2608 3683 2621 3716 :
2653 3666 2760 3720 imo
2789 3682 2917 3720 vero
2944 3677 2996 3722 et
3023 3670 3320 3726 animarum
3349 3680 3404 3726 et
3429 3687 3620 3740 corpo-

2026 3765 2145 3802 rum
2178 3769 2190 3802 :
2219 3767 2392 3821 neque
2420 3754 2562 3807 enim
2587 3769 2812 3824 corpora
2843 3764 3070 3824 tantum,
3103 3759 3196 3814 sed
3224 3763 3384 3816 etiam
3412 3763 3620 3816 animas

2027 3843 2346 3896 vinciebant.

2044 3929 2281 3986 5.0ebita
2313 3935 2628 3991 dimittebant
2658 3939 2908 4009 Apastoli.
2931 3971 3000 3980 —
3025 3941 3116 3995 Vis
3145 3942 3444 4014 intelligere
3465 3985 3480 4010 ,
3511 3959 3623 4013 quo

2029 4035 2182 4090 pacto
2209 4024 2259 4076 in
2291 4035 2552 4093 potestate
2585 4029 2798 4083 illorum
2835 4039 2978 4086 esset
3000 4040 3054 4085 et
3080 4032 3255 4088 debita
3304 4035 3615 4090 dimittere?

2025 4113 2297 4183 Siquidem
2331 4117 2415 4169 hic
2442 4133 2655 4187 quoque
2703 4120 2924 4174 multum
2967 4123 3292 4178 discriminis
3337 4125 3574 4182 oll‘endcs
3608 4145 3622 4188 ;

2025 4219 2200 4277 neque
2221 4209 2361 4261 enim
2385 4212 2728 4278 pecuniarum
2751 4213 2947 4280 debita,
2971 4214 3062 4270 sed
3087 4226 3421 4284 peccatorum
3448 4217 3623 4272 debita

2025 4298 2395 4354 remittebant.
2433 4299 2660 4364 Quorum
2685 4305 2834 4368 enim,
2867 4305 3056 4374 inquit,
3085 4309 3376 4360 remiseritis
3399 4321 3620 4376 peccata.

2027 4393 2346 4444 remittuntur
2356 4393 2443 4455 eis,
2466 4402 2511 4446 et
2531 4410 2743 4460 quorum
2763 4397 3084 4458 retinueritis,
3106 4408 3294 4450 retenta
3313 4409 3427 4450 sunt
3447 4399 3622 4467 (Jonn.

2027 4483 2116 4538 20.
2146 4485 2278 4553 25).
2323 4484 2460 4551 Quid
2493 4486 2750 4554 posthaec
2793 4500 2927 4554 Opus
2970 4496 3052 4540 est
3095 4488 3377 4540 ostendere
3421 4503 3514 4541 eos
3559 4491 3624 4540 ad

2031 4586 2256 4632 mortem
2291 4577 2650 4632 transmisisse
2671 4618 2684 4640 ,
2718 4592 2781 4630 ac
2811 4591 2997 4630 rursus
3025 4592 3054 4630 a
3085 4587 3258 4631 morte
3301 4595 3585 4634 revocasse
3608 4620 3625 4642 ,

2033 4683 2136 4720 non
2167 4677 2286 4734 post
2316 4672 2636 4721 sententiam
2681 4675 2885 4720 tantum
2923 4667 3118 4731 latam,
3149 4679 3200 4720 et
3225 4670 3334 4736 jam
3374 4669 3632 4722 abductus

2031 4759 2094 4811 ad
2124 4759 2441 4826 supplicium
2471 4757 2784 4822 libet-antes,
2818 4757 2910 4810 sed
2938 4758 3111 4825 reipsa
3139 4759 3416 4812 defunctos
3445 4769 3498 4812 et
3519 4761 3629 4828 jant

2031 4850 2324 4902 exstinctos
2351 4865 2378 4900 a
2419 4847 2642 4902 mortuis
2666 4847 3002 4902 excitantes?
3034 4848 3130 4903 Ubi
3161 4863 3288 4918 ergo
3308 4849 3634 4903 condemna-

2033 4941 2196 4995 runt?
2222 4940 2308 4994 ubi
2335 4954 2362 4992 a
2395 4949 2566 4994 morte
2594 4938 2972 4993 vindicarunt?
3001 4939 3240 4994 Ananias
3283 4948 3337 4994 et
3363 4939 3623 5010 Sappbira

2037 5031 2302 5100 sacrilegii
2353 5030 2578 5084 convicti
2616 5029 2727 5099 jam
2775 5031 2982 5085 fuerant
3012 5049 3025 5085 :
3059 5032 3265 5086 tametsi
3312 5033 3455 5087 enim
3506 5049 3633 5087 suas

2024 5123 2286 5193 pecunias
2325 5121 2483 5175 furati
2513 5131 2700 5190 erant,
2746 5121 2843 5176 fuit
2871 5132 3046 5179 tamen
3078 5124 3282 5179 crimen
3321 5125 3584 5194 sacrilegii
3615 5141 3630 5178 :
3691 5133 3710 5142 ‘

2035 5216 2464 5285 quandoquidem
2510 5225 2630 5286 post
2657 5216 3068 5284 promissionem
3104 5217 3212 5288 jam
3261 5235 3365 5272 non
3393 5227 3545 5271 erant
3572 5217 3636 5269 il-

2035 5309 2205 5363 lorum
2228 5307 2625 5378 pecuniaeQuid
2646 5308 3090 5378 igiturApnstolus
3109 5309 3130 5359 ἲ
3146 5309 3282 5362 Audi
3296 5323 3392 5375 qua
3409 5307 3635 5370 ratione,

2040 5411 2304 5468 tamquam
2331 5399 2381 5451 in
2399 5398 2601 5468 judicio
2623 5400 2930 5462 cunsidcns,
2957 5399 3270 5466 sacrilegum
3292 5396 3357 5450 ad
3375 5396 3628 5464 judicium

2038 5492 2223 5554 sistat,
2258 5499 2312 5545 et
2338 5491 2809 5559 interrogationem
2841 5497 3108 5558 tamquam
3141 5489 3306 5557 judex
3337 5487 3588 5543 adhibeat
3612 5533 3627 5551 ,

2104 5617 2118 5645 ¹
2156 5613 2287 5678 colh.
2305 5649 2321 5678 ι
2366 5612 2648 5663 sententiam
2697 5617 2848 5675 potest
2893 5607 3202 5673 rescindere;
3245 5618 3398 5675 potest
3441 5612 3629 5678 quidem

2043 5676 2188 5728 morti
2211 5676 2424 5740 trudere,
2444 5689 2474 5725 tt
2494 5681 2647 5726 morte
2678 5681 2836 5724 autent
2863 5685 3086 5722 revocare
3103 5686 3196 5724 non
3227 5681 3394 5738 potest.
