4060 6252
484 370 565 429 Ὁτι

486 498 551 538 ac
593 477 906 537 sententiam
936 474 1125 531 deinde
1165 473 1490 545 pronuntiet.
1532 471 1719 545 Neque
1760 470 1902 525 enim
1953 478 2076 524 ante

485 592 644 647 quam
684 573 982 630 sciscitctur
1003 613 1020 638 ,
1054 571 1153 626 fert
1198 570 1515 625 sententiam
1546 585 1559 620 :
1588 579 1907 636 quamquam
1937 563 2078 618 enim

487 667 826 724 manifestum
856 675 974 720 erat
999 663 1285 729 delictum,
1316 670 1495 716 tamen
1538 668 1597 712 ut
1633 658 1788 712 nobis
1829 655 1918 725 qui
1950 653 2081 707 foris

486 761 757 815 adstamus
800 754 1144 826 persuaderet
1168 753 1369 823 justam
1400 765 1429 802 a
1454 765 1516 804 se
1556 747 1684 803 ferri
1712 745 2033 801 sententiam
2059 786 2073 808 ,

484 860 765 923 prepterea
797 848 1270 917 interrogationem
1311 842 1527 897 adhibet
1561 840 1643 896 his
1673 838 1851 894 verbis
1879 847 2035 892 utens
2064 853 2078 889 :

485 944 589 998 Cur
615 941 837 1011 implevit
864 949 1069 994 satanas
1092 953 1180 991 cor
1224 947 1365 989 tuum
1387 975 1403 1000 ,
1440 942 1497 988 ut
1539 931 1822 986 mentireris
1860 928 2081 999 Spiritui

487 1043 661 1090 sancto
685 1072 701 1098 ,
745 1041 791 1086 et
833 1028 1099 1101 fraudares
1148 1026 1211 1079 de
1261 1025 1422 1095 pretio
1467 1022 1620 1092 agri?
1662 1018 1847 1074 Nonne
1873 1033 2082 1072 manens

486 1127 576 1180 tibi
604 1124 857 1187 manebat,
887 1130 934 1174 et
955 1117 1309 1178 venumdatam
1334 1115 1387 1168 in
1416 1123 1504 1167 tua
1525 1121 1630 1167 erat
1658 1109 1936 1181 potestate?
1960 1107 2083 1161 Non

485 1237 537 1274 es
568 1216 801 1272 mentitus
830 1210 1148 1276 hominibus,
1188 1208 1277 1262 sed
1307 1206 1413 1260 Deo
1445 1204 1591 1277 (Act.
1633 1204 1686 1258 5.
1730 1203 1783 1257 5.
1810 1202 1844 1256 4
1866 1202 1905 1268 ).
1945 1197 2082 1266 Quid

484 1310 646 1380 igitur
674 1305 895 1360 audiens
932 1302 1024 1356 ille
1053 1314 1329 1355 sermones
1357 1297 1528 1351 istos?
1557 1292 1764 1350 Cecidit
1782 1333 1796 1355 ,
1826 1300 1877 1346 et
1908 1290 2087 1360 exspi-

492 1400 652 1455 ravit.
681 1396 845 1451 Vides
870 1403 920 1448 ut
944 1391 1177 1466 gladium
1199 1391 1358 1444 etiam
1386 1387 1617 1441 habeant
1638 1381 1918 1453 Apostoli?
1947 1380 2081 1433 Cum

488 1490 757 1544 dicentem
784 1483 1004 1539 Paulum
1032 1479 1319 1541 audiveris,
1355 1475 1420 1529 In
1451 1473 1683 1528 omnibus
1709 1470 1934 1543 gladium
1960 1467 2084 1537 Spi-

494 1579 638 1642 ritus,
666 1575 799 1644 quod
824 1582 898 1627 est
925 1569 1126 1624 verbum
1148 1567 1244 1622 Dei
1272 1567 1292 1639 (
1317 1565 1505 1636 Epiros.
1530 1563 1584 1619 6.
1620 1563 1683 1616 Π
1711 1563 1729 1631 )
1758 1601 1774 1628 ,
1803 1558 2085 1615 recordare

390 1644 408 1660 ⁸
494 1668 778 1724 sententia:
806 1665 978 1729 istius,
1006 1661 1144 1732 quod
1199 1673 1458 1728 nusquam
1490 1653 1698 1726 gladius
1737 1653 1806 1706 sit
1835 1693 1849 1719 ,
1883 1660 1936 1705 ct
1968 1649 2086 1704 solo

496 1760 660 1813 verbo
688 1755 976 1823 sacrilegus
1006 1763 1288 1820 percussus
1329 1744 1603 1801 ceciderit.
1641 1741 1823 1797 Vidisti
1853 1739 2084 1810 gladium

494 1857 777 1905 exacutum
817 1839 1509 1909 acnudatum?Nusquam
1534 1836 1735 1890 ferrum
1761 1876 1774 1900 ,
1818 1845 2084 1901 nusquam

494 1939 718 2006 capulus
742 1979 755 2000 ,
789 1950 1048 2005 nusquam
1093 1946 1281 1987 manus
1311 1947 1325 1983 τ
1358 1928 1452 1985 sed
1485 1929 1618 1982 loco
1644 1940 1835 1980 manus
1861 1925 2039 1994 lingua
2060 1963 2083 1989 ,

499 2031 658 2086 verba
689 2027 965 2098 proferens
1004 2026 1121 2080 loco
1146 2022 1341 2093 gladii,
1385 2019 1665 2075 confeStim
1695 2018 1841 2072 iitum
1872 2015 2084 2071 occidit.

494 2122 625 2177 Post
650 2120 792 2174 hunc
817 2118 1053 2172 introivit
1095 2130 1263 2176 uxor.
1292 2121 1348 2167 et
1380 2112 1715 2167 occasionem
1752 2108 1824 2162 illi
1862 2121 2087 2162 excusa-

493 2214 655 2270 tionis
672 2255 688 2279 ,
717 2227 898 2265 ansam
921 2209 1090 2263 venia:
1112 2206 1353 2277 pnebcre
1378 2203 1542 2258 voluit
1567 2219 1579 2255 :
1605 2210 1884 2272 proptetea
1906 2212 2089 2252 rursus

497 2301 911 2373 interrogat,Dic
926 2300 1069 2366 mihi,
1087 2299 1131 2353 si
1140 2298 1267 2351 tanti
1286 2311 1463 2366 agrum
1481 2291 1909 2360 remlirlistisMct.
1932 2289 1986 2345 5.
2007 2289 2087 2359 8).

495 2396 733 2454 Tametsi
756 2410 865 2449 non
890 2392 1018 2447 tanti
1039 2390 1310 2446 venditum
1332 2386 1533 2442 sciebat
1562 2403 1576 2439 :
1609 2383 1702 2439 sed
1731 2390 1787 2436 ut
1808 2382 1971 2451 ipsam
1994 2395 2093 2450 per

501 2486 977 2555 interrogationem
1008 2481 1073 2535 ad
1101 2479 1466 2550 pmnitcntiam
1500 2477 1767 2537 invitaret,
1800 2487 1864 2528 ac
1892 2473 2092 2545 peccati

499 2594 560 2634 se
591 2576 989 2637 condemnaret,
1012 2569 1160 2626 etilli
1184 2571 1392 2624 veniam
1415 2569 1729 2635 impertiret,
1760 2566 1955 2622 idcirco
1975 2581 2091 2621 eam

502 2669 797 2734 interrogat
828 2686 840 2720 :
872 2664 959 2717 illa
1006 2672 1180 2715 tamen
1229 2661 1281 2713 in
1324 2658 1647 2728 impudentia
1681 2659 2091 2726 perseverabat;

504 2767 786 2828 propterea
816 2755 868 2809 in
894 2752 1222 2809 consortium
1258 2748 1501 2819 supplicii
1534 2750 1705 2803 mariti
1739 2749 1901 2804 venit.
1937 2749 2097 2804 Vides

503 2849 737 2906 carceris
760 2844 1113 2918 potestatem?
1138 2842 1370 2897 videsut
1399 2840 1604 2909 possint
1631 2840 1696 2895 ad
1725 2851 1949 2896 mortem
1977 2840 2099 2895 mit-

504 2951 620 2997 tere
643 2940 667 2992 ?
694 2939 979 2994 Videamus
1006 2934 1057 2990 id
1086 2934 1224 3005 quod
1257 2933 1446 2987 melius
1471 2942 1573 3000 est,
1601 2947 1705 3002 quo
1734 2941 1887 3002 pacto
1915 2947 2100 2988 rursus

504 3048 534 3086 a
567 3038 741 3085 morte
767 3037 1034 3084 revocent.
1063 3024 1287 3080 Tahitha
1318 3023 1574 3093 discipula
1604 3032 1812 3077 mortua
1836 3033 1954 3093 est,
1981 3038 2101 3094 quae

508 3120 688 3176 multis
713 3117 1067 3188 elcetnosynis
1091 3115 1318 3171 celebris
1343 3122 1480 3179 erat,
1509 3123 1560 3168 et
1584 3113 1650 3167 ad
1678 3112 1962 3182 Apostolus
1989 3122 2102 3166 sta-

508 3212 603 3267 tim
631 3211 882 3264 curritur.
910 3207 1165 3263 Sciebant
1191 3207 1335 3261 enim
1360 3205 1483 3259 illos
1506 3205 1692 3259 mortis
1717 3219 1780 3259 ac
1806 3205 1928 3259 vita:
1954 3214 2106 3274 pote-

508 3312 701 3358 statem
730 3302 926 3355 habere
956 3318 970 3354 :
999 3299 1236 3353 sciebant
1259 3297 1530 3353 crelcstcm
1559 3297 1918 3366 principatum
1955 3297 2107 3352 dela-

513 3409 664 3464 psum
696 3395 748 3448 in
776 3403 965 3448 terms.
990 3390 1125 3457 Quid
1147 3405 1274 3461 ergo
1294 3389 1519 3445 Petrus?
1550 3389 1781 3457 Ta‘bitlta,
1799 3406 1948 3461 surge
1970 3390 2105 3460 (Act.

510 3489 569 3545 9.
595 3487 698 3558 40)
725 3527 740 3552 ,
768 3487 954 3557 inquit.
984 3484 1140 3540 Nullo
1168 3484 1273 3538 alio
1294 3483 1367 3539 illi
1393 3497 1526 3554 opus
1552 3482 1671 3550 fuit,
1696 3498 1802 3538 non
1830 3483 2107 3553 ministris,

509 3596 617 3635 non
647 3578 875 3642 famulis;
903 3575 998 3633 sed
1016 3576 1082 3630 ad
1103 3575 1546 3631 resurrectionem
1568 3573 1726 3630 verba
1748 3574 2108 3640 suffecerunt;

510 3688 700 3728 vocem
730 3672 889 3742 igitur
913 3668 1113 3724 audivit
1141 3683 1284 3721 mors
1308 3708 1324 3733 ,
1355 3675 1409 3719 et
1431 3666 1666 3720 retinere
1707 3675 1972 3720 mortuam
2006 3680 2112 3719 non

514 3764 709 3836 potuit.
741 3761 902 3816 Vides
929 3760 1113 3830 quales
1133 3757 1242 3813 sint
1273 3756 1512 3828 judicum
1540 3755 1764 3810 istorum
1794 3769 1954 3810 voces
1974 3759 1997 3805 ’ἐ
2025 3753 2111 3809 Si-

510 3856 725 3929 quidem
752 3864 1095 3910 extcruorum
1138 3850 1377 3922 judicum
1422 3864 1584 3904 voces
1635 3847 1917 3929 imbecilla:
1966 3858 2111 3903 sunt.

512 3951 663 4008 Licet
686 3949 828 4005 enim
855 3948 1081 4017 imperet
1107 3959 1173 3998 ex
1200 3943 1306 3997 illis
1332 3942 1594 4012 quiSpiam
1619 3981 1633 4005 ,
1666 3940 1710 3994 si
1739 3940 1967 3994 famulus
2006 3955 2114 3993 non

512 4043 880 4109 obtemperet,
909 4052 997 4090 res
1034 4037 1291 4102 imperata
1325 4031 1734 4099 interrumpitur
1768 4047 1782 4083 :
1816 4030 1903 4083 hic
1932 4040 2111 4084 autem

515 4148 621 4186 non
649 4139 731 4185 est
750 4143 884 4196 opus
903 4126 1132 4189 famulis;
1161 4131 1361 4176 tantum
1391 4121 1542 4186 dixit,
1571 4129 1625 4174 et
1648 4121 1900 4175 continuo
1920 4120 2117 4176 factum

523 4234 624 4278 est.
650 4221 812 4274 Vides
833 4233 1017 4271 eorum
1044 4229 1343 4277 carcerem,
1374 4212 1515 4282 quod
1555 4213 1893 4282 magistratus
1922 4225 2004 4269 est
2032 4215 2114 4269 in-

519 4313 671 4382 signe
703 4325 718 4361 ε
751 4308 919 4373 vich,
950 4322 1054 4376 quo
1080 4313 1237 4375 pacto
1269 4312 1480 4374 peccata
1507 4302 1798 4368 dimittant,
1826 4318 1933 4373 quo
1964 4312 2119 4374 pacto

521 4411 750 4457 mortem
779 4397 1060 4453 discutiant
1086 4437 1101 4462 ,
1131 4410 1234 4465 quo
1263 4403 1417 4465 pacto
1447 4393 1497 4448 in
1524 4395 1687 4449 vitam
1719 4405 1995 4451 revocent.
2028 4397 2119 4452 Vis

520 4493 788 4564 cingulum
815 4491 975 4546 etiam
1001 4489 1212 4543 illorum
1242 4491 1602 4559 cognoscere?
1628 4487 1898 4559 Siquidem
1915 4489 2120 4544 cinctos

522 4587 642 4642 illos
669 4584 814 4640 misit
842 4581 1085 4638 Christus
1108 4596 1211 4636 non
1241 4582 1411 4648 corio,
1455 4580 1549 4635 sed
1572 4582 1798 4635 veritate
1825 4598 1840 4647 ;
1871 4580 1975 4636 hoc
2001 4581 2119 4635 cin-

520 4680 702 4752 gulum
747 4682 988 4731 sanctum
1030 4682 1081 4728 et
1112 4672 1423 4742 spirituale;
1466 4679 1748 4741 propterea
1784 4670 1912 4725 dicit
1943 4687 1956 4721 :
1987 4670 2121 4725 Suc-

522 4774 675 4828 cincti
711 4773 907 4827 lumbos
936 4782 1121 4826 vestros
1150 4772 1203 4825 in
1242 4772 1447 4825 veritate
1479 4769 1499 4840 (
1525 4766 1719 4837 Epltes.
1754 4767 1806 4822 6.
1838 4768 1905 4822 Η
1925 4767 1965 4837 ).
1993 4767 2117 4836 Spi-

525 4867 733 4922 ritualis
761 4864 902 4919 enim
927 4873 1009 4918 est
1034 4863 1373 4934 magistratus
1395 4901 1410 4926 ,
1442 4859 1690 4930 quocirca
1715 4859 1844 4913 nihil
1871 4859 2124 4915 sensibile

526 4958 873 5029 quaerendum
897 4972 912 5022 ;
942 4954 1121 5009 Utnuis
1150 4954 1346 5024 quippe
1374 4952 1539 5023 gloria
1584 4950 1708 5020 ﬁlia:
1736 4950 1868 5020 regis
1894 4949 1956 5002 ab
1989 4951 2124 5004 intus

527 5052 544 5121 (
573 5051 771 5104 Psalm.
801 5051 830 5103 4
850 5049 891 5104 ι.
926 5048 993 5101 14
1017 5046 1058 5116 ).

602 5140 879 5207 Carniﬁces
904 5133 1332 5204 ItabeutApostoli
1369 5134 1647 5188 dwmouas.
1707 5164 1781 5180 —
1830 5131 1934 5191 Sed
1973 5132 2128 5205 quid?

527 5241 662 5281 num
703 5219 1462 5281 viscarniﬁcesetiamvidere?
1493 5220 1784 5277 Carnilices
1827 5231 1989 5289 sunt,
2034 5216 2149 5293 qui.

531 5335 653 5373 reos
685 5317 848 5386 virgis
875 5315 1109 5377 caedunt,
1140 5313 1228 5383 qui
1254 5312 1305 5366 in
1335 5312 1480 5382 ligno
1507 5313 1858 5383 suspendunt,
1882 5322 1937 5369 et
1961 5313 2126 5369 latera

532 5411 838 5475 deradunt,
870 5407 958 5478 qui
1005 5404 1307 5476 castigant,
1336 5404 1425 5474 qui
1471 5405 1715 5473 puniunt.
1762 5404 1926 5461 Visne
1969 5406 2129 5476 igitur

536 5503 673 5558 istos
699 5501 926 5557 videre?
954 5498 1071 5555 Non
1101 5495 1346 5571 homines
1372 5496 1589 5561 habent,
1621 5496 1715 5552 sed
1748 5497 1918 5567 ipsum
1945 5497 2130 5552 diabo-

539 5595 671 5659 lum,
690 5593 1032 5650 etdtcmoncs
1066 5608 1077 5643 :
1107 5589 1442 5661 quicorpore
1482 5598 1607 5643 Sunt
1633 5598 1688 5644 et
1716 5604 1876 5645 carne
1898 5589 2130 5644 'circum-

540 5685 687 5753 dati,
719 5686 992 5741 ministras
1021 5684 1288 5740 habebant
1334 5682 1678 5753 incorporeas
1717 5684 1961 5738 virtutes.
1994 5685 2127 5740 Audi

544 5791 674 5834 sane
694 5791 800 5849 quo
822 5786 976 5846 pacto
998 5790 1119 5830 cum
1143 5774 1459 5828 auctoritate
1477 5773 1671 5829 l‘aulus
1693 5774 1796 5830 illis
1818 5775 2124 5845 imperaret:

1212 360 1270 418 ε.
1311 357 1589 418 JOANNIS
1626 355 2101 415 CHRYSOSTOMI
2139 355 2458 414 ARCIIIEP.
2499 357 3036 417 CONSTA'NTINUP.

3719 361 3799 421 98

2189 469 2449 540 siquidem
2480 471 2548 527 de
2573 488 2640 527 eo
2669 473 2758 543 qui
2789 472 3077 529 fornicatus
3102 482 3237 541 erat,
3267 474 3506 530 scribens
3530 474 3792 531 dicebat:

2201 559 2409 616 Tradite
2452 563 2960 634 huiusmodi-satana:
2982 566 3035 619 in
3065 566 3319 619 interitum
3346 568 3514 620 carnis
3544 568 3563 638 (
3587 570 3638 622 ι.
3660 569 3793 622 Cor.

2189 652 2242 706 5.
2278 650 2374 725 5).
2410 653 2614 709 Rursus
2663 671 2785 710 cum
2820 655 2910 709 alii
2940 655 3371 725 blaSphemarent
3393 698 3409 724 ,
3463 658 3568 713 hoc
3608 658 3792 727 ipsum

2190 742 2312 798 fecit
2342 763 2352 797 :
2374 743 2589 799 Tradidi
2611 748 2743 800 enim
2767 748 2903 811 illos,
2933 747 3123 817 inquit,
3146 757 3359 814 solante,
3385 758 3439 801 ut
3464 749 3661 802 discant
3680 766 3794 802 non

2188 833 2534 903 blaspltemare
2554 837 2603 906 (l
2616 834 2790 892 .‘Tim.
2813 839 2864 891 1.
2887 838 2959 893 20
2977 836 3019 907 ).
3033 837 3168 904 Quid
3188 846 3350 894 restat
3369 839 3795 895 ostendendum!

2191 942 2316 980 num
2345 942 2535 982 currus
2564 930 2725 984 etiam
2770 930 2890 985 illos
2919 929 3162 985 habere?
3198 930 3304 985 Sed
3331 946 3398 986 ne
3426 931 3542 986 lucc
3568 932 3791 1001 quidem

2189 1022 2344 1078 nobis
2395 1022 2782 1078 demonstratio
2835 1022 3058 1077 deerit:
3107 1023 3370 1092 siquidem
3424 1022 3782 1093 Philippum.

2190 1124 2468 1183 postquam
2488 1113 2803 1169 eunuchum
2823 1113 3158 1182 baptizavit,
3206 1123 3261 1168 et
3302 1114 3470 1168 sacris
3513 1114 3793 1185 mysteriis

2190 1203 2451 1271 initiavit,
2481 1219 2601 1260 cum
2640 1203 3021 1259 revertendum
3076 1204 3147 1258 illi
3178 1212 3355 1268 esset,
3406 1206 3585 1274 rapuit
3610 1205 3791 1273 ipsum

2194 1294 2426 1364 Spiritus
2449 1336 2464 1358 .
2511 1304 2564 1350 et
2591 1311 2621 1349 a
2652 1296 2863 1350 deserto
2894 1296 3180 1351 translatus
3218 1295 3376 1351 Ατοιὶ
3417 1304 3659 1363 repertus
3700 1306 3796 1351 est

2191 1388 2342 1458 (Act.
2375 1388 2430 1442 8.
2461 1388 2547 1443 59.
2579 1387 2706 1457 40).
2738 1387 2901 1442 Vides
2940 1402 3158 1442 currum
3189 1388 3386 1441 alauun
3410 1388 3433 1439 7
3455 1387 3605 1442 vides
3644 1386 3795 1442 cele-

2191 1481 2302 1534 rius
2327 1491 2485 1536 vcnto
2524 1481 2862 1536 vehiculum?
2890 1480 3093 1536 Rursus
3136 1483 3188 1534 in
3221 1481 3521 1550 paradisum
3564 1496 3795 1552 pergere

2192 1574 2508 1645 Apostolum
2534 1575 2767 1644 oportuit
2791 1615 2807 1640 ,
2837 1582 2982 1629 tanta
3008 1574 3213 1628 itineris
3237 1574 3638 1643 longinquitate,
3678 1586 3791 1628 tam

2192 1666 2454 1722 immenso
2481 1666 2724 1722 dissitum
2769 1666 3050 1721 intervallo
3081 1684 3094 1718 :
3127 1674 3236 1720 tum
3276 1667 3364 1721 ille
3403 1666 3580 1720 subito
3605 1674 3794 1734 raptus

2192 1756 2314 1812 illuc
2336 1758 2482 1812 nullo
2499 1758 2710 1828 negotio
2725 1768 2778 1812 et
2806 1757 2857 1811 in
2877 1757 3022 1812 brevi
3052 1766 3324 1811 momento
3346 1758 3603 1826 temporis
3616 1765 3791 1811 trans.

2188 1849 2463 1907 ferebatur
2511 1847 2532 1923 (
2554 1848 2610 1902 2.
2637 1846 2756 1903 Cor.
2792 1847 2878 1901 12.
2897 1846 2932 1900 2
2953 1846 2993 1918 ).
3035 1847 3191 1902 Tales
3220 1847 3377 1916 igitur
3400 1859 3593 1899 currus
3620 1853 3746 1899 sunt
3766 1862 3792 1899 ς

2192 1954 2293 1993 vox
2318 1951 2494 1993 autem
2543 1939 2805 2010 praeconis
2850 1947 2933 1994 cst
2961 1980 2975 2002 ,
3008 1947 3064 1993 ct
3095 1939 3206 2007 ipsa
3257 1953 3440 1992 rursus
3482 1938 3793 2007 magistratu

2192 2031 2368 2102 digna.
2410 2032 2524 2086 Non
2551 2033 2694 2088 enim
2733 2031 3085 2087 antecedebat
3110 2032 3229 2086 illos
3261 2032 3420 2085 homo
3447 2046 3632 2087 vocem
3653 2030 3780 2085 mit-

2193 2129 2347 2188 tens;
2372 2139 2556 2179 verum
2586 2124 2814 2194 Spiritus
2835 2125 3004 2194 gratia
3024 2166 3040 2190 ,
3068 2133 3123 2179 et
3152 2139 3246 2192 per
3275 2123 3526 2178 miracula
3567 2121 3792 2176 demon-

2192 2214 2380 2267 stratio
2399 2215 2584 2282 quavis
2615 2215 2734 2271 tuba
2756 2214 3032 2270 clariorem
3056 2229 3237 2270 vocem
3265 2214 3525 2281 mittebat,
3549 2222 3705 2283 atque
3722 2214 3795 2267 ita

2194 2304 2334 2357 viam
2356 2305 2461 2359 illis
2490 2305 2684 2375 ubique
2714 2306 2963 2361 faciebat.
2990 2306 3523 2376 thuemadmodum
3551 2307 3601 2360 in
3623 2305 3792 2360 multa

2195 2394 2451 2464 dignitate
2475 2411 2538 2450 ac
2567 2396 2956 2466 magnificentia
2979 2397 3253 2451 constituti
3282 2406 3407 2451 sunt
3429 2397 3792 2466 magistratus,

2199 2502 2297 2541 nec
2315 2487 2511 2542 audent
2528 2488 2712 2557 privati
2733 2489 2926 2556 passim
2948 2502 3068 2542 cum
3094 2488 3198 2541 illis
3220 2487 3433 2542 misceri
3459 2505 3473 2541 :
3496 2487 3641 2541 sicin
3656 2487 3802 2554 Apo-

2199 2580 2350 2633 stolis
2378 2579 2654 2635 accidebat
2681 2579 3026 2635 :Cazterorum
3055 2579 3222 2643 enim,
3250 2579 3440 2649 inquit,
3470 2595 3616 2632 nemo
3639 2579 3801 2632 aude-

2200 2670 2282 2723 bat
2310 2686 2363 2723 se
2381 2671 2696 2740 conjungere
2732 2670 2873 2733 illis;
2907 2670 2995 2726 sed
3038 2671 3392 2740 magni/itabat
3446 2687 3531 2724 eos
3578 2671 3798 2741 populus

2203 2762 2221 2830 (
2246 2762 2358 2814 Act.
2381 2762 2434 2818 5.
2458 2763 2528 2817 15
2550 2764 2590 2832 ).
2613 2762 2772 2816 Vides
2791 2762 3022 2816 carceris
3043 2770 3384 2831 potestatem,
3407 2771 3463 2816 et
3492 2762 3799 2816 remittendi

2202 2852 2380 2910 debita
2404 2856 2729 2920 facultatem,
2752 2862 2807 2908 et
2829 2854 3166 2925 gladiosillos
3193 2853 3462 2921 habuisse,
3484 2854 3802 2924 cinguloque

2206 2945 2367 3001 fuisse
2404 2945 2721 3015 prmeinctos
2744 2986 2758 3011 ,
2805 2959 2964 2998 curru
2995 2953 3177 2997 vectos
3200 2985 3216 3008 ,
3260 2958 3446 2998 vocem
3498 2944 3801 3014 prazccdere

2206 3038 2394 3108 quavis
2420 3037 2543 3091 tuba
2570 3037 2870 3101 clariorem,
2905 3045 2960 3089 et
2982 3034 3038 3088 in
3071 3035 3235 3089 multa
3264 3050 3457 3104 pompa
3486 3034 3606 3089 illos
3636 3034 3801 3089 fuisse

2206 3143 2271 3183 ac
2297 3126 2580 3197 splendore
2605 3125 2931 3180 decoratos?

2280 3220 2333 3275 6.
2370 3219 2451 3273 Ad
2493 3235 2652 3289 nuper
2688 3218 3001 3272 illuminatos
3030 3218 3339 3272 cohortatio.
3365 3248 3439 3258 —
3472 3218 3588 3273 Jam
3619 3232 3798 3290 operte

2213 3310 2444 3378 pretium
2473 3308 2633 3364 fuerit
2655 3318 2710 3365 et
2738 3324 2924 3364 omnes
2955 3308 3166 3363 illorum
3206 3323 3294 3363 res
3332 3309 3586 3377 praeclare
3624 3319 3803 3379 gestas

2212 3400 2489 3467 indicare,
2520 3394 2716 3471 etquae
2749 3399 2958 3454 illorum
2991 3399 3042 3453 in
3073 3398 3258 3453 orbem
3298 3408 3555 3454 terrarum
3595 3407 3805 3454 exstent

2213 3496 2492 3554 beneficia.
2519 3495 2649 3549 Nam
2684 3502 2738 3550 et
2777 3493 2882 3548 hoc
2915 3492 3316 3563 magistratuum
3343 3501 3463 3557 est,
3492 3501 3548 3546 ut
3574 3508 3680 3547 non
3704 3491 3806 3547 ho—

2217 3605 2347 3644 nore
2374 3597 2576 3642 tantum
2615 3583 2891 3649 fruantur,
2930 3583 3024 3638 sed
3061 3589 3116 3637 et
3143 3583 3362 3636 multam
3393 3581 3801 3637 sollicitudinem

2216 3689 2268 3734 et
2296 3694 2481 3733 curam
2505 3691 2629 3746 erga
2666 3674 2907 3729 subditos
2935 3688 3043 3743 pra:
3068 3687 3129 3728 se
3154 3671 3345 3726 ferant.
3374 3672 3482 3726 Sed
3515 3672 3624 3741 jam
3658 3672 3824 3741 plum.

2216 3771 2357 3826 dicta
2387 3776 2546 3832 sunt,
2577 3781 2734 3837 quam
2764 3765 3063 3834 oportebat.
3090 3764 3349 3832 Quocirca
3374 3763 3440 3817 ad
3466 3764 3629 3819 alium
3656 3763 3805 3820 dill'e-

2218 3877 2345 3917 rens
2385 3861 2484 3914 ista
2524 3866 2834 3921 tractatum,
2874 3856 2940 3911 ad
2985 3870 3171 3910 eorum
3214 3854 3639 3910 cohortationem
3663 3896 3680 3921 ,
3714 3857 3804 3926 qui

2219 3968 2389 4022 nuper
2419 3950 2699 4006 illuminati
2730 3955 2874 4013 sunt,
2905 3946 3182 4001 traducere
3215 3960 3517 4001 sermonem
3547 3946 3802 4000 conabor.

2219 4043 2388 4099 Nemo
2407 4050 2585 4097 autem
2611 4040 2889 4096 consilium
2911 4037 3187 4093 existimet
3211 4036 3642 4107 intempestivum
3667 4036 3805 4106 :jam

2221 4134 2365 4189 enim
2393 4131 2503 4186 dixi
2533 4144 2640 4184 non
2671 4128 2831 4183 modo
2858 4136 2977 4198 post
3002 4126 3191 4183 decem
3230 4136 3286 4181 et
3325 4127 3505 4197 viginti
3535 4126 3686 4191 dies,
3713 4128 3806 4182 sed

2221 4233 2419 4293 etpost
2443 4220 2628 4276 decem
2657 4227 2711 4274 et
2738 4219 2922 4288 viginti
2954 4232 3124 4273 annos
3159 4232 3323 4287 posse
3352 4232 3522 4286 nuper
3546 4216 3807 4272 illumina-

2223 4325 2306 4371 tos
2333 4313 2512 4369 vocari
2533 4327 2651 4378 eos,
2679 4311 2768 4380 qui
2796 4310 3066 4380 mysteriis
3093 4309 3283 4363 initiati
3313 4316 3458 4374 sunt,
3486 4311 3531 4364 si
3554 4309 3739 4380 vigiles
3757 4318 3808 4365 et

2222 4406 2387 4463 sobrii
2417 4404 2633 4459 fuerint.
2657 4402 2771 4469 Qua
2798 4402 2957 4470 igitur
2977 4401 3174 4470 optima
3201 4399 3267 4454 ad
3299 4399 3419 4454 illos
3444 4400 3809 4455 cohortatione

2226 4494 2478 4552 utemur?
2502 4495 2558 4550 Si
2585 4492 2837 4549 nimirum
2867 4492 2933 4546 iis
2964 4492 3178 4546 modum
3218 4491 3508 4546 nativitatis
3531 4491 3585 4546 in
3611 4506 3810 4547 meme.

2226 4592 2360 4645 riam
2399 4601 2734 4651 revocemus,
2765 4594 2819 4641 et
2846 4584 3079 4654 priorem
3110 4593 3161 4639 et
3192 4585 3564 4654 posteriorem,
3595 4594 3809 4640 natura-

2226 4682 2329 4736 lem
2371 4696 2434 4735 ac
2470 4678 2797 4748 spiritualem
2817 4718 2833 4742 ,
2864 4685 2919 4731 et
2950 4675 3216 4745 quodnam
3259 4677 3329 4730 sit
3370 4676 3509 4731 inter
3539 4685 3810 4748 utramque

2228 4773 2554 4827 nativitatem
2581 4769 2890 4832 discrimen,
2918 4764 3284 4820 ostendamus.
3308 4765 3419 4823 lmo
3446 4780 3572 4820 vero
3600 4782 3812 4822 necesse

2228 4881 2335 4919 non
2373 4872 2493 4927 est,
2527 4870 2585 4914 ut
2622 4876 2688 4915 ex
2729 4859 2881 4913 nobis
2920 4857 2996 4911 illi
3040 4855 3138 4909 ista
3176 4856 3384 4910 discant
3412 4873 3428 4909 :
3456 4856 3571 4927 ipse
3601 4859 3810 4912 tonitrui

2230 4957 2367 5012 filius
2384 4956 2452 5010 de
2474 4956 2553 5008 Itis
2580 4955 2723 5022 ipsos
2747 4951 3075 5017 admonebit,
3101 4950 3325 5005 dilecuts
3347 4949 3542 5005 Christi
3562 4950 3808 5005 Joannes.

2228 5046 2363 5111 Quid
2393 5046 2550 5115 igitur
2577 5044 2666 5097 ille
2691 5042 2851 5097 dicit?
2886 5041 3140 5111 Quotquot
3170 5050 3338 5094 autent
3367 5050 3660 5109 receperunt
3684 5057 3810 5105 eum,

2229 5136 2364 5190 dedit
2384 5137 2454 5189 eis
2477 5142 2764 5203 potestate»:
2789 5133 2924 5201 ﬁlios
2944 5130 3042 5186 Dei
3065 5132 3177 5200 ﬁeri
3203 5130 3380 5203 (Joan.
3407 5134 3452 5185 ί.
3480 5131 3571 5201 12)
3598 5131 3814 5186 :deinde

2231 5228 2462 5297 priorem
2505 5226 2609 5279 illis
2649 5225 2982 5279 nativitatem
3013 5224 3065 5277 in
3097 5224 3407 5279 memoriam
3439 5238 3698 5278 revocans
3720 5265 3735 5288 ,
3766 5232 3812 5276 et

2230 5335 2297 5375 ex
2328 5320 2724 5388 comparatione
2749 5319 3082 5373 sanctitatem
3113 5331 3176 5371 ac
3203 5316 3512 5386 dignitatem
3544 5318 3813 5386 praesentis

2230 5416 2414 5485 gratiae
2442 5413 2741 5480 declarans,
2768 5413 2847 5466 sic
2871 5412 2946 5465 ait
2974 5429 2987 5465 :
3016 5408 3118 5474 Qui
3143 5426 3245 5464 non
3271 5427 3334 5464 ea:
3358 5409 3709 5480 sanguinibus,
3735 5424 3815 5461 ne-

2233 5523 2329 5577 que
2355 5521 2419 5559 ex
2446 5505 2700 5559 voluntate
2731 5503 2856 5568 viri,
2886 5502 2973 5556 sed
3002 5517 3066 5557 ex
3107 5500 3212 5555 Deo
3254 5503 3361 5556 nati
3401 5512 3516 5556 sunt
3547 5500 3732 5570 (Joan.
3765 5500 3807 5554 Ι.

2237 5597 2348 5666 13).
2374 5595 2492 5652 Uno
2514 5596 2681 5650 verbo
2707 5592 3035 5648 nobilitatem
3062 5591 3272 5646 illorum
3295 5593 3576 5662 expressit.
3599 5591 3645 5647 Ο
3672 5606 3812 5645 mun-

2235 5687 2304 5740 da
2347 5688 2572 5742 natalia!
2611 5700 2645 5740 ο
2683 5683 2983 5754 spirituales
3025 5686 3232 5751 partus!
3263 5698 3298 5737 ο
3333 5699 3466 5743 nova
3510 5680 3809 5753 puerperia!

2242 5780 2357 5834 sine
2387 5789 2537 5835 utero
2562 5776 2861 5845 conceptio,
2887 5775 3002 5832 sine
3027 5782 3211 5829 ventre
3239 5774 3505 5843 nativitas,
3529 5776 3645 5832 sine
3661 5786 3812 5828 carne
