4060 6252
486 312 558 377 97
1222 322 1280 373 S.
1318 319 1601 375 JOANNlS
1639 315 2123 375 οιιιιγεοετοιιι
2161 314 2477 376 ARCHIEP.
2509 319 3059 378 CONSTANTINOP.

485 427 583 489 κὸς
633 423 814 487 τόκος,
858 424 1018 488 τόκος
1067 427 1457 495 πνευματικὸς,
1503 427 1663 491 τόκος
1713 432 1779 483 ἐκ
1848 432 2073 503 χάριτος

487 510 584 563 καὶ
621 508 1029 579 φιλανθρωπίας
1072 508 1232 570 Θεοῦ,
1280 510 1438 571 τόκος
1491 510 1834 583 εὐφροσύνης
1882 515 2074 583 γέμων

489 590 584 642 καὶ
622 592 814 660 χαρᾶς.
864 589 1008 641 Ἀλλ’
1041 591 1104 645 οὐ
1139 590 1384 654 τοιοῦτος
1413 593 1442 643 6
1476 592 1763 662 πρότερος,
1806 595 1927 648 ἀλλ’
1963 596 2075 649 άπὸ

490 674 707 744 θρήνων
747 674 860 742 ἔχει
891 675 990 745 τὴν
1033 676 1228 747 ἀρχήν.
1265 676 1338 728 Τὸ
1366 676 1474 747 γάρ
1501 676 1715 730 παιδίον
1743 680 1809 731 ἐκ
1831 679 1931 749 τῆς
1964 682 2073 750 μή-

488 772 626 825 τροις
667 757 973 809 όλισθαῖνον
1006 757 1099 810 καὶ
1133 761 1196 811 ἐκ
1234 759 1332 827 τῆς
1376 757 1569 829 νηδύος
1606 762 2070 831 καταφερόμενον,

487 836 715 906 πρώτην
747 839 930 908 φωνὴν
961 839 1100 908 μετὰ
1124 840 1378 911 δακρύων
1409 840 1685 903 ἐκϐάλλει,
1716 843 1968 916 καθάπερ
1990 846 2074 909 τίς

488 936 620 988 φησι
647 937 660 950 ·
713 920 961 989 Πρώτην
1006 922 1219 991 φωνὴν
1251 923 1367 990 τὴν·
1417 925 1630 991 ὁμοίαν
1682 925 1910 980 ἅπασιν
1968 929 2075 982 ἴσα

486 1002 732 1056 κλαίων.
773 1007 874 1058 Διὰ
905 1006 1122 1076 θρήνων
1155 1006 1263 1077 γὰρ
1288 1008 1321 1075 ή
1356 1007 1560 1070 εἴσοδος
1589 1011 1669 1072 εἰς
1701 1011 1792 1063 τὸν
1820 1010 1956 1080 βίον,
1985 1011 2075 1066 διὰ

485 1088 736 1159 δακρύων
776 1090 1062 1161 προοίμια,
1100 1091 1198 1159 τῆς
1247 1091 1463 1158 φύσεως
1485 1092 1548 1161 τὸ
1597 1093 1789 1163 μέλλον
1817 1094 2074 1166 ὀδυνηρὸν

485 1173 1014 1242 προαναφωνούσης.
1035 1173 1100 1226 Τί
1126 1173 1306 1229 κλαίει
1328 1173 1389 1227 τὸ
1414 1174 1627 1228 παιδίον
1651 1178 1731 1239 εἰς
1754 1175 1872 1243 φῶς
1894 1176 2071 1243 ἐλθόν;

487 1256 586 1308 Διὰ
612 1256 801 1309 τοῦτο’
830 1257 935 1327 πρὸ
963 1258 1061 1326 μὲν
1087 1257 1188 1325 τῆς
1215 1257 1490 1328 ἁμαρτίας
1523 1256 1707 1325 ἔλεγεν
1736 1260 1765 1311 ό
1785 1258 1938 1321 Θεὸς,
1958 1261 2076 1314 Αὐσ-

491 1336 770 1401 ξάνεσθε,
816 1339 914 1391 καὶ
958 1341 1366 1406 πληθύνεσθε,
1416 1341 1554 1411 ὅπερ
1597 1340 1849 1409 εὐλογίας
1875 1337 1977 1412 ἦν’
2011 1340 2076 1395 τὸ

487 1420 567 1481 δέ,
622 1422 720 1473 Ἑν
745 1423 970 1485 λύπαις
1017 1421 1159 1489 τέξῃ
1208 1422 1411 1484 τέκνα,
1457 1424 1595 1492 μετά
1633 1424 1732 1494 τὴν
1773 1426 2070 1496 ἁμαρτίαν.

487 1504 628 1573 ὅπερ
654 1504 924 1572 τιμωρίας
948 1500 1039 1573 ἦν.
1075 1504 1148 1556 Ού
1180 1504 1392 1574 δάκρυα
1416 1505 1474 1557 δὲ
1504 1506 1562 1558 ἐν
1595 1508 1661 1576 τῇ
1698 1509 1952 1577 γεννήσει
1985 1508 2076 1577 μό-

500 1602 605 1649 νον,
646 1586 784 1637 άλλά
813 1585 930 1656 [81]
966 1587 1061 1639 καὶ
1088 1587 1382 1656 σπάργανα
1406 1588 1502 1640 καὶ
1531 1588 1742 1658 δεσμάο
1776 1589 1989 1653 δάκρυα
2014 1591 2074 1642 ἐν

488 1671 556 1738 τῇ
592 1670 871 1739 γεννήσει,
911 1670 1122 1741 δάκρυα
1168 1673 1227 1723 ἐν
1257 1670 1474 1740 Θανάτῳ
1499 1688 1512 1701 ·
1546 1672 1837 1741 σπάργανα
1869 1673 1927 1724 ἐν
1952 1689 2074 1739 γενο

492 1754 670 1823 νήσει,
721 1755 1010 1823 σπάργανα
1044 1757 1101 1807 ἐν
1138 1754 1388 1825 θανάτῳο
1441 1755 1527 1807 ἵνα
1584 1754 1762 1828 μάθῃς
1807 1756 1889 1808 ὅτι
1921 1754 2075 1826 κπρὸς

492 1835 725 1889 θάνατον
755 1839 786 1907 ἡ
835 1837 948 1908 ζωὴ
992 1837 1130 1906 αὕτη
1180 1839 1429 1909 τελευτᾷ,
1464 1839 1560 1891 καὶ
1596 1839 1733 1908 πρὸς
1765 1840 1943 1892 ἐκεῖνο
1981 1856 2075 1892 κα-

489 1917 781 1991 ταστρέφει
815 1919 876 1972 τὸ
907 1919 1081 1983 τέλος.
1131 1919 1271 1974 Ἀλλ’
1306 1921 1458 1991 οὐχὴ
1486 1921 1741 1990 γέννησις
1770 1920 1936 1990 αὕτη.
1968 1923 2073 1975 Οὑ-

3691 314 3782 370 93

2176 429 2347 502 δαμοῦ
2374 429 2583 501 δάκρυα
2606 430 2700 483 καὶ
2726 430 3038 500 σπάργανα,
3078 426 3217 480 ἀλλὰ
3255 423 3547 495 λελυμένος
3565 427 3594 478 6
3624 438 3775 490 γενο

2177 515 2381 585 νηθεὶς,
2399 513 2493 566 καὶ
2522 513 2660 582 πρὸς
2675 512 2892 579 ἀγῶνας
2909 508 3428 581 παρεσκευασμένος
3447 519 3462 534 ·
3480 505 3571 558 διά
3594 505 3774 557 τοῦτο

2178 601 2366 667 ἄφετοι
2388 600 2439 651 οί
2465 597 2625 659 πόδες
2653 597 2749 650 καὶ
2763 598 2820 648 αί
2847 599 3049 667 χεῖρες,
3066 594 3155 647 ἵνα
3171 591 3340 663 τρέχῃ
3364 590 3458 643 καὶ
3483 587 3773 656 πυκτεύῃθ

2175 681 2415 750 οὐδαμοῦ
2469 680 2692 752 θρῆνος,
2751 678 2992 750 οὐδαμοῦ
3055 677 3270 748 δάκρυα
3322 672 3587 734 ἐνταῦθα,
3640 671 3773 725 ἀλλ’

2177 762 2483 832 ἀσπασμοὶ,
2522 762 2618 814 καὶ
2648 761 2844 830 φιλίαι,
2882 762 2977 814 καὶ
3004 759 3334 832 περιπλοκαί.
3369 757 3478 811 τῶν
3511 754 3774 823 ἀδελφῶν

2174 845 2235 899 τὸ
2268 847 2465 898 οἰκεῖον
2495 843 2657 914 μέλος
2686 844 3182 912 ἐπιγινωσκόντων,
3211 843 3307 896 καὶ
3337 841 3526 910 ῶσπερ
3549 842 3615 892 ἐκ
3651 855 3771 906 μα-

2176 929 2315 998 κρᾶς
2338 926 2718 980 ἀπολαϐόντων
2746 926 3077 997 ἀποδημίας.
3121 924 3339 993 Ἐπειδὴ
3376 921 3487 992 γὰρ
3522 919 3628 988 πρὸ
3658 917 3771 970 τοῦ

2176 1011 2528 1079 φωτίσματος
2557 1008 2751 1080 ἐχθρὸς
2779 1005 2871 1080 ἦν,
2904 1008 3044 1079 μετὰ
3089 1008 3148 1061 δὲ
3179 1007 3241 1060 τὸ
3274 1006 3532 1074 φώτισμα
3564 1001 3770 1069 γέγονε

2176 1095 2329 1164 φίλος
2354 1094 2448 1147 τοῦ
2480 1093 2661 1147 κοινοῦ
2686 1094 2906 1147 πάντων
2935 1097 2967 1163 ἡ
2978 1093 3094 1165 μῶν
3138 1090 3433 1151 Δεσπότου,
3469 1087 3558 1140 διὰ.
3597 1083 3773 1138 τοῦτο

2176 1181 2379 1242 πάντες
2410 1178 2789 1249 συνηδόμεθα·
2817 1179 2906 1232 διὰ
2927 1178 3086 1231 τοῦτο
3110 1176 3207 1231 καὶ
3236 1174 3298 1227 τὸ
3328 1174 3542 1243 φίλημα
3564 1170 3769 1241 εἰρήνη

2174 1263 2444 1327 καλεῖται,
2470 1263 2557 1314 ἵνα
2582 1262 2845 1333 μάθωμεν
2865 1263 2949 1315 ὃτι
2977 1261 3213 1331 πόλεμον
3234 1257 3530 1311 κατέλυσεν
3554 1255 3583 1307 ὁ
3601 1252 3767 1333 Θεὸς,

2175 1346 2270 1398 καὶ
2298 1343 2437 1414 πρὸς
2463 1344 2563 1414 τὴν
2588 1332 2867 1397 οἰκείωσιν
2897 1345 3214 1414 ἐπανήγαγε
3242 1340 3343 1411 τὴν
3370 1335 3591 1391 ἑαυτοῦ.
3613 1332 3768 1386 Ταύ-

2173 1443 2274 1495 την
2297 1423 2389 1479 οὗν
2421 1424 2682 1497 τηρῶμεν
2715 1425 3001 1495 διηνεκῶς,
3034 1425 3241 1494 ταύτην
3270 1419 3626 1491 φυλάττωμεν
3656 1416 3771 1484 τὴν

2175 1509 2423 1579 εἰρήνην,
2453 1506 2661 1578 ταύτην
2695 1509 3028 1579 ἐκτείνωμεν
3047 1508 3148 1578 τὴν
3176 1506 3382 1576 φιλίαν,
3412 1503 3501 1555 ἵνα
3528 1501 3624 1552 καὶ
3647 1497 3770 1551 τῶν

2176 1591 2410 1643 αἰωνίων
2441 1590 2790 1661 ἐπιτύχωμεν
2823 1592 3062 1661 σκηνῶν,
3092 1592 3278 1661 χάριτι
3310 1588 3407 1641 καὶ
3451 1582 3767 1652 φιλανθρω-

2183 1674 2285 1743 πίᾳ
2313 1670 2406 1724 τοῦ
2431 1673 2643 1742 Κυρίου
2670 1673 2829 1743 ἡμῶν
2864 1672 3041 1743 Ἰησοῦ
3069 1670 3329 1741 Χριστοῦ,
3348 1670 3416 1723 δι’
3438 1662 3499 1720 οὗ
3522 1666 3618 1719 καὶ
3636 1663 3767 1734 μεθ’

2179 1750 2242 1810 οὗ
2288 1754 2366 1821 τῷ
2396 1756 2573 1825 Πατρί⁹
2599 1755 2747 1819 δόξα,
2773 1756 2931 1826 τιμὴ,
2971 1757 3194 1826 κράτος,
3225 1754 3343 1824 ἅμα
3380 1751 3457 1821 τῷ
3489 1748 3630 1818 ἁγίῳ
3663 1747 3770 1800 καὶ¹

2181 1836 2432 1907 ζωοποιῷ
2462 1837 2766 1909 Πνεύματι,
2793 1839 2889 1892 νῦν
2920 1840 3015 1892 καὶ
3036 1839 3148 1898 ἀεὶ,
3172 1838 3267 1889 καὶ
3292 1837 3373 1898 εἰς
3399 1833 3527 1894 τοὺς
3554 1829 3767 1890 αἰῶνας

2176 1921 2286 1973 τῶν
2319 1919 2551 1974 αἰώνων.
2589 1921 2763 1992 Ἀμήν
2780 1958 2794 1971 .

492 2283 623 2337 Ὅτι
675 2285 785 2338 οὐκ
818 2283 1149 2338 ἀκίνδυνον
1202 2282 1327 2350 τοῖς
1376 2286 1697 2354 ἀκροαταῖς
1737 2286 1801 2341 τὸ
1846 2286 2028 2356 σιγᾷν
2066 2288 2139 2341 τὰ
2199 2287 2497 2356 λεγόμενα
2537 2286 2608 2339 ἐν
2665 2285 2986 2353 ἐκκλησίᾳ,
3045 2281 3147 2337 καὶ
3187 2284 3356 2348 τίνος
3398 2280 3612 2335 ἕνεκεν
3678 2283 3754 2334 al

563 2379 823 2447 Πράξεις
849 2381 919 2432 ὲν
948 2378 1023 2447 τῇ
1049 2377 1438 2447 Πεντηκοστῇ
1467 2377 2005 2447 ἀναγινώσκονται,
2043 2378 2143 2432 καί
2163 2378 2261 2433 διὰ
2295 2380 2353 2434 τί
2393 2382 2505 2434 οὐκ
2531 2377 2722 2442 ἔδειξε
2763 2376 2953 2431 πᾶσιν
2995 2374 3211 2429 ἑαυτὸν
3246 2373 3517 2436 ἀναστὰς
3542 2376 3574 2426 ό
3606 2375 3749 2440 Χρι-

562 2472 730 2536 στὸς,
784 2472 883 2525 καὶ
922 2471 1012 2524 ὅτι
1052 2467 1161 2536 τῆς
1207 2469 1404 2536 ὄψεως
1438 2469 1826 2539 σαφεστέραν
1866 2471 2135 2538 παρέσχε
2156 2469 2272 2537 τὴν
2295 2469 2404 2537 τῆς
2424 2468 2818 2533 ἀναστάσεως
2850 2465 3164 2531 ἀπόδειξιν
3187 2462 3303 2528 τὴν
3334 2464 3432 2519 διὰ
3468 2462 3588 2517 τῶν
3630 2477 3758 2532 cm-

558 2564 745 2633 μείων
768 2562 887 2617 τῶν
923 2563 1302 2619 ἀποστόλων.

555 2921 606 2966 α’
619 2912 712 2966 ,Τὸ
732 2911 831 2982 μὲν
848 2909 1008 2964 πλέον
1024 2913 1118 2967 τοῦ
1136 2913 1331 2985 χρέους
1345 2908 1440 2964 τοῦ
1457 2910 1802 2974 συντεθέντος
1818 2913 1951 2983 ἡμῖν
1969 2910 2074 2964 ὑπὸ

429 2988 433 3001 “
490 2992 592 3063 τῆς
610 2993 925 3064 ἐπιγραφῆς
939 2993 1048 3046 τῶν
1073 2995 1333 3067 Πράξεων
1352 2991 1461 3046 τῶν
1485 2992 1861 3047 ἀποστολικῶν
1876 2995 1935 3046 ἐν
1953 2995 2075 3056 ταῖς

492 3075 803 3145 ἔμπροσθεν
834 3077 962 3146 ὑμῖν
986 3077 1363 3145 κατεϐάλομεν
1386 3075 1626 3147 ἡμέραις
1646 3091 1658 3104 ⁸
1689 3076 1880 3147 ἐπειδὴ
1907 3076 1963 3128 δὲ
1990 3075 2071 3129 ἔτι

497 3158 691 3227 μικρὸν
713 3158 1037 3228 ἐναπέμεινε
1058 3160 1331 3228 λείψανον,
1351 3159 1581 3229 ἀνέστην
1602 3161 1697 3213 καὶ
1718 3159 1876 3211 τοῦτο
1901 3176 2071 3212 κατα-

494 3238 677 3308 θήσων
705 3240 835 3309 ὑμῖν
863 3241 1123 3311 σήμερον.
1145 3242 1209 3293 Εἰ
1232 3241 1288 3293 δὲ
1319 3242 1435 3310 μετ’
1457 3240 1745 3309 ἀκριϐείας
1774 3240 2072 3311 φυλάττετε

491 3322 562 3374 τὰ
601 3322 892 3391 εἰρημένα,
930 3324 1025 3374 καὶ
1073 3323 1214 3392 μετὰ
1259 3321 1464 3392 πολλῆς
1507 3323 1768 3393 κατέχετε
1814 3323 2072 3393 σπουδῆς,

493 3406 652 3475 ὑμεῖς
696 3403 762 3458 ἂν
797 3404 1029 3475 εἰδείητε
1056 3406 1106 3458 οἱ
1148 3406 1209 3458 τὸ
1240 3405 1503 3476 ἀργύριον
1543 3405 1952 3476 ὑποδεξάμενοι,
1979 3406 2074 3458 καὶ

490 3488 602 3541 τῶν
632 3488 913 3559 ἀργυρίων
934 3487 1141 3542 τούτων
1166 3489 1451 3559 μέλλοντες
1474 3490 1563 3543 τὸν
1585 3489 1742 3557 λόγον
1772 3483 1979 3544 διδόναῖ
1995 3487 2075 3559 τῷ

493 3572 740 3642 Δεσπότῃ
787 3571 929 3627 κατά
959 3572 1057 3642 τὴν
1091 3572 1306 3643 ἡμέραν
1350 3571 1591 3642 ἐκείνην,
1641 3572 1769 3626 ὅταν
1800 3573 1851 3624 οἱ
1878 3572 1948 3626 τὰ
1978 3573 2074 3625 τά-

493 3653 662 3707 λαντα
690 3653 1079 3717 πιστευθέντες
1111 3653 1407 3715 καλῶνται,
1441 3654 1536 3706 καὶ
1573 3651 1671 3715 τὰς
1704 3652 1933 3716 εὐθύνας
1958 3654 2074 3705 ὑπ-

494 3736 709 3805 έχωσιν·
727 3738 854 3791 ὅταν
880 3736 1050 3791 ἐλθὼν
1072 3738 1101 3789 ό
1119 3737 1352 3807 Χριστὸς
1374 3737 1580 3807 ἀπαιτῇ
1593 3736 1721 3797 τοὺς
1742 3735 2073 3805 τραπεζίτας

493 3819 554 3872 τὸ
597 3818 859 3889 ἀργύριον
886 3818 1043 3872 τοῦτο
1084 3818 1224 3888 μετά
1256 3818 1365 3872 τῶν
1395 3818 1589 3873 τόκων.
1623 3817 1787 3872 Ἔδει
1830 3818 1940 3890 γάρ
1976 3836 2071 3882 σε,

494 3903 652 3972 φησὶ,
674 3902 1036 3958 καταϐαλεῖν
1057 3902 1123 3956 τὸ
1147 3903 1434 3972 ἀργύριόν
1441 3920 1561 3971 μου
1578 3902 1677 3955 ἐπὶ
1705 3901 1848 3967 τοὺς
1870 3918 2076 3969 τραπε-

491 3986 542 4046 ζῚ
547 4003 670 4053 τας,
690 3987 789 4042 καί
809 3987 924 4057 ἐγὼ
938 3987 1134 4043 ἐλθὼν
1145 3987 1298 4054 μετὰ
1312 3988 1491 4039 τόκου
1510 3985 1586 4040 ἂν
1599 3985 1885 4053 ἀπῄτησα
1902 3986 2069 4040 αὑτό.

492 4069 557 4120 Ὤ
581 4069 684 4135 τῆς
719 4070 924 4136 πολλῆς
946 4071 1039 4121 καὶ
1067 4069 1279 4136 ἀφάτου
1297 4067 1488 4135 φιλανθ
1499 4066 1709 4137 ρωπίας
1738 4066 1834 4118 τοῦ
1865 4068 2072 4119 Δεσπό-

491 4152 628 4204 τουί
701 4151 1043 4219 Ἀνθρὼπους
1088 4149 1312 4202 κωλύων
1359 4150 1608 4200 ἀπαιτεῖν
1655 4147 1866 4211 τόκους,
1911 4149 2072 4213 αὐτὸς

492 4233 712 4286 ἀπαιτεῖ
734 4231 944 4292 τόκους.
977 4230 1075 4283 Διὰ
1101 4230 1192 4295 τί;
1243 4228 1460 4299 Ἐπειδὴ
1486 4231 1692 4293 ἐκεῖνος
1719 4233 1748 4285 ὁ
1775 4231 1931 4294 τόκος
1957 4230 2075 4285 δια·-

493 4312 826 4383 ϐεϐλημένος
868 4313 984 4364 ἐστί⁵
1032 4311 1125 4365 καὶ
1174 4311 1510 4382 κατηγορίας
1555 4311 1704 4377 ἄξιος
1739 4330 1754 4343 θ
1810 4305 1966 4376 οὗτος
2014 4313 2072 4366 δὲ

494 4395 776 4456 ἐπαινετὸς
802 4395 895 4448 καὶ
923 4394 1122 4464 πολλῆς
1154 4394 1425 4464 ἀποδοχῆς
1454 4395 1597 4447 ἐστιν
1619 4394 1787 4461 ἄξιος,
1836 4394 2074 4459 Ἐκεῖνος

500 4478 671 4532 τοίνυν
693 4481 721 4532 6
752 4479 928 4543 τόκος,
966 4478 995 4530 ό
1021 4477 1130 4530 τῶν
1165 4478 1464 4549 χρημάτων
1491 4476 1655 4546 λέγω,
1692 4480 1785 4533 καὶ
1808 4478 1900 4532 τὸν
1936 4478 2073 4549 λαμ-

493 4556 744 4628 ϐάνούτα,
777 4564 871 4617 καὶ
897 4562 988 4616 τὸν
1019 4561 1229 4615 διδόντα
1258 4561 1464 4632 ζημιοῖ,
1492 4562 1587 4614 καὶ
1614 4561 1707 4616 τοῦ
1736 4564 1833 4632 μὲν
1860 4562 2072 4631 λαμϐά-

494 4661 672 4708 νοντος
697 4644 956 4698 ἀπόλλυσι
983 4644 1081 4715 τὴν
1112 4643 1312 4714 ψυχὴν,
1340 4644 1436 4699 τοῦ
1459 4644 1515 4698 δὲ
1541 4643 1770 4708 διδόντος
1805 4644 1919 4716 [82]
1949 4648 2070 4699 ἐπι-

492 4729 667 4800 τρίϐει
698 4728 795 4799 τὴν
822 4728 1033 4782 πενίαν.
1084 4730 1148 4782 Τί
1188 4728 1295 4798 γὰρ
1327 4728 1393 4782 ἂν
1433 4729 1640 4796 γένοιτο
1673 4728 2068 4800 χαλεπώτερον,

492 4811 605 4866 ἀλλ’
629 4810 661 4881 ἢ
687 4811 814 4865 ὅταν
840 4828 923 4875 τις
951 4811 1051 4882 τὴν
1078 4812 1268 4867 πενίαν
1292 4811 1387 4864 τοῦ
1415 4811 1641 4883 πλησίον
1672 4811 2067 4882 ἐμπορεύηται,

493 4895 708 4960 καὶτὰς
728 4894 836 4949 τῶν
855 4895 1094 4964 ἀδελφῶν
1119 4894 1574 4966 πραγματεύηται
1597 4895 1908 4965 συμφοράς;
1943 4895 2070 4948 ὅταν

492 4993 574 5041 τις
600 4980 940 5046 προσωπεῖον
970 4978 1377 5047 φιλανθρωπίας
1406 4977 1545 5049 ἔχων
1569 4980 1752 5031 πᾶσαν
1781 4976 2071 5048 ἀπανθρω-

492 5059 620 5112 πίαν
642 5057 1027 5122 ἐπιδείκνυται,
1053 5063 1147 5114 καὶ
1169 5063 1198 5113 6
1220 5065 1376 5132 χεῖρα
1400 5074 1427 5103 ι
1463 5062 1671 5132 μέλλων
1697 5061 1909 5133 ὀρέγειν
1933 5062 2070 5131 πρὸς

494 5143 554 5197 τὸ
589 5141 859 5211 βάραθρον
901 5143 1015 5214 ὼθῇ
1062 5145 1153 5197 τὸν
1182 5145 1431 5215 βοηθείας
1453 5145 1744 5215 δεόμενον;
1785 5145 1848 5198 Τί
1876 5147 2066 5209 ποιεῖς,

493 5225 745 5302 ἄνθρωπε
767 5239 782 5287 ;
818 5225 891 5276 Οὐ
914 5224 1002 5282 διὰ
1021 5227 1178 5282 τοῦτο
1204 5229 1341 5298 πρὸς
1365 5228 1461 5293 σὰς
1480 5225 1613 5299 ἦλθε
1633 5228 1803 5300 θύρας
1829 5232 1857 5282 6
1879 5229 2067 5298 πένης.

493 5311 581 5364 ἵνα
610 5307 850 5379 αὑξήσῃς
877 5309 1043 5364 αὐτοῦ
1074 5311 1173 5381 τὴν
1205 5312 1414 5376 πενίαν,
1446 5314 1559 5367 ἀλλ’
1587 5314 1675 5366 ἵνα
1706 5313 1873 5387 λύσῃς
1902 5312 2067 5367 αὐτοῦ

492 5395 590 5463 τὴν
609 5392 802 5449 πενίαν
822 5408 838 5423 ·
870 5393 937 5448 σὺ
958 5392 1017 5448 δὲ
1045 5395 1238 5449 ταυτὸν
1262 5399 1455 5467 ποιεῖς,
1479 5391 1589 5451 οἷον
1611 5398 1658 5449 οἱ
1678 5397 1746 5451 τά
1768 5397 2069 5467 δηλητήρια

497 5475 850 5547 κεραννύντες
885 5477 1152 5548 φάρμακα
1174 5495 1186 5507 °
1240 5479 1333 5534 καὶ
1362 5465 1470 5551 γάρ
1500 5481 1696 5534 ἐκεῖνοι
1725 5465 1827 5550 τὴν
1864 5465 2069 5551 συνήθη

555 5658 578 5686 ⁸
604 5651 740 5704 Coib.
768 5656 846 5702 καὶ
870 5660 932 5710 ὡς
953 5656 1102 5719 χεῖρα.

2173 2906 2378 2980 τροφὴν
2402 2910 2586 2971 αὐτοῖς
2614 2905 2977 2978 ἀναμίξαντες
2995 2902 3394 2972 ἀνεπαίσθητον
3415 2902 3635 2959 ποιοῦσι
3657 2901 3760 2975 τὴν

2173 2991 2483 3063 ἐπιϐουλὴν,
2523 2992 2615 3044 καὶ
2648 2984 2794 3045 οὗτοι
2830 2987 3240 3059 φιλανθρωπίας
3272 2988 3619 3058 προσχήματι
3648 2988 3759 3041 τῶν

2172 3076 2345 3128 τόκων
2377 3076 2468 3128 τὸν
2500 3074 2720 3145 ὄλεθρον
2751 3072 3077 3144 κρύψαντες,
3109 3072 3210 3124 οὐκ
3256 3070 3419 3123 ἐῶσιν
3467 3070 3758 3124 αἰσθέσθαι

2173 3160 2270 3229 τῆς
2304 3158 2508 3229 βλάϐης
2538 3159 2663 3220 τοὺς
2695 3156 2985 3227 μέλλοντας
3014 3154 3194 3208 πίνειν
3217 3153 3279 3206 τὸ
3308 3153 3605 3222 θανάσιμον
3627 3152 3755 3205 τοῦ-

2172 3258 2233 3295 το
2258 3243 2568 3312 φάρμακον.
2599 3240 2800 3310 Διόπερ
2828 3237 3105 3308 εὔκαιρον,
3135 3236 3164 3290 δ
3194 3238 3323 3307 περὶ
3351 3237 3449 3308 τῆς
3478 3237 3756 3307 ἁμαρτίας

2173 3323 2413 3394 εἴρηται,
2441 3323 2537 3375 καὶ
2574 3323 2704 3392 περὶ
2736 3321 2845 3374 τῶν
2874 3320 3199 3384 τοκιζόντων
3230 3319 3325 3372 καί
3361 3318 3757 3390 δανειζομένων

2172 3409 2369 3460 εἰπεῖν.
2402 3406 2467 3459 Τί
2499 3406 2556 3459 δὲ
2590 3404 2839 3475 περὶτῆς
2863 3402 3138 3474 ἁμαρτίας
3167 3403 3415 3473 είρηται;
3445 3402 3599 3470 Πρὸς
3626 3417 3755 3454 και-

2164 3490 2300 3559 ρὸν,
2340 3490 2494 3561 φησὶ,
2543 3488 2856 3559 γλυκαίνει
2897 3486 3005 3539 τὸν
3042 3485 3331 3554 λάρυγγα,
3379 3484 3639 3551 ὕστερον⁸
3685 3483 3756 3536 δέ

2174 3575 2527 3642 πικρότερον
2547 3570 2741 3641 χολῆς
2761 3570 3060 3639 εὑρήσεις,
3084 3568 3182 3623 καί
3208 3567 3587 3635 ἠκονημένον
3595 3565 3752 3635 pullo

2172 3663 2288 3713 λον
2307 3658 2609 3726 μαχαίρας
2636 3655 2946 3722 διστόμου,
2979 3652 3151 3706 Τοῦτο
3183 3652 3361 3705 τοίνυν
3395 3652 3491 3705 καὶ
3519 3652 3614 3704 ἐπὶ
3645 3651 3755 3704 τῶν

2171 3739 2565 3810 δανειζομένων
2607 3738 2850 3806 γίνεται·
2906 3737 3034 3789 ὅταν
3083 3736 3182 3806 μὲν
3228 3736 3337 3806 γὰρ
3388 3734 3642 3808 λαμϐάνῃ
3683 3736 3754 3790 τὰ

2174 3827 2429 3898 χρήματα
2462 3824 2490 3875 ό
2512 3822 2797 3892 δεόμενος,
2840 3820 3202 3890 παραμυθίαν
3234 3818 3502 3889 λαμϐάνει
3551 3820 3753 3890 μικράν

2172 3924 2293 3963 τινα
2321 3908 2415 3960 καὶ
2448 3905 2812 3976 πρόσκαιρον·
2854 3903 3080 3974 ὕστερον
3120 3905 3177 3957 δὲ
3216 3904 3327 3955 τῶν
3373 3902 3550 3955 τόκων
3594 3903 3751 3967 αὐξο-

2178 3994 2378 4064 μένων,
2396 3991 2489 4044 καὶ
2508 3989 2602 4043 τοῦ
2636 3989 2856 4060 φορτίου
2889 3988 3134 4058 μείζονος
3164 3988 3262 4057 τῆς
3292 3984 3575 4056 δυνάμεως
3597 4004 3748 4056 γενος

2178 4075 2362 4145 μένου,
2421 4075 2598 4126 ἐκεῖνο
2628 4073 2688 4125 τὸ
2734 4072 2907 4140 γλυκῦ
2951 4071 3047 4125 καὶ
3093 4070 3324 4126 λιπάναν
3364 4070 3454 4124 τὸν
3505 4070 3752 4141 λάρυγγα

2176 4157 2496 4227 πικρότερον
2533 4157 2698 4225 χολῆς
2723 4155 2915 4224 ὄψεται
2953 4155 3259 4225 γινόμενον,
3292 4155 3388 4207 καὶ
3414 4156 3582 4225 ὴκονη
3592 4155 3749 4223 μένον

2179 4240 2378 4311 μᾶλλον
2430 4238 2706 4311 μαχαίρας
2750 4239 3028 4309 διστόμου,
3071 4239 3180 4293 τῶν
3226 4238 3496 4310 πατρῴων
3531 4238 3747 4292 πάντων

2175 4324 2481 4394 ἀποστῆναι
2509 4324 2703 4394 ἀθρόον
2730 4324 3195 4391 ἀναγκαζόμενος.

2245 4407 2314 4478 β’.
2341 4407 2477 4460 Ἀλλ’
2497 4407 2606 4461 ἀπὸ
2634 4406 2744 4460 τῶν
2777 4408 3051 4477 αἰσθητῶν
3075 4408 3169 4460 ἐπὶ
3190 4406 3260 4460 τὰ
3284 4405 3630 4477 πνευματικά
3659 4404 3748 4459 τὸν

2173 4490 2328 4557 λόγον
2358 4490 2701 4561 μετάγωμεν.
2754 4490 2910 4544 Ἔδει
2951 4507 3043 4555 σε,
3098 4490 3254 4560 φησὶ,
3293 4490 3652 4545 καταϐαλεῖν
3681 4488 3746 4543 τὸ

2172 4576 2455 4645 ἀργύριόν
2485 4592 2606 4644 μου
2644 4573 2742 4628 ἐπί
2793 4573 2936 4640 τοὺς
2978 4572 3349 4641 τραπεζῖτας,
3403 4573 3610 4626 ἐκείνου
3654 4571 3743 4624 τοῦ

2173 4660 2437 4731 ἀργυρίου
2469 4658 2803 4730 τραπεζίτας
2831 4660 2975 4729 ὑμᾶς
3008 4658 3189 4712 καλῶν
3208 4661 3335 4722 τοὺς
3357 4659 3465 4711 τῶν
3489 4657 3745 4728 ῥημάτων

2171 4747 2375 4800 τούτων
2401 4746 2695 4815 ἀκροατάς.
2731 4744 2841 4797 Καὶ
2869 4745 3013 4807 τίνος
3041 4744 3225 4797 ἕνεκεν
3254 4741 3584 4815 τραπεζίτας
3606 4743 3745 4812 ὑμᾶς

2172 4828 2429 4882 ἐκάλεσεν
2477 4830 2505 4881 6
2553 4827 2731 4891 656;;
2785 4827 3062 4881 Παιδεύων
3120 4827 3370 4890 ἅπαντας
3424 4827 3526 4896 τὴν
3575 4825 3738 4894 αὐτὴν

2174 4911 2408 4982 σπουδὴν
2432 4910 2836 4964 ἐπιδείκνυσθαι
2874 4911 3001 4980 περὶ
3028 4908 3127 4980 τὴν
3165 4909 3489 4980 δοκιμασίαν
3519 4908 3629 4961 τῶν
3656 4908 3741 4960 λε-

2172 4995 2417 5065 γομένων
2443 5035 2458 5059 ,
2502 4994 2635 5064 ὅσην
2683 4994 2879 5046 ἐκεῖνοι
2935 4992 3170 5064 σπουδὴν
3222 4993 3408 5063 έχουσι
3465 4992 3595 5063 περὶ
3646 4990 3739 5059 τὴν

2170 5078 2416 5142 ἐξέτασιν
2446 5075 2540 5129 καὶ
2572 5074 2777 5128 εἴσοδον
2810 5076 2918 5129 τῶν
2947 5077 3317 5146 νομισμάτων.
3344 5075 3609 5145 Καθάπερ
3637 5073 3737 5142 γὰρ

2171 5160 2222 5213 οἰ
2248 5157 2570 5229 τραπεζῖται
2612 5157 2672 5211 τὸ
2704 5158 2804 5228 μὲν
2857 5158 3107 5228 κίϐδηλον
3154 5159 3247 5211 καί
3295 5158 3623 5227 παράσημον
3655 5157 3738 5207 ἐκ-

2172 5242 2427 5296 ϐάλλουσι
2455 5241 2719 5311 νόμισμα,
2747 5239 2807 5293 τὸ
2838 5241 2895 5295 δὲ
2927 5241 3149 5311 δόκιμον
3176 5242 3266 5294 καὶ
3293 5240 3443 5308 ὑγιὲς
3472 5239 3733 5309 δέχονται,

2171 5327 2264 5380 καὶ
2295 5325 2631 5396 διακρίνουσι
2660 5324 2720 5377 τὸ
2740 5325 2892 5378 νόθον
2926 5324 3034 5378 ἀπὸ
3063 5324 3155 5377 τοῦ
3188 5324 3433 5395 γνησίου*
3474 5323 3617 5375 οὕτω
3649 5320 3734 5374 καὶ

2174 5410 2239 5461 σὺ
2286 5408 2530 5477 ποίησον,
2575 5409 2669 5462 καὶ
2718 5407 2793 5477 μὴ
2829 5407 3006 5459 πάντα
3039 5407 3345 5478 παραδέχου
3379 5406 3558 5473 λόγον,
3608 5403 3733 5457 ἀλλὰ

2166 5490 2260 5543 τὸν
2292 5490 2391 5560 μὲν
2420 5489 2667 5559 κίϐδηλον
2693 5491 2785 5542 καὶ
2816 5488 3206 5560 διεφθαρμένον
3235 5488 3463 5542 ἔκϐαλλε
3492 5486 3600 5541 ἀπὸ
3623 5484 3729 5539 σοῦ.

2167 5573 2259 5624 τὸν
2306 5572 2360 5625 δὲ
2412 5572 2538 5642 ὑγιῆ
2598 5573 2691 5625 καὶ
2741 5570 3011 5641 σωτηρίαν
3058 5570 3248 5642 ἔχοντα
3292 5571 3629 5642 παράπεμπε
3669 5569 3727 5637 τῇ

2165 5654 2390 5723 διανοίᾳ.
2444 5656 2596 5707 ’Ἐστι
2631 5653 2758 5722 γάρ,
2792 5652 2906 5706 ἔστι
2954 5655 3047 5707 καὶ
3082 5655 3163 5707 σοὶ
3205 5654 3344 5724 ζυγά
3372 5654 3463 5709 καὶ
3498 5649 3726 5723 σταθμία
