4060 6252
279 337 344 392 97

279 447 462 510 partus
481 479 495 502 ,
529 445 713 509 partus
742 436 1042 508 Spirituales
1062 478 1078 504 ,
1111 447 1292 506 partus
1322 451 1388 491 ex
1417 437 1583 506 gratia
1618 443 1673 490 et
1710 435 1862 490 beni-

277 532 478 600 gnitate
507 528 638 593 Dei,
681 535 860 596 partus
900 526 1095 581 laetitize
1137 526 1323 595 plenus
1357 535 1412 580 et
1451 526 1647 598 gaudii.
1682 525 1868 580 Atille

281 620 428 690 prior
455 619 574 673 talis
599 617 815 671 minime
842 615 972 684 fuit,
1006 615 1099 670 sed
1129 631 1159 670 a
1191 617 1436 672 lamentis
1463 617 1666 672 initium
1695 616 1862 672 duxit.

279 709 554 778 Siquidem
581 707 666 760 ubi
699 706 898 776 prodiit
927 706 1100 760 infans
1129 721 1193 760 ex
1222 716 1374 760 utero
1403 715 1456 761 et
1480 722 1543 760 ex
1574 707 1692 762 alvo
1721 705 1868 774 deje-

280 807 398 852 ctns
427 807 542 861 est,
573 798 796 866 primam
828 812 950 850 cum
984 797 1229 866 lacrymis
1257 811 1440 850 vocem
1475 796 1670 862 mittit,
1711 802 1869 864 prout

280 890 409 943 dixit
442 891 702 958 quispiam
735 907 750 941 :
787 888 1013 940 Primam
1041 903 1208 940 vocem
1237 887 1448 940 similem
1477 888 1704 942 omnibus
1727 901 1868 954 atque

279 980 486 1048 plorans
520 977 670 1048 (Sap.
707 979 760 1031 7.
795 978 869 1046 5).
905 977 1008 1030 Per
1039 977 1268 1031 lamenta
1307 975 1566 1044 siquidem
1599 975 1867 1043 ingressus

279 1071 333 1125 in
365 1077 524 1123 vitam
549 1111 562 1132 ,
600 1085 693 1136 per
723 1069 982 1138 lacrymas
1011 1066 1227 1120 exordia
1249 1106 1262 1128 ,
1296 1065 1419 1118 dum
1465 1064 1664 1120 futuras
1694 1063 1866 1118 mole-

279 1161 410 1215 stias
450 1169 634 1214 natura
679 1159 1015 1228 prmnuntiat.
1049 1155 1156 1210 Cur
1200 1156 1371 1225 plorat
1399 1156 1572 1212 infans
1601 1170 1720 1214 cum
1751 1155 1867 1212 exit

281 1253 334 1307 in
362 1251 577 1306 lucem?
606 1249 715 1304 Hac
745 1249 812 1303 de
850 1263 1007 1302 causa
1044 1266 1056 1300 :
1087 1255 1210 1300 ante
1239 1253 1512 1316 peccatum
1541 1245 1754 1314 quidem
1782 1244 1866 1300 di.

278 1341 430 1396 cebat
473 1341 644 1404 Deus,
674 1338 918 1401 Crescite,
949 1345 996 1390 et
1034 1335 1444 1403 multiplicamini
1475 1335 1626 1406 (Gen.
1661 1336 1709 1388 1.
1740 1334 1864 1405 28),

279 1433 420 1503 quod
451 1441 566 1486 erat
593 1430 980 1485 benedictionis
1006 1447 1018 1481 :
1044 1427 1171 1482 illud
1197 1439 1396 1492 autem,
1419 1426 1490 1496 In,
1508 1425 1680 1480 dolore
1705 1428 1870 1496 paries

279 1525 412 1593 ﬁlios
442 1522 604 1595 (Gen.
639 1523 691 1574 '5.
723 1521 854 1589 16),
897 1529 1016 1589 post
1046 1529 1314 1588 peccatum
1355 1518 1556 1571 dictum
1585 1526 1666 1570 est
1685 1559 1698 1582 ,
1726 1516 1870 1586 quod

280 1625 398 1670 erat
418 1629 610 1686 paenae.
636 1613 819 1684 Neque
840 1626 968 1666 vero
990 1611 1239 1681 lacrymzn
1267 1609 1317 1662 in
1345 1609 1615 1662 nativitate
1641 1616 1868 1673 tantum,

280 1709 374 1764 sed
403 1717 456 1762 et
483 1707 658 1761 fasciae
684 1714 738 1759 et
771 1703 982 1758 vincula
1017 1720 1031 1757 :
1061 1703 1311 1771 lacryma:
1355 1701 1406 1760 in
1449 1700 1720 1754 nativitatc
1740 1741 1753 1764 ,
1787 1699 1870 1752 la—

280 1815 480 1870 crymte
500 1815 553 1853 tn
577 1805 780 1854 morte:
805 1796 982 1850 fasciae
1003 1795 1053 1848 in
1077 1794 1368 1858 nativitate,
1391 1793 1568 1848 fasciae
1589 1793 1640 1850 in
1665 1800 1868 1846 morte:

284 1901 344 1946 ut
387 1891 647 1958 intelligas
687 1889 848 1942 vitam
891 1887 1030 1941 hanc
1059 1886 1111 1940 in
1143 1895 1368 1939 mortem
1396 1884 1640 1938 desinere
1659 1922 1674 1947 ,
1699 1891 1753 1936 et
1783 1882 1875 1934 illo

291 1983 399 2036 line
429 1982 716 2036 terminari.
747 1979 852 2034 Sed
883 1978 1001 2032 talis
1027 1992 1130 2031 non
1169 1985 1253 2030 est
1293 1977 1408 2030 haec
1439 1974 1703 2030 nativitas.
1735 1972 1875 2026 Nus-

915 322 1050 380 CUR
1091 323 1156 378 IN
1195 321 1482 379 PENTEC.
1525 323 1726 386 ACTA,
1770 321 1922 378 ETC.
1957 321 2022 378 IN
2063 322 2350 378 PRINCIP.
2381 321 2728 380 ACTORUM.
2763 323 2848 378 IV.

3493 309 3564 370 98

1971 451 2128 506 quam
2163 438 2414 509 lacrymtc
2439 445 2493 492 et
2517 436 2718 504 fascite,
2741 438 2832 492 sed
2861 437 3064 496 solutus
3085 437 3274 507 estqui
3303 439 3556 505 nascitur,

1972 537 2026 582 et
2055 527 2120 582 ad
2151 537 2420 584 certamen
2467 538 2683 598 paratus
2715 545 2729 581 :
2763 539 3039 597 propterea
3070 537 3194 587 sunt
3219 529 3377 584 etiam
3407 529 3556 586 liberi

1972 616 2174 684 pedes,
2203 626 2260 674 et
2287 633 2507 685 manus,
2537 626 2600 672 ut
2629 626 2684 672 et
2717 627 2898 674 currat
2940 627 2994 672 et
3033 627 3228 686 pugnet
3257 635 3270 670 :
3302 633 3560 686 nusquam
3618 617 3623 622 ’

1975 705 2205 762 lamenta
2231 747 2246 772 ,
2277 724 2536 777 nusquam
2575 711 2830 770 lacrymaa
2861 708 2946 762 hic
2967 749 2982 773 ,
3020 707 3114 762 sed
3143 708 3486 762 salutationes
3509 719 3564 762 et

1973 798 2192 859 oscula,
2239 806 2293 852 et
2333 798 2608 868 amplexus
2649 793 2877 852 fratrum
2922 800 3012 866 qui
3061 812 3213 850 suum
3262 797 3569 852 membrum-

1973 897 2284 954 agnoscuut,
2313 899 2366 942 et
2391 896 2658 958 tamquam
2690 905 2756 944 ex
2793 887 3076 956 longinqua
3105 903 3377 944 reversum
3409 903 3563 957 pere-

1974 976 2270 1044 grinatione
2309 978 2587 1046 recipiunt.
2625 979 2752 1032 Nam
2783 977 3035 1050 quoniam
3075 987 3202 1032 ante
3245 978 3564 1046 baptismum

1974 1065 2218 1120 inimicus
2243 1074 2357 1120 erat
2375 1107 2390 1132 ,
2420 1075 2540 1135 post
2572 1067 2896 1138 baptismum
2931 1070 3114 1122 autem
3143 1067 3345 1126 amicus
3374 1076 3455 1122 est
3483 1067 3566 1122 fa-

1973 1163 2090 1208 ctus
2129 1156 2428 1216 communis
2456 1157 2692 1211 omnium
2729 1167 2968 1212 nostrum
3007 1155 3257 1220 Dom-ini,
3288 1165 3574 1225 propterea-

1974 1245 2304 1314 gratulamur
2331 1261 2556 1312 omnes;
2589 1247 2788 1302 ideirco
2817 1248 2974 1302 etiam
3001 1250 3238 1306 osculum
3267 1261 3372 1320 pax
3409 1261 3567 1302 voca-

1977 1345 2079 1402 tur,
2111 1346 2169 1392 ut
2195 1336 2462 1394 discamus
2489 1352 2518 1390 a
2545 1337 2656 1391 Deo
2683 1339 2888 1394 ﬁnitum
2917 1355 3037 1400 esse
3067 1341 3285 1408 bellum,
3309 1347 3366 1396 et
3387 1351 3491 1396 tios
3517 1340 3578 1392 in»

1977 1425 2260 1480 amicitiam
2302 1426 2419 1494 ejus
2462 1436 2706 1494 receptos
2738 1443 2876 1482 esse.
2923 1429 3070 1488 Hane
3111 1430 3271 1498 igitur
3307 1435 3570 1500 perpetuo

1974 1530 2382 1579 conservemus,
2413 1517 2548 1574 hanc
2573 1531 2755 1584 pacem
2783 1516 3054 1572 foveamus
3073 1559 3090 1584 ,
3113 1518 3250 1572 hanc
3267 1520 3562 1574 amicitiam

1977 1621 2296 1676 augeamus,
2331 1615 2386 1660 ut
2421 1615 2616 1660 aeterna
2647 1623 2860 1676 quoque
2891 1609 3230 1664 tabernacula
3269 1623 3560 1678 consequa-

1979 1712 2118 1764 mur,
2141 1699 2308 1766 gratia
2337 1707 2392 1752 et
2415 1697 2739 1768 benignitate
2767 1698 2972 1752 Domini
3001 1699 3163 1756 nostri
3192 1697 3316 1758 Iesu
3344 1697 3564 1766 Christi,

1983 1804 2076 1858 per
2099 1805 2259 1860 quem
2289 1798 2343 1843 et
2369 1805 2490 1844 cum
2517 1805 2624 1858 quo
2651 1789 2796 1842 Patri
2815 1789 3006 1858 gloria,
3041 1788 3232 1854 honor,
3263 1788 3564 1858 imperium,

1985 1895 2084 1933 una
2111 1894 2232 1936 cum
2262 1888 2448 1934 saneto
2473 1894 2535 1936 ac
2561 1879 2766 1934 vivifico
2795 1879 2992 1947 Spiritu
3015 1920 3028 1944 ,
3061 1893 3204 1934 nunc
3237 1887 3292 1932 et
3328 1893 3580 1948 semper,

1985 1980 2039 2026 ct
2067 1972 2116 2024 in
2150 1973 2337 2028 smcula
2369 1971 2705 2026 saeculorum.
2741 1971 2936 2030 Amen.

286 2101 3562 2129 Wm—W—

287 2201 610 2250 πηίουιο
680 2201 803 2243 NON
847 2198 1120 2251 CARERE,
1167 2197 1224 2240 SI
1265 2193 1621 2238 AUDITOBES
1663 2193 1743 2235 EA
1787 2193 2101 2246 ΤΔΟΕΔΝΤ,
2143 2191 2288 2243 ΩὉΕ
2331 2193 2396 2235 IN
2464 2193 2762 2236 ECCLESIA
2827 2194 3172 2248 DICUNTUB,

3241 2195 3322 2236 ΕΤ
3379 2193 3580 2238 CUJUS

373 2304 481 2346 REI
521 2301 762 2346 GRATIA
805 2297 1139 2342 LEGANTUB
1181 2295 1340 2338 ACTA
1403 2292 1858 2337 APOSTOLORUM
1901 2293 1968 2335 IN
2013 2292 2446 2346 PENTECOSTE;
2495 2294 2574 2335 ET
2617 2293 2740 2336 CUR
2783 2294 3049 2338 SEIPSUM
3119 2293 3240 2336 NON
3296 2265 3574 2337 QMNIBUS

368 2401 670 2446 CHRISTUS
709 2396 1131 2448 sos'rennenrr,
1175 2395 1309 2436 cum
1349 2361 1778 2436 sunnEutsss'r
1818 2391 1858 2434 Α
1900 2391 2214 2446 monTUts;
2261 2391 2524 2444 EUMQUE
2567 2393 2782 2434 MULTO
2825 2393 3188 2436 CLARIOREM
3235 2393 3372 2436 IPSO
3413 2392 3582 2435 cou—

370 2501 602 2546 SPECTU
646 2493 1276 2540 DEMONSTBATIONEM
1317 2489 1696 2533 EXHIBUISSE
1739 2487 2279 2532 RESURRECTIONIS
2325 2489 2448 2530 PER
2490 2491 2837 2546 MIRACULA,
2883 2491 3026 2542 QUE
3070 2491 3231 2534 SUNT
3273 2491 3354 2533 AB
3412 2490 3592 2534 APO-

373 2601 582 2648 smus
624 2599 816 2642 EDITA
861 2576 972 2657 (a).

1811 2703 2076 2755 ιθζοῦῢδθθ

369 2841 420 2900 1.
459 2836 502 2892 U
507 2850 677 2892 suram
703 2832 944 2894 doctrina
969 2837 1184 2898 accepta:
1208 2827 1362 2898 exigit
1389 2825 1544 2878 Deus.
1573 2821 1618 2878 U
1622 2837 1768 2876 suras
1797 2821 1886 2889 qui

299 2936 503 3004 exigunt
529 2947 680 3000 quam
719 2925 880 2996 iniqui
916 2925 1038 2980 sint.
1066 2951 1138 2964 --
1167 2921 1420 2989 Hajorem
1447 2917 1609 2971 debiti
1643 2921 1849 3004 partem
1869 2949 1885 2975 ,

300 3003 443 3098 quod
463 3040 526 3078 ex
548 3019 830 3076 occasione
857 3012 1217 3083 inscriptionis
1239 3012 1492 3065 Actorum
1513 3003 1889 3098 Apostolorum

300 3094 696 3176 contraximus,
725 3105 1091 3177 superioribus
1121 3101 1274 3158 vobis
1297 3099 1486 3154 diebus
1516 3094 1841 3152 exsolvimus
1873 3109 1888 3144 :

303 3205 402 3262 sed
427 3202 678 3274 quoniam
723 3197 992 3254 modicum
1029 3191 1206 3248 adhuc
1247 3186 1590 3257 reliquiarum
1621 3181 1894 3256 quippiam

303 3305 510 3362 restat,
543 3295 644 3348 hoc
682 3303 891 3361 quoque
927 3285 1081 3341 vobis
1111 3283 1369 3338 hodierno
1396 3279 1484 3334 die
1521 3284 1896 3332 numeraturum

305 3401 553 3456 exsurgo.
585 3385 669 3438 An
696 3395 822 3436 vero
847 3378 1131 3447 diligenter
1155 3387 1240 3437 ea,
1267 3387 1386 3442 quae
1417 3369 1555 3424 dicta
1595 3373 1736 3430 sunt,
1765 3378 1896 3456 conf

306 3455 564 3542 servetis,
591 3485 645 3530 et
668 3472 906 3527 studiose
931 3465 1188 3524 memoria
1219 3464 1446 3522 teneatis
1467 3502 1482 3527 ,
1513 3475 1611 3515 vos
1637 3458 1786 3513 scitis
1807 3455 1898 3524 qui

309 3571 564 3643 pecunias
597 3564 912 3634 accepistis,
939 3571 993 3618 et
1017 3575 1048 3614 a
1079 3558 1270 3627 quibus
1300 3557 1522 3610 istarum
1557 3550 1900 3643 pecuniarum

307 3641 570 3721 rationem
595 3660 648 3714 in
673 3656 764 3710 illo
788 3654 874 3708 die
894 3650 1078 3720 exiget
1103 3647 1377 3707 Dominus,
1401 3659 1524 3698 cum
1551 3641 1648 3706 illi,
1677 3651 1902 3708 quorum

312 3755 435 3810 fidei
465 3752 665 3806 talenta
693 3747 980 3801 commissa
1007 3748 1149 3804 sunt,
1179 3736 1532 3796 voeabuntur,
1561 3740 1616 3786 et
1641 3730 1900 3785 rationem

311 3845 576 3904 reddent:
601 3855 722 3896 cum
744 3837 986 3892 Christus
1011 3830 1278 3893 adveniet,
1303 3836 1358 3882 et
1380 3842 1410 3878 a
1437 3823 1746 3878 numulariis
1767 3820 1906 3874 hanc

313 3938 594 4010 pecuniam
625 3932 802 3998 exiget
839 3941 960 3984 cum
990 3923 1186 3978 usuris.
1223 3917 1460 3987 Oportuit
1489 3915 1631 3971 enim
1651 3955 1667 3980 ,
1699 3911 1904 3982 inquit,

313 4003 362 4082 te
379 4023 689 4080 committere
711 4016 976 4089 pecuniam
1001 4027 1166 4066 meant
1189 4005 1514 4071 nurnulariis,
1539 4014 1584 4058 et
1603 4003 1799 4057 ueniens
1818 4017 1908 4070 ego

316 4133 430 4174 cunt
450 4129 610 4168 usura
636 4109 906 4178 exegissem
933 4103 1076 4158 illam
1098 4099 1312 4169 (Matth.
1339 4097 1428 4152 25.
1453 4095 1570 4164 27).
1595 4093 1638 4149 Ο
1663 4105 1908 4161 magnam

318 4215 374 4262 et
413 4203 736 4260 ineffabilem
776 4194 984 4252 Domini
1027 4189 1444 4260 benignitatem!
1475 4186 1577 4252 Qui
1605 4181 1910 4238 hominibus

321 4297 568 4370 prohibet
594 4305 780 4348 usuras
807 4303 875 4344 ne
903 4285 1150 4355 exigant,
1189 4283 1301 4350 ipso
1339 4279 1503 4348 exigit
1537 4291 1746 4332 usuras.
1772 4273 1910 4370 Quid

323 4365 395 4444 ita
415 4390 440 4441 ?
465 4385 726 4454 Quoniam
755 4376 1056 4436 damnanda
1086 4383 1168 4432 est
1193 4385 1355 4431 usura
1391 4371 1481 4424 illa
1505 4375 1562 4423 et
1589 4365 1912 4422 accusationi

324 4480 592 4544 obnoxia;
641 4477 754 4530 haec
803 4481 980 4528 autem
1025 4467 1308 4524 laudabilis
1351 4471 1406 4518 et
1449 4459 1914 4516 commendatione

325 4575 502 4644 digna.
537 4571 720 4638 Itaque
742 4581 898 4622 usura
926 4547 1040 4628 illa,
1065 4559 1431 4630 pecuniarum,
1459 4556 1695 4622 inquam,
1719 4560 1773 4606 et
1792 4565 1914 4644 eum

326 4643 414 4735 qui
443 4663 666 4731 accipit,
697 4667 752 4713 et
779 4673 898 4712 eum
929 4655 1024 4726 qui
1051 4652 1248 4716 solvit,
1279 4649 1476 4704 damno
1501 4645 1669 4700 afficit
1701 4662 1714 4696 :
1747 4643 1916 4713 siqui-

327 4758 448 4812 dem
489 4763 544 4808 et
572 4753 692 4821 ejus
717 4749 804 4819 qui
831 4748 1058 4814 accipit,
1087 4745 1318 4798 animam
1360 4738 1566 4810 perdit,
1601 4749 1655 4791 et
1687 4735 1804 4805 ejus
1829 4735 1916 4804 qui

328 4847 518 4912 solvit,
556 4851 843 4912 egestatem
885 4835 1091 4906 affligit.
1133 4833 1269 4900 Quid
1311 4832 1454 4886 enim
1497 4828 1762 4884 crudelius
1807 4826 1919 4881 ﬁeri

332 4947 526 5007 potem,
551 4947 708 5004 quam
731 4945 852 4983 cum
879 4944 940 4982 ex
971 4925 1200 4996 proximi
1225 4931 1460 4993 egestate
1485 4920 1748 4990 quispiam
1777 4933 1922 4987 quaa—

331 5037 471 5084 stum
500 5026 646 5090 facit,
667 5033 720 5077 et
747 5022 800 5074 in
833 5021 1050 5074 fratrum
1073 5015 1460 5071 calamitatibus
1485 5013 1632 5066 lucra
1660 5009 1932 5065 sectatur?

332 5135 454 5174 cum
477 5120 596 5188 quis
623 5113 960 5184 benignitatis
987 5112 1188 5166 larvam
1215 5119 1454 5177 gestans,
1483 5105 1922 5160 inhumanitatem

335 5225 548 5263 onmem
587 5214 836 5266 exercet,
868 5213 922 5258 et
957 5203 1044 5272 qui
1084 5201 1358 5270 porrigere
1386 5213 1602 5254 manum
1633 5197 1921 5257 debuerat,

336 5316 457 5358 eum
501 5300 554 5352 in
600 5297 904 5352 barathrum
937 5293 1218 5363 propellit,
1243 5291 1331 5358 qui
1359 5290 1598 5344 subsidio
1629 5287 1928 5356 indigebat?

339 5390 474 5458 Quid
503 5387 655 5454 facis,
681 5387 752 5440 mi
779 5386 940 5440 homo
960 5385 984 5436 ?
1007 5384 1123 5438 Non
1154 5383 1354 5436 ideirco
1375 5380 1440 5434 ad
1469 5387 1586 5434 tuas
1620 5379 1820 5448 appulit
1851 5377 1930 5432 fo-

342 5495 431 5534 res
463 5493 700 5548 pauper,
747 5485 804 5530 ut
844 5475 1008 5545 ipsius
1053 5487 1254 5543 augeas
1299 5478 1694 5540 paupertatem,
1736 5468 1829 5524 sed
1875 5477 1932 5523 ut

345 5569 516 5639 ipsum
551 5569 746 5624 liberes
779 5573 1087 5635 paupertate
1117 5584 1130 5617 :
1157 5571 1212 5618 at
1241 5571 1296 5617 tu
1339 5559 1558 5630 perinde
1595 5561 1741 5630 agis,
1775 5568 1932 5629 atque

409 5678 482 5741 (α)
512 5675 822 5741 Collatacum
838 5683 921 5726 Ms.
937 5674 1148 5741 colbert.
1171 5673 1312 5730 5058,
1335 5673 1384 5741 in
1395 5685 1506 5741 quo
1522 5673 1777 5722 innumera
1791 5683 1932 5722 men-

346 5735 430 5795 da;
447 5735 557 5790 εἰπε
579 5738 780 5789 ttomilia
796 5738 940 5789 deest
957 5738 1008 5786 in
1023 5735 1234 5786 Editione
1251 5735 1426 5785 savilii.

1995 2817 2069 2871 illi
2100 2819 2190 2886 qui
2218 2834 2422 2872 venena
2451 2829 2678 2874 miscent
2707 2838 2720 2874 :
2749 2818 3180 2889 quandoquidem
3215 2819 3316 2888 ipsi
3344 2818 3468 2872 dum
3497 2819 3590 2876 illa

1997 2909 2267 2963 consuetis
2305 2910 2439 2964 cibis
2483 2909 2806 2975 admiscent,
2838 2910 3077 2964 occultas
3111 2911 3182 2964 ita
3225 2918 3414 2978 parant
3453 2909 3590 2963 insi-

2000 2997 2158 3052 dias:
2189 2998 2274 3052 isti
2305 3013 2516 3068 quoque
2554 2999 2678 3053 dum
2723 2999 3069 3067 benignitatis
3107 2999 3284 3068 specie
3321 2997 3590 3068 pernicio-

1999 3102 2112 3142 sam
2145 3103 2357 3142 usuram
2385 3089 2676 3152 occultant,
2703 3087 2880 3142 damni
2909 3088 2990 3142 sui
3019 3103 3235 3142 sensum
3261 3103 3454 3158 capere
3480 3103 3588 3143 non

1998 3179 2182 3234 sinunt
2200 3194 2316 3247 eos,
2339 3180 2428 3249 qui
2450 3179 2720 3234 letiferum
2747 3179 2874 3234 illud
2899 3189 3021 3234 sunt
3041 3194 3302 3234 venenum
3331 3179 3592 3234 hausturi.

2001 3269 2358 3335 Quamobrem
2389 3270 2440 3324 id
2467 3270 2606 3339 quod
2645 3271 2713 3325 de
2754 3281 2974 3340 peccato
3007 3271 3208 3326 dictum
3240 3280 3323 3326 est
3344 3311 3359 3336 ,
3391 3285 3592 3342 oppor-

2007 3371 2133 3418 tune
2175 3363 2368 3430 poterit
2395 3369 2453 3416 et
2479 3362 2546 3416 de
2577 3361 2678 3416 illis
2705 3364 2797 3432 qui
2840 3363 3027 3418 fmnori
3063 3363 3228 3430 dant,
3256 3373 3311 3417 et
3351 3373 3594 3417 mutuum

2005 3453 2292 3520 accipiunt,
2319 3451 2518 3505 efferri.
2547 3451 2684 3518 Quid
2717 3468 2876 3521 porro
2904 3455 3103 3507 dictum
3134 3464 3216 3508 est
3241 3452 3309 3506 de
3337 3455 3596 3522 peccato?

2007 3543 2087 3595 Ad
2129 3551 2322 3609 tempus
2345 3583 2360 3606 ,
2401 3541 2604 3608 inquit,
2649 3542 2832 3594 mulcet
2871 3547 3043 3612 fauces
3083 3553 3197 3594 tuas
3227 3557 3246 3595 :
3273 3551 3446 3612 postea
3483 3559 3598 3596 vero

2006 3632 2230 3686 amarius
2254 3631 2383 3684 illud
2411 3631 2530 3700 felle
2553 3632 2790 3697 invenies,
2816 3641 2860 3685 et
2885 3633 3044 3702 magis
3070 3641 3292 3698 acutum,
3317 3649 3465 3703 quant
3486 3633 3602 3702 gla—

2009 3723 2149 3775 dium
2177 3722 2446 3790 ancipitem
2475 3721 2673 3792 (Prov.
2716 3723 2769 3777 5.
2810 3725 2861 3777 5.
2901 3725 2932 3778 4
2953 3723 2991 3793 ).
3035 3723 3150 3778 Hoc
3193 3724 3352 3793 igitur
3376 3733 3430 3779 et
3456 3725 3508 3778 in
3537 3724 3608 3778 iis.

2009 3814 2233 3876 accidit,
2261 3814 2350 3882 qui
2386 3812 2594 3872 foenore
2630 3815 2899 3882 accipiunt
2931 3832 2944 3870 :
2981 3814 3242 3884 siquidem
3276 3825 3397 3869 cum
3439 3830 3602 3884 pecu-

2010 3903 2128 3957 nias
2154 3901 2348 3970 accipit
2383 3902 2476 3971 qui
2505 3903 2588 3958 eis
2627 3901 2865 3970 indiget,
2894 3903 3086 3971 exiguo
3121 3903 3371 3971 qquiam
3411 3904 3606 3957 solatio

2013 3994 2079 4050 ad
2110 4005 2318 4063 tempus
2351 3993 2542 4048 fruitur
2571 4011 2582 4046 :
2615 4003 2800 4063 postea
2825 4009 2954 4049 vero
2987 3993 3076 4048 ubi
3118 3993 3289 4048 faenus
3331 3995 3604 4058 accrevit,

2013 4094 2067 4137 et
2101 4082 2272 4152 majus
2311 4083 2512 4137 viribus
2557 4081 2757 4137 factum
2795 4091 2878 4138 est
2913 4099 3089 4152 onus,
3115 4083 3270 4138 dulce
3305 4083 3434 4138 illud
3464 4083 3610 4152 quod

2013 4171 2196 4228 fauces
2235 4173 2699 4242 impinguaverat,
2737 4172 2859 4228 felle
2897 4174 3133 4228 amarius
3173 4174 3371 4228 sentiet
3407 4172 3607 4228 factum

2018 4279 2170 4330 esse,
2199 4273 2358 4334 atque
2383 4265 2591 4318 acutius
2629 4264 2804 4333 gladio
2841 4265 3054 4334 ancipiti
3081 4307 3096 4332 ,
3137 4265 3425 4336 statimque
3456 4264 3613 4320 bonis

2017 4355 2265 4410 omnibus
2291 4355 2523 4424 paternis
2549 4355 2742 4409 cedere
2769 4367 3010 4424 cogetur.

2089 4447 2144 4500 2.
2189 4445 2380 4500 Verum
2423 4448 2696 4499 enimvero
2737 4461 2766 4499 a
2807 4446 3090 4500 sensilibus
3119 4447 3183 4499 ad
3211 4462 3272 4500 ea
3301 4461 3418 4514 qtun
3448 4447 3612 4516 spiri-

2021 4539 2183 4592 tualia
2211 4543 2336 4590 sunt
2369 4537 2666 4590 orationem
2706 4535 3064 4589 traducamus.
3105 4535 3375 4602 Oportuit,
3411 4537 3614 4605 inquit,

2024 4639 2070 4684 te
2099 4629 2404 4683 committere
2439 4630 2700 4698 pecuniam
2742 4643 2904 4679 nteum
2941 4625 3242 4679 numulariis
3273 4626 3290 4693 (
3307 4625 3493 4679 Matth.
3522 4627 3613 4681 25.

2023 4719 2116 4791 27)
2142 4761 2156 4784 ,
2187 4720 2330 4773 illius
2367 4719 2604 4787 pecuniae
2637 4717 2967 4770 numularios
2997 4732 3092 4770 vos
3127 4716 3400 4786 appellans
3425 4717 3616 4772 verbo-

2027 4825 2143 4864 rum
2189 4811 2411 4863 istorum
2453 4808 2740 4862 auditores.
2775 4807 2942 4872 Quam
2983 4821 3110 4860 vero
3147 4806 3218 4860 ob
3257 4822 3468 4860 causam
3513 4823 3620 4861 nu-

2029 4901 2280 4954 mularios
2323 4913 2418 4952 vos
2467 4899 2608 4952 Deus
2653 4895 2976 4966 appellavit?
3007 4896 3071 4951 Ut
3111 4909 3298 4949 omnes
3335 4896 3524 4950 doceat
3553 4895 3620 4950 ad

2028 4989 2380 5046 examinanda
2409 5004 2508 5052 ea,
2541 5003 2660 5057 quae
2699 4987 2978 5052 dicuntur,
3025 4987 3163 5041 idem
3204 4985 3438 5040 studium
3487 5001 3616 5040 con-

2031 5083 2172 5139 ferre
2196 5123 2212 5148 ,
2245 5079 2384 5150 quod
2431 5080 2503 5132 illi
2541 5079 2832 5144 adhibent,
2864 5093 2984 5132 enm
3015 5077 3336 5148 exploranda
3369 5079 3452 5133 vel
3483 5077 3620 5132 infe-
3667 5075 3700 5085 ”

2031 5175 2196 5230 renda
2220 5182 2342 5227 sunt
2363 5171 2708 5226 numismata.
2728 5169 2858 5224 Nam
2882 5181 2937 5224 ut
2963 5171 3244 5224 numularii
3265 5170 3622 5226 adulteritmm

2033 5275 2088 5321 et
2125 5279 2402 5334 perperam
2443 5264 2706 5331 signatum
2741 5263 3003 5317 numisma
3037 5263 3354 5332 repudiant,
3396 5262 3620 5331 probum

2035 5367 2088 5411 et
2121 5356 2380 5423 integrum
2406 5352 2712 5416 admittunt,
2730 5362 2784 5407 et
2812 5353 3161 5407 adulteratnm
3191 5367 3220 5404 a
3249 5353 3480 5420 genuino
3507 5350 3624 5403 dis-

2040 5447 2282 5515 tinguunt
2307 5462 2321 5498 :
2349 5445 2416 5497 ita
2444 5443 2526 5499 fac
2565 5452 2617 5496 tu
2653 5457 2884 5513 quoque,
2913 5457 3085 5512 neque
3113 5455 3413 5496 sermonem
3440 5456 3626 5509 quem-

2039 5537 2118 5592 vis
2147 5535 2386 5600 admitte,
2418 5535 2510 5590 scd
2554 5535 2907 5590 adulterinum
2943 5533 3176 5602 quidem,
3207 5541 3625 5602 correptumque

2039 5628 2134 5682 abs
2163 5635 2212 5682 te
2243 5626 2437 5695 rejice,
2470 5627 2732 5692 integrum
2776 5633 2953 5678 autem
2987 5631 3043 5676 et
3081 5623 3368 5676 salutarem
3401 5625 3450 5677 in
3481 5633 3626 5678 tuam

2043 5729 2274 5778 mentem
2304 5719 2546 5776 admitte.
2579 5717 2714 5772 Sunt
2743 5714 2884 5772 enim
2906 5756 2922 5784 ,
2953 5723 3078 5771 sunt
3105 5716 3264 5770 etiam
3297 5717 3388 5771 tibi
3417 5719 3636 5766 staterae
