4060 6252
511 460 576 501 ac
612 445 827 502 trutina:
849 488 863 512 ,
904 463 1007 503 non
1053 465 1117 504 ex
1169 467 1275 506 :ere
1318 453 1562 523 ferroque
1598 454 1875 521 confiat-.13,
1906 455 2000 510 sed
2031 470 2097 509 ex

512 550 720 590 morum
750 540 1060 592 castimonia
1089 549 1143 594 et
1178 542 1281 596 fide
1307 545 1648 613 compositae,
1676 557 1834 615 atque
1864 546 1947 600 his
1976 562 2096 600 om-

509 641 632 680 nem
675 642 976 684 sermonem
1021 634 1284 686 examina.
1329 635 1612 704 Propterea
1656 652 1885 705 namque
1920 638 2090 703 dixit,

508 714 694 770 Estote
723 717 872 785 probi
904 721 1201 789 trapezitae,
1236 737 1339 776 non
1371 733 1428 777 ut
1456 725 1506 778 in
1538 725 1656 779 foro
1689 736 1890 781 stantes
1929 742 2093 796 pecu-

507 804 622 857 nias
650 807 957 874 numeretis,
983 809 1075 864 sed
1099 818 1159 863 ut
1185 812 1330 864 omni
1356 812 1595 867 adhibito
1615 815 1795 868 studio
1817 831 2092 872 sermones

503 894 819 949 examinatis
842 913 856 949 :
883 908 1160 967 prepterea
1190 900 1383 955 Paulus
1406 916 1616 972 quoque
1635 904 1772 958 dixit
1796 907 2086 975 apostolus,

505 982 690 1036 Omnia
728 988 937 1055 probate
959 1028 972 1050 ,
1001 991 1137 1057 quod
1168 1001 1333 1045 autent
1377 993 1560 1047 bonum
1598 1006 1670 1049 est
1690 1037 1707 1063 ,
1739 1006 1898 1051 tenete
1924 1000 2088 1053 solum

501 1074 580 1144 (l.
606 1071 788 1128 Thess.
817 1077 872 1132 5.
899 1076 1011 1146 21).
1043 1078 1226 1149 Neque
1258 1097 1383 1136 vero
1424 1094 1638 1152 propter
1666 1087 2085 1155 explorationem

499 1172 703 1219 tantum
748 1169 1034 1236 trapezitas
1067 1172 1390 1240 appellavit,
1418 1173 1514 1230 sed
1540 1183 1594 1229 et
1624 1185 1839 1246 propter
1862 1193 2047 1233 eorum
2066 1220 2081 1245 ,

495 1270 618 1324 quae
635 1259 919 1312 commissa
946 1270 1088 1326 sunt,
1113 1261 1559 1318 distributionem.
1579 1265 1712 1320 Nam
1734 1275 1788 1320 et
1813 1269 2084 1337 trapezitae

495 1345 545 1400 si
585 1348 837 1416 pecunias
865 1359 1112 1419 acceptas
1143 1360 1345 1407 tantum
1382 1353 1528 1408 domi
1567 1356 1878 1425 recludant,
1909 1373 2081 1429 neque

496 1433 552 1490 in
580 1436 715 1490 alios
752 1437 870 1493 illas
894 1438 1249 1505 distribuant,
1285 1453 1426 1497 totus
1456 1444 1560 1499 illis
1588 1456 1824 1515 quaestus
1852 1449 2075 1517 peribit;

489 1533 651 1594 atque
694 1525 837 1581 idem
885 1528 1074 1583 accidit
1123 1531 1475 1590 auditoribus.
1523 1535 1580 1590 Si
1618 1539 1760 1591 enim
1804 1550 2078 1609 acceptam

490 1614 790 1671 doctrinam
820 1619 959 1687 apud
992 1629 1042 1674 te
1068 1622 1374 1688 concludas,
1405 1640 1503 1679 nec
1532 1627 1586 1680 in
1625 1629 1760 1683 alios
1786 1629 2071 1697 diiiundas,

490 1715 601 1760 tota
634 1707 724 1761 tibi
762 1709 813 1762 in
854 1710 1077 1765 nihilum
1121 1715 1325 1769 recidet
1362 1718 1670 1786 negotiatio.
1704 1720 1992 1789 Propterea
2023 1723 2074 1778 in

488 1796 594 1852 illis
617 1800 852 1867 quotidie
879 1801 1122 1858 videmus
1149 1804 1375 1861 ofﬁcinis
1404 1807 1647 1864 homines
1677 1813 1814 1865 ultro
1834 1812 2074 1882 citroque

485 1903 805 1946 commeare.
833 1893 946 1949 Hoc
973 1895 1131 1964 igitur
1156 1907 1209 1951 et
1238 1898 1288 1952 in
1315 1899 1553 1955 doctrina
1586 1912 1829 1959 servetur
1858 1923 1871 1959 ε
1899 1904 2075 1976 Siqui-

484 1980 605 2033 dem
646 1982 784 2050 apud
822 1984 1150 2040 numularios
1194 1987 1313 2043 illos
1358 1991 1491 2045 alios
1530 1992 1772 2048 videmus
1820 1997 2070 2064 pecunias

483 2072 838 2139 committere,
869 2074 1002 2129 alios
1028 2077 1269 2146 accipere
1295 2080 1471 2134 statim
1497 2090 1551 2136 et
1575 2083 1743 2149 abire,
1772 2083 1930 2155 idque
1957 2096 2068 2141 toto

479 2159 568 2213 die
596 2159 709 2215 fieri
738 2162 910 2231 quivis
951 2174 1397 2233 potest~cernere.
1441 2170 1577 2227 Hinc
1614 2172 1706 2239 fit,
1738 2183 1797 2228 ut
1825 2177 2067 2244 quamvis

479 2249 707 2318 propriae
731 2251 952 2307 minime
978 2254 1086 2308 sint
1111 2254 1220 2310 illis
1243 2258 1503 2327 pecuniae,
1530 2261 1652 2330 quia
1681 2270 1857 2317 tamen
1884 2264 1950 2318 ad
1977 2280 2064 2331 ea,

475 2355 594 2407 quae
625 2345 924 2399 necessaria
952 2355 1096 2413 sunt,
1124 2348 1232 2403 illis
1263 2359 1501 2419 utuntur,
1530 2353 1752 2408 multum
1782 2371 1846 2411 ex
1875 2355 2063 2411 alienis

474 2429 677 2486 lucrum
719 2435 1018 2505 colligatur.
1061 2438 1136 2494 Ita
1180 2440 1261 2495 fac
1305 2450 1360 2496 tu
1401 2459 1630 2513 quoque.
1660 2445 1774 2500 Non
1809 2458 1936 2502 sunt
1972 2456 2062 2503 tua

383 2515 386 2519 ’
473 2523 589 2575 πιθα
613 2523 844 2592 eloquia,
867 2528 959 2581 sed
988 2529 1216 2596 Spiritus
1243 2533 1409 2587 sancti
1444 2552 1458 2587 :
1485 2535 1529 2588 si
1561 2546 1739 2590 tamen
1764 2538 1868 2592 illis
1894 2539 2060 2608 probo

472 2611 546 2663 uti
574 2614 807 2677 noveris,
839 2616 1063 2670 multum
1095 2619 1185 2671 tibi
1217 2621 1490 2689 spirituale
1524 2623 1728 2679 lucrum
1759 2641 2057 2698 congeres:

472 2700 677 2773 idcirco
696 2711 750 2757 et
774 2704 915 2761 Deus
945 2721 1041 2760 vos
1068 2710 1394 2766 numularios
1420 2715 1721 2782 appellavit.
1750 2718 1856 2772 Cur
1878 2728 2056 2777 autem

467 2806 768 2848 sermonem
792 2799 1070 2864 pecuniam
1094 2801 1413 2870 appellavit?
1432 2804 1583 2871 Quod
1608 2807 1854 2864 nimirum
1877 2825 2058 2881 quem-

462 2882 751 2940 admodum
787 2890 1008 2956 pecunia
1048 2891 1279 2959 perfecta
1322 2895 1462 2964 regis
1497 2895 1673 2968 effigie
1701 2899 1946 2972 insignita
1973 2913 2056 2960 est

465 2974 587 3043 (nisi
615 2978 756 3032 enim
784 2994 902 3035 eam
930 2998 1236 3052 expressam
1266 2985 1478 3055 habeat,
1506 2992 1672 3060 proba
1698 2998 2049 3062 pecunia‘non

461 3079 566 3135 est,
593 3070 689 3125 sed
716 3071 914 3128 dicitur
941 3075 1282 3151 adulterina),
1313 3081 1392 3135 sic
1424 3089 1479 3137 et
1513 3082 1805 3141 doctrinam
1837 3088 1958 3143 fidei
1976 3089 2051 3160 fi-

460 3174 649 3226 guram
677 3176 742 3217 ac
767 3176 944 3219 notam
971 3171 1236 3225 sermonis
1263 3183 1469 3242 oportet
1511 3178 1796 3245 perfectam
1827 3182 2046 3239 habere.

460 3250 667 3305 ltursus
694 3255 1039 3321 pecuniarum
1067 3274 1192 3315 usus
1221 3263 1384 3318 vitam
1412 3280 1624 3321 omnem
1656 3282 1892 3325 nostrain
1920 3289 2049 3328 con-

460 3342 631 3408 tinet,
661 3352 716 3397 et
743 3357 1108 3404 contractuum
1148 3353 1388 3409 omnium
1425 3360 1759 3416 occasionem
1802 3364 2041 3435 praebet,

455 3443 514 3486 et
537 3448 632 3488 seu
660 3435 732 3489 sit
758 3439 1043 3494 emendum
1070 3443 1337 3512 quidpiam
1362 3487 1377 3511 ,
1413 3461 1507 3502 seu
1535 3451 1868 3508 vendendum
1892 3496 1908 3522 ,
1952 3474 2047 3527 per

457 3521 553 3577 has
580 3535 767 3581 cuncta
797 3531 1120 3599 peragimus.
1156 3534 1267 3590 Hoc
1306 3536 1445 3592 idem
1482 3539 1626 3612 litin
1654 3521 1933 3614 doctrina,
1966 3550 2041 3603 si-

452 3613 665 3681 quidem
695 3617 1049 3686 spiritualinm
1073 3626 1285 3679 occasio
1310 3637 1674 3686 contractuum
1704 3644 1760 3688 et
1787 3637 1934 3691 radix
1960 3650 2043 3694 est

451 3705 742 3773 spiritualis
766 3707 880 3763 haec
911 3713 1130 3778 pecunia
1156 3732 1169 3767 :
1194 3730 1299 3784 quo
1327 3716 1405 3784 fit,
1431 3719 1554 3773 utsi
1579 3722 1704 3791 quid
1731 3739 1760 3776 a
1792 3725 1899 3780 Deo
1918 3743 2042 3784 coe-

451 3810 598 3851 mere
621 3797 947 3854 voluerimus
969 3842 984 3866 ,
1023 3816 1300 3863 numerato
1330 3808 1476 3878 prius
1501 3825 1719 3880 precum
1754 3830 2037 3884 sermone,

451 3895 564 3940 tum
584 3886 801 3943 demum
831 3890 957 3946 illud
978 3894 1321 3964 accipiamus,
1344 3899 1484 3968 quod
1509 3904 1860 3969 postulamus.
1882 3908 2034 3976 Quod

448 3977 494 4031 si
525 3979 879 4050 negligentem
909 3982 1123 4040 fratrem
1153 3988 1426 4044 videamus
1450 4031 1465 4057 ,
1495 4001 1653 4062 atque
1684 4009 1989 4064 pereuntem
2012 4037 2033 4069 ,

444 4070 491 4122 si
528 4077 795 4140 tamquam
835 4078 1114 4141 pecuniam
1142 4076 1401 4133 doctrina:
1442 4096 1746 4138 sermonem
1782 4102 2032 4145 numera-

441 4160 697 4225 verimus,
721 4162 946 4215 salutem
970 4163 1135 4230 ipsius
1157 4165 1496 4232 lucrabimur,
1514 4180 1568 4224 et
1588 4173 1751 4227 vitam
1769 4191 2028 4234 etnemus.

514 4247 755 4302 Doctoris
790 4266 995 4304 munere
1019 4253 1230 4322 quisque
1272 4256 1416 4327 {angi
1447 4269 1635 4327 potest,
1663 4268 1935 4332 quomodo.
1959 4300 2031 4311 —

444 4337 616 4405 Quam
641 4339 712 4392 ob
739 4354 955 4394 causam
984 4342 1128 4397 omni
1154 4359 1255 4414 ope
1280 4360 1582 4419 conataque
1603 4356 1897 4411 curandum
1922 4372 2024 4427 est,

441 4437 496 4481 ut
520 4428 699 4483 omnia
727 4444 1126 4498 conservemus,
1167 4449 1230 4491 ac
1271 4440 1526 4494 memoria
1555 4452 1830 4502 teneamus
1849 4491 1862 4515 ,
1888 4460 1945 4504 ut
1973 4453 2022 4507 in

437 4520 574 4575 alios
621 4519 711 4575 illa
762 4522 1173 4592 distribuamus,
1223 4529 1485 4600 siquidem
1529 4548 1559 4587 a
1606 4536 1762 4591 nobis
1812 4556 2024 4613 quoque

434 4628 612 4668 usura:
653 4615 995 4684 pecuniarum
1047 4616 1267 4674 istarum
1309 4624 1618 4693 exiguntur.
1673 4631 2022 4690 Attendamus

434 4705 613 4775 igitur,
644 4707 769 4761 dmn
792 4723 884 4762 eas
927 4713 1247 4782 recepimus,
1289 4722 1421 4771 utet
1462 4717 1514 4771 in
1545 4719 1677 4775 alios
1700 4720 2019 4783 distribuere

432 4800 685 4867 pecunias
725 4800 1023 4869 possimus;
1069 4806 1495 4877 quandoquidem
1546 4813 1590 4865 si
1645 4815 1805 4881 velit,
1853 4833 2018 4874 unus-

428 4889 654 4961 quisque
679 4901 921 4948 nostrum
949 4893 1173 4950 docendi
1204 4906 1287 4952 est
1316 4900 1571 4967 praeditus
1593 4901 1864 4961 facultate.
1895 4908 2011 4965 Non

426 4990 578 5050 potes
602 4992 800 5036 tantam
839 4984 1130 5039 Eeclesiam
1173 4989 1477 5059 corrigere;
1504 5000 1560 5047 at
1602 5006 1756 5063 potes
1782 5014 2007 5055 uxorem

427 5079 571 5123 tuam
616 5086 856 5127 monere.
896 5071 1013 5127 Non
1040 5084 1189 5141 potes
1237 5085 1435 5133 tantam
1483 5082 1681 5153 alloqui
1718 5088 2010 5144 multitudi-

424 5175 578 5223 nem;
609 5170 664 5212 at
693 5160 856 5214 lilium
892 5171 1035 5217 tuum
1075 5176 1223 5233 potes
1250 5167 1319 5221 ad
1359 5170 1623 5227 saniorem
1654 5187 1886 5233 mentem
1918 5195 2004 5235 re-

420 5252 638 5307 ducere.
674 5251 791 5307 Non
823 5261 975 5323 potes
998 5257 1066 5310 ad
1097 5266 1302 5312 tantum
1335 5265 1581 5331 populum
1609 5268 1866 5326 doctrina:
1891 5284 2005 5328 ser-

348 5320 353 5327 .
419 5359 630 5400 monem
658 5344 923 5416 dirigere;
952 5356 1002 5401 at
1037 5359 1187 5417 potes
1210 5365 1421 5407 servum
1446 5366 1592 5411 tuum
1625 5360 1691 5415 ad
1725 5365 1999 5421 meliorem

416 5432 621 5504 frugem
643 5450 915 5491 revocare.
945 5437 1061 5492 Non
1087 5440 1298 5496 excedit
1322 5444 1461 5499 vires
1487 5457 1604 5503 tuas
1618 5450 1996 5522 discipulorum

416 5532 588 5580 tutus
614 5525 742 5581 ille:
774 5542 879 5583 non
912 5530 1122 5586 excedit
1156 5533 1467 5602 sapientiam
1499 5550 1639 5594 tuam
1670 5545 1860 5601 modus
1909 5549 1998 5604 ille

412 5612 672 5669 doctrinas
704 5617 840 5673 :sed
895 5627 949 5674 et
977 5618 1187 5677 facilius
1228 5640 1388 5694 quam
1436 5644 1533 5685 nos
1571 5632 1698 5701 ipsi,
1742 5651 1837 5690 vos
1876 5639 1993 5694 illos

409 5718 595 5762 orline!
628 5708 848 5776 potestis
895 5713 1198 5771 emendare.
1244 5719 1353 5789 Ego
1383 5724 1521 5778 enim
1568 5730 1731 5783 semel
1757 5741 1844 5786 aut
1872 5732 1985 5799 plc-

1280 338 1338 393 S.
1380 340 1658 396 JOANNIS
1695 340 2168 397 (IIIRYSOS'I'OSH
2206 343 2522 402 ARCHIEP.
2562 350 3095 412 CONSTANTINOP.

3694 375 3821 430 100

2208 471 2431 526 rumque
2460 460 2510 513 in
2542 462 2870 520 hebdomada
2891 469 3163 525 vobiscum
3194 474 3387 531 iterum
3417 496 3627 548 versor.
3657 495 3715 541 at
3747 498 3809 543 tu

2204 558 2464 618 perpetuo
2489 551 2776 622 discipulos
2819 559 2954 612 intra
2981 566 3215 631 privatos
3258 571 3488 636 parietes
3520 575 3707 643 habes,
3744 590 3809 634 et

2203 654 2445 709 uxorem,
2467 654 2519 698 et
2539 644 2758 712 liberos,
2783 660 2837 704 et
2863 666 3071 720 servos,
3092 666 3147 712 et
3166 664 3395 730 veSperi,
3416 675 3472 719 et
3498 667 3553 721 in
3579 685 3798 737 mensa,

2199 737 2253 782 et
2280 739 2392 784 toto
2418 734 2505 789 die
2536 749 2688 805 petes
2713 740 2835 797 illos
2876 747 3168 817 corrigere.
3212 754 3445 811 Aliunde
3470 775 3681 831 quoque
3707 734 3798 818 fa;

2197 824 2351 878 cilior
2377 826 2431 881 fit
2457 827 2558 884 ista
2585 834 2812 901 curatio,
2840 837 3099 906 siquidem
3129 846 3392 913 ego,dum
3425 824 3621 908 tantam
3648 857 3794 910 allo-

2195 927 2332 982 quor
2355 918 2768 990 multitudinem,
2797 928 3012 996 quinam
3038 935 3261 989 morbus
3287 939 3518 995 animam
3552 955 3792 1002 vestram

2193 1003 2430 1074 divexet,
2459 1009 2678 1080 ignoro;
2711 1029 3035 1089 quapropter
3064 1023 3288 1094 singulis
3315 1030 3364 1084 in
3392 1034 3632 1090 collectis
3660 1054 3789 1092 om-

2193 1097 2280 1150 nia
2301 1112 2467 1169 cogor
2493 1102 2876 1163 medicamenta
2900 1125 3200 1180 proponere
3233 1134 3248 1183 ;
3278 1135 3375 1176 vos
3399 1140 3528 1179 vero
3571 1144 3673 1183 non
3705 1132 3784 1184 ita

2191 1185 2372 1242 facere
2397 1205 2622 1249 necesse
2647 1206 2749 1264 est,
2777 1200 2870 1254 sed
2896 1202 3090 1259 minori
3122 1207 3271 1263 vobis
3300 1226 3421 1267 cum
3449 1214 3630 1275 labore
3658 1221 3788 1277 licet

2188 1280 2463 1348 amplioris
2533 1284 2759 1343 fructum
2820 1296 3175 1353 correctionis
3243 1300 3568 1374 decerpere;
3626 1312 3787 1367 vobis

2186 1371 2385 1439 quippe
2430 1375 2596 1441 probe
2647 1388 2772 1434 nota
2827 1392 2951 1437 sunt
2998 1400 3185 1442 eorum
3235 1371 3485 1462 peccata,
3542 1403 3632 1469 qui
3675 1405 3787 1458 sub

2186 1457 2374 1513 eodem
2399 1470 2540 1518 tecto
2578 1466 2851 1524 vobiscum
2899 1457 3410 1549 degunt:quecirca
3463 1499 3517 1541 et
3549 1492 3787 1548 celerius

2185 1550 2404 1616 potestis
2434 1554 2749 1611 medicinam
2776 1561 3054 1621 adhibere.

2255 1640 2307 1695 5.
2327 1641 2404 1697 Ne
2420 1642 2598 1714 igitur,
2620 1648 2972 1719 dilectissimi,
2997 1660 3453 1729 contubernalium
3470 1681 3778 1729 nostrorum

2182 1743 2366 1787 curam
2400 1736 2731 1807 omittamus,
2777 1744 3040 1812 siquidem
3081 1753 3311 1807 maxima
3363 1772 3517 1826 pmna
3566 1768 3777 1833 suppli-

2179 1819 2428 1892 ciumque
2456 1837 2697 1894 paratum
2723 1841 2806 1886 est
2833 1834 3150 1893 immensum
3183 1843 3309 1912 illis,
3327 1848 3417 1916 qui
3443 1849 3775 1911 domesticos

2177 1924 2303 1966 suos
2329 1917 2681 1986 neglexerint.
2708 1922 2771 1978 Si
2789 1927 2902 1994 quis
2925 1930 3077 1994 enim,
3102 1931 3272 2003 inquit
3299 1937 3512 2005 Paulus,
3534 1961 3778 2014 auorum,

2175 2011 2222 2053 et
2252 2006 2470 2060 maxime
2491 2008 2880 2068 domesticorum
2921 2034 3095 2073 curam
3123 2039 3224 2077 non
3266 2026 3443 2096 habet,
3490 2032 3643 2100 [idem
3672 2054 3773 2091 ne-

2173 2097 2329 2162 gavit,
2359 2104 2408 2149 et
2429 2108 2504 2151 est
2523 2100 2721 2167 infideli
2746 2104 2963 2160 deterior
2985 2109 3062 2179 (Ι.
3091 2110 3228 2167 Tim.
3257 2116 3310 2171 5'.
3340 2118 3418 2190 8).
3444 2097 3635 2192 Vides,
3658 2146 3770 2197 quo

2175 2192 2330 2251 pacto
2358 2186 2553 2245 Paulus
2575 2206 2669 2247 eos
2698 2192 2872 2261 feriat,
2895 2200 2984 2267 qui
3011 2201 3424 2264 domesticorum
3454 2228 3634 2270 curam
3667 2234 3768 2273 ne-

2170 2273 2412 2344 gligant?
2456 2278 2527 2334 Et
2570 2283 2785 2351 quidem
2834 2291 3075 2355 merito:
3119 2297 3207 2363 qui
3255 2301 3401 2355 enim
3438 2304 3770 2366 domesticos

2169 2375 2295 2418 suos
2320 2368 2537 2437 negligit
2555 2409 2572 2436 ,
2609 2373 2808 2444 inquit,
2839 2382 3108 2447 quomodo
3133 2386 3337 2443 alienos
3360 2396 3607 2451 curabit?
3633 2399 3767 2457 Scio

2168 2467 2259 2509 me
2282 2458 2382 2512 hac
2401 2461 2539 2529 apud
2569 2480 2662 2519 vos
2684 2466 3054 2528 cohortatione
3098 2476 3407 2548 frequenter
3429 2501 3580 2542 usum
3602 2507 3724 2548 esse
3739 2536 3759 2560 ,

2165 2556 2269 2599 nec
2286 2561 2534 2618 umquam
2570 2555 2641 2608 uti
2682 2557 2952 2628 desinam,
2980 2570 3188 2623 tametsi
3212 2570 3470 2645 deinceps
3494 2579 3762 2639 innocens

2165 2651 2267 2707 ego
2300 2653 2419 2693 sum
2460 2643 2528 2698 ab
2554 2646 2778 2704 aliorum
2815 2655 3134 2726 negligentia
3162 2676 3176 2713 :
3206 2643 3445 2733 Oportuit
3472 2672 3637 2740 enim,
3668 2676 3761 2730 in-

2162 2728 2294 2795 quit,
2323 2738 2371 2783 te
2393 2736 2659 2800 pecuniam
2687 2756 2850 2795 meam
2873 2748 3180 2804 committere
3204 2756 3506 2813 namutariis
3527 2761 3752 2832 (Matth.

2160 2815 2249 2873 25.
2278 2819 2374 2893 27)
2395 2864 2411 2887 ,
2440 2840 2540 2880 nec
2563 2830 2792 2899 amplius
2818 2836 3103 2908 quidquam
3130 2847 3373 2914 requirit.
3403 2815 3754 2922 Ego'verﬁovet

2160 2912 2436 2977 pecuniam
2465 2922 2735 2990 commisi,
2767 2940 2941 2995 neque
2969 2930 3162 2987 rationi
3195 2912 3286 2990 ulli
3315 2940 3602 2999 reddendae
3629 2963 3755 3005 sum

2158 2999 2424 3058 obnoxius
2457 3023 2470 3059 :
2503 3022 2871 3070 verumtamen
2897 3027 3238 3087 quantumvis
3268 3029 3514 3088 innoxius
3541 3038 3667 3106 sim,
3693 3052 3754 3098 et

2155 3103 2187 3143 a
2214 3095 2475 3162 supplicio
2495 3099 2619 3156 buic
2638 3105 2848 3161 crimini
2871 3115 3143 3181 proposito
3167 3116 3444 3190 liberatus,
3472 3134 3744 3199 tamquam

2158 3197 2329 3250 poena:
2354 3192 2723 3264 supplicioque
2746 3198 3028 3271 obnoxius,
3052 3206 3122 3261 ita
3151 3211 3338 3268 salutis
3365 3228 3560 3275 vestra:
3580 3192 3747 3280 causa

2152 3284 2337 3331 metuo
2361 3290 2417 3333 ct
2440 3287 2822 3343 contremisco.

2225 3364 2330 3420 Cur
2377 3370 2688 3442 longioribus
2737 3384 2961 3439 exordiis
3008 3397 3178 3445 utatur
3215 3393 3622 3467 Chrysoatomus.
3668 3432 3741 3451 --

2148 3456 2316 3514 Nemo
2344 3462 2503 3532 igitur
2543 3476 2742 3525 temere
2767 3488 2831 3528 ac
2874 3477 3236 3546 perfunctorie
3278 3492 3582 3558 spirituales
3617 3513 3738 3554 ser-

2146 3745 2355 3799 eorum,
2384 3753 2504 3804 quae
2526 3745 2964 3814 committuntur,
2990 3752 3081 3806 fiat
3111 3759 3351 3814 custodia
3384 3782 3397 3817 :
3430 3781 3498 3821 ne
3537 3770 3623 3825 ubi
3655 3782 3733 3828 te-

2143 3835 2293 3877 mere
2328 3835 2422 3879 aut
2459 3826 2723 3887 incassum
2751 3837 3155 3912 applauseritis,
3187 3863 3253 3903 ac
3275 3856 3578 3915 tumultuanti
3615 3862 3729 3920 fue-

2141 3912 2280 3981 ritis,
2302 3916 2521 3975 domum
2542 3925 2827 3982 recedatis.
2852 3930 2998 3987 Nihil
3019 3936 3163 3992 enim
3190 3955 3290 4011 ego
3310 3956 3517 4004 vestras
3544 3952 3726 4010 laudes

2142 4016 2295 4069 curo,
2334 4010 2431 4063 sed
2472 4010 2540 4066 de
2584 4026 2757 4072 vestra
2796 4022 2968 4079 salute
3007 4041 3124 4081 sum
3159 4010 3439 4093 sollicitus.
3478 4041 3611 4097 Nam
3652 4046 3726 4100 illi

2138 4094 2376 4162 quidem,
2407 4102 2497 4167 qui
2534 4103 2587 4157 in
2617 4105 2828 4165 theatro
2866 4125 3093 4185 certant,
3128 4120 3288 4192 hujus
3317 4128 3393 4181 rei
3422 4136 3721 4205 mercedem

2136 4197 2165 4235 a
2193 4188 2393 4254 populo
2422 4191 2632 4250 laudem
2650 4202 2923 4269 accipiunt
2949 4224 2962 4257 :
2995 4224 3093 4265 nos
3114 4227 3241 4270 vero
3268 4216 3368 4274 hac
3393 4220 3461 4277 de
3482 4202 3641 4282 causa
3668 4229 3720 4284 in

2137 4272 2274 4329 hane
2317 4294 2535 4337 arenam
2576 4303 2682 4342 non
2725 4291 3119 4364 descendimus.
3151 4306 3244 4360 sed
3295 4321 3352 4364 ut
3393 4320 3718 4385 propositam

2137 4363 2255 4385 Ι.--3-
2301 4384 2306 4385 γ
2359 4370 2370 4381 ⁸
2599 4376 2610 4385 “
2788 4383 2807 4385 ξ

3110 4363 3114 4364 ί
3341 4363 3346 4364 ,
3393 4363 3717 4385 r--r--"_".

2135 4363 2258 4421 huic
2297 4370 2371 4422 rei
2399 4376 2699 4433 mercedem
2726 4396 2755 4434 a
2785 4383 3007 4443 Domino
3049 4393 3386 4463 recipiamus.
3428 4403 3717 4475 Propterea

2131 4470 2226 4511 vos
2272 4460 2337 4513 ad
2385 4462 2486 4518 hoc
2523 4466 2828 4538 frequenter
2863 4460 3243 4556 adhortantur,
3275 4498 3331 4543 ut
3366 4507 3449 4557 ea,
3475 4460 3596 4565 quia:
3632 4502 3717 4553 di-

2129 4560 2324 4605 cuntur
2344 4594 2359 4619 ,
2393 4553 2446 4609 in
2476 4561 2669 4615 vestris
2693 4567 2964 4624 mentibus
2988 4573 3095 4628 alte
3113 4553 3445 4649 deligantur.
3475 4553 3543 4642 lit
3571 4592 3712 4646 enim

2129 4642 2342 4708 plantae,
2385 4662 2504 4716 quae
2533 4654 2827 4720 profundas
2865 4662 3074 4718 radices
3107 4673 3331 4738 egerint,
3373 4678 3533 4734 nullis
3580 4698 3711 4737 ven-

2127 4739 2300 4788 torum
2332 4736 2629 4798 incursibus
2649 4751 2858 4803 concuti
2889 4752 3105 4820 possunt
3140 4736 3158 4812 5
3181 4760 3251 4815 ita
3274 4763 3563 4837 Scripturze
3583 4788 3709 4827 sen-

2126 4826 2303 4880 tentia:
2317 4843 2424 4897 quo
2439 4831 2598 4888 altius
2617 4836 2815 4895 fuerint
2837 4841 2891 4895 in
2915 4854 3094 4901 mente
3113 4849 3327 4920 defixae,
3357 4826 3535 4914 minus
3556 4861 3710 4919 facile

2119 4918 2453 4984 nrgotiorunt
2488 4923 2788 4983 incursibus
2825 4935 3268 5011 evelluntueric
3294 4947 3458 5017 enim,
3488 4969 3707 5022 quaeso;

2118 5009 2414 5077 carissime,
2450 5016 2494 5069 si
2520 5017 2684 5073 filium
2716 5020 2857 5078 fame
2882 5029 3183 5088 confectum
3219 5038 3447 5108 videres,
3487 5061 3555 5099 an
3584 5064 3703 5104 cunt

2118 5114 2304 5167 posses
2331 5115 2697 5178 contemnere,
2728 5128 2900 5185 neque
2924 5123 3100 5176 omnia
3128 5127 3304 5194 potius
3329 5129 3546 5189 ferenda
3577 5154 3694 5194 cen-

2112 5203 2277 5257 seres,
2309 5205 2364 5249 ut
2386 5196 2503 5265 ejus
2533 5214 2717 5268 posses
2765 5206 2958 5266 famem
2998 5216 3280 5286 mitigare?
3306 5225 3516 5295 Ergone
3547 5236 3704 5301 panis

2112 5279 2243 5301 1³)»..-
2298 5283 2327 5301 l‘
2474 5296 2484 5301 λ
2784 5296 2795 5301 ³

2110 5279 2249 5336 fame
2277 5283 2578 5342 divexatum
2620 5307 2723 5347 nou
2763 5296 3101 5372 despiceres,
3142 5309 3336 5368 divinte
3377 5279 3579 5375 autemr
3597 5325 3698 5378 do~

2107 5375 2292 5431 ctrina:
2320 5378 2459 5435 fame
2475 5397 2785 5451 pereuntem
2813 5404 2967 5462 potes
2988 5409 3372 5462 contemnere?
3396 5410 3512 5478 Quo
3543 5427 3696 5485 pacto

2105 5461 2266 5532 igitur
2288 5468 2480 5538 dignus
2503 5471 2685 5541 fueris,
2711 5488 2767 5532 ut
2795 5461 2943 5550 pater
2962 5491 3211 5547 voceris?
3229 5461 3500 5568 SiquidEm
3525 5461 3692 5561 multo

2102 5558 2315 5622 gravior
2361 5560 2448 5617 illa
2483 5574 2567 5620 est
2595 5567 2710 5623 iure
2757 5571 2945 5641 fames,
2992 5593 3189 5649 quanto
3234 5558 3586 5653 funestiorem
3633 5599 3684 5653 in

2101 5657 2327 5703 mortem
2359 5652 2572 5721 desinit,
2617 5659 2756 5712 unde
2800 5665 2970 5733 majus
3009 5671 3062 5724 in
3108 5674 3212 5730 hoc
3236 5682 3467 5738 studium
3500 5690 3684 5743 confe-

2100 5741 2321 5799 rendum
2351 5757 2449 5801 est.
2484 5749 2711 5805 Edacate
2739 5755 2900 5825 enim,
2931 5760 3126 5834 inquit,
3150 5770 3285 5835 ﬁlios
3311 5788 3495 5832 vestro:
3526 5780 3578 5835 in
3600 5782 3680 5836 (Ii-
