4060 6252
313 337 386 393 99
957 338 1092 392 leR
1128 337 1192 391 IN
1224 337 1514 392 PENTEC.
1549 339 1752 397 ACTA.
1787 335 1946 392 ETC.
1981 335 2048 389 ΙΝ
2097 337 2388 404 PRINCIP.
2449 342 2804 400 ACTGRUM.
2841 345 2928 397 IV.

313 457 414 508 οὑκ
447 453 554 507 ἀπὸ
579 451 778 523 χαλκοῦ
812 454 902 503 καὶ
957 451 1176 522 σιδήρου
1229 452 1730 520 κατεσκευασμένα.
1767 447 1880 501 ἀλλ’

317 539 423 594 ἀπὸ
456 537 676 604 ἁγνείας
733 537 825 588 καὶ
855 535 1088 596 πίστεως
1135 535 1486 603 συγκείμενα,
1523 537 1616 586 καὶ
1651 533 1738 586 διά
1766 531 1886 584 τού-

315 635 424 672 των
449 617 708 688 δοκίμαζε
736 618 890 685 λόγον
911 617 1145 670 ἅπαντα.
1179 615 1284 669 Καὶ
1306 617 1414 686 γὰρ
1439 617 1524 668 διὰ
1553 616 1710 668 τοῦτό
1733 632 1886 685 φησι,

316 698 538 752 Γίνεσθε
565 699 888 768 τραπεζῖται
919 699 1156 768 δόκιμοι,
1186 701 1284 768 οὑχ
1320 699 1406 751 ἵνα
1433 701 1526 752 ἐπὶ
1558 700 1654 768 τῆς
1685 699 1889 767 ἀγοράς

318 785 550 846 ἑστῶτες
579 785 646 837 τά
679 783 915 854 ἀργύρια
955 783 1246 853 ἀριθμῆτε,
1279 784 1391 836 ἀλλ’
1435 784 1520 836 ἴνα
1549 785 1672 846 τοὺς
1702 783 1890 850 λόγους

321 867 646 935 βασανίζητε
688 867 824 929 μετά
862 866 1150 934 ἀκριϐείας
1182 866 1433 934 ἀπάσης·
1472 867 1558 919 διὰ
1611 867 1768 918 τοῦτο
1798 866 1892 918 καὶ

317 950 346 1000 6
384 949 678 1012 ἀπόστολος
725 948 938 1009 Παῦλός
980 964 1144 1017 φησι·
1195 948 1400 1001 Πάντα
1438 947 1792 1016 δοκιμάζετε,
1825 949 1890 1000 τὸ

318 1031 512 1084 καλὸν
540 1031 608 1082 δὲ
645 1030 924 1098 κατέχετε
943 1030 1158 1096 μόνον.
1215 1032 1288 1082 υὺ
1329 1030 1416 1082 διὰ
1444 1031 1542 1099 τὴν
1572 1030 1892 1100 δοκιμασίαν

318 1114 377 1165 δέ
424 1113 584 1182 μόνον
625 1113 767 1182 ὑμᾶς
796 1110 1123 1182 τραπεζίτας
1166 1112 1456 1172 ἐκάλεσεν,
1503 1113 1636 1166 ἀλλά
1675 1113 1769 1164 καὶ
1808 1113 1894 1164 διὰ

319 1195 420 1265 τὴν
445 1195 552 1247 τῶν
591 1195 1076 1263 καταϐαλλομένων
1108 1196 1300 1264 νομήν.
1351 1195 1464 1266 [85]
1503 1197 1610 1248 Καὶ
1641 1195 1750 1265 γὰρ
1784 1197 1896 1256 τοῖς

319 1277 694 1347 τραπεζίταις,
742 1277 836 1330 ἐάν
882 1278 1041 1347 μόνον
1091 1277 1474 1348 ὑποδεχόμενοι
1523 1278 1592 1330 τὰ
1638 1279 1896 1348 χρήματα

319 1360 710 1412 κατακλείωσιν
731 1361 886 1422 οἴκοι,
909 1360 1104 1429 μηκέτι
1127 1361 1182 1413 δῖε
1204 1363 1283 1424 είς
1305 1361 1524 1431 ἐτέρους
1546 1361 1893 1430 διανέμωσιν,

329 1445 466 1496 ἀπαν
493 1443 554 1495 16
577 1445 676 1512 τῆς
703 1443 972 1515 ἐμπορίας
1009 1444 1288 1511 οἰχήσεται
1311 1459 1327 1476 ο
1375 1442 1518 1496 οὕτω
1541 1445 1635 1496 καὶ
1667 1445 1760 1495 ἐπὶ
1787 1445 1898 1496 τῶν

321 1527 602 1596 ἀκροατῶν
634 1526 694 1578 τὸ
723 1528 856 1578 αὑτὸ
885 1526 1044 1578 τοῦτο
1067 1527 1296 1592 γίνεται.
1343 1527 1440 1578 "Av
1471 1525 1580 1596 γὰρ
1607 1526 1898 1596 δεξάμενος

320 1607 420 1676 τὴν
459 1607 804 1660 διδασκαλίαν
849 1608 1002 1678 παρά
1046 1608 1226 1678 σαυτῷ
1257 1613 1556 1680 κατασχῇς.
1601 1609 1794 1678 μηκέτι
1839 1609 1896 1661 δὲ

323 1692 404 1751 εἰς
433 1690 646 1760 ἐτέρους
676 1690 933 1760 ἐκϐάλῃς,
970 1691 1118 1743 πᾶσά
1163 1709 1258 1744 σου
1289 1695 1321 1762 ἡ
1359 1693 1710 1763 πραγματεία
1747 1693 1902 1763 διαρ-

329 1776 602 1843 ῥυήσεται.
631 1774 728 1826 Διά
751 1774 910 1826 τοῦτο
931 1775 1024 1827 ἐπὶ
1041 1775 1145 1830 τῶν
1165 1777 1540 1847 ἐργαστηρίων
1567 1778 1786 1830 ἐκείνων
1811 1777 1898 1830 διά

327 1857 508 1925 πάσης
545 1857 758 1928 ἡμέρας
791 1857 990 1910 εἴσοδόν
1025 1875 1082 1910 τε
1121 1859 1214 1910 καὶ
1241 1859 1415 1924 ἔξοδον
1433 1860 1722 1930 γινομένην
1758 1859 1896 1929 ὁρῶ-

333 1957 452 2008 μεν.
489 1939 657 1992 Τοῦτο
686 1941 862 1992 τοίνυν
893 1942 985 1992 καί
1014 1941 1104 1992 ἐπὶ
1132 1941 1232 2010 τῆς
1261 1941 1608 2000 διδασκαλίας
1645 1941 1898 2009 γινέσθω.

331 2024 441 2075 Καὶ
481 2021 587 2091 γάρ
621 2024 714 2075 καὶ
765 2025 856 2074 ἐπὶ
895 2022 1002 2075 τῶν
1042 2022 1382 2092 τραπεζιτῶν
1425 2025 1648 2076 ἐκείνων
1686 2023 1902 2092 δρῶμεν

329 2107 455 2168 τοὺς
497 2106 594 2174 μὲν
641 2106 1070 2169 καταϐάλλοντας
1100 2109 1388 2178 χρήματα,
1431 2109 1554 2170 τοῦς
1593 2107 1648 2158 δὲ
1683 2107 1900 2176 λαμϐά-

328 2204 520 2250 νοντας
561 2188 782 2250 εὐθέως,
828 2189 921 2240 καὶ
959 2190 1240 2254 ἀπιόντας,
1285 2191 1376 2242 καὶ
1413 2191 1572 2243 τοῦτο
1604 2190 1692 2243 διά
1721 2192 1904 2261 πάσης

329 2268 540 2338 ἡμέρας
565 2269 846 2336 γινόμενον
879 2271 973 2322 ἴδοι
997 2289 1079 2333 τις
1108 2271 1193 2324 ἀν.
1256 2265 1354 2324 Διά
1383 2272 1559 2332 τοῦτο,
1589 2275 1764 2326 καίτοι
1795 2271 1904 2326 τῶν

328 2350 626 2420 χρημάτων
652 2351 752 2402 οὑκ
783 2349 950 2403 ὄντων
977 2353 1159 2414 αὑτοῖς
1189 2354 1424 2416 οἰκείων,
1457 2355 1642 2424 ἐπειδὴ
1671 2359 1739 2426 τῇ
1767 2357 1903 2425 χρή-

331 2448 412 2483 σει
447 2432 582 2500 πρὸς
613 2432 676 2483 τὸ
701 2431 818 2483 δέον
847 2432 1160 2502 κέχρηνται,
1191 2434 1278 2488 διὰ
1306 2435 1412 2487 τῶν
1443 2437 1740 2507 ἀλλοτρίων
1776 2439 1906 2490 πολ-

327 2515 426 2584 λὴν
460 2516 670 2577 ἑαυτοῖς
715 2515 1029 2583 συλλέγουσι
1063 2519 1162 2587 τὴν
1198 2519 1480 2589 εὐπορίαν.
1521 2521 1677 2572 Οὕτω
1711 2522 1802 2574 καὶ
1835 2521 1900 2573 σὺ

328 2599 570 2667 ποίησον.
626 2600 738 2651 Οὑκ
781 2599 896 2652 ἔστι
946 2601 1116 2653 ταῦτα
1149 2602 1216 2655 τά
1264 2603 1418 2670 λόγια
1463 2604 1566 2668 σά,
1619 2605 1754 2658 ἀλλά
1807 2607 1902 2658 τοῦ

330 2679 675 2750 Πνεύματος·
729 2681 844 2733 ἀλλ’
899 2683 1047 2750 ὅμως
1099 2686 1192 2736 ἐὰν
1249 2685 1477 2754 ἀρίστην
1515 2687 1760 2764 ἐπιδείξῃ
1805 2687 1904 2758 τὴν

329 2764 544 2833 χρῆσιν,
593 2763 790 2833 πολλὴν
839 2763 1013 2834 ἐαυτῷ
1065 2766 1310 2832 συνάξεις
1356 2769 1454 2838 τὴν
1505 2763 1764 2840 εὐπορίαν
1806 2770 1903 2840 τὴν

331 2849 732 2916 πνευματικήν·
773 2847 858 2900 διὰ
884 2847 1042 2900 τοῦτο
1067 2849 1159 2900 καὶ
1187 2850 1518 2918 τραπεζίτας
1549 2853 1693 2920 ὑμᾶς
1725 2852 1906 2905 ἐκάλε-

331 2947 424 2982 σεν
451 2933 480 2982 6
507 2930 657 2992 Θεός.
688 2929 842 2992 Τίνος
869 2931 922 2983 δέ
954 2930 1140 2982 ἕνεκεν
1167 2932 1426 3002 ἀργύριον
1465 2933 1554 2984 τὸν
1591 2933 1748 3000 λόγον
1778 2933 1906 2985 ἐκά-

331 3010 520 3078 ὶεσενς
568 3011 784 3081 Ἐπειδὴ
808 3011 1057 3082 καθάπερ
1087 3013 1146 3066 τὸ
1177 3015 1439 3086 ἀργύριον
1465 3015 1558 3068 τὸν
1587 3017 1908 3086 χαρακτῆρα

331 3093 446 3163 ἔχει
475 3095 879 3166 ἀπηρτισμένον
905 3097 994 3148 τὸν
1027 3095 1301 3166 βασιλικὸν
1332 3097 1455 3167 (κᾶν
1486 3099 1591 3172 γὰρ
1619 3100 1694 3170 μὴ
1721 3101 1908 3154 τοῦτον

333 3178 456 3248 ἔχῃ,
487 3179 586 3230 οὑκ
619 3178 764 3232 ἔστιν
797 3180 1054 3250 ἀργύριον
1087 3182 1329 3251 δόκιμον,
1363 3183 1499 3236 ἀλλά
1535 3185 1784 3255 κίϐδηλον
1805 3203 1908 3240 κα·

334 3256 568 3324 λεῖται),
614 3260 756 3314 οὔτω
797 3265 890 3315 καὶ
925 3265 1021 3332 τὴν
1053 3265 1398 3318 διδασκαλίαν
1427 3269 1524 3337 τῆς
1557 3269 1792 3332 πίστεως
1816 3270 1908 3324 τὸν

765 2025 852 2062 ire,“

765 2057 787 2073 ὅ
804 2057 856 2074 lv'c

334 3345 656 3414 χαρακτῆρα
679 3345 772 3396 τοῦ
809 3347 965 3414 λόγου
996 3350 1402 3416 ἀπηρτισμένον
1431 3349 1574 3420 ἔχειν
1603 3351 1698 3405 δεῖ.
1741 3353 1908 3406 Πάλιν

332 3426 443 3478 τῶν
477 3428 752 3498 ἀργυρίων
793 3431 826 3498 ἡ
871 3433 1066 3500 χρῆσις
1101 3434 1281 3484 πᾶσαν
1309 3433 1464 3502 ἡμῶν
1493 3439 1782 3505 συγκροτεῖ
1811 3438 1910 3507 τὴν

334 3509 522 3580 ζωὴν,
576 3513 667 3564 καὶ
717 3513 1058 3582 συμϐολαίων
1091 3516 1346 3568 ἀπάντων
1396 3517 1651 3580 ὑπόθεσις
1677 3519 1912 3584 γίνεται,

335 3593 440 3644 κᾶν
463 3594 727 3665 ἀγοράσαι
746 3614 818 3660 τι,
839 3596 940 3648 κᾶν
965 3597 1210 3664 πωλῆσαι
1232 3597 1344 3669 δέῃ,
1371 3598 1456 3650 διὰ
1472 3598 1674 3652 τούτων
1698 3601 1914 3652 ἅπαντα

337 3679 669 3748 πράττομεν.
704 3679 875 3732 Τοῦτο
901 3680 996 3732 καὶ
1034 3681 1127 3732 ἐπὶ
1156 3681 1254 3749 τῆς
1280 3681 1626 3746 διδασκαλίας
1661 3683 1870 3750 γίνεται
1896 3700 1908 3714 ·

335 3761 445 3812 τῶν
466 3763 574 3833 γὰρ
603 3765 944 3832 συμϐολαίων
977 3765 1358 3833 πνευματικῶν
1390 3767 1645 3829 ὑπόθεσίς
1674 3768 1788 3820 ἐστι
1820 3768 1914 3820 καὶ

337 3843 466 3914 ῥίζα
507 3847 569 3897 τὺ
612 3845 874 3916 ἀργύριον
917 3845 1076 3898 τοῦτο
1119 3847 1182 3898 τὸ
1213 3849 1602 3916 πνευματικόν*
1649 3851 1770 3902 ὅθεν
1811 3849 1914 3902 κᾶν

337 3927 494 3997 παρά
519 3927 612 3979 τοῦ
640 3927 776 3980 Θεοῦ
823 3945 876 3979 τι
909 3927 1258 3997 βουληθῶμεν
1302 3929 1592 3999 ἀγοράσαι,
1638 3931 1727 3983 τὸν
1759 3931 1915 3999 λόγον

333 4009 441 4079 τῆς
482 4011 648 4080 εύχῆς
679 4011 1078 4072 καταϐαλόντες
1112 4011 1346 4081 πρῶτον,
1379 4012 1521 4064 οὕτω
1565 4014 1916 4085 λαμϐάνομεν

336 4095 482 4164 ἅπερ
515 4093 794 4164 αἰτοῦμεν.
827 4093 946 4148 Κάν
975 4093 1198 4162 ἀδελφὸν
1225 4093 1424 4164 ἴδωμεν
1455 4095 1798 4166 ἠμελημένον
1822 4099 1916 4152 καὶ

339 4177 736 4247 ἀπολλύμενον,
791 4178 890 4248 τὴν
926 4177 1196 4248 σωτηρίαν
1225 4178 1389 4230 αὑτοῦ
1430 4179 1789 4250 κερδήσομεν,
1822 4182 1916 4234 καὶ

339 4259 437 4330 τὴν
483 4258 625 4329 ζωὴν
670 4261 1034 4330 ἀγοράσομεν,
1081 4260 1172 4313 τὸν
1208 4261 1363 4328 λόγον
1418 4261 1518 4331 τῆς
1567 4262 1916 4330 διδασκαλίας

342 4343 788 4407 καταϐάλλοντες.

412 4449 502 4501 Διὸ
526 4450 630 4520 χρὴ
662 4449 800 4519 μετά
823 4449 1106 4520 ἀκριϐείας
1121 4450 1338 4520 ἀπάσης
1363 4450 1648 4518 φυλάττειν
1667 4453 1762 4504 καὶ
1781 4470 1918 4506 κατα

344 4531 488 4600 ἐχειν
523 4533 755 4595 ἅπαντα,
823 4533 912 4586 ἵνα
953 4533 1045 4586 καὶ
1077 4535 1156 4595 εἰς
1199 4533 1420 4602 ἐτέρους
1455 4533 1592 4586 αὑτά
1623 4534 1918 4604 διανείμω-

349 4629 448 4682 μεν
471 4629 486 4644 ·
544 4615 638 4666 καὶ
683 4615 792 4686 γὰρ
840 4617 934 4667 καὶ
983 4615 1176 4677 τόκους
1231 4615 1340 4666 τῶν
1386 4615 1665 4686 ἀργυρίων
1715 4617 1920 4670 τούτων

343 4696 740 4766 ἀπαιτούμεθα.
795 4698 1159 4768 Προσέχωμεν
1200 4697 1380 4750 τοίνυν
1417 4700 1482 4767 τῇ
1515 4697 1784 4769 ὑποδοχῇ,
1838 4699 1922 4752 ἵνα

319 4781 442 4834 καὶ
473 4781 552 4842 εἰς
597 4779 814 4850 ἐτέρους
859 4782 1133 4850 διανεῖμαι
1181 4779 1498 4848 δυνηθῶμεν
1544 4780 1612 4833 τὰ
1643 4781 1917 4852 ἀργύρια·

347 4865 442 4918 καὶ
477 4863 585 4933 γὰρ
633 4864 882 4926 ἕκαστος,
919 4864 1013 4916 ἐάν
1057 4864 1207 4936 θέλῃ,
1238 4863 1466 4933 δύναμιν
1504 4863 1618 4934 ἔχει
1664 4865 1922 4918 διδασκα-

346 4947 490 5010 λίας.
544 4947 616 4999 Οὑ
664 4947 891 5000 δύνασαι
953 4947 1278 5017 Ἐκκλησίαν
1325 4945 1562 5017 ὀρθῶσαι
1615 4945 1877 5017 τοσαύτην
1905 4965 1919 4980 ο

345 5031 484 5086 ἀλλά
515 5030 738 5084 δύνασαι
785 5033 884 5103 τὴν
915 5035 1147 5099 γυναῖκα
1179 5031 1276 5101 τὴν
1322 5031 1420 5101 σὴν
1457 5031 1796 5102 νουθετῆσαι.
1849 5035 1923 5087 (ὶὺ

345 5116 574 5169 δύνασαι
603 5117 738 5186 πρὸς
765 5116 966 5184 πλῆθος
991 5115 1242 5168 τοσοῦτον
1265 5114 1642 5185 διαλεχθῆναι·
1675 5115 1809 5168 ἀλλὰ
1835 5115 1926 5168 τὸν

345 5200 466 5252 υἱόν
497 5217 592 5252 σου
621 5199 952 5270 σωφρονίσαι
981 5198 1222 5252 δύνασαι.
1255 5199 1328 5250 Οὑ
1357 5198 1578 5250 δύνασαι
1601 5199 1735 5266 πρὸς
1755 5198 1926 5266 δῆμον

345 5283 668 5354 τηλικοῦτον
713 5285 804 5335 τὸν
836 5281 992 5350 λόγον
1044 5283 1320 5334 ἀποτεῖναι
1364 5281 1712 5342 διδασκαλίας
1734 5297 1750 5312 ο
1791 5281 1928 5333 ἀλλά

346 5369 442 5420 τδν
481 5369 696 5436 οἰκέτην
745 5385 837 5419 σου
876 5367 1118 5436 βελτίονα
1155 5366 1492 5435 ἐργάσασθαι
1521 5365 1744 5418 δύνασαι
1815 5367 1928 5418 Οὑκ

350 5451 470 5504 ἔστι
505 5467 600 5504 σου
641 5452 838 5522 μείζων
865 5451 962 5519 τῆς
989 5449 1268 5519 δυνάμεως
1297 5449 1503 5510 ἐκεῖνος
1535 5447 1644 5499 τῶν
1667 5447 1928 5517 μαθητῶν

350 5537 380 5588 6
418 5533 694 5602 σύλλογος·
728 5535 829 5586 οὑκ
859 5533 974 5586 ἔστι
1003 5546 1096 5584 σου
1128 5530 1290 5584 πλέον
1318 5531 1416 5600 τῆς
1445 5531 1713 5592 συνέσεως
1752 5531 1928 5581 ἐκεῖνο

351 5617 460 5684 τῆς
489 5617 836 5680 διδασκαλίας
861 5616 923 5670 τδ
953 5615 1167 5688 μέτρον,
1203 5613 1337 5667 ἁλλά
1371 5613 1464 5666 καὶ
1499 5611 1654 5682 ἡμῶν
1695 5610 1930 5663 εὐκολώ-

353 5715 518 5770 τερον
562 5701 717 5766 ὑμεῖς
772 5702 1011 5758 ἐκείνους
1079 5701 1279 5760 πάντας
1338 5695 1618 5767 ῥυθμίζειν
1673 5693 1920 5747 δύνασθε.

3465 330 3564 384 100

2001 447 2140 515 Ἐγὼ
2167 449 2264 518 μὲν
2291 466 2398 519 γαρ
2429 451 2456 500 ὑ
2467 452 2554 518 μῖν
2571 447 2716 513 ἅπαξ
2734 449 2830 517 τῆς
2857 445 3148 516 ἑϐδομάδος
3165 445 3511 514 συγγίνομαι,
3529 447 3566 516 ἢ

1989 532 2082 582 καὶ
2111 531 2364 602 δεύτερον
2393 532 2653 593 πολλάκις
2675 548 2688 560 ·
2737 532 2798 582 σὺ
2829 530 2884 582 δὲ
2922 529 3212 590 διαπαντὸς
3248 529 3394 581 ἔνδον
3419 527 3566 597 ἔχεις

1985 613 2084 681 τῆς
2127 614 2306 676 οἰκίας
2353 615 2480 676 τοὺς
2517 613 2785 683 μαθητὰς,
2823 613 2916 664 καὶ
2963 611 3059 680 τὴν
3091 613 3348 677 γυναῖκα,
3377 612 3470 664 καὶ
3497 610 3568 664 τὰ.

1989 697 2196 758 παιδία,
2221 697 2316 748 καὶ
2342 699 2467 758 τοὺς
2497 698 2733 758 οἰκέτας,
2762 696 2855 748 καὶ
2887 697 2944 746 ἐν
2974 695 3200 763 ἑσπέρα,
3231 695 3323 746 καὶ
3344 696 3402 746 ἐν
3430 710 3564 764 τρα-

1990 780 2151 848 πέζῃ,
2186 781 2278 832 καὶ
2317 779 2405 831 διὰ
2447 779 2627 848 πάσης
2661 779 2874 848 ἡμέρας
2919 777 3144 832 δύνασαι
3178 778 3426 848 διορθοῦν
3472 778 3566 830 αὑα

1987 863 2136 925 τούς.
2185 863 2292 914 Καὶ
2328 861 2592 931 ἑτέρωθεν
2620 863 2676 914 δὲ
2719 865 2751 933 ἡ
2789 862 2998 934 ἰατρεία
3044 861 3181 930 αῦτη
3228 861 3568 932 εὑκολωτέρα

1989 945 2226 1013 γίνεται’
2277 945 2390 1007 ἐγὼ
2430 947 2525 1016 μὲν
2555 946 2664 1014 γάρ
2699 947 2755 998 ἐν
2787 945 2981 1012 πλήθει
3020 945 3261 1014 τοσούτῳ
3305 943 3418 1015 [84]
3450 945 3566 997 δια-

1991 1027 2280 1098 λεγόμενος
2307 1029 2406 1080 οὑκ
2444 1025 2556 1080 οῖδα
2589 1027 2650 1079 16
2679 1027 2932 1096 ἐνοχλοῦν
2971 1029 3101 1098 ὑμῖν
3133 1027 3305 1090 πάθος
3334 1028 3433 1090 τῆς
3467 1027 3570 1094 qm-

1992 1111 2112 1180 χῆς,
2153 1110 2231 1162 διὸ
2263 1111 2358 1162 καὶ
2389 1109 2766 1180 ἀναγκάζομαι
2799 1111 2918 1162 καθ’
2939 1111 3190 1180 -ἐκάστην
3220 1110 3570 1163 διδασκαλίαν

1993 1192 2208 1246 ἅπαντα
2239 1193 2549 1262 προτιθέναι
2587 1194 2656 1246 τὰ
2691 1195 2988 1264 φάρμακαο
3039 1195 3182 1263 ὑμᾶς
3213 1193 3269 1246 δέ
3297 1193 3393 1261 οὑχ
3427 1192 3572 1245 οὑτω

1995 1279 2168 1328 ποιεῖν
2199 1277 2431 1348 ἀνάγκη,
2464 1277 2576 1330 ἀλλ’
2609 1279 2816 1342 ἔξεστιν
2846 1279 2974 1348 ὑμῖν
3013 1279 3152 1348 μετά
3173 1279 3457 1340 ἐλάττονος
3481 1277 3573 1329 πό-

1993 1375 2084 1410 νου
2115 1357 2332 1410 πλείονα
2355 1359 2700 1429 καρποῦσθαι
2733 1360 2832 1429 τὴν
2852 1360 3168 1428 διόρθωσινο
3209 1361 3324 1413 ἴστε
3353 1360 3462 1428 γὰρ
3483 1377 3574 1410 σα-

1995 1439 2110 1508 φῶς
2135 1439 2204 1492 τά
2236 1443 2609 1512 ἁμαρτήματα
2635 1443 2744 1494 τῶν
2765 1443 2892 1511 ὑμῖν
2925 1441 3336 1507 συνοικούντων,
3358 1442 3440 1496 διὸ
3479 1441 3572 1494 καὶ

1993 1526 2298 1597 ταχυτέραν
2324 1526 2554 1580 δύνασθε
2581 1528 2804 1598 ποιῆσαι
2835 1528 2936 1595 τὴν
2965 1527 3282 1597 θεραπείαν.

2065 1670 2134 1738 γ’.
2163 1671 2252 1741 Μὴ
2270 1670 2472 1734 τοίνυν,
2505 1673 2798 1742 ἀγαπητοὶ,
2818 1672 3000 1741 ἀμελῶ
3010 1690 3106 1742 μεν
3129 1673 3237 1726 τῶν
3260 1672 3572 1727 συνοικούν-

1995 1771 2104 1805 των
2157 1755 2320 1824 ήμῖν·
2387 1755 2484 1807 καὶ
2526 1756 2634 1824 γὰρ
2704 1755 2936 1824 μεγίστη
2983 1756 3204 1818 κόλασις
3251 1759 3426 1808 κεῖται
3479 1757 3573 1810 καὶ

1997 1837 2201 1904 ἀφατος
2226 1839 2464 1908 τιμωρία
2492 1841 2602 1900 τοῖς
2631 1837 2893 1908 ἀμελοῦσι
2929 1839 3036 1892 τῶν
3075 1840 3310 1892 οἰκείων.
3361 1843 3431 1892 El
3461 1841 3573 1908 γάρ

1997 1935 2110 1980 τις,
2139 1919 2302 1987 φησὶν
2327 1920 2354 1970 6
2382 1919 2610 1980 Παῦλος,
2639 1918 2756 1972 τῶν
2783 1919 2945 1972 ἰδίων
2977 1922 3048 1972 οὺ
3087 1919 3442 1986 προνοεῖται,
3475 1923 3573 1974 καὶ

1994 2000 2264 2068 μάλιστα
2303 1999 2422 2054 τῶν
2463 2002 2718 2066 οἰκείων,
2757 2001 2871 2066 τὴν
2910 2004 3117 2055 πίστιν
3166 2002 3438 2069 ἤρνηται,
3477 2003 3577 2056 καί

2001 2083 2170 2135 ἔστιν
2189 2083 2447 2136 ἀπίστου
2475 2084 2706 2150 χείρων.
2754 2083 2916 2153 Ὁρᾷς
2949 2084 3050 2136 ποῦ
3099 2083 3206 2136 τῶν
3229 2084 3578 2153 ἀμελούντων

1999 2166 2108 2218 τῶν
2135 2167 2352 2219 οἰκείων
2377 2171 2404 2221 ὁ
2435 2167 2646 2231 Παῦλος
2673 2168 2959 2236 ἠκόντισες
3005 2169 3115 2222 Καὶ
3143 2171 3288 2238 μάλα
3317 2169 3540 2232 εἰκότως
3559 2186 3576 2200 °

2000 2251 2028 2301 6
2057 2249 2166 2318 γὰρ
2189 2249 2296 2302 τῶν
2320 2251 2536 2304 οἰκείων
2564 2251 2802 2320 ἀμελῶν,
2835 2253 2989 2322 φησὶ,
3015 2253 3130 2316 πῶς
3153 2254 3260 2306 τῶν
3281 2253 3580 2324 ἀλλοτρίων

2002 2331 2434 2401 ἐπιμελήσεται;
2499 2329 2630 2386 Οἶδα
2683 2333 2944 2397 πολλάκις
3009 2335 3180 2388 ταῦτα
3243 2337 3577 2406 παραινέσας

2001 2416 2158 2484 ὑμῖν·
2185 2416 2320 2468 ἀλλά
2350 2418 2443 2468 καὶ
2478 2415 2760 2486 παραινῶν
2788 2417 3040 2470 οὐδέποτε
3070 2419 3368 2488 παύσομαι,
3403 2419 3576 2472 καίτοι

2000 2515 2064 2564 γε
2095 2498 2208 2566 ἐγὼ
2245 2497 2536 2560 ἀνεύθυνος
2577 2499 2760 2550 λοιπὸν
2800 2499 2900 2566 τῆς
2939 2499 3045 2550 τῶν
3075 2501 3273 2568 ἐτέρων
3305 2500 3576 2571 ῥᾳθυμίας

1999 2580 2148 2648 εἰμί·
2185 2581 2339 2632 Ἔδει
2372 2582 2479 2650 γάρ
2503 2597 2596 2640 σε,
2633 2582 2784 2648 φησί,
2824 2581 3180 2634 καταϐαλεῖν
3208 2581 3272 2633 τὸ
3295 2583 3576 2650 ἀργύριόν

1995 2680 2114 2730 μου
2155 2663 2252 2716 ἐπὶ
2303 2663 2443 2728 τοὺς
2487 2662 2851 2730 τραπεζίτας,
2878 2664 2975 2716 καὶ
3007 2665 3198 2717 πλέον
3223 2665 3404 2718 οὐδὲν
3458 2667 3574 2718 ἀπ-

1999 2749 2247 2814 ῄτησεν.
2281 2745 2422 2814 Ἐγὼ
2452 2747 2506 2799 δὲ
2536 2747 2630 2800 καὶ
2647 2747 2705 2798 τὸ
2723 2747 2988 2816 ἀργύριον
3022 2747 3336 2811 κατέϐαλον,
3368 2749 3460 2800 καί
3489 2747 3577 2798 λό-

2003 2847 2098 2898 γον
2125 2831 2312 2882 οὐδένα
2342 2831 2450 2900 έχω
2471 2847 2484 2860 ·
2529 2831 2644 2882 ἀλλ’
2679 2833 2828 2899 ὅμως
2859 2831 3036 2882 καίτοι
3065 2848 3128 2898 γε
3160 2829 3447 2892 ἀνεύθυνος
3480 2829 3576 2894 ὢν,

2003 2915 2098 2966 καί¹
2147 2915 2244 2981 τῆς
2287 2915 2557 2983 τιμωρίας
2603 2913 3022 2982 ἀπηλλαγμένος
3067 2907 3165 2980 τῆς
3209 2913 3302 2964 ἐπί
3347 2912 3578 2974 τούτοις,

2005 2996 2258 3066 καθάπερ
2292 2997 2590 3059 ὑπεύθυνος
2637 2995 2712 3047 ῶν
2761 2995 2976 3048 κολάσει
3020 2997 3113 3047 καὶ
3149 2997 3408 3066 τιμωρίᾳ,
3439 2995 3584 3048 οὕτω

2008 3077 2224 3132 δέδοικα
2255 3080 2350 3132 καὶ
2373 3078 2562 3150 τρέμω
2591 3081 2718 3150 περὶ
2749 3080 2846 3149 τῆς
2878 3079 3146 3150 ὑμετέρας
3181 3081 3474 3150 σωτηρίας.

2077 3221 2284 3290 Μηδεὶς
2321 3221 2498 3273 τοίνυν
2545 3219 2732 3281 ἁπλῶς
2775 3220 2906 3290 μηδέ
2943 3221 3301 3291 ἠμελημένως
3340 3220 3584 3274 ἀκουέτω

2005 3313 2114 3365 τῶν
2163 3312 2333 3380 λόγων
2383 3312 2490 3364 τῶν
2543 3311 2964 3382 πνευματικῶν·
3015 3311 3133 3364 οὑδὲ
3167 3311 3276 3383 γὰρ
3323 3311 3444 3380 εἰκῆ
3492 3312 3586 3364 καὶ

2011 3403 2186 3472 μάτην
2237 3402 2424 3472 μακρά
2471 3401 2731 3470 ποιοῦμαι
2784 3401 2852 3452 τὰ
2906 3401 3208 3470 προοίμια,
3273 3400 3387 3452 ἀλλ’
3441 3399 3584 3452 ὣστε

2011 3491 2420 3560 ἀσφαλεστέραν
2475 3492 2719 3558 γίνεσθαι
2759 3491 2886 3548 ,τῶν
2941 3491 3432 3559 καταϐαλλομένων
3486 3492 3586 3560 τὴν

2014 3582 2282 3652 φυλακὴν,
2323 3581 2462 3634 ὥστε
2493 3581 2568 3652 μὴ
2601 3581 2776 3650 μάτην
2821 3582 2952 3651 μηδέ
2988 3581 3174 3644 ἁπλῶς
3215 3583 3586 3650 κροτήσαντας

2013 3674 2106 3727 καὶ
2137 3674 2546 3745 θορυϐήσαντας
2571 3673 2748 3726 οἴκαδε
2776 3671 3049 3726 ἀπελθεῖν.
3083 3674 3156 3726 Οὑ
3181 3672 3288 3742 γὰρ
3315 3672 3464 3742 μέλει
3497 3689 3586 3742 μοι

2011 3770 2120 3823 τῶν
2185 3769 2314 3838 παρ’
2391 3767 2544 3838 ὑμῶν
2615 3767 2879 3828 ἐπαίνων,
2933 3766 3070 3818 ἀλλά
3143 3767 3412 3836 φροντίζω
3483 3767 3583 3836 τῆς

2015 3857 2290 3929 ὑμετέρας
2340 3856 2631 3926 σωτηρίας.
2683 3857 2745 3906 Οί
2797 3854 2894 3923 μὲν
2942 3853 3050 3923 γὰρ
3098 3855 3190 3905 ἐπὶ
3237 3855 3334 3922 τῆς
3383 3854 3588 3921 σκηνῆς

2017 3951 2410 4021 ἀγωνιζόμενοι
2457 3949 2548 4000 τὸν
2601 3947 2742 4016 ὑπὲρ
2774 3945 2965 3997 τούτου
3018 3944 3206 4015 μισθὸν
3239 3944 3328 3995 τὸν
3371 3944 3590 3996 ἔπαινον

2016 4041 2167 4114 παρά
2192 4042 2284 4095 τοῦ
2313 4041 2484 4110 δήμου
2519 4040 2904 4108 λαμϐάνουσιν·
2938 4039 3097 4108 ἡμεῖς
3126 4037 3182 4089 δὲ
3212 4037 3310 4089 οὑκ
3347 4037 3438 4088 ἐπὶ
3469 4035 3592 4087 τού-

2015 4153 2128 4198 τοις
2179 4133 2584 4204 ἀπεδυσάμεθα,
2617 4132 2731 4184 ἀλλ’
2759 4132 2852 4183 ἐπὶ
2885 4131 2978 4183 τὸν
3004 4128 3153 4200 παρά
3191 4128 3285 4181 τοῦ
3317 4128 3589 4179 Δεσπότου

2021 4227 2209 4298 μισθὸν
2241 4227 2330 4279 τὸν
2360 4227 2452 4278 ἐπὶ
2499 4224 2704 4286 τούτοις
2756 4223 3004 4293 κείμενον
3037 4221 3242 4274 λαϐεῖν.
3294 4219 3391 4272 Διά
3434 4218 3594 4270 τοῦτο

2019 4321 2113 4376 καὶ
2133 4319 2369 4388 συνεχῶς
2393 4317 2521 4386 ὑμῖν
2547 4317 2717 4369 ταῦτα
2752 4311 3260 4384 παρακελευόμεθα,
3293 4311 3432 4364 ὥστε
3459 4309 3591 4380 πρὸς

2015 4413 2078 4464 τὸ
2113 4411 2274 4479 βάθος
2301 4410 2400 4478 τῆς
2425 4406 2662 4468 διανοίας
2689 4405 2840 4474 ὑμῶν
2873 4403 3178 4471 καταϐῆναι
3208 4402 3278 4454 τὰ
3305 4402 3590 4470 λεγόμενα.

2022 4501 2288 4568 Καθάπερ
2333 4497 2440 4564 γὰρ
2485 4494 2592 4547 τῶν
2629 4493 2811 4561 φυτῶν
2837 4494 3042 4562 ὅσαπερ
3075 4493 3138 4544 ἂν
3173 4491 3308 4560 πρὸς
3341 4491 3402 4542 τὸ
3433 4489 3594 4557 βάθος

2029 4587 2374 4657 παραπέμψῃ
2413 4585 2513 4647 τάς
2565 4582 2740 4653 ῥίζας,
2775 4582 3000 4634 ἀσειστα
3051 4579 3261 4646 γίνεται
3313 4580 3434 4639 ταῖς
3482 4577 3592 4629 τῶν

2025 4682 2242 4751 ἀνέμων
2264 4677 2611 4750 προσϐολαῖς·
2647 4675 2788 4727 οὑτω
2817 4673 2911 4726 καὶ
2943 4673 3050 4724 τῶν
3068 4671 3356 4740 νοημάτων
3377 4671 3596 4739 ὅσῳπερ

2026 4775 2092 4828 ἂν
2123 4776 2179 4826 ἐν
2211 4771 2288 4840 τῷ
2338 4770 2490 4840 βάθει
2526 4769 2661 4838 μένῃ
2708 4766 2810 4834 τῆς
2853 4763 3110 4826 διανοίας,
3155 4763 3217 4814 οὐ
3262 4761 3458 4832 ῥᾳδίως
3493 4761 3597 4812 ὑπὸ

2022 4864 2121 4932 τῆς
2147 4861 2256 4912 τῶν
2289 4857 2630 4930 πραγμάτων
2656 4854 2966 4907 ἀνασπᾶται
3001 4849 3308 4918 ἐπιϐουλῆς.
3337 4848 3470 4900 Εἰπὲ
3489 4849 3597 4920 γάρ

2029 4971 2140 5024 μοι,
2170 4951 2441 5020 ἀγαπητέ,
2476 4949 2525 5000 εί
2572 4945 2716 5016 λιμῷ
2761 4945 2851 4998 τὸν
2888 4943 3053 4996 παῖδα
3083 4941 3385 5013 τηκόμενον
3436 4938 3597 5004 εἶδες,

2029 5042 2138 5116 ἆρα
2183 5044 2248 5097 ἂν
2273 5043 2502 5112 ἡνέσχου
2532 5037 2816 5109 περιιδεῖν,
2859 5035 2973 5088 ἀλλ’
3008 5035 3130 5104 οὑχὶ
3178 5033 3355 5086 πάντα
3381 5031 3446 5085 ἂν
3497 5033 3597 5085 ὑπ-

2031 5139 2272 5207 έμεινας,
2307 5133 2447 5188 ὥστε
2473 5133 2632 5185 λῦσαι
2656 5129 2820 5184 αὑτοῦ
2851 5129 2940 5182 τὸν
2972 5128 3160 5196 λιμόν;
3185 5123 3315 5179 Εἶτα
3331 5123 3472 5194 λιμῷ
3502 5123 3599 5194 μὲν

2027 5234 2192 5304 ἀρτου
2219 5225 2660 5297 διαφθειρόμενον
2679 5223 2778 5276 οὑκ
2803 5221 2867 5275 ἂν
2894 5219 3180 5292 περιεῖδες,
3204 5217 3346 5288 λιμῴ
3375 5217 3431 5269 δὲ
3451 5215 3601 5276 θείας

2028 5319 2376 5382 διδασκαλίας
2409 5315 2779 5386 ἀπολλύμενον
2807 5311 2974 5382 ἀνέχῃ
3006 5311 3304 5379 περιορᾷν;
3341 5306 3452 5360 Καὶ
3485 5305 3602 5368 πῶς

2031 5414 2180 5479 ἄξιος
2213 5411 2279 5464 ἂν
2311 5403 2378 5478 ἧς
2412 5403 2694 5460 καλεῖσθαι
2735 5401 2952 5468 πατήρ;
3004 5397 3113 5448 Καὶ
3151 5397 3258 5464 γὰρ
3289 5387 3441 5452 οὗτος
3468 5393 3495 5443 6
3523 5390 3604 5442 λι-

2035 5506 2134 5577 μὸς
2187 5499 2393 5555 ἐκείνου
2443 5493 2840 5567 χαλεπώτερος,
2888 5491 2996 5556 ὅσῳ
3047 5485 3142 5540 καὶ
3193 5483 3329 5577 πρὸς
3384 5480 3606 5577 μείζονα

2032 5571 2258 5652 τελευτᾷ
2277 5591 2525 5652 θάνατον,
2557 5587 2677 5640 ὅθεν
2703 5583 2798 5634 καὶ
2824 5579 3043 5632 πλείονα
3075 5573 3306 5628 ἐνταῦθα
3336 5571 3606 5626 ποιεῖσθαι

2039 5684 2144 5756 χρὴ
2173 5649 2267 5754 την
2309 5649 2564 5747 σπουδήν.
2608 5667 2953 5738 ἘπτΓέςρετε
2985 5665 3113 5735 γὰρ,
3147 5663 3297 5734 φησι,
3333 5661 3400 5716 τὰ
3431 5663 3603 5717 τέκνα
