4060 6252
493 306 590 365 (01

491 426 659 498 ὑμῶν
680 427 750 479 ἐν
783 426 1016 493 παιδείᾳ
1053 423 1167 497 [85]
1203 427 1301 479 καὶ
1330 426 1614 493 νουθεσίᾳ
1637 429 1878 497 Κυρίου.
1914 428 2061 500 Αὕτη

491 510 753 579 καλλίστη
778 508 1029 578 πατέρων
1058 508 1362 577 ἐπιμέλεια,
1390 506 1526 579 αῦτη
1553 510 1754 578 γνησία
1774 510 2068 581 κηδεμονία

489 594 894 663 γεγεννηκότων
932 608 945 621 ·
1018 591 1159 643 οὑτω
1216 590 1325 661 γὰρ
1393 591 1504 659 ἐγὼ
1559 592 1907 660 ἐπιγινώσκω
1968 594 2069 663 τῆς

491 677 707 743 φύσεως
739 675 837 744 τὴν
874 673 1193 741 συγγένειαν
1219 713 1233 733 ,
1286 674 1384 727 ἐὰν
1420 677 1478 727 ἐν
1524 677 1635 736 τοῖς
1678 677 2067 744 πνευματικοῖς

491 758 709 810 πλείονα
738 755 1107 820 ἐπιδείξωνται
1155 756 1254 825 τὴν
1308 756 1565 826 σπουδήν.
1633 755 1794 808 Ἀλλά
1824 757 1931 810 τῶν
1966 757 2067 826 μὲν

496 842 792 911 προοιμίων
825 841 1050 909 ἀρκετὸς
1081 842 1109 892 6
1139 840 1323 907 λόγος·
1356 841 1568 909 ἀνάγκη
1598 840 1654 892 δὲ
1683 840 1864 893 λοιπὸν
1893 858 2065 893 κατα·-

490 926 671 977 ϐαλεῖν
704 926 798 976 καὶ
839 924 901 977 τὸ
929 923 1089 993 χρέος
1108 939 1122 951 ⁸
1164 924 1252 976 διὰ
1282 924 1391 994 γάρ
1422 923 1579 976 τοῦτο
1605 924 1694 976 τὸν
1733 924 1944 995 μακρὸν
1971 927 2066 978 καὶ

488 1008 655 1060 πολὺν
677 1007 863 1059 τοῦτον
884 1007 1011 1075 ὑμῖν
1037 1007 1143 1058 ἀπε
1153 1007 1369 1074 μήκυνα
1389 1006 1565 1075 λόγον,
1599 1007 1686 1058 ἵνα
1714 1005 1854 1076 μετά
1884 1006 2066 1074 πάσης

488 1090 819 1158 ὑποδέξησθε
862 1089 924 1141 τὸ
959 1088 1435 1158 καταϐαλλόμενον
1470 1089 1735 1158 φυλακῆς.
1781 1089 1846 1141 Τί
1880 1086 1970 1143 οὖν
2003 1089 2065 1141 τὸ

485 1171 731 1242 ῦςρλημα,
759 1173 896 1238 ὅπερ
935 1170 1362 1240 ἀνεχωρήσαμεν
1400 1171 1705 1237 ὀφείλοντες
1755 1170 1984 1241 πρώηνς
2027 1171 2060 1241 ἢ

486 1256 581 1307 καὶ
622 1253 780 1306 τοῦτο
820 1254 961 1322 τάχα
1009 1251 1365 1322 ὲπιλέλησθε;
1416 1252 1624 1306 Οὐκοῦν
1670 1253 1882 1322 ἀνάγκη
1930 1255 2062 1323 παρ’

484 1336 643 1407 ἡμῶν
663 1337 807 1407 ὑμᾶς
824 1349 850 1377 ι
874 1335 1313 1405 ὑπομνησθῆναι,
1340 1336 1437 1389 καὶ
1464 1335 1731 1406 πρότερον
1754 1336 2063 1403 ἀναγνῶναι

484 1421 546 1472 τὸ
596 1420 968 1489 γραμματεῖον
993 1459 1007 1482 ,
1060 1417 1127 1470 δι’
1174 1413 1236 1472 οὗ
1299 1418 1395 1470 καὶ
1438 1417 1537 1487 τὴν
1580 1419 1851 1488 προτέραν
1895 1435 2065 1470 κατα-

487 1502 646 1572 ϐολὴν
690 1501 1085 1571 ἐποιησάμεθα,
1136 1500 1231 1552 καὶ
1272 1500 1394 1553 τίνα
1424 1495 1491 1569 ἦν
1539 1499 1605 1553 τὰ
1655 1500 2062 1570 καταϐληθέντα

488 1586 681 1647 εἰπεῖν,
713 1584 799 1635 ἵνα
830 1584 1028 1650 ἴδωμεν
1058 1585 1123 1635 ἐκ
1153 1582 1262 1633 τῶν
1290 1581 1739 1650 καταϐληθέντων
1771 1581 1840 1634 τὰ
1867 1582 2064 1634 λειπό-

489 1682 646 1735 μενα.
698 1665 832 1718 Τίνα
878 1662 972 1717 οῦν
1016 1666 1132 1716 ἐστι
1182 1664 1253 1716 τὰ
1297 1664 1705 1734 καταϐληθέντα
1752 1665 2057 1735 πρότερον;

485 1744 654 1801 Εἶπον
679 1750 797 1799 ἐκεῖ
814 1748 900 1809 τίς
919 1744 987 1817 ἦν
1009 1748 1038 1798 6
1062 1749 1122 1799 τὸ
1152 1747 1354 1817 βιϐλίον
1387 1748 1605 1817 γράψας
1639 1748 1749 1800 τῶν
1773 1748 2057 1818 Πράξεων,

486 1831 583 1884 καὶ
627 1832 712 1893 τίς
756 1833 784 1883 6
821 1832 1003 1901 πατὴρ
1034 1830 1128 1883 τοῦ
1168 1831 1327 1897 λόγου
1357 1830 1570 1883 τούτου·
1613 1830 1811 1903 μᾶλλον
1857 1830 1913 1882 δὲ
1960 1832 2058 1900 οὑχ

482 1917 513 1968 6
540 1914 720 1984 πατὴρ
757 1914 851 1966 τοῦ
882 1914 1063 1981 λόγου,
1092 1913 1207 1965 ἀλλ’
1237 1916 1265 1967 6
1305 1914 1550 1977 διάκονος
1574 1931 1588 1945 ο
1650 1915 1712 1967 οὑ
1757 1914 1867 1985 γὰρ
1896 1914 2058 1977 αὑτὸς

484 1999 639 2051 ἔτεκε
668 1998 736 2051 τά
765 1998 1047 2069 εἰρημένα,
1084 1997 1197 2049 ἀλλ’
1236 1997 1396 2060 αὐτὸς
1433 1997 1720 2068 διηκόνησε
1756 2001 1867 2061 τοῖς
1907 1997 2061 2067 είρη-

486 2081 688 2151 μένοις.

552 2161 717 2217 Εἶπον
751 2162 876 2233 περὶ¹
908 2162 1018 2215 τῶν
1046 2163 1305 2234 Πράξεων
1346 2162 1546 2228 αὑτῶν,
1580 2164 1675 2218 καὶ
1718 2164 1771 2216 τί
1816 2161 1934 2217 ποτ’
1966 2158 2061 2216 οὖν

484 2246 730 2316 βούλεται
760 2245 1094 2312 ἐνδείξασθαι
1125 2246 1186 2300 τὸ
1214 2245 1323 2298 τῶν
1365 2246 1623 2317 Πράξεων
1658 2246 1827 2316 ὄνομα
1846 2263 1860 2276 ·
1905 2241 2060 2299 εἷπον

482 2330 578 2382 καὶ
617 2330 747 2399 περὶ
775 2329 878 2399 τῆς
912 2327 1020 2381 τῶν
1045 2328 1357 2381 ἀποστόλων
1387 2330 1776 2400 προσηγορίας.
1819 2329 2055 2397 Ἀνάγκη

482 2412 665 2464 λοιπὸν
698 2413 889 2475 εἰπεῖν,
928 2411 1072 2473 τίνος
1116 2411 1301 2463 ἕνεκεν
1341 2412 1391 2463 οί
1433 2412 1674 2481 Πατέρες
1712 2409 1868 2480 ήμῶν
1901 2413 1959 2464 ἐν
1992 2413 2057 2481 τῇ

483 2496 830 2563 Πεντηκοστῇ
860 2494 921 2546 τὸ
949 2493 1148 2563 βιϐλίον
1173 2494 1281 2546 τῶν
1301 2493 1559 2565 Πράξεων
1588 2492 2058 2560 ἀναγινώσκεσθαι

483 2576 899 2645 ἐνομοθέτησαν.
926 2575 1081 2644 Τάχα
1103 2576 1213 2646 γὰρ
1241 2575 1519 2646 μέμνησθε
1541 2578 1622 2628 ὅτι
1648 2577 1741 2627 καλ.
1760 2574 1917 2627 τοῦτο
1937 2576 2058 2628 τότε

484 2657 836 2727 ὑπεσχόμεθα
878 2659 1041 2727 ἐρεῖν.
1097 2659 1170 2710 υὺ
1210 2659 1319 2729 γὰρ
1370 2657 1556 2722 ἀπλῶς
1603 2658 1725 2709 οὑδὲ
1768 2657 1892 2726 είκῆ
1932 2659 2058 2721 τοὺς

484 2741 709 2812 καιροὺς
741 2741 868 2809 ἡμῖν
896 2739 1116 2803 τούτους
1141 2741 1528 2811 παρετήρησαν
1556 2740 1605 2792 οἱ
1640 2738 1901 2809 Πατέρες,
1924 2739 2059 2792 ἀλλά

485 2822 623 2890 μετά
652 2838 796 2885 τινος
838 2821 994 2889 λόγου
1027 2821 1191 2889 σοφοῦ
1238 2825 1564 2890 πεποιήκασι
1600 2821 1786 2874 τοῦτο’
1836 2821 1934 2890 οὑχ
1972 2821 2058 2873 ἴνα

482 2904 587 2957 ὑπὸ
609 2904 852 2973 ἀνάγκην
870 2903 1078 2975 καιρῶν
1092 2904 1189 2976 τὴν
1211 2904 1522 2976 ἐλευθερίαν
1543 2906 1671 2975 ἡμῖν
1691 2903 2054 2970 ὑποϐάλωσιν,

481 2989 594 3040 ἀλλ’
641 2990 727 3041 ἵνα
769 2991 835 3059 τῇ
874 2988 982 3042 τῶν
1032 2988 1438 3059 ἀσθενεστέρων
1495 2991 1740 3060 πτωχεία
1782 3004 2059 3056 συγκαταο

482 3069 694 3133 ϐάντες,
721 3073 812 3124 ἐπὶ
841 3073 929 3124 τὸν
958 3072 1184 3126 πλοῦτον
1213 3073 1311 3142 τῆς
1343 3071 1594 3141 γνώσεως
1622 3073 1820 3136 αὐτοὺς
1849 3070 2059 3139 ἀναγά-

480 3171 639 3221 γωσι.
683 3155 793 3208 Καὶ
832 3157 913 3208 ὃτι
941 3157 1029 3210 διὰ
1071 3156 1227 3210 τοῦτο
1264 3158 1641 3228 παρατηροῦσι
1685 3159 1929 3227 καιροὺς,
1961 3158 2059 3225 οὐχ

483 3237 706 3298 ἑαυτοὺς
732 3239 798 3307 τῇ
826 3238 1037 3308 ἀνάγκη
1058 3238 1158 3306 τῆς
1179 3241 1611 3310 παρατηρήσεως
1639 3240 2051 3304 ὑποϐάλλοντες,

483 3318 619 3371 ἀλλὰ
650 3321 761 3382 τοῖς
806 3319 1213 3390 ἀσθενεστέροις
1260 3322 1605 3388 συγκατιέναι
1644 3324 2053 3391 σπουδάζοντες,

481 3403 713 3456 ἄκουσον
750 3402 802 3454 τί
835 3418 997 3472 φησιν
1029 3404 1057 3455 6
1086 3402 1326 3466 Παῦλοςο
1383 3404 1633 3473 Ἡμέρας
1669 3408 2057 3477 παρατηρεῖτε

480 3487 580 3541 καί
597 3485 795 3556 μῆνας
833 3487 933 3540 καὶ
963 3486 1207 3554 καιροὺς
1246 3488 1344 3542 καὶ
1372 3488 1719 3556 ἐνιαυτούς;
1762 3493 2057 3562 Φοϐοῦμαι

475 3568 561 3640 μή
590 3586 715 3635 πως
733 3567 865 3637 εὶ)ιῆ
895 3570 1225 3623 κεκοπίακα
1247 3573 1335 3635 είς
1353 3569 1530 3639 ὑμᾶς.
1571 3573 1643 3625 Σὺ
1677 3573 1733 3626 δὲ
1770 3574 1831 3626 οὑ
1877 3591 2056 3643 παρα-

481 3654 666 3722 τηρεῖς
700 3652 911 3723 ἡμέρας
940 3653 1033 3704 καὶ
1074 3654 1298 3722 καιροὺς
1328 3654 1422 3706 καὶ
1462 3654 1771 3722 ἐνιαυτούς;
1826 3656 1889 3709 Τί
1919 3654 2011 3710 οὖν
2038 3674 2055 3722 ;

381 3738 387 3744 ’
482 3736 531 3787 εί
567 3734 762 3804 ἴδωμεν
793 3734 884 3788 τὸν
914 3733 1191 3787 κωλύοντα
1220 3738 1556 3807 παρατηρεῖν
1583 3738 1795 3806 ἡμέρας
1833 3738 1925 3791 καὶ
1955 3739 2058 3809 μῆ-

480 3834 577 3880 νεις
603 3818 696 3870 καὶ
726 3819 949 3888 καιροὺς
982 3819 1075 3871 καὶ
1109 3819 1387 3883 ἐνιαυτοὺς
1416 3820 1834 3890 παρατηροῦντα
1862 3822 2054 3888 ταῦτα,

478 3900 533 3955 τί
560 3901 789 3972 ἐροῦμεν
814 3941 829 3965 ,
880 3903 1002 3956 είπέ
1050 3919 1176 3973 μοις
1225 3903 1307 3955 ὅτι
1340 3903 1567 3974 μάχεται
1602 3904 1799 3974 ἐαυτῷ,
1840 3906 1933 3959 καὶ
1965 3924 2055 3975 φι-

480 3984 739 4051 λονεικεῖ;
775 3985 866 4057 Μὴ
892 3986 1133 4054 γένοιτοί
1171 3984 1286 4039 ἀλλ’
1331 3987 1412 4038 ὅτι
1453 3985 1561 4038 τῶν
1594 3988 2055 4058 παρατηρούντων

478 4068 603 4130 τοὺς
634 4069 857 4139 καιροὺς
882 4068 979 4136 τὴν
1011 4066 1292 4119 ἀσθένειαν
1321 4068 1526 4120 ἀνελεῖν
1566 4068 1885 4138 βουλόμενος
1925 4088 2056 4139 συγ-

480 4150 797 4202 καταϐαίνει
844 4150 931 4201 διά
977 4150 1075 4217 τῆς
1131 4150 1565 4220 παρατηρήσεως
1609 4151 1743 4221 πρὸς
1791 4154 2052 4218 ἐκείνους.

480 4229 636 4281 Οὕτω
663 4230 757 4281 καὶ
794 4230 967 4299 ίατροὶ
1001 4229 1231 4295 ποιοῦσι,
1266 4230 1374 4282 τῶν
1414 4230 1598 4283 σιτίων
1626 4232 1732 4289 τῶν
1766 4233 2079 4303 διδομένων-

478 4314 589 4374 τοῖς
618 4312 862 4364 νοσοῦσιν
891 4312 1248 4381 ἀπογεύονται
1280 4314 1563 4384 πρότερον,
1610 4314 1709 4368 οὐκ
1749 4317 1902 4370 αὐτοὶ
1943 4317 2055 4372 δεόο

482 4411 633 4465 μενοι
705 4393 813 4447 τῶν
870 4395 1054 4449 σιτίων
1079 4437 1093 4460 ,
1149 4395 1285 4449 ἀλλά
1343 4397 1441 4467 τὴν
1498 4398 1720 4452 ἐκείνων
1772 4400 2052 4455 ἀσθένειαν

477 4476 766 4547 διορθῶσαι
789 4478 1196 4542 σπουδάζοντες.
1221 4479 1374 4532 Οῦτω
1395 4481 1490 4534 καὶ
1509 4484 1535 4534 6
1556 4483 1762 4546 Παῦλος
1778 4485 2049 4556 ἐποίησεν·

477 4559 627 4613 οὐδὲν
655 4560 905 4630 δεόμενος
934 4563 1033 4632 τῆς
1062 4566 1496 4634 παρατηρήσεως
1532 4565 1640 4619 τῶν
1673 4567 1899 4638 καιρῶν,
1928 4569 2053 4632 τοὺς

479 4644 702 4713 καιροὺς
724 4645 1007 4717 ἐτήρησεν,
1033 4646 1120 4700 ἵνα
1146 4648 1272 4710 τοὺς
1295 4648 1750 4719 παρατηροῦντας
1768 4651 2052 4724 ἀπαλλάξῃ

475 4725 576 4794 τῆς
602 4724 883 4790 ἀσθενείας
925 4729 1024 4798 τῆς
1051 4731 1191 4783 κατὰ
1229 4730 1323 4800 τήν
1356 4733 1753 4803 παρατήρησιν.
1803 4734 1914 4787 Καὶ
1947 4735 2048 4787 ποῦ

477 4809 833 4880 παρετήρησε
884 4814 1109 4883 καιροὺς
1158 4814 1186 4865 6
1244 4814 1494 4881 Παῦλος;
1561 4816 1858 4887 Προσέχετε
1910 4818 2052 4887 μετά

474 4891 778 4962 ἀκριϐείας,
811 4895 1131 4963 παρακαλῶ.
1184 4897 1263 4965 Τῇ
1289 4896 1355 4950 δὲ
1375 4898 1653 4967 ἐπιούσῃ,
1692 4901 1844 4970 φησὶ,
1911 4917 2052 4953 κατ-

473 4976 855 5043 επλεύσαμεν
884 4979 968 5043 είς
987 4978 1273 5044 Μίλητον.
1303 4982 1574 5047 Κεκρίκει
1614 4982 1721 5051 γὰρ
1751 4985 1783 5035 ό
1812 4983 2053 5049 Παῦλος

475 5058 898 5124 παραπλεῦσαι
963 5059 1079 5126 τὴν
1127 5062 1407 5130 Ἔφεσον,
1462 5064 1623 5131 ὅπως
1668 5064 1755 5133 μὴ
1807 5065 2051 5135 ⁴γένηται

472 5137 633 5203 αὐτῷ
662 5141 1116 5211 χρονοτριϐῆσαι
1144 5145 1213 5197 ἐν
1253 5145 1328 5212 τῇ
1361 5147 1542 5215 Ἀσίᾳ.
1590 5150 1887 5203 Ἕσπευδε
1917 5151 2046 5219 γὰρ,

471 5224 525 5275 εί
562 5221 825 5275 δυνατὸν
862 5220 942 5291 ἦν
973 5223 1151 5289 αὐτῷ,
1187 5227 1303 5292 τὴν
1336 5229 1568 5297 ἡμέραν
1594 5231 1706 5297 τῆς
1745 5234 2047 5300 Πέντηκο-

469 5305 627 5374 στῆς
649 5305 923 5377 γενέσθαι
944 5309 1031 5374 είς
1064 5310 1463 5381 Ἰεροσόλυμα.
1488 5311 1640 5378 Εἶδες
1667 5316 1783 5380 πῶς
1803 5320 1832 5371 6
1855 5317 2047 5385 λέγων,

481 5389 722 5459 Ἡμέρας
746 5388 833 5461 μὴ
858 5392 1291 5461 παρατηρεῖσθε
1312 5395 1410 5448 καὶ
1434 5395 1633 5465 μῆνας
1654 5400 1752 5454 καὶ
1783 5401 2047 5469 καιροὺς,

465 5473 570 5544 τὴν
598 5474 809 5548 ἡμέραν
837 5476 939 5547 τῆς
969 5477 1350 5549 Πεντηκοστῆς
1382 5482 1720 5553 παρετήρει;

471 5617 984 5742 1F‘JLz‘Siltznffrrc:clnm
1029 5638 1134 5677 cum
1170 5625 1371 5679 Venetis
1417 5627 1468 5678 in
1515 5627 1719 5678 Emend.
1766 5629 2048 5694 Legebamu-

492 5718 500 5741 ,
598 5718 608 5729 .
765 5721 775 5732 .

492 5718 608 5741 ον’-ν
644 5718 775 5732 κνη-

1184 319 1243 373 S.
1286 318 1568 375 JOANNIS
1605 312 2091 375 CIIRYSOSTOMI
2135 312 2456 375 ARCHIEP.
2496 319 3047 378 CONSTANTINOP.

3642 318 3775 377 ωε

2247 432 2363 506 [86]
2400 430 2462 486 δ’.
2486 433 2596 487 Καὶ
2621 433 2680 485 οὐ
2711 433 2870 504 μόνον
2895 434 3110 505 ἡμέραν
3142 431 3462 504 παρετήρει,
3492 434 3626 488 ἀλλά
3652 422 3751 492 καὶ

2171 522 2334 574 τόπον
2359 537 2374 553 ·
2425 521 2486 573 οὑ
2514 521 2623 592 γάρ
2659 522 2817 592 μόνον
2845 522 2943 592 τὴν
2972 522 3184 593 ἡμέραν
3231 522 3331 592 τῆς
3364 524 3755 596 Πεντηκοσνῆς

2172 610 2397 664 ἔσπευδε
2445 612 2691 680 ποιῆσαι,
2736 612 2872 665 ἀλλά
2918 613 3012 665 καὶ
3049 614 3108 664 ἐν
3148 612 3543 683 Ἱεροσολύμοις
3576 614 3754 684 αὑτὴν

2170 702 2500 755 ἐπιτελέσαι.
2547 702 2613 754 Τί
2642 701 2799 756 τοῦτο
2836 706 3030 768 ποιεῖς,
3060 697 3105 755 ὧ
3138 704 3376 775 μακάριε
3404 704 3617 770 Παῦλε;
3663 704 3748 760 Τὰ

2182 790 2529 860 Ἱεροσόλυμα
2558 791 2849 863 κατελύθη,
2869 792 3138 863 ἠρημώθη
3167 794 3237 847 τά
3254 795 3420 862 Ἀγια
3447 794 3555 847 τῶν
3576 795 3749 864 ἁγίων

2171 880 2236 947 τῇ
2263 876 2355 930 τοῦ
2383 877 2516 931 Θεοῦ
2539 879 2722 949 ψήφῳ,
2751 882 2785 950 ἡ
2813 880 3053 933 πολιτεία
3095 883 3127 951 η
3156 885 3397 955 προτέρα
3425 884 3615 953 ἐλύθη.
3668 886 3747 938 Σὺ

2170 968 2306 1039 πρὸς
2333 966 2576 1033 Γαλάτας
2605 969 2732 1039 βοᾷς
2760 971 2961 1040 λέγων’
2995 975 3062 1025 Ol
3089 973 3159 1026 ἐν
3185 974 3345 1042 νίξμῳ
3370 974 3750 1029 δικαιοῦσθαι

2166 1056 2652 1125 προσδοκῶντες,
2698 1059 2809 1128 τῆς
2854 1060 3091 1129 χάριτος
3137 1063 3498 1127 ἐξεπέσατε·
3558 1065 3653 1118 καλ⁵
3688 1063 3748 1118 τί

2166 1149 2325 1204 πάλιν
2356 1151 2503 1221 ἡμᾶς
2532 1154 2669 1223 πρὸς
2695 1153 2794 1223 τὴν
2817 1152 3058 1207 δουλείαν
3084 1154 3240 1223 ἄγεις
3271 1155 3365 1209 τοῦ
3388 1155 3586 1225 νόμους
3631 1156 3748 1208 Οὐκ

2166 1239 2280 1293 ἔστι
2309 1243 2501 1313 μικρὸν
2535 1243 2595 1296 τὸ
2624 1242 2959 1314 κινούμενον,
2998 1244 3189 1315 μαθεῖν
3223 1249 3271 1301 εἰ
3306 1246 3538 1315 μάχεται
3569 1245 3746 1315 ἐαυτῷ

2163 1330 2192 1381 6
2218 1331 2448 1394 Παῦλος.
2482 1330 2616 1385 Οὑδέ
2642 1330 2749 1402 γάρ
2775 1332 2988 1403 ἡμέρας
3017 1333 3177 1403 μόνον
3209 1336 3515 1405 παρατηρεῖ
3539 1336 3567 1387 6
3596 1333 3745 1386 Παῦ-

2162 1421 2271 1485 λος,
2306 1421 2440 1477 ἀλλά
2471 1423 2565 1477 καὶ
2593 1423 2725 1478 ἄλλα
2759 1423 3017 1492 φυλάττει
3043 1426 3245 1494 νομικά
3289 1424 3741 1496 παραγγέλματα,

2164 1508 2258 1561 καὶ
2306 1507 2405 1578 βοᾷ.
2450 1509 2622 1577 λέγων
2653 1512 2766 1573 τοῖς
2800 1512 2841 1567 Γ
2844 1511 3100 1575 αλάταις⁶
3161 1512 3302 1568 Ἰδοὺ
3348 1513 3465 1581 ἐγὼ
3500 1512 3745 1578 Παῦλος

2161 1593 2317 1663 λέγω
2342 1595 2503 1663 ὑμῖν,
2535 1596 2622 1650 ὅτι
2656 1598 2764 1651 ἐὰν
2799 1599 3252 1668 περιτέμνησθε,
3292 1600 3548 1667 Χριστὸς
3587 1597 3745 1669 ὑμᾶς

2162 1680 2345 1734 οὐδὲν
2373 1682 2693 1750 ὠφελήσει.

2233 1775 2403 1844 Οὗτος
2428 1782 2607 1834 τοίνυν
2637 1785 2665 1835 6
2690 1782 2920 1847 Παῦλος,
2955 1785 2984 1836 6
3012 1784 3187 1853 λέγων
3212 1786 3293 1839 ὅτι
3344 1785 3480 1839 Ἐὰν
3518 1784 3744 1854 περιτέ-

2156 1876 2412 1937 μνησθε,
2453 1871 2705 1937 Χριστὸς
2742 1871 2895 1941 ὑμᾶς
2928 1872 3110 1927 οὐδὲν
3138 1874 3458 1943 ὠφελήσει,
3494 1875 3742 1943 φαίνεται

2161 1959 2321 2022 αὐτὸς
2349 1961 2687 2030 περιτέμνων
2714 1963 2803 2015 τὸν
2834 1964 3115 2034 Τιμόθεον.
3146 1963 3337 2035 Εὑρὼν
3370 1965 3499 2035 γάρ,
3550 1967 3740 2034 φησὶν,

2160 2050 2189 2100 6
2219 2049 2429 2114 Παῦλος
2480 2053 2537 2103 ἐν
2580 2052 2847 2124 Λύστροις
2877 2053 2998 2107 τινά
3035 2055 3273 2119 νεανίαν,
3323 2055 3437 2109 υίὸν
3476 2056 3742 2119 ἰουδαίας

2159 2139 2416 2206 γυναικὸς
2466 2140 2683 2210 πιστῆς,
2733 2142 2939 2213 πατρὸς
2986 2143 3044 2195 δὲ
3082 2144 3364 2215 Ἕλληνος,
3418 2144 3747 2215 περιέτεμεν

2159 2228 2319 2282 αὐτόν
2339 2244 2352 2259 ο
2403 2229 2502 2283 οὑκ
2547 2228 2796 2284 ἐϐούλετο
2820 2230 2927 2301 γὰρ
2954 2231 3289 2303 ἀκρόϐυστον
3323 2233 3562 2304 πέμπειν
3590 2234 3741 2288 διδά-

2160 2317 2377 2372 σκαλον.
2409 2319 2473 2371 Τί
2499 2318 2655 2372 τοῦτο
2683 2323 2877 2387 ποιεῖς,
2902 2316 2946 2375 ὦ
2977 2323 3216 2394 μακάριε
3246 2324 3457 2389 Παῦλε;
3496 2325 3742 2397 ἀναιρεῖς

2158 2408 2235 2478 τῷ
2253 2409 2396 2479 λόγῳ
2425 2410 2524 2479 τὴν
2552 2411 2872 2482 περιτομὴν,
2896 2415 2988 2466 καὶ
3008 2413 3243 2483 βεϐαιοῖς
3270 2415 3348 2485 τῷ
3371 2415 3518 2485 ἔργῳ
3539 2416 3736 2478 πάλιν;

2169 2500 2244 2553 Οὑ
2275 2498 2498 2569 βεϐαιῶ,
2533 2502 2715 2569 φησὶν,
2749 2502 2863 2555 ἀλλ’
2896 2503 3103 2575 ἀναιρῶ
3127 2505 3216 2557 διὰ
3254 2505 3363 2558 τῶν
3392 2505 3586 2577 ἔργων.
3626 2506 3743 2560 Καὶ

2158 2590 2268 2659 γάρ
2294 2589 2410 2652 υίὸς
2442 2592 2700 2657 γυναικὸς
2739 2588 2807 2663 ἦν
2848 2594 3107 2658 Ἰουδαίας
3139 2594 3336 2665 πιστῆς
3370 2596 3397 2647 6
3447 2594 3735 2666 Τιμόθεος,

2159 2681 2366 2754 πατρὸς
2412 2681 2469 2735 δέ
2511 2682 2791 2753 Ἕλληνος,
2827 2685 3166 2753 ἀκροϐύστου
3197 2685 3255 2737 δὲ
3309 2686 3521 2753 γένους.
3583 2685 3740 2738 Ἐπεὶ

2158 2768 2250 2825 οῦν
2284 2772 2503 2844 ἔμελλεν
2549 2775 2711 2828 αὑτὸν
2738 2777 2766 2828 ὁ
2801 2776 3013 2840 Παῦλος
3055 2778 3406 2849 προπέμπειν
3447 2778 3562 2839 τοῖς
3585 2777 3736 2830 Ἰου-

2156 2855 2325 2918 δαίοις
2394 2856 2712 2911 διδάσκαλον
2739 2900 2753 2924 ,
2812 2859 2913 2912 οὑκ
2975 2860 3226 2913 ἐϐούλετο
3290 2859 3347 2912 δὲ
3399 2858 3736 2930 ἀκρόϐυστον

2158 2939 2409 3009 πέμψαι,
2466 2940 2551 2993 ἴνα
2587 2941 2659 3011 μὴ
2708 2942 2905 3004 εὐθέως
2941 2943 3049 2996 ἀπὸ
3096 2942 3205 2996 τῶν
3252 2943 3553 3013 προοιμίων
3599 2944 3736 2995 dnuo-

2156 3021 2348 3092 κλείσῃ
2387 3022 2486 3085 τάς
2520 3022 2687 3093 θύρας
2717 3023 2797 3092 τῷ
2836 3024 3000 3095 λόγῳ.
3052 3024 3425 3095 Προοδοποιῶν
3461 3024 3638 3077 τοίνυν
3666 3025 3733 3093 τῇ

2158 3107 2433 3176 ἀναιρέσει
2459 3109 2555 3177 τῆς
2583 3109 2885 3179 περιτομῆς
2905 3148 2919 3170 ,
2967 3111 3062 3161 καὶ
3085 3109 3316 3177 ἀνοίγων
3351 3108 3468 3162 ὁδὸν
3497 3110 3562 3178 τῇ
3592 3108 3740 3160 διδα-

2158 3187 2354 3257 σκαλίᾳ
2401 3188 2495 3240 τοῦ
2539 3189 2828 3259 Τιμοθέου,
2874 3190 3202 3260 περιέθηκεν
3236 3189 3386 3261 αὑτῷ
3414 3188 3736 3260 περιτομὴν,

2159 3270 2244 3323 ίνα
2281 3270 2445 3343 ἀνέλῃ
2496 3273 2819 3342 περιτομήν.
2868 3272 2967 3325 Διά
2994 3273 3152 3326 τοῦτό
3181 3289 3365 3344 φησιν,
3408 3274 3740 3341 Ἐγενόμην

2154 3360 2280 3426 τοῖς
2320 3360 2635 3427 Ἰουδαίοις
2677 3363 2758 3427 ὡς
2792 3363 3082 3428 Ἰουδαῖος
3113 3379 3129 3394 ⁸
3188 3363 3285 3432 οὐχ
3336 3363 3424 3416 ἴνα
3481 3363 3740 3426 Ἰουδαῖος

2154 3444 2397 3514 γένηται,
2435 3444 2594 3496 τοῦτο
2626 3446 2846 3515 εἴρηκεν
2876 3447 2904 3498 6
2943 3446 3175 3510 Παῦλος,
3217 3446 3332 3499 ἀλλ’
3360 3447 3446 3500 ἵνα
3479 3448 3605 3509 τοὺς
3635 3445 3734 3515 μέ-

2154 3543 2345 3590 νοντας
2384 3528 2669 3592 Ἰουδαίους
2695 3530 2858 3603 πείσῃ
2891 3531 3085 3601 μηκέτι
3111 3527 3251 3583 εἶναι
3287 3531 3594 3592 Ἰουδαίους·
3647 3530 3737 3582 διὰ

2153 3610 2311 3662 τοῦτο
2341 3611 2434 3663 καὶ
2479 3610 2669 3664 τοῦτον
2720 3613 3066 3684 περιέτεμεν,
3115 3615 3202 3667 ἵνα
3242 3615 3407 3687 ἀνέλῃ
3440 3615 3540 3683 τὴν
3580 3630 3737 3682 περιο

2154 3693 2349 3761 τομήν.
2397 3692 2477 3764 Τῇ
2525 3697 2794 3765 περιτομῇ
2841 3695 3021 3748 τοίνυν
3073 3696 3214 3749 κατά
3269 3696 3373 3765 τῆς
3433 3695 3737 3765 περιτομῆς

2157 3774 2444 3844 ἐχρήσατο.
2482 3774 2679 3828 Ἐλαϐε
2699 3777 2808 3846 γὰρ
2838 3777 3138 3849 περιτομὴν
3158 3779 3250 3830 καὶ
3274 3781 3302 3832 6
3335 3778 3619 3849 Τιμόθεος,
3645 3779 3735 3829 ίνα

2155 3856 2356 3927 δυνηθῇ
2407 3856 2812 3928 παραδεχθῆναι
2844 3858 2953 3912 ὑπὸ
2988 3859 3098 3912 τῶν
3154 3860 3443 3923 Ἰουδαίων,
3488 3860 3585 3913 καὶ
3621 3861 3736 3911 είσ-

2156 3940 2324 3994 ελθὼν
2385 3942 2527 3995 κατὰ
2595 3941 2790 4014 μικρὸν
2837 3941 3097 4013 ἐξελκύση
3139 3942 3343 4013 ταύτης
3392 3943 3590 4004 αὐτοὺς
3631 3941 3735 4010 τῆς

2158 4025 2610 4095 παρατηρήσεως.
2648 4021 2799 4087 Εἶδες
2838 4024 2980 4088 τίνος
3010 4025 3194 4078 ἕνεκεν
3229 4025 3323 4079 καὶ
3359 4023 3733 4095 Πεντηκοστὴν

2156 4105 2251 4158 καὶ
2298 4104 2599 4175 περιτομὴν
2649 4107 2913 4177 ἐτήρησεν
2954 4109 2984 4161 6
3022 4108 3269 4174 Παῦλος;
3323 4107 3588 4161 Βούλεσθε
3638 4107 3733 4160 καὶ

2154 4187 2290 4241 ἀλλα
2318 4189 2447 4257 ὑμῖν
2474 4187 2740 4252 ἀποδείξω
2777 4189 2982 4259 νόμιμα
3025 4190 3294 4262 τηροῦντα
3321 4192 3516 4255 αὑτόνς
3552 4192 3732 4261 Προσ-

2154 4271 2306 4341 έχετε
2348 4271 2607 4343 ἀκριϐῶς.
2664 4272 2885 4342 Ἀνῆλθέ
2929 4290 3059 4326 ποτε
3093 4277 3172 4337 είς
3214 4275 3597 4345 Ἰεροσόλυμα,
3640 4272 3733 4326 καὶ

2156 4355 2355 4418 ἰδόντες
2396 4354 2559 4408 αὑτὸν
2588 4356 2638 4407 οἱ
2667 4355 2953 4409 ἀπόστολοι
2994 4356 3180 4423 ἔλεγον
3223 4357 3395 4426 αὐτῷ·
3450 4355 3729 4423 Θεωρεῖς.

2152 4437 2379 4507 ἀδελφέ
2407 4436 2642 4501 Παῦλε,
2689 4440 2874 4493 πόσαι
2908 4439 3199 4508 μυριάδες
3223 4439 3389 4494 εἰσὶν
3438 4438 3734 4492 Ἰουδαίων

2151 4518 2272 4574 τῶν
2320 4521 2829 4586 συνεληλυθότων
2849 4558 2867 4583 ,
2928 4521 3027 4574 καὶ
3076 4517 3242 4577 οὗτοι
3299 4519 3524 4585 πάντες
3589 4536 3730 4573 κατ-

2151 4603 2410 4673 ήχηνται
2441 4603 2575 4669 περὶ
2599 4603 2739 4665 σοῦ,
2755 4604 2844 4656 ὄτι
2871 4605 3256 4658 ἀποστασίαν
3272 4602 3387 4658 ἀπὸ
3414 4602 3520 4657 τοῦ
3546 4602 3732 4670 νόμου

2151 4685 2477 4750 διδάσκεις.
2523 4684 2589 4739 Τί
2618 4681 2767 4749 οὗν;
2803 4686 3071 4752 Ποίησον
3100 4685 3133 4740 ὅ
3161 4703 3259 4741 σοι
3281 4685 3559 4754 λέγομεν.
3591 4687 3729 4740 Εἰσί

2151 4769 2286 4835 παρ’
2306 4767 2453 4837 ἡμῖν
2483 4768 2697 4835 ἄνδρες
2714 4767 2908 4837 εὐχὴν
2927 4768 3172 4836 ἔχοντες
3199 4769 3269 4821 ἐν
3287 4767 3525 4833 ἑαυτοῖς
3539 4783 3554 4797 ι
3597 4767 3731 4820 τού-

2151 4868 2293 4917 τους
2317 4848 2519 4904 λιιϐὼν
2556 4850 2870 4919 ἁγνίσθητι
2900 4849 3024 4903 σὺν
3057 4851 3285 4915 αὐτοῖς,
3325 4851 3422 4905 καὶ
3473 4850 3729 4917 ξιίρησαι

2150 4934 2265 5002 τὴν
2298 4933 2575 5003 κεφαλὴν
2601 4936 2730 5002 μετ’
2753 4934 2970 4999 αὐτῶν,
3007 4935 3108 4987 ἵνα
3140 4935 3292 5002 ἔργῳ
3325 4930 3726 4993 πιστωθῶσιν,

2150 5017 2241 5070 ὅτι
2276 5011 2364 5070 ὧν
2399 5015 2767 5084 κατήχηνται
2800 5017 2936 5085 περὶ
2976 5017 3095 5071 σοῦ
3124 5017 3305 5070 οὐδέν
3338 5017 3530 5079 ἐστιν,
3571 5014 3731 5070 ἀλλὰ

2151 5099 2348 5167 τηρεῗς
2373 5098 2470 5151 καὶ
2496 5097 2680 5163 αὐτὸς
2712 5098 2821 5152 τὸν
2842 5101 3031 5167 νόμον
3058 5098 3165 5153 τοῦ
3191 5099 3509 5163 Μωῦσέως.
3544 5096 3726 5150 Ετδετε

2152 5182 2555 5251 συγκατάϐασιν
2585 5180 2928 5251 θαυμασίαν;
2973 5184 3215 5250 Καιροὺς
3257 5183 3604 5254 παρατηρεῖ,
3640 5180 3729 5233 ἵνα

2148 5265 2309 5336 ἀνέλῃ
2340 5264 2546 5334 καιρῶν
2566 5265 2950 5335 παρατήρησιν
2970 5280 2985 5296 ’
3034 5264 3329 5335 περιτομὴν
3359 5263 3723 5335 περιτίθησιν.

2150 5348 2236 5400 ἵνα
2265 5347 2449 5418 παύσῃ
2478 5347 2776 5416 περιτομήν
2797 5363 2811 5377 ο
2860 5346 3050 5401 θυσίαν
3078 5346 3366 5416 προσάγει,
3406 5346 3494 5399 ἴνα
3524 5343 3723 5414 καθέλῃ

2147 5429 2244 5498 τὴν
2291 5431 2670 5500 παρατήρησιν
2723 5428 2831 5482 τῶν
2872 5428 3094 5484 θυσιῶν.
3158 5431 3269 5483 Καὶ
3316 5430 3400 5482 ὅτι
3437 5427 3527 5480 διὰ
3567 5425 3724 5480 τοῦτο

2147 5513 2317 5567 ταῦτα
2348 5512 2540 5576 ἐποίει,
2571 5511 2800 5565 ἄκουσον
2833 5511 2995 5564 αὑτοῦ
3022 5511 3291 5577 λέγοντος·
3325 5509 3442 5583 [87]
3497 5508 3722 5580 Ἐγενό-

2141 5615 2269 5666 μην
2298 5596 2423 5661 τοῖς
2458 5595 2579 5651 ὑπὸ
2638 5595 2853 5662 νόμον,
2910 5596 2991 5659 ὡς
3028 5598 3143 5648 ὑπο
3181 5595 3390 5663 νόμον,
3436 5596 3537 5648 ἵνα
3585 5591 3722 5657 τοὺς

2149 5684 2263 5739 ὑπὸ
2294 5683 2480 5749 νόμον
2501 5676 2789 5745 κερδήσω,
2810 5678 2906 5732 καὶ
2930 5679 3238 5746 ἐλεύθερος
3254 5675 3341 5732 ὢν
3356 5678 3429 5732 ἐκ
3454 5677 3720 5748 πάντων,
