4060 6252
319 336 414 392 101

319 452 536 522 sciplina
565 455 609 502 et
636 441 947 512 correptione
975 436 1180 492 Domini
1219 432 1432 502 (Ephes.
1463 431 1517 486 6.
1543 429 1622 498 4).
1667 425 1792 482 llaec
1822 431 1904 477 est

320 556 528 614 patrum
570 551 698 594 cura
739 530 1128 604 pulcherrima,
1165 526 1282 580 hinc
1325 535 1577 592 germana
1625 523 1901 588 parentum

319 613 624 694 sollicitudo
657 628 822 684 :hiuc
860 638 962 693 ego
987 629 1194 676 naturas
1235 613 1608 685 cognationem
1651 620 1904 677 agnosco,

322 730 366 782 si
391 729 510 797 plus
533 727 583 778 in
611 717 904 790 spiritualia
930 713 1090 770 studii
1116 709 1412 764 conferant.
1441 703 1546 797 sed
1574 702 1704 797 satis
1730 697 1907 797 indul—

325 791 432 874 tum
475 817 546 870 sit
573 809 882 882 prooemiis;
919 807 1028 874 jam
1059 813 1280 856 necesse
1308 806 1389 852 est
1428 795 1494 850 ad
1517 791 1902 848 exsolutiouem

323 907 486 963 debiti
513 880 790 960 veniamus
821 918 836 952 :
879 897 979 952 hac
1008 896 1150 949 enim
1183 890 1248 944 de
1274 901 1433 942 causa
1461 884 1726 954 prolixum
1763 880 1906 932 hunc

319 1009 374 1055 et
407 998 684 1068 copiosum
727 991 991 1048 texuimus
1036 985 1188 1039 vobis
1236 992 1568 1042 sermonem,
1599 983 1655 1030 ut
1693 989 1755 1028 ea
1784 986 1904 1068 quae

323 1062 671 1146 nume—rantur
697 1101 816 1140 cum
855 1093 1060 1134 summa
1096 1075 1340 1130 cautione
1377 1066 1696 1137 suscipiatis.
1727 1062 1907 1130 Quod-

321 1198 444 1237 nam
471 1195 602 1248 ergo
629 1177 862 1230 debitum
892 1171 1010 1236 fuit,
1035 1183 1140 1235 quo
1164 1171 1436 1220 contracto
1461 1172 1631 1226 nuper
1649 1154 1904 1248 discessi-

322 1273 478 1328 mus?
503 1243 570 1324 an
599 1281 726 1322 vero
771 1264 910 1318 illius
939 1261 1118 1318 forsan
1153 1254 1304 1310 obliti
1347 1250 1512 1306 estis?
1541 1249 1721 1316 Itaque
1757 1243 1906 1298 vobis

321 1365 376 1418 iu
407 1357 718 1416 memoriam
749 1368 780 1407 a
807 1351 962 1406 nobis
991 1359 1212 1402 necesse
1247 1351 1334 1398 est
1363 1337 1624 1401 revocari,
1654 1335 1906 1404 priusque

319 1452 672 1528 syngrapham
701 1448 824 1516 legi,
865 1443 1018 1511 cujus
1053 1453 1216 1528 Opera
1247 1435 1392 1505 prior
1427 1430 1750 1528 solutio-est
1778 1441 1906 1528 pcr-

318 1517 456 1610 acta,
485 1517 538 1598 et
557 1552 799 1610 quamam
825 1533 1072 1588 fuerinta
1097 1527 1250 1582 nobis
1283 1529 1558 1578 numerata
1579 1561 1592 1585 ,
1621 1517 1904 1574 dicendum

317 1647 423 1701 est,
457 1645 513 1689 ut
557 1649 620 1688 ex
653 1631 718 1684 iis
745 1643 864 1696 qum
911 1629 1188 1677 numerata
1225 1626 1379 1680 sunt,
1408 1629 1526 1683 quae
1570 1612 1676 1666 sint
1703 1610 1902 1678 reliqua

317 1731 612 1784 videamus.
665 1725 918 1788 Quaenam
971 1715 1132 1784 igitur
1181 1710 1328 1782 prius
1364 1721 1394 1760 a
1435 1705 1590 1760 nobis
1627 1711 1902 1757 numerata

318 1819 478 1873 sunt?
509 1814 623 1870 Dixi
671 1823 780 1865 tum
820 1805 1072 1874 temporis
1113 1817 1144 1854 a
1186 1815 1290 1870 quo
1316 1797 1544 1866 scriptus
1575 1794 1731 1848 fuerit
1769 1792 1906 1846 liber

322 1915 582 1970 Actorum,
631 1900 840 1970 etquis
881 1895 1060 1966 operis
1114 1893 1266 1946 istius
1315 1897 1502 1942 auctor
1537 1885 1740 1940 fuerit:
1795 1883 1904 1939 imo

321 2013 452 2056 vero
477 2013 580 2052 non
608 1995 728 2064 quis
747 1999 932 2044 auctor
967 1985 1173 2056 Operis,
1198 1981 1292 2037 sed
1330 1981 1448 2050 quis
1477 1976 1721 2033 minister
1752 1993 1766 2030 :
1797 1991 1902 2029 non

322 2093 466 2147 enim
509 2089 598 2143 ille
635 2100 752 2156 quae
791 2082 932 2137 dicta
959 2086 1083 2134 sunt
1105 2073 1372 2146 produxit,
1403 2069 1498 2126 sed
1529 2069 1594 2123 iis
1621 2083 1740 2138 quae
1766 2067 1905 2122 dicta

319 2193 444 2240 sunt
473 2177 809 2236 ministravit.

393 2275 496 2330 Cur
514 2274 564 2326 in
581 2272 878 2326 Pentecoste
902 2266 1132 2335 legantur
1151 2261 1277 2314 Acta
1299 2257 1673 2328 Apostolorum.
1702 2283 1774 2292 —
1791 2252 1904 2306 Dixi

319 2369 388 2423 de
415 2365 562 2421 Actis
593 2363 743 2432 ipsis,
779 2368 833 2413 et
869 2356 997 2426 quid
1023 2353 1234 2407 tandem
1262 2351 1360 2404 sibi
1383 2348 1510 2402 velit
1548 2361 1742 2400 nomen
1777 2343 1904 2396 illud

321 2461 598 2522 Actorum,
617 2451 724 2506 dixi
739 2449 899 2506 etiam
915 2446 984 2500 de
1000 2443 1374 2514 Apostolorum
1386 2437 1761 2509 appellatione.
1785 2435 1903 2489 Jam

323 2563 540 2606 necesse
592 2553 674 2599 est
715 2542 975 2604 dicamus,
1004 2551 1106 2605 qua
1131 2533 1198 2587 de
1223 2545 1381 2586 causa
1409 2527 1690 2583 statuerint
1728 2534 1904 2594 patres

323 2640 512 2705 nostri,
531 2646 591 2692 ut
619 2635 752 2689 liber
779 2635 1031 2686 Actorum
1055 2627 1106 2680 in
1121 2625 1440 2680 Pentecoste
1463 2620 1747 2689 legeretur.
1773 2615 1906 2670 For-

323 2742 465 2786 tasse
480 2740 706 2796 namque
724 2720 1038 2777 meministis
1055 2717 1156 2769 hoc
1169 2727 1380 2784 quoque
1399 2719 1508 2764 tum
1529 2709 1792 2778 pollicitos
1809 2721 1906 2761 nos

323 2837 444 2877 esse
471 2821 727 2874 dicturos.
757 2813 936 2882 Neque
956 2809 1098 2863 enim
1121 2817 1320 2860 temere
1341 2813 1396 2858 et
1421 2805 1540 2856 sine
1565 2815 1726 2855 causa
1753 2799 1908 2853 nobis

327 2915 439 2968 haec
465 2921 702 2978 tempora
731 2913 910 2974 patres
938 2902 1312 2962 observarunt,
1341 2895 1434 2949 sed
1465 2891 1710 2963 prudenti
1734 2892 1908 2961 aliqua

325 3006 532 3060 ratione
555 2997 703 3054 ducti
729 2997 780 3050 id
806 3004 1030 3063 egerunt
1061 3009 1074 3044 :
1101 3003 1206 3042 non
1237 2996 1295 3040 ut
1335 2985 1634 3040 libertatem
1668 2991 1906 3037 nostram

327 3105 627 3164 temporum
679 3083 984 3142 necessitati
1037 3079 1378 3149 subjicerent,
1431 3074 1528 3130 sed
1583 3083 1642 3127 ut
1673 3072 1798 3126 dum
1853 3085 1912 3124 se

329 3163 740 3238 imbecilliorem
787 3179 1144 3242 attemperant
1178 3167 1430 3239 egestati,
1481 3165 1546 3219 ad
1592 3163 1913 3234 cognitionis

330 3292 461 3346 opes
485 3277 600 3328 illos
625 3271 1000 3341 proveherent.
1027 3267 1198 3334 Atque
1220 3271 1277 3316 ut
1304 3259 1568 3328 intelligas
1589 3272 1684 3313 eos
1714 3256 1914 3311 idcirco

329 3381 570 3438 tempora
589 3367 896 3426 observare,
923 3374 1028 3413 non
1056 3367 1112 3412 ut
1132 3371 1190 3410 se
1217 3352 1608 3410 observationis
1631 3349 1914 3419 subjiciunt

331 3459 658 3521 necessitati,
685 3456 781 3512 sed
809 3453 952 3524 quod
992 3445 1431 3506 imbecillioribus
1457 3459 1576 3499 sese
1615 3457 1914 3497 accommo-

329 3551 462 3606 dare
508 3555 804 3611 conentur,
852 3541 974 3596 audi
1018 3539 1144 3614 quid
1189 3537 1335 3592 dicat
1381 3535 1576 3589 Paulus
1611 3549 1624 3586 :
1665 3531 1786 3584 Dies
1823 3531 1914 3583 ob-

329 3643 562 3702 servatis,
589 3647 635 3691 et
671 3649 888 3698 menses,
935 3641 980 3684 et
1016 3641 1262 3699 tempora,
1307 3635 1352 3679 et
1385 3624 1586 3678 annos?
1627 3621 1824 3686 Timeo,
1856 3636 1919 3674 ne

333 3735 468 3802 forte
496 3730 604 3785 sine
632 3741 786 3781 causa
813 3721 1144 3777 laboraverim
1186 3720 1240 3770 in
1268 3717 1405 3770 vobis
1435 3712 1575 3785 (Cal.
1601 3713 1656 3766 4.
1684 3711 1770 3766 10.
1800 3711 1912 3802 11).

333 3801 414 3877 Tu
441 3829 624 3875 autem
649 3829 830 3871 nonne
853 3813 1108 3867 observas
1143 3810 1260 3864 dies
1281 3820 1337 3862 et
1366 3815 1605 3875 tempora
1629 3813 1684 3858 et
1709 3801 1919 3856 annos?

332 3915 452 3969 lam
484 3925 615 3966 vero
643 3910 690 3964 si
727 3907 1002 3961 videamus
1039 3918 1182 3967 eum,
1209 3901 1298 3970 qui
1328 3899 1464 3962 dies,
1495 3908 1550 3952 et
1578 3911 1790 3952 menses
1809 3937 1823 3960 ,
1867 3905 1922 3948 et

333 4017 598 4074 tempora,
629 4009 683 4054 et
720 4013 890 4054 annos
937 3993 1210 4050 observari
1249 4000 1412 4054 vetat,
1465 3990 1580 4045 haec
1603 3989 1916 4053 observare,

331 4097 484 4169 quid,
512 4107 694 4164 quaeso
714 4131 728 4155 ,
759 4088 1034 4144 dicenms?
1063 4101 1188 4140 num
1217 4099 1338 4140 eum
1365 4083 1465 4137 sibi
1505 4095 1802 4163 repugnare
1829 4093 1918 4133 se-

333 4201 564 4257 cumque
609 4181 974 4239 contendere?
1023 4179 1200 4244 Absit;
1245 4177 1339 4231 sed
1387 4190 1531 4241 eum,
1575 4173 1716 4244 quod
1763 4173 1918 4226 vellet

336 4293 520 4336 eorum
552 4277 739 4330 tollere
789 4271 1202 4326 imbecillitatem
1223 4310 1238 4336 ,
1267 4283 1298 4320 a
1339 4266 1530 4336 quibus
1561 4274 1797 4332 tempora
1823 4263 1920 4316 ob-

337 4371 707 4433 servabuntur,
727 4366 828 4419 illis
850 4377 968 4418 sese
995 4377 1088 4431 per
1104 4359 1527 4415 observationem
1555 4357 1710 4410 istam
1731 4363 1920 4409 attem-

337 4475 548 4533 perare.
578 4461 652 4513 lta
692 4471 903 4527 qquue
950 4453 1148 4508 iaciunt
1186 4450 1402 4516 medici,
1443 4457 1721 4520 porrectos
1763 4447 1920 4516 aegris

338 4563 488 4616 cibos
515 4559 664 4629 prius
690 4557 1002 4624 degustant,
1033 4549 1275 4620 quamvis
1305 4547 1403 4614 ipsi
1434 4545 1651 4598 minime
1675 4543 1807 4596 cibis
1837 4543 1917 4594 in-

340 4653 552 4722 digeant
572 4690 587 4714 ,
619 4647 712 4702 sed
739 4647 948 4698 illorum
978 4642 1225 4695 studeant
1257 4635 1549 4691 inﬁrmitati
1593 4633 1811 4687 mederi.
1846 4631 1920 4684 lla

340 4756 550 4814 quoque
573 4739 774 4794 Paulus
798 4735 938 4805 egit,
971 4747 1090 4787 cum
1117 4728 1490 4786 observatione
1515 4735 1810 4792 temporum
1842 4723 1923 4775 ui-

339 4813 414 4888 bil
445 4831 739 4900 indigeret,
769 4835 1006 4894 tempora
1034 4820 1354 4883 observavit,
1387 4826 1445 4871 ut
1472 4831 1585 4880 eos,
1617 4815 1704 4884 qui
1736 4813 1922 4868 obser-

334 4925 555 4988 vabant,
579 4921 666 4975 illa
683 4915 997 4974 observandi
1017 4911 1376 4967 imbecillitate
1391 4909 1662 4962 liberaret.
1681 4905 1778 4961 Ubi
1798 4919 1924 4958 vero

343 5015 555 5071 tandem
576 5022 814 5080 tempora
833 5007 1030 5063 Paulus
1050 5002 1385 5058 observavit?
1403 4999 1692 5060 Attendite,
1721 5011 1922 5063 quaeso,

338 5108 642 5177 diligenter.
677 5099 918 5170 Sequenti
948 5107 1111 5150 autem
1142 5095 1242 5158 die,
1285 5092 1470 5162 inquit,
1501 5089 1790 5160 appulimus
1821 5086 1924 5139 Mi-

346 5202 520 5253 letum.
549 5195 894 5264 Proposuerat
925 5191 1054 5244 enim
1089 5187 1282 5239 Paulus
1307 5182 1725 5254 prtem-navigare
1751 5177 1926 5246 Ephe-

345 5307 476 5351 sum,
497 5303 560 5340 ne
586 5302 686 5357 qua
710 5299 853 5337 mora
873 5282 950 5335 illi
974 5282 1110 5348 ﬁeret
1133 5279 1182 5330 in
1213 5277 1351 5329 Asia.
1383 5273 1676 5327 Festinabat
1701 5271 1855 5334 enim,
1887 5271 1932 5320 si

347 5379 581 5452 possibile
606 5377 698 5432 sibi
738 5383 893 5438 esset,
933 5383 987 5425 ut
1013 5371 1143 5424 diem
1185 5367 1498 5422 Pentecostes
1531 5371 1697 5432 ageret
1725 5361 1934 5414 Jeroso—

346 5471 496 5540 lymis
534 5469 673 5541 (Act.
715 5465 805 5520 20.
855 5465 943 5519 15.
995 5463 1104 5531 16).
1151 5458 1349 5522 Vides,
1397 5465 1455 5508 ut
1506 5455 1594 5507 ille
1647 5451 1736 5521 qui
1767 5452 1930 5504 ‘dice-

347 5563 466 5627 bat,
524 5559 608 5614 Ne
645 5557 907 5612 observetis
937 5555 1042 5608 dies
1089 5561 1134 5606 et
1181 5565 1371 5603 menses
1401 5556 1446 5600 et
1498 5555 1722 5613 tempora
1747 5585 1760 5608 ,
1791 5541 1932 5596 diem

351 5652 692 5709 I’entccostes
719 5644 1063 5703 observaret?

424 5744 478 5796 4.
507 5739 686 5812 Neque
718 5755 843 5794 vero
871 5739 1010 5792 diem
1043 5745 1245 5791 tantum
1276 5730 1613 5816 observabat,
1649 5727 1740 5784 scd
1776 5729 1932 5784 etiam

1027 320 1164 376 CUR
1203 317 1268 373 IN
1309 313 1599 372 PENTEC.
1642 310 1846 374 ACTA,
1889 307 2040 366 ETC.
2085 308 2150 363 IN
2193 257 2484 368 Piil-NCIP.
2527 313 2878 372 ACTORUM.
2919 314 3008 370 Π.

3492 318 3595 374 109.

2017 423 2234 480 locum:
2265 443 2370 482 non
2413 430 2556 484 enim
2584 430 2757 485 solum
2791 431 3133 486 Pentecostes
3168 430 3307 486 diem
3333 439 3390 486 ut
3411 442 3596 500 ageret

2011 511 2316 584 festinabat,
2347 519 2442 574 sed
2468 522 2628 574 etiam
2662 531 2718 576 ut
2745 537 2862 576 eam
2891 519 3244 592 Jerosolymis
3267 520 3585 576 celebraret.

2014 605 2150 673 Quid
2179 607 2330 670 facis,
2364 609 2517 665 beate
2538 611 2742 666 Paule?
2771 613 3047 667 Destructa
3073 622 3196 666 sunt
3223 611 3552 682 Jerosolyma
3579 654 3596 678 ,

2011 695 2254 752 desolata
2299 707 2425 754 sunt
2475 711 2659 756 sancta
2711 713 3014 757 sanctorum
3069 703 3332 756 sententia
3381 703 3588 766 divina,

2012 788 2160 856 prior
2188 789 2378 859 religio
2405 793 2612 847 sublata
2638 802 2739 848 est.
2768 794 2954 848 Nonne
2979 794 3044 848 ad
3069 793 3284 849 Galatas
3313 796 3510 848 clamas
3539 804 3592 848 et

2013 878 2150 931 dicis
2180 897 2194 932 :
2225 879 2324 946 Qui
2352 881 2406 934 in
2435 882 2543 952 lege
2560 885 2838 953 justiﬁcari
2859 885 3178 954 exspectatis,
3208 901 3237 936 a
3263 887 3429 954 gratia
3453 885 3592 938 exci-

2013 971 2157 1025 distis
2184 971 2328 1040 (Gal.
2353 975 2405 1028 5.
2434 973 2488 1046 4)
2510 975 2532 1030 ?
2553 984 2609 1029 et
2645 991 2741 1032 cur
2775 991 2875 1030 nos
2903 977 3092 1030 iterum
3121 977 3222 1030 sub
3248 977 3380 1045 legis
3419 977 3589 1030 servi-

2013 1072 2178 1118 tutem
2209 1067 2580 1136 redigis?Non
2617 1079 2702 1124 est
2729 1071 2902 1139 exigui
2943 1072 3199 1124 momenti
3248 1085 3356 1134 res,
3399 1069 3466 1124 de
3487 1085 3589 1139 qua

2011 1157 2204 1222 agitur,
2237 1165 2294 1210 ut
2323 1159 2610 1224 discamus,
2643 1177 2768 1214 num
2795 1175 2974 1216 secum
3001 1162 3116 1230 ipse
3139 1161 3334 1215 Paulus
3371 1173 3589 1231 pugnet.

2013 1243 2192 1314 Neque
2221 1247 2362 1300 enim
2409 1247 2526 1302 dies
2550 1249 2798 1304 observat
2843 1252 3212 1306 tantummodo
3243 1252 3470 1319 Paulus,
3495 1253 3589 1308 sed

2011 1343 2066 1390 et
2089 1335 2190 1390 alia
2229 1337 2362 1406 legis
2391 1351 2650 1409 prmcopta
2678 1343 2926 1408 custodit,
2969 1353 3020 1397 et
3047 1345 3240 1398 clamat
3273 1345 3336 1400 ad
3373 1344 3588 1401 Galatas

2009 1429 2194 1484 dicens
2223 1447 2238 1484 :
2271 1431 2422 1494 Ecce,
2454 1449 2546 1503 ego
2571 1433 2771 1487 Paulus
2801 1435 2913 1488 dico
2951 1436 3086 1490 vobis
3105 1479 3118 1502 ,
3147 1439 3386 1508 quoniam
3412 1439 3456 1490 si
3483 1439 3586 1490 cir-

2006 1521 2384 1588 cumcidamini,
2423 1522 2650 1576 Christus
2677 1524 2813 1578 vobis
2848 1526 2977 1579 nihil
3006 1528 3226 1594 proderit
3249 1527 3407 1597 (Ibid.
3431 1545 3478 1586 v.

2092 1610 2194 1664 Cur
2231 1613 2595 1668 circumcitlerit
2637 1614 2956 1670 Timotheum
3007 1619 3222 1674 Paulus.
3253 1650 3324 1660 -—
3351 1620 3448 1673 Hic
3491 1622 3589 1690 igi-

2009 1705 2095 1754 tur
2140 1703 2334 1757 Paulus
2379 1705 2466 1774 qui
2517 1705 2680 1770 dicit,
2725 1707 2976 1771 Quoniam
3021 1711 3064 1764 si
3113 1711 3544 1765 circumcidamiui
3567 1750 3587 1778 ,

2005 1789 2235 1847 Christus
2261 1795 2398 1848 vobis
2425 1797 2552 1851 nihil
2577 1795 2822 1867 proderit,
2851 1798 2964 1870 ipse
2991 1802 3326 1858 Timotheum
3356 1805 3587 1858 circum-

2007 1881 2203 1939 cidisse
2223 1888 2566 1954 comperitur.
2596 1889 2728 1942 Cum
2754 1891 2896 1945 enim
2924 1892 3231 1956 invenisset,
3255 1895 3422 1964 inquit
3441 1895 3588 1949 Scric

2010 1984 2185 2042 plura,
2217 1973 2410 2030 Paulus
2437 1975 2644 2047 Lystris
2669 1979 3066 2034 adolescentem
3097 1983 3378 2051 quemdam
3421 1985 3587 2038 [ilium

2011 2062 2249 2117 mulieris
2285 2063 2484 2120 Judmte
2527 2066 2728 2134 ﬁdelis,
2772 2071 2937 2137 patris
2977 2081 3151 2126 autem
3195 2075 3428 2143 gentilis,
3469 2092 3590 2128 cum

2007 2153 2335 2210 circumcidit
2379 2157 2514 2227 (Act.
2558 2159 2645 2214 16.
2693 2161 2716 2214 1
2747 2191 2773 2202 -
2804 2161 2862 2231 5)
2895 2177 2910 2215 :
2949 2163 3163 2216 nolebat
3194 2164 3336 2218 enim
3379 2179 3590 2234 prmpu-

2011 2247 2142 2300 tium
2188 2245 2476 2303 habentem
2501 2249 2774 2306 doctorem
2811 2254 3042 2307 mittere.
3079 2254 3213 2320 Quid
3247 2255 3401 2316 iacis,
3439 2255 3594 2312 beate

2007 2335 2208 2392 Paule?
2235 2339 2412 2395 verbis
2439 2341 2902 2398 circumcisionem
2947 2345 3112 2410 tollis,
3149 2354 3202 2399 et
3231 2362 3414 2400 rursus
3441 2346 3593 2402 factis

2009 2427 2152 2482 illam
2203 2431 2527 2486 confirmas?
2567 2433 2686 2488 Non
2734 2437 3026 2501 conﬁrmo,
3077 2437 3278 2506 inquit,
3327 2438 3423 2492 sed
3467 2439 3596 2493 tollo

2007 2517 2180 2574 factis.
2229 2521 2504 2591 Siquidem
2551 2526 2791 2581 mulieris
2844 2527 3043 2582 Judaeae
3089 2528 3261 2584 ﬁdelis
3305 2528 3444 2584 titius
3481 2540 3597 2584 erat

2010 2614 2350 2683 Timotheus,
2381 2619 2546 2687 patris
2585 2629 2762 2674 autem
2803 2621 3020 2689 gentilis
3047 2631 3099 2675 et
3128 2635 3192 2676 ex
3233 2637 3430 2691 genere
3457 2638 3598 2692 pra:-

2011 2709 2215 2777 putium
2247 2709 2494 2766 habente.
2515 2711 2739 2780 Quando
2758 2713 2916 2783 igitur
2935 2729 3056 2768 eum
3085 2716 3457 2784 prmmissurus
3483 2727 3597 2770 erat

2009 2799 2209 2856 Iudaeis
2253 2801 2530 2857 doctorem
2580 2803 2808 2870 Paulus,
2863 2807 3078 2860 uolebat
3111 2821 3239 2860 sane
3281 2808 3596 2876 praeputium

2015 2887 2301 2944 habentem
2329 2892 2572 2956 mittere,
2606 2908 2672 2947 ne
2699 2895 2880 2948 statim
2913 2911 2942 2946 a
2969 2895 3230 2964 principio
3261 2896 3426 2950 verbo
3455 2894 3598 2950 fores

2015 2979 2341 3036 occluderet.
2384 2979 2456 3036 Ut
2498 2982 2657 3050 igitur
2700 2983 2764 3038 ad
2811 2983 3099 3038 tollendam
3137 2986 3597 3042 circumcisionem

2016 3071 2154 3126 viam
2167 3081 2447 3138 sterneret,
2464 3084 2518 3127 et
2533 3073 2792 3128 doctrinae
2807 3073 3072 3130 Timothei
3092 3075 3290 3130 aditum
3315 3085 3598 3147 reseraret,

2014 3163 2476 3220 circumcisionem
2515 3165 2590 3218 illi
2635 3167 2915 3236 apposuit,
2963 3177 3020 3222 ut
3063 3169 3272 3224 tolleret
3317 3170 3600 3224 circumci-

2015 3254 2243 3310 sionem.
2270 3255 2558 3325 Propterea
2587 3255 2740 3324 dixit,
2771 3255 2961 3311 lt‘actus
2985 3274 3097 3312 sum
3120 3257 3320 3313 Judwis
3345 3270 3600 3332 tamquam

2015 3344 2232 3399 Judtcus
2267 3346 2346 3415 (1.
2383 3346 2498 3400 Cor.
2529 3347 2582 3404 9.
2614 3347 2705 3420 20)
2737 3366 2750 3402 :
2783 3363 2888 3403 non
2938 3360 2996 3403 ut
3035 3349 3254 3406 Judaeus
3299 3351 3468 3418 ﬁeret,
3501 3353 3603 3407 hoc

2018 3436 2150 3490 dixit
2177 3437 2390 3503 Paulus,
2417 3437 2511 3492 sed
2541 3447 2596 3492 ut
2627 3439 2690 3494 iis
2727 3439 2817 3508 qui
2843 3439 3014 3494 Judaei
3040 3440 3347 3506 manebant,
3383 3456 3604 3510 persua-

2019 3527 2192 3594 deret,
2221 3535 2279 3581 ut
2301 3543 2405 3580 non
2443 3529 2670 3596 amplius
2695 3539 2875 3584 essent
2907 3530 3074 3584 Judaei
3105 3547 3120 3584 :
3151 3541 3432 3600 pmpterea
3461 3531 3605 3590 hunc

2020 3615 2179 3670 etiam
2207 3616 2557 3679 circumcidit,
2585 3626 2641 3670 ut
2668 3618 3129 3672 circumcisionem
3163 3619 3393 3674 tolleret.
3426 3621 3605 3690 Itaque

2022 3707 2430 3762 circumcisione
2445 3707 2703 3762 adversus
2723 3707 3185 3764 circumcisionem
3211 3716 3294 3764 est
3317 3725 3467 3764 usus.
3497 3713 3604 3766 Ac-

2021 3801 2164 3868 cepit
2187 3799 2329 3854 enim
2351 3809 2404 3853 et
2429 3799 2740 3854 Timotheus
2765 3799 3246 3868 circumcisionem,
3273 3812 3329 3856 ut
3353 3817 3380 3854 a
3407 3803 3604 3858 Judteis

2023 3897 2204 3959 posset
2231 3887 2456 3954 admitti,
2491 3897 2546 3942 et
2585 3889 2855 3958 ingressus
2890 3889 3007 3942 illos
3043 3889 3243 3944 sensim
3273 3891 3340 3944 ab
3385 3892 3482 3944 hac
3510 3893 3609 3946 ob-

1969 3977 1992 4000 ’
2023 3980 2326 4036 servatione
2367 3979 2674 4034 abduceret.
2705 3979 2864 4034 Vides
2901 3995 3002 4049 qua
3030 3979 3097 4036 de
3135 3994 3297 4038 causa
3333 3989 3386 4036 et
3409 3982 3607 4038 Pente-

2023 4081 2206 4126 costen
2246 4079 2304 4126 et
2327 4071 2788 4126 circumcisionem
2829 4070 3024 4126 Paulus
3063 4071 3410 4128 observaret?
3441 4073 3609 4130 Vultis

2023 4172 2075 4215 et
2105 4161 2206 4215 alia
2233 4161 2466 4230 legitima
2497 4161 2648 4216 vobis
2682 4161 2960 4218 ostendam
2985 4161 3054 4218 ab
3081 4177 3146 4218 eo
3175 4161 3337 4218 fuisse
3357 4167 3608 4221 servata?

2027 4253 2311 4324 Diligenter
2327 4253 2604 4310 attendite.
2621 4255 2876 4310 Ascendit
2893 4255 3177 4322 aliquando
3192 4255 3605 4329 Jerosolymam,

2023 4357 2078 4400 et
2101 4361 2221 4400 cum
2259 4361 2381 4398 cum
2415 4345 2673 4400 vidissent
2718 4346 2970 4414 apostoli,
3001 4347 3250 4402 dicebant
3291 4349 3382 4402 ei:
3425 4347 3602 4416 Vides,

2025 4443 2182 4512 frater
2213 4438 2396 4502 Paule,
2427 4449 2546 4507 quot
2573 4441 2736 4492 millia
2765 4451 2880 4492 sunt
2905 4440 2958 4493 in
2987 4441 3216 4509 Judteis,
3243 4444 3327 4510 qui
3361 4461 3599 4498 convene-

2025 4541 2166 4598 runt,
2194 4540 2240 4586 et
2275 4546 2444 4584 omnes
2471 4531 2738 4584 audierunt
2767 4531 2830 4582 de
2870 4539 2949 4593 te,
2984 4533 3100 4599 quia
3127 4533 3476 4586 discessionem
3515 4537 3600 4590 do.

2026 4638 2139 4676 ceas
2165 4639 2196 4673 a
2223 4622 2348 4690 lege.
2395 4621 2530 4687 Quid
2569 4619 2730 4691 ergo?
2761 4619 2869 4672 Fac
2907 4621 3041 4688 quod
3084 4620 3169 4674 tibi
3207 4622 3420 4676 dicimus
3453 4641 3474 4677 .'
3497 4637 3613 4680 sunt

2027 4715 2166 4784 apud
2209 4730 2298 4766 nos
2329 4714 2420 4765 viri
2462 4721 2630 4766 votum
2658 4710 2889 4765 [tabentes
2930 4727 3084 4780 super
3111 4729 3164 4764 se
3193 4727 3212 4766 :
3239 4713 3316 4766 his
3340 4719 3613 4786 assumptis

2027 4807 2292 4873 sanctifica
2330 4817 2377 4858 te
2415 4820 2528 4856 cum
2567 4804 2690 4864 illis.
2740 4813 2786 4855 et
2825 4812 2976 4870 caput
3014 4803 3272 4858 ruderum
3305 4806 3439 4872 illis,
3471 4815 3526 4860 ut
3561 4825 3616 4864 re

2029 4897 2140 4962 ipsa
2167 4895 2292 4964 ﬁdes
2317 4893 2421 4947 illis
2446 4895 2555 4960 ﬁat,
2585 4893 2703 4964 quia
2725 4907 2839 4962 qua:
2857 4891 3124 4945 audierunt
3151 4892 3215 4946 tle
3242 4905 3287 4948 te
3313 4895 3444 4966 falsa
3471 4907 3608 4962 sunt,

2029 4988 2119 5041 sed
2157 4997 2204 5040 et
2247 4987 2354 5056 ipse
2393 4984 2587 5054 Moysis
2628 4985 2786 5054 legem
2825 4999 2993 5038 servas
3033 4981 3168 5056 (Act.
3218 4985 3308 5040 21.
3351 4987 3470 5041 20-
3497 4986 3612 5056 2!»).

2037 5078 2236 5132 Videtis
2255 5075 2762 5131 condescensionem
2787 5074 3190 5130 admirabilem?
3211 5075 3472 5132 Observat
3486 5086 3619 5132 tem-

2035 5185 2184 5238 pora,
2217 5178 2276 5222 ut
2307 5167 2738 5221 observationem
2782 5177 3082 5236 temporum
3115 5168 3264 5223 tollat
3295 5186 3308 5222 :
3339 5173 3620 5226 circumci-

2035 5263 2240 5318 sionem
2267 5261 2502 5324 adhibet,
2531 5258 2998 5314 utcircumcisioni
3026 5259 3182 5314 finem
3219 5261 3458 5330 imponat
3489 5279 3503 5316 :
3534 5277 3620 5316 sa-

2037 5354 2294 5410 criﬁcium
2333 5353 2508 5418 oﬂ'ert,
2547 5361 2602 5406 ut
2630 5351 3052 5406 observationem
3093 5351 3298 5405 auferat
3333 5351 3622 5405 sacriﬁcio-

2037 5463 2178 5504 rum.
2208 5445 2320 5502 Hoc
2347 5453 2522 5500 autem
2565 5443 2710 5498 illum
2739 5444 2937 5498 idcirco
2981 5443 3169 5498 fecisse
3224 5449 3280 5495 nt
3308 5441 3572 5511 intelligas
3597 5486 3614 5510 ,

2041 5540 2160 5594 audi
2186 5539 2358 5608 ipsum
2389 5537 2490 5591 hoc
2511 5536 2776 5590 dicentem
2808 5551 2820 5586 :
2847 5533 3035 5588 Factus
3060 5550 3170 5588 sum
3197 5534 3262 5587 iis
3289 5534 3375 5599 qui
3397 5536 3488 5588 sub
3517 5537 3624 5606 lege

2043 5641 2183 5696 sunt,
2223 5631 2365 5700 quasi
2403 5628 2492 5682 sub
2521 5627 2628 5696 lege
2661 5643 2841 5690 essent,
2872 5635 2928 5679 ut
2961 5641 3045 5679 eos
3072 5627 3155 5690 qui
3196 5624 3286 5680 sub
3315 5625 3424 5696 lege
3447 5635 3625 5685 erant,

2047 5725 2436 5794 lurrifacerem:
2469 5729 2512 5773 et
2545 5733 2658 5772 cum
2686 5716 2812 5770 liber
2832 5732 2987 5771 essem
3025 5715 3087 5770 ab
3120 5719 3628 5790 omnibus,onmitm
