4060 6252
549 287 652 343 m3

543 418 627 457 me
646 415 846 455 servum
872 404 967 473 feci
991 403 1061 473 (l.
1092 398 1211 457 Cor.
1239 402 1294 458 9.
1325 403 1413 459 21.
1446 402 1555 472 19).
1583 402 1706 456 llaec
1729 411 1903 458 autem
1929 403 2122 458 Paulus

543 491 754 558 agebat,
797 501 854 545 ut
898 506 1052 547 suum
1097 492 1371 547 dominum
1416 493 1733 546 imitaretur.
1773 492 1902 550 Nam
1948 500 2006 545 ut
2032 492 2121 546 ille

531 587 665 641 Cum
689 586 741 639 in
767 586 931 649 {arma
951 584 1049 639 Dei
1074 594 1217 652 esset,
1247 602 1348 640 non
1367 586 1606 655 rapinam
1632 586 1903 639 arbitratus
1923 595 1994 639 est
2013 601 2120 639 esse

535 693 586 730 se
624 677 868 747 aequalem
905 675 1037 743 Deo,
1080 678 1170 731 sed
1211 678 1533 747 semetipsum
1578 677 1854 730 exinanivit
1898 680 2116 745 formam

531 767 660 820 servi
685 767 935 836 accipiens
963 766 1219 839 (Philipp.
1251 767 1308 820 2.
1340 767 1394 821 6.
1430 765 1508 836 7),
1540 775 1733 821 etcum
1774 766 1909 819 liber
1936 774 2113 832 esset,

533 856 703 911 lactus
732 864 816 911 est
841 871 1028 910 servus
1060 875 1074 910 :
1103 857 1182 911 sic
1202 865 1257 910 et
1282 857 1381 910 iste
1418 871 1538 909 cum
1576 856 1712 910 liber
1738 865 1881 910 esset
1904 870 1970 909 ex
1994 871 2114 909 om-

528 946 958 1012 nibus,omuium
982 962 1041 1001 se
1065 962 1278 1001 servum
1302 946 1449 1009 fecit,
1470 954 1529 1000 ut
1547 961 1733 1001 omnes
1756 946 2110 1001 lucrifaceret.

525 1037 779 1092 Naturam
821 1047 1057 1092 nostram
1089 1053 1368 1092 assumens
1392 1038 1641 1093 dominus
1676 1038 1845 1092 lactus
1885 1046 1969 1092 est
1994 1052 2112 1092 ser-

526 1144 643 1195 vus,
678 1141 738 1184 ut
776 1130 973 1183 liberos
1003 1130 1252 1184 redderet
1288 1144 1473 1184 servos
1501 1147 1515 1184 :
1550 1128 1822 1183 Inclinavit
1847 1130 2031 1195 catos,
2064 1139 2109 1183 et

527 1221 783 1273 descendit
807 1218 976 1291 (Psal.
1008 1221 1094 1274 l7.
1126 1221 1237 1292 10),
1265 1230 1319 1273 ut
1347 1235 1441 1275 eos
1465 1220 1555 1290 qui
1578 1221 1797 1275 inferius
1824 1220 2110 1275 manebant

524 1313 577 1366 in
604 1313 794 1367 crelum
827 1312 1102 1367 evelleret.
1136 1311 1408 1366 Inclinavit
1434 1311 1586 1366 caelos
1611 1328 1630 1366 :
1660 1327 1768 1366 non
1814 1311 1967 1374 dixit,
2000 1311 2105 1366 De-

523 1406 735 1475 reliquit
770 1406 931 1459 caelos
953 1415 1007 1458 et
1033 1405 1328 1467 descendit,
1362 1404 1454 1457 sed
1485 1402 1783 1465 Inclinauit,
1815 1412 1874 1458 ut
1899 1402 2107 1458 facilio-

523 1513 637 1552 rem
665 1496 759 1550 tibi
796 1495 1034 1550 ellicerct
1072 1510 1352 1550 ascensum
1399 1497 1454 1550 in
1493 1498 1674 1551 czelos.
1717 1496 1866 1550 llunc
1893 1511 2105 1566 quoque

525 1600 623 1653 pro
663 1584 865 1639 viribus
909 1585 1143 1638 imitatus
1178 1594 1263 1639 est
1304 1586 1524 1650 Paulus,
1563 1587 1812 1656 quocirca
1854 1586 2100 1641 dicebat:

520 1672 810 1728 Imitatorcs
847 1675 947 1727 mei
989 1684 1174 1742 estote,
1217 1677 1346 1730 sicut
1383 1686 1431 1730 et
1470 1693 1561 1747 ego
1596 1676 1783 1731 Christi
1831 1676 1851 1745 (
1880 1679 1928 1731 1.
1979 1677 2099 1733 Cor.

519 1766 575 1819 4.
610 1765 721 1835 16).
753 1765 812 1820 Et
846 1767 1115 1836 quomodo
1146 1778 1223 1829 tu,
1252 1769 1408 1823 beate
1430 1768 1614 1834 Paule,
1646 1769 1842 1823 Christi
1869 1771 2102 1825 imitator

518 1874 578 1913 es
606 1857 812 1913 lactus?
833 1857 1156 1926 Quomodo?
1178 1859 1311 1927 Quia
1340 1861 1523 1916 nullibi
1547 1862 1686 1931 quod
1712 1861 1838 1917 mihi
1863 1871 1946 1917 est
1971 1864 2099 1919 utile

516 1966 720 2019 qumro,
758 1951 851 2006 sed
878 1951 1019 2021 quod
1048 1952 1259 2019 multis,
1288 1960 1344 2006 ut
1369 1953 1503 2007 salvi
1547 1954 1693 2018 liaut,
1735 1963 1789 2009 et
1816 1970 1935 2009 eum
1964 1954 2099 2009 liber

514 2056 689 2097 essem
727 2057 793 2096 ex
840 2043 1114 2109 omnibus,
1157 2044 1394 2098 omnium
1424 2060 1635 2099 servum
1667 2061 1752 2101 me
1787 2046 1907 2100 ieci.
1951 2045 2097 2100 Nihil

513 2148 642 2202 ergo
668 2132 858 2187 melius
885 2143 969 2189 est
997 2133 1096 2188 hac
1122 2139 1399 2201 servitute,
1422 2136 1618 2205 quippe
1647 2150 1764 2204 qure
1795 2136 2092 2190 libertatem

513 2222 726 2276 cmteris
755 2223 946 2292 pariat.
982 2222 1285 2293 Spiritualis
1319 2232 1434 2278 erat
1470 2225 1700 2293 piscator
1731 2224 1953 2291 Paulus;
1986 2223 2097 2277 Fa-

509 2311 642 2364 ciam
679 2312 842 2378 cnim,
890 2312 1090 2381 inquit,
1136 2329 1223 2367 vos
1275 2314 1548 2383 piscatores
1582 2313 1841 2366 hominum
1879 2313 2089 2380 (Matth.

508 2402 560 2456 4.
589 2399 712 2473 19);
744 2418 903 2471 quam
947 2403 1015 2456 ob
1042 2419 1256 2457 causam
1287 2412 1343 2458 et
1379 2404 1477 2458 ista
1523 2403 1832 2472 prtestabat.
1861 2403 1993 2458 Nam
2037 2413 2092 2458 et

509 2493 799 2562 piseatores
843 2510 966 2547 cum
1010 2496 1210 2564 piscem
1260 2496 1489 2550 viderint
1534 2495 1750 2548 hamum
1789 2495 2086 2564 deglutire,

507 2599 612 2639 non
639 2583 817 2637 statim
854 2584 1153 2650 retrahunt,
1196 2583 1290 2638 scd
1316 2584 1567 2639 cedentes
1595 2585 1663 2638 ad
1709 2584 1931 2638 multum
1963 2600 2088 2652 spa—

508 2683 636 2738 tium
663 2693 978 2754 seqmmtur,
1007 2694 1061 2737 et
1107 2693 1421 2753 exspectant
1449 2693 1503 2737 ut
1543 2683 1732 2738 hamus
1781 2692 1926 2738 recte
1951 2683 2079 2737 deli-

503 2786 690 2847 gatur,
731 2788 891 2848 atque
941 2778 1013 2831 ita
1056 2778 1289 2847 praedam
1336 2777 1498 2831 tutius
1544 2776 1870 2833 extrahant:
1916 2779 1995 2833 sic
2032 2788 2087 2835 et

502 2868 728 2936 apostoli
780 2880 888 2922 tum
936 2869 1206 2939 agebant:
1247 2867 1459 2923 hamum
1500 2869 1756 2925 doctrinm
1795 2870 1946 2926 verbi
1987 2870 2083 2925 Juo

499 2961 666 3015 daiea:
694 2961 886 3015 anima:
912 2959 1222 3031 injiciebant
1251 2979 1265 3013 :
1296 2971 1349 3015 at
1377 2960 1452 3015 illi
1480 2962 1826 3018 retrahebant
1851 2971 2077 3031 temere,

499 3063 660 3123 atque
681 3052 999 3113 retinebant.
1030 3061 1086 3107 et
1126 3053 1332 3122 seipsos
1364 3053 1431 3107 ad
1465 3054 1924 3109 circumcisionem
1969 3063 2080 3108 tra-

502 3144 790 3212 ducebant,
819 3144 887 3198 ad
933 3145 1063 3201 festa
1106 3154 1162 3199 et
1205 3155 1502 3216 temporum
1544 3146 1963 3211 observationes,
2012 3147 2079 3201 ad

498 3234 757 3290 sacriﬁcia
784 3276 800 3302 ,
842 3235 909 3290 ad
952 3236 1122 3305 capita
1169 3234 1401 3291 radenda
1426 3276 1440 3299 ,
1472 3244 1525 3289 et
1561 3245 1754 3289 eastera
1800 3236 1924 3289 talia
1961 3251 2082 3305 per-

496 3327 702 3398 agenda
726 3345 739 3381 :
760 3343 944 3382 verum
976 3329 1200 3398 apostoli
1227 3327 1587 3397 sequebantur
1603 3326 1722 3381 illos
1744 3327 1959 3396 ubique,
1980 3343 2077 3383 nec

496 3420 857 3475 retrahebant.
888 3419 1071 3491 Itaque
1100 3421 1211 3475 sive
1239 3421 1697 3475 circumcisionem
1725 3435 1934 3490 qumras
1953 3469 1968 3486 ,
1995 3422 2076 3476 in-

493 3512 636 3582 quit,
667 3526 772 3567 non
800 3512 1015 3580 resisto,
1047 3512 1141 3567 sed
1185 3527 1382 3582 sequor
1413 3530 1429 3566 :
1459 3511 1573 3567 sive
1619 3512 1940 3568 sacriﬁcium
1985 3529 2073 3568 re-

495 3606 693 3673 quiras,
723 3605 969 3660 sacrilico
998 3624 1012 3660 :
1043 3606 1157 3661 sive
1182 3605 1296 3660 radi
1326 3606 1457 3661 velis
1500 3622 1605 3671 me,
1634 3606 1721 3677 qui
1751 3621 1780 3660 a
1819 3615 1906 3660 tua
1951 3607 2077 3661 reli-

496 3695 655 3764 gione
675 3694 997 3761 deieceram,
1029 3696 1236 3763 adsum,
1265 3706 1319 3750 et
1343 3696 1484 3766 quod
1503 3697 1727 3767 jusseris
1756 3694 1894 3751 facio
1918 3715 1930 3749 :
1960 3696 2072 3752 sive

493 3786 844 3841 l’cnteeosten
876 3787 1162 3843 observare
1201 3788 1498 3857 przccipias,
1533 3803 1599 3843 ne
1625 3788 1710 3843 hic
1738 3786 1951 3858 quidem
1981 3803 2069 3842 re-

490 3877 684 3944 luctor,
717 3877 809 3934 sed
828 3893 1163 3949 quocumque
1183 3879 1603 3935 circumduxeris
1627 3895 1842 3950 sequor,
1863 3889 1917 3935 et
1936 3879 2069 3935 cedo

484 3978 836 4039 exspectans,
886 3977 944 4023 ut
993 3969 1183 4024 hamus
1227 3970 1376 4024 verbi
1422 3969 1709 4039 deligatur,
1751 3971 1829 4023 sic
1853 3980 1911 4023 ut
1955 3979 2068 4024 luto

484 4061 686 4132 possim
714 4070 878 4114 totam
906 4060 1175 4113 nationem
1206 4066 1435 4112 vestram
1459 4074 1488 4110 a
1514 4059 1681 4112 veteri
1707 4060 1849 4112 cultu
1878 4072 1942 4111 ac
1975 4074 2066 4113 re-

487 4150 682 4220 ligione
715 4162 989 4203 revocare.
1020 4147 1308 4216 Propterea
1351 4163 1580 4216 namque
1610 4146 1824 4216 Epheso
1852 4148 2068 4202 ieroso-

482 4240 681 4312 iymam
722 4239 866 4292 veni.
922 4238 1080 4293 Vides
1129 4249 1383 4308 quantum
1436 4238 1821 4309 obsequeretur
1872 4238 2065 4294 Paulus

484 4331 768 4397 piscaturze
793 4328 1017 4399 piscium
1059 4328 1222 4385 verbo
1251 4330 1486 4385 cedens?
1515 4331 1663 4386 vides
1713 4346 1900 4386 rursus
1924 4340 2061 4387 tem-

482 4434 671 4490 porum
687 4419 1135 4486 observationem,
1163 4429 1217 4475 ct
1239 4421 1659 4477 circumcisionis
1683 4421 2060 4494 indulgentiam

480 4527 545 4567 ac
579 4512 962 4567 sacriliciorum
993 4513 1423 4569 communionem
1467 4514 1648 4568 initam
1682 4514 1880 4570 idcirco
1909 4531 2057 4581 esse,

483 4622 587 4662 non
619 4613 677 4660 ut
715 4605 814 4675 ipsi
853 4606 920 4660 ad
946 4614 1177 4661 veterem
1225 4607 1535 4676 religionem
1577 4607 1833 4674 redirent,
1864 4609 1959 4663 sed
2004 4618 2061 4663 ut

479 4699 601 4753 illos
625 4699 713 4767 qui
747 4696 932 4767 ﬁguris
965 4697 1343 4765 adhaerebant,
1373 4698 1440 4753 ad
1482 4701 1758 4756 veritatem
1792 4701 2058 4779 provehe-

480 4789 638 4843 rt-ut?
680 4787 780 4856 Qui
825 4789 965 4843 enim
1012 4789 1064 4844 in
1099 4790 1313 4846 sublimi
1360 4790 1478 4847 loco
1505 4791 1673 4856 sedet,
1707 4792 1750 4847 si
1801 4801 2057 4861 perpetuo

477 4889 692 4936 maneat
720 4880 773 4935 in
801 4879 1037 4947 sublimi,
1069 4897 1355 4951 numquam
1385 4883 1580 4952 poterit
1605 4897 1750 4948 eum,
1778 4883 1867 4952 qui
1897 4882 2058 4937 deor-

475 4988 593 5027 sum
636 4971 799 5042 jacet,
840 4972 1105 5038 evehere,
1150 4973 1242 5026 sed
1290 4973 1436 5027 illum
1489 4975 1637 5044 prius
1677 4988 1736 5028 se
1774 4973 2057 5029 demittere

469 5069 704 5128 «ponet,
732 5076 795 5115 ac
837 5053 1038 5116 deinde
1057 5062 1212 5116 istum
1240 5062 1485 5119 exaltari.
1512 5063 1796 5135 Propterea
1827 5079 1891 5118 ex
1922 5062 2054 5117 sub-

472 5152 697 5208 limitate
734 5151 1005 5221 religionis
1046 5156 1365 5224 evangelica:
1412 5157 1429 5188 ι
1479 5156 1874 5211 descenderunt
1917 5172 2053 5225 apo-

472 5243 618 5310 stoli,
651 5252 709 5296 ut
736 5256 765 5295 a
808 5242 1080 5311 religionis
1107 5244 1342 5300 Judaica:
1383 5245 1678 5302 humilitate
1707 5248 1772 5301 ad
1805 5248 2051 5303 sublimi-

472 5339 633 5388 tatem
663 5332 806 5387 illam
832 5331 1047 5387 .Iudaaos
1075 5333 1452 5403 proveherent.

538 5424 594 5479 5.
634 5420 741 5479 Cur
756 5423 990 5494 legantur
1030 5424 1085 5477 in
1134 5422 1429 5479 Pentecoste
1470 5425 1597 5480 Acta
1643 5428 1820 5498 Apost.
1844 5458 1916 5470 —
1943 5428 2047 5485 Sed

468 5524 766 5581 temporum
796 5512 1010 5583 quidem
1039 5514 1468 5571 observationem
1514 5533 1578 5573 ac
1620 5519 1823 5588 reliqua
1870 5520 2047 5574 omnia

468 5600 668 5656 utiliter
684 5610 740 5656 et
766 5603 1048 5661 commode
1076 5604 1214 5664 facta
1247 5620 1367 5663 esse
1389 5617 1594 5664 constat
1623 5623 1688 5665 ex
1733 5608 1880 5667 istis:
1915 5610 2043 5666 reli-

528 5700 551 5749 ι
577 5700 730 5757 colb..
748 5703 991 5757 omelias.

1273 289 1330 345 S.
1370 289 1647 346 JOAN'NlS
1681 289 2157 346 CIIRYSOSTOMI
2197 290 2514 348 ARCHIEP.
2554 293 3083 355 CONSTANTINOP.
3708 310 3819 368 me

2234 417 2395 471 quum
2419 412 2501 459 cst
2522 414 2699 461 autem
2732 417 2787 462 ut
2806 408 3082 466 videamus
3110 428 3211 482 qua
3239 413 3305 470 de
3328 431 3486 472 musa
3525 419 3577 474 in
3615 420 3823 481 Pente-

2230 504 2378 550 coste
2402 495 2537 551 liber
2562 498 2812 553 Actorum
2845 500 3069 570 legatur.
3093 504 3203 557 [lac
3225 506 3366 560 enim
3399 508 3467 563 de
3491 525 3648 564 causa
3694 523 3819 571 lucc

2228 589 2404 640 omnia
2435 591 2828 657 proposuimus,
2857 601 2934 659 ut,
2979 610 3098 650 cum
3131 605 3429 666 temporum
3473 602 3812 659 observatio-

2226 690 2347 731 nem
2380 678 2579 735 instare
2605 682 2866 750 videritis,
2916 700 2984 740 ne
3032 688 3351 744 existimetis
3395 696 3667 760 apostolos
3713 698 3797 752 Ju-

2224 762 2391 822 daicis
2407 769 2747 826 ritibusvelle
2791 788 2852 827 se
2897 774 3251 846 obstringere.
3297 781 3492 836 Vermn
3545 788 3805 842 attendite

2222 854 2525 925 diligenter,
2553 874 2769 929 quteso:
2820 877 2997 928 neque
3030 865 3175 920 enim
3209 868 3534 925 mediocrem
3598 887 3780 940 quies.

2222 945 2419 1002 tionem
2461 952 2836 1020 complectitur
2877 955 2929 1008 id
2970 956 3111 1026 quod
3136 957 3328 1015 dicturi
3359 978 3573 1021 sumus.
3608 967 3664 1019 In
3708 967 3802 1022 die

2218 1039 2395 1094 crucis
2416 1043 2595 1097 omnia
2629 1044 2856 1114 legimus
2881 1062 3000 1117 quae
3028 1049 3093 1103 ad
3141 1066 3354 1107 crucem
3398 1057 3710 1123 pertinent:
3744 1061 3795 1113 in
3872 1072 3881 1077 ‘

2216 1143 2410 1198 magno
2455 1132 2680 1188 sabbato
2734 1151 2959 1203 rursus,
3021 1140 3271 1196 traditum
3334 1159 3454 1199 esse
3511 1147 3795 1205 Dominum

2215 1231 2479 1282 nostrum,
2508 1223 2821 1278 cruciﬁxum
2846 1241 2998 1291 esse,
3034 1240 3299 1284 mortuum
3344 1248 3465 1289 esse
3502 1239 3795 1293 secundum

2213 1322 2428 1362 carnem
2450 1318 2507 1364 et
2529 1314 2774 1381 sepulcro
2799 1317 3107 1373 conditum:
3131 1334 3230 1374 cur
3269 1321 3429 1391 igitur
3476 1340 3583 1378 non
3631 1329 3793 1382 etiam

2212 1400 2590 1468 Apostolorum
2623 1406 2754 1458 Acta
2777 1406 3002 1477 legimus
3030 1418 3150 1477 post
3174 1409 3550 1478 Pentecosten,
3579 1420 3794 1485 quando

2209 1496 2265 1542 et
2283 1501 2596 1557 evenerunt,
2620 1504 2673 1548 et
2693 1495 2901 1551 initium
2928 1498 3235 1555 duxerunt?
3283 1504 3363 1558 Ac
3390 1505 3503 1560 seio
3543 1510 3790 1578 equidem

2210 1576 2313 1631 hoc
2341 1580 2578 1659 ignomm
2601 1599 2721 1640 esse
2750 1586 2948 1654 multis,
2972 1604 3131 1657 quam
3180 1591 3251 1645 ob
3293 1608 3511 1649 causam
3556 1576 3623 1651 ei:
3674 1600 3791 1670 ipso

2207 1670 2462 1724 Actorum
2490 1672 2625 1727 libro
2653 1674 3081 1733 demonstremus
3122 1681 3263 1736 istud
3308 1699 3529 1740 necesse
3575 1698 3678 1755 est,
3731 1701 3790 1745 ut

2207 1776 2310 1815 non
2340 1778 2370 1816 a
2393 1763 2727 1832 Pentecoste,
2759 1768 2853 1822 sed
2876 1785 2906 1823 a
2929 1778 3167 1840 tempore
3186 1815 3201 1838 ,
3245 1776 3386 1843 quod
3436 1778 3784 1837 Pentecosten

2204 1862 2487 1922 sequutum
2514 1865 2619 1922 est,
2673 1859 3035 1927 apostolorum
3065 1872 3180 1916 acta
3213 1864 3418 1920 initium
3446 1867 3664 1925 duxisse
3705 1872 3788 1927 in-

2205 1943 2476 2014 tclligatis.
2502 1945 2764 2013 Quocirca
2793 1950 2985 2005 merito
3005 1963 3209 2022 qumrel
3232 1955 3446 2025 aliquis,
3473 1974 3631 2028 quam
3661 1969 3784 2016 tan-

2201 2033 2323 2089 dem
2348 2037 2418 2091 ob
2442 2052 2657 2093 causam
2692 2050 2949 2096 statutum
2975 2044 3066 2108 sit,
3110 2054 3168 2098 ut
3214 2045 3489 2102 historiam
3519 2052 3694 2107 crucis
3721 2054 3778 2108 in

2198 2122 2286 2180 die
2332 2127 2504 2183 crucis
2545 2137 2599 2184 et
2638 2130 2900 2199 passionis
2943 2132 3227 2203 legamus:
3266 2138 3639 2206 Apostolorum
3683 2157 3784 2197 au-

2201 2225 2306 2271 tem
2355 2220 2486 2273 Acta
2528 2235 2635 2275 non
2677 2223 2805 2291 ipsis
2843 2224 2946 2278 illis
2992 2225 3182 2280 diebus
3228 2237 3318 2281 aut
3361 2229 3453 2284 illo
3497 2239 3778 2301 tempore,

2196 2323 2305 2376 quo
2347 2318 2551 2378 patrata
2598 2321 2753 2376 sunt,
2801 2312 3072 2384 legamus,
3097 2318 3188 2370 sed
3232 2326 3441 2387 tempus
3481 2324 3780 2390 przevenia—

2198 2400 2352 2453 mus?
2392 2399 2576 2470 Neque
2625 2403 2768 2456 enim
2817 2403 3125 2473 confestim,
3176 2407 3264 2461 ubi
3303 2407 3548 2465 Christus
3596 2428 3781 2468 resur-

2195 2488 2351 2552 rexit,
2378 2489 2518 2544 edita
2558 2502 2685 2547 sunt
2728 2495 2982 2549 miracula
3011 2497 3079 2561 ab
3121 2499 3397 2567 apostolis,
3425 2503 3518 2555 sed
3547 2505 3780 2572 quadra-

2192 2579 2337 2648 ginta
2357 2580 2544 2637 diebus
2564 2598 2684 2639 cum
2706 2586 2834 2654 ipsis
2854 2589 3164 2643 vescebatur
3185 2590 3236 2643 in
3260 2593 3434 2646 terris.
3466 2594 3574 2649 Cur
3597 2605 3777 2653 autem

2192 2669 2383 2726 diebus
2403 2673 2749 2744 quadraginta
2776 2675 2934 2731 fuerit
2959 2693 3082 2733 cum
3113 2679 3218 2734 illis
3244 2691 3486 2738 versatus
3512 2684 3571 2739 in
3596 2687 3775 2755 terris,

2189 2760 2297 2815 alio
2352 2769 2591 2832 tempore
2644 2764 3080 2834 deelarabimus;
3139 2782 3281 2825 nunc
3328 2773 3394 2827 ad
3442 2777 3775 2845 propositum

2192 2862 2521 2908 revertamur
2549 2896 2564 2923 ,
2622 2863 2680 2911 et
2722 2859 3070 2915 ostendamus
3110 2860 3381 2917 Christum
3427 2880 3531 2919 non
3584 2868 3767 2924 statim

2192 2953 2310 3012 post
2324 2948 2775 3004 resurrectionem
2794 2950 2845 3004 iu
2868 2951 3028 3006 carlos
3041 2954 3367 3021 ascendisse,
3392 2972 3575 3011 verum
3589 2960 3643 3014 in
3662 2968 3772 3016 ter-

2189 3036 2263 3087 ris
2292 3045 2681 3092 commoratum
2705 3054 2824 3093 csse
2840 3039 3385 3113 diebusquadraginta
3401 3059 3520 3101 cum
3532 3048 3772 3120 discipu—

2187 3123 2275 3191 lis,
2299 3141 2471 3195 neque
2484 3128 2798 3197 simpliciter
2813 3142 3198 3188 commoratum
3215 3174 3231 3198 ,
3256 3135 3350 3189 sed
3380 3146 3432 3191 et
3464 3150 3771 3196 vescentem

2183 3232 2305 3272 cum
2335 3219 2552 3287 ipsis,et
2570 3222 2621 3274 in
2646 3237 2828 3276 mensa
2850 3239 2975 3278 cum
2997 3225 3100 3281 illis
3118 3229 3512 3285 recumbentem
3541 3232 3771 3290 familia-

2185 3308 2313 3362 riter
2353 3324 2475 3363 cum
2524 3310 2628 3366 illis
2683 3323 2949 3367 versatum
2986 3331 3142 3381 esse,
3175 3332 3237 3371 ac
3265 3327 3387 3389 post
3408 3320 3524 3376 dies
3552 3325 3766 3380 tandem

2180 3400 2527 3471 quadraginta
2580 3404 2631 3458 in
2682 3405 2845 3459 eaalos
2875 3407 2940 3460 ad
2983 3407 3193 3462 Patrem
3239 3412 3577 3479 ascendisse,
3609 3432 3673 3471 ac
3696 3434 3767 3474 ne

2183 3500 2290 3544 tum
2318 3493 2532 3561 quidem
2565 3496 2819 3549 miracula
2849 3497 2970 3551 illos
2999 3498 3231 3554 edidisse
3251 3542 3264 3564 ,
3293 3502 3386 3557 sed
3416 3503 3548 3558 alios
3578 3505 3762 3563 decem

2177 3583 2294 3637 dies
2321 3585 2531 3654 elapsos
2554 3601 2675 3641 esse
2692 3627 2708 3653 ,
2752 3602 2981 3658 cumque
3027 3592 3384 3659 complcretur
3410 3593 3761 3668 Pentecoste,

2179 3675 2399 3728 missum
2427 3675 2491 3729 ad
2517 3691 2610 3731 eos
2636 3678 2890 3747 Spiritum
2915 3689 3154 3734 sanctmn
3185 3683 3344 3737 fuisse
3362 3725 3378 3750 ,
3413 3694 3629 3757 tumque
3657 3689 3762 3745 litt-

2175 3768 2293 3836 guis
2312 3769 2525 3824 demum
2553 3769 2722 3838 igneis
2749 3772 2979 3840 acceptis
3009 3772 3167 3829 edere
3210 3778 3437 3845 cmplsse
3484 3782 3758 3839 miracula.

2177 3862 2302 3916 lizec
2349 3871 2525 3919 autem
2563 3864 2772 3931 omnia,
2813 3864 3176 3933 dilectissimi,
3227 3885 3293 3922 ex
3341 3870 3630 3940 Scripturis
3666 3876 3761 3931 de-

2176 3954 2593 4010 monstrabimus
2618 3971 2637 4009 :
2664 3956 2893 4025 exempli
2918 3971 3076 4010 causa
3113 3997 3127 4021 ,
3182 3959 3526 4030 quadraginta
3573 3965 3759 4022 diebus

2173 4059 2294 4098 cum
2329 4045 2460 4112 ipsis
2491 4055 2759 4100 versatum
2782 4062 2903 4102 eum
2924 4063 3065 4113 esse,
3089 4048 3345 4119 Spiritum
3373 4065 3614 4108 sanetum
3640 4067 3757 4125 post

2173 4134 2523 4191 Pentecosten
2551 4137 2925 4204 descendisse,
2957 4149 3172 4209 tumque
3198 4134 3407 4211 linguas
3428 4144 3546 4199 illos
3576 4146 3756 4215 igneas

2171 4225 2472 4295 accepisse,
2503 4238 2662 4298 atque
2690 4230 2758 4284 ab
2783 4245 2847 4285 eo
2873 4241 3111 4300 tempore
3138 4234 3390 4287 miracula
3434 4236 3519 4290 edi
3555 4239 3623 4293 ab
3651 4240 3753 4296 illis

2169 4319 2416 4385 coepisse.
2448 4317 2578 4385 Quis
2605 4320 2763 4389 igitur
2787 4322 2964 4375 omnia
2995 4322 3092 4376 ista
3124 4336 3508 4380 commemorat
3534 4328 3558 4379 l
3589 4329 3756 4383 Disci-

2169 4407 2324 4476 pnlus
2354 4408 2530 4472 Pauli,
2557 4411 2891 4466 venerandus
2914 4421 2969 4466 et
3014 4428 3234 4484 magnus
3286 4416 3483 4483 Lucns,
3525 4419 3650 4474 dum
3683 4423 3751 4476 ita

2170 4499 2385 4566 incipit,
2426 4507 2477 4553 et
2504 4499 2588 4554 his
2618 4501 2794 4555 verbis
2820 4502 3022 4557 utitur:
3053 4502 3281 4557 Primum
3320 4508 3520 4574 quidem
3562 4527 3752 4564 sermo-

2167 4605 2280 4641 nem
2307 4590 2403 4660 [cci
2429 4592 2491 4644 de
2510 4593 2739 4646 omnibus
2757 4634 2774 4659 ,
2793 4610 2821 4646 ο
2838 4592 3145 4665 TlteOphile,
3176 4613 3290 4666 qua:
3317 4600 3464 4668 carpit
3484 4599 3635 4655 Iesus
3664 4606 3747 4674 fa-

2165 4697 2304 4746 cere,
2330 4690 2376 4733 et
2407 4681 2583 4736 docere
2607 4699 2763 4753 usque
2789 4685 2843 4737 in
2868 4684 3022 4749 diem,
3048 4702 3149 4754 qua
3177 4690 3473 4757 prwcipiens
3506 4695 3745 4761 apostolis

2166 4787 2256 4839 per
2277 4770 2529 4841 Spiritum
2555 4785 2815 4838 sanctum,
2838 4791 2963 4843 quos
2983 4775 3130 4845 elegit
3148 4818 3164 4841 ,
3187 4793 3476 4849 assumptus
3494 4792 3589 4837 est.
3619 4783 3746 4850 Qui-

2163 4861 2255 4915 bus
2293 4872 2339 4915 et
2360 4864 2572 4931 praebuit
2608 4865 2831 4935 seipsmn
2860 4866 3024 4919 vivunt
3059 4878 3171 4935 post
3195 4872 3479 4936 passionem
3518 4891 3664 4927 suam
3691 4876 3742 4930 in

2166 4953 2338 5007 multis
2361 4956 2692 5025 argumentis,
2717 4973 2806 5025 per
2831 4958 2938 5011 dies
2967 4960 3309 5031 quadraginta
3338 4980 3592 5034 apparens
3631 4968 3702 5022 eis
3724 5010 3741 5035 ,

2162 5053 2208 5096 et
2254 5046 2460 5114 loquens
2496 5046 2560 5099 de
2588 5063 2742 5116 regno
2795 5047 2911 5101 Dei.
2948 5047 3011 5100 Et
3037 5066 3339 5105 conuescens
3369 5059 3610 5127 pra'cepit
3640 5059 3741 5124 eis,

2160 5132 2223 5184 ab
2241 5133 2571 5204 Jerosolymis
2591 5151 2654 5188 ne
2677 5137 2988 5191 discederent
3007 5138 3141 5210 (Act.
3168 5143 3215 5194 l.
3246 5141 3400 5214 l-tl).
3429 5144 3587 5199 Vides
3608 5163 3741 5215 qua-

2167 5222 2407 5294 draginta
2434 5224 2623 5279 diebus
2641 5227 2690 5278 in
2716 5228 2870 5281 terris
2895 5228 3174 5284 Dominum
3197 5244 3461 5289 versatum
3484 5251 3604 5290 esse
3627 5248 3741 5306 post

2160 5316 2604 5372 resurrectionem
2621 5358 2637 5381 ,
2663 5318 2732 5373 de
2756 5334 2921 5389 regno
2949 5320 3039 5375 Dei
3065 5321 3366 5391 loquentem
3384 5333 3584 5381 etcum
3613 5343 3742 5396 apo.

2158 5407 2310 5462 stolis
2339 5417 2646 5465 vescentem
2674 5412 2697 5464 7
2727 5411 2886 5467 Vides
2907 5413 3067 5467 etiam
3095 5414 3271 5468 cibum
3301 5432 3421 5469 cum
3460 5418 3566 5473 illis
3592 5434 3735 5473 smn-

2158 5501 2329 5569 psisse
2346 5500 2371 5553 ’ἔ
2387 5499 2454 5554 Et
2480 5503 2716 5573 pra'cepit
2745 5504 2835 5568 eis,
2861 5504 3047 5574 inquit,
3069 5506 3132 5559 ab
3144 5505 3474 5579 Jerosolymis
3498 5527 3561 5564 ne
3575 5512 3735 5566 disce-

2157 5591 2329 5644 derent
2353 5632 2368 5655 ,
2412 5593 2501 5647 sed
2551 5603 2895 5663 exspectarent
2944 5598 3323 5665 promissionem
3371 5598 3547 5656 Patris
3587 5618 3734 5672 quam

2159 5679 2398 5750 audistis,
2430 5682 2615 5753 inquit,
2644 5699 2706 5737 ra:
2729 5698 2845 5739 me:
2870 5685 2986 5755 quia
3010 5686 3236 5743 Joannes
3269 5690 3535 5761 baptizavit
3563 5710 3723 5763 aqua,
