4060 6252
326 329 442 383 Ίυῧ

324 444 522 498 ’πᾶσιν
545 440 806 511 ἐμαυτὸν
827 440 1157 494 ἐδούλωσα.
1200 444 1403 497 Ἐποίει
1427 445 1483 497 δὲ
1504 442 1678 497 ταῦτα
1706 445 1734 496 6
1765 442 1903 497 Παῦ-

328 527 418 590 λος
455 523 791 595 μιμούμενος
829 523 919 576 τὸν
949 523 1140 577 ἑαυτοῦ
1167 525 1464 595 Δεσπότην.
1510 525 1777 595 Καθάπερ
1798 525 1907 597 γὰρ

326 610 493 674 αὐτὸς
552 610 646 660 Ἑν
686 604 891 675 μορφῇ
942 607 1090 660 Θεοῦ
1125 607 1410 675 ὑπάρχων
1445 610 1558 676 οὐχ
1595 608 1910 678 ἁρπαγμὸν

328 690 601 760 ἡγήσατο
629 690 696 741 τὸ
719 690 872 742 εἶναι
908 689 1014 741 ἴσα
1052 688 1173 754 Θεῷ
1198 729 1211 753 ,
1237 691 1376 744 ἀλλ’
1406 689 1625 743 ἑαυτὸν
1651 691 1910 743 ἐκένωσερ

258 805 285 822 ρ
324 771 568 842 μορφὴν
597 771 822 824 δούλου
852 770 1072 837 λαϐὼν,
1104 771 1201 824 καὶ
1226 772 1544 839 ἐλεύθερος
1579 770 1664 825 ὢν
1688 771 1910 838 δοῦλος

253 907 266 916 ,
330 854 610 924 γέγονεν·
638 852 782 907 οὕτω
811 854 908 906 καὶ
948 845 1103 917 οὕτος
1133 853 1417 925 ἐλεύθερος
1453 853 1528 905 ὢν
1582 855 1646 908 ὲκ
1692 855 1908 907 πάντων

330 938 497 990 πᾶσιν
545 936 738 989 ἑαυτὸν
792 934 1086 988 ἐδούλωσεν
1109 977 1125 999 ,
1177 935 1318 988 ὥστε
1375 936 1580 998 πάντας
1626 935 1904 1004 κερδᾶναι.

328 1018 522 1081 Δοῦλος
561 1018 780 1086 ἐγένετο
809 1018 907 1087 τὴν
941 1018 1102 1086 φύσιν
1129 1018 1228 1088 τὴν
1254 1018 1531 1086 ἡμετέραν
1563 1017 1849 1072 ἀναλαϐὼν
1880 1019 1909 1071 6

222 1144 235 1149 _
320 1102 652 1173 Δεσπότης,
707 1101 794 1153 ῖνα
849 1092 977 1161 τοὶς
1028 1099 1247 1162 δούλους
1294 1099 1614 1172 ἐλευθέρους
1668 1102 1905 1173 ποιήσῃ·

326 1184 617 1240 Ἔκλινεν
668 1182 958 1251 οὐρανοὺς
982 1220 996 1245 ,
1055 1182 1152 1235 καὶ
1184 1180 1399 1250 κατέϐη
1417 1223 1431 1247 ,
1463 1183 1550 1236 ῖνα
1579 1183 1709 1245 τοὺς
1760 1184 1910 1236 κάτω

332 1266 591 1335 μένοντας
615 1264 869 1335 ἀναγάγῃ
900 1266 978 1327 είς
1001 1264 1251 1333 οὐρανόν.
1281 1266 1568 1319 Ἔκλινεν
1590 1266 1907 1333 οὐρανούςο

321 1349 427 1400 οὐκ
456 1343 578 1400 εἶπε
603 1364 617 1377 ·
653 1346 961 1400 Κατέλιπεν
1016 1347 1316 1416 οὐρανοὺς.
1353 1349 1448 1401 καὶ
1495 1347 1698 1418 κατέϐη
1727 1388 1741 1412 ,
1793 1347 1909 1400 ἀλλ’

329 1431 624 1493 Ἔκλινεν,
652 1428 1023 1499 εὐκολωτέραν
1056 1446 1138 1482 σοι
1160 1430 1261 1500 τὴν
1293 1431 1478 1484 ἄνοδον
1505 1433 1674 1483 ποιῶν
1703 1431 1802 1501 τὴν
1831 1431 1909 1493 εἰς

325 1515 450 1575 τοὺς
476 1512 760 1583 οὐρανούς.
799 1510 1002 1564 Τοῦτον
1030 1511 1122 1565 καὶ
1141 1513 1170 1563 6
1198 1513 1415 1576 Παῦλος
1434 1514 1742 1583 ἐμιμήσατο
1768 1512 1910 1566 κατά

322 1593 553 1664 δύναμιν
576 1635 591 1659 ,
622 1594 704 1647 διὸ
726 1593 820 1646 καὶ
843 1592 995 1662 ἔλεγε
1021 1609 1034 1623 ·
1058 1597 1321 1663 Μιμηταί
1340 1613 1460 1665 μου
1485 1597 1725 1665 γίνεσθε
1747 1636 1771 1659 ,.
1799 1611 1906 1648 κα-

324 1677 444 1740 θὼς
470 1676 633 1744 κάγὼ
660 1676 937 1743 Χριστοῦ.
969 1678 1080 1730 Καὶ
1111 1678 1228 1741 πῶς
1254 1680 1340 1741 σὺ,
1362 1672 1407 1731 ὧ
1439 1679 1676 1749 μακάριε
1706 1676 1905 1742 Παῦλε,

324 1757 420 1810 τοῦ
469 1757 707 1829 Χριστοῦ
740 1758 930 1826 ἐγένου
969 1761 1249 1830 μιμητήςς
1285 1759 1446 1826 Πῶς;
1493 1761 1708 1828 Ἐπειδὴ
1748 1761 1911 1813 οὐδα-

322 1840 435 1909 μοῦ
464 1841 613 1911 ζητῶ
641 1854 666 1882 ι·
698 1840 762 1894 :6
786 1843 1023 1911 ἐμαυτοῦ
1057 1844 1365 1912 συμφέρον,
1397 1843 1533 1896 ἀλλά
1559 1843 1620 1895 :6
1644 1843 1754 1896 τῶν
1782 1846 1911 1899 πολ-

324 1925 474 1987 λῶν,
515 1926 665 1988 ὅπως
710 1925 960 1988 σωθῶσι,
997 1927 1090 1978 καὶ
1125 1926 1410 1996 ἐλεύθερος
1452 1925 1527 1979 ὣν
1570 1929 1635 1979 ἐκ
1666 1927 1908 1994 πάντων,

327 2008 498 2060 πᾶσιν
528 2008 765 2077 ἐμαυτὸν
797 2007 1089 2062 ἐδούλωσα.
1126 2009 1293 2061 Οὐδὲν
1343 2008 1521 2062 τοίνυν
1572 2009 1777 2079 ταύτης
1812 2012 1911 2081 τῆς

327 2088 571 2152 δουλείας
612 2090 844 2159 βέλτιον,
878 2090 1193 2159 ἐλευθερίας
1243 2092 1350 2158 γὰρ
1391 2090 1596 2161 ἑτέροις
1632 2093 1779 2145 αἰτία
1825 2094 1911 2161 γί·

326 2188 498 2225 νεται.
552 2172 762 2234 Ἀλιεῦς
809 2168 878 2242 ἦν
924 2171 1292 2241 πνευματικὸς
1323 2174 1351 2225 6
1388 2173 1598 2236 Παῦλος
1623 2188 1636 2203 ⁸
1671 2175 1910 2241 ΙΙοιήσω

323 2254 435 2323 γὰρ
460 2252 650 2322 ὑμᾶς..
686 2254 850 2323 φησὶν
868 2294 882 2316 ,
913 2255 1102 2319 ἁλιεῖς
1126 2255 1449 2321 ἀνθρώπων
1472 2273 1485 2286 ο
1513 2256 1600 2310 διὰ
1632 2259 1790 2310 τοῦτο
1816 2260 1911 2311 καὶ

320 2337 498 2390 ταῦτα
527 2337 721 2390 ἐποίει.
755 2337 863 2389 Καὶ
896 2337 1004 2408 γὰρ
1039 2338 1133 2390 καὶ
1170 2338 1219 2390 οί
1262 2339 1434 2401 ἁλιεῖς
1457 2377 1473 2401 ,
1506 2341 1726 2393 ἐπειδὰν
1759 2342 1909 2394 ἴδωσι

319 2424 412 2472 τὸν
451 2419 604 2490 ἰχθὺν
628 2420 962 2473 καταπιόντα
988 2419 1048 2472 :6
1074 2421 1510 2492 ἀγκιστρον,ούκ
1542 2424 1748 2488 εὐθέως
1779 2426 1909 2478 ἀνθ-

321 2503 571 2557 έλκουσιν
594 2546 609 2569 ,
648 2504 765 2557 ἀλλ’
811 2503 1103 2567 ἐνδιδόντες
1172 2504 1335 2575 μέχρι
1375 2506 1570 2559 πολλοῦ
1608 2508 1909 2577 διαστήμα-

319 2603 413 2651 τος
443 2584 823 2638 ἀκολουθοῦσιν
868 2585 1230 2656 ἀναμένοντες
1277 2589 1596 2658 ἐμπαγῆναι
1643 2590 1704 2643 τὸ
1753 2590 1911 2658 ἄγκι-

323 2684 486 2739 στρον
520 2667 702 2730 καλῶς
727 2710 741 2733 ,
768 2667 857 2720 ἵνα
904 2666 1046 2721 οὕτω
1089 2669 1226 2738 μετά
1268 2669 1569 2737 ἀσφαλείας
1596 2670 1695 2742 τὴν
1736 2672 1909 2743 Θήραν

318 2751 645 2805 ὲλκύσωσιν.
676 2749 837 2805 Οὕτω
866 2751 957 2803 καὶ
984 2753 1032 2804 οἱ
1062 2752 1348 2806 ἀπόστολοι
1377 2755 1500 2807 τότε
1529 2756 1764 2808 ἐποίουν·
1796 2756 1911 2810 ἐνέ-

322 2832 517 2886 ϐαλλον
544 2837 604 2886 :6
626 2835 924 2904 ἄγκιστρον
952 2834 1050 2904 τῆς
1075 2834 1425 2898 διδασκαλίας
1453 2836 1547 2888 τοῦ
1580 2836 1738 2905 λόγου
1764 2838 1909 2910 ψυχῇ

319 2919 388 2987 τῇ
437 2917 699 2987 Ἰουδαϊκῇ
717 2957 731 2978 ,
770 2919 817 2968 οἱ
839 2917 896 2969 δὲ
923 2917 1205 2971 ἀνθεῖλκον
1231 2920 1352 2987 εἰκῆ
1377 2956 1392 2981 ,
1421 2919 1518 2972 καὶ
1543 2922 1806 2990 κατέσχον
1833 2922 1913 2983 είς

322 3001 631 3070 περιτομὴν
656 3000 883 3061 ἑαυτοὺς
911 2999 1136 3066 ἄγοντες
1160 3041 1175 3062 ,
1202 3002 1283 3063 είς
1316 3001 1536 3070 ὲορτάς,
1585 3003 1663 3066 εἰς
1706 3002 1914 3074 καιρῶν

321 3083 731 3152 παρατήρησιν.
776 3083 856 3144 εἰς
885 3081 1077 3146 θυσίας
1095 3122 1109 3142 ,
1139 3081 1220 3147 είς
1243 3081 1304 3135 τὸ
1332 3083 1596 3154 ξυρᾶσθαι
1631 3086 1724 3138 καὶ
1749 3086 1919 3155 ἕτερα

322 3164 549 3217 τοιαῦτα
584 3167 758 3219 ποιεῖν
794 3180 809 3193 ⁶
849 3167 896 3217 οἱ
931 3164 1328 3231 δὲίάπόστολοι
1361 3167 1634 3238 πανταχοῦ
1686 3167 1916 3238 ἠκολού-

318 3246 454 3299 θονν
479 3247 692 3310 αὐτοῖς,
735 3247 829 3300 καὶ
870 3246 971 3299 οὐκ
1008 3246 1291 3302 ἀνθεῖλκον
1318 3264 1332 3279 ο
1384 3248 1526 3302 ὥστε
1562 3250 1666 3304 κᾶν
1695 3266 1915 3321 περιτο-

327 3329 437 3400 μὴν
466 3329 634 3400 ζητῇς
657 3368 672 3391 ,
699 3330 885 3400 φησὶν,
923 3329 1025 3382 οὕκ
1060 3329 1368 3396 ἀντιτείνω,
1394 3331 1510 3384 ἀλλ’
1542 3332 1748 3404 ἕπομαι
1768 3352 1780 3364 ο
1808 3333 1914 3387 κᾶν

323 3412 517 3466 θυσίαν
549 3414 706 3482 αἰτῇς
725 3451 740 3476 ,
773 3411 883 3464 θύω
909 3452 925 3476 ,
956 3410 1059 3464 κᾶν
1102 3410 1368 3480 ξυρᾶσθαι
1401 3413 1667 3486 βουληθῇς
1697 3417 1798 3486 ἐμὲ
1823 3417 1915 3470 τὸν

322 3495 637 3550 ἀποστάντα
660 3495 759 3566 τῆς
788 3495 887 3564 σῆς
917 3494 1194 3558 πολιτείας
1218 3537 1235 3561 ,
1264 3496 1517 3568 πάρειμι,
1559 3498 1651 3550 καὶ
1688 3497 1824 3551 ποιῶ
1854 3499 1916 3552 :6

323 3579 672 3649 κελευόμενον
696 3597 708 3608 ·
780 3578 882 3633 κᾶν
912 3579 1296 3649 Πεντηκοστὴν
1337 3578 1563 3649 κελεύῃς
1594 3582 1917 3651 παρατηρῆ-

326 3664 419 3718 σαί
454 3680 519 3733 με
541 3704 555 3727 ,
590 3662 712 3715 οὐδὲ
770 3661 1006 3714 ἐνταῦθα
1047 3661 1364 3730 φιλονεικῶ’
1411 3662 1524 3714 ἀλλ’
1572 3663 1816 3732 ὅπουπερ
1850 3662 1916 3718 ἂν

322 3749 628 3818 περιάγῃς,
682 3745 961 3798 ἀκολουθῶ
1004 3746 1099 3798 καὶ
1152 3745 1407 3815 ὲνδίδωμι
1456 3745 1774 3816 ἐμπαγῆναι
1834 3763 1915 3798 σοι

322 3832 610 3900 ἀναμένων
638 3830 735 3882 τοῦ
773 3830 931 3895 λόγου
970 3829 1031 3881 :6
1063 3828 1360 3899 ἄγκιστρον
1381 3870 1395 3893 ,
1442 3828 1583 3881 ὥστε
1615 3829 1917 3901 δυνηθῆναι

324 3914 466 3985 μετά
498 3911 801 3980 ἀσφαλείας
835 3911 981 3964 ἅπαν
1033 3910 1186 3979 ὑμῶν
1217 3910 1504 3974 ἐξελκύσαι
1541 3912 1602 3963 :6
1638 3911 1789 3975 ἔθνος
1818 3912 1916 3983 τῆς

323 3996 568 4056 παλαιᾶς
600 3992 855 4063 λατρείας
888 3993 983 4045 καὶ
1012 3993 1305 4057 πολιτείας.
1334 3995 1434 4046 Διά
1475 3992 1634 4046 τοῦτο
1676 3994 1785 4065 γὰρ
1822 3996 1917 4047 καὶ

321 4078 431 4130 ἁπό
490 4075 719 4142 Ἐφέσου
772 4076 853 4138 εἰς
905 4075 1257 4147 Ἰεροσόλυμα
1309 4072 1492 4146 ἦλθον.
1537 4077 1701 4148 Ὁρᾷς
1748 4076 1914 4131 πόσον

323 4157 813 4230 παρηκολούθησεν
840 4159 874 4210 6
903 4159 1117 4222 Παῦλος
1147 4162 1214 4230 τῇ
1253 4159 1409 4230 ἀλείᾳ
1456 4159 1565 4212 τῶν
1602 4159 1801 4231 ἰχθύων
1827 4163 1914 4214 έν-

323 4242 498 4307 διδοὺς
527 4241 605 4310 τῷ
629 4240 811 4311 λόγῳς
856 4244 988 4312 ὁρᾷς
1017 4242 1099 4294 ὅτι
1134 4243 1168 4312 ἡ
1206 4243 1590 4314 παρατήρησις
1637 4242 1747 4296 τῶν
1787 4261 1911 4298 και-

329 4325 478 4396 ρῶν,
526 4326 623 4377 καὶ
666 4326 699 4395 ή
757 4324 1165 4392 συγκατάϐασις
1213 4325 1314 4395 τῆς
1363 4326 1698 4397 περιτομῆς,
1733 4327 1827 4379 καὶ
1874 4329 1910 4398 ἡ

326 4406 581 4460 κοινωνία
616 4405 726 4459 τῶν
759 4405 959 4459 θυσιῶν
981 4405 1071 4459 διὰ
1096 4406 1257 4461 τοῦτο
1286 4406 1516 4475 ἐγίνετο,
1559 4407 1657 4477 οὐχ
1686 4408 1772 4461 ἵνα
1812 4410 1912 4463 αύ-

324 4491 409 4544 τοὶ
445 4490 582 4561 πρὸς
628 4490 728 4561 τὴν
778 4489 1014 4543 παλαιὰν
1049 4490 1383 4544 ἐπανέλθωσι
1435 4492 1712 4546 πολιτείαν
1736 4532 1751 4555 ,
1798 4493 1913 4545 ἀλλ’

326 4575 414 4627 ἵνα
444 4573 685 4635 ἐκείνους
731 4575 844 4637 τοῖς
890 4572 1081 4636 τύποις
1120 4573 1619 4644 παρακαθημένους
1648 4575 1783 4644 πρὸς
1815 4577 1914 4644 τὴν

325 4655 580 4725 ἀλήθειαν
612 4656 1063 4724 ὲπαναγάγωσιν;
1095 4656 1152 4709 Ὀ
1187 4656 1296 4725 γὰρ
1334 4656 1393 4709 ἐν
1428 4655 1551 4724 ὕψει
1585 4657 1913 4728 καθήμενος,

327 4738 423 4793 ἐὰν
455 4738 743 4801 διαπαντὸς
776 4739 868 4791 ἐπὶ
887 4739 982 4792 τοῦ
1008 4738 1177 4807 ὕψους
1208 4739 1374 4811 μένῃ,
1408 4739 1665 4792 οὐδέποτε
1690 4740 1918 4810 δυνήσε-

325 4838 415 4874 ται
460 4822 552 4873 τὸν
582 4821 734 4874 κάτω
770 4821 1020 4892 κείμενον
1069 4822 1367 4890 ἀναγαγεῖν
1390 4862 1403 4882 ,
1439 4821 1576 4874 ἀλλὰ
1607 4823 1689 4875 δεῖ
1721 4823 1918 4892 πρότε-

326 4922 420 4975 ρον
448 4906 654 4957 ἐκεῖνον
679 4905 1100 4975 ταπεινωθῆναι,
1126 4905 1220 4957 καὶ
1244 4905 1367 4959 τότε
1394 4907 1583 4958 τοῦτον
1608 4905 1912 4976 ὑψωθῆναι.

325 4989 427 5043 Διά
468 4987 627 5041 τοῦτο
661 4989 974 5059 κατέϐησαν
1012 4992 1061 5042 οἱ
1113 4989 1402 5042 ἀπόστολοι
1455 4989 1565 5040 ἀπὸ
1600 4989 1694 5042 τοῦ
1748 4990 1916 5059 ὕψους

327 5070 424 5142 τῆς
455 5070 731 5134 πολιτείας
782 5072 882 5140 τῆς
928 5072 1290 5141 εὐαγγελικῆς
1318 5072 1369 5135 δ,
1414 5071 1500 5123 ἵνα
1531 5072 1640 5125 ἀπὸ
1683 5073 1781 5144 τῆς
1817 5087 1951 5125 τα-’

325 5152 640 5222 πεινότητος
663 5154 764 5223 τῆς
795 5154 1069 5217 πολιτείας
1105 5156 1205 5225 τῆς
1237 5154 1536 5225 Ἰουδαϊκῆς
1571 5153 1685 5227 [88]
1710 5156 1918 5225 ἀναγά-

324 5254 498 5307 γωσιν
524 5239 604 5301 εἰς
626 5239 688 5290 τὸ
719 5238 853 5307 ὕψος
880 5241 1056 5291 έκεῖνο
1075 5243 1203 5301 τοὺς
1245 5235 1553 5302 Ἰουδαίους.

398 5327 464 5374 ε’.
502 5320 646 5374 Ἀλλ’
668 5322 750 5374 6::
773 5321 873 5392 μὲν
898 5324 931 5393 ὴ
954 5322 1063 5375 τῶν
1089 5319 1298 5392 καιρῶν
1318 5323 1701 5393 παρατήρησις
1721 5322 1815 5375 καὶ
1842 5321 1913 5376 τά

327 5401 493 5457 λοιπά
538 5404 720 5458 πάντα
749 5405 1033 5476 χρησίμως
1068 5404 1164 5457 καὶ
1216 5403 1602 5473 συμφερόντως
1652 5405 1913 5472 ἐγίνοντο,

330 5488 439 5542 ἀπὸ
464 5488 668 5543 τούτων
690 5490 845 5561 δῆλον
869 5507 883 5522 ·
917 5489 1117 5560 ἴδωμεν
1144 5488 1200 5542 δὲ
1249 5488 1433 5542 λοιπὸν
1468 5488 1614 5552 τίνος
1641 5489 1827 5544 ἕνεκεν
1854 5493 1917 5545 :6

564 5614 659 5691 ταὶῆ
682 5615 787 5691 πῶς
824 5614 886 5662 σὺ
903 5613 1007 5678 γίνῃ
1028 5611 1240 5678 Χριστοῦ
1275 5614 1497 5679 μιμητής·
1529 5613 1584 5662 οὗ
1611 5614 1916 5679 ζητῶκΕᾱίῑί

333 5672 991 5798 Χρὲσὲἓὺξατῖἤηέτάξγελικῆς.

962 338 1098 392 CUI!
1158 340 1220 392 IN
1260 335 1552 397 PENTEC.
1587 339 1788 403 ACTA,
1820 337 1975 395 ETC.
2012 335 2079 392 ΙΝ
2120 337 2413 398 PRINCIP.
2467 340 2822 399 ACTORUM.
2863 342 2952 399 IV.

3496 338 3591 393 1(Ιᾷ

2017 442 2220 512 βιϐλίον
2256 447 2364 501 τῶν
2394 449 2653 519 Πράξεων
2698 448 3147 502 τῶνςάποστόλων
3192 456 3253 508 ὲν
3309 449 3386 521 τῷ
3419 452 3597 522 καιρῷ

2014 527 2115 597 τῆς
2169 529 2551 601 Πεντηκοστῆς
2614 529 3063 599 ἀναγινώσκεται.
3124 531 3217 585 Διά
3272 532 3382 602 γὰρ
3436 533 3597 587 τοῦτο

2013 608 2187 663 ταῦτα
2237 612 2415 666 πάντα
2465 614 2826 684 ἐκινήσαμεν,
2877 613 2965 679 ἵν’,
3017 614 3144 667 ὅταν
3194 614 3338 685 ἴδητε
3387 615 3597 686 καιρῶν

2010 695 2402 765 ,παρατήρησιν
2450 697 2816 766 ὲγκειμένην.
2878 697 2951 768 μὴ
3013 697 3271 767 νομίσητε
3323 698 3596 751 πολιτείαν

2016 778 2190 829 νοσεῖν
2238 777 2532 847 Ἰουδαῖκὴν
2554 780 2680 840 τοὺς
2713 779 3062 842 ἀποστόλους.
3111 780 3272 833 Ἀλλά
3299 781 3596 851 προσέχετε

2020 857 2161 926 μετά
2215 859 2538 930 ἀκριϐείας,
2584 860 2888 930 παρακαλῶ
2917 876 2931 890 ·
2982 862 3043 914 06
3078 862 3187 933 γὰρ
3248 863 3441 933 μικρόν
3480 864 3597 916 ἐστι

2018 942 2239 1015 ζήτημα
2290 945 2351 997 τὸ
2403 945 2594 1016 μέλλον
2632 945 2984 1017 ῥηθήσεσθαι.
3023 948 3112 1001 Ἐν
3158 950 3223 1019 τῇ
3276 948 3460 1020 ἡμέρᾳ
3500 946 3598 1002 τοῦ

2019 1028 2255 1099 σταυροῦ
2278 1029 2346 1081 τά
2375 1029 2503 1100 περὶ
2524 1028 2617 1083 τοῦ
2654 1029 2885 1100 σταυροῦ
2920 1031 3097 1084 πάντα
3119 1031 3562 1102 ἀναγινώσκομεν
3581 1047 3596 1059 ·

2018 1110 2076 1162 έν
2105 1109 2184 1179 τῷ
2228 1110 2484 1181 σαϐϐάτῳ
2532 1110 2608 1182 τῷ
2661 1113 2882 1182 μεγάλῳ
2938 1112 3136 1178 πάλιν,
3190 1115 3272 1167 6::
3327 1112 3599 1183 παρεδόθη

2018 1193 2050 1257 ἡ
2061 1190 2176 1261 μῶν
2199 1194 2227 1244 6
2258 1192 2481 1263 Κύριος,
2510 1195 2591 1247 6::
2631 1194 2969 1266 ἐσταυρώθη,
3006 1197 3087 1249 6::
3109 1196 3345 1249 ἀπέθανε
3371 1195 3431 1248 :6
3459 1193 3602 1249 κατά

2021 1276 2219 1345 σάρκα,
2259 1277 2341 1328 6::
2367 1277 2540 1346 ἐτάφη
2562 1295 2575 1307 ·
2608 1277 2751 1341 τίνος
2778 1273 2870 1332 οὖν
2906 1278 3091 1333 ἕνεκεν
3115 1280 3210 1332 καὶ
3233 1280 3330 1339 τὰς
3368 1276 3602 1350 Πράξεις

2016 1357 2126 1409 τῶν
2152 1358 2465 1411 ἀποστόλων
2502 1360 2563 1412 06
2611 1360 2750 1430 μετά
2792 1360 2894 1431 τὴν
2923 1362 3304 1432 Πεντηκοστὴν
3338 1360 3602 1429 ἀναγινώ-

2021 1457 2222 1507 σκομεν
2245 1483 2259 1506 ,
2287 1442 2376 1494 ὅτε
2422 1442 2517 1494 καὶ
2561 1443 2811 1511 ἐγένοντο
2831 1482 2846 1506 ,
2887 1446 2980 1497 καὶ
3028 1445 3202 1515 ἀρχὴν
3234 1444 3459 1509 έλαϐον;
3492 1445 3604 1498 Καὶ

2018 1517 2136 1576 οῖδα
2163 1525 2259 1592 μὲν
2288 1524 2371 1577 6::
2397 1524 2580 1577 πολλοὶ
2609 1524 2768 1578 τοῦτο
2811 1526 3066 1593 ἀγνοοῦσι
3091 1543 3105 1556 ο
3131 1527 3318 1598 διόπερ
3352 1526 3457 1580 ἀπὸ
3506 1525 3602 1579 τοῦ

2021 1605 2225 1675 βιϐλίου
2274 1607 2383 1660 τῶν
2411 1607 2669 1678 Πράξεων
2705 1609 2837 1661 αὐτὸ
2880 1608 3256 1663 πιστώσασθαι
3283 1611 3602 1677 ἀναγκαῖον,

2019 1690 2106 1743 ἵνα
2132 1690 2372 1760 μάθητε,
2407 1692 2489 1743 6::
2533 1692 2632 1761 τὴν
2678 1692 2852 1762 ἀρχὴν
2887 1692 2996 1745 τῶν
3029 1694 3291 1764 Πράξεων
3331 1692 3439 1746 τῶν
3465 1695 3603 1747 ἀπο-

2021 1772 2281 1825 στολικῶν
2328 1775 2428 1842 οὐχ
2471 1774 2505 1842 ἡ
2555 1774 2902 1845 Πεντηκοστὴ
2938 1774 3050 1844 ἔχει
3077 1813 3093 1837 ,
3124 1775 3240 1828 ἀλλ’
3285 1777 3314 1827 6
3359 1774 3604 1845 καιρὸςὸ

2022 1854 2160 1923 μετά
2197 1854 2295 1926 τὴν
2336 1857 2738 1926 Πεντηκοστήν.
2772 1856 2862 1909 Διὸ
2894 1857 2990 1909 καὶ¹
3017 1857 3243 1920 δικαίως
3295 1858 3360 1911 ἀν
3401 1875 3483 1919 τις
3510 1858 3608 1925 ζη-

2018 1938 2222 2006 τήσειε,
2253 1937 2304 1990 τί
2336 1938 2539 2009 δήποτε
2566 1937 2655 1990 τὸν
2692 1938 2788 2008 μὲν
2820 1939 3054 2011 σταυρὸν
3100 1942 3156 1993 ὲν
3186 1942 3253 2009 τῇ
3287 1940 3470 2011 ἡμέρᾳ
3510 1939 3606 1992 τοῦ

2022 2019 2255 2091 σταυροῦ
2290 2022 2510 2074 καὶτοῦ
2568 2022 2775 2085 πάθους
2802 2021 3198 2090 ἀναγινώσκειν
3252 2022 3609 2094 νενομοθέτη-
3664 2046 3670 2051 ·

2018 2119 2140 2156 ται·
2195 2103 2292 2167 τὰς
2337 2104 2394 2155 δὲ
2422 2103 2657 2174 Πράξεις
2706 2104 2804 2166 τάς
2843 2104 3209 2168 ἀποπολικάς
3262 2106 3363 2158 οὐκ
3419 2106 3609 2166 αὐταῖς

2017 2189 2137 2249 ταῖς
2169 2187 2405 2258 ἡμέραις
2451 2187 2903 2257 ἀναγινώσκομεν
2925 2227 2939 2250 ,
2992 2188 3110 2242 οὐδὲ
3139 2187 3217 2258 τῷ
3254 2188 3432 2258 καιρῷ
3486 2183 3609 2240 καθ’

2019 2268 2078 2322 ὃν
2107 2271 2484 2341 ἐπράχθησαν,
2513 2270 2650 2323 ἀλλά
2677 2270 3060 2341 προφθάνομεν
3083 2277 3172 2323 τὸν
3217 2271 3428 2341 καιρόν.
3474 2268 3611 2322 Οὐδὲ

2019 2353 2128 2425 γὰρ
2159 2353 2362 2416 εὐθέως
2393 2354 2482 2407 ὅτε
2506 2353 2702 2424 ἀνέστη
2728 2354 2965 2423 Χριστὸς
2986 2394 2999 2416 ,
3031 2353 3287 2425 θαύματα
3317 2352 3532 2405 ἐποίουν
3559 2351 3611 2404 οἱ

2019 2436 2347 2499 ἀπόστολοι,
2375 2437 2510 2491 ἀλλά
2543 2437 2951 2508 τεσσαράκοντα
2987 2437 3200 2508 ἡμέρας
3251 2437 3437 2497 αὐτοῖς
3484 2452 3613 2487 συν-

2017 2519 2234 2588 ηλίζετο
2262 2530 2286 2557 θ
2328 2522 2420 2574 ἐπὶ
2443 2521 2546 2589 τῆς
2571 2520 2696 2589 γῆς.
2730 2520 2885 2582 Τίνος
2910 2520 2966 2572 δὲ
2991 2520 3176 2571 ἕνεκεν
3198 2517 3296 2580 τὰς
3341 2517 3611 2587 τεσσαρά-

2019 2619 2184 2655 κοντα
2233 2601 2445 2672 ἡμέρας
2503 2602 2688 2665 αὐτοῖς
2742 2600 3058 2669 συνεγένετο
3103 2601 3196 2653 ἐπὶ
3245 2602 3344 2670 τῆς
3379 2600 3516 2669 γῆς,
3553 2600 3613 2651 ἐν

2020 2686 2191 2755 ἑτέρῳ
2212 2684 2389 2756 καιρῷ
2406 2684 2747 2756 δηλώσομενο
2780 2685 2918 2747 τέως
2953 2684 3010 2736 δὲ
3037 2684 3130 2736 επὶ
3159 2683 3221 2736 :6
3250 2683 3613 2754 προκείμενον

2024 2768 2192 2839 ἴωμεν
2224 2769 2318 2821 τοῦ
2356 2768 2514 2837 λόγου
2542 2807 2558 2831 ,
2580 2767 2915 2832 δεικνύντες,
2941 2769 3022 2820 6::
3048 2768 3149 2821 οὐκ
3180 2766 3383 2830 εὐθέως
3413 2768 3492 2829 είς
3519 2766 3613 2819 τὸν

2022 2851 2250 2921 οὐρανὸν
2281 2851 2448 2921 ἀνέϐη
2483 2850 2622 2921 μετά
2649 2851 2749 2920 τὴν
2785 2851 3081 2903 ἀνάστασιν
3115 2852 3142 2902 6
3173 2847 3407 2918 Χριστὸς
3430 2890 3445 2911 ,
3479 2846 3613 2902 ἀλλά

2022 2933 2427 3002 τεσσαράκοντα
2446 2934 2662 3004 ἡμέρας
2692 2934 2783 2986 ἐπὶ
2806 2934 2908 3003 τῆς
2937 2934 3041 3002 γῆς
3068 2932 3311 3003 διέτριψε
3340 2931 3477 3000 μετά
3504 2931 3614 2983 τῶν

2028 3015 2315 3093 μαθητῶν,
2368 3016 2464 3069 καὶ
2488 3018 2587 3085 οὐχ
2613 3016 2800 3078 ἁπλῶς
2838 3014 3134 3087 διέτριψεν,
3167 3015 3303 3069 ἀλλά
3339 3015 3432 3068 καὶ
3487 3031 3614 3068 συν-

2028 3099 2374 3168 αλιζόμενος,
2398 3098 2493 3151 καὶ
2523 3098 2803 3170 τραπέζης
2834 3096 3106 3151 κοινωνῶν
3123 3136 3139 3162 ,
3169 3098 3262 3151 καὶ
3284 3097 3499 3168 ὁμιλίας
3526 3115 3614 3167 με·

2022 3181 2295 3245 ταδιδοὺς,
2327 3183 2421 3234 καὶ
2446 3181 2584 3251 μετά
2603 3182 2702 3245 τὰς
2731 3181 3141 3251 τεσσαράκοντα
3170 3181 3385 3253 ἡμέρας
3413 3181 3614 3252 ἀνῆλθε

2023 3265 2162 3335 πρὸς
2195 3263 2287 3316 τὸν
2333 3264 2553 3336 Πατέρα
2606 3266 2665 3317 ὲν
2695 3266 2809 3327 τοῖς
2857 3264 3135 3335 οὐρανοῖς,
3182 3264 3276 3316 καὶ
3315 3263 3438 3317 οὐδὲ
3490 3265 3614 3317 τότε

2025 3347 2506 3419 ὲθαυματούργουν
2525 3387 2540 3411 ,
2578 3347 2693 3401 ἀλλ’
2724 3347 2909 3420 ἕτεραι
2939 3349 3071 3402 δέκα
3115 3348 3355 3416 ἐγίνοντο
3386 3348 3613 3419 ἡμέραι,

2023 3433 2118 3485 καὶ
2165 3432 2546 3501 πληρουμένης
2579 3433 2680 3501 τῆς
2710 3432 3093 3502 Πεντηκοστῆς
3140 3432 3397 3502 ἐπέμφθη
3429 3435 3614 3498 αὐτοῖς

2023 3516 2084 3567 :6
2112 3517 2336 3585 Πνεῦμα
2364 3516 2425 3567 τὸ
2453 3516 2607 3581 ἅγιον
2634 3554 2648 3577 ,
2684 3514 2777 3567 καὶ
2805 3513 2927 3565 τότε
2957 3512 3212 3575 λαϐόντες
3238 3513 3337 3576 τὰς
3383 3515 3614 3584 πυρίνας

2023 3595 2276 3666 γλώσσας
2321 3595 2556 3667 ἧρξαντο
2588 3598 2759 3648 ποιεῖν
2785 3594 3057 3663 θαύματα.
3094 3594 3278 3648 Ταῦτα
3311 3595 3367 3650 δὲ
3414 3597 3613 3659 πάντα,

2026 3680 2299 3750 ἀγαπητοὶ
2327 3720 2341 3744 ,
2378 3678 2486 3731 ἀπὸ
2534 3678 2645 3731 τῶν
2672 3676 2906 3748 Γραφῶν
2937 3676 3323 3748 πιστωσόμεθα
3349 3693 3365 3709 ο
3393 3672 3504 3731 οἷον
3531 3678 3614 3732 6::

2025 3764 2434 3831 τεσσαράκοντα
2463 3761 2675 3831 ἡμέρας
2725 3760 2909 3822 αὐτοῖς
2960 3760 3308 3828 συνεγένετο,
3343 3760 3426 3813 ὅτι
3478 3760 3614 3830 μετά

2025 3844 2125 3917 τὴν
2159 3843 2542 3914 Πεντηκοστὴν
2570 3842 2803 3912 κατῆλθε
2844 3842 2908 3895 :6
2944 3842 3167 3913 Πνεῦμα
3199 3842 3261 3895 :6
3291 3843 3446 3910 ἀγιον
3469 3883 3483 3906 ,
3531 3845 3615 3896 6::

2026 3928 2148 3982 τότε
2173 3928 2273 3991 τὰς
2300 3926 2550 3996 γλώσσας
2584 3925 2776 3979 ἔλαϐον
2823 3923 2923 3986 :6;
2949 3925 3210 3995 πυρίνας,
3241 3927 3323 3978 6::
3354 3926 3464 3978 τῶν
3515 3942 3614 3996 ση-

2029 4012 2198 4084 μείων
2231 4011 2417 4063 έκτοτε
2444 4008 2698 4080 ἧρξαντο.
2728 4007 2824 4070 Τίς
2857 4002 2948 4060 οὖν
2976 4007 3148 4061 ταῦτα
3201 4009 3379 4061 πάντα
3409 4009 3613 4079 φησίν;

2038 4095 2095 4149 Ὀ
2116 4093 2211 4147 τοῦ
2236 4093 2449 4148 Παύλου
2484 4091 2732 4162 μαθητὴς
2749 4130 2763 4153 ,
2794 4093 2823 4143 6
2851 4091 3031 4159 τίμιος
3054 4089 3147 4143 καὶ
3176 4089 3349 4160 μέγας
3377 4092 3613 4157 Λουκᾶς,

2023 4175 2168 4232 οὕτω
2203 4175 2524 4243 ποιούμενος
2561 4173 2661 4244 τὴν
2712 4173 2886 4244 ἀρχὴν
2940 4174 3035 4226 καὶ
3094 4172 3301 4240 λέγων⁸
3339 4170 3458 4225 Τὸν
3498 4173 3615 4241 μὲν

2023 4260 2260 4329 πρῶτον
2286 4257 2474 4328 λόγον
2509 4255 2890 4324 ἐποιησάμην
2919 4255 3052 4323 περὶ
3085 4255 3331 4308 πάντων
3354 4294 3368 4317 ,
3399 4250 3444 4308 ὦ
3477 4257 3614 4310 Θεό-

2023 4347 2182 4412 φιλε.
2197 4336 2523 4409 ὦνῆρξατο
2543 4343 2575 4392 ό
2594 4338 2821 4404 Ἰησοῦς
2852 4337 3044 4390 ποιεῖν
3071 4338 3253 4391 τεκαὶ
3282 4337 3612 4403 διδάσκειν,

2023 4424 2163 4493 ἄχρι
2189 4420 2264 4493 ἧς
2286 4420 2510 4490 ἡμέρας
2533 4418 2952 4487 ἐντειλάμενος
2970 4418 3096 4483 τοῖς
3119 4420 3488 4484 ἀποστόλοις
3515 4419 3615 4473 διὰ

2025 4508 2372 4574 Πνεύματος
2397 4502 2591 4571 ἁγίου,
2625 4500 2732 4565 οὓς
2761 4499 3104 4564 ἐξελέξατο,
3140 4500 3453 4568 ἀνελήφθη
3475 4515 3491 4530 ⁸
3524 4496 3613 4566 οἷς

2024 4591 2122 4643 καὶ
2156 4587 2543 4657 παρέστησεν
2590 4584 2810 4637 ἑαυτὸν
2841 4581 3027 4642 ζῶντα
3073 4584 3225 4651 μετὰ
3274 4583 3341 4635 τὸ
3399 4583 3614 4637 παθεῖν

2024 4673 2232 4737 αὑτὸν,
2271 4673 2342 4725 ἐν
2385 4668 2640 4732 πολλοῖς
2690 4668 3047 4735 τεκμηρίοις,
3095 4666 3170 4719 δι’
3206 4667 3443 4735 ἡμερῶν
3471 4683 3611 4720 τεσ-

2025 4755 2367 4825 σαράκοντα
2421 4751 2831 4818 ὀπτανόμενος
2883 4748 3090 4814 αὐτοῖς
3119 4790 3134 4814 ,
3165 4749 3263 4801 καὶ
3309 4749 3504 4817 λέγων
3538 4751 3613 4805 τὰ

2025 4838 2159 4905 περὶ
2188 4836 2297 4904 τῆς
2326 4836 2653 4899 βασιλείας
2686 4830 2793 4883 τοῦ
2821 4829 2938 4902 [89]
2970 4830 3140 4884 Θεοῦ.
3174 4830 3282 4883 Καὶ
3304 4830 3614 4891 συναλιζᾌ-

2019 4939 2205 4991 μενος
2236 4919 2634 4987 παρήγγειλεν
2682 4913 2887 4978 αὐτοῖς
2917 4913 3034 4967 ἀπὸ
3072 4912 3495 4982 Ἰεροσολύμων
3521 4913 3610 4982 μὴ

2026 5003 2390 5075 χωρίζεσθαι.
2433 5000 2597 5072 Ὁρᾷς
2622 5000 2704 5052 6::
2738 4996 2875 5068 μετά
2923 4997 3022 5068 τὴν
3057 4995 3357 5049 ἀνάστασιν
3413 5012 3612 5051 τεσσα-

2028 5089 2265 5161 ράκοντα
2319 5081 2534 5155 ἡμέρας
2561 5083 2655 5134 ἐπὶ
2689 5081 2786 5146 τῆς
2821 5080 2924 5149 γῆς
2972 5076 3040 5150 ἦν
3094 5082 3123 5133 6
3150 5078 3355 5149 Κύριος
3378 5120 3393 5143 ,
3434 5078 3611 5149 λέγων

2027 5171 2156 5241 περὶ
2193 5170 2294 5239 τῆς
2354 5164 2628 5236 βασιλείας
2672 5162 2767 5216 τοῦ
2817 5163 2951 5216 Θεοῦ
2979 5204 2994 5228 ,
3040 5164 3135 5217 καὶ
3194 5161 3612 5232 συναλιζόμενος

2024 5257 2139 5316 τοῖς
2171 5249 2521 5314 ἀποστόλοις;
2548 5249 2680 5319 ὁρᾷς
2733 5248 2811 5301 ’ότι
2845 5247 2938 5300 καὶ
2961 5246 3237 5320 τραπέζης
3291 5244 3609 5310 ὲκοινώνεις

2025 5336 2137 5392 Καὶ
2182 5333 2583 5404 παρήγγειλεν
2613 5331 2847 5397 αὐτοῖς,
2881 5332 3044 5401 φησὶν
3070 5370 3085 5392 ,
3116 5328 3235 5383 ἀπὸ
3284 5325 3612 5393 Ἰεροσολύο

2020 5436 2153 5491 μων
2174 5418 2255 5488 μὴ
2290 5416 2655 5486 χωρίζεσθαι,
2694 5415 2856 5468 ἀλλὰ
2887 5411 3223 5481 περιμένειν
3263 5409 3382 5474 τὴν
3423 5407 3611 5491 έπαγ-

2026 5487 2236 5573 γελίαν
2256 5500 2360 5555 τοῦ
2387 5499 2614 5568 Πατρός
2638 5538 2653 5563 ,
2686 5496 2769 5563 ἦν
2788 5492 3095 5562 ἠκούσατέ
3116 5507 3257 5573 μου,
3282 5487 3496 5573 φησίν-ο
3519 5489 3613 5543 ὅτι

2039 5569 2314 5651 Ἰωάννης
2351 5581 2467 5652 μὲν
2508 5581 2832 5634 ἐϐάπτισεν
2875 5574 3068 5640 ὕδατι,
3094 5570 3269 5643 ὑμεῖς
3302 5569 3373 5625 δέ
3392 5570 3612 5636 ,βαπτι-

2086 5738 2110 5768 ⁶
2133 5733 2269 5788 Colb.
2293 5728 2570 5789 συνεγίνετο.
