4060 6252
519 320 623 374 103

514 430 827 499 σθήσεσθε
878 429 948 481 ἐν
999 427 1294 496 Πνεύματι
1345 427 1489 495 ἁγίῳ
1547 426 1616 480 οὐ
1671 426 1820 495 μετὰ
1856 425 2093 487 πολλὰς

517 523 740 585 ταύτας
789 518 1031 587 ἡμέρας.
1070 517 1253 572 Ταῦτα
1286 518 1343 571 δὲ
1380 518 1565 586 ἔλεγεν
1595 519 1624 570 6
1651 517 1838 588 Σωτὴρ
1875 517 1932 568 ἐν
1975 516 2093 576 ταῖς

517 610 920 679 τεσσαράκοντα
968 608 1222 681 ἡμέραις.
1248 611 1313 662 Ol
1362 608 1478 677 μὲν
1521 602 1635 662 οὖν
1692 606 2095 669 συνελθόντες

516 698 835 765 ἐπηρώτων
854 699 1041 751 αὐτὸν
1066 698 1344 765 λέγοντες
1366 715 1380 729 ·
1404 698 1604 764 Κύριε,
1626 699 1679 750 sl
1698 697 1769 749 ἐν
1795 694 1877 760 τῷ
1898 696 2094 763 χρόνῳ

516 790 705 852 τούτῳ
722 789 1219 854 ἀποκαθιστάνεις
1242 788 1361 857 τὴν
1376 789 1706 854 ,ϐασιλείαν
1724 786 1803 852 τῷ
1822 787 2057 855 Ἰσραήλ
2073 802 2093 849 ;

517 877 666 935 Eine
695 880 764 933 δέ
808 880 957 948 πρὸς
1005 881 1256 947 αὐτούς·
1318 882 1442 947 Οὐχ
1484 876 1652 947 ὑμῶν
1697 878 1829 930 ἐστι
1876 876 2093 946 γνῶναι

514 972 776 1039 χρόνους
800 969 838 1037 ἢ
862 970 1104 1038 καιροὺς
1122 1009 1136 1032 ,
1169 969 1277 1035 οὓς
1309 972 1342 1023 ό
1363 968 1563 1035 Πατὴρ
1588 968 1754 1022 ἔθετο
1775 969 1844 1021 ἐν
1871 966 1945 1036 τῇ
1973 967 2093 1033 ἰδίᾳ

514 1060 766 1127 ἐξουσίᾳ
783 1077 797 1090 ⁸
828 1060 989 1114 ἀλλὰ
1014 1060 1290 1127 λήψεσθε
1316 1059 1574 1127 δύναμιν
1599 1059 1961 1126 ἐπελθόντος
1983 1058 2091 1113 τοῦ

513 1146 687 1215 ἁγίου
712 1147 1055 1214 Πνεύματος
1076 1147 1166 1215 ἐφ’
1207 1145 1362 1215 ὑμᾶς
1384 1188 1399 1213 ,
1436 1149 1534 1201 καὶ
1579 1146 1795 1201 ἐσεσθέ
1818 1166 1919 1217 μοι
1943 1147 2091 1216 μάρ-

515 1254 690 1303 τυρες
712 1237 783 1290 ἐν
809 1235 885 1305 τῇ
926 1237 1342 1307 Ἰερουσαλὴμ,
1382 1239 1477 1292 καὶ
1524 1239 1593 1292 ἐν
1621 1239 1788 1308 πάσῃ
1833 1238 1908 1308 τῇ
1957 1242 2092 1294 Ἰου-

514 1323 656 1393 διιίςι
706 1324 805 1377 καί
856 1327 1183 1394 Σαμαρείᾳ,
1235 1326 1334 1379 καὶ
1365 1327 1476 1392 ἕως
1515 1328 1778 1394 ἐσχάτου
1807 1327 1918 1397 τῆς
1954 1330 2086 1397 γῆς.

515 1418 627 1471 Καὶ
667 1416 853 1471 ταῦτα
900 1417 1082 1472 εἰπὼν
1108 1459 1123 1480 ,
1167 1420 1524 1482 βλεπόντων
1562 1418 1792 1484 αὐτῶν,
1837 1422 2086 1490 ἐπήρθη,

515 1506 615 1560 καὶ
651 1508 876 1577 νεφέλη
919 1507 1222 1562 ὑπέλαϐεν
1250 1509 1436 1563 αὑτὸν
1470 1509 1589 1562 ἀπὸ
1616 1506 1735 1564 τῶν
1770 1510 2093 1581 ὀφθαλμῶν

515 1598 735 1652 αὐτῶν.
765 1595 917 1662 Εἶδες
950 1599 1067 1663 πῶς
1104 1601 1197 1653 καὶ
1225 1600 1630 1671 τεσσαράκοντα
1666 1602 1879 1674 ἡμέρας
1908 1604 2091 1666 αὐτοῖς

520 1685 834 1752 συνεγένετο
882 1688 974 1739 ἐπὶ
1018 1687 1118 1757 τῆς
1160 1688 1265 1758 γῆς
1312 1691 1340 1743 ὀ
1368 1690 1635 1760 Χριστὸς,
1675 1692 1769 1745 καὶ
1824 1691 1962 1761 μετά
1993 1692 2091 1756 τὰς

517 1776 925 1846 τεσσαράκοντα
953 1779 1166 1850 ἡμέρας
1213 1780 1335 1833 τότε
1365 1781 1638 1852 ἀνελήφθη
1673 1784 1731 1835 ἐν
1778 1785 1891 1846 τοῖς
1925 1785 2090 1854 οὐρα-

516 1868 668 1928 νοῖς·
702 1866 815 1920 ἀλλ’
847 1867 1045 1939 ἴδωμεν
1067 1872 1115 1922 εί
1161 1871 1221 1924 ἐν
1266 1874 1331 1942 τῇ
1374 1873 1716 1944 Πεντηκοστῇ
1767 1873 1827 1926 τὸ
1869 1872 2090 1945 Πνεῦμα

517 1955 769 2028 ἐπέμφθη
794 1958 854 2011 τὸ
881 1958 1053 2028 ἀγιον.
1074 1960 1183 2014 Καὶ
1204 1959 1274 2014 ἐν
1292 1960 1371 2027 τῷ
1392 1962 2088 2035 συμπληροῦσθαι,φησὶ,

424 2050 431 2056 ’
517 2048 634 2114 τὴν
691 2049 919 2117 ἡμέραν
974 2048 1084 2119 τῆς
1154 2050 1576 2119 Πεντηκοστῆς
1636 2051 1870 2121 ἐγένετο
1924 2053 2092 2121 ἄφνω

516 2135 669 2207 ἦχος
715 2141 784 2194 ἐκ
842 2141 948 2195 τοῦ
1004 2141 1261 2211 οίφανοῦ
1315 2143 1458 2197 ὡσεὶ
1512 2142 1843 2212 φερομένης
1894 2142 2091 2211 πνοῆς

513 2230 720 2296 βιαίας
744 2270 759 2295 ,
827 2233 925 2285 καὶ
999 2232 1291 2301 ὤφθησαν
1363 2235 1565 2302 αὐτοῖς
1631 2235 2090 2305 διαμεριζόμεναι

516 2319 789 2390 γλῶσσαι
826 2323 969 2378 ὡσεὶ
999 2325 1217 2393 πυρὸς,
1254 2327 1351 2379 καί
1380 2325 1659 2381 ἐκάθισεν
1697 2328 1790 2395 ἐφ’
1825 2326 1934 2380 ἕνα
1958 2326 2092 2380 ἐκα-

515 2427 670 2465 στον
715 2413 930 2468 αὐτῶν.
960 2415 1141 2468 Εἶδετε
1175 2416 1376 2487 ἀκριϐῆ
1419 2417 1515 2486 τὴν
1552 2416 1822 2483 ἀπόδειξιν
1866 2434 2093 2487 γεγενη-

518 2501 689 2571 μένην
709 2540 723 2564 ,
753 2498 865 2557 οἷον
894 2506 976 2558 ὃτι
998 2508 1406 2574 τεσσαράκοντα
1429 2508 1639 2577 ἡμέρας
1667 2504 1734 2577 ἦν
1784 2508 1877 2559 ἐπὶ
1904 2492 2016 2575 ’γῆς
2063 2508 2093 2559 ὁ

517 2591 791 2660 Χριστὸς,
820 2593 914 2645 καὶ
966 2594 1086 2646 οὐδὲ
1136 2594 1615 2666 ἐθαυματούργουν
1669 2597 1720 2648 οἱ
1769 2596 2089 2662 ἀπόστολοι;

522 2682 650 2746 Πῶς
680 2683 788 2755 γὰρ
835 2683 1059 2753 ἔμελλον
1091 2685 1524 2757 θαυματουργεῖν
1562 2690 1663 2758 τὴν
1687 2688 1780 2741 τοῦ
1812 2689 1968 2757 ἁγίου
1999 2691 2093 2743 καὶ

517 2774 784 2841 ζωοποιοῦ
817 2778 1130 2848 Πνεύματος
1161 2780 1319 2849 χάριν
1345 2780 1557 2832 οὐδέπω
1583 2779 1828 2849 ἔχοντες;

589 2867 769 2919 Είδετε
792 2905 806 2928 ,
845 2868 929 2918 ὅτι
959 2867 1095 2937 μετά
1122 2869 1222 2931 τὰς
1248 2867 1655 2938 τεσσαράκοντα
1693 2864 1907 2939 ἡμέρας
1938 2880 1963 2909 ⁸
2000 2869 2094 2921 ἀν-

516 2954 724 3026 ελήφθη
753 2956 834 3018 είς
860 2955 953 3008 τὸν
981 2955 1208 3027 οὐρανὸν
1233 2957 1261 3008 6
1295 2955 1538 3026 Ἰησοῦς;
1585 2954 1752 3009 εἴδετε
1782 2957 1940 3010 πάλιν
1964 2999 1979 3023 ,
2012 2958 2093 3011 ὅτι

521 3045 659 3115 μετά
679 3045 777 3109 τὰς
804 3046 933 3099 δέκα
960 3047 1170 3117 ἡμέρας
1196 3046 1671 3117 ἐθαυματούργουν
1695 3049 1743 3100 οἱ
1775 3048 2090 3115 ἀπόστολοι;

532 3137 620 3188 Ἐν
646 3136 753 3207 γὰρ
786 3137 863 3207 τῷ
894 3138 1340 3210 συμπληροῦσθαι
1384 3139 1481 3210 τὴν
1515 3140 1726 3211 ἡμέραν
1762 3142 1860 3210 τῆς
1892 3141 2096 3211 Πεντη-

520 3226 717 3295 κοστῆς
756 3228 1113 3296 κατεπέμφθη
1152 3228 1213 3280 τὸ
1248 3227 1472 3298 Πνεῦμα
1513 3230 1574 3281 τὸ
1600 3229 1772 3297 ἆγιον.
1804 3230 1973 3283 Τοῦτο
2002 3226 2093 3283 οὖν

520 3315 639 3368 ἐστι
671 3315 854 3369 λοιπὸν
885 3318 946 3369 τὸ
976 3317 1326 3387 ζητούμενον,
1359 3319 1503 3381 τίνος
1539 3319 1723 3373 ἕνεκεν
1766 3322 1821 3376 αἱ
1862 3320 2096 3391 Πράξεις

520 3402 628 3459 τῶν
677 3406 989 3460 ἀποστόλων
1020 3409 1077 3461 ἐν
1109 3412 1174 3479 τῇ
1225 3410 1567 3481 Πεντηκοστῇ
1614 3410 2091 3481 ἀναγινώσκονται.

524 3497 585 3548 Εἰ
611 3497 717 3569 γάρ
746 3498 865 3551 τότε
892 3498 1124 3570 ἤρξαντο
1154 3504 1323 3553 ποιεῖν
1366 3501 1435 3554 τά
1464 3507 1665 3573 σημεῖα
1712 3506 1761 3556 οί
1789 3504 2093 3567 ἀπόστολοι,

521 3589 689 3658 ἤγουν
735 3589 872 3660 μετὰ
914 3591 1010 3659 τὴν
1046 3593 1248 3663 Κυρίου
1282 3593 1595 3660 ἀνάστασιν,
1625 3594 1743 3647 τότε
1775 3593 1880 3648 ἔδει
1910 3596 2004 3648 καὶ
2035 3595 2097 3647 τὸ

525 3682 726 3749 βιϐλίον
756 3682 1220 3751 ἀναγινώσκεσθαι
1267 3684 1444 3739 τοῦτο.
1472 3687 1683 3757 Ὥσπερ
1730 3687 1839 3757 γὰρ
1868 3687 1936 3740 τὰ
1969 3688 2098 3758 περὶ

521 3772 618 3825 τοῦ
669 3774 902 3846 σταυροῦ
933 3776 991 3827 ἐν
1022 3777 1085 3845 τῇ
1131 3776 1315 3849 ήμέρᾳ
1347 3777 1581 3849 σταυροῦ
1631 3777 2093 3849 ἀναγινώσκομεν,

524 3863 615 3914 καὶ
640 3863 711 3917 τά
751 3865 895 3935 ἐντῇ
940 3865 1230 3918 ἀναστάσει
1276 3867 1507 3936 ὁμοίως,
1558 3868 1652 3923 καὶ
1678 3867 1748 3922 τὰ
1794 3870 1850 3921 ἐν
1892 3868 2098 3942 ἑκάστῃ

520 3954 683 4025 ἑορτῇ
719 3956 980 4024 γεγονότα
1016 3958 1082 4027 τῇ
1117 3957 1253 4026 αὐτῇ
1283 3957 1446 4009 πάλιν
1486 3959 1929 4028 ἀναγινώσκομεν
1952 4000 1967 4024 ,
2006 3957 2098 4011 οὔ·

522 4062 632 4108 τως
660 4046 764 4100 ἔδει
793 4049 892 4119 καὶ,
916 4046 984 4099 τά
1006 4046 1257 4116 θαύματα
1288 4047 1357 4099 τὰ
1388 4048 1718 4101 ἀποστολικά
1743 4051 1801 4101 ἐν
1829 4051 1948 4111 ταῖς
1970 4050 2100 4121 ἠμέ-

525 4156 648 4209 ραις
683 4134 791 4190 τῶν
818 4136 1189 4190 ἀποστολικιῖω
1217 4137 1458 4208 σημείων
1486 4138 1971 4205 ἀναγινώσκεσθαι.

598 4233 672 4291 ς’.
699 4227 854 4289 Τίνος
883 4222 976 4278 οὖν
1002 4227 1187 4279 ἕνεκεν
1212 4227 1272 4278 οὐ
1308 4227 1425 4279 τότε
1458 4227 1598 4280 αὐτὰ
1635 4228 2095 4301 ἀναγινώσκομεν,

524 4316 644 4368 ἀλλ’
669 4314 873 4378 εὐθέως
909 4315 1047 4384 μετά
1095 4315 1185 4369 τὸν
1237 4317 1464 4388 σταυρὸν
1507 4319 1600 4372 καὶ
1639 4320 1737 4389 τὴν
1782 4321 2095 4387 ἀνάστασιν,

525 4403 796 4457 ἀκούσατε
845 4404 982 4475 μετά
1013 4405 1299 4477 ἀκριϐείας
1344 4406 1440 4477 τὴν
1472 4408 1647 4463 αἰτίαν
1674 4409 1911 4466 ἃπασαν.
1947 4413 2100 4466 Μετὰ

523 4494 619 4546 τὸν
649 4496 879 4567 σταυρὸν
917 4496 1119 4560 εὐθέως
1170 4498 1463 4552 ἀνάστασιν
1510 4502 1951 4574 καταγγέλλομεν
2002 4504 2096 4558 τοῦ

524 4586 762 4655 Χριστοῦ
784 4626 798 4649 ,
833 4587 932 4658 τῆς
961 4587 1018 4640 δὲ
1072 4588 1417 4653 ἀναστάσεως
1442 4590 1713 4655 ἀπόδειξίς
1739 4593 1854 4644 ἐστι
1900 4591 1970 4645 τά
2002 4611 2099 4663 ση-

528 4680 656 4747 μεῖα
681 4678 749 4731 τὰ
777 4680 1135 4740 ἀποστολικά,
1183 4679 1291 4733 τῶν
1339 4680 1395 4734 δὲ
1439 4683 1680 4751 σημείων
1729 4683 2099 4737 ἀποπολικῶν

523 4766 891 4822 διδασκαλεῖόν
924 4771 1034 4822 ἐστι
1089 4769 1246 4823 τοῦτο
1290 4770 1349 4823 τὸ
1408 4771 1625 4841 βιϐλίον.
1664 4773 1728 4824 Ὃ
1767 4773 1946 4825 τοίνυν
1996 4775 2099 4842 μά-

526 4856 683 4912 λιστα
711 4860 989 4921 πιστοῦται
1017 4861 1113 4932 τὴν
1140 4862 1430 4915 ἀνάστασιν
1448 4862 1545 4934 τὴν
1566 4865 1918 4938 Δεσποτικὴν,
1942 4866 2098 4920 τοῦτο

531 4951 671 5022 μετά
685 4952 776 5005 τὸν
800 4953 1029 5023 σταυρὸν
1055 4954 1147 5006 καὶ
1165 4955 1263 5025 τὴν
1283 4953 1562 5026 ζωηφόρον
1583 4956 1874 5009 ἀνάστασιν
1896 4957 2096 5020 εὐθέως

526 5044 578 5094 οι
608 5044 848 5111 Πατέρες
886 5044 1284 5114 ἐνομοθέτησαν
1328 5045 1813 5114 ἀναγινώσκεσθαι.
1853 5049 1950 5101 Διά
1980 5047 2094 5119 [90]

526 5130 684 5182 τοῦτο
708 5132 890 5184 τοίνυν
910 5172 924 5194 ,
964 5134 1254 5204 ἀγαπητοὶ,
1292 5139 1429 5206 μετά
1465 5139 1557 5191 τὸν
1591 5141 1823 5210 σταυρὸν
1876 5140 1969 5193 καὶ
1998 5139 2095 5210 τὴν

524 5220 819 5273 ἀνάστασιν
839 5220 1037 5285 εὐθέως
1058 5225 1498 5296 ἀναγινώσκομεν
1521 5230 1588 5283 τὰ
1612 5234 1812 5301 σημεῖα
1835 5231 1941 5285 τῶν
1968 5234 2099 5285 ἀπο·

527 5310 756 5374 στόλων.
793 5310 880 5365 ἵνα
905 5310 1115 5383 ἔχωμεν
1167 5315 1309 5384 σαφῆ
1345 5317 1438 5369 καὶ
1482 5320 1961 5393 ἀναμφισϐήτητον
1996 5324 2095 5393 τῆς

526 5402 876 5466 ἀναστάσεως
907 5403 1005 5472 τὴν
1053 5403 1343 5467 ἀπόδειξιν.
1394 5408 1507 5459 Οὐκ
1557 5406 1697 5472 εἶδες
1753 5412 1914 5466 αὑτὸν
1963 5414 2095 5466 ἀνα-

524 5493 727 5547 στάντα
753 5495 867 5557 τοῖς
912 5493 1209 5565 ὀφθαλμοῖς
1241 5495 1333 5549 τοῦ
1384 5495 1661 5569 σώματος,
1695 5502 1830 5555 ἀλλά
1877 5503 2093 5573 βλέπεις

579 5685 606 5715 ³
632 5683 714 5735 Sic
732 5685 891 5743 Colb..
917 5687 1089 5741 Morel.
1115 5701 1233 5742 vero
1260 5688 1385 5740 male
1406 5690 1489 5748 τὰς
1511 5693 1625 5743 δέκα
1646 5696 1841 5756 ἡμέρας.

1174 325 1231 379 S.
1270 320 1555 377 JOANNIS
1595 314 2093 375 CleSOSTOMI
2133 314 2455 370 ARCIIIEP.
2503 306 3052 369 CONSTANTINOP.

3657 315 3772 369 106

2193 423 2353 476 αὐτὸν
2384 422 2689 477 ἀναστάντα
2721 424 2833 489 τοῖς
2880 420 3179 490 ὀφθαλμοῖς
3221 420 3319 488 τῆς
3368 422 3639 485 πίστεωςο
3668 424 3776 476 οὐκ

2193 503 2329 570 εἶδες
2380 506 2541 560 αὐτὸν
2590 505 2676 559 διά
2720 506 2830 558 τῶν
2874 506 3136 574 ὀμμάτων
3190 505 3396 560 τούτων
3437 506 3775 571 ἀναστάντα,

2191 589 2305 644 ἀλλ’
2328 588 2449 658 ὕψει
2481 589 2642 642 αὐτὸν
2677 588 2983 641 ἀναστάντα
3017 586 3103 639 διὰ
3145 586 3255 641 τῶν
3291 588 3587 658 θαυμάτων
3626 590 3775 642 ἐκεί-

2191 690 2317 726 νων.
2362 672 2427 725 Ἦ
2470 672 2579 741 γὰρ
2610 670 2718 724 τῶν
2753 669 2996 741 σημείων
3034 668 3291 733 ἐπίδειξις
3324 672 3657 741 χειραγωγεῖ
3710 688 3773 724 σε

2191 755 2328 826 πρὸς
2354 754 2452 824 τὴν
2503 758 2601 825 τῆς
2648 754 2884 816 πίστεως
2915 752 3172 823 θεωρίαν.
3208 752 3371 806 Ὅθεν
3408 753 3502 806 τοῦ
3534 755 3773 825 φανῆναι

2190 840 2351 893 αὐτὸν
2379 838 2686 892 ἀναστάντα
2715 836 2895 906 πολλῷ
2918 835 3117 906 μείζων
3146 831 3215 906 ἦν
3242 836 3516 901 ἀπόδειξις
3539 839 3633 890 καὶ⁵
3670 855 3769 890 σα-
3846 840 3851 841 “

2192 931 2429 1001 φεστέρα
2458 930 2519 983 τὸ
2576 932 2777 1001 σημεῖα
2825 927 3072 997 γίνεσθαι
3105 930 3162 981 ἐν
3194 926 3272 997 τῷ
3318 928 3544 997 ὀνόματι
3578 927 3768 981 αὐτοῦ.

2190 1012 2378 1065 Βούλει
2427 1012 2616 1083 μαθεῖν
2641 1051 2656 1076 ,
2704 1012 2822 1073 πῶς
2876 1011 3034 1064 τοῦτο
3089 1010 3287 1079 μᾶλλον
3337 1010 3622 1063 πιστοῦται
3669 1010 3771 1080 τὴν

2190 1093 2506 1158 ἀνάστασιν,
2540 1096 2573 1164 ἢ
2612 1097 2662 1148 εί
2687 1092 2859 1163 ἐφάνη
2891 1094 3058 1146 πᾶσιν
3090 1091 3397 1162 ἀνθρώποις
3425 1094 3545 1145 κατ’
3578 1090 3774 1159 ὀφθαλ·

2194 1176 2365 1247 μούς;
2418 1176 2715 1230 Ἀκούσατε
2763 1176 3028 1245 νουνεχῶς
3046 1192 3059 1204 ·
3108 1174 3341 1244 καὶγὰρ
3379 1174 3566 1227 πολλοὶ
3612 1174 3772 1227 τοῦτο

2190 1261 2457 1331 ἐρωτῶσι,
2486 1264 2582 1315 καὶ
2607 1260 2858 1328 λέγουσι·
2881 1258 3036 1322 Τίνος
3069 1257 3254 1311 ἕνεκεν
3288 1257 3529 1321 ἀναστὰς
3557 1259 3657 1310 οὐκ
3685 1258 3773 1310 εὐ-

2192 1344 2329 1407 θέως
2360 1344 2533 1415 ἐφάνη
2562 1348 2673 1407 τοῖς
2712 1342 3026 1406 ’ἰουδαίοις;
3076 1340 3214 1394 ἀλλά
3259 1340 3511 1410 περιττὸς
3546 1341 3577 1392 ὀ
3616 1340 3772 1408 λόγος

2190 1421 2341 1490 οὗτος
2368 1428 2466 1481 καὶ
2512 1428 2756 1497 μάταιος.
2793 1426 2856 1477 Εἰ
2875 1425 2985 1495 γὰρ
3030 1422 3220 1494 ἔμελλε
3270 1424 3407 1494 πρὸς
3444 1423 3544 1493 τὴν
3589 1424 3770 1477 πίστιν

2190 1510 2389 1573 αὐτοὺς
2417 1508 2845 1571 ἐπισπάσασθαι,
2880 1509 2979 1561 οὐκ
3006 1506 3071 1560 ἂν
3103 1508 3459 1579 παρῃτήσατο
3505 1508 3643 1575 μετά
3670 1508 3772 1568 τὴν

2192 1594 2487 1646 ἀνάστασιν
2516 1593 2754 1662 φανῆναι
2792 1594 2995 1646 πᾶσιν
3026 1592 3109 1645 ὅτι
3156 1590 3212 1644 δέ
3263 1591 3361 1643 οὐκ
3399 1590 3624 1659 ἔμελλεν
3672 1593 3772 1645 αὐ⁴

2188 1676 2314 1738 τοὺς
2346 1674 2755 1728 ἐπισπάσασθαι
2789 1675 2979 1743 φανεὶς
3007 1675 3188 1737 αὐτοῖς
3240 1673 3377 1743 μετά
3401 1675 3501 1743 τὴν
3536 1673 3774 1727 ἀνάστα·

2190 1775 2296 1822 σιν,
2331 1758 2570 1812 δείκνυσι
2596 1759 2685 1811 διὰ
2724 1756 2818 1811 τοῦ
2846 1757 3121 1829 Λαζάρου.
3152 1756 3353 1809 Τοῦτον
3403 1757 3512 1827 γὰρ
3536 1760 3771 1827 τετραή-

2193 1858 2358 1913 μερον
2380 1841 2572 1912 νεκρὸν
2617 1842 2929 1911 ἀναστήσας
2953 1879 2969 1903 ,
2999 1840 3230 1893 ὀδωδότα
3248 1880 3262 1905 ,
3292 1839 3612 1910 διεφθορότα
3632 1879 3646 1901 ,
3677 1840 3775 1893 καὶ

2190 1923 2331 1991 μετὰ
2362 1924 2471 1976 τῶν
2508 1924 2731 1994 κειριῶν
2760 1922 3040 1993 δεδεμένον
3082 1924 3313 1992 ποιήσας
3347 1922 3509 1974 αὐτὸν
3535 1921 3773 1987 ἐξελθεῖν

2189 2006 2296 2059 ὐπὸ
2326 2005 2423 2070 τάς
2467 2007 2722 2059 ἀπάντων
2756 2004 2908 2075 ὄψεις
2933 2047 2948 2069 ,
2978 2004 3041 2057 οὐ
3079 2004 3240 2074 μόνον
3278 2005 3378 2073 οὐκ
3422 2005 3774 2057 ἐπεσπάσατο

2192 2089 2328 2158 πρὸς
2354 2089 2453 2158 τὴν
2499 2089 2681 2142 πίστιν
2713 2089 2945 2152 αὐτοὺς,
2973 2087 3110 2141 ἀλλά
3157 2087 3251 2140 καὶ
3296 2086 3641 2156 παρώξυνενο
3686 2087 3775 2139 ἐλ-

2192 2171 2375 2235 θόντες
2403 2170 2512 2242 γὰρ
2527 2171 2906 2241 ἠϐουλήθησαν
2937 2170 3031 2222 καὶ
3058 2167 3221 2221 αὐτὸν
3243 2167 3452 2222 ἀνελεῖν
3470 2166 3559 2221 διά
3591 2168 3770 2223 τοῦτο.

2191 2255 2254 2306 Et
2282 2250 2374 2307 οὖν
2405 2256 2591 2325 ἕτερον
2634 2254 2896 2324 ἀνέστησε
2929 2254 3023 2306 καὶ
3055 2252 3156 2305 οὐκ
3182 2250 3511 2305 ἐπίστευσαν
3535 2292 3550 2313 ,
3580 2249 3775 2304 ἐαυτὸν

2189 2327 2504 2407 ἀναστήσας
2529 2339 2578 2389 εἰ
2606 2336 2806 2401 ἔδειξεν
2831 2334 3047 2397 ἐαυτὸν,
3074 2335 3176 2387 οὐκ
3200 2333 3266 2386 ἂν
3298 2332 3460 2385 πάλιν
3484 2333 3775 2403 ἐμάνησαν

2192 2422 2312 2474 κατ’
2346 2419 2546 2484 αὐτοῦς
2578 2422 2640 2474 Εἰ
2673 2420 2769 2473 καὶ
2802 2419 2965 2489 μηδὲν
2986 2416 3211 2487 ἔμελλον
3237 2415 3442 2481 ἀνύειν,
3480 2414 3594 2469 ἀλλ’
3622 2416 3775 2487 ὅμως

2190 2502 2277 2555 διὰ
2306 2504 2406 2574 τῆς
2420 2504 2817 2574 ἐπιχειρήσεως
2846 2500 3068 2571 ἔμελλον
3098 2500 3335 2553 ἀσεϐεῖν.

2266 2595 2428 2646 "am
2460 2592 2779 2663 βουλόμενος
2823 2592 3021 2655 αὐτοὺς
3076 2590 3381 2655 ἀπαλλάξαι
3438 2591 3637 2662 μανίας
3683 2609 3776 2647 πε-

2196 2683 2415 2753 ριττῆς,
2469 2683 2705 2752 ἔκρυψεν
2754 2681 2977 2735 ἑαυτόν
3031 2680 3230 2751 μᾶλλον
3262 2681 3372 2753 γὰρ
3404 2681 3472 2735 ἂν
3517 2683 3776 2753 ἐποίησεν

2192 2772 2523 2835 ὑπευθύνους
2547 2771 2788 2834 κολάσει,
2828 2771 2877 2823 εἰ
2905 2771 3041 2841 μετά
3065 2771 3156 2823 τὸν
3192 2773 3424 2842 σταυρὸν
3453 2772 3648 2842 ἐφάνη.
3673 2773 3777 2828 Διά

2191 2864 2350 2917 τοῦτο
2396 2863 2705 2934 φειδόμενος
2734 2862 2913 2917 αὐτῶν
2944 2862 3145 2934 ἔκρυψε
3203 2863 3300 2934 μὲν
3325 2865 3513 2918 ἐαυτδν
3565 2866 3629 2918 ἐκ
3670 2863 3774 2939 τῆς

2193 2956 2417 3007 ἐκείνων
2443 2954 2622 3024 ὂψεως
2648 2971 2661 2985 ο
2694 2953 2860 3020 ἔδειξε
2892 2953 2949 3007 δὲ
2979 2953 3066 3006 διὰ
3097 2955 3195 3025 τῆς
3216 2954 3327 3007 τῶν
3356 2955 3594 3025 σημείων
3635 2957 3774 3009 ἀπο·

2193 3043 2428 3112 δείξεως.
2464 3044 2569 3098 Τοῦ
2600 3044 2709 3116 γὰρ
2744 3045 2873 3098 ίδεῖν
2896 3045 3058 3098 αὐτὸν
3080 3046 3390 3100 ἀναστάντα
3428 3047 3530 3100 οὐκ
3556 3047 3776 3101 ἔλαττον

2192 3131 2260 3207 ἦν
2284 3136 2515 3189 ἀκοῦσαι
2536 3136 2741 3205 Πέτρου
2764 3134 3042 3203 λέγοντος·
3084 3138 3186 3189 Ἐν
3214 3134 3293 3201 τῷ
3322 3137 3776 3206 ὀνόματιῚησοῦ

2195 3227 2450 3296 Χριστοῦ
2487 3229 2704 3295 ἐγειραι
2732 3226 2832 3280 καὶ
2870 3225 3194 3295 περιπάτει.
3228 3228 3339 3281 Καὶ
3366 3229 3445 3282 ὅτι
3469 3230 3629 3283 τοῦτο
3653 3230 3779 3283 ἀνα·

2198 3318 2442 3380 στάσεως
2485 3317 2715 3387 μεγίστη
2761 3316 3034 3380 ἀπόδειξις
3057 3318 3089 3381 ,’
3103 3316 3197 3370 καὶ
3232 3316 3596 3389 εὐκολώτερον
3639 3318 3776 3389 πρὸς

2197 3412 2380 3465 πίστιν
2412 3410 2445 3480 ἢ
2502 3412 2678 3463 ἐκεῖνο
2710 3409 2770 3461 τὺ
2814 3408 3113 3479 πρότερον,
3178 3410 3273 3462 καὶ
3313 3409 3513 3479 μᾶλλον
3545 3410 3777 3480 ἠδύνατο

2196 3507 2383 3557 πεῖσαι
2417 3501 2515 3565 τὰς
2546 3502 2779 3565 διανοίας
2806 3501 2916 3554 τῶν
2967 3501 3271 3572 ἀνθρώπων
3305 3501 3367 3553 τὸ
3398 3506 3598 3572 σημεῖα
3646 3503 3776 3571 φαί-

2190 3594 2383 3647 νεσθαι
2411 3595 2468 3647 ἐν
2493 3593 2571 3664 τῷ
2600 3592 2825 3663 ὀνόματι
2854 3591 3021 3646 αὐτοῦ
3050 3594 3332 3663 γινόμενα,
3366 3593 3399 3663 ἦ
3431 3592 3492 3645 τὸ
3522 3593 3649 3646 ἰδεῖν
3675 3595 3775 3649 αὐ-

2196 3685 2287 3737 τὸν
2337 3685 2643 3739 ἀναστάντα
2667 3724 2681 3748 ,
2732 3683 2889 3751 δῆλον
2936 3684 3164 3737 ἐκεῖθεν.
3203 3684 3422 3752 ’Δνέστη
3456 3685 3548 3738 καὶ
3577 3683 3776 3750 ἔδειξεν

2199 3778 2386 3831 ἑαυτὸν
2418 3780 2529 3840 τοῖς
2563 3777 2831 3847 μαθηταῖς
2866 3775 2895 3826 6
2932 3775 3162 3846 Χριστός
3184 3792 3197 3805 ·
3232 3773 3346 3827 ἀλλ’
3378 3774 3527 3844 ὅμως
3577 3774 3773 3847 εὑρέθη

2197 3886 2280 3934 τις
2313 3868 2557 3922 ἀπιστῶν
2592 3866 2685 3921 καὶ
2737 3869 2794 3920 ἐν
2819 3868 3047 3930 ἐκείνοις
3073 3866 3272 3934 Θωμᾶς
3302 3868 3330 3919 6
3361 3866 3652 3937 λεγόμενος
3681 3866 3775 3919 Δί-

2194 3957 2256 4010 δυ
2265 3974 2390 4029 μος,
2415 3959 2509 4011 καὶ
2533 3956 2724 4028 ἐδεήθη
2750 3955 2843 4009 τοῦ
2863 3957 2958 4020 τάς
2982 3959 3170 4026 χεῖρας
3194 3958 3520 4023 εἰσενεγκεῖν
3543 3956 3623 4017 εἰς
3646 3957 3774 4020 τοὺς

2197 4049 2400 4111 τύπους
2431 4049 2541 4102 τῶν
2567 4048 2712 4117 ἥλων
2733 4065 2746 4077 ·
2778 4046 2973 4119 ἐδεήθη
3000 4047 3056 4100 δὲ
3090 4047 3182 4100 καὶ
3210 4047 3308 4118 τὴν
3339 4045 3578 4118 πλευράν
3606 4047 3772 4100 αὐτοῦ

2199 4140 2556 4210 καταμαθεῖν.
2590 4140 2652 4192 El
2699 4139 2757 4192 δέ
2794 4140 2823 4191 6
2876 4138 3120 4208 μαθητὴς
3155 4141 3359 4194 ἐκεῖνος
3400 4141 3432 4191 ὀ
3468 4141 3615 4208 τρεῖς
3648 4138 3776 4208 χρό-

2198 4249 2321 4294 νους
2353 4230 2637 4301 διατρίψας
2682 4229 2803 4298 μετ’
2840 4229 3004 4282 αὐτοῦ
3025 4270 3041 4295 ,
3066 4231 3094 4282 6
3124 4230 3402 4299 τραπέζης
3438 4231 3773 4296 Δεσποτικῆς

2199 4320 2565 4389 κοινωνήσας,
2618 4320 2649 4370 6
2690 4320 2889 4387 σημεῖα
2919 4317 3012 4370 καὶ
3049 4321 3251 4387 τέρατα
3301 4318 3633 4387 θεασάμενος
3678 4317 3774 4385 μέ·

2200 4426 2360 4478 γιστα
2384 4448 2398 4468 ,
2430 4411 2458 4461 ὀ
2493 4409 2755 4478 ῥημάτων
2785 4407 3129 4460 Δεσποτικῶν
3178 4407 3461 4477 μετασχὼν
3484 4447 3499 4474 ,
3529 4408 3624 4460 καὶ
3650 4406 3773 4460 ίδὼν

2198 4501 2359 4555 αὐτὸν
2393 4499 2699 4553 ἀναστάντα
2723 4536 2738 4559 ,
2765 4499 2827 4550 οὐ
2857 4498 3118 4569 πρότερον
3148 4500 3498 4562 ἐπίστευσεν,
3546 4498 3652 4562 ἓως
3684 4500 3770 4551 ὅτε

2196 4593 2323 4655 τοὺς
2350 4590 2549 4653 τύπους
2575 4590 2681 4643 τῶν
2706 4589 2851 4660 ἥλων
2879 4589 2973 4642 καὶ
3000 4590 3098 4658 τῆς
3130 4589 3329 4661 λόγχης
3380 4589 3448 4643 τὰ
3485 4592 3771 4660 τραύματα

2198 4678 2308 4735 εἶδε
2332 4697 2345 4709 ·
2378 4682 2495 4744 πῶς
2527 4681 2875 4752 ήοίκουμένη
2908 4681 3184 4733 πιστεύειν
3208 4682 3466 4750 ἔμελλεν,
3505 4681 3624 4734 εἰπέ
3660 4699 3768 4751 μοι,

2202 4774 2250 4825 εί
2277 4767 2415 4825 εἶδεν
2443 4773 2603 4826 αὐτὸν
2640 4771 2755 4843 [91]
2781 4771 3088 4823 ἀναστάντα
3114 4788 3127 4837 ;
3157 4772 3265 4825 Καὶ
3285 4773 3368 4834 τίς
3404 4772 3469 4825 ἂν
3494 4771 3666 4823 ταῦτα
3692 4770 3769 4822 εἴ-

2202 4882 2326 4931 ποι;
2355 4865 2468 4916 Οὐκ
2514 4862 2763 4916 ἐντεῦθεν
2792 4862 2849 4915 δὲ
2882 4861 3059 4931 μόνον,
3098 4861 3234 4915 ἀλλὰ
3263 4864 3355 4916 καὶ
3377 4862 3640 4933 ἑτέρωθεν
3666 4862 3768 4914 δεί-

2201 4950 2360 5020 ξομεν
2382 4991 2397 5015 ,
2440 4951 2522 5003 ὃτι
2561 4950 2761 5020 μᾶλλον
2799 4949 2981 5002 ἔπειθε
3010 4949 3078 5002 τά
3121 4953 3320 5020 σημεῖα
3350 4950 3442 5003 τοῦ
3475 4950 3770 5005 θεάσασθαι

2199 5043 2316 5095 κατ’
2342 5041 2461 5111 ὕψιν
2508 5041 2835 5096 ἀναστάντα.
2883 5041 3234 5105 Ἀκούσαντες
3277 5042 3383 5112 γάρ
3411 5043 3458 5094 οἱ
3503 5041 3649 5112 ὄχλοι
3675 5040 3767 5094 τοῦ

2197 5134 2404 5204 Πέτρου
2454 5133 2534 5205 τῷ
2585 5134 2742 5206 χωλῷ
2795 5135 3067 5205 λέγοντος,
3142 5136 3238 5188 Ἐν
3292 5136 3534 5203 ὀνόματι
3575 5132 3768 5202 Ἰησοῦ

2195 5226 2451 5294 Χριστοῦ
2482 5228 2699 5295 ἕγειραι
2723 5228 2819 5281 καὶ
2851 5228 3175 5297 περιπάτει,
3206 5227 3491 5298 τρισχίλιοι
3523 5226 3768 5278 ἐπίστευ-

2198 5334 2297 5371 σαν
2329 5319 2424 5372 καὶ
2458 5320 2878 5390 πεντακισχίλιοι
2905 5319 2983 5390 τῷ
3006 5319 3227 5390 Χριστῷ
3252 5320 3445 5389 ἄνδρες
3465 5336 3479 5349 ’
3507 5320 3537 5372 6
3572 5318 3629 5371 δὲ
3663 5335 3757 5386 μα-

2195 5408 2362 5479 θητὴς
2394 5408 2515 5462 ἰδὼν
2542 5413 2849 5465 ἀναστάντα
2885 5412 3208 5481 ἠπίστησεν.
3258 5412 3421 5482 Ὁρᾷς
3452 5411 3571 5473 πῶς
3612 5408 3765 5461 τοῦτο

2193 5497 2556 5571 εὐκολώτερον
2612 5502 2809 5570 μᾶλλον
2843 5502 2977 5573 πρὸς
3007 5502 3106 5574 τὴν
3157 5501 3259 5571 τῆς
3307 5501 3653 5562 ἀναστάσεως
3680 5498 3764 5552 πί-

2195 5606 2343 5654 στιν;
2388 5590 2591 5644 Ἐκεῖνο
2623 5592 2722 5662 μὲν
2759 5593 2868 5665 γάρ
2897 5594 2990 5648 καὶ
3038 5595 3067 5647 6
3122 5596 3319 5658 οὶκεῶς
3367 5592 3616 5665 μαθητὴς
3645 5591 3766 5644 ἰδὼν

2192 5682 2486 5753 ἠπίστησει
2517 5683 2686 5737 ταῦτα
2733 5685 2789 5739 δὲ
2838 5684 2930 5739 καὶ
2978 5686 3028 5737 οἱ
3076 5685 3259 5757 ἐχθροὶ⁵
3297 5685 3619 5755 θεασάμενοι
3648 5679 3764 5736 ἐπί·
