4060 6252
325 394 425 446 103

317 512 403 547 vos
425 501 593 546 autent
624 485 996 558 baptizabimini
1021 483 1219 553 Spiritu
1256 492 1429 535 sancto
1455 496 1555 533 non
1582 487 1692 542 post
1723 476 1905 530 multos

316 585 409 638 hes
438 584 544 636 dies
575 581 709 653 (Act.
734 581 784 633 1.
802 580 854 632 4.
879 578 958 647 5).
988 576 1114 630 llwc
1142 584 1319 628 autem
1355 573 1405 626 in
1428 571 1615 626 diebus
1643 567 1747 622 illis
1771 583 1906 636 qua-

317 675 561 744 draginta
581 687 612 726 a
629 669 904 726 Salvatore
929 666 1232 721 suntdicta.
1253 663 1417 734 Igitur
1433 663 1515 724 qui
1543 666 1872 713 convenerant
1887 697 1904 724 ,

317 763 694 834 interrogabant
722 777 835 814 eum
865 761 1083 813 dicentes
1114 773 1132 810 :
1158 757 1394 819 Domine,
1425 755 1467 807 si
1487 755 1539 806 in
1567 763 1785 822 tempore
1813 750 1907 802 hoc

316 855 545 909 restitues
569 867 781 922 regnum
812 847 980 903 Israel
1009 848 1034 901 ἲ
1058 846 1203 901 Dixit
1233 855 1399 899 autem
1427 845 1498 898 eis
1518 884 1532 906 ,
1572 842 1690 895 Non
1721 850 1791 894 est
1819 856 1903 894 oe-

215 1010 232 1016 _
313 956 472 998 strum
496 958 642 998 nosse
663 952 890 1010 tempora
913 939 988 992 uel
1009 945 1256 992 momenta
1277 976 1292 999 ,
1333 949 1446 1005 qua:
1471 933 1628 987 Pater
1659 932 1823 1000 posuit
1850 930 1904 983 in

313 1049 409 1086 sua
463 1041 747 1102 potestate;
796 1028 885 1081 sed
935 1027 1188 1096 accipietis
1234 1026 1464 1077 virtutem
1511 1021 1904 1089 supert'enientis

315 1121 543 1191 Spiritus
565 1120 724 1174 sancti
755 1119 808 1170 in
833 1133 918 1171 vos
937 1157 951 1181 ,
976 1126 1022 1169 et
1047 1115 1184 1168 eritis
1214 1114 1336 1166 ntihi
1357 1122 1501 1165 testes
1523 1113 1576 1164 in
1592 1110 1897 1174 Jerusalem,

313 1224 362 1265 et
404 1214 458 1266 in
499 1211 637 1265 onmi
674 1209 861 1262 Judtea
903 1217 950 1260 et
997 1205 1272 1270 Samaria,
1299 1213 1345 1257 et
1379 1218 1534 1270 usque
1574 1201 1642 1254 ad
1672 1201 1904 1253 ultimum

313 1314 480 1358 terraz.
514 1301 582 1355 Et
607 1316 722 1354 cum
761 1299 867 1352 lucc
897 1297 1138 1358 dixisset,
1184 1293 1464 1348 uidentibus
1506 1291 1642 1354 illis,
1687 1289 1903 1344 elevatus

310 1405 417 1461 est,
445 1403 492 1447 et
517 1394 672 1446 nubes
700 1390 918 1456 suscepit
946 1404 1061 1440 eum
1086 1387 1147 1440 ab
1165 1386 1323 1439 oculis
1345 1400 1520 1438 eorum
1553 1382 1658 1451 (Ib.
1687 1397 1732 1434 υ.
1753 1380 1899 1449 6-9).

315 1485 511 1548 Vides,
568 1498 676 1553 quo
731 1491 884 1550 pacto
921 1490 1126 1534 etcum
1157 1477 1289 1546 ipsis
1323 1475 1670 1544 quadraginta
1714 1473 1902 1528 diebus

312 1584 558 1629 versatus
603 1572 766 1627 fuerit
806 1570 1056 1625 Christus
1105 1569 1156 1620 in
1206 1565 1394 1630 terris,
1445 1573 1498 1619 et
1525 1573 1646 1634 post
1673 1563 1904 1634 quadra—

312 1666 456 1735 ginta
482 1664 698 1718 demum
731 1661 848 1716 dies
876 1668 1186 1727 assumptus
1213 1657 1268 1710 in
1292 1657 1454 1711 etnlos
1485 1655 1674 1721 fuerit;
1703 1654 1797 1710 sed
1823 1655 1900 1709 vi-

311 1757 536 1811 deamus
562 1771 628 1809 an
657 1756 710 1808 in
737 1754 1055 1808 Pentecoste
1103 1751 1300 1804 missus
1329 1747 1493 1804 fuerit
1517 1749 1747 1817 Spiritus
1772 1763 1900 1801 san-

313 1859 454 1903 ctus.
501 1847 568 1901 Et
606 1863 722 1900 cum
769 1843 1139 1912 compleretur,
1166 1842 1370 1911 inquit,
1404 1842 1511 1894 dies
1541 1839 1858 1894 Pentecostes
1882 1879 1897 1903 ,

318 1943 484 2011 {actus
510 1949 583 1992 est
621 1947 822 2008 repente
847 1937 911 1990 de
947 1937 1073 1990 calo
1099 1951 1252 1988 sonus
1293 1943 1550 2004 tamquam
1592 1933 1901 1986 advenientis

317 2032 524 2100 spiritus
551 2030 850 2084 vehementis
875 2069 890 2092 ,
930 2039 978 2081 et
1000 2035 1348 2098 apparuerunt
1369 2025 1472 2078 illis
1497 2024 1774 2094 dispertita:
1803 2025 1902 2076 litt-

314 2139 432 2192 gute
472 2132 730 2193 tamquam
775 2121 906 2190 ignis
927 2159 944 2186 ,
988 2119 1212 2189 seditque
1257 2133 1413 2187 supra
1458 2117 1687 2186 singulos
1727 2131 1902 2168 eorum

313 2211 420 2283 (Ib.
444 2213 544 2266 2.1
577 2242 602 2253 -
627 2213 662 2266 '5
683 2208 723 2284 ).
761 2211 969 2265 Videtis
989 2219 1227 2263 exactam
1242 2206 1752 2262 demonstrationem
1769 2206 1902 2258 alla-

313 2314 442 2366 tam,
469 2313 523 2357 ut
543 2311 755 2357 constet
779 2301 1126 2370 quadraginta
1151 2299 1339 2353 diebus
1367 2299 1419 2351 in
1452 2297 1608 2352 terris
1631 2296 1900 2352 Christum

309 2407 432 2447 esse
462 2399 763 2453 versatum,
813 2404 914 2443 nec
959 2389 1126 2441 ullum
1169 2387 1236 2440 ab
1276 2387 1534 2455 apostolis
1581 2387 1900 2440 miraculum

311 2498 430 2538 esse
455 2480 758 2552 patratum?
787 2479 1066 2546 Quomodo
1092 2481 1234 2532 enim
1265 2478 1521 2532 miracula
1563 2487 1772 2546 patrare
1801 2494 1898 2547 po-

313 2575 568 2638 tuissent,
610 2587 732 2625 cmn
762 2570 990 2625 necdum
1015 2570 1189 2624 sancti
1217 2584 1280 2623 ac
1301 2568 1495 2623 vivifici
1526 2567 1755 2638 Spiritus
1774 2585 1898 2639 gra-

315 2671 442 2722 tiam
467 2666 805 2734 accepissent
835 2666 858 2717 7

384 2757 553 2811 Lectio
582 2755 862 2826 Scriptum
896 2755 947 2806 in
978 2753 1112 2824 festis
1134 2753 1416 2806 distributa.
1448 2751 1552 2807 Cur
1575 2762 1685 2824 post
1710 2753 1900 2806 Resur-

311 2848 582 2901 rectionem
611 2844 810 2898 Iudaeis
849 2861 951 2897 non
993 2844 1286 2913 apparuerit
1312 2843 1567 2897 Christus.
1595 2871 1670 2883 -—-
1697 2843 1900 2896 Videtis

315 2947 436 3006 post
457 2936 809 3006 quadraginta
830 2935 947 2989 dies
959 2933 1144 2988 Iesum
1169 2944 1503 3002 assumptum
1523 2935 1577 2987 in
1597 2934 1756 2988 cazlos
1770 2935 1901 2987 fuis-

313 3028 415 3080 se?
442 3025 646 3080 Videtis
674 3039 861 3078 rursus
887 3032 1008 3092 post
1037 3023 1221 3077 decem
1244 3023 1360 3077 dies
1382 3023 1449 3076 ab
1474 3024 1732 3092 apostolis
1761 3023 1900 3078 edita

312 3132 436 3171 esse
465 3115 719 3169 miracula
747 3115 770 3168 ?
795 3114 928 3168 Cum
959 3114 1100 3168 enim
1127 3114 1490 3182 complcretur
1536 3114 1652 3168 dies
1706 3114 1901 3168 Pente-

313 3217 524 3274 costes,
574 3208 842 3262 demissus
885 3216 972 3262 est
1018 3206 1248 3276 Spiritus
1296 3218 1514 3262 sanctus
1559 3208 1710 3262 :hoc
1743 3208 1902 3278 igitur

315 3297 658 3367 quaerendum
690 3306 885 3364 restat,
915 3313 1019 3368 qua
1059 3298 1127 3352 de
1156 3311 1316 3352 causa
1347 3297 1400 3351 in
1429 3297 1745 3352 Pentecoste
1770 3300 1898 3352 Acta

315 3389 558 3459 lcgantur
581 3391 979 3458 Apostolorum.
1010 3388 1065 3443 Si
1095 3390 1236 3443 enim
1259 3399 1369 3443 tum
1399 3389 1546 3460 signa
1589 3389 1766 3444 facere
1790 3404 1901 3445 cte-

316 3491 510 3552 perunt
529 3483 754 3550 apostoli
775 3523 791 3548 ,
823 3481 924 3536 hoc
942 3491 1027 3535 est
1053 3491 1170 3550 post
1193 3482 1402 3536 Domini
1430 3483 1899 3548 resurrectionem,

316 3581 430 3625 tum
462 3571 620 3625 etiam
654 3573 793 3624 hunc
845 3572 946 3639 logi
985 3571 1177 3624 librum
1204 3571 1502 3639 Oportebat.
1555 3570 1686 3624 Nam
1715 3585 1901 3640 quem-

315 3663 604 3719 admodum
625 3680 688 3719 ea
709 3680 827 3734 quae
874 3664 940 3718 ad
968 3678 1179 3718 crucem
1215 3663 1512 3733 pertinent,
1542 3664 1592 3716 in
1634 3663 1722 3718 die
1769 3663 1904 3732 legi-

318 3772 440 3812 mus
461 3756 656 3820 crucis,
677 3766 729 3811 et
751 3756 803 3810 in
821 3756 1213 3810 resurrectione
1238 3756 1364 3809 item
1382 3795 1397 3821 ,
1429 3763 1484 3810 et
1509 3755 1561 3809 in
1588 3756 1810 3825 singulis
1831 3757 1907 3809 fe-

315 3849 414 3903 stis
433 3887 448 3912 ,
473 3863 591 3918 quae
613 3847 666 3901 in
698 3846 919 3914 singulis
943 3845 1284 3908 acciderunt,
1322 3845 1514 3898 iterum
1538 3845 1762 3913 legimus
1785 3861 1799 3897 :
1826 3845 1905 3898 sic

315 3950 370 3994 et
389 3938 644 3993 miracula
666 3936 901 4005 oportuit
925 3935 1216 4004 apostolica
1238 3935 1330 3987 ina
1339 3935 1718 4003 postolicorum
1742 3933 1904 3988 mira-

313 4031 560 4084 culorum
588 4026 776 4080 diebus
797 4025 920 4094 legi.

388 4120 444 4174 6.
484 4117 592 4171 Cur
611 4117 771 4187 igitur
793 4132 898 4170 non
923 4114 1009 4168 illa
1043 4123 1152 4168 tum
1176 4113 1416 4183 legamus
1437 4154 1452 4180 ,
1470 4113 1564 4168 sed
1585 4113 1762 4168 statim
1786 4122 1906 4182 post

319 4225 534 4266 crucem
555 4250 570 4276 ,
601 4219 655 4265 et
676 4207 1123 4262 resurrectionem
1145 4248 1160 4273 ,
1190 4221 1404 4260 causam
1431 4221 1644 4260 onmem
1675 4205 1903 4276 diligen-

322 4313 404 4358 ter
441 4301 720 4356 attendite.
769 4301 962 4354 Statim
1013 4307 1130 4368 post
1173 4314 1384 4353 crucem
1407 4340 1423 4364 ,
1453 4299 1902 4353 resurrectionem

320 4394 516 4449 Christi
537 4393 947 4447 annuntiamus:
973 4407 1131 4462 porro
1150 4391 1536 4446 demonstratio
1559 4392 1908 4446 resurrectio-

323 4487 408 4541 nis
433 4487 684 4539 miracula
706 4493 830 4539 sunt
856 4484 1145 4552 apostolica
1175 4502 1188 4536 :
1233 4483 1379 4552 atqui
1411 4484 1540 4536 nihil
1570 4483 1712 4537 aliud
1742 4492 1824 4536 est
1845 4483 1910 4536 li-

322 4579 419 4631 ber
445 4577 580 4640 iste,
620 4591 777 4645 quam
824 4575 1235 4643 apostolieorum
1281 4573 1464 4627 schola
1508 4573 1905 4627 miraculorum.

322 4669 476 4736 Quod
518 4669 674 4738 igitur
724 4667 1008 4722 dominica:
1054 4666 1462 4721 resurrectionis
1491 4667 1720 4720 tnaxime
1745 4665 1906 4720 ﬁdem

323 4760 481 4822 facit,
513 4758 614 4812 hoc
635 4760 814 4812 statim
847 4767 967 4827 post
991 4773 1204 4812 crucem
1231 4767 1287 4812 et
1325 4756 1448 4811 vitae
1473 4759 1792 4826 largitrioem
1825 4774 1910 4812 re-

325 4851 714 4904 surrectionem
748 4856 924 4918 patres
969 4848 1072 4918 legi
1099 4855 1418 4903 statuerunt.
1451 4847 1598 4901 lianc
1639 4847 1796 4916 igitur
1839 4848 1910 4902 ob

321 4955 538 4998 causam
565 4982 580 5004 ,
623 4940 993 5004 dilectissimi,
1049 4940 1225 4994 statim
1290 4948 1412 5008 post
1451 4953 1663 4992 crucem
1715 4952 1780 4992 ac
1826 4953 1910 4992 re-

321 5035 710 5089 surrectionem
737 5034 986 5086 miracula
1016 5033 1239 5101 legimus
1276 5030 1676 5101 apostolorum,
1709 5040 1764 5084 ut
1791 5044 1908 5083 ma-

324 5128 574 5181 nifestam
605 5134 658 5180 et
711 5125 1058 5179 indubitatam
1099 5125 1506 5178 resurrectionis
1537 5123 1908 5192 probationem

325 5218 635 5271 habeamus.
669 5215 968 5269 Excitatum
1001 5215 1146 5267 illum
1173 5229 1202 5266 a
1231 5213 1455 5267 mortuis
1485 5213 1758 5283 corporeis
1781 5228 1911 5265 ocn—

325 5309 389 5364 Iis
417 5323 522 5361 non
549 5306 762 5371 vidisti,
796 5304 891 5359 sed
909 5305 1076 5358 oculis
1101 5303 1220 5358 fidei
1251 5304 1429 5358 cernis
1450 5303 1596 5356 illum
1627 5319 1654 5355 a
1684 5301 1911 5355 mortuis

322 5401 638 5455 excitatum.
659 5397 775 5452 Non
795 5380 971 5451 vidisti
1001 5397 1148 5450 illum
1176 5395 1259 5449 his
1282 5395 1452 5448 oculis
1473 5411 1500 5447 a
1523 5393 1745 5448 mortuis
1773 5397 1911 5446 exci-

325 5503 492 5546 tatum
513 5533 528 5558 ,
555 5501 610 5544 at
637 5505 731 5560 per
759 5491 848 5544 illa
866 5489 1120 5544 miracula
1146 5488 1434 5543 excitatum
1457 5486 1602 5540 illum
1627 5500 1656 5538 a
1685 5485 1909 5538 mortuis

322 5583 623 5639 intuebere.
661 5581 744 5636 Ad
769 5581 914 5636 ilium
943 5581 1083 5635 enim
1116 5579 1235 5633 fidei
1265 5587 1607 5647 conspectum
1637 5576 1907 5645 signorum

322 5677 578 5731 exhibitio
608 5685 659 5731 te
678 5675 912 5730 deducit.
944 5675 1127 5744 Itaque
1149 5674 1316 5728 multo
1337 5675 1507 5742 major
1530 5680 1584 5725 et
1611 5669 1908 5726 evidentior

323 5767 410 5824 illa
439 5766 538 5822 fuit
557 5764 1140 5836 demonstratiobquod
1164 5765 1217 5819 in
1249 5763 1364 5833 ejus
1395 5762 1610 5818 nomine
1632 5761 1778 5831 signa
1805 5760 1900 5814 tie-

986 369 1129 427 ‘CUR
1169 367 1234 423 IN
1275 365 1563 422 PEN'I’EC.
1605 360 2001 432 ACTALETC.
2045 359 2110 415 IN
2149 360 2436 418 PRINCIP.
2481 361 2821 420 ACTORUM.
2869 363 2954 419 iV.

3493 369 3599 424 tuti

2017 483 2166 538 rent,
2198 491 2356 544 quam
2385 476 2524 546 quod
2553 479 2812 533 excitatus
2843 479 2931 533 ille
2959 493 2987 532 a
3018 481 3240 534 mortuis
3285 493 3590 550 appareret.

2016 565 2178 620 Visne
2204 566 2500 636 intelligere
2519 609 2532 632 ,
2563 584 2671 639 quo
2701 580 2852 638 pacto
2891 570 3148 637 majorem
3179 572 3590 628 resurrectionis

2013 655 2152 710 istud
2182 657 2340 712 fidem
2381 657 2566 723 faciat,
2597 675 2753 729 quam
2785 660 2830 713 si
2858 662 3094 713 omnium
3126 660 3396 714 hominum
3423 666 3595 719 oculis

2010 760 2131 800 sese
2179 748 2490 803 intuendum
2530 750 2812 804 obtulisset
2838 751 2862 804 ἲ
2887 751 3188 806 Prudenter
3217 754 3472 808 attendite
3504 769 3516 806 :
3548 755 3593 809 si

2011 837 2231 906 quidem
2261 839 2412 892 multi
2437 850 2786 908 qnterunt,et
2805 841 2990 896 dicunt
3020 860 3032 894 :
3063 843 3230 910 Quam
3262 845 3330 898 ob
3352 860 3590 910 causam,

2009 943 2132 983 cum
2162 931 2576 995 resnrrcxisset,
2612 948 2718 985 non
2748 933 2926 987 statim
2969 933 3170 988 Iudaeis
3194 937 3478 1004 apparuit?
3500 953 3591 990 ve-

2011 1037 2130 1074 rmn
2161 1035 2590 1091 supervacaneus
2617 1032 2671 1079 et
2711 1039 2879 1079 vanus
2904 1036 2986 1080 est
3012 1026 3112 1080 iste
3137 1041 3338 1082 sermo.
3369 1027 3424 1083 Si
3451 1031 3589 1087 enint

2009 1111 2074 1164 ad
2108 1112 2264 1166 fidem
2290 1113 2410 1167 illos
2427 1115 2751 1182 pellecturus
2779 1116 2980 1182 fuisset,
3009 1125 3128 1186 post
3144 1119 3586 1177 resurrectionem

2009 1205 2259 1258 omnibus
2290 1221 2548 1274 apparere
2578 1223 2684 1260 non
2724 1207 3026 1264 recusasset
3058 1226 3072 1262 :
3113 1219 3365 1264 cartorum
3399 1226 3597 1283 nequa-

2008 1310 2166 1365 quam
2196 1311 2291 1350 eos
2331 1311 2390 1350 se
2416 1298 2762 1366 pellecturum
2793 1299 2988 1364 fuisse,
3017 1301 3062 1354 si
3107 1310 3224 1370 post
3255 1304 3597 1358 resurrectio-

2008 1403 2131 1443 nem
2161 1389 2266 1444 illis
2292 1392 2660 1460 apparuisset,
2692 1407 2788 1460 per
2831 1392 3089 1447 Lazarum
3136 1393 3406 1448 indicavit.
3458 1394 3593 1448 Cum

2006 1480 2148 1533 enim
2205 1479 2346 1534 hunc
2387 1481 2795 1550 quatriduanum
2843 1495 3143 1548 mortuum,
3191 1484 3502 1550 fatentem,
3541 1494 3594 1538 et

2005 1579 2313 1639 corruptum
2345 1573 2690 1638 suscitasset,
2729 1581 2784 1626 et
2812 1571 3079 1626 effecisset
3099 1581 3155 1625 ut
3178 1573 3370 1641 ligatus
3399 1573 3594 1627 insutis

2004 1660 2060 1714 in
2081 1671 2425 1731 conspectum
2461 1665 2700 1716 omnium
2732 1662 3008 1733 prodiret,
3041 1679 3148 1716 non
3176 1663 3351 1718 solum
3380 1665 3497 1718 illos
3526 1665 3592 1718 ad

2007 1749 2164 1804 fidem
2191 1767 2296 1805 non
2323 1753 2560 1818 attraxit,
2579 1753 2674 1808 sed
2691 1755 2850 1807 etiam
2879 1754 3136 1808 irritavit:
3156 1755 3429 1810 venientes
3449 1756 3589 1810 enim

2007 1840 2179 1908 ipsum
2205 1842 2367 1895 etiam
2394 1843 2698 1898 interficere
2714 1843 2816 1899 hac
2840 1844 2908 1899 de
2929 1860 3087 1898 causa
3107 1845 3390 1900 voluerunt
3409 1846 3590 1918 (Joan.
3648 1858 3652 1862 '

2008 1930 2097 1985 12.
2129 1928 2241 2002 10).
2291 1932 2346 1986 Si
2374 1948 2502 2001 ergo
2546 1947 2667 1988 cum
2697 1933 2922 1987 alterum
2949 1949 2978 1986 a
3009 1936 3233 1989 mortuis
3259 1937 3588 2006 excitasset,

2005 2033 2112 2074 non
2141 2030 2316 2076 tamen
2339 2023 2682 2078 crediderunt
2707 2042 2720 2075 :
2751 2027 2795 2077 si
2822 2025 3057 2094 seipsum
3084 2027 3410 2082 ostendisset
3444 2045 3474 2082 a
3499 2044 3592 2083 se-

2006 2114 2234 2182 metipso
2253 2115 2585 2180 suseitatum,
2615 2130 2791 2169 nonne
2834 2117 2885 2170 in
2926 2117 3097 2185 ipsum
3146 2117 3327 2174 furore
3365 2121 3596 2176 exarsis-

2005 2204 2162 2258 sent‘l
2207 2204 2438 2260 Tametsi
2470 2206 2600 2259 nihil
2629 2207 2696 2260 ad
2721 2208 2970 2262 effectum
3002 2211 3302 2278 perducturi
3333 2210 3589 2268 fuissent:

2007 2303 2185 2349 tamen
2215 2295 2364 2350 irrito
2393 2307 2584 2350 conatu
2609 2311 2758 2351 suam
2788 2300 3113 2367 impietatem
3141 2303 3525 2357 exercuissent.

2079 2384 2444 2440 Miraculorum
2488 2388 2560 2441 vis
2612 2389 2680 2440 ad
2707 2391 3016 2458 probandam
3044 2390 3493 2446 Resurrectionem.
3522 2422 3595 2434 -—

2006 2476 2074 2531 Ut
2103 2479 2261 2548 igitur
2287 2493 2382 2533 eos
2408 2480 2678 2548 superfluo
2712 2480 2892 2536 furore
2919 2483 3187 2548 liberaret,
3237 2485 3469 2552 seipsum
3497 2500 3593 2538 oc-

2003 2570 2221 2624 cultavit
2249 2589 2263 2626 :
2295 2572 2482 2640 majori
2508 2574 2649 2626 enim
2680 2573 2799 2626 illos
2827 2574 3086 2642 supplicio
3129 2574 3390 2629 obnoxios
3417 2575 3594 2629 reddi-

2003 2661 2190 2726 disset,
2218 2664 2262 2716 si
2312 2671 2430 2731 post
2466 2679 2681 2718 crucem
2734 2665 3088 2733 apparuisset.
3117 2665 3373 2730 Quocirca
3403 2676 3458 2718 ut
3489 2665 3596 2720 illis

2010 2762 2273 2820 parceret,
2302 2754 2534 2822 seipsum
2563 2755 2775 2824 quidem
2802 2756 2868 2809 ab
2901 2757 3070 2810 oculis
3095 2771 3280 2810 eorum
3302 2756 3590 2822 subtraxit,

2003 2847 2098 2900 sed
2151 2846 2310 2900 editis
2341 2855 2516 2900 tamen
2567 2847 2840 2901 miraculis
2893 2849 3126 2917 seipsum
3178 2848 3429 2901 ostendit.
3477 2848 3593 2902 Non

2007 2935 2148 2988 enim
2195 2937 2368 2987 minus
2394 2945 2509 2989 erat
2531 2977 2548 3002 ,
2578 2952 2738 3005 quam
2767 2938 2810 2990 si
2832 2938 3122 2991 excitatum
3153 2953 3182 2990 a
3229 2939 3451 2992 mortuis
3473 2955 3595 2993 eum

2005 3034 2308 3092 cernerent,
2335 3027 2475 3095 quod
2507 3027 2726 3082 Petrum
2765 3029 3027 3083 dicentem
3070 3029 3316 3084 audirent
3349 3046 3360 3082 :
3389 3029 3456 3083 In
3503 3047 3596 3083 no-

2007 3117 2142 3169 mine
2167 3115 2294 3170 Jcsu
2344 3115 2529 3171 Christi
2566 3134 2716 3187 surge
2737 3128 2782 3171 et
2807 3118 3011 3172 ambula
3041 3119 3174 3189 (Act.
3205 3122 3258 3175 5.
3292 3120 3368 3190 6).
3416 3122 3592 3190 Atque

2007 3205 2108 3258 hoc
2133 3205 2348 3273 quidem
2397 3206 2683 3275 plurimtun
2745 3208 2976 3262 valuisse
3028 3209 3094 3262 ad
3141 3212 3592 3266 resurrectionem

2004 3297 2384 3352 adstruendam
2408 3339 2422 3362 ,
2455 3309 2616 3367 atque
2664 3298 2731 3352 ad
2783 3299 2939 3353 fidem
2967 3299 3262 3355 faciendam
3297 3303 3586 3371 proclivius

2005 3404 2166 3458 quam
2215 3388 2344 3442 illud
2395 3389 2580 3458 prius,
2635 3391 2944 3461 faciliusque
3009 3393 3275 3446 mentibus
3321 3393 3594 3448 hominum

2008 3479 2330 3548 persuadere
2355 3480 2600 3548 potuisse
2635 3482 2887 3536 miracula
2911 3523 2926 3547 ,
2970 3499 3088 3550 qua:
3140 3483 3193 3537 in
3223 3484 3338 3552 ejus
3382 3486 3598 3539 nomine

2008 3569 2148 3622 facta
2173 3568 2545 3633 cernebantur,
2575 3584 2733 3637 quam
2765 3570 2807 3624 si
2835 3585 2864 3623 a
2889 3571 3116 3624 mortuis
3139 3573 3426 3626 excitatum
3450 3574 3596 3626 illmn

2007 3663 2285 3728 vidissent,
2309 3662 2434 3717 inde
2452 3662 2735 3718 constabit.
2761 3663 3091 3728 Resurrexit,
3111 3673 3164 3718 et
3181 3665 3414 3733 seipsum
3441 3664 3598 3719 disci-

2009 3754 2148 3821 pulis
2175 3751 2422 3806 Christus
2447 3753 2680 3806 ostendit
2711 3769 2724 3804 :
2755 3753 2850 3807 sed
2897 3754 3148 3808 inventus
3169 3763 3252 3809 est
3292 3764 3466 3808 tamen
3495 3755 3596 3808 ali-

2009 3846 2129 3914 quis
2155 3853 2210 3898 et
2238 3845 2376 3898 inter
2395 3845 2512 3898 illos
2541 3843 2843 3897 incredulus
2885 3845 3140 3908 Thomas,
3174 3845 3264 3914 qui
3289 3843 3482 3898 dicitur
3506 3846 3596 3899 Di-

2009 3938 2220 4008 dymus,
2252 3946 2455 4006 etopus
2475 3936 2550 3990 illi
2574 3935 2692 3998 fuit,
2725 3945 2781 3989 ut
2807 3936 2860 3989 in
2903 3935 3124 4004 ﬁguram
3157 3935 3430 3989 clavorum
3479 3951 3596 3988 ma-

2010 4029 2407 4083 nusinferret:
2449 4043 2582 4097 opus
2639 4027 2756 4093 fuit,
2800 4038 2855 4080 ut
2903 4037 2958 4081 et
3010 4027 3146 4080 latus
3193 4025 3307 4095 ejus
3361 4027 3598 4096 palparet

2011 4120 2188 4192 (.Io.m.
2209 4120 2300 4175 20.
2322 4119 2412 4173 24.
2441 4119 2599 4190 sqq.).
2632 4118 2782 4185 Quod
2807 4119 2851 4172 si
2879 4118 3172 4186 discipulus
3223 4118 3334 4183 ille,
3364 4120 3452 4186 qui
3485 4127 3595 4172 tres

2009 4227 2129 4267 emn
2187 4211 2281 4266 illo
2336 4225 2506 4265 annos
2551 4220 2824 4279 exegerat,
2853 4210 2942 4278 qui
3002 4209 3282 4263 dominica:
3323 4211 3587 4278 particeps

2011 4320 2210 4358 mensa:
2258 4302 2460 4368 fuerat,
2513 4302 2602 4370 qtti
2646 4301 2794 4369 signa
2852 4309 3205 4367 consliexerat
3253 4309 3309 4353 et
3357 4300 3596 4368 prodigia

2010 4395 2262 4459 maxima,
2289 4393 2376 4461 qui
2401 4394 2704 4459 loquentem
2749 4391 2895 4443 illmn
2943 4391 3238 4454 audiverat,
3288 4392 3446 4444 etiam
3474 4406 3595 4443 etim

2013 4486 2157 4539 illum
2181 4500 2209 4537 a
2243 4483 2467 4536 tnortuis
2485 4483 2767 4534 excitatum
2796 4481 3015 4544 videret,
3049 4498 3151 4533 non
3174 4482 3320 4548 prius
3345 4483 3592 4545 credidit,

2012 4591 2171 4647 quam
2205 4573 2420 4642 figuram
2447 4571 2717 4625 clavorum
2737 4580 2790 4624 et
2818 4570 3014 4623 lancem
3044 4570 3260 4622 vulnera
3282 4571 3594 4637 conspexit:

2012 4663 2302 4735 quomodo,
2359 4677 2561 4731 quazso,
2604 4669 2747 4714 totus
2797 4659 2943 4712 orbis
2993 4669 3252 4712 terrarum
3296 4659 3598 4713 crediturus

2011 4765 2150 4817 erat,
2207 4753 2254 4807 si
2307 4754 2592 4807 excitatum
2638 4751 2785 4803 illum
2829 4765 2859 4802 a
2912 4749 3133 4802 mortuis
3187 4750 3599 4818 conspexisset?

2015 4846 2144 4911 Quis
2174 4843 2276 4899 hoc
2317 4859 2568 4911 umquam
2609 4841 2786 4894 dicere
2814 4838 3046 4893 audeat?
3094 4838 3275 4907 Neque
3302 4855 3430 4893 vero
3473 4841 3595 4894 inde

2016 4943 2244 4997 tantum,
2272 4931 2367 4987 sed
2391 4931 2552 4985 etiam
2593 4930 2809 4984 aliunde
2841 4927 3106 4982 constabit
3132 4928 3248 4997 plus
3279 4929 3343 4980 ad
3373 4944 3594 4997 persua—

2013 5025 2248 5081 dendum
2300 5026 2448 5092 signa
2474 5023 2724 5085 valuisse,
2755 5035 2916 5090 quam
2947 5021 2990 5074 si
3018 5029 3381 5088 resurgentem
3427 5021 3596 5074 oculis

2015 5135 2073 5175 se
2099 5119 2442 5186 Spectandum
2471 5113 2799 5183 praebuisset.
2831 5111 2972 5166 Cum
2989 5113 3130 5167 enim
3157 5112 3371 5166 Petrum
3399 5113 3597 5166 audiis—

2015 5217 2135 5264 sent
2157 5207 2322 5260 turbae
2345 5203 2536 5258 claudo
2557 5202 2755 5268 dicere,
2789 5201 2855 5256 In
2876 5205 3074 5256 nomine
3089 5200 3120 5254 .l
3128 5219 3213 5256 esu
3238 5203 3424 5257 Christi
3446 5218 3593 5272 surge

2016 5309 2060 5354 et
2103 5297 2305 5352 ambula
2335 5295 2469 5368 (Act.
2521 5296 2574 5350 5.
2625 5294 2715 5365 6),
2744 5295 2841 5348 tria
2869 5293 3032 5348 millia
3061 5301 3116 5348 et
3141 5294 3376 5361 quinque
3425 5293 3591 5346 millia

2016 5391 2249 5445 virormn
2276 5386 2486 5442 Christo
2511 5385 2853 5440 crediderunt
2883 5401 2896 5437 :
2924 5393 2979 5438 at
3005 5382 3295 5450 discipulos
3317 5395 3437 5434 cum
3475 5395 3593 5434 sus-

2015 5485 2234 5538 citatum
2263 5479 2502 5544 vidisset,
2542 5476 2848 5532 incredulus
2896 5475 3008 5528 fuit.
3053 5473 3214 5527 Vides
3235 5473 3410 5539 aptius
3428 5471 3496 5523 ad
3535 5471 3598 5524 tia

2016 5574 2136 5629 dem
2177 5570 2476 5626 faciendam
2503 5565 2906 5624 resurrectionis
2937 5565 3036 5618 hoc
3072 5563 3277 5618 fuisse?
3301 5561 3434 5616 Nam
3466 5561 3595 5617 illud

2017 5662 2230 5733 quidem
2255 5675 2376 5715 cum
2411 5658 2656 5729 proprius
2683 5654 2976 5722 discipulus
3001 5652 3118 5721 ejus
3144 5651 3383 5714 vidisset,
3417 5651 3593 5704 incre-

2018 5755 2176 5811 dulus
2203 5753 2337 5810 fuit:
2370 5762 2426 5806 at
2465 5750 2580 5806 haec
2629 5763 2752 5804 cum
2795 5746 2954 5802 etiam
3000 5745 3196 5801 inimici
3240 5750 3594 5814 spectassem.
