4060 6252
504 347 604 402 107

500 455 861 511 crediderunt.
876 453 949 507 Ita
963 451 1132 522 majus
1149 452 1249 535 hoc
1265 451 1352 506 illo
1367 448 1854 516 fuitetevidentius,
1869 448 2088 517 plusque

501 548 703 603 adiilos
730 545 1056 612 alliciendos,
1078 544 1417 614 valuitatque
1442 542 1750 605 ﬂectendos,
1768 551 1827 594 ut
1855 553 2094 594 resurre-

505 642 664 695 etioni
692 638 849 694 [idem
877 637 1148 693 haberent.
1180 636 1319 703 Quid
1347 636 1466 690 dico
1489 634 1794 690 Thomam?
1819 630 2092 702 Siquidem

506 740 564 787 ut
590 732 729 786 scias
756 745 823 785 ne
850 738 1076 784 caeteros
1115 729 1329 799 quidem
1364 726 1657 797 discipulos
1701 725 1873 796 primo
1902 722 2093 778 intuitu

505 821 818 884 credidisse,
838 821 1128 891 prudenter
1154 819 1388 873 attende.
1406 817 1521 872 Noli
1549 825 1727 872 tamen
1755 814 1874 869 illos
1899 813 2097 868 conde-

508 928 714 977 mnare.
737 912 1084 969 dilectissime
1107 912 1180 977 ;si
1194 911 1335 965 enim
1356 909 1474 964 illos
1494 908 1738 963 Christus
1753 921 1859 960 non
1876 904 2098 960 damna-

510 1021 606 1072 \‘ll,
630 1020 805 1076 neque
829 1013 883 1059 tu
911 1002 1031 1059 illos
1043 1002 1266 1058 damnes
1295 1019 1308 1054 :
1331 999 1578 1055 videbant
1604 997 1744 1054 enim
1774 1012 1885 1051 rem
1908 994 2096 1048 miram

506 1106 562 1152 et
588 1101 892 1153 inusitatam
917 1094 1602 1165 discipuli,primogenitum
1630 1092 1800 1160 ipsum
1822 1104 1850 1142 a
1875 1087 2099 1143 mortuis

508 1190 798 1246 excitatum
850 1208 865 1245 :
920 1198 1172 1244 emterum
1228 1186 1457 1241 maxima
1511 1182 1773 1252 ejusmodi
1843 1179 2098 1234 miracula

516 1285 692 1338 orimo
734 1292 1027 1352 conspectu
1070 1290 1273 1335 terrere
1302 1286 1698 1333 consueverunt.
1747 1287 2020 1343 quousque
2046 1271 2100 1325 in

517 1375 751 1432 ﬁdelium
800 1374 1064 1429 mentibus
1124 1385 1409 1441 progressu
1460 1367 1717 1436 temporis
1762 1363 2100 1419 stabilitatem

511 1468 743 1537 aliquam
787 1463 1211 1533 acquisivcrint:
1246 1460 1386 1530 quod
1442 1459 1602 1514 etiam
1650 1467 1775 1511 tunc
1826 1454 2103 1524 discipulis

511 1557 710 1612 evenit.
740 1556 1021 1622 Postquam
1038 1552 1178 1605 enim
1205 1551 1466 1614 Christus,
1498 1549 1587 1618 qui
1617 1562 1647 1601 a
1667 1547 1892 1601 mortuis
1916 1560 2100 1599 resur-

517 1654 751 1708 rcxerat,
788 1645 922 1699 dixit
947 1642 1070 1708 illis,
1120 1640 1240 1695 Pax
1267 1641 1423 1706 vobis,
1472 1637 1789 1702 Conturbati,
1836 1637 2025 1706 inquit,
2057 1644 2106 1688 et

517 1736 772 1791 conterriti
797 1735 1147 1789 existimabant
1180 1749 1233 1787 se
1266 1731 1501 1802 spiritum
1537 1729 1722 1793 videre,
1754 1738 1799 1781 et
1834 1727 1962 1781 dixit
2000 1725 2104 1781 illis

515 1830 668 1882 Jesus
688 1842 707 1880 :
727 1825 863 1893 Quid
886 1823 1071 1879 turbati
1098 1823 1212 1878 estis
1258 1820 1407 1893 (Luc.
1439 1820 1530 1874 24.
1571 1820 1744 1875 56-58
1765 1818 1806 1888 ).
1837 1817 1965 1872 Post
1992 1815 2107 1870 iure

515 1936 636 1975 cum
662 1917 984 1974 ostendisset
1009 1917 1088 1971 eis
1110 1930 1303 1969 manus
1327 1922 1382 1968 et
1404 1912 1587 1983 pedes,
1635 1910 1757 1964 Non
1795 1908 2106 1991 credentibus

516 2012 619 2065 illis
639 2026 745 2081 prae
765 2009 952 2081 gaudio
968 2017 1017 2063 et
1035 2005 1333 2062 mirantibus
1361 2006 1491 2059 dixit
1515 2021 1532 2058 :
1557 2003 1762 2057 Habetis
1790 2003 1871 2055 hic
1888 2000 2104 2071 aliquid,

521 2104 659 2173 quod
684 2102 1017 2155 manducetur
1032 2099 1192 2171 (Ibid.
1210 2116 1257 2153 υ.
1278 2097 1406 2168 ιω
1427 2096 1566 2166 quod
1598 2096 1697 2150 hac
1720 2095 1927 2149 ratione
1948 2092 2110 2147 vellet

517 2194 620 2249 illis
637 2193 792 2248 ﬁdem
807 2192 982 2248 facere
1003 2190 1427 2246 resurrectionis.
1459 2188 1575 2244 Non
1607 2186 1888 2256 persuadet
1910 2186 2004 2240 tibi
2032 2185 2110 2238 la-

520 2297 624 2352 tus,
649 2285 840 2356 inquit,
865 2299 1037 2354 neque
1061 2281 1316 2337 vulnera?
1341 2281 1529 2336 saltem
1560 2293 1741 2334 mensa
1769 2276 2104 2348 persuadeat.

588 2379 642 2430 7.
701 2376 772 2432 Ut
826 2385 1002 2431 autem
1072 2381 1319 2428 accurate
1386 2386 1679 2442 cognoscas
1723 2370 1923 2425 ideirco
1961 2369 2106 2423 illum

517 2468 756 2531 dixisse,
798 2464 1007 2519 Habetis
1053 2464 1134 2517 hic
1174 2463 1396 2533 aliquid,
1451 2462 1587 2533 quod
1627 2462 2001 2515 manducetur?
2041 2474 2109 2513 ne

518 2560 656 2611 forte
681 2557 1021 2611 simulacrum
1050 2568 1172 2608 esse
1214 2554 1298 2608 vel
1345 2554 1614 2621 spiritum,
1656 2563 1747 2605 aut
1794 2550 2109 2619 phantasma

526 2653 792 2717 putarent,
827 2645 922 2699 sed
948 2659 1130 2698 veram
1150 2657 1213 2697 ac
1233 2643 1614 2697 subsistentem
1637 2641 2106 2707 resurrectionem,

518 2738 641 2793 audi
668 2752 773 2807 quo
802 2747 955 2805 pacto
981 2735 1170 2789 Petrus
1195 2734 1276 2787 his
1303 2732 1617 2801 comprobet
1636 2731 2105 2787 resurrectionem.

514 2830 650 2886 Cum
669 2829 811 2884 enim
828 2826 1073 2891 dixisset,
1104 2824 1239 2878 Deus
1266 2824 1414 2877 illum
1437 2822 1716 2885 suscitavit,
1745 2837 1807 2874 ac
1832 2822 1969 2876 dedit
1998 2837 2111 2874 ma-

519 2925 754 2994 nifestum
789 2936 905 2974 eum
943 2918 1054 2986 ﬁeri
1102 2917 1244 2971 nobis
1273 2914 1477 2969 testibus
1506 2913 1878 2981 prtzordt'natis,
1900 2912 2098 2968 deinde

520 3010 923 3069 resurrectionis
948 3007 1461 3064 demonstrationem
1487 3004 1723 3060 alierens
1749 3005 1943 3074 adjecit
1968 3021 1982 3057 :
2009 3003 2110 3069 Qui

522 3101 933 3156 manducavimus
976 3106 1022 3152 et
1073 3097 1285 3151 bibimus
1330 3113 1447 3150 cum
1488 3111 1547 3149 eo
1576 3095 1715 3164 (Act.
1747 3095 1836 3149 10.
1861 3094 1953 3150 40.
1984 3094 2106 3164 41).

520 3193 805 3260 Propterea
833 3202 1047 3258 quoque
1075 3186 1206 3241 alibi
1236 3185 1481 3240 Christus
1507 3200 1629 3240 cum
1654 3194 1916 3239 mortuam
1934 3185 2106 3238 susci-

518 3289 686 3335 lasset
731 3286 792 3332 ut
820 3276 977 3330 ﬁdem
1002 3274 1204 3330 faceret
1250 3273 1663 3328 resurrectionis
1697 3273 1815 3327 ait:
1857 3272 1990 3325 Date
2029 3273 2109 3326 illi

515 3370 655 3441 quod
678 3366 944 3422 manducet
986 3363 1179 3436 (Marc.
1207 3364 1262 3419 ὅ.
1290 3364 1413 3434 45).
1458 3363 1592 3417 Cum
1631 3363 1789 3432 igitur
1808 3362 1959 3417 audis
1984 3378 2107 3417 eum

519 3460 806 3532 prmbuisse
849 3458 1083 3527 seipsum
1128 3455 1304 3509 vivum
1333 3470 1431 3524 per
1475 3452 1591 3509 dies
1632 3454 1979 3524 quadraginta
2005 3453 2108 3509 illis

518 3558 887 3622 apparentem,
917 3555 1115 3603 etcum
1143 3545 1248 3601 illis
1278 3553 1604 3609 vescentem,
1634 3558 1850 3599 causam
1877 3544 2105 3599 mandu-

515 3642 740 3699 cationis
766 3652 1051 3709 cognosce,
1083 3652 1188 3691 non
1211 3635 1351 3706 quod
1376 3636 1498 3690 cibo
1528 3634 1780 3689 nimirum
1817 3635 2099 3705 indigeret,

518 3736 667 3790 illum
719 3732 1089 3797 manducasse,
1141 3729 1235 3784 sed
1285 3726 1427 3798 quod
1477 3726 1857 3797 discipulorum
1901 3728 2105 3783 mederi

521 3829 676 3885 vellet
703 3823 1085 3891 imbecillitati,
1117 3822 1259 3876 unde
1289 3820 1527 3891 prodigia
1557 3828 1613 3876 et
1650 3820 1801 3891 signa
1830 3820 2106 3890 apostolo—

521 3936 635 3976 rum
667 3919 830 3989 liquet
855 3917 1140 3971 maximam
1159 3912 1566 3967 resurrectionis
1591 3910 2102 3966 demonstrationem

518 4012 804 4068 exstitisse.
836 4010 1169 4077 Quapropter
1194 4005 1267 4058 ait
1293 4004 1406 4072 ipse
1443 4017 1675 4072 quoque,
1705 4005 1862 4056 Amen
1885 4043 1899 4068 ,
1932 4020 2100 4068 auten,

517 4105 630 4160 dico
658 4102 797 4155 vobis
827 4140 842 4163 ,
889 4098 990 4162 Qui
1031 4097 1188 4151 credit
1221 4096 1274 4147 in
1319 4110 1435 4160 me,
1466 4109 1649 4163 opera,
1680 4109 1793 4162 qua:
1815 4109 1906 4163 ego
1934 4095 2101 4161 facio,

519 4205 566 4248 et
599 4194 710 4260 ipse
733 4189 904 4259 faciet,
947 4196 995 4239 et
1024 4187 1222 4255 majora
1247 4184 1429 4236 horum
1459 4183 1609 4252 faciet
1647 4181 1823 4254 (Joan.
1862 4183 1949 4238 M.
1988 4183 2100 4258 12).

518 4283 651 4337 Nam
680 4278 929 4349 quoniam
956 4290 1088 4330 crux
1114 4289 1235 4329 cum
1259 4273 1654 4339 intervenisset,
1676 4272 1930 4342 plurimos
1948 4289 2104 4329 scau-

517 4373 858 4433 dalizavemt,
889 4367 1086 4423 idcirco
1114 4366 1352 4437 pluribus
1396 4366 1468 4420 illi
1500 4365 1772 4420 miraculis
1803 4382 1941 4437 opus
1984 4367 2098 4423 fuit.

515 4461 728 4532 Alioqui
759 4458 903 4515 enim
930 4458 996 4522 si,
1023 4473 1144 4512 cum
1170 4456 1392 4511 obiisset
1409 4456 1673 4522 Christus,
1704 4470 1877 4513 morte
1893 4475 2099 4530 [πωρο-

515 4556 659 4610 ditus
683 4550 989 4616 mansisset,
1020 4558 1074 4604 et
1116 4550 1379 4617 sepultus,
1410 4563 1583 4617 neque
1608 4551 2010 4618 resurrexisset,
2044 4560 2101 4606 ut

518 4649 668 4704 aiunt
693 4644 887 4711 Judaei,
919 4658 1092 4712 neque
1121 4642 1172 4696 in
1204 4641 1391 4696 caelum
1416 4641 1763 4706 ascendisset,
1794 4657 1900 4696 non
1927 4645 2097 4699 solum

520 4743 721 4813 majora
749 4749 931 4811 postea
969 4739 1084 4794 ﬁeri
1117 4736 1371 4791 miracula
1418 4746 1539 4805 post
1561 4751 1776 4791 crucem
1802 4752 1906 4791 non
1935 4753 2096 4806 opor-

517 4834 725 4900 tuisset,
768 4847 950 4887 verum
990 4831 1150 4884 etiam
1195 4843 1279 4892 ea,
1311 4843 1430 4898 quae
1483 4827 1630 4896 prius
1678 4826 1817 4882 facta
1865 4828 2095 4897 fuerant,

517 4943 653 5000 opus
677 4926 867 4982 fuisset
893 4922 1180 4993 exstingui.
1212 4922 1308 4975 llic
1336 4921 1463 4974 mihi
1490 4920 1770 4989 diligenter
1793 4923 2051 4978 attendite
2080 4941 2093 4977 :

516 5020 825 5076 indubitata:
878 5016 1073 5086 quippe
1120 5012 1525 5066 resurrectionis
1591 5012 2095 5071 demonstrationem

514 5114 791 5169 continent
817 5110 933 5164 hate
956 5123 1071 5178 quae
1100 5105 1327 5161 dicimus
1355 5123 1368 5160 :
1395 5104 1743 5176 quamobrem
1772 5106 1957 5160 eadem
1975 5122 2097 5161 rur-

510 5219 604 5262 sus
630 5202 869 5273 eloquar.

585 5293 691 5350 Cur
714 5301 826 5364 post
853 5288 1152 5345 Passionem
1176 5285 1421 5339 miracula
1442 5286 1659 5354 majora.
1682 5315 1754 5326 —
1777 5286 1935 5357 Signa
1966 5286 2098 5343 fecit

511 5397 669 5445 antea
688 5384 953 5448 Christus,
995 5387 1235 5435 mortuos
1259 5375 1554 5440 suscitavit,
1602 5376 1840 5445 leprosos
1866 5378 2092 5433 munda-

509 5482 607 5545 vit,
633 5478 905 5533 daemones
932 5471 1091 5543 ejecit
1108 5511 1122 5535 ,
1152 5465 1440 5523 cruciﬁxus
1463 5475 1546 5519 est
1568 5465 1782 5533 deinde,
1831 5476 2010 5538 atque,
2039 5477 2098 5523 ιιι

513 5570 700 5626 dicunt
722 5563 933 5622 scelesti
955 5561 1145 5626 Judaei,
1169 5572 1274 5614 non
1304 5555 1598 5613 resurrexit
1624 5570 1656 5610 a
1685 5558 1928 5612 mortuis.
1956 5558 2094 5624 Quid

517 5659 678 5728 igitur
704 5656 808 5710 illis
827 5654 1100 5710 dicemus?
1130 5651 1243 5705 Hoc
1267 5646 1538 5715 nimirum,
1564 5646 1620 5703 Si
1646 5662 1752 5701 non
1780 5650 2090 5716 resurrexit,

513 5748 786 5817 quomodo
820 5753 1007 5816 postea
1050 5743 1105 5797 in
1136 5742 1353 5797 nonﬁne
1377 5740 1540 5811 ipsius
1564 5738 1763 5809 majora
1801 5738 1936 5794 facta
1964 5751 2086 5796 sunt

1207 342 1268 397 S.
1306 338 1581 397 JOANNIS
1618 335 2097 395 CIIRYSOSTOMI
2139 334 2453 391 ARCHIEP.
2496 338 3034 396 CONSTANTINOP.

3680 345 3793 401 ΜΒ

2202 447 2388 514 signa?
2443 448 2626 504 Nullus
2671 452 2814 506 enim
2859 468 2925 507 ex
2955 452 3089 506 vivis
3138 467 3258 507 cum
3289 452 3531 521 obiisset,
3583 456 3792 526 majora

2199 545 2321 604 post
2347 537 2551 592 obitum
2584 542 2732 609 signa
2770 541 2895 596 fecit
2923 559 2936 595 :
2968 550 3023 594 at
3049 540 3135 597 hic
3173 542 3374 612 majora
3416 554 3475 598 et
3529 544 3691 599 modo
3732 557 3799 600 et

2199 637 2384 682 natura
2414 629 2626 685 fuerunt
2653 647 2773 702 qua:
2812 644 3136 703 consequuta
3164 643 3290 688 sunt
3308 635 3587 690 miracula.
3613 636 3794 707 Siqui-

2198 716 2320 771 dem
2352 732 2536 774 natura
2569 721 2713 777 fuere
2749 723 2971 793 majora,
3015 740 3136 778 cum
3166 724 3361 779 Christi
3401 727 3592 780 umbra
3634 743 3796 782 nuut-

2200 824 2358 878 quam
2398 822 2640 866 mortuos
2670 815 2938 869 suscitarit
2969 824 3060 868 :at
3083 816 3445 883 apostolorum
3478 818 3664 871 umbra
3704 827 3793 872 ta-

2202 901 2272 955 lia
2300 903 2464 957 multa
2495 903 2737 973 perfecit.
2789 905 2947 959 Modo
2999 921 3126 960 vero
3166 907 3366 976 majora
3419 907 3566 963 fuere
3614 910 3790 980 signa,

2202 992 2344 1062 quod
2379 1003 2486 1047 tum
2512 996 2725 1064 quidem
2775 997 2889 1066 ipse
2934 996 3201 1066 imperans
3255 1000 3508 1055 miracuta
3556 1014 3744 1054 ederet
3773 1020 3791 1054 :

2204 1092 2325 1150 post
2367 1085 2668 1154 passionem
2721 1097 2897 1144 autem
2927 1089 3066 1142 servi
3095 1089 3216 1160 ejus
3252 1101 3478 1160 augusto
3515 1100 3572 1145 et
3606 1103 3797 1146 sancto

2204 1175 2320 1243 ejus
2335 1177 2548 1231 nomine
2568 1176 2808 1232 adhibito
2824 1179 3025 1249 majora
3047 1191 3103 1236 et
3125 1181 3432 1237 sublimiora
3454 1198 3791 1252 peragerent,

2205 1275 2264 1319 ut
2289 1266 2515 1333 amplius
2536 1276 2592 1321 et
2615 1268 2898 1336 gloriosius
2926 1271 3095 1325 virtus
3115 1271 3281 1340 ipsius
3304 1273 3602 1341 eii'ulgeret.
3626 1273 3793 1328 Multo

2205 1359 2399 1428 quippe
2425 1358 2595 1428 majus
2626 1357 2724 1412 fuit
2747 1360 2973 1414 alterum
3003 1376 3199 1417 nomen
3241 1362 3413 1431 ipsius
3448 1371 3794 1432 usurpantem

2206 1450 2329 1503 talia
2357 1451 2609 1504 miracula
2638 1460 2867 1519 patrare,
2896 1468 3055 1522 quam
3081 1454 3251 1522 ipsum
3293 1455 3666 1524 imperantem.
3702 1454 3796 1509 Vi-

2206 1540 2304 1596 des
2332 1550 2386 1595 et
2420 1551 2606 1595 natura
2635 1552 2692 1597 et
2720 1543 2880 1598 modo
2906 1544 3107 1614 majora
3134 1543 3298 1599 fuisse
3322 1546 3689 1614 apostolorum
3718 1547 3796 1600 si-

2206 1647 2329 1702 gna,
2350 1633 2715 1701 dilectissime,
2740 1651 2859 1706 qua:
2876 1635 3070 1690 Christi
3091 1639 3541 1693 resurrectionem
3569 1651 3795 1710 sequuta

2208 1727 2374 1781 sunt?
2397 1726 2576 1797 Itaque
2601 1729 3008 1783 resurrectionis
3029 1728 3325 1784 indubitata
3353 1740 3437 1784 est
3462 1731 3798 1788 demonstra-

2209 1818 2304 1870 tio.
2326 1817 2477 1882 Nam,
2504 1828 2560 1872 ut
2597 1827 2721 1874 ante
2752 1819 2897 1883 dixi,
2929 1828 2984 1874 et
3013 1820 3203 1874 iterum
3231 1821 3427 1885 dicam,
3479 1823 3524 1876 si
3571 1833 3797 1879 mortem

2208 1909 2431 1964 obiisset
2464 1910 2731 1978 Christus,
2762 1919 2948 1966 etnon
2989 1913 3398 1980 resurrexisset,
3438 1915 3587 1984 signa
3633 1916 3798 1969 etiam

2212 2000 2432 2055 interire
2458 2003 2781 2070 oportuisset
2798 2016 2862 2057 ac
2879 2001 3045 2057 deleri
3069 2020 3081 2055 :
3092 2003 3201 2070 jam
3221 2019 3346 2058 vero
3367 2021 3472 2059 non
3500 2005 3659 2060 modo
3700 2006 3800 2061 de-

2210 2090 2315 2144 leta
2350 2107 2456 2144 non
2496 2100 2620 2145 sunt
2664 2091 2757 2147 sed
2783 2101 2838 2146 et
2880 2093 3162 2148 illustriora
3206 2094 3400 2150 deinde
3445 2106 3604 2166 atque
3652 2098 3800 2152 αξιοι

2213 2181 2389 2236 briora
2435 2194 2561 2239 sunt
2607 2186 2763 2241 iacui.
2793 2184 2849 2241 Si
2884 2187 3028 2240 enim
3055 2187 3298 2242 Christus
3317 2204 3422 2243 non
3470 2193 3800 2246 resurrexis-

2212 2286 2330 2343 set,
2374 2292 2659 2348 numquam
2706 2278 2793 2332 alii
2836 2279 2953 2348 ejus
2977 2279 3027 2332 in
3056 2281 3271 2335 nomine
3318 2283 3441 2335 talia
3471 2284 3618 2353 signa
3649 2282 3804 2338 fecis-

2211 2377 2349 2422 sent.
2374 2368 2573 2423 Eadem
2604 2371 2798 2440 quippe
2825 2371 2992 2424 virtus
3013 2380 3068 2425 et
3091 2381 3215 2426 ante
3239 2374 3540 2441 passionem
3587 2386 3644 2429 et
3683 2387 3804 2445 post

2214 2459 2514 2526 passionem
2543 2459 2733 2514 edebat
2765 2461 3016 2514 miracula
3051 2478 3066 2513 τ
3093 2476 3157 2517 ac
3205 2464 3437 2530 primum
3465 2465 3679 2534 quidem
3707 2482 3804 2537 per

2212 2560 2292 2611 se,
2323 2547 2518 2601 deinde
2548 2565 2675 2602 vero
2716 2566 2812 2619 per
2835 2550 3126 2620 discipulos
3155 2569 3168 2605 :
3202 2563 3257 2606 ut
3284 2564 3459 2607 autem
3505 2557 3803 2613 evidentior

2213 2644 2267 2690 et
2310 2637 2592 2706 gloriosior
2628 2622 2781 2695 ﬁeret
2829 2643 3240 2697 resurrectionis
3283 2645 3550 2713 probatio,
3601 2649 3803 2717 majora

2213 2738 2334 2798 post
2382 2745 2595 2786 crucem
2637 2732 2850 2796 ﬁebant,
2882 2743 2936 2787 et
2984 2735 3293 2789 sublimiora
3344 2736 3608 2806 prodigia.
3651 2739 3804 2795 Unde

2212 2837 2342 2876 vero
2369 2832 2602 2889 constat,
2634 2824 2778 2879 dicet
2806 2823 3054 2891 inﬁdelis,
3094 2825 3234 2880 edita
3264 2836 3371 2880 tum
3419 2827 3582 2884 fuisse
3611 2830 3759 2900 signa
3778 2835 3804 2885 ?

2217 2912 2385 2979 Unde,
2418 2929 2602 2983 quasso
2631 2956 2645 2977 ,
2692 2914 3005 2969 cruciﬁxum
3054 2915 3323 2970 Christum
3351 2917 3511 2974 fuisse
3556 2924 3802 2977 constat?

2212 3002 2288 3056 Ex
2333 3004 2502 3058 sacris
2552 3004 2788 3070 Litteris,
2819 3004 3059 3074 inquam.
3088 3005 3218 3060 Nam
3248 3016 3302 3061 et
3328 3009 3474 3079 signa
3505 3018 3614 3064 tum
3640 3011 3801 3068 fuisse

2212 3092 2347 3146 facta
2370 3102 2425 3148 et
2448 3095 2761 3148 cruciﬁxum
2794 3094 2954 3149 fuisse
2988 3095 3277 3161 Christum,
3305 3112 3366 3152 ex
3394 3100 3559 3153 Sacris
3586 3100 3801 3157 Litteris

2210 3194 2440 3238 constat.
2476 3186 2585 3239 illa:
2612 3186 2754 3241 enim
2783 3195 2839 3241 et
2875 3186 2987 3241 htec
3014 3198 3068 3240 et
3111 3188 3197 3240 illa
3226 3200 3464 3244 narrant.
3488 3193 3642 3259 Quod
3670 3195 3716 3248 si
3746 3203 3799 3248 tu

2213 3284 2397 3329 noster
2421 3275 2758 3331 adversarius
2787 3277 2934 3331 dicas
2973 3280 3244 3347 apostolos
3271 3281 3420 3350 signa
3451 3297 3555 3336 neu
3579 3283 3798 3352 fecisse,

2213 3365 2472 3430 majorem
2503 3365 2737 3435 ipsorum
2769 3368 3009 3422 ostendis
3035 3369 3305 3435 virtutem,
3330 3380 3384 3426 et
3407 3374 3631 3442 gratiam
3659 3375 3798 3430 divi-

2212 3474 2356 3523 nam,
2380 3459 2519 3529 quod
2547 3460 2746 3529 absque
2768 3461 2933 3530 signis
2969 3470 3174 3516 tantum
3198 3464 3380 3518 orbem
3411 3474 3673 3522 terrarum
3700 3483 3799 3537 po-

2212 3551 2411 3606 ttterint
2460 3551 2524 3607 ad
2557 3554 2811 3624 pietatem
2840 3553 3140 3609 traducere.
3186 3555 3297 3609 lloc
3322 3557 3466 3611 enim
3507 3561 3796 3615 maximum

2208 3653 2360 3700 estet
2377 3645 2682 3699 inusitatum
2705 3646 3039 3708 miraculum,
3059 3661 3178 3701 cum
3196 3662 3453 3716 pauperes
3472 3658 3631 3720 atque
3647 3667 3798 3707 men-

2208 3735 2333 3801 dici,
2376 3736 2589 3804 ahjecti,
2647 3736 2907 3801 illiterati,
2966 3736 3219 3805 imperiti,
3270 3738 3424 3805 viles,
3472 3750 3527 3794 et
3573 3757 3797 3797 numero

2207 3827 2489 3882 duodecim
2516 3836 2591 3882 tot
2611 3826 2791 3892 urbes,
2822 3838 3029 3897 gentes.
3057 3829 3300 3897 populos,
3321 3845 3494 3899 rcges,
3518 3840 3790 3902 tyrannos,

2209 3918 2575 3989 philosophos,
2602 3928 2862 3983 oratores,
2888 3929 2943 3973 et
2968 3926 3130 3973 totam
3172 3921 3557 3990 propemodum
3599 3933 3794 3979 terram

2207 4011 2409 4080 absque
2434 4010 2600 4079 signis
2629 4009 2897 4077 potuerint
2922 4009 2988 4063 ad
3014 4025 3073 4064 se
3090 4010 3422 4078 pertrahere.
3451 4014 3529 4066 An
3556 4030 3685 4067 vero
3699 4030 3795 4069 cu-

2206 4099 2291 4169 pis
2335 4101 2494 4153 etiam
2525 4115 2667 4153 nunc
2696 4100 2806 4154 ﬁeri
2838 4100 2987 4170 signa
3031 4104 3292 4156 cernere?
3320 4102 3436 4156 Tibi
3466 4119 3565 4174 ego
3608 4105 3696 4159 illa
3740 4115 3795 4161 et

2207 4190 2413 4258 majora
2436 4190 2702 4260 prioribus
2727 4191 3024 4256 ostendam,
3054 4207 3162 4247 non
3189 4209 3352 4247 unum
3383 4206 3651 4251 mortuum
3674 4213 3792 4252 sus-

2206 4281 2448 4348 citatum,
2479 4297 2584 4336 non
2612 4282 2783 4337 visum
2812 4284 2904 4337 uni
2923 4298 3067 4338 cmco
3110 4285 3435 4351 restitutum,
3468 4287 3563 4342 sed
3589 4288 3793 4343 discus-

2206 4388 2293 4426 sas
2318 4374 2519 4429 erroris
2535 4374 2798 4440 tenebras,
2819 4390 2937 4444 qua:
2955 4384 3117 4429 totam
3143 4385 3340 4431 terram
3363 4391 3748 4447 occupaverant
3772 4399 3787 4436 :

2206 4478 2312 4518 non
2343 4466 2610 4535 leprosum
2641 4482 2801 4520 unum
2830 4466 3163 4530 mundatum,
3206 4468 3299 4521 sed
3328 4477 3404 4522 tot
3429 4480 3642 4539 gentes,
3672 4488 3790 4541 qua:

2206 4557 2408 4625 peccati
2457 4557 2660 4625 lcpram
2691 4557 3082 4622 absterscrunt,
3110 4571 3174 4611 ac
3217 4573 3312 4626 per
3341 4558 3609 4613 lavacrum
3641 4575 3789 4630 rege-

2204 4649 2496 4702 nerationis
2542 4647 2809 4702 mundata:
2857 4657 2999 4701 sunt.
3033 4647 3186 4713 Quod
3239 4649 3450 4719 signum
3493 4650 3664 4720 majus
3707 4650 3787 4705 his

2204 4740 2418 4809 qumris,
2453 4740 2525 4794 mi
2552 4740 2734 4806 homo,
2764 4754 2884 4794 cum
2916 4749 3114 4794 tantam
3137 4749 3193 4795 et
3219 4750 3325 4796 tam
3354 4752 3575 4812 repente
3598 4743 3784 4800 factam

2205 4830 2557 4885 mutationem
2583 4831 2916 4899 conspicias?

2274 4922 2330 4976 8.
2370 4922 2503 4976 Fide
2548 4924 2659 4976 sola
2694 4923 2915 4975 cernitur
2939 4921 3096 4976 Deus.
3143 4923 3326 4979 Petrus
3355 4926 3605 4995 quomodo
3621 4928 3785 4982 cruci-

2203 5012 2336 5081 ﬁms
2357 5013 2528 5082 fuerit.
2556 5043 2629 5054 ——
2656 5012 2775 5068 Vin’
2805 5023 2859 5067 ttt
2890 5015 3219 5085 intelligere,
3251 5033 3357 5087 quo
3387 5019 3602 5074 tandem
3631 5031 3783 5090 pacto

2202 5106 2374 5160 visum
2413 5107 2665 5162 universo
2707 5116 2968 5163 terrarum
3018 5111 3134 5164 orbi
3185 5114 3476 5169 restituerit
3503 5116 3785 5171 Christus?

2202 5197 2374 5251 Antea
2403 5197 2602 5267 lignum
2642 5207 2696 5254 et
2736 5200 2964 5268 lapidem
3014 5217 3119 5255 non
3146 5204 3521 5261 existimabant
3546 5207 3784 5263 homines

2204 5288 2401 5359 lignum
2432 5298 2487 5344 et
2524 5290 2753 5359 lapidem
2787 5306 2928 5359 esse,
2956 5308 3141 5348 verum
3172 5312 3257 5350 res
3305 5312 3495 5353 sensus
3538 5310 3784 5370 expertes

2201 5378 2332 5435 deos
2362 5381 2642 5447 vocabant,
2687 5383 2823 5438 adeo
2850 5386 3101 5439 excaecati
3127 5397 3280 5442 erant
3308 5407 3321 5441 :
3360 5389 3471 5458 jam
3504 5408 3631 5447 vero
3660 5394 3779 5463 quid

2203 5470 2399 5540 lignum
2423 5473 2509 5535 sit,
2543 5474 2736 5543 quidve
2758 5474 2893 5544 lapis
2918 5487 3217 5545 noverunt;
3249 5480 3376 5549 quid
3403 5482 3473 5536 sit
3502 5483 3645 5539 Deus
3663 5500 3781 5540 cre-

2200 5561 2468 5617 diderunt.
2502 5562 2627 5618 Sola
2676 5565 2874 5634 quippe
2925 5567 3030 5623 ﬁde
3080 5568 3398 5627 immortalis
3423 5588 3486 5628 ac
3514 5573 3667 5631 beata
3699 5577 3779 5629 illa

2203 5662 2387 5706 natura
2428 5662 2714 5724 spectatur.
2746 5655 2910 5711 Visne
2959 5658 3102 5713 aliud
3145 5676 3356 5732 quoque
3380 5667 3784 5722 resurrectionis

2202 5745 2410 5815 signum
2455 5749 2690 5803 intueri?
2730 5750 2807 5804 Ex
2859 5752 2967 5822 ipsa
2998 5752 3383 5825 discipulorum
3434 5769 3612 5813 mente
3636 5773 3778 5815 sum-
