4060 6252
377 325 472 380 I37

368 453 620 493 στευσαν.
660 433 814 489 Οὕτω
846 433 1026 503 μεῖζον
1045 431 1204 484 τοῦτο
1230 432 1438 483 ἐκείνου
1467 429 1560 481 καὶ
1590 428 1941 496 σαφέστερον,

367 530 464 584 καὶ
495 527 694 598 μᾶλλον
743 525 936 586 αὐτοὺς
985 521 1264 574 ἐπεσπᾶτο
1317 519 1410 572 καὶ
1447 516 1629 570 ἔπειθε
1675 515 1810 585 πρὸς
1853 511 1951 582 τὴν

369 621 688 674 ἀνάστασιν.
715 616 826 668 Kal
853 613 903 666 τί
956 611 1100 680 λέγω
1127 613 1219 664 τὸν
1245 610 1483 679 Θωμᾶν;
1523 609 1644 659 Ὅτι
1687 605 1794 675 γάρ
1831 603 1952 656 οὐδὲ

368 711 420 763 οί
447 709 622 762 λοιποὶ
655 705 894 778 μαθηταὶ
924 707 988 756 ἐκ
1019 701 1240 774 πρώτης
1264 701 1440 770 ὅψεως
1467 698 1771 758 ἐπίστευον,
1796 695 1951 748 ἄκου-

374 821 464 856 σον
495 799 780 870 νουνεχῶς.
825 797 988 849 Ἀλλά
1018 794 1092 866 μὴ
1119 792 1406 861 καταγνῴς
1435 789 1632 854 αὐτῶν,
1665 786 1916 856 ἀγαπητέ
1935 801 1949 815 ·

372 898 418 948 εί
449 894 558 962 γάρ
597 895 625 946 6
653 891 888 962 Χριστὸς
921 889 981 940 ού
1030 887 1282 953 κατέγνω
1317 882 1528 945 αὐτῶν,
1565 881 1700 952 μηδέ
1737 881 1800 932 σὺ
1851 895 1951 930 κα-

371 983 584 1054 ταγνῷς
623 981 831 1035 αὐτῶν·
865 980 960 1033 καὶ
1007 979 1114 1049 γὰρ
1143 970 1374 1048 πρᾶγμα
1404 973 1554 1039 ξένον
1593 968 1730 1024 εἶδον
1767 972 1814 1022 οἱ
1851 986 1954 1038 μα-

373 1076 538 1147 θηταὶ
591 1075 689 1128 καὶ
746 1069 1044 1143 παράδοξον
1074 1108 1089 1132 ,
1125 1067 1464 1138 πρωτότοκον
1513 1064 1673 1118 αὐτὸν
1727 1063 1790 1114 ἐκ
1846 1059 1954 1112 τῶν

373 1167 585 1237 νεκρῶν
609 1163 912 1218 ἀναστάντα
937 1179 950 1188 ·
983 1159 1052 1212 τά
1083 1159 1140 1211 δὲ
1172 1157 1396 1210 τοιαῦτα
1433 1155 1662 1226 μέγιστα
1701 1151 1956 1222 θαύματα

377 1264 440 1314 ἐκ
463 1259 682 1331 πρώτης
707 1257 1024 1326 ἐκπλήττειν
1049 1252 1236 1306 εἴωθεν
1257 1291 1272 1316 ,
1300 1251 1404 1314 ἐως
1435 1250 1499 1302 ἂν
1543 1247 1622 1317 τῷ
1651 1246 1828 1317 χρόνῳ
1863 1247 1958 1315 μό-

374 1367 510 1420 νιμα
533 1349 754 1417 γένηται
783 1347 839 1398 ἐν
868 1348 988 1407 ταῖς
1024 1343 1132 1397 τῶν
1169 1341 1534 1395 πιστευόντων
1567 1339 1791 1406 ψυχαῖς·
1817 1337 1955 1404 ὅπερ

375 1439 470 1496 οὖν
505 1441 598 1494 καὶ
631 1440 722 1492 ἐπὶ
748 1436 857 1490 τῶν
893 1434 1148 1508 μαθητῶν
1177 1432 1394 1501 ἐγένετο
1426 1431 1564 1483 τότε.
1603 1427 1818 1497 Ἐπειδὴ
1847 1426 1955 1496 γὰρ

377 1532 614 1594 ἀναστὰς
639 1533 666 1583 6
691 1529 926 1600 Χριστὸς
951 1530 1014 1580 ἐκ
1050 1523 1256 1595 νεκρῶν
1283 1519 1434 1574 εἶπεν
1481 1522 1664 1582 αὐτοῖς
1684 1535 1697 1549 ⁸
1729 1517 1953 1587 Εἰρήνη

379 1625 539 1692 ὑμῖν,
577 1618 962 1686 Πτοηθέντες,
1000 1617 1182 1685 φησὶν,
1213 1613 1428 1666 ἐκεῖνοι
1463 1613 1558 1665 καὶ
1585 1611 1830 1679 ἔμφοϐοι
1865 1625 1956 1677 γε-

379 1716 618 1783 νόμενοι
645 1711 902 1764 ἐδόκουν
935 1705 1168 1774 πνεῦμα
1212 1702 1447 1771 θεωρεῖν
1471 1741 1486 1766 ,
1519 1701 1616 1754 κιιὶ
1653 1697 1822 1752 εἶπεν
1852 1700 1958 1752 αὐ-

381 1803 506 1868 τοῖς
548 1806 580 1855 ὀ
629 1799 880 1867 Ἰησοῦς·
919 1797 980 1851 Τί
1009 1795 1423 1864 τεταραγμένοι
1455 1792 1631 1855 ἐστέ;
1667 1791 1778 1842 Kal
1821 1789 1956 1860 μετά

383 1892 555 1945 ταῦτα
581 1890 850 1955 ἐπιδείξας
879 1889 1058 1950 αὐτοῖς
1105 1887 1202 1950 τὰς
1248 1888 1435 1958 χεῖρας
1478 1885 1574 1937 καὶ
1609 1883 1736 1944 τοὺς
1765 1882 1956 1944 πόδας,

385 1984 480 2037 καὶ
521 1981 952 2036 Ἀπιστούντων
1005 1976 1202 2031 αὐτῶν
1263 1975 1380 2030 ἀπὸ
1433 1973 1542 2042 τῆς
1591 1971 1808 2042 χαρᾶς,
1863 1974 1957 2026 καὶ

387 2072 829 2142 θαυμαζόντων,
855 2069 1023 2124 εἶπεν
1053 2069 1258 2134 αὐτοῖς
1281 2086 1294 2100 ο
1326 2065 1530 2136 Ἔχετέ
1563 2083 1618 2119 τι
1649 2065 1960 2134 ,βρώσιμον

383 2165 630 2227 ἐνθάδε;
663 2163 748 2216 διὰ
778 2162 982 2215 τούτων
1015 2161 1336 2232 βουλόμενος
1373 2159 1556 2221 αὐτοῖς
1587 2158 1686 2227 τήν
1725 2156 1960 2209 ἀνάστα-

386 2272 469 2308 σιν
505 2253 900 2307 πιστώσασθαι.
951 2243 1022 2305 Ού
1054 2251 1230 2304 πείθει
1283 2268 1340 2303 σε
1367 2293 1380 2314 ,
1432 2249 1597 2319 φησὶν
1621 2289 1633 2310 ,
1668 2249 1700 2318 ἡ
1731 2245 1958 2317 πλευρά,

380 2346 506 2399 ούδέ
529 2344 598 2398 τά
631 2344 948 2415 τραύματα;
987 2342 1218 2394 πειθέτω
1237 2340 1338 2393 κάν
1368 2343 1400 2410 ή
1428 2339 1693 2410 τράπεζα.

456 2436 526 2500 ζ’.
555 2437 670 2488 Ἵνα
707 2435 762 2487 δὲ
791 2433 968 2506 μάθῃς
1006 2431 1282 2502 ἀκριϐῶς,
1323 2432 1404 2483 ὅτι
1454 2430 1542 2482 διὰ
1577 2430 1736 2482 τοῦτο
1785 2425 1958 2490 εἶπεν,

383 2517 590 2588 Ἔχετέ
620 2537 674 2570 τι
697 2517 1006 2586 ,ϐρώσιμον
1027 2515 1238 2568 ἐνθάδε
1289 2513 1538 2582 φαγεῖιη
1582 2513 1668 2564 ἵνα
1709 2511 1782 2582 μὴ
1812 2512 1963 2580 νομί-

387 2619 552 2656 σωσιν
580 2601 794 2654 είδωλον
821 2595 980 2661 εἶναι,
1017 2597 1148 2669 μηδέ
1187 2597 1404 2667 πνεῦμα
1428 2637 1441 2660 ,
1479 2596 1611 2666 μηδὲ
1638 2594 1958 2664 φαντασίαν,

385 2685 502 2738 ἀλλ’
535 2683 710 2753 ἀληθῆ
763 2682 857 2736 καὶ
915 2683 1278 2735 ἐνυπόστατον
1331 2680 1656 2743 ἀνάστασιν,
1707 2679 1960 2743 ἄκουσον,

390 2769 506 2830 πῶς
532 2770 562 2821 6
589 2767 792 2836 Πέτρος
823 2766 928 2818 ἀπὸ
952 2765 1154 2818 τούτων
1189 2763 1478 2816 πιστοῦται
1506 2763 1605 2832 τὴν
1643 2763 1960 2816 ἀνάστασιν.

391 2850 574 2906 Εἰπὼν
627 2849 734 2918 γὰρ
787 2849 867 2900 ὅτι
931 2847 1298 2915 Ἀνέστησεν
1338 2846 1524 2899 αὐτὸν
1577 2847 1608 2897 ὀ
1649 2845 1824 2910 Θεὸς,
1867 2843 1964 2897 καὶ

386 2934 610 2987 ἔδωκεν
667 2929 854 2983 αὑτὸν
911 2927 1146 2999 ἐμφανῆ
1201 2927 1482 2997 γενέσθαι
1534 2927 1794 2995 μάρτυσι
1841 2925 1964 2990 τοῖς

388 3010 1090 3082 προκεχειροτονημένοις
1138 3009 1283 3078 ἡμῖν
1312 3050 1326 3074 ,
1380 3005 1498 3061 εἶτα
1549 3009 1643 3060 καὶ
1695 3007 1965 3070 ἀπόδειξιν

387 3098 487 3166 τῆς
513 3095 864 3156 ἀναστάσεως
907 3092 1112 3156 τιθεὶς,
1177 3093 1484 3160 ἐπήγαγεν·
1539 3091 1764 3154 Οῖτινες
1817 3105 1968 3145 avr-

387 3177 688 3247 ugat’rroyer
735 3175 836 3229 καὶ
885 3175 1254 3243 συνεπίομεν
1313 3171 1491 3238 αὐτῷ.
1537 3171 1637 3224 Διά
1666 3171 1822 3224 τοῦτο
1871 3171 1965 3224 καὶ

393 3259 622 3330 ἀλλαχοῦ
657 3259 972 3326 ἀναστήσας
1020 3257 1218 3326 νεκράν
1253 3257 1280 3307 6
1323 3255 1556 3326 Χριστὸς
1576 3248 1606 3320 ,⁸
1623 3255 1709 3308 ἵνα
1764 3253 1966 3306 πιστώο

392 3359 550 3414 σηται
598 3342 697 3412 τὴν
758 3339 1054 3392 ἀνάστασιν
1108 3337 1249 3408 ἔφη·
1301 3339 1440 3390 Δότε
1497 3337 1652 3405 αὐτῇ
1711 3337 1960 3405 φαγεῖν.

389 3425 559 3480 Ὅταν
591 3421 682 3476 οὖν
711 3421 977 3492 ἀκούσῃς,
1003 3421 1084 3473 ὅτι
1106 3421 1449 3491 παρέστησεν
1484 3421 1673 3472 ἐαυτὸν
1704 3421 1879 3482 ζῶντα
1899 3420 1963 3471 δι’

389 3507 611 3578 ἡμερῶν
655 3505 1062 3575 τεσσαράκοντα
1105 3503 1474 3571 ὀπτανόμενος
1522 3501 1704 3563 αὐτοῖς
1747 3501 1841 3552 καὶ
1881 3517 1968 3552 συ-

387 3589 736 3658 ναλιζόμενος
760 3625 773 3651 ,
812 3587 1050 3656 μάνθανε
1079 3585 1178 3654 τῆς
1199 3583 1478 3654 τραπέζης
1509 3583 1605 3653 τὴν
1637 3582 1813 3636 αἰτίαν
1837 3622 1852 3646 ,
1887 3583 1967 3635 ὅτι

385 3673 508 3743 οὐχὶ
553 3671 804 3741 δεόμενος
847 3669 1010 3732 αὐτὸς
1053 3669 1334 3739 τραπέζης
1379 3669 1656 3740 ἔτρωγεν,
1685 3668 1819 3722 ἀλλά
1854 3668 1968 3737 βου-

387 3755 610 3824 λόμενος
634 3753 732 3822 τὴν
761 3751 1044 3804 ἀσθένειαν
1068 3751 1362 3822 διορθῶσαι
1392 3751 1500 3804 τῶν
1527 3751 1782 3822 μαθητῶν
1801 3792 1815 3816 ,
1847 3751 1967 3804 ὅθεν

385 3835 543 3907 δῆλον
565 3835 648 3887 ὅτι
672 3833 742 3886 τὰ
769 3833 972 3903 τέρατα
1001 3834 1096 3886 καὶ
1127 3834 1325 3903 σημεῖα
1362 3831 1470 3885 τῶν
1501 3833 1811 3886 ἀποστόλων
1842 3833 1969 3886 ἀπό-

385 3917 552 3982 δειξις
595 3912 662 3986 ἦν
705 3917 934 3986 μεγίστη
978 3915 1079 3984 τῆς
1129 3914 1494 3978 ἀναστάσεως.
1541 3914 1632 3967 Διὸ
1679 3915 1772 3967 καὶ
1809 3915 1969 3976 αὐτός

387 4015 584 4069 φησιν·
629 3997 836 4066 Ἀμὴν,
874 3995 1055 4066 ἀμὴν,
1090 3996 1243 4066 λέγω
1276 3997 1437 4066 ὑμῖν,
1480 4001 1512 4052 ὁ
1544 3999 1844 4052 πιστεύων
1883 4001 1968 4064 εἰς

385 4081 514 4151 ἐμὲ,
545 4081 616 4133 τὰ
643 4081 786 4148 ἔργα
815 4077 852 4132 ἂ
889 4079 1036 4132 ποιῶ
1061 4079 1175 4149 ἐγὼ
1200 4119 1213 4144 ,
1252 4080 1528 4146 κάκεῖνος
1562 4081 1836 4148 ποιήσει,
1870 4081 1969 4134 καὶ

387 4161 626 4233 μείζονα
669 4163 894 4215 τούτων
937 4161 1196 4229 ποιήσει.
1263 4163 1478 4234 Ἐπειδὴ
1531 4163 1636 4234 γάρ
1664 4165 1691 4216 6
1737 4164 1965 4234 σταυρὸς

395 4245 596 4318 μεταξὺ
653 4246 1022 4315 παρεμπεσὼν
1085 4246 1434 4300 ἐσκανδάλισε
1501 4247 1785 4311 πλείστους
1817 4289 1830 4312 ,
1879 4248 1966 4301 διὰ

390 4329 546 4382 τοῦτο
575 4327 668 4380 καὶ⁵
702 4327 959 4398 μειζόνων
985 4328 1172 4399 ἐδέησε
1201 4331 1336 4400 μετά
1361 4330 1533 4384 ταῦτα
1561 4333 1966 4402 σημείων.Καί-

389 4429 472 4464 τοι
509 4429 571 4479 γε
601 4413 648 4464 εί
684 4412 1011 4483 τελευτήσας
1057 4415 1086 4467 6
1112 4415 1341 4483 Χριστὸς
1374 4415 1698 4486 ἐναπέμεινε
1743 4416 1820 4486 τῷ
1873 4418 1965 4470 θα-

390 4496 534 4566 νάτῳ
581 4495 777 4565 καὶτῷ
811 4495 926 4567 [92]
960 4497 1146 4566 τάφῳ,
1177 4499 1271 4550 καὶ
1309 4499 1406 4550 οὐκ
1435 4500 1631 4570 ἀνέστη
1655 4539 1669 4564 ,
1715 4501 1966 4573 καθάπερ

390 4579 439 4630 οἱ
483 4577 724 4630 Ἰουδαῖοί
783 4595 964 4644 φασιν,
1005 4581 1124 4632 οὐδὲ
1157 4579 1325 4648 ἀνέϐη
1367 4582 1447 4643 είς
1497 4583 1621 4643 τοὺς
1680 4583 1962 4654 οὐρανοὺς,

389 4661 452 4714 οὐ
491 4661 648 4732 μόνον
689 4662 789 4714 οὐκ
839 4661 946 4714 ἔδει
980 4662 1200 4732 μείζονα
1231 4663 1476 4730 γίνεσθαι
1517 4664 1586 4716 τὰ
1629 4665 1766 4733 μετὰ
1796 4666 1966 4720 ταῦτα

393 4747 594 4814 σημεῖα
615 4743 686 4796 τά
722 4744 858 4814 μετὰ
885 4745 977 4797 τὸν
1016 4747 1246 4816 σταυρὸν
1269 4783 1284 4808 ,
1321 4746 1457 4798 ἀλλά
1489 4747 1582 4800 καὶ
1623 4748 1691 4800 τά
1726 4749 1966 4820 πρότερα

391 4829 649 4896 γινόμενα
697 4826 1100 4897 ἀποσϐεσθῆναι
1133 4827 1321 4897 ἐχρῆν.
1354 4828 1656 4899 Προσέχετέ
1698 4849 1786 4901 μοι
1829 4834 1968 4902 μετά

392 4909 675 4979 ἀκριϐείας
723 4908 988 4962 ἐνταῦθα·
1025 4912 1374 4973 ἀναστάσεως
1415 4913 1524 4982 γάρ
1553 4915 1692 4966 είσιν
1726 4915 1964 4986 ἀναμφι-

393 4993 666 5062 σϐητήτου
697 4993 997 5058 ἀποδείξεις
1033 4993 1100 5046 τὰ
1127 4993 1393 5063 λεγόμενα
1415 5033 1428 5060 ,
1469 4995 1548 5048 διὸ
1579 4997 1672 5051 καὶ
1703 4998 1860 5052 πάλιν
1899 5002 1966 5054 τά

391 5077 529 5129 αύτά
562 5075 691 5144 ἐρῶ.

475 5165 726 5236 Ἐποίησε
771 5170 968 5239 σημεῖα
1003 5168 1108 5238 πρὸ
1154 5170 1342 5222 τούτου
1373 5171 1400 5223 ὀ
1432 5171 1684 5241 Χριστὸς,
1739 5174 1966 5244 νεκροὺς

391 5249 601 5319 ἦγειρε,
629 5251 860 5321 λεπροὺς
887 5251 1144 5322 ἐκάθηρε,
1167 5251 1423 5321 δαίμονας
1448 5253 1756 5324 ἀπήλασεν
1783 5255 1969 5308 ἐσταυ-

394 5331 542 5402 ρώθη
580 5333 716 5402 μετά
755 5334 945 5398 ταῦτα,
977 5335 1068 5386 καὶ
1094 5335 1168 5396 ὡς
1200 5335 1248 5386 οί
1278 5335 1585 5405 παράνομοι
1619 5337 1853 5390 Ἰουδαῖοι
1885 5339 1968 5390 λέ-

393 5429 579 5482 γουσιν
607 5427 654 5478 α,
684 5417 784 5468 οὐκ
815 5417 1011 5486 ἀνέστη
1044 5418 1109 5468 ἐκ
1144 5417 1373 5486 νεκρῶν.
1407 5418 1470 5470 Τί
1497 5415 1588 5470 οὖν
1620 5420 1686 5472 ἂν
1721 5423 1967 5490 εἴποιμεν

393 5496 531 5566 πρὸς
567 5497 793 5564 αύτούς;
823 5501 944 5553 Ὅτι
988 5501 1036 5553 εί
1087 5501 1159 5572 μὴ
1202 5501 1422 5573 ἀνέστη,
1459 5501 1576 5565 πῶς
1619 5503 1755 5565 μετά
1796 5505 1968 5557 ταῦτα

395 5579 452 5630 ἐν
479 5577 556 5648 τῷ
585 5581 805 5652 ὀνόματι
829 5581 992 5635 αὑτοῦ
1031 5583 1250 5653 μείζονα
1279 5584 1494 5652 ἐγένετο
1525 5587 1753 5656 σημεῖα;
1784 5586 1968 5650 Οὐδεὶς
2013 5631 2016 5636 .

459 5712 488 5744 ⁸
505 5711 638 5764 COIb.
664 5716 743 5762 καὶ
767 5717 831 5771 ὡς
849 5713 1078 5772 Ἕλληνες
1108 5717 1312 5772 λέγουσι.

679 5794 948 5854 ΡΑτῐιοι..
991 5793 1104 5854 Gn.
1151 5796 1246 5856 LI.

985 321 1121 378 CUR
1161 323 1224 378 ΙΝ
1259 319 1544 378 PENTEC.
1579 319 1778 376 ACTA.
1819 315 1970 372 ETC.

2030 315 2094 370 IN
2125 313 2412 370 PRINCIP.
2457 313 2812 371 ACTORUM.
2857 312 2942 368 IV.
3421 267 3432 276 ’
3509 305 3612 359 ms

2055 421 2163 491 γὰρ
2192 422 2300 475 τῶν
2333 421 2552 485 ζώντων
2574 419 2900 490 τελευτήσας
2937 415 3155 487 μείζονα
3183 415 3382 484 σημεῖα
3406 411 3630 486 ἐποίησε

2053 504 2190 572 μετὰ
2215 503 2314 574 τὴν
2343 502 2619 572 τελευτὴν,
2647 499 2878 554 ἐνταῦθα
2905 500 2962 552 δέ
2983 497 3202 569 μείζονα
3231 495 3323 548 καὶ
3342 495 3417 566 τῷ
3438 496 3628 568 τρόπῳ

2049 586 2144 638 καὶ
2169 589 2234 657 τῇ
2265 587 2423 655 φύσει
2451 587 2520 639 τά
2555 584 2806 654 θαύματα
2841 583 2979 654 μετά
3009 579 3180 634 ταῦτα
3209 574 3296 648 ἦν.
3325 579 3491 632 Φύσει
3521 581 3632 652 γὰρ

2053 668 2274 738 μείζονα
2305 665 2394 738 ἦν,
2431 667 2512 720 ὅτι
2550 667 2647 737 μὲν
2685 666 2778 720 τοῦ
2813 663 3048 736 Χριστοῦ
3081 663 3335 715 οὐδέποτε
3367 664 3514 716 σκιαὶ
3548 680 3634 715 νε-

2049 753 2212 822 κροὺς
2262 751 2594 819 ἀνέστησαν·
2631 750 2723 800 ἐπὶ
2761 747 2816 800 δέ
2850 745 2960 799 τῶν
3012 743 3326 798 ἀποστόλων
3379 745 3434 797 αἱ
3482 743 3634 797 σκιαὶ

2049 832 2228 887 αὐτῶν
2272 830 2444 884 πολλά
2487 829 2712 883 τοιαῦτα
2765 830 3000 882 ἐποίουν.
3055 828 3098 879 Τ
3104 827 3254 896 ρόπῳ
3304 827 3360 878 δέ
3413 825 3635 898 μείζονα

2051 915 2266 984 ἐγένετο
2305 916 2526 985 σημεῖα,
2555 915 2636 966 ὅτι
2668 911 2790 963 τότε
2826 911 2923 980 μὲν
2955 909 3116 971 αὐτὸς
3145 908 3452 961 ἐπιτάττων
3479 908 3606 960 ἐθαυ
3627 939 3638 949 -

2054 993 2378 1068 ματούργει·
2421 994 2556 1067 μετὰ
2588 995 2645 1048 δέ
2683 993 2775 1046 τὸν
2811 993 3044 1064 σταυρὸν
3072 993 3118 1044 οἱ
3150 991 3324 1044 δοῦλοι
3353 990 3514 1044 αὑτοῦ
3555 989 3634 1061 τῷ

2053 1081 2332 1151 σεϐασμίῳ
2360 1081 2453 1134 καὶ
2487 1078 2624 1148 ἁγίῳ
2655 1076 2818 1130 αὑτοῦ
2849 1077 3072 1146 ὀνόματι
3101 1074 3375 1145 χρώμενοι
3415 1073 3638 1144 μείζονα

2053 1167 2147 1218 καὶ
2193 1164 2500 1234 ὑψηλότερα
2546 1161 2784 1224 ἐποίουν,
2827 1159 2969 1212 ὥστε
3023 1157 3284 1228 μειζόνως
3331 1157 3504 1210 αὐτοῦ
3541 1158 3637 1212 καὶ

2054 1246 2407 1316 ἐνδοξοτέρως
2439 1241 2738 1314 διαλάμψαι
2793 1241 2888 1313 την
2939 1239 3112 1310 ἰσχύν.
3165 1239 3272 1293 Τοῦ
3327 1239 3438 1310 γάρ
3475 1241 3638 1293 αὐτὸν

2055 1328 2364 1382 ἐπιτάττειν
2409 1325 2590 1395 πολλῷ
2639 1324 2822 1394 μεῖζον
2867 1320 2934 1394 ἦν
2977 1325 3038 1376 τὸ
3070 1323 3256 1394 ἕτερον
3301 1323 3380 1392 τῷ
3427 1323 3637 1375 ἐκείνου

2053 1409 2392 1480 κεχρημένον
2435 1408 2660 1476 ὀνόματι
2705 1405 2930 1458 τοιαῦτα
2965 1405 3422 1475 θαυματουργεῖν.
3459 1401 3635 1467 Εἶδες,

2051 1491 2327 1563 ἀγαπητὴ
2358 1490 2453 1544 καὶ
2487 1491 2552 1558 τῇ
2586 1487 2746 1556 φύσει
2774 1485 2868 1538 καὶ⁸
2908 1485 2986 1554 τῷ
3019 1487 3204 1556 τρόπῳ
3242 1484 3463 1554 μείζονα
3508 1486 3639 1539 ὄντα

2051 1573 2120 1628 τὰ
2166 1576 2367 1645 σημεῖα
2395 1569 2502 1624 τῶν
2533 1568 2845 1622 ἀποστόλων
2881 1565 3018 1636 μετά
3066 1567 3164 1637 τὴν
3202 1567 3498 1621 ἀνάστασιν
3543 1569 3638 1622 τοῦ

2051 1656 2323 1728 Χριστοῦ;
2356 1651 2567 1708 Ούκοῦν
2611 1650 3092 1722 ἀναμφισϐήτητος
3134 1652 3166 1721 ἡ
3214 1650 3491 1716 ἀπόδειξις
3537 1651 3641 1721 τῆς

2053 1739 2427 1799 ἀναστάσεως.
2461 1736 2636 1806 Ὅπερ
2675 1733 2786 1804 γὰρ
2825 1733 3031 1799 ἐλεγον,
3069 1731 3164 1785 καὶ
3211 1732 3374 1786 πάλιν
3415 1733 3546 1804 ἐρῶ,
3591 1734 3640 1785 ει

2054 1821 2458 1888 ἐτετελευτήκει
2485 1820 2512 1870 6
2533 1816 2788 1887 Χριστὸς,
2817 1816 2912 1867 καὶ
2938 1815 3037 1866 ούκ
3058 1815 3280 1886 ἀνέστη,
3311 1815 3418 1868 ἔδει
3448 1816 3543 1868 καὶ
3569 1816 3641 1868 τά

2059 1904 2256 1972 σημεῖα
2303 1899 2623 1969 τελευτῆσαι
2675 1897 2768 1950 καὶ
2819 1897 3258 1964 ἀποσϐεσθῆναιο
3310 1899 3428 1951 νυνὶ
3474 1898 3531 1950 δέ
3575 1898 3636 1950 οὐ

2065 1986 2225 2056 μόνον
2255 1985 2354 2036 ούκ
2383 1981 2716 2052 ἀπεσϐέσθη,
2748 1979 2884 2032 ἀλλά
2913 1979 3007 2033 καὶ
3047 1980 3399 2051 λαμπρότερα
3432 1980 3527 2033 καὶ
3557 1983 3642 2032 ἐν-

2058 2069 2310 2140 δοξότερα
2343 2067 2532 2135 γέγονε
2567 2063 2706 2135 μετὰ
2753 2063 2944 2117 ταῦτα.
2997 2065 3059 2116 Et
3104 2065 3211 2135 γὰρ
3259 2064 3332 2135 μὴ
3365 2063 3565 2133 ἀνέστη
3613 2067 3642 2117 6

2057 2151 2309 2222 Χριστὸς,
2335 2151 2433 2202 οὐκ
2463 2147 2528 2202 ἂν
2562 2147 2739 2217 ’ἐτεροι
2768 2149 2824 2199 ἐ)
2858 2146 2937 2216 τῷ
2969 2146 3194 2217 ὀνόματι
3220 2147 3382 2200 αὐτοῦ
3417 2146 3643 2200 τοιαῦτα

2063 2237 2263 2304 σημεῖα
2285 2233 2566 2301 ἐποίησαν.
2608 2231 2672 2282 Ἡ
2705 2229 2843 2299 αὐτὴ
2875 2229 2972 2299 μὲν
3010 2229 3118 2299 γὰρ
3143 2227 3372 2299 δύναμις
3408 2229 3504 2282 καὶ
3537 2227 3641 2298 πρὸ

2058 2317 2151 2368 τοῦ
2185 2315 2418 2385 σταυροῦ
2449 2314 2543 2367 καὶ
2589 2313 2726 2384 μετὰ
2774 2313 2864 2364 τὸν
2901 2311 3131 2382 σταυρὸν
3161 2309 3603 2380 ἐθαυματούργει
3625 2326 3637 2338 ·

2061 2397 2154 2451 καὶ
2189 2397 2404 2469 πρῶτον
2437 2397 2536 2467 μέν
2562 2396 2630 2448 δι’
2667 2393 2883 2457 ἐαυτοῦ,
2925 2393 3148 2463 ὕστερον
3177 2393 3233 2446 δὲ
3263 2394 3352 2446 διὰ
3392 2393 3496 2445 τῶν
3532 2409 3640 2461 μα-

2060 2479 2269 2550 θητῶν·
2304 2481 2390 2532 ἴνα
2435 2480 2490 2530 δὲ
2530 2478 2842 2546 σαφεστέρα
2903 2477 2997 2529 καὶ
3048 2476 3360 2546 ἐνδοξοτέρα
3414 2476 3642 2546 γένηται

2057 2561 2156 2631 τῆς
2180 2562 2530 2623 ἀναστάσεως
2562 2562 2594 2629 ὴ
2635 2559 2926 2626 ἀπόδειξις,
2959 2558 3180 2628 μέίςονα
3209 2558 3303 2610 καὶ
3335 2557 3642 2629 ὑψηλότερα

2062 2643 2200 2715 μετά
2247 2643 2338 2696 τὸν
2389 2643 2620 2712 σταυρὸν
2673 2642 2891 2710 ἐγένετο
2939 2642 3006 2694 τὰ
3053 2642 3276 2712 σημεῖα.
3321 2642 3432 2692 Kal
3477 2641 3642 2692 πόθεν

2059 2727 2216 2795 δῆλον
2243 2727 2324 2782 ὅτι
2353 2729 2554 2797 σημεῖα
2578 2726 2768 2794 γέγονε
2801 2724 2957 2790 τότε;
2990 2726 3016 2776 6
3048 2725 3272 2786 ἄπιστος
3307 2725 3424 2796 ἐρεῖ
3471 2723 3643 2777 Πόθεν

2063 2810 2118 2862 δὲ
2163 2811 2255 2863 καὶ
2302 2809 2457 2878 δῆλον
2500 2809 2581 2861 ὅτι
2634 2805 2951 2877 ἐσταυρώθη
2994 2811 3021 2860 6
3069 2805 3334 2876 Χριστός;
3369 2807 3500 2858 Ἀπὸ
3533 2807 3644 2860 τῶν

2065 2893 2222 2946 θείων
2275 2891 2528 2962 Γραφῶν,
2574 2891 2728 2960 φησί.
2781 2891 2891 2942 Kal
2942 2891 3051 2961 γάρ
3082 2890 3164 2942 ὅτι
3199 2891 3400 2960 σημεῖα
3449 2888 3641 2957 γέγονε

2063 2975 2186 3027 τότε
2217 2977 2310 3028 καὶ
2340 2976 2421 3028 ὅτι
2455 2972 2774 3043 ἐσταυρώθη
2808 2976 2836 3025 6
2871 2973 3126 3042 Χριστὸς,
3166 2972 3272 3024 ἀπὸ
3318 2971 3424 3024 τῶν
3473 2972 3642 3037 ἁγίων

2065 3057 2104 3108 Γ
2109 3057 2294 3128 ραιρῶν
2327 3056 2502 3125 δῆλον.
2547 3057 2782 3108 Ἐκεῖναι
2815 3056 2910 3124 μὲν
2944 3055 3052 3122 γὰρ
3081 3055 3173 3107 καὶ
3202 3053 3376 3106 ταῦτα
3417 3055 3644 3106 κάκεῖωι

2062 3141 2330 3209 λέγουσιν.
2364 3141 2428 3192 Εἰ
2455 3139 2511 3192 δὲ
2541 3139 2689 3206 λέγει
2716 3141 2744 3191 6
2771 3139 3106 3200 ὑπεναντίος,
3139 3138 3220 3190 ὅτι
3249 3138 3348 3190 οὐκ
3379 3137 3643 3209 ἐποίησαν

2065 3227 2265 3294 σημεῖα
2303 3225 2351 3274 ot
2383 3221 2689 3287 ἀπόστολοι,
2724 3221 2986 3290 μειζόνως
3013 3220 3192 3274 αὐτῶν
3237 3219 3502 3283 δεικνύεις
3543 3221 3642 3290 τήν

2062 3307 2291 3376 δύναμιν
2341 3305 2436 3358 καὶ
2483 3305 2582 3375 τὴν
2620 3303 2770 3357 θείαν
2824 3305 3004 3376 χάριν,
3053 3305 3136 3358 ὅτι
3188 3305 3357 3374 χωρὶς
3401 3303 3644 3374 σημείων

2061 3391 2329 3460 τοσαύτην
2355 3388 2679 3458 οἰκουμένην
2707 3389 3090 3441 ἐπεσπάσαντο
3125 3389 3259 3460 πρὸς
3295 3387 3634 3448 θεοσέϐειαν.

2064 3473 2234 3526 Τοῦτο
2271 3471 2380 3542 γὰρ
2417 3471 2677 3540 μέγιστον
2711 3472 2932 3539 σημεῖον
2961 3471 3054 3523 καὶ
3088 3469 3388 3540 παράδοξον
3431 3469 3640 3540 θαῦμα,

2064 3559 2190 3610 ὅταν
2221 3557 2269 3606 οἱ
2311 3553 2538 3622 πτωχοὶ,
2585 3553 2678 3603 καὶ
2712 3552 2944 3620 πένητες
2963 3589 2977 3614 ,
3019 3553 3112 3605 καὶ
3143 3553 3608 3624 εὐκαταφρόνητοι
3627 3595 3641 3616 ,

2066 3640 2160 3692 καὶ
2189 3636 2566 3706 ἀγράμματοι,
2607 3633 2700 3685 καὶ
2737 3633 2964 3696 ἰδιῶται,
3004 3634 3099 3686 καὶ
3128 3633 3386 3698 εὐτελεῖς,
3420 3636 3514 3686 καὶ
3543 3635 3645 3686 δώ-

2065 3722 2194 3774 δεκα
2237 3720 2326 3772 τὸν
2371 3716 2624 3787 ἀριθμὸν,
2673 3715 2856 3778 πόλεις
2897 3717 3184 3782 τοσαύτας,
3218 3717 3313 3770 καὶ
3343 3716 3504 3788 ἔθνη,
3552 3718 3644 3770 καὶ

2065 3805 2300 3874 δήμους,
2331 3802 2424 3854 καὶ
2477 3799 2752 3868 βασιλεῖς,
2797 3799 2890 3850 καὶ
2926 3799 3254 3868 τυράννους,
3303 3802 3396 3853 καὶ
3433 3800 3645 3862 φιλοσό-

2069 3901 2222 3955 φους,
2266 3884 2359 3936 καὶ
2394 3883 2651 3952 ῥήτορας,
2694 3881 2788 3932 καὶ
2821 3881 3021 3944 πᾶσαν,
3058 3881 3132 3943 ὡς
3165 3884 3358 3946 εἰπεῖν,
3405 3881 3500 3950 τὴν
3541 3882 3645 3950 γῆν

2067 3969 2237 4037 χωρὶς
2273 3965 2512 4035 σημείων
2544 3963 2838 4031 φαίνωνται
2870 3963 3005 4034 πρὸς
3038 3963 3264 4025 ἑαυτοὺς
3294 3963 3666 4028 ἐλκύσαντες.’

2067 4048 2252 4100 Βούλει
2286 4048 2341 4098 δέ
2383 4045 2473 4099 καὶ
2507 4046 2604 4098 νῦν
2644 4049 2842 4114 σημεῖα
2875 4048 3134 4116 γι·-.όμενα
3181 4045 3340 4110 ίδεῖν;
3383 4045 3523 4114 Ἐγώ
3563 4063 3644 4100 σοι

2065 4131 2222 4195 δείξω
2267 4131 2360 4182 καὶ
2412 4128 2633 4198 μείζονα
2679 4127 2786 4180 τῶν
2822 4131 3123 4200 προτέρων,
3165 4129 3262 4198 οὐχ
3309 4128 3404 4181 ἕνα
3453 4129 3644 4198 νεκρὸν

2065 4213 2432 4286 ἐγειρόμενον,
2487 4211 2584 4281 οὐχ
2637 4211 2734 4264 ἕνα
2789 4213 2988 4281 τυφλὸν
3054 4211 3460 4273 ἀναϐλέποντα,
3509 4212 3646 4264 ἀλλά

2065 4299 2242 4351 πᾶσαν
2273 4298 2371 4366 τήν
2398 4298 2500 4366 γῆν
2531 4295 2594 4347 τὸ
2621 4295 2809 4356 σκότος
2837 4296 2934 4365 τῆς
2971 4294 3083 4366 [95]
3117 4294 3325 4364 πλάνης
3367 4294 3645 4363 ἀποθεμέ-

2065 4398 2190 4451 νην’
2218 4381 2314 4448 οὐχ
2345 4379 2438 4431 ἕνα
2466 4379 2663 4448 λεπρὸν
2685 4377 3100 4449 καθαιρόμενον,
3125 4378 3238 4430 ἀλλ’
3259 4378 3388 4449 έθνη
3408 4378 3646 4431 τοσαῦτα

2064 4466 2162 4535 τὴν
2208 4463 2417 4532 λέπραν
2451 4461 2548 4530 τῆς
2599 4463 2874 4532 ἁμαρτίας
2919 4463 3314 4533 ἀποσμήξαντα
3341 4463 3368 4502 h
3409 4463 3508 4516 καὶ
3556 4462 3646 4515 διὰ

2065 4547 2162 4600 τοῦ
2203 4543 2430 4615 λουτροῦ
2477 4543 2900 4610 παλιγγενεσίας
2941 4544 3305 4613 καθαρθέντα.
3341 4545 3405 4597 Τί
3437 4543 3646 4596 τούτων

2067 4630 2173 4684 τῶν
2223 4628 2462 4698 σημείων
2521 4626 2702 4696 μεῖζον
2755 4626 3052 4696 ἐπιζητεῖς,
3110 4627 3398 4697 ἄνθρωπε,
3452 4626 3646 4696 ἀθρόον

2065 4712 2334 4782 τοσαύτην
2364 4711 2462 4781 τῆς
2514 4711 2839 4781 οἰκουμένης
2889 4711 3189 4780 μεταϐολὴν
3224 4711 3364 4782 ὁρῶν
3412 4727 3648 4780 γεγενη-

2071 4797 2235 4866 μένην
2251 4809 2266 4860 ;

2139 4885 2210 4956 η’.
2249 4885 2432 4938 Βούλει
2475 4885 2668 4957 μαθεῖν
2708 4887 2823 4950 πῶς
2861 4887 3163 4958 ἀναϐλέψαι
3192 4891 3288 4960 τὴν
3317 4891 3642 4960 οἰκουμένην

2069 4981 2324 5049 ἐποίησεν
2365 4981 2392 5032 6
2425 4981 2692 5051 Χριστός;
2735 4983 2808 5034 Τὸ
2839 4983 3103 5054 πρότερον
3139 4985 3200 5037 τὸ
3241 4983 3392 5048 ξύλον
3426 4985 3520 5038 καὶ
3555 4986 3645 5038 τὸν

2070 5074 2219 5127 λίθον
2255 5073 2358 5126 ούκ
2387 5072 2634 5142 ἐνόμιζον
2672 5067 2809 5126 εἶναι
2856 5073 3010 5140 ξύλον
3039 5077 3129 5129 καὶ
3159 5075 3302 5128 λίθον
3348 5077 3397 5128 οἱ
3432 5076 3642 5148 ἀνθρω-

2071 5182 2182 5231 ποι,
2207 5163 2342 5216 ἀλλά
2375 5163 2529 5225 θεοὺς
2575 5164 2800 5218 ἐκάλουν
2834 5167 2902 5220 τὰ
2946 5167 3265 5238 ἀναίσθητα,
3297 5169 3470 5233 οὕτως
3502 5165 3643 5238 ἦσαν

2068 5252 2612 5323 ἀποτετυφλωμένοι·
2649 5257 2767 5308 νυνὶ
2807 5257 2863 5309 δέ
2909 5251 3047 5310 εἶδον
3075 5259 3126 5310 τί
3158 5259 3332 5324 ξύλον,
3379 5260 3430 5311 τί
3462 5257 3640 5321 λίθος⁶

2070 5343 2396 5396 ἐπίστευσαν
2434 5345 2487 5397 τί
2516 5345 2667 5410 Θεός.
2715 5348 2900 5404 Πίστει
2946 5350 3052 5422 γάρ
3095 5351 3230 5422 μόνῃ
3282 5351 3564 5421 θεωρεῖται
3610 5351 3644 5419 ἠ

2070 5432 2370 5502 ἀνώλεθρος
2400 5435 2492 5488 καὶ
2524 5437 2766 5508 μακαρία
2807 5438 2968 5505 φύσις
2999 5439 3204 5508 ἐκείνη.
3245 5437 3430 5492 Βούλει
3462 5437 3517 5490 δὲ
3551 5439 3644 5492 καὶ

2070 5523 2252 5592 ἕτερον
2281 5526 2624 5589 ἀναστάσεως
2653 5528 2778 5579 ἰδεῖν
2809 5531 3063 5598 σημεῖον;
3101 5529 3234 5580 ’Λπὸ
3266 5529 3366 5597 τῆς
3399 5528 3506 5582 τῶν
3543 5547 3642 5598 μα-

2072 5613 2248 5682 θητῶν
2275 5615 2496 5686 γνώμης
2523 5615 2644 5684 ὅψει
2673 5619 2766 5670 καὶ
2795 5619 2952 5672 τοῦτο
2981 5620 3164 5690 μεῖζον
3189 5621 3469 5693 γινόμενον
3505 5622 3643 5693 μετά

2131 5725 2160 5763 ι)
2195 5724 2328 5775 Colb.
2347 5727 2602 5788 ἀποσμηξιί
2610 5745 2736 5790 μένα.

3247 5805 3286 5862 ’1
