4060 6252
467 278 575 332 Ἰίιθ

465 392 566 463 τήν
597 392 911 446 ἀνάστασιν.
953 391 1062 445 K01
1102 392 1209 464 γὰρ
1256 391 1406 463 παρὰ
1451 393 1618 447 πᾶσιν
1658 392 2036 465 ὡμολόγηται,

467 485 552 538 δτι
593 483 622 536 6
658 482 756 552 μὲν
791 482 918 553 περὶ
968 481 1146 545 ζῶντα
1189 482 1475 554 ἄνθρωπον
1523 483 1784 549 εὐνοϊκῶς
1836 482 2045 537 διακεί-

469 592 630 644 μενος
667 575 761 626 καὶ
810 573 1169 637 ἀποθανόντος
1219 575 1347 640 ῐσως
1397 575 1518 628 οὑδέ
1570 575 1877 646 μέμνηταιο
1911 576 1940 628 6
1986 572 2045 626 61

467 665 596 736 περὶ
644 664 822 728 ζῶντα
851 665 1180 736 ἀγνωμόνως
1224 664 1491 728 διατεθεὶς
1524 667 1619 719 καὶ
1660 663 2042 734 ἐγκαταλιπὼν

467 757 756 827 περιόντα,
819 755 994 826 πολλῷ
1041 755 1237 826 μᾶλλον
1285 756 1646 819 ἀποθανόντος
1701 756 2041 827 ἐπιλήσεται.

411 838 420 884 ἶ
467 845 630 898 Ὅθεν
656 845 828 908 οὐδεὶς
867 844 976 897 τῶν
1002 843 1305 915 ἀνθρώπων
1331 845 1422 897 τὸν
1467 844 1618 914 φίλον
1657 845 1752 898 καὶ
1784 845 1874 896 τὸν
1903 844 2046 897 διδά-

467 937 665 990 σκαλον
690 937 848 1005 ἀφεὶς
879 935 1059 999 ζῶντα
1086 936 1180 990 καὶ
1213 935 1615 1004 ἐγκαταλιπὼν,
1641 935 2043 1006 τελευτήσαντα

465 1029 594 1099 περὶ
630 1027 828 1082 πολλοῦ
863 1031 1124 1091 ποιεῖται,
1175 1029 1271 1080 καί
1309 1027 1545 1098 μάλιστα
1593 1027 1723 1082 ὅταν
1770 1025 2044 1089 κινδύνους

468 1119 695 1190 μυρίους
741 1117 892 1189 αύτῷ
924 1117 1312 1190 προκειμένους
1361 1116 1469 1170 ἀπὸ
1511 1115 1613 1186 τῆς
1664 1116 1792 1186 περὶ
1838 1116 2045 1168 ἐκεῖνον

469 1212 707 1280 σπουδῆς
737 1211 933 1281 βλέπῃ.
965 1210 1106 1263 Ἀλλ’
1135 1210 1244 1264 ἰδοὺ
1273 1208 1431 1262 τοῦτο
1458 1208 1516 1261 τὸ
1543 1207 1635 1260 17:1
1666 1207 1894 1280 μηδενὸς
1917 1223 2046 1278 συμ-

468 1297 674 1360 ϐαῖνον,
705 1298 799 1352 ἐπὶ
826 1297 918 1351 τοῦ
948 1295 1190 1367 Χριστοῦ
1217 1297 1309 1350 καὶ
1330 1296 1438 1350 τῶν
1466 1295 1777 1350 ἀποστόλων
1806 1294 2044 1364 ἐγένετο,

469 1386 564 1440 καὶ
591 1387 641 1438 οί
672 1385 848 1451 ζῶντα
873 1387 1035 1440 αὐτὸν
1063 1386 1430 1456 ἀρνησάμενοι
1453 1384 1548 1437 καὶ
1567 1384 2046 1452 ἐγκαταλιπόντες,

467 1477 563 1529 καὶ
596 1476 968 1547 συλληφθέντα
1001 1477 1250 1545 ἀφέντες,
1281 1475 1378 1530 καὶ
1405 1476 1873 1546 ἀποπηδήσαντες,
1908 1473 2048 1544 μετά

473 1566 643 1634 μυρία
697 1567 876 1617 ἐκεῖνα
913 1563 1086 1634 ὀνείδη
1140 1565 1234 1616 καὶ
1280 1563 1373 1618 τὸν
1430 1565 1683 1635 σταυρὸν,
1739 1563 1881 1616 οὓτω
1920 1565 2049 1635 περὶ

472 1654 672 1707 πολλοῦ
698 1655 1040 1726 πεποίηνται,
1067 1655 1144 1718 ὡς
1171 1655 1266 1708 καὶ
1297 1655 1396 1718 τὰς
1431 1655 1608 1726 ψυχὰς
1637 1653 1911 1708 ἐπιδοῦναι
1952 1654 2050 1718 τάς

472 1745 680 1801 ἑαυτῶν
712 1747 851 1817 ὑπὲρ
878 1747 978 1817 τῆς
1004 1748 1084 1810 είς
1125 1745 1285 1799 αὑτὸν
1330 1746 1623 1816 ὁμολογίας
1651 1747 1746 1800 x01
1790 1746 2044 1809 πίστεως.

470 1838 666 1892 Καίτοι
709 1855 770 1907 γε
816 1839 864 1894 εί
903 1839 996 1892 καὶ
1048 1837 1423 1908 τετελευτήκει
1459 1851 1486 1880 α
1518 1838 1753 1909 Χριστὸς
1802 1839 1898 1893 καὶ
1949 1839 2049 1894 οὐκ

469 1930 670 2000 ἀνέστη
695 1970 710 1994 ,
756 1930 872 1994 πῶς
924 1925 1038 2001 εἶχε
1077 1929 1232 1999 λόγον
1274 1931 1400 1994 τοὺς
1432 1931 1593 2002 ἡνίκα
1630 1929 1726 2001 ἔζη
1779 1931 2050 1998 φυγόντας

468 2021 558 2075 διὰ
587 2021 677 2074 τὸν
711 2021 1054 2092 ἐπικείμενον
1084 2020 1346 2085 κίνδυνον,
1386 2021 1548 2092 ἡνίκα
1579 2019 1897 2090 ἐτελεύτησε
1943 2037 2046 2089 μυ-

473 2113 610 2184 ρίοις
653 2114 878 2177 ἑαυτοὺς
916 2114 982 2167 δι’
1022 2116 1226 2167 ἐκεῖνον
1263 2112 1605 2185 περιϐάλλειν
1635 2111 1934 2177 κινδύνοις;
1984 2110 2046 2166 Οί

477 2207 577 2276 μὲν
597 2202 688 2260 οὖν
710 2207 858 2260 ἀλλοι
881 2207 1080 2270 πάντες
1104 2206 1319 2275 ἔφυγον,
1345 2205 1548 2276 Πέτρος
1571 2205 1627 2258 δὲ
1655 2205 1749 2258 καὶ
1777 2204 2048 2275 ἠρνήσατο

476 2296 596 2366 μεθ’
637 2298 799 2368 ὅρκου
836 2298 1038 2370 τρίτον,
1089 2297 1184 2349 καὶ
1230 2297 1258 2349 6
1295 2295 1411 2367 μεθ’
1453 2297 1617 2366 ὅρκου
1657 2293 1837 2366 τρίτον
1887 2293 2049 2347 αὐτὸν

473 2388 850 2458 ἀρνησάμενος
877 2390 972 2442 καὶ
1003 2388 1404 2459 θεραπαινιδίου
1441 2385 1605 2456 φόϐον
1648 2384 1897 2448 εὐτελοῦς
1943 2384 2052 2437 δεί-

478 2491 598 2540 σας,
627 2476 814 2547 ἐπειδὴ
841 2477 1178 2545 ἐτελεύτησε,
1221 2476 1540 2546 βουλόμενος
1572 2476 1721 2544 ἡμᾶς
1755 2477 1938 2526 πεῖσαι
1964 2473 2052 2526 διά

475 2565 586 2618 τῶν
623 2567 962 2638 πραγμάτων
997 2567 1195 2631 αὐτῶν,
1232 2569 1314 2620 ὁτι
1343 2562 1481 2619 εἶδεν
1513 2566 1676 2618 αὐτὸν
1719 2565 2050 2634 ἀναστάντα,

477 2657 650 2719 οὕτως
699 2658 892 2732 ἀθρόον
947 2659 1302 2730 μετεϐάλλετο
1351 2660 1426 2722 ὼς
1472 2659 1762 2731 ὁλοκλήρου
1817 2675 2054 2728 καταγε-

479 2747 640 2803 λάσαι
669 2750 860 2822 δήμου,
886 2752 978 2804 καὶ
1003 2752 1082 2814 είς
1111 2751 1273 2822 μέσον
1306 2750 1412 2805 τῶν
1445 2749 1710 2803 Ἰουδαίων
1738 2749 1798 2802 τὸ
1825 2749 2050 2820 θέατρον

479 2841 803 2913 εἰσπηδῆσαι
838 2841 928 2896 καὶ
961 2843 1156 2910 εἰπεῖν,
1183 2843 1263 2896 ὅτι
1293 2844 1322 2896 6
1362 2840 1694 2913 σταυρωθεὶς
1733 2841 1826 2894 καὶ
1861 2842 2053 2910 ταφεὶς

477 2923 675 3002 ἀνέστη
715 2932 779 2984 ἐκ
807 2930 1017 3002 νεκρῶν
1041 2932 1108 3001 τῇ
1153 2929 1310 3001 τρίτῃ
1338 2929 1539 3000 ἡμέρᾳ,
1580 2927 1674 2982 καὶ
1702 2928 1783 2990 είς
1812 2927 1939 2991 τοὺς
1969 2927 2054 2979 οὐ·

481 3022 676 3089 ρανοὺς
719 3022 904 3092 ἀνέϐη,
942 3023 1035 3074 καὶ
1087 3020 1254 3091 μηδὲν
1302 3020 1463 3074 αὑτὸν
1510 3019 1822 3073 ὑποδεῖσθαι
1858 3017 2049 3072 δεινόν.

481 3106 649 3161 Πόθεν
676 3104 769 3162 οὖν
805 3109 865 3161 τὸ
894 3108 1115 3180 θαρρεῖν
1144 3106 1292 3178 αὐτῷ
1317 3107 1568 3177 ἐγένετο;
1609 3106 1780 3161 Πόθεν
1809 3105 2049 3171 ἄλλοθεν,

479 3199 594 3254 ἀλλ’
620 3201 654 3271 ἡ
688 3199 796 3252 ἀπὸ
827 3200 924 3269 τῆς
959 3199 1328 3271 πληροφορίας
1354 3200 1453 3268 τῆς
1490 3197 1631 3251 κα·τά
1673 3197 1772 3268 τὴν
1815 3196 2053 3250 ἀνάστα·

482 3307 605 3356 σιν;
645 3289 865 3360 Ἐπειδὴ
915 3289 1024 3359 γάρ
1063 3285 1201 3342 εἶδεν
1248 3289 1427 3354 αὐτὸν,
1477 3289 1572 3341 καὶ
1619 3287 1907 3357 διελέχθη,
1957 3287 2053 3341 καὶ

482 3379 612 3451 περὶ
637 3378 745 3431 τῶν
775 3377 1074 3449 μελλόντων
1101 3378 1318 3447 ήκουσε,
1345 3376 1431 3430 διὰ
1459 3374 1614 3428 τοῦτο
1649 3375 1724 3439 ὡς
1751 3375 1891 3446 ὑπὲρ
1919 3375 2054 3438 ζῶν-

479 3488 571 3535 τος
603 3469 926 3523 κινδυνεύων
958 3468 1164 3534 λοιπὸν,
1192 3467 1365 3532 οὕτως
1395 3468 1650 3522 ἁπάντων
1680 3467 2051 3538 κατετόλμησε

477 3564 588 3619 τῶν
621 3562 830 3629 δεινῶν,
871 3562 966 3616 ἆτε
1003 3560 1068 3632 δὴ
1099 3561 1193 3614 καὶ
1232 3559 1453 3614 πλείονα
1485 3557 1663 3611 λαϐὼν
1696 3556 1919 3627 δύναμιν
1955 3557 2053 3610 x01

482 3652 665 3724 μεῖζον
699 3653 758 3705 τὸ
794 3651 994 3722 θάρσος
1033 3650 1107 3714 ὡς
1132 3650 1270 3720 ὑπὲρ
1306 3647 1469 3702 αὐτοῦ
1506 3645 1814 3711 ἀποθανεῖν,
1851 3645 1944 3698 x01
1975 3643 2054 3715 τῷ

479 3740 697 3812 σταυρῷ
737 3741 879 3794 κατά
921 3740 1164 3810 κεφαλῆς
1198 3737 1617 3810 προσομιλῆσαι.
1659 3737 1828 3790 Ὅταν
1874 3736 2054 3788 τοίνυν

481 3832 597 3902 ἴδῃς
628 3830 656 3872 ι’
683 3830 776 3884 καὶ
806 3831 1006 3900 σημεῖα
1035 3826 1256 3898 μείζονα
1299 3827 1575 3898 γινόμενα,
1605 3825 1698 3878 καὶ
1725 3826 1851 3888 τοὺς
1879 3824 2055 3896 μαθη-

478 3923 580 3986 τάς
612 3920 836 3974 πλείονα
887 3919 1256 3991 κεκτημένους
1304 3917 1514 3972 εὔνοιαν
1552 3917 1678 3987 περὶ
1725 3916 1886 3969 αὑτὸν
1927 3916 2052 3978 τοὺς

477 4015 741 4086 πρότερον
772 4011 1235 4080 ἐγκαταλιπόντας
1260 4008 1441 4072 αὑτὸν,
1471 4009 1565 4060 καὶ
1591 4005 1707 4078 [94]
1742 4005 2052 4077 παρρησίαν

480 4106 704 4175 μείζονα
744 4100 1240 4170 ἐπιδεικνυμένους,
1289 4098 1385 4151 καὶ
1427 4096 1761 4165 πανταχόθεν
1805 4095 2053 4166 λαμπρο-

475 4195 641 4264 τέραν
693 4190 985 4259 γινομένην
1037 4187 1146 4240 τῶν
1199 4187 1536 4258 πραγμάτων
1575 4185 1672 4256 τὴν
1727 4186 2050 4258 μεταϐολὴν,

481 4281 575 4334 καὶ
614 4281 706 4333 17:1
750 4279 813 4330 τὸ
860 4275 1412 4348 πεπαρρησιασμένον
1459 4275 1553 4327 καὶ
1589 4269 1814 4344 φαιδρὸν
1856 4276 2052 4346 προελο

479 4372 640 4425 θόντα
680 4369 924 4430 ἅπαντα,
979 4365 1214 4438 μάνθανε
1261 4365 1326 4418 δι’
1356 4365 1525 4435 αὐτῆς
1571 4366 1678 4418 τῶν
1715 4365 2052 4436 πραγμάτων

477 4461 578 4531 τῆς
630 4459 860 4531 πείρας,
901 4458 983 4510 ὅτι
1037 4456 1096 4510 ού
1146 4456 1305 4527 μέχρι
1374 4451 1604 4509 θαςάτου
1647 4455 1716 4507 τά
1760 4453 1901 4508 κατά
1961 4453 2052 4508 τὸν

479 4550 712 4622 Χριστὸν
763 4549 1000 4619 ἔμεινεν,
1032 4547 1167 4601 ἀλλὰ
1215 4548 1510 4609 ἀνάστασις
1559 4543 1721 4597 αὐτὸν
1765 4542 2050 4608 διεδέξατο,

478 4643 571 4694 καὶ
604 4643 669 4713 ζῇ
703 4642 798 4693 καὶ
835 4640 982 4710 μένει
1013 4637 1280 4708 διηνεκῶς
1312 4639 1340 4690 ὁ
1375 4634 1702 4708 σταυρωθεὶς
1723 4633 1854 4696 Θεὸς
1892 4633 2052 4686 ἀναλ-

476 4730 714 4792 λοίωτος.
747 4729 820 4781 Ού
861 4727 970 4799 γάρ
1010 4727 1075 4781 ἂν
1104 4728 1153 4779 εἰ
1194 4725 1269 4797 μὴ
1299 4724 1495 4794 ἀνέστη
1538 4723 1634 4776 καὶ
1677 4721 1796 4792 ἔζη,
1831 4719 2052 4792 μείζονα

481 4819 619 4893 μετά
651 4820 822 4873 ταῦτα
854 4821 1054 4890 σημεῖα
1085 4815 1408 4887 εἰργάσαντο
1441 4814 1490 4867 οί
1533 4811 1773 4883 μαθηταὶ
1805 4809 1912 4864 τῶν
1945 4809 2052 4881 πρὸ

474 4908 569 4962 106
603 4907 834 4979 σταυροῦ
875 4905 1194 4978 γινομένων.
1231 4905 1362 4958 Τότε
1402 4903 1500 4974 μέν
1533 4901 1641 4972 γὰρ
1679 4900 1844 4954 αὐτὸν
1883 4900 1973 4952 καὶ
2000 4900 2049 4951 οἱ

481 4999 716 5071 μαθηταὶ
769 4999 1153 5067 ἐγκατέλιπον·
1197 4996 1314 5050 νυνὶ
1355 4995 1411 5048 δέ
1456 4991 1604 5063 αὐτῷ
1653 4993 1747 5045 καὶ
1789 4992 1822 5062 ἡ
1875 4993 2050 5044 οἰκου-

481 5089 616 5159 μένη
664 5089 988 5160 προστρέχει
1036 5085 1256 5154 ἀπασα,
1303 5087 1396 5139 καὶ
1444 5084 1563 5155 οὐχὶ
1615 5083 1821 5153 Πέτρος
1867 5081 2046 5152 μόνον,

477 5178 615 5234 ἀλλά
646 5181 740 5232 καὶ
777 5180 861 5232 ἐτε
873 5196 952 5247 ροι
999 5178 1203 5250 μυρίοι,
1234 5176 1330 5230 καὶ
1368 5174 1546 5245 πολλῷ
1577 5173 1736 5226 πλέον
1769 5173 1911 5243 -μετά
1943 5171 2048 5224 Πέ-

475 5284 606 5340 τρον
635 5266 745 5319 τῶν
770 5266 868 5337 οὐχ
895 5267 1218 5336 ἑωρακότων
1251 5263 1412 5318 αὑτὸν
1434 5263 1532 5325 τὰς
1560 5262 1736 5332 ψυχάς
1769 5260 2048 5314 ἐπέδωκαν

475 5361 575 5424 τὰς
606 5359 813 5413 ἐαυτῶν
849 5357 988 5428 ὺπέρ
1023 5355 1252 5422 ἐκείνου,
1281 5353 1373 5407 καὶ
1401 5355 1497 5416 τὰς
1525 5352 1767 5421 κεφαλὰς
1801 5353 2051 5422 ἀπετμή-

478 5451 668 5520 θησαν,
694 5450 788 5503 7:01
822 5448 993 5520 μυρία
1033 5447 1231 5501 ἔπαθον
1260 5443 1436 5510 δεινά,
1479 5441 1616 5495 ῶστε
1653 5442 1749 5513 τὴν
1783 5445 1861 5505 είς
1889 5442 2048 5496 αὐτὸν

541 5555 569 5584 ⁸
596 5553 872 5614 Legebatur
914 5551 968 5598 ού
1008 5551 1346 5614 τετελευτήτρι,
1376 5548 1532 5614 qupd_,_
1569 5547 2044 5614 postulamensensu,

475 5608 801 5671 comxfmus,
834 5616 1160 5672 interpretem
1193 5619 1245 5660 et
1267 5608 1471 5661 Emeild.
1495 5608 1617 5672 ven.
1643 5608 1983 5672 secgli._Em1.

540 5676 570 5716 δ
593 5668 810 5734 (Σοίὺχτὸ
831 5668 1016 5734 θάρσος·
1045 5673 1132 5720 οὐκ
1153 5675 1209 5720 ἂν
1234 5674 1283 5721 δέ
1302 5673 1495 5734 πλείονα
1518 5671 1710 5734 δύναμιν
1729 5669 1892 5734 ἐλαϐεν
1915 5668 2042 5731 παρά

477 5734 566 5786 106
589 5731 758 5798 νεκροῦ
782 5733 862 5782 καὶ
890 5729 1104 5794 μένοντος
1127 5734 1173 5780 ἰν
1196 5735 1264 5797 τῷ
1283 5733 1481 5796 θανάτῳ-
1509 5733 1619 5779 ὅταν
1639 5729 1718 5777 οὖν
1741 5731 1862 5790 ιδῃς.

1149 291 1204 347 S.
1245 291 1528 348 JOANNIS
1565 289 2062 348 CHIH’SOSTOMI
2099 287 2420 345 ARCHIEP.
2459 287 3000 346 CONSTANTINOP.

3629 287 3743 343 ΙΕο

2153 394 2441 464 ὁμολογίαν
2477 395 2602 466 ὑγιῆ
2641 397 2736 450 καὶ
2758 397 3015 470 ἀκέραιον
3048 398 3268 468 ἔχοντας
3297 398 3571 456 ἀπελθεῖν.
3605 402 3737 465 Πῶς

2149 480 2243 538 οὖν
2269 489 2297 540 6
2329 487 2518 558 νεκρὸς
2556 488 2650 541 καὶ
2677 490 2735 542 ἐν
2762 489 2840 559 τῷ
2865 490 3022 560 τάφῳ
3061 490 3258 560 μένων,
3297 491 3374 555 ὡς
3417 493 3483 546 σὺ
3526 493 3732 562 λέγεις,

2151 569 2196 630 ὦ
2221 577 2459 641 Ἰουδαῑε,
2483 579 2748 650 τοσαύτην
2774 581 2871 634 καὶ
2895 583 2952 632 ἐν
2975 583 3088 645 τοῖς
3119 581 3237 651 μετ’
3259 581 3502 645 ἐκείνους
3525 583 3733 638 ἅπασιν

2150 666 2460 732 ἐπεδείξατο
2498 670 2597 740 τήν
2641 672 2794 741 ἰσχὺν
2833 672 2926 724 καὶ
2959 670 3056 741 τὴν
3092 670 3343 740 δύναμιν,
3389 671 3590 726 πείθων
3631 674 3734 728 αύ-

2149 757 2275 820 τοὺς
2307 757 2468 810 αὐτὸν
2504 759 2661 828 μόνον
2706 761 3050 830 προσκυνεῖν,
3094 757 3189 811 καὶ
3235 759 3414 812 πάντα
3454 756 3731 828 αἱρεῖσθαι

2153 847 2440 918 ὑπομεῖναι
2472 850 2566 901 καὶ
2598 849 2828 919 πάσχειν
2858 850 2995 920 ύπέρ
3024 849 3115 902 τοῦ
3155 848 3228 919 μὴ
3257 849 3355 920 τὴν
3384 848 3565 902 πίστιν
3592 849 3729 901 ἀπο-

2151 937 2305 992 λέσαι
2352 939 2450 1009 τὴν
2494 941 2575 1003 εἰς
2621 941 2822 1005 αύτόν;
2863 940 3026 1010 Ὁρᾷς
3057 939 3143 993 διὰ
3188 939 3404 992 πάντων
3438 939 3582 1008 σαφῆ
3624 939 3730 1007 τῆς

2153 1029 2502 1093 ἀναστάσεως
2525 1030 2620 1100 τὴν
2641 1029 2930 1096 ὑπόδειξιν,
2950 1030 3039 1083 διά
3061 1030 3170 1082 τῶν
3193 1030 3433 1100 σημείων
3455 1029 3562 1084 τῶν
3584 1030 3727 1094 τότε,

2152 1119 2259 1173 τῶν
2283 1118 2398 1186 νῦν,
2423 1120 2511 1174 διά
2539 1122 2636 1191 τῆς
2661 1121 2870 1183 εὐνοίας
2894 1121 3002 1174 τῶν
3033 1119 3287 1192 μαθητῶν
3315 1117 3423 1174 τῶν
3448 1118 3589 1182 τότε,
3616 1118 3726 1172 τῶν

2152 1209 2268 1277 νῦν,
2296 1211 2383 1265 διά
2413 1211 2521 1265 τῶν
2563 1211 2823 1266 κινδύνων
2852 1213 2909 1265 ἐν
2952 1207 3032 1276 οἷς
3070 1211 3376 1264 διετέλεσαν
3420 1211 3470 1262 οἱ
3503 1210 3726 1262 πιστεύ-

2155 1318 2374 1365 σαντες;
2409 1302 2596 1354 Βούλει
2626 1303 2720 1356 καὶ
2745 1302 2870 1364 τοὺς
2903 1302 3130 1372 ἐχθροὺς
3164 1301 3289 1354 ἰδεῖν
3315 1299 3726 1370 πεφοϐημένους

2153 1391 2317 1445 αὐτοῦ
2351 1393 2449 1463 τὴν
2487 1393 2638 1462 ἰσχὺν
2671 1392 2766 1446 καὶ
2793 1392 2892 1464 τὴν
2919 1392 3166 1463 δύναμιν,
3198 1391 3292 1445 καὶ
3321 1389 3498 1460 πολλῷ
3528 1389 3726 1460 μᾶλλον

2157 1484 2296 1555 μετά
2319 1483 2408 1537 τὸν
2442 1485 2671 1556 σταυρὸν
2699 1483 3078 1552 ἀγωνιῶντας;
3108 1485 3306 1536 Ἀκουε
3335 1483 3428 1534 καί
3459 1480 3588 1550 περὶ
3609 1481 3728 1532 τού-

2154 1594 2261 1630 των
2293 1575 2547 1640 συνετῶς.
2586 1575 2952 1645 Θεωροῦντες
2977 1575 3110 1644 γὰρ,
3152 1574 3335 1644 φησὶν,
3363 1575 3417 1628 οἱ
3452 1571 3726 1628 Ἰουδαῖοι

2153 1668 2268 1736 τὴν
2311 1668 2419 1723 τοῦ
2471 1667 2697 1737 Πέτρου
2741 1668 3083 1737 παῤῥησίαν
3133 1665 3233 1720 καὶ
3283 1665 3576 1727 Ἰωάννου,
3621 1663 3723 1716 καὶ

2154 1757 2618 1827 καταλαϐόμενοι
2640 1799 2656 1824 ,
2707 1757 2798 1810 ὅτι
2847 1755 3142 1823 ἄνθρωποι
3193 1750 3560 1822 ἀγράμματοί
3605 1751 3726 1802 εισι

2155 1849 2256 1904 καὶ
2286 1848 2534 1916 ἰδιῶται,
2577 1846 2930 1918 ἐθαύμαζον,
2975 1846 3068 1900 καὶ
3107 1845 3373 1915 ἠγωνίων,
3404 1842 3506 1895 οὐκ
3538 1839 3726 1911 ἐπειδὴ

2153 1940 2506 2012 ἀγράμματοι
2563 1935 2726 2010 ἦσαν,
2775 1937 2889 1992 ἀλλ’
2935 1935 3121 2006 ἐπειδὴ
3170 1934 3525 2005 ἀγράμματοι
3573 1931 3728 1993 ὄντες

2154 2031 2370 2086 πάντων
2409 2031 2518 2084 τῶν
2558 2028 2735 2100 σοφῶν
2761 2025 3252 2100 περιεγένοντο,καὶ
3278 2023 3392 2078 Τὸν
3417 2023 3730 2092 ἄνθρωπον

2154 2117 2277 2172 σὺν
2311 2118 2515 2182 αὐτοῖς
2553 2117 2808 2186 ὁρῶντες
2841 2114 2946 2169 τὸν
2983 2111 3507 2183 τεθεραπευμένον,
3545 2109 3728 2164 οὐδὲν

2154 2202 2319 2276 εἶχον
2359 2205 2684 2260 ἀντειπεῖνο
2733 2205 2909 2258 καίτοι
2955 2221 3018 2272 γε
3064 2201 3170 2274 πρὸ
3210 2200 3396 2254 τούτου
3441 2197 3729 2265 ἀντέλεγον

2158 2297 2356 2366 σημεῖα
2392 2295 2625 2365 ὁρῶντες
2653 2295 2930 2365 γινόμενα.
2963 2294 3086 2356 Πῶς
3115 2288 3207 2345 οὖν
3247 2291 3365 2344 τότε
3405 2291 3506 2343 οὐκ
3546 2289 3726 2341 ἀντεῖ-

2155 2403 2287 2451 πον;
2323 2385 2653 2456 ’Δπέστησεν
2693 2384 2869 2438 αὐτῶν
2900 2384 2999 2454 τὴν
3033 2382 3278 2452 γλῶτταν
3305 2383 3339 2450 ἡ
3371 2380 3600 2452 ἀόρατος
3628 2375 3725 2430 106

2158 2475 2558 2546 σταυρωθέντος
2597 2475 2850 2546 δύναμις·
2879 2476 3082 2537 ἐκεῖνος
3111 2474 3172 2527 τὸ
3203 2473 3378 2544 στόμα
3413 2471 3591 2524 αὐτῶν
3647 2471 3732 2541 ἐντ

2169 2567 2435 2639 έφραξενο
2487 2567 2697 2631 ἐκεῖνος
2760 2567 2859 2638 τὴν
2917 2565 3229 2637 παρρησίαν
3274 2559 3731 2616 κατέστειλεοδιά

2156 2655 2314 2709 τοῦτο
2339 2657 2432 2709 καὶ
2454 2657 2797 2727 εἱστήκεισαν
2823 2655 2985 2728 μηδὲν
3007 2654 3219 2725 ἔχοντες
3247 2653 3539 2706 ἀντειπεῖν.
3559 2651 3730 2703 Ὅταν

2157 2747 2214 2800 δέ
2248 2749 2341 2801 καὶ
2371 2747 2720 2819 ἐφθέγξαντο,
2751 2749 2851 2819 δρα
2886 2747 3001 2810 πῶς
3041 2746 3139 2816 τὴν
3167 2744 3364 2798 δειλίαν
3409 2741 3728 2814 ὁμολογοῦσι

2155 2838 2254 2909 τὴν
2282 2840 2506 2895 ἐαυτῶν.
2531 2842 2855 2903 Βούλεσθε,
2884 2837 3066 2909 φησὶν,
3099 2835 3418 2906 ἐπαγαγεῖν
3445 2835 3538 2903 ἐφ’
3571 2832 3732 2902 ἡμᾶς

2157 2927 2223 2981 τό
2256 2924 2398 2998 αἷμα
2441 2929 2547 2984 τοῦ
2583 2928 2896 2998 ἀνθρώπου
2947 2928 3192 2990 τούτου;
3232 2925 3342 2978 K01
3387 2925 3511 2996 μὴν,
3543 2926 3591 2977 εί
3636 2923 3732 2977 ἀν-

2159 3017 2374 3089 θρωπός
2418 3021 2531 3074 ἐστι
2573 3021 2747 3091 ψιλὸς,
2788 3019 2842 3072 τί
2869 3018 3111 3080 δέδοικας
3143 3015 3306 3070 αὑτοῦ
3334 3016 3394 3068 τὸ
3421 3009 3592 3086 αἶμα;
3630 3014 3732 3067 πό-

2159 3126 2284 3172 σους
2321 3110 2530 3174 ἀνεῖλες
2571 3111 2876 3182 προφήτας,
2908 3109 3104 3172 πόσους
3133 3107 3370 3176 ἔσφαξας
3397 3107 3650 3172 δικαίους,
3680 3101 3731 3160 ὦ

2169 3198 2409 3269 Ἰουδαῖε,
2437 3202 2531 3256 καὶ
2559 3201 2769 3264 οὐδενὸς
2798 3200 2976 3253 αὐτῶν
3003 3199 3062 3252 τὺ
3087 3195 3224 3269 αἷμα
3253 3197 3557 3269 ἐφοϐήθης;
3585 3199 3732 3260 τίνος

2157 3298 2346 3352 ἕνεκεν
2381 3289 2612 3346 ἐνταῦθα
2661 3289 2837 3360 φοϐῇ;
2872 3287 3201 3342 Κατέσεισεν
3240 3286 3420 3340 αὐτῶν
3456 3286 3622 3348 ὅντως
3664 3286 3729 3339 τὸ

2157 3385 2395 3446 συνειδὸς
2425 3385 2452 3437 6
2489 3378 2854 3450 σταυρωθεὶς,
2900 3378 2996 3431 x01
3039 3376 3139 3448 τὴν
3185 3376 3423 3444 ἀγωνίαν
3466 3376 3532 3446 ἡν
3581 3371 3730 3444 εἶχον

2157 3475 2359 3550 κρύψαι
2394 3473 2468 3546 μὴ
2513 3470 2827 3541 δυνάμενοι,
2873 3469 2968 3524 καὶ
3003 3467 3226 3530 ἄκοντες
3264 3466 3358 3521 17:1
3385 3465 3491 3520 τῶν
3521 3465 3730 3536 ἐχθρῶν

2156 3565 2473 3639 ὁμολογοῦσι
2494 3565 2590 3636 τὴν
2615 3562 2816 3618 οἰκείαν
2839 3559 3139 3614 ἀσθένειαν.
3165 3558 3274 3612 Καὶ
3296 3557 3384 3609 ὅτε
3416 3556 3514 3627 μὲν
3542 3554 3730 3609 ἑσταὺ.

2159 3678 2286 3732 ρουν
2313 3659 2472 3713 αὑτὸν
2497 3657 2664 3710 ἐϐόων
2688 3654 2953 3721 λέγοντες·
2985 3650 3055 3706 Τὸ
3089 3645 3230 3718 αἷμα
3254 3647 3440 3700 αὐτοῦ
3461 3646 3552 3714 ἐφ’
3573 3645 3732 3714 ἡμᾶς

2157 3751 2255 3807 καὶ
2290 3749 2388 3803 ἐπὶ
2422 3749 2494 3802 τὰ
2523 3747 2706 3800 τέκνα
2731 3742 2930 3812 ἡμῶν·
2963 3739 3104 3793 οὕτω
3131 3738 3491 3809 κατεφρόνουν
3523 3736 3616 3789 τοῦ
3647 3735 3731 3789 αῖ-

2161 3860 2326 3915 ματος
2353 3838 2537 3895 αὑτοῦ.
2558 3836 2711 3892 Μετά
2741 3835 2798 3888 δὲ
2821 3833 2914 3888 τὸν
2945 3831 3175 3902 σταυρὸν
3207 3829 3402 3891 [δόντες
3434 3825 3599 3881 αὑτοῦ
3629 3826 3728 3898 τήν

2159 3936 2386 4006 δύναμιν
2415 3932 2845 3998 διαλάμπουσαν,
2873 3923 3160 3994 φοϐοῦνται
3189 3921 3281 3974 καὶ
3307 3917 3603 3988 ἀγωνιῶσι,
3633 3921 3730 3971 καὶ

2159 4027 2406 4097 λέγουσι·
2453 4022 2757 4077 Βούλεσθε
2800 4016 2915 4092 [95]
2971 4013 3292 4086 ἐπαγαγεῖν
3332 4013 3424 4082 ἐφ’
3458 4009 3615 4080 ἡμᾶς
3660 4009 3727 4062 τὸ

2159 4114 2301 4188 αἷμα
2329 4115 2434 4171 τοῦ
2477 4112 2789 4180 ἀνθρώπου
2834 4109 3081 4171 τούτου;
3130 4105 3316 4159 Καίτοι
3347 4121 3412 4172 γε
3449 4104 3497 4155 εί
3531 4101 3728 4164 πλάνος

2159 4207 2226 4265 ἦν
2256 4209 2350 4262 καὶ
2395 4205 2666 4268 ἀντίθεος,
2710 4199 2890 4264 καθώς
2929 4215 3084 4268 φατε,
3124 4195 3364 4249 Ἰουδαῖοι
3399 4195 3723 4264 παράνομοι,

2157 4276 2303 4365 ⁴τίνος
2329 4299 2515 4352 ἐνεκεν
2546 4294 2708 4349 αὑτοῦ
2741 4293 3014 4347 δεδοίκατε
3039 4291 3100 4343 τὸ
3131 4282 3303 4357 αἴμας
3345 4284 3456 4338 K01
3495 4285 3602 4353 γὰρ
3633 4283 3728 4335 καὶ

2159 4387 2657 4463 ἐγκαλλωπίζεσθαι
2686 4386 2792 4440 ἔδει
2819 4384 2896 4454 τῷ
2921 4383 3085 4453 φόνῳ,
3116 4381 3164 4432 εἰ
3192 4377 3432 4439 τοιοῦτος
3458 4371 3548 4446 ἦν.
3585 4374 3724 4432 Ἀλλ’

2158 4483 2347 4553 ἐπειδὴ
2378 4480 2617 4543 τοιοῦτος
2638 4479 2739 4531 οὐκ
2765 4471 2854 4546 ῆν,
2881 4474 2969 4527 διὰ
2993 4471 3150 4526 τοῦτο
3177 4468 3494 4538 τρέμουσιν.

2230 4633 2297 4688 θ’.
2315 4631 2478 4703 Ὁρᾷς
2497 4626 2831 4697 πανταχόθεν
2859 4623 2952 4678 καὶ
2979 4623 3106 4686 τοὺς
3134 4620 3360 4692 ἐχθροὺς
3380 4614 3728 4703 ἀγωνιῶντας

2158 4716 2251 4769 καὶ
2275 4696 2608 4776 δεδοικότας
2639 4696 2776 4771 εἶδες
2805 4705 2982 4760 αὐτῶν
3006 4706 3106 4774 τὴν
3134 4705 3406 4770 ἀγωνίαν;
3445 4697 3600 4754 Μάθε
3634 4696 3728 4750 καὶ

2157 4797 2250 4850 106
2293 4793 2695 4865 σταυρωθέντος
2722 4790 2824 4869 τήν
2876 4784 3309 4869 φιλανθρωπίανΣ
3357 4783 3583 4869 Ἐκεῖνοι
3607 4778 3728 4869 ,μὲν

2159 4879 2268 4950 γάρ
2311 4860 2521 4946 ἔλεγον·
2565 4875 2634 4932 Τὸ
2671 4860 2814 4943 αἷμα
2844 4869 3029 4925 αὐτοῦ
3072 4869 3164 4936 ἐφ’
3190 4865 3367 4950 ἡμᾶς,
3396 4863 3493 4916 καὶ
3527 4861 3623 4950 ἐξέτι
3657 4860 3726 4912 τὰ

2389 4943 2591 5028 ήμῶν·
2639 4959 2668 5010 ὁ
2710 4957 2767 5009 δέ
2801 4953 3034 5025 Χριστὸς
3073 4952 3172 5004 ούκ
3217 4947 3472 5028 ἐποίησεν
3516 4943 3722 5028 οὕτως·

2157 5043 2291 5098 ἀλλά
2344 5024 2478 5112 πρὸς
2509 5041 2598 5092 τὸν
2641 5024 2863 5108 Πατέρα
2902 5031 3267 5088 καθικετεύων
3301 5027 3480 5112 λέγει·
3515 5024 3722 5112 Πατερ,

2155 5127 2305 5196 ἄφες
2339 5108 2574 5188 αὐτοῖς’
2607 5122 2679 5174 οὐ
2723 5118 2832 5189 γὰρ
2861 5115 3062 5172 οῖδασι
3096 5115 3152 5167 τί
3189 5109 3582 5196 ποιρῆσινηεί
3610 5108 3724 5196 ,γάρ

2157 5189 2374 5278 ἐγένετο
2410 5204 2472 5259 τὸ
2501 5199 2644 5274 αἷμα
2671 5200 2836 5255 αὑτοῦ
2877 5201 2962 5252 ἐπ’
2992 5197 3189 5259 αὐτοὺς
3217 5193 3309 5278 καὶ
3339 5192 3431 5278 ἐπὶ
3460 5191 3530 5243 τά
3565 5189 3728 5278 τέκνα

2157 5270 2354 5353 αύτῶν,
2381 5289 2482 5341 ούκ
2511 5270 2579 5340 ἂν
2608 5285 2716 5338 ἀπὸ
2747 5283 2854 5337 τῶν
2881 5281 3086 5334 τέκνων
3111 5277 3288 5332 αὐτῶν
3321 5274 3568 5342 ἐγένοντο
3598 5270 3728 5353 ἀπό-

2157 5351 2364 5428 στολοιν·
2413 5371 2513 5424 οὐκ
2548 5369 2613 5424 ἂν
2657 5366 2792 5439 ὁμοῦ
2836 5363 3119 5436 τρισχίλιοι
3147 5359 3490 5439 ἐπίστευσαν,
3533 5355 3630 5439 ούκ
3662 5351 3726 5439 ἂν

2155 5453 2594 5524 πεντακισχίλιοι.
2652 5431 2811 5520 ’ὁρᾷς
3033 5445 3230 5497 ἐκεῖνοι
3289 5441 3393 5524 μέν
3437 5437 3581 5524 ῶμοὶ
3623 5431 3726 5524 ’καὶ

2154 5540 2382 5610 ἀπηνεῖς
2418 5518 2553 5606 περὶ
2589 5532 2659 5586 τὰ
2689 5518 2884 5598 ἔκγονα
2923 5526 3119 5610 αὐτῶν
3139 5526 3287 5610 ὄντες
3317 5523 3408 5610 καὶ
3436 5521 3534 5593 τὴν
3569 5518 3726 5610 φύσιν

2169 5601 2338 5691 αὐτὴν
2365 5601 2658 5689 ἠγνόησαν,
2685 5615 2713 5666 ὁ
2739 5611 2797 5665 δέ
2821 5611 2953 5673 Θεὸς
2986 5609 3236 5680 πατέρων
3267 5601 3726 5691 ἁπάντων-φιλαν-

2161 5687 2527 5778 θρωπότερος,
2548 5699 2640 5753 x01
2672 5695 2924 5768 μητέρων
2963 5691 3435 5764 φιλοστοργότερος
3475 5687 3726 5756 γέγονινς
