4060 6252
355 351 452 410 109

347 477 495 538 ptum
525 464 650 521 illud
678 478 887 534 quoque
932 461 1101 530 majus
1152 460 1358 516 videbis
1413 468 1533 529 post
1580 455 1929 512 resurrectio-

346 571 467 611 nem
497 554 779 611 aﬂ'ulsisse.
812 552 1087 623 Siquidem
1113 552 1167 605 in
1195 549 1446 607 confesso
1470 560 1554 604 est
1579 548 1718 617 apud
1740 560 1929 602 omnes

344 662 491 712 eum,
521 645 613 716 qui
648 659 770 714 erga
814 645 1081 698 viventem
1112 642 1382 697 hominem
1410 640 1671 697 benevole
1697 640 1767 696 sit
1800 637 1931 693 alle-

345 748 483 801 ctus,
509 737 623 806 ipso
645 745 858 789 mortuo
882 734 1108 789 fortasse
1125 748 1194 788 ne
1209 732 1426 803 quidem
1449 731 1565 802 ejus
1585 730 1926 785 meminisse:

346 828 433 899 qui
466 842 590 881 vero
619 826 756 880 male
801 825 1022 880 alfectus
1050 825 1119 879 sit
1146 838 1272 893 erga
1318 823 1463 877 illum
1490 862 1504 887 ,
1536 820 1661 877 dum
1701 821 1925 887 viveret,

344 926 397 970 et
421 915 768 984 superstitem
794 914 1112 977 deseruerit,
1146 913 1315 967 multo
1342 911 1509 981 magis
1557 911 1927 965 immemorem

343 1005 578 1061 defuncti
610 1004 867 1060 futurum.
911 1005 1029 1071 Quo
1074 1003 1149 1070 ﬁt,
1179 1011 1236 1058 ut
1257 1018 1413 1058 nemo
1438 1002 1526 1072 qui
1554 1002 1785 1056 amicum
1815 1015 1929 1055 ma-

342 1098 635 1168 gistrumve
660 1098 994 1167 superstitem
1040 1095 1311 1166 reliquerit
1348 1110 1411 1150 ac
1454 1093 1771 1161 deseruerit,
1820 1095 1928 1149 vita

346 1188 588 1246 functum
638 1190 850 1259 plurimi
889 1188 1060 1253 faciat,
1091 1203 1155 1244 ac
1180 1197 1290 1243 tum
1321 1187 1620 1257 praecipue,
1652 1201 1774 1242 cum
1802 1201 1928 1255 pro-

345 1290 465 1352 pter
489 1280 780 1337 exhibitam
808 1280 860 1334 in
902 1295 1026 1335 eum
1049 1279 1476 1335 benevolentiam
1506 1278 1653 1333 mille
1692 1278 1927 1347 pericula

343 1370 447 1426 sibi
474 1369 665 1425 viderit
710 1370 1006 1425 imminere.
1038 1369 1179 1425 Ecce
1232 1378 1411 1423 tamen
1460 1368 1588 1423 illud
1612 1368 1756 1437 quod
1798 1367 1927 1423 nulli

343 1459 555 1526 accidit,
589 1460 643 1514 in
689 1459 901 1515 Christo
925 1467 982 1515 et
1005 1458 1283 1529 discipulis
1309 1457 1510 1522 evenit,
1542 1466 1598 1514 et
1622 1458 1714 1527 qui
1741 1457 1926 1514 viven—

344 1558 452 1605 tem
479 1549 628 1604 illum
656 1557 984 1619 negaverant
1008 1563 1072 1603 ac
1098 1548 1466 1613 deseruerant,
1490 1554 1544 1602 et
1571 1547 1928 1618 compreheno

344 1656 462 1696 sum
488 1641 813 1711 reliquerant
837 1681 853 1707 ,
881 1649 937 1695 et
979 1637 1311 1710 aufugerant,
1361 1647 1480 1709 post
1515 1640 1793 1695 innumera
1836 1639 1926 1694 illa

344 1733 653 1803 opprobria,
681 1741 738 1788 et
764 1746 1000 1796 crucem,
1032 1731 1163 1787 tanti
1188 1747 1310 1787 eum
1341 1730 1601 1797 fecerunt,
1633 1740 1694 1786 ut
1719 1746 1815 1801 pro
1841 1730 1925 1800 ip-

349 1828 461 1881 sius
476 1826 810 1881 confessione
830 1841 892 1881 ac
909 1826 1012 1884 fide
1038 1827 1243 1881 animas
1257 1828 1414 1881 etiam
1433 1840 1557 1882 suas
1577 1834 1924 1896 exponerent.

348 1917 634 1972 Enimvero
673 1918 717 1972 si
745 1925 988 1972 mortuus
1036 1916 1225 1972 fuisset
1253 1915 1519 1983 Christus,
1545 1933 1719 1987 neque
1747 1932 1927 1972 resur-

349 2007 597 2074 rexisset,
650 2008 739 2078 qui
776 2007 892 2064 ﬁeri
934 2008 1211 2079 potuisset,
1244 2018 1299 2063 ut
1325 2009 1436 2079 qui,
1483 2008 1609 2064 dum
1660 2019 1930 2078 superstes

348 2105 515 2164 esset,
542 2097 612 2151 ob
641 2098 934 2168 perieulum
976 2100 1261 2155 imminens
1287 2100 1549 2171 fugerant,
1571 2114 1637 2156 eo
1674 2100 1785 2170 jam
1824 2100 1927 2154 vita

346 2185 552 2251 functo,
582 2199 802 2258 propter
842 2190 990 2245 illum
1036 2190 1185 2246 mille
1227 2191 1471 2260 periculis
1500 2192 1704 2261 seipsos
1732 2191 1930 2261 objice-

344 2281 600 2335 rent?Ac
624 2284 799 2336 exteri
826 2282 1038 2351 quidem
1064 2298 1254 2338 omnes
1279 2283 1557 2354 fugerunt,
1589 2285 1777 2340 Petrus
1802 2298 1930 2340 vero

344 2371 505 2426 etiam
532 2387 653 2426 cum
675 2373 977 2441 juramento
1009 2383 1090 2429 ter
1114 2375 1264 2430 illum
1297 2377 1528 2445 negavit,
1554 2387 1608 2432 et
1633 2378 1722 2446 qui
1745 2386 1824 2430 ter
1860 2376 1927 2430 ilo

346 2462 456 2517 lum
482 2479 601 2519 eum
622 2464 926 2534 juramento
953 2476 1265 2537 negaverat,
1293 2478 1348 2523 et
1378 2469 1495 2523 vilis
1516 2469 1783 2523 ancillulas
1813 2470 1927 2523 fue-

346 2562 430 2608 rat
456 2555 645 2609 timore
669 2555 967 2626 pereulsus,
991 2566 1335 2628 posteaquam
1352 2558 1578 2624 obierat,
1600 2558 1755 2612 nobis
1770 2558 1929 2613 rebus

347 2644 477 2716 ipsis
505 2646 689 2701 volens
715 2646 869 2702 ﬁdem
897 2647 1076 2704 facere
1124 2663 1184 2704 se
1225 2649 1536 2703 suscitatam
1563 2648 1710 2704 illum
1730 2663 1760 2703 a
1787 2661 1929 2703 mor-

350 2739 455 2793 tuis
476 2739 692 2806 vidisse,
721 2740 798 2794 sic
822 2748 1043 2813 repente
1080 2749 1312 2796 mutatus
1327 2750 1430 2809 est,
1460 2751 1515 2796 ut
1542 2742 1806 2811 integrum
1833 2756 1927 2811 poc-

352 2831 531 2900 pulum
560 2841 967 2899 aspernaretur,
1006 2841 1062 2888 et
1090 2832 1143 2888 in
1187 2832 1421 2888 medium
1444 2832 1749 2887 Judamrum
1779 2833 1929 2887 thea-

351 2928 492 2974 trum
514 2919 799 2989 prosiliret,
822 2920 1132 2992 diceretque
1151 2922 1298 2978 illum
1322 2922 1413 2992 qui
1458 2922 1745 2978 cruciﬁxus
1766 2922 1934 2976 fuerat

350 3024 415 3063 ac
436 3010 695 3079 sepultus,
726 3026 757 3065 a
788 3012 1012 3068 mortuis
1062 3011 1149 3068 die
1176 3012 1348 3079 tertia,
1374 3013 1669 3069 surrexisse
1693 3020 1852 3083 atque
1880 3012 1934 3067 in

351 3101 514 3155 ctelos
537 3102 863 3169 ascendisse,
891 3119 1064 3174 neque
1111 3120 1171 3160 se
1210 3106 1332 3160 mali
1379 3105 1664 3175 quidquam
1694 3106 1936 3160 reformi-

352 3190 500 3245 dare.
532 3191 682 3247 Unde
714 3193 872 3263 igitur
896 3195 1093 3249 faetum
1134 3203 1273 3263 erat,
1299 3204 1359 3253 ut
1382 3196 1516 3251 adeo
1544 3196 1821 3252 conﬁdens
1848 3210 1935 3252 es-

354 3282 475 3336 set?
515 3282 630 3338 Non
655 3285 869 3340 aliunde
895 3301 1049 3353 sane,
1073 3302 1231 3357 quam
1252 3302 1316 3341 ex
1350 3301 1415 3343 eo
1440 3287 1578 3357 quod
1602 3287 1669 3343 de
1692 3302 1935 3343 resurre-

354 3374 534 3428 ctione
559 3375 755 3429 certior
782 3374 954 3431 factus
978 3386 1139 3432 esset.
1175 3378 1307 3433 Cum
1333 3378 1475 3433 enim
1512 3378 1660 3434 illum
1689 3378 1930 3445 vidisset,

352 3471 517 3532 atque
539 3465 842 3533 alloquutus
889 3476 1049 3532 esset,
1079 3467 1250 3538 deque
1276 3468 1440 3524 rebus
1465 3467 1655 3524 futuris
1675 3469 1836 3525 verba
1866 3468 1937 3522 fa-

354 3554 583 3608 cientem
612 3556 886 3623 audiisset,
916 3556 1016 3612 hac
1043 3558 1109 3612 de
1135 3574 1296 3613 causa
1339 3567 1606 3629 tamquam
1635 3560 1685 3613 in
1713 3560 1933 3629 gratiam

356 3643 585 3699 hominis
605 3645 713 3715 jam
742 3647 965 3701 viventis
996 3643 1286 3716 periculum
1312 3648 1483 3707 adire:
1507 3690 1522 3716 ,
1564 3650 1637 3705 ita
1693 3665 1753 3706 se
1783 3650 1937 3704 malis

354 3736 603 3789 omnibus
630 3735 934 3805 objiciebat,
972 3745 1158 3806 utpote
1185 3740 1276 3808 qui
1315 3740 1501 3809 majori
1530 3740 1722 3795 virtute
1749 3755 1936 3794 corro-

356 3825 579 3879 boratus
607 3835 749 3880 esset
776 3826 1202 3897 confidentiaque
1230 3828 1444 3898 majori,
1501 3830 1580 3885 sic
1612 3839 1670 3885 ut
1696 3845 1794 3901 pro
1822 3831 1937 3900 ipso

354 3925 587 3969 mortem
637 3926 932 3984 oppeteret,
986 3926 1040 3971 et
1064 3918 1207 3972 cruci
1252 3920 1425 3987 capite
1454 3921 1505 3974 in
1561 3930 1757 3976 terram
1785 3935 1940 3977 verso

354 4004 680 4073 afﬁgeretur.
708 4005 841 4059 Cum
870 4022 1000 4076 ergo
1030 4008 1228 4077 majora
1277 4009 1392 4064 ﬁeri
1445 4011 1593 4080 signa
1638 4012 1853 4074 videris,
1884 4022 1939 4068 et

354 4096 650 4165 discipulos
676 4098 863 4166 majori
889 4115 1012 4153 eum
1040 4100 1416 4155 benevolentia
1464 4117 1583 4157 esse
1606 4104 1935 4173 complexos,

356 4190 447 4259 qui
478 4190 625 4260 prius
654 4206 775 4246 eum
802 4197 1168 4258 deseruerant,
1197 4204 1248 4248 et
1272 4194 1528 4263 majorem
1559 4194 1805 4251 ﬁduciam
1828 4212 1939 4267 pra:

359 4295 419 4335 se
444 4280 600 4343 ferre,
625 4281 769 4335 omni
796 4297 859 4337 ex
880 4289 1028 4351 parte
1045 4283 1385 4339 illustriorem
1406 4301 1580 4340 rerum
1603 4285 1797 4341 factam
1821 4302 1940 4342 esse

360 4371 726 4437 mutationem,
759 4373 1039 4441 omniaque
1068 4374 1246 4427 tutiori
1289 4390 1353 4429 ac
1394 4374 1693 4444 jucundiori
1739 4390 1859 4432 esse
1889 4376 1940 4430 in

358 4471 500 4516 statu
553 4462 841 4527 collocata,
896 4472 1005 4517 tum
1052 4463 1167 4533 ipso
1222 4479 1398 4519 rerum
1446 4465 1812 4535 experimento
1852 4478 1943 4520 co-

360 4568 578 4624 gnosce,
611 4569 696 4609 res
722 4554 919 4609 Christi
947 4570 1051 4610 non
1080 4570 1200 4610 esse
1248 4556 1436 4610 mortis
1479 4556 1670 4611 ﬁnibus
1715 4555 1944 4611 circum-

362 4645 561 4710 clusas,
591 4645 683 4700 sed
704 4646 1150 4701 resurrectionem
1175 4646 1251 4700 illi
1282 4646 1621 4712 successisse,
1651 4662 1715 4702 ac
1739 4648 1941 4715 vivere,

363 4736 809 4804 superstitemque
860 4747 1120 4806 perpetuo
1154 4736 1460 4791 cruciﬁxum
1510 4753 1726 4793 manere
1777 4738 1941 4792 Deum

362 4824 746 4882 immutabilem
773 4837 824 4882 et
850 4828 1227 4883 immortalem.
1284 4827 1467 4898 Neque
1492 4829 1634 4883 enim
1677 4828 1942 4898 discipuli,

363 4916 467 4972 nisi
500 4918 877 4972 resurrexisset
928 4933 990 4972 ac
1049 4918 1276 4984 viveret,
1327 4918 1527 4986 majora
1576 4929 1756 4988 postea
1786 4921 1947 4973 mira-

364 5009 481 5062 cula
525 5017 845 5078 patrassent,
898 5024 1054 5077 quam
1110 5024 1229 5077 qua:
1281 5023 1493 5062 crucem
1542 5018 1940 5078 praecesserant.

364 5097 496 5153 Nam
528 5107 639 5152 tum
671 5100 920 5168 temporis
948 5100 1108 5153 etiam
1135 5099 1381 5169 discipuli
1426 5100 1756 5171 reliquerunt
1781 5116 1901 5157 eum
1928 5118 1940 5152 :

363 5188 469 5257 jam
499 5203 629 5243 vero
659 5197 798 5242 totus
826 5189 892 5243 ad
920 5190 1066 5243 illum
1094 5191 1239 5245 orbis
1266 5199 1527 5247 terrarum
1554 5194 1821 5260 accurrit,
1854 5208 1948 5248 ne-

365 5293 469 5347 que
498 5278 687 5333 Petrus
716 5280 885 5335 solum
913 5320 928 5345 ,
958 5280 1048 5335 sed
1078 5289 1132 5337 et
1161 5281 1306 5336 mille
1332 5283 1418 5336 alii
1444 5324 1458 5348 ,
1488 5298 1550 5338 ac
1580 5284 1747 5337 multo
1768 5284 1948 5353 plures

367 5378 488 5437 post
517 5369 772 5437 Petrum,
812 5387 877 5427 ex
921 5373 1026 5427 illis
1071 5373 1159 5443 qui
1208 5373 1355 5427 illum
1401 5377 1621 5434 minime
1665 5376 1944 5441 viderunt,

366 5460 573 5515 animas
625 5477 721 5530 pro
762 5463 855 5517 illo
896 5479 1019 5518 suas
1065 5475 1460 5534 exposuerunt,
1508 5469 1681 5537 capite
1721 5471 1947 5524 truncati

367 5558 493 5605 sunt
514 5592 531 5617 ,
564 5562 615 5605 et
643 5552 920 5608 innumera
947 5562 1070 5607 sunt
1098 5554 1236 5609 mala
1268 5556 1503 5625 perpessi
1530 5598 1545 5622 ,
1588 5565 1643 5611 ut
1669 5559 1869 5627 integra
1895 5568 1951 5613 et

368 5640 534 5696 illaesa
553 5644 716 5711 ipsius
732 5644 1064 5701 confessione
1087 5657 1303 5716 possent
1317 5663 1383 5702 ex
1408 5647 1508 5702 hac
1529 5649 1632 5702 vita
1654 5648 1946 5705 discedere.

370 5732 650 5800 Quomodo
677 5750 806 5804 ergo
835 5737 879 5790 is
903 5737 991 5806 qui
1019 5746 1255 5794 mortuus
1298 5748 1412 5794 erat
1449 5749 1502 5796 et
1540 5740 1785 5811 sepulcro
1822 5756 1947 5797 con—

1020 348 1154 404 CUR
1193 346 1258 402 IN
1298 344 1586 402 PENTEC.
1627 342 1832 407 ACTA,
1874 338 2027 425 ETC.
2072 342 2134 396 IN
2165 344 2453 403 PRINCIP.
2496 349 2841 408 ACTORUM.
2887 352 2974 408 ιν.

2040 456 2219 513 elusus
2242 501 2257 520 ,
2289 470 2347 514 ut
2373 470 2427 516 tu
2455 462 2625 530 dicis,
2665 480 2696 522 ο
2734 465 2919 521 Judaee
2943 509 2957 533 ,
3009 469 3060 523 in
3103 472 3347 529 omnibus
3398 477 3487 546 qui
3536 496 3627 533 se-

2038 548 2188 615 quuti
2217 560 2343 605 sunt
2368 552 2486 607 illos
2509 562 2705 609 tantam
2733 557 2836 611 vim
2864 559 3105 615 exhibuit
3133 571 3435 636 tantamque
3461 568 3625 623 virtu-

2038 646 2143 691 tem
2170 678 2185 702 ,
2216 648 2273 694 ut
2301 641 2381 696 eis
2408 645 2752 711 persuaderet
2777 688 2792 712 ,
2833 649 3004 703 solum
3029 651 3181 706 illum
3207 663 3264 707 ut
3291 654 3574 713 adorarent
3613 702 3629 726 ,

2035 728 2318 798 omniaque
2341 732 2609 787 sustinere
2646 749 2709 789 ac
2734 738 2937 805 perpeti
2970 739 3227 807 mallent,
3274 758 3429 812 quam
3470 762 3619 801 suam

2037 816 2089 870 in
2133 816 2279 872 illum
2317 819 2474 875 ﬁdem
2509 823 2798 879 amittere?
2836 826 2993 881 Vides
3034 828 3083 882 in
3124 833 3369 889 omnibus
3422 846 3625 892 certam

2035 910 2439 965 resurrectionis
2468 914 2958 980 eomprobationem
2989 919 3203 976 elucere
3226 963 3241 988 ,
3274 938 3396 978 cum
3439 940 3503 980 ex
3547 929 3623 981 si-

2032 999 2151 1067 gnis
2176 1014 2295 1069 qua:
2322 1009 2430 1055 tum
2461 1001 2599 1057 facta
2620 1014 2781 1069 sunt,
2805 1020 3029 1078 quicque
3058 1025 3203 1067 nunc
3224 1011 3391 1079 ﬁunt,
3423 1022 3533 1068 tum
3557 1031 3622 1071 ex

2037 1089 2416 1160 discipulorum
2446 1093 2814 1151 benevolentia
2839 1139 2855 1164 ,
2882 1101 2970 1169 qui
2999 1108 3108 1156 tum
3137 1102 3388 1159 vivebant
3412 1147 3427 1171 ,
3456 1116 3509 1162 et
3535 1107 3624 1175 qui

2036 1196 2178 1237 nunc
2208 1182 2392 1237 vivunt
2413 1225 2427 1249 ,
2454 1193 2565 1239 tum
2587 1200 2652 1240 ex
2680 1188 2931 1255 periculis
2956 1190 3006 1245 in
3031 1192 3224 1262 quibus
3250 1209 3465 1266 semper
3496 1195 3625 1250 ﬁde-

2034 1270 2117 1328 les
2170 1274 2565 1329 versabantur?
2614 1276 2779 1333 Visne
2832 1280 3122 1336 etiammun
3171 1284 3353 1339 hostes
3405 1300 3625 1341 cernere

2033 1363 2325 1431 potentiam
2356 1379 2419 1421 ac
2446 1366 2698 1421 virtutem
2736 1368 2855 1439 ejus
2893 1371 3272 1439 pertimescere
3294 1416 3309 1442 ,
3355 1390 3418 1430 ac
3458 1375 3625 1430 multo

2032 1453 2265 1522 amplius
2289 1464 2408 1524 post
2434 1470 2648 1511 crucem
2676 1469 2905 1516 aestuare
2924 1462 2949 1514 ?
2974 1461 3113 1517 Audi
3137 1479 3265 1519 sane
3294 1466 3583 1535 prudenter
3604 1509 3622 1532 ,

2032 1542 2157 1611 quid
2183 1543 2250 1600 de
2271 1544 2355 1601 bis
2392 1546 2646 1617 scriptum
2681 1548 2771 1603 sit.
2815 1550 2941 1604 Cum
2974 1554 3109 1606 enim
3150 1554 3373 1609 uiderent
3395 1599 3409 1621 ,
3455 1557 3625 1627 inquit

2031 1634 2302 1704 Scriptura
2326 1675 2342 1703 ,
2399 1636 2574 1692 Judaei
2620 1638 2764 1693 Petri
2806 1641 2860 1695 in
2914 1642 3163 1713 loquendo
3215 1645 3520 1713 libertatem,
3577 1656 3624 1700 et

2030 1727 2247 1784 Joannis
2264 1770 2280 1796 ,
2305 1739 2454 1799 atque
2478 1733 2929 1789 animadverterent
2955 1736 3179 1792 homines
3207 1736 3325 1793 illos
3356 1738 3617 1794 literarum

2034 1820 2182 1875 rudes
2210 1831 2256 1875 et
2281 1824 2540 1890 imperitos
2565 1840 2703 1891 esse,
2749 1827 3064 1882 mirabantur
3107 1828 3127 1900 (
3152 1829 3262 1883 Act.
3285 1832 3340 1885 4.
3367 1832 3434 1886 i5
3470 1832 3520 1901 ),
3569 1841 3625 1886 et

2035 1912 2345 1968 metuebant
2369 1928 2475 1969 non
2500 1916 2641 1985 quod
2671 1917 2853 1973 literas
2878 1919 3183 1987 nescirent,
3212 1920 3306 1976 sed
3333 1922 3474 1993 quod
3498 1937 3621 1977 cum

2036 2002 2271 2060 illiterati
2310 2014 2491 2061 essent
2528 2021 2718 2063 omnes
2756 2010 3022 2078 sapientes
3064 2011 3375 2079 vincerent,
3404 2012 3625 2082 Cumque

2037 2094 2290 2150 hominem
2326 2107 2622 2163 cernerent,
2667 2101 2753 2169 qui
2790 2110 2998 2156 sanatus
3037 2112 3179 2167 erat,
3220 2103 3349 2157 nihil
3393 2114 3621 2175 poterant

2037 2188 2380 2243 contradicere
2408 2188 2427 2259 (
2452 2187 2588 2242 Ibid.
2619 2206 2663 2244 υ.
2697 2193 2763 2246 14
2786 2193 2833 2260 ),
2865 2195 3077 2248 tametsi
3106 2203 3260 2250 antea
3288 2195 3623 2251 contradice-

2037 2278 2164 2333 bant
2191 2294 2312 2333 cum
2340 2280 2489 2349 signa
2519 2280 2635 2337 ﬁeri
2658 2282 2918 2339 viderent.
2948 2284 3054 2340 Cur
3083 2286 3242 2356 igitur
3268 2295 3379 2341 tum
3407 2287 3625 2341 minime

2037 2370 2517 2427 contradicebant?
2566 2372 2863 2431 Cohibebat
2915 2376 3124 2430 illorum
3178 2377 3408 2447 linguam
3453 2378 3624 2431 virtus

2036 2462 2314 2518 invisibilis
2356 2466 2639 2520 cruciﬁxi:
2690 2467 2780 2522 ille
2824 2483 2888 2523 os
2930 2482 3117 2524 eorum
3168 2469 3489 2536 obturabat,
3532 2468 3622 2523 ille

2036 2552 2337 2608 libertatem
2366 2556 2421 2608 in
2452 2555 2679 2611 dicendo
2712 2559 3087 2627 compeseebat
3132 2576 3146 2612 :
3189 2568 3469 2629 propterea
3508 2569 3621 2613 sta-

2035 2642 2203 2711 bant,
2228 2659 2401 2715 neque
2422 2654 2671 2716 poterant
2688 2646 3077 2704 contradicere.
3100 2649 3231 2704 Cum
3257 2656 3434 2705 autem
3461 2650 3621 2706 verba

2035 2734 2195 2789 etiam
2223 2736 2595 2805 protulerunt,
2624 2737 2746 2793 vide
2768 2754 2876 2809 quo
2908 2747 3065 2808 pacto
3106 2747 3304 2795 metam
3346 2755 3501 2794 suum
3541 2740 3622 2794 fa-

2039 2836 2271 2884 teantur.
2309 2827 2471 2884 Vultis
2495 2871 2510 2896 ,
2542 2829 2788 2900 inquiunt
2813 2871 2828 2893 ,
2858 2831 3096 2886 inducere
3121 2847 3273 2901 super
3296 2847 3387 2886 nos
3412 2848 3623 2902 sangui-

2036 2935 2151 2973 neut
2197 2919 2411 2974 hominis
2457 2921 2603 2974 istius
2642 2918 2769 2992 (Ib.
2797 2922 2853 2976 5.
2880 2922 2949 2977 28
2976 2922 3029 2992 )?
3073 2923 3142 2975 At
3183 2921 3326 2976 enim
3365 2921 3410 2975 si
3450 2921 3623 2974 nudus

2039 3010 2201 3066 homo
2238 3021 2358 3079 est,
2401 3028 2496 3067 cur
2537 3012 2654 3083 ejus
2700 3015 3011 3084 sanguinem
3054 3014 3426 3085 pertimeseis?
3463 3027 3621 3083 quam

2039 3104 2234 3159 multos
2262 3101 2549 3173 prophetas
2573 3103 2815 3159 occidisti
2840 3147 2855 3171 ,
2885 3120 3043 3176 quam
3064 3105 3447 3176 multosjustos
3467 3105 3624 3175 jugu-

2040 3195 2160 3250 lasti
2186 3234 2201 3259 ,
2227 3195 2412 3251 Judzee
2434 3236 2450 3261 ,
2483 3210 2581 3251 nec
2610 3196 2768 3252 ullius
2796 3197 3007 3253 illorum
3037 3199 3344 3269 sanguinem
3374 3194 3624 3251 reformi-

2039 3287 2177 3344 dasti
2198 3290 2221 3341 ?
2245 3304 2342 3343 cur
2366 3289 2526 3359 igitur
2554 3288 2640 3345 hic
2667 3288 3026 3347 reformidas?
3062 3290 3202 3347 Vere
3239 3291 3619 3347 conscientiam

2040 3382 2275 3436 terrebat
2327 3382 2536 3436 illorum
2589 3384 2873 3439 crucifixus
2900 3426 2916 3451 ,
2974 3398 3232 3455 suamque
3286 3381 3620 3437 formidinem

2039 3474 2454 3529 eumoeeultare
2497 3488 2602 3528 non
2644 3483 2901 3544 possent,
2944 3476 3030 3530 vel
3071 3477 3231 3530 etiam
3280 3476 3428 3531 inviti
3471 3488 3621 3531 suam

2040 3576 2219 3616 coram
2249 3563 2476 3617 inimicis
2503 3563 2916 3619 imbecillitatem
2948 3563 3198 3619 fatentur.
3225 3565 3303 3618 Ac
3325 3564 3451 3618 dum
3474 3564 3621 3617 illum

2041 3651 2254 3721 quidem
2284 3652 2659 3722 cruciﬁgerent
2682 3694 2698 3719 ,
2738 3653 3041 3709 clamabant
3078 3653 3316 3709 dicentes
3339 3693 3354 3719 ,
3401 3652 3626 3723 Sanguis

2040 3746 2152 3810 eius
2176 3760 2328 3812 super
2351 3760 2443 3798 nos
2466 3784 2480 3808 ,
2512 3754 2558 3797 et
2584 3761 2735 3814 super
2754 3746 2889 3814 ﬁlios
2908 3755 3101 3799 nostros
3127 3744 3347 3817 (Matth.
3374 3744 3464 3800 27.
3493 3744 3561 3801 25
3582 3744 3623 3815 );

2043 3832 2178 3887 adeo
2203 3835 2511 3902 sanguinem
2537 3834 2651 3903 ejus
2680 3835 3022 3904 spernebant.
3056 3836 3181 3890 Post
3204 3836 3500 3905 passionem
3528 3852 3627 3890 au-

2049 3932 2154 3977 tem
2185 3938 2305 3978 cum
2336 3922 2677 3993 eﬂ‘ulgentem
2706 3924 2845 3979 illius
2876 3925 3123 3980 virtutem
3156 3925 3428 3979 intuentur
3455 3966 3469 3989 ,
3498 3941 3627 3997 per-

2050 4014 2334 4067 timescunt
2377 4022 2432 4068 et
2469 4022 2733 4080 mstuant,
2781 4014 3069 4084 dicuntque
3110 4032 3123 4069 :
3180 4013 3345 4068 Vultis
3393 4016 3629 4070 inducere

2046 4103 2341 4173 sanguinem
2372 4102 2586 4157 hominis
2609 4104 2750 4158 istius
2774 4120 2927 4175 super
2955 4121 3045 4159 nos
3067 4104 3093 4158 ?
3131 4104 3198 4159 At
3232 4105 3374 4160 enim
3402 4105 3444 4160 si
3474 4104 3633 4159 scdu-

2048 4200 2166 4246 etor
2191 4198 2308 4246 crat
2331 4232 2345 4258 ,
2372 4199 2427 4246 et
2449 4192 2785 4248 adversarius
2812 4193 2906 4249 Dei
2931 4236 2945 4259 ,
2980 4202 3134 4263 prout
3165 4195 3338 4250 dicitis
3359 4235 3376 4263 ,
3418 4196 3634 4252 scelesti

2046 4283 2217 4339 Judaei
2243 4324 2257 4349 ,
2285 4299 2442 4353 quam
2467 4285 2536 4339 oh
2573 4298 2787 4340 causam
2830 4287 3141 4357 sanguinem
3187 4288 3352 4358 ipsius
3392 4288 3632 4343 timetis?

2050 4375 2261 4430 Etenim
2291 4375 2337 4429 si
2364 4375 2484 4429 talis
2512 4386 2624 4429 erat
2648 4415 2663 4441 ,
2688 4377 2827 4430 illius
2853 4378 3010 4431 etiam
3038 4375 3209 4431 fuerat
3230 4377 3375 4433 caede
3397 4378 3630 4448 glorian-

2047 4466 2195 4520 dum.
2227 4462 2334 4519 Sed
2366 4464 2615 4534 quoniam
2646 4465 2765 4519 talis
2794 4481 2899 4519 non
2925 4476 3077 4529 erat,
3115 4466 3311 4521 idcirco
3339 4476 3593 4522 tremunt.

2120 4555 2174 4611 9.
2220 4555 2382 4611 Vides
2405 4555 2637 4625 undique
2664 4564 2719 4609 et
2761 4555 3003 4610 inimicos
3033 4565 3260 4611 aestuare
3299 4572 3363 4612 ac
3398 4559 3633 4613 timere?

2051 4646 2199 4701 vides
2228 4646 2435 4701 illorum
2463 4645 2829 4700 anxietatem?
2868 4645 3119 4700 Cruciﬁxi
3146 4660 3356 4716 quoque
3384 4646 3631 4716 benigni-

2054 4748 2214 4794 tatem
2243 4751 2524 4807 cognosce.
2556 4734 2827 4806 Siquidem
2854 4735 2927 4789 illi
2948 4734 3158 4804 quidem
3180 4734 3427 4791 dicebant
3451 4754 3464 4789 :
3495 4736 3634 4791 San-

2053 4832 2163 4900 guis
2190 4830 2297 4899 ejus
2318 4844 2470 4898 super
2492 4842 2582 4879 nos
2606 4866 2619 4889 ,
2647 4834 2693 4879 et
2723 4840 2873 4893 super
2900 4825 3033 4892 ﬁlios
3063 4834 3256 4879 nostros
3283 4826 3302 4895 (
3327 4825 3514 4879 Matth.
3539 4825 3630 4879 27.

2053 4922 2122 4976 9.5
2150 4919 2205 4990 )z
2238 4919 2477 4974 Christus
2521 4926 2696 4970 autem
2745 4929 2851 4969 nou
2891 4914 2962 4968 ita
2999 4914 3160 4980 fecit;
3203 4929 3388 4969 verum
3432 4912 3636 4985 suppli-

2056 5026 2185 5066 cans
2214 5007 2359 5065 Patri
2389 5009 2497 5073 ait,
2532 5004 2689 5059 Pater
2714 5047 2730 5071 ,
2758 5005 2951 5059 dimitte
2973 5004 3074 5059 illis
3098 5021 3115 5059 :
3144 5021 3245 5061 non
3273 5007 3405 5059 enim
3432 5005 3634 5073 sciunt,

2052 5101 2172 5170 quid
2203 5098 2394 5172 faciunt
2424 5095 2441 5165 (
2470 5094 2594 5148 Luc.
2622 5095 2711 5148 23.
2743 5097 2812 5149 54
2836 5093 2879 5167 ).
2910 5094 2966 5149 Si
2995 5095 3135 5149 enim
3161 5109 3322 5165 super
3353 5095 3472 5151 illos
3506 5110 3633 5150 san-

2054 5191 2171 5261 guis
2198 5190 2420 5253 fuisset,
2456 5195 2509 5242 et
2537 5200 2697 5255 super
2738 5186 2874 5241 ﬁlios
2914 5186 3121 5240 illorum
3147 5227 3163 5253 ,
3203 5202 3534 5257 nequaquam
3567 5202 3634 5242 ex

2058 5281 2269 5336 illorum
2298 5278 2419 5333 filiis
2446 5278 2637 5333 delecti
2664 5287 2844 5334 essent
2870 5278 3095 5348 apostoli
3138 5296 3152 5331 :
3194 5294 3524 5349 nequaquam
3556 5287 3638 5334 ter

2059 5374 2207 5428 mille
2235 5372 2391 5427 simul
2418 5371 2767 5427 credidissent
2791 5414 2805 5438 ,
2834 5386 3004 5442 neque
3030 5371 3311 5441 quinquies
3339 5370 3505 5425 mille.
3548 5369 3638 5424 Vi-

2058 5466 2153 5521 des
2178 5473 2235 5520 ut
2256 5465 2330 5519 illi
2359 5464 2571 5535 quidem
2599 5464 2845 5519 crudeles
2874 5479 2936 5518 ac
2964 5464 3091 5518 saevi
3120 5478 3241 5517 cum
3272 5464 3323 5517 in
3353 5476 3478 5516 suos
3501 5461 3637 5516 libe-

2060 5571 2148 5611 ros
2177 5564 2355 5611 essent
2383 5595 2399 5621 ,
2425 5556 2595 5625 ipsam
2626 5554 2786 5609 etiam
2836 5563 3074 5607 naturam
3115 5553 3425 5623 abnegarint
3447 5594 3463 5619 ,
3496 5553 3636 5607 Deus

2060 5658 2236 5704 autem
2268 5657 2446 5718 patres
2466 5660 2653 5701 omnes
2675 5646 3001 5712 superaverit
3028 5645 3347 5715 benignitate
3369 5686 3384 5711 ,
3411 5660 3473 5699 ac
3499 5644 3636 5699 ﬁlios

2060 5738 2243 5809 majori
2271 5752 2429 5807 quam
2456 5744 2654 5794 .natres
2697 5733 2855 5789 fuerit
2897 5748 3077 5790 amore
3117 5728 3467 5810 complexus?
3490 5731 3628 5785 San-
