4060 6252
391 316 489 374 ιιι

393 438 516 504 guls
544 433 686 490 enim
713 433 829 504 ejus
853 446 1014 503 super
1041 433 1158 488 illos
1183 441 1238 489 et
1255 447 1422 504 super
1448 433 1658 488 illorum
1689 433 1824 488 ﬁlios
1853 431 1977 496 fuit;

397 541 562 598 super
589 527 725 582 ﬁlios
749 540 880 582 vero
907 541 1014 582 non
1037 539 1225 580 omnes
1252 567 1268 593 ,
1295 525 1391 581 sed
1414 540 1575 596 super
1605 525 1725 580 illos
1753 533 1978 591 tantum,

388 614 492 686 qui
523 627 793 686 paternam
824 614 1151 685 impietatem
1182 623 1236 668 et
1265 613 1594 685 iniquitatem
1625 614 1814 669 imitati
1837 623 1980 680 sunt,

399 716 451 760 et
477 715 735 778 quotquot
761 706 870 761 illis
910 705 1006 760 lilii
1046 705 1262 762 fuerunt
1298 721 1404 760 non
1447 705 1738 760 secundum
1779 713 1985 760 natura:

396 798 837 864 successionem,
883 796 978 852 sed
1021 797 1314 853 secundum
1357 796 1647 853 voluntatis
1685 796 1941 851 insaniam
1965 834 1983 863 ,

398 881 462 943 'hi
490 888 591 943 soli
618 887 773 944 malis
800 889 919 943 facti
947 896 1074 944 sunt
1101 887 1336 943 obnoxii.

468 977 754 1033 Jerusalem
782 978 984 1050 quando
1023 979 1211 1033 excisa.
1245 1007 1320 1018 —
1343 976 1422 1032 Tu
1446 991 1576 1032 vero
1607 975 1738 1032 mihi
1772 975 1987 1031 bonita-

402 1077 510 1124 tem
549 1083 612 1124 ac
639 1068 1021 1140 benignitatem
1061 1069 1157 1124 Dei
1194 1067 1406 1124 aliunde
1437 1083 1649 1139 quoque
1687 1067 1986 1123 considera.

403 1161 519 1216 Non
551 1161 694 1217 enim
724 1161 904 1218 statim
941 1161 1048 1217 illis
1079 1160 1394 1232 supplicium
1433 1175 1497 1216 ac
1540 1175 1751 1231 pmnam
1790 1160 1987 1226 intulit,

402 1252 500 1307 sed
529 1252 877 1323 quadraginta
897 1261 950 1307 et
975 1252 1158 1321 plures
1182 1252 1320 1308 elabi
1347 1259 1467 1321 post
1491 1251 1795 1322 passionem
1821 1264 1992 1306 annos

405 1344 549 1400 sivit.
579 1345 853 1416 Siquidem
883 1344 1134 1400 Salvator
1159 1345 1272 1415 ipse
1294 1344 1514 1400 Tiberio
1532 1343 1826 1414 imperante
1847 1342 1994 1398 cruci

408 1436 602 1490 afﬁxus
629 1445 714 1491 est
744 1454 758 1491 :
794 1445 851 1490 at
892 1436 1103 1491 illorum
1145 1435 1337 1490 civitas
1380 1435 1766 1503 imperantibus
1795 1432 1996 1504 Vespa-

407 1527 562 1582 siano
585 1542 648 1582 ac
669 1526 790 1582 Tito
815 1533 970 1595 capta
990 1533 1092 1581 est.
1119 1525 1224 1581 Cur
1252 1525 1411 1594 igitur
1435 1538 1768 1593 consequens
1789 1532 1995 1592 tempus

408 1616 631 1672 omisit?
655 1616 836 1672 Voluit
863 1616 969 1671 illis
995 1615 1224 1686 spatium
1249 1615 1316 1669 ad
1345 1614 1712 1684 paenitentiam
1735 1613 1995 1683 agendam

413 1710 656 1782 prmbere
674 1750 689 1775 ,
717 1716 776 1763 ut
806 1717 1020 1780 peccata
1045 1708 1394 1778 deponerent,
1427 1715 1485 1761 ut
1512 1706 1736 1762 erimina
1763 1720 1793 1760 a
1820 1720 1879 1760 se
1905 1704 1999 1759 de-

412 1802 697 1873 pellerent.
732 1801 1019 1871 Postquam
1046 1809 1226 1856 autem
1257 1799 1509 1869 temporis
1532 1799 1758 1868 spatium
1789 1797 1856 1852 ad
1887 1811 1998 1868 pte-

417 1895 692 1950 niteutiam
754 1895 1111 1964 praestitutum
1183 1892 1441 1948 habentes
1498 1890 1873 1947 immedicabili
1940 1905 2000 1947 se

421 1986 665 2040 laborare
691 1984 880 2040 morbo
906 1998 1020 2054 prae
1048 1998 1107 2039 se
1132 1983 1388 2050 tulerunt,
1421 1990 1530 2036 tum
1557 1980 1770 2036 demum
1798 1980 2001 2050 suppli-

418 2076 560 2130 cium
591 2075 695 2130 illis
722 2089 786 2130 ac
815 2089 1026 2146 poenam
1056 2073 1262 2140 intulit,
1305 2081 1360 2128 et
1391 2086 1576 2128 eversa
1616 2071 1830 2126 illorum
1869 2069 2001 2126 urbe

373 2161 376 2166 ’
421 2181 518 2236 per
536 2166 840 2222 universum
862 2165 1048 2221 orbem
1070 2173 1330 2222 terrarum
1350 2163 1570 2219 eductos
1591 2163 1711 2218 illos
1730 2162 2000 2232 dispersit.

419 2260 600 2330 Atque
629 2258 731 2314 hoc
759 2258 1104 2329 benignitatis
1130 2257 1246 2327 ejus
1273 2271 1410 2328 opus
1433 2255 1554 2312 fuit.
1584 2253 1857 2326 Siquidem
1886 2255 2004 2310 illos

420 2350 692 2421 dispersit,
721 2359 780 2407 ut
803 2351 1095 2418 Christum,
1123 2365 1281 2421 quem
1307 2350 1451 2406 cruci
1477 2349 1780 2416 aiﬁxerant,
1811 2348 2007 2418 ubique

428 2453 689 2499 terrarum
735 2453 1024 2499 cernerent
1073 2443 1320 2506 adorari.
1368 2451 1428 2497 ut
1477 2457 1602 2497 cum
1645 2441 1714 2496 ab
1759 2439 2008 2495 omnibus

429 2533 706 2590 adoratum
734 2533 884 2588 illum
909 2541 1212 2599 cernerent,
1241 2533 1462 2602 ejusque
1490 2533 1739 2586 virtutem
1769 2531 2012 2601 percipe-

427 2633 570 2689 rent,
601 2639 867 2679 summam
891 2637 1040 2678 suam
1081 2622 1406 2692 impietatem
1435 2628 1806 2692 agnoscerent,
1841 2634 2012 2691 eaque

430 2714 643 2786 cognita
669 2715 736 2769 ad
765 2715 1045 2770 veritatem
1083 2712 1341 2770 redirent.
1371 2715 1545 2783 Atque
1585 2712 1698 2782 ipsa
1739 2711 2014 2781 captivitas

432 2809 538 2864 illis
578 2806 774 2864 deinde
815 2805 1113 2872 doctrinm,
1162 2820 1226 2860 ac
1271 2804 1590 2875 supplicium
1636 2802 2015 2859 admonitionis

431 2902 770 2959 occasionem
816 2899 1072 2956 ati‘erebat
1113 2915 1128 2952 :
1176 2898 1221 2952 si
1264 2895 1406 2953 enim
1457 2897 1512 2952 in
1556 2896 1774 2966 regione
1815 2894 2017 2950 Judaea:

435 2991 857 3060 remansissent,
888 3005 1104 3047 veraces
1132 2988 1296 3045 fuisse
1325 2988 1614 3058 prophetas
1643 3003 1748 3042 non
1770 2985 2020 3056 agnovis-

434 3093 577 3139 sent.
619 3083 758 3152 Quid
801 3083 945 3139 enim
986 3081 1259 3153 prophetae
1301 3079 1589 3136 dicebant?
1619 3077 1891 3133 Postulaa
1917 3094 2016 3145 me,

435 3184 487 3229 et
513 3172 643 3228 dabo
680 3173 769 3228 tibi
808 3182 976 3244 gentes
1021 3173 1346 3227 hereditatem
1373 3180 1540 3236 tuam,
1573 3181 1621 3225 et
1661 3169 2022 3241 possessionem

440 3274 582 3318 tuam
621 3264 860 3318 terminos
891 3272 1038 3316 terra:
1063 3259 1250 3334 (Psal.
1270 3261 1326 3314 2.
1353 3257 1446 3332 8
1482 3260 1664 3328 Itaque
1693 3259 1812 3314 illos
1841 3256 2022 3328 egredi

445 3354 682 3426 oportuit
716 3353 784 3407 ad
812 3361 966 3408 terra:
996 3351 1275 3419 terminos,
1300 3359 1360 3405 ut
1390 3349 1619 3421 propriis
1641 3349 1808 3405 oculis
1833 3362 2023 3403 cerne-

447 3453 571 3501 rent
593 3460 626 3501 a
649 3444 863 3501 Christo
889 3452 1044 3500 terra:
1073 3443 1328 3499 terminos
1355 3440 1633 3513 possideri.
1659 3440 1865 3497 Rursus
1889 3441 2026 3497 alius

446 3539 706 3611 propheta
735 3537 864 3594 dicit
892 3551 908 3592 :
938 3535 1006 3591 Et
1046 3535 1330 3592 adorabunt
1367 3551 1482 3592 eum
1507 3535 1694 3606 singuli
1720 3551 1750 3591 e
1786 3534 1894 3589 loco
1933 3551 2027 3588 suo

445 3629 645 3701 (Soph.
671 3628 728 3685 2.
757 3630 816 3684 ll
843 3630 887 3701 ).
934 3627 1075 3700 Ergo
1118 3628 1242 3684 illos
1273 3642 1371 3699 per
1413 3626 1592 3684 omnia
1622 3637 1779 3684 terrm
1805 3627 1919 3682 loca
1944 3625 2025 3681 di-

1108 317 1164 374 S.
1198 316 1474 375 JUANNIS
1510 317 1984 380 CHRYSOSTOMI
2023 319 2341 378 ARCHIEP.
2380 322 2909 381 CONSTANTINOP.

3569 330 3675 388 ΗΞ

2082 435 2265 507 spergi
2297 436 2552 506 oportuit,
2583 447 2642 492 ut
2672 452 3098 508 unumquemque
3123 438 3350 497 adorare
3376 439 3522 497 illum
3551 457 3680 513 pro-

2089 543 2219 598 prus
2247 529 2415 583 oculis
2441 539 2746 585 cernerent.
2785 530 2990 587 Rursus
3015 531 3148 586 alius
3174 530 3308 586 dixit
3336 549 3352 588 ε
3380 531 3685 604 Repleln'tur

2091 626 2255 683 terra,
2300 629 2356 672 ut
2396 628 2661 690 cognoscat
2708 619 3005 686 Dominum,
3053 622 3184 675 sicut
3225 638 3360 692 aqua
3403 623 3566 677 multa
3607 624 3682 677 ad

2092 709 2422 778 operiendam
2447 711 2612 764 maria
2641 708 2803 782 (Hab.
2828 710 2884 764 2.
2914 712 3024 783 14).
3054 711 3112 766 In
3139 727 3352 768 omnem
3383 713 3542 784 igitur
3571 723 3675 770 ter.

2092 813 2205 853 ram
2233 799 2381 854 abire
2411 799 2531 854 illos
2558 801 2814 870 oportuit,
2837 809 2895 855 ut
2921 801 3177 870 repletam
3208 803 3352 857 illam
3379 803 3676 872 cognitione

2096 889 2303 944 Domini
2331 890 2604 958 viderent,
2636 900 2689 946 et
2714 894 2878 946 maria
2901 933 2917 958 ,
2949 891 3051 948 hoc
3089 903 3172 948 est
3210 894 3512 964 spirituales
3551 895 3680 951 istas

2096 979 2382 1050 Ecclesias,
2412 980 2610 1050 pietate
2633 981 3002 1037 redundantia.
3044 983 3334 1054 Propterea
3355 984 3548 1054 ubique
3575 993 3683 1039 ter-

2094 1086 2273 1126 rarum
2302 1071 2554 1142 dispersit
2578 1073 2698 1129 illos
2721 1073 2898 1129 Deus:
2926 1073 2970 1128 si
2997 1074 3138 1129 enim
3167 1074 3219 1128 in
3246 1074 3427 1129 Iudaea
3451 1075 3682 1130 resedis-

2097 1173 2249 1229 sent,
2283 1162 2396 1218 lnec
2438 1163 2791 1234 ignorassent.
2840 1163 2957 1220 Jam
2987 1179 3117 1220 vero
3149 1165 3439 1236 prophetas
3468 1180 3683 1222 veraces

2097 1267 2250 1318 esse,
2282 1261 2441 1323 atque
2481 1254 2653 1324 ipsum
2695 1256 2887 1310 virtute
2917 1255 3118 1324 pollere
3145 1269 3363 1310 suorum
3404 1255 3680 1311 oculorum

2101 1345 2470 1415 experimento
2510 1346 2622 1400 vult
2665 1346 2810 1416 ipsos
2851 1360 3218 1415 cognoscere:
3249 1355 3342 1413 ut,
3391 1346 3436 1400 si
3474 1345 3684 1416 quidem

2101 1435 2252 1504 probi
2295 1437 2539 1506 gratique
2585 1436 2815 1504 fuerint,
2860 1437 2927 1491 ad
2958 1438 3233 1492 veritatem
3267 1453 3361 1508 per
3389 1438 3487 1492 ista
3514 1437 3684 1492 dedu-

2100 1536 2290 1582 cantur
2318 1547 2333 1582 :
2363 1529 2445 1583 sin
2478 1538 2654 1584 autem
2685 1530 2736 1584 in
2768 1531 3038 1600 impietate
3069 1539 3448 1601 perseverent,
3488 1528 3684 1584 nullam

2104 1619 2335 1675 habeant
2361 1620 2412 1674 in
2453 1620 2728 1676 tremenda
2757 1620 2846 1676 die
2881 1619 3066 1690 judieii
3097 1620 3522 1676 excusationem.
3552 1617 3686 1674 Pro-

2106 1722 2288 1783 pterea
2315 1727 2410 1783 per
2436 1713 2741 1766 universum
2770 1712 2953 1767 orbem
2983 1721 3241 1766 terrarum
3270 1711 3388 1766 illos
3415 1710 3686 1780 diSpersit,

2105 1813 2163 1856 ut
2191 1810 2245 1857 et
2274 1817 2372 1857 nos
2400 1803 2670 1874 quidpiam
2704 1802 2826 1857 inde
2864 1803 2996 1857 lucri
3026 1803 3374 1872 decerpamus
3395 1841 3409 1867 ,
3453 1800 3556 1855 hoc
3583 1809 3688 1866 est,

2105 1893 2230 1948 dum
2259 1894 2490 1964 prolatas
2534 1894 2653 1948 illas
2680 1892 2748 1948 de
2776 1893 2990 1948 illorum
3025 1893 3358 1963 dispersione
3385 1891 3692 1962 prmdictio-

2109 2000 2226 2052 nes,
2255 1984 2429 2055 deque
2457 1985 2914 2056 Jerosolymorum
2940 1985 3218 2040 eversione
3240 1983 3530 2047 cernimus,
3559 1997 3694 2052 quas

2108 2086 2162 2132 et
2191 2076 2396 2143 Daniel,
2420 2075 2545 2130 dum
2567 2075 2978 2131 abominationis
2997 2074 3341 2130 desolationis
3368 2076 3696 2129 mentionem

2110 2167 2234 2222 facit
2261 2167 2280 2238 (
2304 2167 2438 2221 Dan.
2462 2167 2514 2223 9.
2548 2167 2616 2221 27
2634 2169 2653 2239 )
2674 2209 2689 2233 ,
2718 2176 2772 2222 et
2795 2166 3077 2221 Malachias
3103 2166 3230 2221 dum
3259 2165 3336 2220 ait
3363 2183 3377 2218 :
3412 2165 3542 2231 Quia
3568 2175 3613 2218 et
3642 2165 3698 2218 in

2109 2257 2246 2314 vobis
2289 2259 2586 2313 claudentur
2625 2260 2804 2329 januae
2852 2257 3026 2330 (Mal.
3056 2256 3290 2328 1.10),
3331 2265 3386 2312 et
3430 2256 3612 2323 David,
3644 2264 3700 2310 et

2112 2349 2304 2416 Isaias,
2333 2358 2386 2404 et
2415 2348 2808 2419 aliiprophette
2830 2348 2981 2403 multi
3013 2347 3079 2403 de
3108 2346 3193 2402 his
3220 2347 3609 2416 praedixerunt,
3635 2356 3696 2400 ut

2113 2439 2356 2494 videntes
2384 2454 2479 2494 eos
2506 2439 2596 2507 qui
2626 2439 2906 2493 Dominum
2939 2445 3018 2493 tot
3044 2437 3250 2506 injuriis
3278 2436 3564 2492 all'ecerant
3582 2477 3596 2501 ,
3627 2436 3700 2490 ita

2117 2529 2283 2586 fuisse
2312 2531 2548 2601 punitos,
2576 2531 2747 2601 patria
2777 2531 3022 2586 libertate
3050 2529 3281 2602 privatos
3310 2537 3365 2582 et
3393 2528 3502 2581 suis
3529 2527 3701 2581 omni-

2117 2623 2216 2677 bus
2243 2623 2448 2693 legibus
2487 2637 2549 2677 ac
2578 2623 2812 2692 paternis
2842 2621 3211 2677 traditionibus
3236 2661 3251 2688 ,
3298 2620 3546 2674 virtutem
3585 2619 3704 2688 ejus

2117 2727 2489 2784 agnoscamus,
2521 2728 2641 2783 qua:
2671 2713 2759 2768 illa
2788 2712 3033 2783 praedixit
3059 2722 3218 2782 atque
3246 2709 3506 2782 perfecit,
3545 2718 3705 2779 atque

2119 2804 2321 2860 inimici
2349 2804 2562 2875 quidem
2590 2820 2654 2860 ex
2687 2804 2884 2859 nostris
2922 2803 3077 2858 bouis
3118 2802 3409 2872 potentiam
3439 2800 3582 2855 illius
3619 2800 3706 2854 in-

2121 2899 2378 2969 telligant,
2407 2908 2714 2973 nosautem
2742 2913 2805 2954 ex
2834 2896 3093 2968 supplicio
3131 2896 3199 2952 de
3226 2896 3330 2950 illis
3358 2903 3572 2966 sumpto
3601 2895 3706 2949 im-

2124 3006 2364 3047 mensam
2385 2991 2502 3062 ejus
2527 2991 2909 3062 benignitatem
2934 3005 2997 3044 ae
3021 2989 3310 3059 potentiam
3337 3001 3706 3058 agnoscamus,

2125 3099 2224 3140 nec
2250 3098 2480 3154 unquam
2511 3083 2656 3139 illum
2694 3082 2994 3153 glorificare
3021 3080 3326 3141 desinamus
3347 3121 3361 3146 ,
3395 3086 3454 3133 ut
3479 3087 3533 3132 et
3557 3093 3705 3132 sem-

2127 3175 2332 3246 piterna
2360 3187 2520 3245 atque
2550 3174 2834 3229 iueﬁ'abilia
2859 3173 2998 3228 bona
3023 3185 3434 3242 consequamur,
3461 3169 3628 3239 gratia
3655 3177 3712 3222 et

2129 3266 2454 3337 benignitate
2475 3265 2683 3320 Domini
2715 3264 2883 3319 nostri
2908 3262 3034 3318 Jesu
3053 3262 3272 3325 Christi,
3293 3275 3413 3316 cum
3439 3274 3544 3330 quo
3567 3258 3712 3312 l'atri

2127 3357 2295 3428 gloria
2312 3396 2326 3422 ,
2356 3370 2461 3410 una
2488 3369 2609 3410 cum
2639 3362 2828 3409 sancto
2853 3361 2908 3408 et
2933 3353 3145 3408 vivilico
3171 3351 3368 3420 Spiritu
3390 3390 3405 3416 ,
3455 3349 3627 3403 honor
3657 3359 3716 3402 et

2134 3446 2438 3517 imperium,
2470 3460 2611 3502 nunc
2639 3454 2694 3501 et
2721 3457 2967 3514 semper,
2993 3451 3048 3498 et
3075 3441 3130 3496 in
3155 3439 3348 3497 saecula
3375 3437 3712 3493 steculorum.

2132 3541 2318 3596 Amen.
