4060 6252
331 435 424 493 HI
964 441 1104 497 ουκ
1144 442 1212 498 IN
1253 443 1542 502 PENTEC.
1582 445 1781 512 ACTA,
1817 445 1970 502 ETC.
2012 445 2080 502 IN
2119 445 2405 504 PRINCIP.
2445 445 2802 504 ACTOBUM.
2839 445 2926 501 IV.

331 550 582 620 Ἐγένετο
620 547 717 622 μὲν
756 549 864 619 γὰρ
895 549 956 602 τὸ
991 543 1131 619 αἷμα
1156 547 1319 602 αὐτοῦ
1347 549 1432 602 ἐπ’
1463 549 1658 612 αὐτοὺς
1683 550 1777 603 καὶ
1805 549 1897 603 ἐπὶ

319 635 391 688 τά
421 633 589 688 τέκνα
625 631 834 686 αὐτῶν·
864 632 956 685 ἐπὶ
990 631 1059 686 τά
1103 631 1270 686 τέκνα
1307 631 1364 685 δέ
1397 633 1517 703 οὐχί¹
1549 632 1747 696 πάντα,
1783 632 1896 686 ἀλλ’

323 715 614 768 ἐπ”ἐκεῖνα
646 714 805 785 μόνον
832 713 902 767 τὰ
940 713 1296 784 μιμησάμενα
1340 713 1436 785 τὴν
1466 716 1736 786 πατρικὴν
1774 714 1898 767 ἀσέο

324 799 474 852 ϐειαν
517 798 612 850 καὶ
643 797 1011 870 παρανομίαν,
1039 797 1135 850 καὶ
1165 797 1277 850 ὅσοι
1308 793 1448 869 ἦσαν
1475 798 1657 860 αὐτοῖς
1689 796 1794 850 υίοὶ
1836 796 1896 850 οὐ

323 879 460 933 κατὰ
488 880 588 951 τὴν
619 879 721 949 τῆς
760 879 975 949 φύσεως
1017 879 1288 950 διαδοχὴν,
1330 879 1465 934 ἀλλά
1496 880 1636 933 κατά
1676 879 1772 950 τὴν
1800 879 1898 948 τῆς

324 962 699 1031 προαιρέσεως
731 961 951 1032 μανίαν,
979 953 1124 1014 οὗτοι
1160 961 1310 1031 μόνοι
1349 961 1634 1030 γεγόνασιν
1663 960 1897 1015 ὑπεύθυ-

321 1061 402 1098 νοι
425 1045 534 1097 τῶν
565 1043 774 1099 κακῶν.

393 1126 596 1179 Σκόπει
631 1125 689 1178 δέ
741 1141 831 1194 μοι
884 1125 976 1178 καί
1013 1124 1275 1195 ἑτέρωθεν
1317 1125 1415 1196 τὴν
1465 1125 1774 1197 ἀγαθότητα
1804 1127 1897 1182 καὶ

323 1208 732 1280 φιλανθρωπίαν
773 1207 866 1260 τοῦ
912 1206 1067 1263 Θεοῦ.
1107 1208 1182 1261 Οὐ
1228 1205 1336 1278 γὰρ
1373 1207 1574 1270 εὐθέως
1616 1210 1896 1278 ἐπήγαγεν

320 1291 408 1344 ἐπ’
429 1291 624 1353 αὐτοὺς
649 1288 746 1359 τὴν
779 1289 1000 1343 κόλασιν
1026 1290 1120 1342 καί¹
1150 1288 1248 1361 τὴν
1277 1289 1567 1363 τιμωρίαν,
1602 1291 1737 1344 ἀλλά
1778 1309 1897 1344 τεσ-

322 1373 626 1444 σαράκοντα
657 1373 749 1425 καὶ
770 1370 987 1426 πλείονα
1007 1371 1101 1442 ἐτη
1130 1371 1333 1424 διέλιπε
1368 1371 1506 1440 μετά
1529 1372 1618 1425 τὸν
1643 1374 1891 1444 σταυρόν.

319 1457 488 1519 Αὐτὸς
538 1455 636 1526 μὲν
677 1455 786 1526 γὰρ
823 1457 852 1507 6
879 1453 1070 1525 Σωτὴρ
1121 1454 1214 1507 ἐπὶ
1259 1454 1509 1527 Τιϐερίου
1552 1456 1890 1526 ἐσταυρώθηο

318 1542 350 1610 ἡ
379 1539 436 1593 δὲ
469 1539 624 1601 πόλις
653 1537 832 1590 αὐτῶν
859 1537 952 1589 ἐπὶ
981 1536 1388 1589 Οὐεσπασιανοῦ
1423 1538 1516 1591 καὶ
1542 1538 1700 1591 Τίτου
1731 1538 1892 1592 ἐάλω.

319 1621 476 1684 Τίνος
500 1616 593 1674 οὖν
615 1620 800 1673 ἕνεκεν
828 1617 920 1671 τὸν
942 1617 1078 1689 μετά
1112 1619 1286 1672 ταῦτα
1304 1618 1490 1673 τοῦτον
1515 1621 1703 1692 χρόνον
1737 1618 1896 1674 διέλι-

319 1723 422 1761 πεν
451 1722 468 1770 ς
493 1702 822 1774 Βουλόμενος
870 1703 1056 1766 αὐτοῖς
1091 1702 1274 1756 δοῦναι
1329 1705 1519 1775 καιρὸν
1574 1705 1894 1775 μετανοίας,

319 1787 459 1842 ὥστε
501 1784 874 1841 ἀποδύσασθαι
915 1785 988 1838 τὰ
1023 1785 1529 1857 πεπλημμελημένα
1549 1828 1564 1853 ,
1594 1788 1734 1842 ὥστε
1762 1790 1896 1842 ἀπο-

321 1869 653 1942 κρούσασθαι
671 1869 739 1922 τὰ
756 1867 1095 1939 ἐγκλήματα.
1113 1869 1331 1939 Ἐπειδὴ
1359 1869 1416 1921 δέ
1448 1869 1539 1922 καὶ
1562 1869 1896 1942 προθεσμίαν

327 1953 615 2023 μετανοίας
644 1951 898 2015 λαϐόντες
923 1951 1112 2022 ἔμενον
1141 1952 1375 2014 ἀνιάτως
1396 1950 1630 2021 ἔχοντες,
1653 1953 1895 2023 ἐπήγαγε

320 2033 510 2089 λοιπὸν
541 2035 720 2094 αὐτοῖς
752 2033 847 2103 τὴν
886 2033 1106 2088 κόλασιν
1140 2032 1232 2086 καὶ
1254 2032 1351 2103 τὴν
1371 2033 1660 2103 τιμωρίαν,
1689 2034 1782 2087 καὶ
1799 2035 1896 2106 τὴν

323 2118 478 2171 πόλιν
499 2115 741 2171 καθελὼν
763 2116 1028 2188 ἐξήγαγεν
1058 2116 1251 2178 αὐτοὺς
1282 2115 1598 2187 διασπείρας
1624 2117 1896 2189 πανταχοῦ

323 2202 422 2270 τῆς
448 2199 800 2270 οἰκουμένης,
837 2200 932 2252 καὶ
958 2198 1114 2252 τοῦτο
1145 2196 1233 2251 διὰ
1271 2198 1677 2270 φιλανθρωπίαν
1707 2200 1898 2258 ποιῶν.

320 2283 604 2354 Διέσπειρε
640 2284 747 2352 γὰρ
777 2283 994 2346 αὐτοὺς,
1034 2283 1120 2336 ἵνα
1146 2282 1422 2351 πανταχοῦ
1454 2284 1552 2353 τῆς
1577 2285 1900 2356 οἰκουμένης

321 2363 794 2434 προσκυνούμενον
840 2363 994 2416 ἴδωσι
1021 2363 1109 2417 τὸν
1159 2365 1250 2416 ὑπ’
1295 2364 1475 2418 αὐτῶν
1518 2366 1898 2437 σταυρωθέντα

317 2445 586 2516 Χριστὸν,
631 2445 718 2499 ἵνα
769 2444 1005 2515 ὁρῶντες
1053 2445 1219 2500 αὑτὸν
1269 2447 1739 2517 προσκυνούμενον
1793 2449 1898 2502 ὑπὸ

320 2529 540 2582 πάντων
582 2529 679 2582 καὶ
725 2527 988 2597 μαθόντες
1027 2527 1192 2581 αὐτοῦ
1236 2527 1333 2598 τὴν
1360 2527 1606 2599 δύναμιν,
1631 2531 1896 2598 ἐπιγνῶσι

319 2609 421 2680 τῆς
453 2609 659 2673 οἰκείας
698 2610 949 2673 ἀσεϐείας
982 2610 1080 2680 τὴν
1109 2610 1433 2682 ὑπερϐολὴν,
1461 2613 1554 2664 καὶ
1587 2611 1897 2680 ἐπιγνόντες

323 2692 658 2746 ἐπανέλθωσι
683 2692 819 2764 πρὸς
841 2694 940 2764 τὴν
964 2693 1239 2763 ἀλήθειαν.
1270 2695 1378 2747 Καὶ
1399 2691 1582 2746 λοιπὸν
1622 2696 1654 2765 ἡ
1692 2697 1894 2766 αἰχμα-

320 2775 490 2829 λωσία
520 2775 703 2838 αὐτοῖς
735 2775 1049 2830 διδασκαλία
1075 2775 1304 2843 ἐγίνετο,
1325 2777 1418 2829 καὶ
1446 2777 1480 2845 ἡ
1508 2776 1748 2846 τιμωρία
1776 2796 1896 2833 νου-

322 2858 512 2912 (Ξεσίαο
547 2859 596 2910 εἰ
623 2858 730 2928 γὰρ
770 2857 960 2928 έμενον
993 2859 1083 2910 ἐπὶ
1115 2858 1214 2928 τῆς
1253 2858 1510 2922 ἰουδαίας
1538 2863 1659 2930 γῆς,
1705 2861 1802 2914 οὐκ
1830 2861 1896 2914 ἂν

327 2940 568 3009 ἐγνωσαν
614 2940 721 2993 τῶν
751 2941 1046 3012 προφητῶν
1087 2942 1187 3013 τὴν
1219 2941 1496 3012 ἀλήθειαν.
1530 2942 1596 2994 Τί
1641 2942 1750 3014 γὰρ
1804 2945 1898 2997 καὶ

321 3025 507 3092 ελεγον
531 3025 579 3078 οἰ
610 3025 884 3095 προφῆται
910 3043 925 3091 ;
950 3025 1203 3092 Αἷτησαι
1231 3026 1368 3092 παρ’
1394 3023 1559 3093 ἐμοῦ,
1584 3024 1682 3078 καὶ
1727 3023 1898 3079 δώσω

323 3123 424 3161 σοι
441 3105 586 3173 ἔθνη
612 3107 728 3174 τὴν
746 3107 1157 3175 κληρονομίαν
1185 3121 1321 3171 σου,
1343 3105 1441 3160 καί
1471 3106 1586 3173 τὴν
1609 3106 1900 3176 κατάσχε-

323 3189 432 3242 σιν
445 3203 559 3242 σου
576 3189 648 3242 τὰ
677 3186 903 3256 πέρατα
925 3188 1036 3256 τῆς
1065 3187 1197 3256 γῆς.
1220 3187 1366 3241 Ἔδει
1386 3187 1565 3242 τοίνυν
1586 3189 1782 3254 αὐτοὺς
1809 3189 1897 3257 ἐξα

324 3270 500 3324 ελθεῖν
545 3273 623 3333 εἰς
669 3269 740 3322 τὰ
791 3270 1000 3342 πέρατα
1031 3271 1128 3341 τῆς
1151 3270 1276 3340 γῆς,
1319 3270 1407 3325 ἴνα
1448 3270 1628 3324 ἴδωσιν
1681 3271 1900 3335 οἰκείοις

320 3353 643 3424 ὀφθαλμοῖς,
665 3353 746 3406 ὅτι
770 3355 864 3406 καὶ
891 3353 960 3406 τὰ
987 3353 1199 3425 πέρατα
1229 3353 1327 3424 τῆς
1354 3352 1459 3422 γῆς
1487 3353 1704 3423 κατέχει
1730 3354 1759 3406 6
1777 3355 1902 3425 Χριυ

326 3435 473 3500 στός.
501 3435 668 3490 Πάλιν
692 3430 784 3488 οὖν
811 3434 998 3506 ἕτερος
1037 3436 1320 3507 προφήτης
1343 3435 1489 3504 λέγει
1530 3452 1542 3465 ·
1569 3436 1678 3489 Καὶ
1711 3450 1896 3504 προσ-

322 3518 709 3586 κυνήσουσιν
749 3519 910 3590 αὐτῷ
934 3519 1190 3585 ἕκαστος
1221 3519 1289 3572 ἐκ
1321 3518 1424 3572 τοῦ
1458 3521 1645 3572 τόπου
1687 3519 1891 3573 αὑτοῦ.

326 3601 478 3657 Ἔδει
509 3603 685 3656 τοίνυν
729 3601 924 3666 αὐτοὺς
961 3603 1039 3668 εἰς
1080 3600 1292 3656 ἅπαντα
1336 3600 1700 3672 διασπαρῆναι
1736 3602 1898 3655 τόπον

3456 441 3575 497 119

1999 548 2096 618 τῆς
2123 549 2250 618 γῆς,
2275 548 2360 600 ἵνα
2401 549 2581 604 ῐδωσιν
2609 548 2830 610 οἰκείοις
2849 547 3088 616 ὄμμασιν
3119 546 3345 600 ἕκαστον
3379 546 3444 600 ἐκ
3473 545 3581 607 τοῦ,

1998 632 2164 682 τόπου
2192 631 2355 684 αὑτοῦ
2377 631 2787 703 προσκυνοῦντα
2818 629 2998 682 αὐτόν.
3030 627 3198 681 Πάλιν
3216 627 3373 692 ἄλλος
3409 624 3531 684 εϊπε
3549 647 3564 662 ο

1997 712 2422 779 Πλησθήσεται
2466 715 2505 781 ἠ
2539 714 2614 782 γῆ
2667 712 2774 766 τοῦ
2810 709 3030 781 γνῶναι.
3071 709 3178 765 τὸν
3214 711 3451 778 Κύριον,
3489 711 3578 778 ὡς.

1997 793 2153 862 ὕδωρ
2199 794 2358 849 πολὺ
2402 797 2822 863 κατακαλύψαι
2859 792 3194 859 θαλάσσας.
3222 793 3368 846 Ἔδει
3391 795 3569 848 τοίνυν

1998 874 2112 948 [96]
2132 877 2328 941 αὐτοὺς
2354 879 2434 941 εἰς
2461 877 2679 932 ἃπασαν
2706 877 2804 948 τὴν
2827 877 2930 946 γῆν
2960 876 3236 938 ἀπελθεῖν,
3270 875 3409 929 ὥστε
3443 878 3595 931 ἰδεῖν.

1999 959 2166 1030 αὐτὴν
2214 960 2653 1032 πεπληρωμένην
2693 960 2786 1014 τοῦ
2821 959 3161 1028 γνῶναι-τὸν
3211 960 3446 1032 Κύριον,
3477 964 3572 1016 καὶ

1997 1041 2095 1105 τὰς
2158 1042 2450 1109 θαλάσσας,
2484 1044 2728 1096 τουτέστι
2783 1043 2883 1107 τὰς
2939 1042 3316 1114 πνευματικὰς
3369 1043 3572 1109 ταύτας

2011 1121 2353 1195 Ἐκκλησίας,
2386 1126 2484 1196 τῆς
2513 1124 2816 1188 θεοσεϐείας
2847 1126 3297 1196 μεμεστωμένας.
3322 1125 3421 1179 Διά
3443 1125 3572 1180 ταῦ-

1995 1224 2073 1265 τα
2112 1207 2417 1280 διέσπειρεν
2467 1209 2664 1272 αὐτοὺς
2695 1211 2722 1264 ό
2750 1208 2880 1270 Θεὸς
2924 1207 3198 1280 πανταχοῦ
3243 1209 3342 1279 τῆς
3373 1209 3502 1280 γῆςτ
3522 1211 3571 1261 εἰ

1998 1288 2105 1362 γὰρ
2130 1291 2187 1342 ἐν
2224 1290 2452 1360 Ἰουδαίᾳ
2474 1290 2760 1361 ἐκάθηντο,
2781 1288 2952 1347 ταῦτα
2978 1290 3044 1343 ἂν
3069 1289 3358 1360 ἠγνόησαν.
3373 1289 3570 1348 Λοιπὸν

1999 1372 2244 1442 βούλεται
2265 1374 2458 1436 αὐτοὺς
2493 1374 2585 1426 καὶ
2608 1374 2707 1443 τῆς
2743 1372 2850 1426 τῶν
2875 1372 3167 1442 προφητῶν
3189 1371 3447 1444 ἀληθείας
3477 1373 3579 1432 καῖ

1995 1455 2094 1526 τῆς
2126 1455 2288 1508 αὐτοῦ
2317 1455 2598 1526 δυνάμεως
2623 1455 2813 1519 αὑταῖς
2843 1455 2998 1524 ϐψεσι
3025 1455 3122 1526 τὴν
3146 1458 3340 1525 πεῖραν
3367 1456 3572 1510 λαϐεῖν·

1997 1539 2082 1591 ἵνα
2106 1538 2202 1592 ἐὰν
2236 1538 2336 1608 μέν
2361 1536 2768 1608 εὐγνωμονῶσι,
2785 1537 2873 1590 διὰ
2896 1535 3097 1589 τούτων
3120 1539 3586 1608 χειραγωγηθῶσι-

1996 1619 2132 1689 πρὸς
2171 1621 2270 1691 τὴν
2323 1620 2615 1690 ἀλήθειαν·
2647 1619 2721 1674 ἂν.
2745 1619 2807 1673 δὲ
2861 1617 3159 1687 ἐπιμένωσι
3210 1622 3276 1689 τῇ
3327 1620 3570 1692 ἀσεϐείᾳ,

2001 1703 2268 1774 μηδεμίαν
2297 1702 2496 1773 ἔχωσιν
2537 1702 2832 1771 ἀπολογίαν
2879 1704 2938 1756 ἐν
2973 1704 3040 1773 τῇ
3076 1701 3283 1772 φοϐερᾷ
3313 1703 3415 1772 τῆς
3447 1705 3572 1776 κρί-

2000 1801 2137 1848 σεως
2186 1785 2388 1856 ἡμέρᾳ.
2416 1786 2516 1841 Διά
2543 1785 2700 1840 τοῦτο
2727 1785 3031 1855 διέσπειρεν
3071 1785 3269 1848 αὐτοὺς
3295 1787 3573 1858 πανταχοῦ

1998 1866 2094 1934 τῆς
2132 1868 2475 1938 οἰκουμένης,
2499 1868 2586 1922 ἴνα
2619 1868 2710 1921 καὶ
2737 1869 2895 1938 ἡμεῖς
2920 1868 2987 1922 ἐκ
3010 1867 3196 1920 τούτου
3227 1868 3600 1940 κερδάνωμέν.,

2001 1967 2075 2014 τι,
2110 1952 2386 2006 τουτέστιν
2421 1953 2636 2018 ἐκείνας
2682 1952 2780 2016 τάς
2828 1953 3159 2024 προρρήσεις
3203 1951 3441 2022 ὁρῶντες
3474 1954 3586 2024 τὰς,

2002 2032 2129 2103 περὶ
2156 2034 2255 2105 τῆς
2288 2035 2587 2106 διασπορᾶς
2611 2035 2786 2090 αὐτῶν
2820 2035 3132 2106 εἰρημένας,
3165 2034 3264 2098 τὰς
3308 2036 3576 2108 περὶτῆς

2003 2103 2252 2180 ἁλώσεως
2270 2116 2379 2169 τῶν
2411 2103 2814 2188 Ἰεροσολύμων,
2845 2103 2910 2180 ἃς
2929 2103 3029 2170 ’καὶ
3059 2118 3087 2170 6
3119 2118 3316 2191 Δανιὴλ
3343 2103 3434 2171 τοῦ
3459 2103 3586 2188 βδέέ

2001 2198 2277 2269 λύγματος
2313 2201 2410 2270 τῆς
2439 2198 2772 2271 ἐρημώσεως
2797 2200 3073 2270 μνησθεὶς,
3101 2199 3196 2252 καὶ
3235 2201 3264 2252 ό
3291 2199 3576 2270 Μαλαχίας

2001 2280 2190 2347 εἰπὼν,
2213 2283 2338 2335 Ὀτι
2372 2282 2469 2336 καὶ
2498 2283 2568 2336 ἐν
2589 2281 2732 2352 ὑμῖν
2760 2279 3341 2352 συγκλεισθήσονται
3366 2283 3572 2346 πύλαι,

2001 2364 2096 2418 καὶ
2117 2367 2145 2419 6
2179 2366 2347 2420 Δαυῖδ
2373 2366 2466 2418 καὶ
2489 2368 2517 2419 6
2547 2367 2774 2428 Ἡσαΐας
2802 2366 2898 2419 καὶ
2931 2365 3112 2435 ἕτεροι
3149 2363 3333 2416 πολλοὶ
3363 2364 3577 2435 προφῆ-

2000 2463 2090 2499 ται
2126 2448 2254 2517 περί
2294 2448 2499 2502 τούτων
2530 2446 2992 2518 προανεφώνησαν
3014 2487 3028 2512 ,
3061 2447 3148 2500 ἵνα
3175 2446 3410 2516 ὁρῶντες
3449 2445 3577 2509 τοὺς

2001 2529 2128 2598 περὶ
2179 2528 2268 2581 τὸν
2314 2529 2591 2601 Δεσπότην
2624 2528 2946 2598 ἀγνώμονας
2992 2527 3389 2597 γεγενημένους
3431 2526 3576 2580 οὕτω

1998 2609 2415 2681 κολαζομένους,
2437 2611 2862 2674 ἐκπεπτωκότας
2887 2611 2986 2680 τῆς
3009 2609 3322 2681 ἐλευθερίας
3353 2609 3451 2680 τῆς
3476 2626 3574 2663 πα-

1997 2695 2192 2766 τρικῆς
2219 2694 2442 2748 καὶτῶν
2473 2694 2685 2750 οἰκείων
2713 2694 2968 2749 ἁπάντων
3003 2692 3219 2767 θεσμῶν
3246 2709 3305 2745 τε
3336 2693 3430 2746 καὶ
3469 2710 3573 2747 πα-

1997 2776 2202 2848 τρικῶν
2249 2777 2632 2849 παραδόσεων,
2681 2777 2939 2847 μάθωμεν
2988 2775 3151 2832 αὑτοῦ
3185 2775 3283 2851 τὴν
3342 2773 3572 2845 δύναμιν

1999 2861 2098 2930 τὴν
2137 2860 2502 2930 προειποῦσαν
2543 2859 2682 2912 αὐτά
2711 2859 2806 2914 καὶ
2836 2858 3239 2934 ἐργασαμένην,
3265 2857 3359 2912 καὶ
3390 2858 3436 2911 οἰ
3474 2858 3574 2928 μὲν
3599 2905 3601 2908 ι

2001 2943 2185 3014 ἐχθροὶ
2218 2943 2307 2996 διὰ
2339 2943 2446 2996 τῶν
2484 2943 2770 3013 ἡμετέρων
2805 2943 3025 3011 ἀγαθῶν
3057 2943 3238 2996 ἴδωσιν
3279 2941 3442 2995 αὐτοῦ
3473 2943 3577 3014 τὴν

2005 3025 2156 3096 ἰσχύν
2175 3041 2192 3057 ο
2225 3027 2382 3095 ἡμεῖς
2407 3025 2462 3078 δέ
2493 3025 2582 3078 διὰ
2627 3027 2735 3078 τῶν
2761 3026 2841 3088 είς
2881 3025 3122 3089 ἐκείνους
3151 3024 3430 3096 τιμωριῶν
3469 3027 3574 3096 μάἀ

2004 3110 2186 3180 θωμεν
2222 3107 2386 3161 αὐτοῦ
2416 3108 2512 3180 τὴν
2537 3107 2742 3177 ἄφατον
2773 3108 3179 3180 φιλανθρωπίαν
3206 3109 3300 3163 καὶ
3321 3107 3574 3178 δύναμιν,

2004 3193 2101 3246 καὶ
2135 3191 2224 3245 διά
2251 3190 2449 3255 παντὸς
2493 3189 2806 3255 δοξάζοντες
2837 3190 2999 3244 αὑτὸν
3040 3190 3392 3261 διατελῶμεν,
3423 3191 3582 3262 ὅπως

1997 3273 2217 3330 καὶτῶν
2241 3274 2472 3327 αἰωνίων
2492 3274 2584 3327 καὶ
2605 3274 2932 3346 ἀπορρήτων
2960 3272 3178 3343 ἀγαθῶν
3201 3273 3574 3346 ἐπιτύχωμεν.

1999 3357 2178 3428 χάριτι
2227 3357 2321 3410 κα.)⁸
2373 3355 2762 3428 φιλανθρωπίᾳ,
2795 3354 2889 3410 τοῦ
2939 3355 3145 3430 Κυρίου
3191 3357 3350 3427 ἡμῶν
3389 3355 3577 3429 Ἰησοῦ,

2001 3438 2260 3510 Χριστοῦ,
2284 3438 2402 3509 μεθ’
2440 3434 2499 3494 οὗ
2543 3430 2620 3509 τῷ
2661 3440 2836 3511 Πατρί
2873 3440 2989 3510 ἅμα
3027 3439 3106 3510 τῷ
3140 3439 3278 3511 ἁγίῳ
3306 3439 3400 3494 καὶ
3436 3439 3571 3503 ζωο-

2005 3523 2143 3591 ποιῷ
2166 3523 2442 3593 Πνεύματι
2473 3522 2605 3596 τιμὴ
2633 3525 2727 3576 καὶ
2755 3522 3088 3592 κράτος,,νῦν
3120 3524 3212 3576 καὶ
3244 3525 3353 3590 ἀεὶ,
3380 3523 3472 3578 καὶ
3492 3523 3576 3594 εἰς,

2003 3604 2128 3667 τοὺς
2165 3603 2362 3669 αἰῶνας
2400 3603 2506 3658 τῶν
2529 3602 2756 3659 αἰώνων.
2806 3605 2994 3675 Ἀμήν.
