4060 6252
402 409 502 464 iiii
861 409 928 464 IN
968 407 1197 474 ILLUD,
1243 405 1518 465 SAULUS
1553 405 1787 466 ADHUC
1828 405 2144 485 SPIRANS.
2182 408 2270 464 DE
2306 407 2709 466 MUTATIONE
2764 407 3100 464 NOMINUM.
3143 407 3179 461 Ι.
3538 409 3644 463 Hi»-

411 592 3605 628 W

1188 936 1284 995 ET
1324 935 1403 996 IN
1442 934 1814 1006 RELIQUAS
1854 932 1950 992 DE
1993 933 2430 996 MUTATIONE
2466 933 2841 998 NOMINUM.

401 1221 582 1267 autem
614 1209 789 1266 adhuc
819 1207 1034 1278 spirans
1051 1204 1226 1259 minas
1257 1214 1311 1261 et
1333 1204 1533 1261 eadem
1567 1204 1619 1258 in
1642 1204 1938 1274 discipulos
1971 1205 2208 1261 Domini.
2242 1206 2504 1261 Continuo
2543 1207 2773 1263 turbarit
2805 1226 2898 1263 nos
2951 1211 3253 1266 immutatio
3283 1216 3509 1269 nominis
3531 1258 3544 1281 ,
3584 1225 3638 1272 et

397 1313 589 1359 caetera
621 1305 687 1359 de
716 1303 996 1358 nominum
1026 1300 1346 1366 mutatione,
1370 1313 1491 1369 quae
1523 1299 1773 1369 pluribus
1805 1299 1896 1354 ille
1928 1301 2313 1370 prosequitur;
2354 1302 2424 1354 ita
2457 1309 2515 1355 ut
2544 1301 2660 1356 haec
2695 1302 2916 1357 homilia
2947 1305 3018 1358 sit
3050 1320 3145 1359 ceu
3179 1307 3634 1376 complementum

396 1396 773 1468 praecedentis.

462 1513 614 1570 Hanc
656 1512 937 1569 homiliam
980 1521 1200 1567 secutus
1247 1519 1332 1567 est
1383 1527 1567 1568 sermo
1615 1513 1724 1576 ille,
1757 1513 1850 1582 qui
1881 1521 2004 1582 post
2045 1512 2309 1569 Homilias
2362 1513 2416 1566 in
2467 1510 2718 1566 Genesim
2761 1528 2939 1567 nonus
2985 1520 3341 1567 numeratur:
3383 1513 3472 1566 ubi
3515 1513 3636 1568 duae

391 1605 516 1671 illae,
542 1605 609 1659 de
637 1605 838 1675 quibus
863 1605 1090 1674 jamjam
1119 1604 1352 1675 egimus,
1387 1603 1624 1660 homilias
1654 1605 1858 1661 diserte
1896 1614 2293 1670 memorantur,
2324 1612 2378 1659 et
2419 1605 2486 1660 de
2526 1605 2831 1659 mutatione
2877 1605 3116 1658 nominis
3161 1603 3412 1668 Abrahae,
3458 1605 3634 1674 deque

389 1697 624 1750 aliorum
652 1696 936 1751 nominum
970 1699 1334 1767 propriorum,
1362 1714 1484 1769 qua:
1513 1699 1567 1754 in
1595 1698 1777 1754 Veteri
1831 1699 2181 1756 Testamento
2213 1709 2360 1765 sunt,
2393 1700 2789 1771 signiﬁcatione
2835 1709 3119 1755 tractatur.
3161 1700 3220 1754 in
3254 1699 3358 1754 hoc
3381 1714 3632 1755 sermone

391 1787 616 1857 perinde
653 1797 817 1859 atque
851 1790 904 1843 in
937 1791 1369 1859 praecedentibus
1419 1792 1679 1859 homiliis,
1714 1793 1874 1864 longo
1909 1793 2176 1862 prooemio
2207 1809 2342 1849 usus
2384 1803 2468 1849 est
2501 1793 2946 1863 Chrysostomus.
2981 1793 3119 1848 llinc
3163 1793 3399 1864 querelae
3441 1793 3624 1862 populi

389 1883 734 1949 Antiocheni,
765 1884 894 1940 hinc
926 1886 1376 1954 reprehensiones
1408 1887 1464 1940 in
1491 1886 1966 1957 Chrysostomum,
1993 1889 2064 1944 ob
2107 1889 2334 1942 nimiam
2379 1903 2573 1958 nempe
2607 1890 2993 1959 prooemiorum
3036 1890 3420 1958 prolixitatem.
3460 1887 3633 1959 Cujus

393 1971 750 2040 querimoniae
777 1973 1063 2028 occasione
1091 1975 1283 2043 paucis
1318 1975 1519 2045 elapsis
1540 1975 1732 2032 diebus
1761 1977 1908 2031 illam
1935 1977 2004 2031 de
2048 1975 2290 2033 ferendis
2333 1977 2851 2046 reprehensionibus
2899 1977 3180 2034 homiliam
3227 1979 3437 2044 habuit,
3468 1994 3638 2049 quam

393 2079 496 2121 nos
519 2066 572 2120 in
607 2067 747 2122 serie
779 2065 1141 2122 Homiliarum
1171 2069 1239 2124 de
1265 2071 1549 2125 nominum
1579 2071 1881 2126 mutatione
1904 2071 2195 2140 ponimus;
2224 2071 2353 2141 quia
2380 2072 2518 2142 ipsa,
2545 2071 2675 2127 licet
2705 2071 2757 2126 in
2786 2075 2938 2142 prius
2959 2073 3118 2128 editis
3143 2073 3404 2129 distracta
3431 2080 3484 2128 et
3505 2087 3634 2143 pro-

390 2159 482 2214 cul
504 2159 574 2214 ab
599 2160 722 2214 aliis
756 2161 955 2228 posita,
986 2177 1107 2217 sese
1137 2163 1318 2233 prodit
1347 2164 1449 2242 hoc
1481 2164 1673 2219 ordine
1705 2166 2009 2235 ponendam
2045 2180 2189 2231 esse,
2236 2181 2388 2220 num.
2422 2167 2480 2229 5,
2526 2165 2610 2220 his
2640 2166 2861 2222 verbis:
2912 2167 2988 2222 De
3021 2165 3192 2221 Paulo
3241 2175 3415 2220 autem
3463 2179 3634 2218 sermo

388 2247 542 2304 nobis
564 2265 727 2318 nuper
753 2259 889 2316 erat,
919 2255 1129 2322 quando
1172 2252 1236 2308 de
1273 2254 1571 2309 nominibus
1616 2256 2020 2323 disserebamus,
2057 2256 2520 2327 quaerebamusque
2568 2274 2665 2312 cur
2711 2258 3002 2328 aliquando
3042 2256 3260 2324 Saulus,
3293 2267 3476 2329 postea
3514 2271 3635 2309 vero

391 2342 596 2397 Paulus
624 2353 836 2400 vocatus
867 2347 1048 2415 fuerit.
1082 2347 1218 2402 Inde
1247 2365 1363 2404 vero
1403 2351 1627 2420 digressi
1659 2368 1840 2406 sumus
1885 2353 1955 2406 ad
2002 2361 2225 2406 veterem
2269 2353 2570 2420 historiam,
2619 2370 2898 2424 omnesque
2947 2355 3038 2425 qui
3085 2355 3301 2408 nomina
3343 2351 3632 2406 habuerant

388 2439 825 2494 examinavimus.
852 2439 1032 2511 Pergit
1061 2443 1225 2498 etiam
1252 2444 1308 2498 in
1337 2445 1438 2500 hac
1463 2447 1750 2512 concione,
1791 2462 1856 2501 ac
1885 2446 2138 2515 disquirit
2173 2461 2272 2503 cur
2314 2445 2487 2502 Paulo
2512 2461 2709 2503 nomen
2736 2456 3003 2504 mutatum
3033 2448 3126 2511 sit,
3157 2455 3210 2502 et
3242 2462 3342 2501 cur
3386 2460 3492 2499 non
3519 2450 3632 2497 sta-

389 2531 484 2585 tim
518 2531 588 2586 ab
613 2531 733 2600 ejus
764 2534 1142 2602 conversione,
1179 2536 1274 2592 sed
1299 2551 1406 2592 non
1441 2538 1654 2593 modico
1675 2546 1798 2608 post
1829 2539 1977 2594 illam
2009 2549 2250 2611 tempore
2283 2541 2354 2594 sit
2387 2548 2681 2594 mutatum.

461 2644 614 2702 Hanc
659 2647 939 2718 aliquanto
982 2650 1300 2720 interposito
1331 2658 1573 2724 tempore
1622 2654 1837 2724 excepit
1886 2653 2122 2711 Homilia
2169 2655 2224 2710 in
2279 2655 2435 2722 illud,
2484 2653 2690 2710 Paulus
2736 2665 2971 2722 vocatus,
3003 2655 3056 2710 in
3091 2656 3246 2725 cujus
3285 2655 3464 2710 medio
3487 2655 3633 2710 idem

389 2741 570 2812 ipsum
610 2745 782 2815 tangit
811 2757 1216 2816 argumentum,
1244 2759 1298 2804 et
1327 2761 1436 2806 tres
1471 2753 1684 2822 priores
1714 2754 1969 2811 homilias
1993 2764 2405 2821 commemorat,
2433 2755 2520 2810 bis
2540 2754 2724 2810 verbis
2756 2772 2770 2810 :
2805 2752 2950 2808 Num
2969 2793 2986 2818 ,
3023 2753 3068 2805 si
3109 2745 3480 2812 recordamini,
3519 2756 3626 2799 tres

388 2836 616 2907 integros
637 2838 747 2894 dies
772 2841 835 2894 de
862 2840 973 2896 solo
997 2842 1092 2896 hoc
1124 2844 1330 2897 nomine
1358 2843 1669 2900 disseruisse
1701 2862 1781 2901 me
1813 2849 1981 2914 scitis,
2007 2850 2133 2902 dum
2155 2865 2342 2904 causas
2378 2850 2640 2919 a/ferrem,
2659 2849 2721 2904 ob
2748 2865 2879 2919 quas
2896 2864 3015 2902 cum
3041 2844 3236 2901 Saulus
3266 2850 3388 2896 ante
3419 2855 3630 2894 vocare-

391 2940 502 2997 tur,
521 2931 723 2988 Paulus
749 2936 935 2991 deinde
956 2947 1172 2992 uocatus
1201 2949 1298 3007 est,
1323 2949 1372 2995 et
1400 2930 1736 3012 quamobrem
1764 2961 1864 2998 non
1894 2948 2078 2999 statim
2108 2948 2177 2998 ad
2206 2948 2362 3016 ﬁdem
2393 2963 2667 3001 conversus
2699 2948 2835 2999 hanc
2859 2944 3264 3014 appellationem
3285 2939 3506 3007 accepit,
3536 2935 3628 2989 sed

389 3022 462 3075 ad
488 3025 714 3080 multum
746 3037 947 3099 tempus
982 3047 1169 3085 nomen
1200 3034 1438 3099 retinuit,
1466 3037 1605 3105 quod
1634 3035 1718 3090 illi
1741 3049 1983 3105 parentes
2012 3037 2648 3107 imposuerant?Quibus
2681 3046 2790 3092 tres
2822 3023 2986 3091 hasce
3007 3035 3221 3104 priores
3249 3032 3316 3086 de
3346 3029 3628 3084 nominum

389 3117 697 3174 mutatione
736 3120 992 3178 homilias
1034 3125 1109 3179 ita
1149 3125 1353 3181 diserte
1392 3138 1814 3193 commemorat,
1861 3139 1921 3184 ut
1959 3131 2108 3186 nulla
2149 3132 2389 3202 supersit
2427 3131 2716 3186 adversum
2757 3125 3072 3198 suspicaudi
3110 3139 3297 3180 causa.
3340 3120 3433 3175 Hae
3466 3134 3630 3189 porro

389 3215 625 3276 quatuor
652 3210 890 3268 homiliae
920 3213 975 3268 in
1005 3216 1158 3285 prius
1186 3219 1343 3274 editis
1377 3219 1577 3276 misere
1622 3220 1920 3288 distractae,
1962 3230 2036 3289 et,
2090 3231 2147 3277 ut
2178 3223 2251 3277 ita
2279 3223 2494 3287 dicam,
2539 3221 2812 3292 dissipatae
2841 3229 3014 3284 erant,
3045 3225 3105 3272 ut
3136 3231 3245 3271 non
3289 3213 3394 3268 nisi
3427 3211 3628 3282 ingenti

390 3300 577 3356 labore
605 3315 792 3372 posset
817 3321 1002 3362 earum
1036 3309 1206 3380 series
1235 3311 1553 3380 internosci,
1583 3313 2044 3383 quemadmodum
2077 3323 2127 3369 et
2157 3296 2525 3382 praecedentes
2549 3314 2670 3369 aliae
2691 3321 2927 3384 quatuor
2953 3313 3008 3369 in
3034 3311 3292 3367 Actorum
3318 3304 3630 3375 inscriptio-

387 3407 545 3460 nem;
579 3405 782 3465 quanto
807 3407 987 3454 autem
1027 3401 1079 3454 id
1103 3401 1368 3458 lectorum
1403 3405 1686 3475 dispendio
1712 3407 1990 3473 acciderit,
2033 3417 2235 3462 norunt
2262 3407 2321 3472 ii,
2346 3407 2442 3479 qui
2477 3407 2561 3461 vel
2595 3406 2926 3476 primoribus
2953 3404 3122 3459 labris
3157 3417 3270 3457 rem
3295 3396 3629 3457 ecclesiasti-

389 3500 511 3540 cam
540 3486 857 3544 litterariam
887 3491 1204 3562 attigerunt.

465 3595 681 3667 Primae,
714 3604 968 3659 secundat
995 3614 1049 3660 et
1079 3613 1288 3677 quartae
1320 3606 1558 3662 homilias
1588 3608 1962 3676 interpretatio
1998 3609 2188 3663 Latina
2221 3619 2302 3663 est
2333 3610 2626 3666 Frontonis
2659 3611 2862 3675 Ducaai,
2892 3608 3064 3664 tertiae
3097 3621 3219 3661 vero
3254 3605 3492 3660 homilias
3529 3621 3626 3659 ηοω

386 3706 512 3748 vam
543 3696 876 3766 paravimus,
910 3699 1035 3769 quia
1067 3709 1221 3757 vetus
1255 3701 1345 3756 illa
1373 3701 1566 3756 incerti
1599 3703 1775 3758 versio
1807 3716 1914 3756 non
1947 3709 2203 3756 accurata
2233 3710 2373 3756 erat.

349 4115 487 4159 CUM
531 4114 765 4158 LECTUS
810 4116 1002 4160 ESSET
1043 4119 1183 4163 ILLE
1225 4122 1470 4166 TEXTCS
1501 4151 1516 4179 ,
1548 4124 1779 4170 SAULUS
1829 4130 2044 4175 AUTEM
2071 4132 2286 4175 ADHUC
2332 4131 2588 4176 SPIRANS
2627 4130 2822 4175 MINAS
2864 4130 2946 4173 ΕΤ
2999 4128 3262 4183 CEDEII,
3308 4124 3438 4170 CUM
3504 4125 3631 4168 EX-

430 4216 834 4260 SPRCTARENT
873 4217 1080 4264 OMNES
1125 4222 1444 4268 HOMILIAM
1487 4225 1554 4268 IN
1595 4225 1964 4274 PRINCIPIUM
2007 4231 2144 4274 CAP.
2190 4215 2229 4275 9
2274 4232 2569 4276 ACTOBUM
2613 4230 2988 4284 HABENDAM,
3036 4228 3116 4271 ET
3155 4226 3326 4279 QUOD
3369 4225 3617 4270 RESUR~

432 4316 762 4361 BECTIONIS
792 4319 1282 4366 DEMONSTBATIO
1325 4323 1424 4367 SIT
1466 4324 1651 4368 PAULI
1696 4326 1988 4372 VOCATIO.

1656 4433 2076 4488 —eam

425 4542 476 4594 l.
509 4539 753 4596 Homines
790 4558 888 4596 non
914 4551 1066 4608 sunt,
1093 4543 1180 4609 qui
1211 4543 1306 4598 Dei
1341 4545 1541 4600 verbum
1580 4561 1839 4618 spernunt.
1863 4581 1934 4592 --

351 4632 598 4687 llzeccine
625 4642 745 4687 sunt
779 4632 1034 4688 ferenda?
1055 4634 1288 4689 lunccine
1323 4645 1448 4690 sunt
1473 4638 1784 4694 toleranda?
1807 4641 1931 4696 Sin-

349 4723 485 4793 gulis
511 4723 698 4779 diebus
740 4739 924 4780 eorum
971 4741 1224 4781 numerus
1266 4727 1420 4781 nobis
1459 4729 1809 4799 imminuitur,
1841 4734 1932 4802 qui

346 4813 588 4870 collectis
612 4814 876 4870 intersunt
901 4833 915 4871 :
937 4824 990 4870 et
1019 4817 1174 4886 plena
1198 4817 1412 4886 quidem
1439 4827 1520 4874 est
1547 4820 1820 4876 hominum
1854 4823 1931 4878 ci-

347 4906 518 4973 vitas,
573 4914 628 4961 at
675 4907 900 4962 ecclesia
957 4918 1040 4962 est
1093 4907 1398 4965 hominibus
1444 4923 1606 4966 vacua
1652 4930 1665 4966 :
1717 4913 1929 4982 plenum

346 4999 562 5069 quidem
610 5008 694 5055 est
749 4999 942 5067 forum,
981 5009 1036 5056 et
1079 5001 1312 5068 theatra,
1339 5010 1394 5056 et
1435 5002 1707 5073 porticus:
1738 5003 1930 5062 domus

346 5100 524 5147 autem
577 5090 669 5146 Dei
725 5091 935 5149 deserta
993 5101 1113 5149 est:
1146 5095 1254 5149 imo
1304 5110 1463 5162 vero,
1512 5095 1557 5150 si
1607 5111 1791 5151 verum
1841 5096 1927 5152 di-

342 5185 574 5241 cendum
630 5192 750 5251 est,
801 5184 1054 5240 destituta
1103 5195 1186 5242 est
1243 5187 1548 5242 hominibus
1599 5188 1826 5256 civitas,
1876 5197 1930 5246 et

343 5277 500 5346 plena
540 5275 812 5332 hominum
857 5288 940 5332 est
976 5278 1221 5333 ecclesia.
1248 5278 1516 5349 Siquidem
1546 5279 1788 5335 homines
1831 5294 1930 5350 ap.

344 5369 579 5439 pellandi
604 5377 764 5436 sunt,
790 5386 895 5426 non
925 5371 1014 5441 qui
1043 5371 1094 5426 in
1125 5370 1244 5426 foro
1265 5413 1280 5438 ,
1311 5371 1406 5426 sed
1430 5387 1523 5426 vos
1549 5374 1637 5442 qui
1670 5373 1721 5427 in
1752 5373 1927 5428 eccle-

343 5463 422 5517 sia
451 5463 742 5518 versamini
769 5481 782 5519 :
812 5479 918 5518 non
951 5462 1028 5518 illi
1052 5462 1306 5519 socordes
1324 5505 1340 5529 ,
1373 5461 1466 5518 sed
1489 5477 1584 5518 vos
1609 5463 1926 5534 diligentes:

340 5570 448 5608 non
476 5554 574 5620 illi,
604 5554 694 5625 qui
719 5570 808 5610 res
833 5555 1118 5610 saeculares
1142 5554 1208 5608 ad
1233 5563 1508 5624 stuporem
1538 5570 1708 5627 usque
1731 5555 1929 5611 miran-

338 5655 448 5712 tur,
498 5645 594 5702 sed
641 5662 738 5702 vos
787 5647 875 5716 qui
916 5646 1213 5716 spiritualia
1258 5648 1520 5717 praefertis
1560 5649 1923 5704 smcularibus.

337 5735 453 5790 Non
493 5738 636 5793 enim
681 5736 726 5791 si
769 5738 886 5806 quis
913 5737 1146 5793 hominis
1170 5752 1365 5808 corpus
1397 5752 1460 5793 ac
1489 5753 1674 5794 vocem
1712 5738 1922 5806 habeat,

339 5829 541 5884 idcirco
582 5836 665 5884 est
710 5828 869 5884 homo
902 5845 914 5882 :
945 5829 1040 5886 sed
1086 5832 1130 5886 si
1173 5830 1290 5900 quis
1339 5828 1570 5886 hominis
1616 5831 1844 5886 animam
1872 5838 1927 5886 et

2041 4548 2381 4604 affectionem
2425 4545 2618 4601 anima:
2661 4543 2875 4598 habeat.
2919 4543 3086 4597 Porro
3139 4542 3385 4596 humana:
3435 4543 3622 4596 animas

2042 4641 2148 4695 tale
2177 4640 2378 4694 nullum
2399 4646 2482 4694 est
2503 4635 2779 4708 judicium,
2806 4649 2967 4704 quam
2991 4633 3034 4687 si
3059 4632 3362 4686 divinorum
3383 4631 3623 4700 eloquio-

2040 4731 2158 4785 ru'm
2185 4745 2370 4783 amore
2397 4728 2621 4782 ducatur
2650 4743 2664 4780 :
2696 4721 3144 4795 quemadmodum
3172 4721 3420 4776 bclluina:
3450 4736 3512 4775 ac
3536 4736 3621 4774 ra-

2040 4819 2202 4875 tionis
2244 4819 2477 4887 expertis
2524 4809 2716 4870 anima:
2755 4814 2963 4884 signum
3007 4822 3060 4866 et
3107 4820 3477 4881 argumentum
3521 4811 3628 4865 tale

2039 4912 2240 4965 nullum
2285 4918 2398 4974 est,
2438 4924 2500 4962 ac
2528 4909 2572 4962 si
2615 4905 2825 4976 eloquia
2850 4903 3028 4958 divina
3066 4909 3390 4957 contemnat.
3423 4900 3540 4953 Vin?
3568 4909 3625 4955 tu

2039 5001 2354 5072 intelligere,
2382 5014 2540 5070 quam
2569 5013 2692 5053 vere
2721 4996 2810 5066 qui
2839 4993 3004 5049 divini
3042 4993 3190 5047 verbi
3232 4990 3622 5062 expositionem

2037 5091 2220 5147 audire
2247 5091 2536 5162 negligunt,
2563 5105 2657 5159 per
2683 5086 2824 5141 hunc
2849 5094 3209 5154 contemptum
3229 5081 3474 5138 homines
3499 5097 3624 5138 esse

2037 5184 2320 5251 desinant,
2369 5191 2425 5238 et
2468 5182 2580 5252 ipsa
2612 5196 2705 5236 sua
2732 5181 2907 5235 nativa
2937 5177 3218 5234 nobilitate
3260 5186 3320 5231 se
3354 5173 3626 5246 spoliem?

2037 5277 2151 5332 Non
2182 5292 2358 5332 meum
2389 5274 2540 5330 vobis
2565 5289 2865 5329 sermonem
2893 5260 3183 5343 proferam,
3212 5269 3304 5324 sed
3340 5267 3616 5338 prOphetl-

2035 5385 2153 5424 cam
2182 5383 2369 5424 vocem
2398 5367 2688 5438 proferam,
2720 5381 2837 5436 qurc
2866 5362 3183 5419 sententiam
3214 5374 3389 5414 meam
3427 5357 3621 5411 contir-

2037 5445 2196 5528 met,
2231 5468 2291 5514 ut
2344 5458 2570 5513 videatis
2619 5471 2713 5513 eos
2760 5455 2852 5526 qui
2906 5450 3256 5523 Spiritualium
3310 5461 3617 5503 sermonum

2034 5561 2274 5607 amantes
2305 5565 2408 5604 non
2440 5558 2599 5614 sunt;
2642 5563 2710 5602 ne
2741 5545 2988 5600 homines
3015 5541 3228 5613 quidem
3259 5553 3381 5595 esse
3423 5551 3614 5608 posse;

2034 5652 2093 5699 ut
2115 5643 2382 5699 civitatem
2405 5638 2710 5695 hominibus
2739 5637 3005 5691 desertam
3035 5633 3188 5688 nobis
3213 5645 3332 5687 esse
3363 5627 3610 5686 videatis.

2036 5733 2168 5790 Nam
2213 5731 2378 5788 Isaias
2417 5731 2505 5802 qui
2536 5727 2862 5785 sublimitate
2885 5725 3030 5782 vocis
3049 5723 3168 5780 aliis
3195 5721 3488 5789 antecellit,
3524 5719 3613 5788 qui

2039 5825 2365 5883 mirabilium
2398 5824 2603 5880 illarum
2629 5827 2896 5893 spectator
2920 5817 3182 5874 visionum
3211 5813 3305 5870 fuit
3324 5854 3338 5882 ,
3373 5811 3458 5868 cui
3483 5820 3614 5861 cett-
