4060 6252
486 397 582 451 115

481 527 693 566 cessum
720 521 823 579 est,
854 519 910 566 ut
940 525 1058 566 cum
1085 511 1260 566 adhuc
1298 521 1440 568 esset
1467 528 1626 568 carne
1654 511 2018 568 circumdatus
2045 549 2059 573 ,

479 603 804 673 Seraphinns
834 603 1070 668 videret,
1117 603 1208 672 qui
1252 604 1535 674 mysticum
1567 603 1713 657 illum
1744 613 2061 657 concentum

479 695 700 762 audivit,
729 695 772 748 is
802 709 922 748 cum
954 695 1006 748 in
1037 694 1220 748 urbem
1247 694 1551 750 Iudaeorum
1597 697 1931 765 metropolim
1969 695 2065 748 ho-

480 788 709 844 minibus
748 786 998 843 refertam
1031 789 1304 858 ingressus
1335 797 1516 854 esset,
1547 788 1878 858 Jcrosolyma
1907 789 2064 842 nimi-

477 896 616 943 rum,
634 890 792 949 atque
810 880 860 933 in
885 879 1060 934 medio
1083 880 1200 934 foro
1220 879 1565 945 constitisset,
1589 895 1708 934 cum
1736 889 1848 934 toto
1871 881 2062 950 populo

476 971 863 1040 circumseptus
887 980 1047 1037 esset,
1078 987 1199 1026 cum
1227 971 1530 1040 signiﬁcare
1559 972 1715 1026 vellet
1754 987 1857 1024 non
1886 971 2060 1024 11οηιὶ-

473 1078 598 1116 nem
645 1076 803 1128 esse,
846 1063 934 1132 qui
982 1062 1327 1131 propheticos
1368 1078 1643 1116 sermones
1688 1077 1794 1116 non
1822 1062 2058 1127 audiret,

471 1156 711 1210 clamans
745 1155 952 1210 dicebat
973 1197 989 1221 ,
1026 1155 1181 1218 Veni,
1213 1165 1258 1208 ct
1290 1173 1390 1210 non
1419 1165 1524 1209 erat
1552 1156 1700 1208 homo
1727 1172 1746 1209 :
1769 1157 1939 1208 vocavi
1959 1196 1972 1219 ,
2012 1166 2060 1208 et

471 1266 576 1302 non
607 1260 715 1303 erat
749 1250 836 1316 qtti
864 1249 1082 1303 obediret
1114 1247 1267 1316 (lsui.
1298 1249 1387 1304 50.
1411 1249 1488 1320 2).
1523 1251 1698 1318 Atque
1727 1257 1783 1302 ut
1813 1248 1914 1304 hoc
1939 1263 2060 1304 eSse

471 1344 670 1396 dictum
703 1343 967 1412 intelligas
997 1358 1100 1396 non
1132 1341 1200 1396 ob
1229 1343 1502 1396 raritatem
1529 1357 1715 1397 eorum
1738 1383 1752 1405 ,
1785 1342 2059 1412 qui-ades-

473 1443 615 1496 sent,
650 1451 832 1488 verum
864 1435 932 1487 ob
959 1449 1141 1488 eorum
1175 1434 1473 1488 socordiam
1504 1436 1589 1504 qui
1617 1435 1878 1501 audirent,
1909 1447 2058 1504 post-

470 1541 629 1594 quam
657 1525 792 1578 dixit
817 1565 829 1589 ,
875 1523 1030 1589 Veni,
1060 1534 1102 1577 et
1134 1541 1232 1578 non
1273 1535 1378 1577 erat
1421 1525 1605 1591 homo,
1649 1525 1954 1594 subjunxit,
1991 1526 2059 1579 Et

472 1634 574 1670 non
600 1625 706 1670 erat
733 1617 820 1686 qui
849 1614 1090 1670 obediret.
1124 1615 1306 1685 Itaque
1336 1615 1561 1669 aderant
1588 1617 1660 1670 illi
1687 1617 1898 1686 quidem
1921 1659 1934 1679 ,
1964 1616 2057 1670 sed

475 1707 666 1761 adesse
708 1721 815 1759 non
856 1705 1229 1770 censebantur,
1276 1705 1704 1775 quandoquidem
1745 1707 2057 1776 prophetam

472 1814 582 1852 non
609 1797 892 1853 audiebant
921 1814 932 1849 :
968 1805 1243 1866 propterea
1270 1837 1284 1862 ,
1317 1796 1744 1865 quandoquidem
1786 1797 1962 1864 venit,
2005 1808 2057 1852 et

477 1908 580 1946 non
612 1901 724 1946 erat
755 1891 914 1944 homo
951 1908 964 1944 :
1001 1890 1238 1955 vocavit,
1285 1899 1338 1944 et
1377 1904 1479 1942 non
1509 1899 1623 1943 erat
1661 1891 1749 1959 qui
1780 1891 2052 1958 obediret,

469 1985 765 2039 orationem
787 1983 852 2038 ad
869 1984 1130 2038 elementa
1157 1984 1439 2048 convertit,
1463 1992 1515 2037 et
1533 1983 1606 2036 ait
1634 2001 1646 2036 :
1674 1983 1830 2050 Audi,
1853 1985 2049 2050 erctum,

469 2088 516 2130 et
543 2077 750 2130 nuribus
779 2075 998 2144 percipe,
1024 2084 1155 2128 terra
1182 2073 1288 2145 (lrl.
1322 2075 1370 2128 I.
1395 2073 1475 2144 2).
1505 2073 1636 2128 Nam
1691 2076 1936 2146 equidem
1988 2077 2053 2130 ad

469 2168 732 2232 homines,
767 2167 956 2236 inquit,
990 2166 1185 2222 missus
1212 2167 1415 2220 fueram
1437 2207 1451 2230 ,
1481 2165 1547 2219 ad
1576 2165 1818 2221 homines
1847 2168 2053 2222 ratione

468 2276 531 2316 ac
581 2271 762 2316 mente
804 2260 1057 2330 praeditos
1091 2259 1345 2330 :quando
1388 2270 1564 2313 autem
1607 2275 1777 2330 neque
1816 2260 2049 2326 ratione,

471 2370 644 2424 neque
688 2369 846 2408 sensu
897 2352 1106 2423 prmditi
1151 2361 1274 2406 sunt
1307 2353 1427 2416 isti,
1475 2363 1753 2422 propterea
1801 2352 2052 2408 destituta

471 2461 635 2500 sensu
661 2446 906 2514 alloquor
933 2445 1219 2509 elementa,
1249 2445 1304 2497 in
1333 2443 1803 2513 reprehensionem
1827 2459 2010 2498 eorum
2033 2485 2048 2510 ,

468 2536 558 2606 qui
589 2551 710 2589 cum
744 2534 987 2587 honorati
1031 2549 1189 2588 sensu
1235 2533 1492 2598 fuissent,
1525 2544 1700 2588 tamen
1730 2534 1933 2589 honore
1962 2535 2052 2588 illo

469 2642 575 2681 non
606 2635 841 2680 utuntur.
867 2623 954 2680 Sic
980 2624 1140 2680 etiam
1168 2625 1303 2679 alter
1329 2625 1582 2695 prepheta
1611 2624 1744 2680 dixit
1770 2625 2047 2682 Jeremias.

468 2717 738 2788 Siquidem
768 2717 854 2772 ille
878 2731 1091 2787 quoque
1132 2717 1184 2771 in
1231 2715 1409 2772 medio
1433 2716 1736 2770 Iudaeorum
1765 2728 1904 2772 coetu
1929 2733 2049 2772 cum

468 2810 721 2874 stetisset,
748 2809 800 2863 in
827 2808 1015 2863 eadem
1043 2807 1130 2862 illa
1161 2808 1308 2873 urbe,
1342 2809 1490 2878 quasi
1517 2808 1692 2863 nullus
1712 2809 1941 2877 adesset,
1978 2811 2050 2864 ita

465 2901 764 2957 clamabat:
787 2901 866 2954 Ad
893 2918 1038 2971 quem
1060 2901 1256 2972 loquar,
1281 2911 1326 2954 et
1353 2903 1664 2956 contestabor
1682 2901 1810 2973 (Jer.
1837 2904 1888 2957 6.
1917 2903 2050 2974 10)?

467 2995 602 3062 Quid
630 2995 748 3048 ais?
772 3008 892 3047 cum
926 3003 1123 3048 tantam
1155 2993 1334 3048 videas
1357 2994 1746 3050 multitudinem
1769 3037 1784 3060 ,
1813 2997 2010 3066 quarris
2029 3038 2045 3065 ,

465 3101 623 3156 quem
646 3085 1010 3154 alloquuturus
1037 3087 1143 3142 sis?
1167 3087 1358 3152 Qua:ro
1374 3087 1638 3155 equidem,
1661 3087 1860 3156 inquit:
1885 3086 2048 3156 siqui-

465 3178 589 3232 dem
621 3177 902 3232 multitudo
926 3192 1210 3246 corporum
1246 3186 1356 3242 est,
1382 3192 1486 3230 non
1516 3177 1786 3231 hominum
1811 3178 2040 3231 multitu-

465 3271 536 3324 do
561 3284 874 3339 :corporum
900 3278 983 3324 est
1006 3269 1307 3334 multitudo,
1333 3285 1451 3338 quae
1475 3270 1661 3324 auditu
1691 3286 1797 3325 non
1825 3272 2045 3341 pollent.

467 3361 668 3416 Idcirco
685 3361 844 3416 etiam
874 3359 1066 3429 adjecit
1082 3379 1094 3414 :
1114 3359 1490 3416 Incircumcisa:
1501 3372 1615 3416 sunt
1630 3380 1776 3418 aures
1791 3380 1980 3427 eorum,
2002 3375 2048 3419 et

465 3452 643 3507 audire
660 3469 758 3505 non
775 3461 1001 3522 possunt.
1022 3451 1182 3507 Vides
1209 3467 1396 3508 omnes
1419 3454 1547 3510 istos
1569 3471 1634 3509 eo
1660 3455 1801 3525 quod
1819 3471 1922 3511 non
1944 3473 2011 3510 au
2026 3490 2041 3498 -

464 3544 632 3611 diant,
664 3542 907 3598 homines
933 3558 1037 3597 non
1062 3544 1215 3599 esse?
1238 3545 1328 3600 llle
1353 3545 1486 3600 dixit
1518 3564 1530 3600 :
1572 3545 1717 3612 Veni,
1742 3558 1788 3601 et
1817 3565 1916 3602 non
1940 3561 2045 3604 erat

464 3638 614 3690 homo
645 3653 664 3691 :
693 3637 861 3690 vocavi
881 3677 895 3699 ,
925 3645 969 3689 et
1001 3651 1100 3688 non
1128 3645 1234 3689 erat
1265 3638 1350 3706 qui
1377 3637 1601 3691 obcdirct
1632 3655 1650 3691 :
1678 3638 1761 3692 hic
1788 3640 1936 3707 dicit,
1967 3641 2047 3693 Ad

463 3746 611 3800 quem
655 3728 832 3798 loquar
869 3739 914 3783 et
953 3730 1308 3783 contestabor?
1337 3731 1700 3786 incircumciste
1741 3742 1859 3786 sunt
1899 3750 2046 3787 aures

467 3841 673 3891 eorum,
707 3832 752 3878 et
791 3823 971 3877 audire
1013 3841 1112 3878 non
1157 3834 1384 3895 possunt.
1415 3824 1565 3892 Quod
1596 3825 1642 3878 si
1679 3840 1772 3880 eos
1813 3826 1900 3895 qui
1948 3827 2044 3880 ad-

465 3924 651 3981 erant.
683 3925 962 3985 propterea
995 3914 1133 3985 quod
1163 3915 1441 3986 diligenter
1468 3916 1534 3971 ad
1564 3932 1626 3970 ea
1651 3933 1768 3986 qua:
1796 3917 2046 3973 diceban-

461 4020 546 4064 tur
575 4026 680 4064 nou
715 4008 1078 4072 attendebant,
1109 4025 1176 4062 ne
1207 4009 1451 4062 homines
1480 4008 1693 4077 quidem
1719 4024 1838 4064 esse
1865 4010 2047 4064 dicunt

463 4101 736 4171 prophetae
767 4119 780 4154 :
807 4100 932 4168 quid
959 4100 1200 4153 dicemus
1230 4113 1327 4152 nos
1355 4099 1423 4153 de
1453 4099 1556 4152 illis
1595 4100 1684 4167 qui
1734 4115 1839 4153 non
1884 4101 2045 4155 modo

464 4207 568 4244 non
597 4190 851 4252 audiunt,
885 4189 977 4242 sed
1024 4204 1090 4242 ne
1133 4187 1336 4257 ingredi
1367 4188 1583 4256 quidem
1627 4188 1740 4243 haec
1786 4190 2044 4246 vestibula

463 4299 613 4339 sacra
643 4282 948 4352 dignantur,
977 4280 1046 4335 de
1076 4280 1180 4334 illis
1207 4280 1294 4350 qui
1322 4289 1471 4335 extra
1502 4295 1710 4336 sacrum
1754 4283 1895 4337 hunc
1921 4299 2044 4353 gre-

459 4392 581 4447 gem
611 4382 886 4445 vagantur,
916 4373 1002 4442 qui
1037 4371 1214 4442 procul
1245 4372 1310 4427 ab
1337 4371 1537 4426 uadibus
1568 4373 1683 4427 istis
1709 4374 1964 4428 maternis
1993 4374 2043 4428 in

461 4468 631 4527 triviis
658 4474 713 4522 et
737 4464 1028 4535 angiportis
1069 4473 1338 4534 tamquam
1390 4463 1681 4518 insolentes
1709 4480 1772 4519 ac
1794 4463 2044 4519 socordes

459 4561 675 4633 quidam
707 4560 912 4630 pueruli
955 4558 1274 4615 versantur?
1298 4557 1429 4611 Nam
1462 4567 1514 4612 et
1553 4558 1659 4622 illi,
1692 4574 1810 4611 cum
1860 4567 2043 4628 pater-

460 4669 583 4710 nam
627 4653 844 4708 domum
889 4649 1252 4711 deseruerint,
1285 4648 1481 4703 alicubi
1528 4647 1655 4702 foris
1684 4648 1960 4711 oberrant,
1991 4658 2046 4703 et

461 4756 603 4803 totos
646 4745 761 4800 dies
809 4744 864 4799 in
909 4741 1047 4797 ludis
1095 4741 1383 4812 puerilibus
1415 4740 1713 4810 transigunt
1744 4757 1756 4793 :
1789 4755 1946 4810 quam
1975 4740 2044 4794 ob

457 4851 673 4894 causam
713 4844 766 4890 et
798 4834 1065 4900 libertate,
1096 4848 1157 4887 ac
1188 4846 1561 4902 smpenumero
1586 4832 1690 4884 vita
1719 4830 1928 4900 pueruli
1959 4839 2042 4884 ta-

460 4928 538 4985 les
566 4928 857 4997 privantur.
888 4924 1020 4980 Nam
1049 4940 1169 4979 cum
1209 4924 1262 4978 in
1289 4938 1480 4978 manus
1527 4923 1904 4992 plagiariorum
1954 4931 2044 4976 aut

462 5021 774 5089 praedonum
818 5016 1119 5080 inciderint,
1168 5031 1310 5085 saepe
1352 5025 1524 5070 morte
1570 5015 1903 5086 negligentiae
1933 5029 2044 5068 suae

461 5127 648 5182 pmnas
674 5111 843 5164 luunt.
867 5109 1135 5178 Siquidem
1161 5109 1388 5178 arreptis
1417 5109 1544 5180 ipsis
1568 5124 1687 5164 cum
1711 5123 1870 5163 aurea
1888 5122 2045 5162 orna-

463 5211 640 5257 menta
671 5199 983 5256 sustulerint
1014 5200 1110 5266 illi,
1143 5210 1228 5254 aut
1259 5199 1535 5254 fluminum
1568 5200 1721 5254 undis
1745 5199 2004 5254 suffocant
2025 5241 2040 5264 ,

460 5305 552 5350 aut
576 5296 620 5350 si
647 5293 772 5364 quid
810 5292 988 5346 mitius
1024 5291 1090 5346 de
1134 5291 1239 5345 illis
1272 5292 1586 5358 statuerint,
1617 5293 1667 5346 in
1704 5293 2042 5363 longinquam

461 5388 580 5442 illos
622 5387 894 5456 regionem
931 5382 1189 5438 abductos
1219 5397 1282 5437 ac
1312 5383 1551 5438 servituti
1581 5383 1820 5438 addictos
1861 5384 2045 5437 diven-

459 5478 612 5532 duut.
641 5477 784 5532 Idem
812 5476 928 5530 istis
956 5475 1115 5530 etiam
1142 5474 1351 5530 accidit.
1383 5473 1511 5528 Cum
1538 5476 1676 5528 enim
1707 5474 1861 5544 longe
1887 5490 1915 5528 a
1949 5490 2042 5541 pa-

462 5578 607 5623 terna
635 5569 794 5622 domo
815 5577 868 5622 et
888 5567 1044 5637 hujus
1071 5567 1252 5638 templi
1281 5565 1703 5636 frequentatione
1725 5565 2040 5629 aberrarint,

464 5661 517 5714 in
559 5657 927 5713 hzcreticorum
960 5675 1051 5714 ora
1084 5660 1354 5722 incidunt,
1395 5668 1449 5711 et
1485 5658 1534 5711 in
1577 5657 1781 5726 linguas
1813 5655 2040 5708 hostimn

460 5751 743 5808 veritatis:
777 5761 884 5805 tum
937 5752 1010 5806 illi
1059 5766 1179 5806 eum
1225 5762 1491 5818 tamquam
1541 5748 1776 5819 plagiarii
1830 5747 2040 5815 quidam

460 5847 605 5917 ipsos
650 5844 970 5910 invaserint,
1009 5853 1062 5898 et
1105 5858 1266 5898 aureo
1316 5841 1435 5896 ﬁdei
1480 5851 1667 5896 ornatu
1716 5840 1991 5920 spoliarint
2019 5881 2033 5907 ,

1193 399 1250 455 S.
1291 398 1565 457 JOANNIS
1601 395 2078 456 CIIRYSOSTOMI
2118 395 2434 458 ARCHIEP.
2463 403 2988 470 CONSTANTINOP.

3656 421 3760 479 ΗΘ

2180 515 2453 571 confestim
2479 534 2573 575 eos
2602 537 2704 577 non
2727 525 2778 578 in
2805 526 3002 582 ﬂumen
3026 530 3311 600 projectos,
3341 535 3436 590 sed
3464 535 3518 592 in
3547 539 3756 596 turbida

2169 607 2412 677 dogmata
2444 613 2648 670 foetoris
2675 619 2756 672 sui
2783 619 3057 677 demersos
3079 635 3325 683 enecant.
3595 610 3598 614 ί

2239 701 2293 754 2.
2341 702 2644 759 Vcstrarum
2694 707 2795 762 hoc
2836 711 3062 780 partium
3111 714 3296 782 fuerit,
3336 717 3492 773 saluti
3533 720 3754 777 fratrum

2168 795 2470 862 consulere,
2489 805 2648 868 atque
2667 799 2733 853 ad
2757 815 2853 856 nos
2879 801 3000 857 illos
3025 804 3302 871 reducere,
3333 809 3457 864 licet
3483 813 3749 879 resistant,

2169 887 2292 941 licet
2320 891 2631 958 reclament,
2665 893 2786 947 licet
2817 895 3196 953 lamententur.
3230 901 3452 956 Puerilis
3482 915 3563 958 est
3587 907 3748 961 animi

2166 979 2440 1034 contentio
2479 981 2577 1034 ista
2621 991 2674 1036 et
2713 985 3055 1055 negligentia.
3093 989 3194 1044 Vos
3220 1006 3348 1044 vero
3386 993 3747 1063 imperfectam

2167 1069 2341 1124 adhuc
2380 1080 2537 1141 atque
2580 1073 2650 1128 ita
2691 1076 2882 1130 misere
2937 1077 3179 1135 affectam
3239 1082 3471 1151 ipsorum
3517 1087 3747 1142 animam

2165 1162 2447 1230 corrigite;
2511 1165 2672 1220 vestri
2717 1169 2952 1222 muneris
3001 1179 3114 1236 est,
3161 1182 3218 1226 ut
3272 1173 3374 1229 illis
3423 1176 3747 1243 persuadea-

2167 1254 2268 1317 tis,
2323 1265 2378 1308 ut
2429 1254 2672 1312 homines
2712 1258 2858 1314 fiant.
2908 1260 3041 1315 Nam
3085 1264 3531 1332 quemadmodum
3581 1283 3744 1335 eum,

2164 1344 2254 1413 qui
2304 1344 2530 1401 humana
2589 1360 2864 1404 aversetur
2915 1352 3201 1420 alimenta,
3253 1365 3308 1410 et
3359 1371 3480 1411 cum
3531 1360 3748 1428 pecudi-

2163 1433 2265 1488 bus
2322 1437 2489 1504 spinis
2529 1437 2811 1510 herbisque
2857 1453 3122 1512 pascatur,
3173 1445 3441 1502 hominem
3491 1464 3610 1504 esse
3644 1451 3747 1504 mi—

2164 1523 2307 1578 nime
2328 1525 2566 1582 dicemus
2591 1545 2603 1580 :
2630 1533 2708 1584 sic
2734 1532 2985 1586 nimirum
3007 1549 3149 1602 eum,
3173 1537 3260 1606 qui
3286 1553 3462 1592 veram
3483 1548 3535 1594 et
3555 1541 3745 1594 animae

2163 1618 2568 1672 convenientem
2596 1617 2841 1676 humana:
2871 1638 3049 1678 escam
3079 1626 3276 1693 oderit,
3309 1643 3430 1697 qua:
3456 1644 3522 1683 ex
3555 1630 3745 1684 divinis

2163 1714 2372 1760 constat
2411 1707 2670 1778 eloquiis,
2712 1711 2768 1765 in
2815 1714 3158 1768 smcularibus
3205 1726 3380 1770 autem
3423 1719 3647 1772 caatibus
3690 1732 3745 1774 et

2162 1799 2307 1853 onmi
2340 1799 2576 1855 foeditate
2604 1801 3022 1859 redundantibus
3048 1807 3260 1860 circulis
3285 1809 3534 1874 resideat,
3564 1819 3618 1864 et
3663 1811 3746 1864 in-

2162 1890 2298 1960 iquis
2323 1892 2493 1947 alatur
2518 1894 2715 1956 verbis,
2759 1894 3028 1950 hominem
3059 1898 3332 1968 appellare
3373 1900 3590 1954 minime
3620 1917 3744 1971 pos-

2161 1999 2363 2037 smnus.
2397 1985 2667 2054 Siquidem
2701 1987 2839 2056 apud
2870 2003 2967 2042 nos
2995 1988 3156 2042 homo
3183 1999 3266 2044 est
3307 2006 3411 2045 non
3455 1993 3498 2046 is
3542 2002 3742 2048 tantum

2159 2075 2248 2143 qui
2279 2089 2414 2143 pane
2442 2086 2706 2142 vescatur,
2736 2079 2828 2132 sed
2855 2081 2942 2148 qui
2975 2082 3279 2149 priusquam
3305 2082 3416 2135 ullo
3442 2083 3578 2148 cibo,
3609 2085 3745 2138 divi-

2159 2167 2243 2220 nis
2271 2182 2333 2222 ac
2362 2168 2724 2237 spiritualibus
2767 2170 2994 2239 eloquiis
3039 2171 3357 2240 perfruatur.
3407 2174 3520 2228 Iloc
3563 2186 3741 2230 autem

2159 2257 2428 2314 hominem
2459 2275 2596 2325 esse,
2628 2260 2774 2315 disce
2800 2276 2864 2315 ex
2893 2261 2974 2316 his
2999 2278 3117 2332 qua:
3143 2261 3384 2318 Christus
3410 2264 3599 2320 effatus
3624 2276 3738 2320 est:

2162 2348 2280 2404 Non
2303 2352 2354 2405 in
2382 2353 2490 2405 solo
2517 2367 2648 2421 pane
2673 2353 2797 2406 vivet
2825 2353 3005 2420 homo,
3034 2353 3124 2408 sed
3150 2354 3202 2407 in
3229 2355 3366 2407 omni
3400 2354 3546 2409 verbo
3564 2398 3578 2422 ,
3609 2359 3741 2425 quod

2157 2443 2379 2511 procedit
2409 2442 2472 2496 de
2497 2459 2584 2496 ore
2609 2442 2707 2496 Dei
2732 2441 2954 2514 (Matth.
2985 2445 3037 2497 4.
3069 2441 3146 2515 4).
3179 2443 3362 2514 Itaque
3388 2444 3586 2514 duplex
3617 2447 3740 2500 vita:

2157 2543 2354 2587 nostrae
2379 2542 2461 2587 est
2491 2533 2801 2588 alimentum
2823 2575 2836 2598 ,
2868 2550 3031 2589 unum
3059 2535 3291 2590 deterius
3311 2579 3325 2603 ,
3357 2537 3582 2591 alterum
3613 2552 3740 2591 vero

2157 2625 2534 2694 praestantius:
2567 2633 2622 2679 et
2669 2624 2772 2680 hoc
2813 2626 3078 2695 praecipue
3117 2627 3503 2695 capessendum
3533 2638 3648 2691 est,
3684 2641 3740 2681 ut

2155 2724 2210 2769 et
2240 2715 2472 2769 animam
2494 2715 2640 2770 alere
2662 2716 2945 2785 possimus,
2970 2732 3143 2787 neque
3165 2715 3304 2773 fame
3332 2718 3475 2772 illam
3501 2721 3735 2789 torqueri

2153 2806 2408 2860 sinamus.
2441 2805 2499 2860 In
2529 2816 2703 2861 vestra
2730 2807 2886 2877 igitur
2914 2817 3177 2877 potestate
3203 2809 3360 2863 situm
3387 2820 3490 2873 est,
3523 2822 3576 2863 ut
3601 2811 3735 2864 civi-

2157 2907 2317 2954 tatem
2344 2899 2498 2953 nobis
2529 2898 2801 2953 hominum
2833 2900 3042 2970 plenam
3069 2901 3332 2955 efﬁciatis.
3356 2903 3580 2968 Quando
3602 2920 3733 2974 ergo

2153 2989 2402 3045 destituta
2431 2999 2514 3045 est
2542 2990 2847 3045 hominibus
2873 2992 3048 3061 ampla
3077 3001 3129 3046 et
3155 2993 3416 3062 p0pulosa
3447 2993 3559 3049 haec
3601 2995 3736 3049 civi-

2155 3091 2254 3148 tas,
2274 3098 2484 3153 mquum
2505 3092 2586 3138 est
2617 3091 2673 3137 ut
2700 3083 2886 3154 patria:
2911 3093 3101 3138 vestra:
3132 3082 3267 3138 hanc
3287 3085 3518 3165 gratiam
3543 3095 3596 3140 et
3621 3101 3738 3139 tnu-

2153 3175 2475 3230 niﬁcentiam
2504 3174 2814 3240 conferatis,
2849 3185 2908 3230 ut
2939 3176 3264 3232 transmissis
3294 3175 3361 3230 ad
3392 3191 3485 3231 eos
3507 3193 3622 3247 qutc
3649 3177 3738 3233 hic

2151 3266 2478 3331 didiceritis,
2509 3266 2732 3320 fratrum
2763 3267 2916 3322 nobis
2947 3269 3154 3323 animos
3186 3268 3562 3324 reconcilietis.
3598 3269 3734 3323 'I‘um

2150 3359 2292 3413 enim
2322 3373 2519 3414 mensze
2541 3359 2824 3428 participes
2853 3374 2952 3412 nos
2967 3358 3138 3414 fuisse
3164 3361 3592 3430 comprobamus,
3624 3376 3733 3415 non

2151 3465 2272 3504 cum
2305 3464 2541 3505 mensam
2569 3451 2845 3506 laudamus
2874 3461 3098 3520 tantum,
3129 3452 3222 3507 sed
3247 3468 3366 3507 cum
3399 3454 3483 3517 iis,
3513 3455 3603 3523 qui
3629 3453 3732 3506 ab-

2151 3538 2379 3608 fu'erint,
2411 3544 2732 3599 cibariorum
2757 3544 3028 3614 quidpiam
3073 3545 3250 3615 largiri
3292 3561 3590 3615 possumus.
3621 3546 3734 3601 Hoc

2152 3647 2204 3691 et
2233 3653 2328 3692 vos
2357 3653 2497 3691 nunc
2539 3637 2676 3706 agite
2701 3678 2716 3702 ,
2747 3639 2931 3707 sicque
2967 3638 3278 3692 alterutrum
3307 3654 3375 3692 ex
3407 3638 3488 3692 his
3524 3637 3735 3693 duobus

2150 3727 2374 3781 omnino
2400 3727 2610 3781 eveniet
2638 3767 2650 3789 ,
2682 3735 2740 3779 ut
2770 3727 2854 3779 vel
2884 3726 2987 3780 illis
3020 3727 3412 3794 persuadeatis,
3453 3727 3518 3782 ad
3548 3744 3644 3783 nos
3675 3738 3733 3785 ut

2150 3819 2408 3885 redeant,
2441 3819 2525 3873 vel
2567 3819 2610 3872 si
2649 3819 2702 3872 in
2732 3819 2916 3873 eadem
2959 3821 3304 3876 contentione
3347 3833 3731 3893 perseverent,

2152 3919 2342 3965 vestrae
2390 3911 2581 3980 [iugum
2621 3926 2780 3980 opera
2813 3913 3136 3978 nutriantur,
3169 3913 3274 3967 imo
3305 3929 3432 3968 vero
3461 3915 3614 3984 plane
3641 3932 3732 3970 περ

2151 4011 2444 4056 vertantur.
2484 4002 2600 4057 Non
2632 4003 2772 4056 enim
2803 4004 2978 4072 potius
3021 4003 3212 4072 eligent
3258 4005 3482 4073 gratuita
3532 4006 3732 4061 beneﬁ-

2151 4094 2322 4148 centia
2347 4093 2556 4159 nutriri,
2590 4108 2710 4147 cum
2740 4108 2836 4162 pro
2859 4093 3095 4162 suojure
3122 4096 3320 4160 possint
3363 4095 3459 4163 ipsi
3500 4095 3598 4150 hac
3640 4112 3734 4166 pa-

2154 4194 2302 4238 terna
2325 4198 2506 4237 mensa
2535 4185 2712 4252 potiri.
2741 4184 2845 4239 Sed
2877 4184 2976 4238 hoc
3015 4199 3106 4238 vos
3135 4185 3306 4239 facere
3325 4226 3340 4250 ,
3373 4187 3453 4239 vel
3500 4187 3686 4241 fecisse
3710 4229 3726 4252 ,

2150 4277 2234 4330 vel
2261 4291 2380 4330 esse
2418 4275 2648 4330 facturos
2694 4276 2850 4344 plane
2891 4275 3101 4330 conﬁdo
3143 4276 3446 4346 credoque;
3493 4277 3730 4347 quando-

2150 4367 2362 4438 quidem
2394 4366 2699 4436 frequenter
2722 4366 2787 4420 ad
2820 4367 2930 4422 haec
2963 4367 3160 4422 hortari
3193 4382 3288 4422 vos
3314 4384 3419 4422 non
3442 4368 3644 4430 destiti,
3674 4378 3730 4423 et

2149 4475 2244 4515 vos
2273 4475 2482 4530 quoque
2511 4462 2654 4514 omni
2694 4459 2913 4514 scientia
2962 4461 3150 4528 repleti
3191 4462 3318 4515 estis
3338 4505 3352 4528 ,
3383 4462 3470 4531 qui
3512 4470 3567 4516 et
3595 4462 3728 4516 alios

2155 4551 2447 4606 admonere
2487 4553 2710 4621 possitis
2738 4552 2912 4623 (Rom.
2943 4553 3029 4608 15.
3062 4553 3164 4619 II).
3207 4553 3323 4607 Iam
3353 4567 3482 4606 vero
3515 4559 3724 4618 tempus

2153 4655 2258 4710 est,
2283 4653 2341 4698 ιιι
2362 4653 2605 4698 nostram
2631 4646 2786 4702 vobis
2815 4646 2958 4699 hanc
2989 4661 3230 4701 mensam
3263 4642 3726 4715 apponamus,vi—

2156 4735 2258 4790 lem
2273 4735 2489 4803 quidem
2506 4735 2675 4804 ipsam
2692 4751 2754 4789 ac
2769 4744 3064 4798 teuuem,et
3077 4752 3196 4806 qum
3209 4737 3431 4789 multam
3447 4733 3728 4804 penuriam

2157 4843 2267 4898 prae
2289 4844 2346 4882 se
2367 4827 2524 4892 ferat,
2550 4828 2645 4883 sed
2673 4845 2792 4899 qua:
2815 4829 3018 4898 optimo
3036 4838 3214 4882 tamen
3233 4829 3340 4883 cibi
3357 4826 3726 4887 condimento,

2157 4917 2441 4973 alacritate
2481 4918 2814 4983 auditorum,
2863 4919 3131 4972 instructa
3166 4920 3260 4972 sit.
3298 4918 3542 4972 Mensam
3582 4916 3728 4971 enim

2149 5006 2312 5062 efficit
2349 5007 2786 5076 jucundissimam
2817 5021 2922 5059 non
2960 5005 3202 5059 ciborum
3231 5007 3610 5072 sumptuositas
3645 5020 3732 5058 so-

2152 5102 2282 5164 lum,
2315 5100 2409 5155 sed
2441 5115 2624 5154 eorum
2653 5101 2812 5154 etiam
2841 5099 2930 5168 qui
2963 5098 3165 5152 invitati
3201 5096 3396 5151 fuerint
3425 5095 3728 5166 appetitus:

2151 5195 2228 5250 sic
2257 5203 2309 5248 et
2336 5195 2476 5246 lauta
2508 5201 2560 5246 et
2588 5191 2867 5261 magniﬁca
2899 5206 3082 5244 mensa
3115 5191 3234 5244 vilis
3259 5205 3321 5244 ac
3363 5191 3540 5244 tenuis
3569 5205 3730 5258 appa-

2152 5288 2308 5350 rebit,
2334 5287 2436 5340 nisi
2464 5284 2600 5337 fame
2627 5285 2816 5353 pressi,
2845 5284 2934 5354 qui
2960 5283 3169 5345 adsunt,
3197 5280 3263 5334 ad
3292 5282 3432 5334 illam
3455 5281 3728 5344 accedant;

2151 5379 2228 5434 sic
2251 5378 2409 5432 etiam
2433 5375 2550 5429 vilis
2567 5385 2873 5444 sumptuosa
2905 5373 3226 5438 censebitur,
3255 5374 3296 5425 si
3317 5372 3590 5426 famelicos
3609 5385 3732 5424 suos

2152 5469 2402 5524 convivas
2444 5467 2727 5536 acceperit.
2783 5465 2944 5536 quue
2988 5480 3108 5519 cum
3159 5465 3324 5533 probe
3372 5473 3554 5518 nosset
3601 5463 3731 5517 alius

2154 5560 2412 5630 quispiam
2438 5576 2453 5623 ,
2489 5574 2594 5612 non
2622 5573 2686 5612 ex
2718 5565 2902 5610 natura
2929 5556 3167 5610 ciborum
3196 5596 3210 5619 ,
3244 5553 3336 5609 sed
3365 5569 3429 5609 ex
3456 5553 3646 5608 affectu
3672 5568 3732 5606 ac

2152 5651 2499 5720 diSpositione
2529 5649 2867 5704 convivarum
2899 5647 2966 5702 de
2998 5661 3302 5700 mensarum
3346 5645 3730 5715 magniﬁcentia

2149 5743 2404 5814 judicium
2433 5743 2579 5809 ferri,
2609 5742 2692 5796 his
2716 5742 2890 5796 verbis
2917 5743 3080 5796 utitur
3104 5758 3117 5792 :
3151 5739 3356 5803 Anima,
3381 5754 3492 5808 qua:
3511 5738 3564 5791 in
3591 5748 3730 5792 satu-

2157 5839 2302 5891 ritate
2347 5846 2452 5899 est,
2503 5835 2630 5902 [uvis
2676 5834 2844 5889 illudi!
2876 5850 2894 5887 :
2930 5833 3110 5888 anima:
3162 5842 3324 5887 autem
3376 5831 3536 5901 egenti
3592 5829 3732 5883 etiam
