4060 6252
360 332 457 389 H7

353 465 531 504 amara
556 447 729 502 dulcia
753 447 983 501 videntur
1008 443 1191 513 (Prov.
1215 442 1306 495 ‘27.
1331 441 1386 511 7)
1412 459 1426 497 :
1455 455 1560 494 non
1583 435 1723 510 quod
1746 450 1932 491 eorum

353 557 475 610 quae
503 541 744 612 apposita
771 547 926 603 sunt,
950 545 1138 589 natura
1167 542 1423 599 mutetur,
1454 532 1549 587 sed
1572 530 1714 601 quod
1746 545 1934 584 eorum

356 634 591 700 affectio,
619 633 707 703 qui
733 629 978 686 convivio
1004 636 1129 683 sunt
1154 626 1401 695 excepti,
1429 639 1645 679 sensum
1686 622 1933 692 decipiat.

354 727 505 797 Quod
531 727 576 783 si
599 733 810 796 propter
827 721 1170 777 convivarum
1196 718 1535 789 cupiditatem
1562 732 1738 771 amara
1763 715 1936 770 dulcia

355 820 617 883 videntur,
640 816 809 870 multo
847 812 1018 883 magis
1043 828 1107 869 ea
1143 828 1263 882 qua:
1289 811 1411 865 vilia
1449 818 1591 875 sunt,
1626 816 1935 878 sumptuosa

353 908 693 964 videbuntur.
737 908 912 977 Atque
938 906 1135 960 idcirco
1174 917 1273 958 nos
1311 916 1541 973 quoque,
1573 915 1778 955 summa
1811 899 1935 954 licet

350 1001 527 1072 inopia
558 1000 752 1070 pressi,
772 998 1080 1069 magnificos
1099 995 1467 1053 convivatores
1493 994 1779 1059 imitamur,
1802 990 1930 1045 dum

348 1095 573 1165 singulis
598 1092 839 1148 collectis
862 1090 929 1144 ad
957 1097 1193 1144 nostram
1224 1102 1319 1142 vos
1347 1100 1588 1147 mensam
1619 1083 1928 1138 invitamus.

346 1185 402 1240 ld
435 1199 565 1240 vero
592 1184 813 1239 facimus
842 1196 950 1236 non
978 1178 1181 1236 nostris
1198 1177 1387 1249 opibus
1414 1176 1557 1243 freti,
1581 1173 1677 1231 sed
1697 1171 1840 1243 quod
1862 1171 1931 1228 de

347 1285 522 1331 vestra
551 1274 824 1329 auditione
848 1271 1201 1327 confidamus.

415 1369 468 1423 5.
514 1363 671 1421 Pauli
708 1365 933 1419 conuersi
966 1380 1083 1417 cum
1137 1363 1274 1432 pisce
1310 1359 1641 1429 comparatio.
1696 1386 1768 1397 ——
1820 1354 1928 1410 To-

345 1470 455 1516 tum
488 1461 645 1530 igitur
683 1457 919 1514 debitum
960 1453 1322 1523 inscriptionis
1360 1451 1510 1506 vobis
1534 1449 1925 1521 persolvimus,

343 1551 704 1620 inscriptionis
728 1593 741 1617 ,
784 1550 999 1618 inquam
1024 1588 1042 1613 ,
1085 1546 1340 1600 Actorum
1385 1542 1817 1612 apostolicorum.
1857 1539 1927 1595 Ut

341 1644 502 1713 igitur
530 1641 734 1695 initium
766 1639 884 1693 libri
924 1638 1335 1706 attingeremus,
1371 1634 1503 1690 ordo
1545 1631 1823 1702 exigebat,
1864 1646 1927 1686 ac

341 1734 677 1796 doceremus,
729 1728 856 1802 quid
902 1728 1003 1783 hoc
1051 1727 1154 1783 sibi
1204 1727 1331 1781 velit
1386 1745 1400 1781 :
1450 1724 1684 1779 Primum
1727 1723 1925 1792 quidem

340 1838 623 1878 sermonem
670 1821 879 1891 fecimus
929 1820 992 1874 de
1045 1819 1273 1872 omnibus
1303 1858 1318 1884 ,
1363 1833 1393 1871 ο
1445 1815 1763 1885 TlteOphile,
1814 1830 1928 1884 qua:

343 1917 491 1986 carpit
529 1913 678 1968 Iesus
707 1918 873 1984 facere
905 1929 964 1966 ac
990 1911 1168 1967 docere
1196 1910 1335 1979 (Act.
1365 1911 1417 1964 l.
1440 1909 1516 1980 1).
1544 1908 1924 1963 Verumtamen

344 2023 450 2062 non
496 2005 624 2060 sinit
670 2006 864 2060 Paulus
916 2011 975 2058 ut
1023 2002 1161 2057 hanc
1206 2002 1400 2057 seriem
1445 1999 1648 2055 ordinis
1690 2014 1924 2069 sequar,

338 2098 434 2154 sed
475 2097 540 2151 ad
586 2112 644 2152 se
680 2110 883 2166 suaque
920 2103 1069 2150 recte
1109 2093 1244 2148 facta
1291 2092 1524 2161 linguam
1570 2098 1804 2144 nostram
1848 2090 1929 2142 in-

338 2188 488 2242 vitat.
537 2187 705 2255 Cupio
742 2199 973 2255 namque
1009 2183 1190 2239 videre
1235 2183 1382 2238 illum
1424 2181 1781 2235 introductum
1828 2179 1928 2234 Da-

337 2291 573 2333 mascum
609 2318 625 2342 ,
684 2290 791 2331 non
834 2277 1007 2330 ferrea
1059 2284 1286 2339 catena,
1343 2272 1439 2329 sed
1476 2272 1741 2328 dominica
1795 2286 1927 2327 voce

336 2370 592 2421 vinetum.
624 2366 795 2435 Cupio
836 2364 1019 2420 videre
1057 2364 1263 2434 piscatu
1300 2374 1514 2433 captum
1555 2364 1753 2433 piscem
1786 2362 1926 2416 hunc

336 2472 607 2529 magnum,
646 2457 737 2527 qui
759 2465 929 2512 totum
954 2464 1255 2510 exaestuans
1280 2468 1429 2510 mare
1472 2453 1786 2519 conturbat,
1832 2453 1920 2522 qui

338 2548 529 2604 ﬂuctus
568 2548 876 2602 innumeros
920 2545 1178 2601 adversus
1226 2543 1518 2599 Ecclesiam
1566 2542 1778 2597 excitat.
1815 2542 1921 2596 Cu-

338 2642 425 2713 pio
470 2641 653 2696 videre
704 2641 879 2710 ipsum
917 2639 1121 2709 piscatu
1166 2645 1381 2706 captum
1428 2650 1532 2690 non
1575 2634 1766 2700 hamo,
1825 2632 1920 2688 sed

337 2732 515 2788 verbis
542 2731 779 2786 Domini.
810 2730 941 2785 Nam
969 2728 1413 2800 quemadmodum
1450 2727 1502 2781 in
1546 2725 1757 2781 sublimi
1789 2739 1921 2794 rupe

338 2823 624 2880 considens
652 2826 883 2894 piscator
908 2862 924 2889 ,
966 2830 1021 2877 et
1044 2821 1357 2875 arundinem
1387 2819 1633 2874 attollens
1657 2859 1673 2885 ,
1705 2819 1918 2871 hamum

334 2918 404 2972 ab
440 2917 550 2970 alto
579 2915 630 2969 in
678 2929 827 2969 mare
866 2913 1098 2968 demittit
1128 2931 1141 2967 :
1170 2912 1247 2966 sic
1286 2911 1533 2965 nimirum
1575 2919 1629 2964 et
1666 2909 1921 2963 Dominus

336 3016 520 3061 noster
548 3005 875 3075 spiritualem
906 3003 1166 3058 exhibens
1200 3002 1522 3071 piscaturam
1568 3009 1834 3070 tamquam
1866 2999 1921 3055 in

335 3100 549 3157 sublimi
576 3101 826 3155 czelorum
854 3112 986 3168 rupe
1011 3096 1317 3161 eonsidens,
1348 3095 1491 3149 velut
1512 3094 1670 3148 hamo
1690 3093 1920 3163 quodam

335 3192 568 3259 desuper
596 3190 696 3246 hac
722 3203 851 3244 voce
878 3189 1040 3243 missa
1068 3202 1189 3243 cum
1216 3185 1477 3251 dixisset,
1513 3185 1674 3240 Saule
1692 3226 1707 3249 ,
1737 3185 1917 3251 Saute,

332 3282 460 3353 quid
486 3297 567 3335 me
590 3280 896 3350 persequeris
936 3278 1082 3350 (Act.
1119 3278 1174 3333 9.
1208 3275 1304 3349 t)?
1331 3277 1527 3346 piscem
1559 3277 1701 3331 hunc
1728 3276 1916 3346 ingen-

334 3383 445 3429 tem
485 3374 719 3444 piscatus
756 3381 857 3428 est.
899 3372 967 3426 Et
1003 3371 1146 3441 quod
1190 3371 1245 3425 in
1283 3370 1431 3440 pisce
1470 3370 1713 3439 contigit,
1757 3383 1918 3439 quem

334 3464 491 3533 jussu
518 3462 726 3518 Domini
754 3463 987 3532 piscatus
1011 3468 1096 3517 est
1118 3461 1311 3515 Petrus
1329 3499 1346 3526 ,
1372 3460 1473 3514 hoc
1500 3468 1555 3515 et
1583 3460 1638 3514 iu
1665 3460 1766 3514 isto
1797 3472 1920 3514 eve-

336 3554 436 3609 nit.
466 3552 739 3624 Siquidem
775 3552 864 3607 hic
890 3567 1104 3623 quoque
1139 3551 1298 3621 piscis
1325 3551 1378 3604 in
1404 3564 1497 3605 ore
1525 3560 1780 3604 staterem
1821 3550 1918 3602 ha-

331 3647 469 3701 bens
508 3645 754 3700 inventus
783 3651 898 3709 est;
944 3650 1198 3698 staterem
1243 3642 1494 3712 quidem,
1533 3640 1626 3697 sed
1667 3639 1921 3695 adulteri-

334 3753 464 3792 num
497 3755 510 3792 :
538 3737 735 3807 quippe
771 3734 861 3805 qui
887 3734 1061 3790 zelum
1090 3732 1340 3799 haberet,
1369 3732 1464 3789 sed
1492 3747 1598 3786 non
1624 3730 1916 3786 secundum

331 3830 634 3886 scientiam.
662 3828 954 3895 Propterea
982 3840 1104 3879 cum
1130 3824 1406 3879 scientiam
1433 3823 1506 3877 illi
1528 3823 1749 3892 largitus
1776 3828 1921 3875 esset

333 3920 511 3987 Deus,
543 3918 772 3987 probum
799 3916 944 3969 illum
974 3929 1250 3969 nummum
1286 3914 1515 3969 reddidit
1548 3930 1561 3966 :
1591 3922 1645 3968 et
1668 3911 1809 3982 quod
1841 3912 1920 3980 pi-

329 4017 485 4066 scatu
511 4007 679 4076 captis
704 4005 899 4060 accidit
939 4005 1173 4074 piscibus
1193 4043 1209 4070 ,
1252 4004 1354 4058 hoc
1382 4011 1437 4058 et
1475 4003 1529 4057 in
1572 4003 1675 4057 isto
1704 4001 1915 4056 accidit.

330 4099 466 4156 Nam
495 4108 553 4153 ut
579 4098 651 4152 illi
676 4112 797 4152 cum
827 4097 1057 4166 primum
1081 4096 1303 4152 extracti
1327 4110 1358 4151 c
1383 4095 1520 4150 mari
1548 4094 1761 4162 fuerint,
1790 4109 1920 4149 cou-

333 4192 509 4248 festim
536 4191 663 4246 caeci
692 4189 825 4245 ﬁunt
857 4206 871 4242 :
901 4189 979 4245 sic
1004 4198 1059 4244 ct
1084 4189 1182 4244 iste
1210 4188 1489 4243 confestim
1520 4187 1733 4242 hamum
1756 4202 1916 4243 exce-

333 4284 431 4353 pit,
459 4292 511 4338 et
532 4289 801 4337 extractus
816 4280 1100 4337 confestim
1125 4288 1209 4336 est
1232 4290 1527 4335 excaacatus
1556 4296 1571 4334 :
1601 4295 1786 4335 verum
1818 4294 1916 4334 ex-

332 4377 548 4432 cmcatio
562 4375 679 4430 haec
699 4374 894 4442 effecit,
911 4380 971 4428 ut
992 4382 1136 4428 totus
1151 4372 1295 4429 orbis
1311 4381 1571 4428 terrarum
1586 4373 1759 4427 visum
1782 4372 1916 4426 reci-

335 4475 503 4537 peret.
534 4466 658 4521 Haec
693 4466 852 4534 igitur
877 4467 1055 4519 omnia
1086 4464 1244 4533 cupio
1271 4477 1513 4519 cernere.
1541 4462 1673 4516 Nam
1708 4463 1753 4517 si
1779 4462 1916 4517 forte

334 4556 529 4611 bellum
559 4570 657 4611 nos
676 4554 1009 4611 barbaricum
1028 4553 1450 4618 circumsideret,
1473 4554 1598 4609 etin
1620 4554 1786 4609 aciem
1809 4552 1916 4607 dis-

334 4649 489 4719 positi
507 4649 687 4704 hostes
707 4649 981 4703 innumera
1001 4647 1155 4703 nobis
1172 4648 1382 4717 negotia
1405 4648 1749 4713 facesserent,
1762 4647 1915 4702 dein-

332 4740 401 4795 de
423 4740 767 4794 barbarorum
789 4740 1054 4794 exercitus
1078 4738 1293 4803 ductor,
1316 4739 1406 4808 qui
1427 4737 1687 4794 machinis
1705 4752 1800 4793 nos
1820 4753 1917 4807 op-

333 4842 592 4901 pugnaret
616 4831 932 4898 innumeris,
963 4845 1156 4899 resque
1182 4838 1393 4886 nostras
1421 4843 1608 4885 omnes
1632 4830 1915 4885 conturba-
1998 4886 2000 4890 _

332 4931 444 4988 ret,
471 4929 526 4977 et
546 4922 771 4977 tumultu
792 4936 854 4977 ac
875 4922 1272 4992 perturbatione
1291 4922 1598 4993 compleret,
1623 4922 1809 4977 urbem
1831 4922 1913 4993 ip-

330 5029 445 5069 sam
470 5013 704 5068 funditus
723 5029 1033 5070 eversurum
1053 5028 1113 5069 se
1137 5014 1450 5079 minaretur,
1470 5023 1523 5069 et
1543 5016 1662 5085 igne
1688 5028 1912 5070 succen-

330 5120 540 5173 surum,
568 5108 657 5175 qui
688 5107 1000 5161 servitutem
1015 5106 1321 5173 intentarct,
1344 5105 1623 5162 confestim
1658 5106 1911 5176 ablmpe-

331 5204 507 5250 ratore
524 5206 706 5252 nostro
718 5200 929 5253 vinctus
948 5205 1001 5251 et
1020 5198 1261 5267 captivus
1280 5198 1330 5253 in
1347 5199 1530 5254 urbem
1550 5199 1914 5255 introducere-

331 5296 439 5350 tur,
463 5303 639 5342 nonne
667 5304 854 5344 omnes
878 5303 999 5344 cum
1029 5290 1338 5346 mulieribus
1365 5300 1419 5346 ct
1443 5292 1679 5360 puerulis
1705 5291 1772 5346 ad
1794 5306 1915 5362 spe-

330 5379 593 5434 ctaculum
612 5379 737 5435 illud
758 5381 1132 5436 exsiliremus?
1150 5380 1371 5450 Quando
1392 5382 1548 5451 igitur
1572 5392 1625 5436 et
1644 5397 1784 5437 nunc
1811 5382 1915 5438 bel-

331 5472 439 5526 lum
469 5483 551 5528 est
572 5475 851 5542 indictum,
882 5474 1007 5529 dum
1035 5475 1214 5529 omnia
1244 5472 1575 5529 confundunt
1597 5475 1915 5545 turbantque

333 5564 529 5631 Judaei,
564 5576 619 5621 et
644 5567 824 5622 multis
852 5566 1114 5622 machinis
1142 5566 1394 5622 Ecclesiae
1415 5566 1648 5637 quietem
1674 5581 1737 5621 ac
1763 5580 1915 5622 secu-

330 5658 543 5715 ritatem
571 5652 909 5729 oppugnant;
951 5669 1108 5730 caput
1130 5670 1303 5716 autem
1328 5669 1383 5715 et
1410 5660 1655 5731 princeps
1682 5660 1911 5715 hostium

332 5759 458 5801 cum
480 5761 628 5806 esset
661 5751 876 5821 Paulus,
905 5754 991 5823 qui
1027 5753 1225 5823 majora
1256 5769 1413 5825 quam
1441 5754 1620 5810 cmteri
1650 5753 1907 5821 faciebat,

888 329 951 385 IN
993 327 1214 394 ILLUD,
1254 323 1519 381 SAULUS
1554 321 1784 380 ADllUC
1823 321 2127 380 SPIRANS.
2173 325 2258 381 DE
2301 329 2694 388 MUTATIONE
2722 334 3053 395 NOMINUM.
3092 338 3137 394 ι.

3522 345 3625 402 ll!

2034 451 2110 517 .ac
2136 438 2365 508 dicebat,
2404 446 2492 514 qui
2517 456 2707 502 cuncta
2744 450 2997 507 miscebat
3022 461 3076 509 et
3098 452 3484 524 eonturbabat,
3517 456 3621 518 iam

2046 545 2077 585 a
2103 531 2330 589 Domino
2358 546 2539 591 nostro
2559 538 2685 594 Jesu
2711 538 2920 599 Christo
2948 542 3273 614 lmperatore
3299 556 3480 601 nostro
3509 550 3623 601 viu-

2046 633 2162 680 ctus
2188 637 2289 690 est,
2321 637 2376 682 et
2415 631 2655 699 captivus
2678 632 2937 689 abductus
2966 637 3056 706 qui
3084 648 3271 692 cuncta
3305 653 3500 709 susque
3524 642 3619 695 de-

2045 730 2149 785 que
2188 719 2465 787 vertebat,
2512 737 2618 776 non
2646 723 2711 777 ad
2737 728 3095 794 spectaculum
3127 728 3263 783 istud
3289 729 3648 798 egrediemur’

2042 822 2249 875 omnes,
2273 819 2330 865 ut
2348 813 2614 882 captivum
2635 814 2808 885 ipsum
2836 818 2957 872 duci
2980 818 3282 875 videamus?
3303 820 3433 875 Nam
3456 832 3507 876 et
3528 838 3622 875 an-

2040 900 2143 969 geli
2173 916 2293 956 cum
2342 918 2373 958 e
2416 905 2561 960 caelis
2602 907 2773 976 ipsum
2819 908 2940 963 duci
2984 912 3251 980 captivum
3298 923 3615 979 cernerent,

2040 994 2376 1051 exsultabant
2406 1015 2419 1051 :
2451 1013 2559 1052 non
2600 999 2743 1069 quod
2774 1000 3010 1056 vinctum
3049 1012 3335 1060 cernerent
3370 1014 3574 1059 tantum
3600 1047 3616 1070 ,

2039 1087 2132 1142 sed
2161 1088 2283 1157 quia
2303 1129 2319 1156 ,
2354 1105 2513 1160 quam
2543 1092 2737 1147 multos
2762 1091 3003 1148 homines
3027 1106 3058 1147 a
3088 1094 3310 1149 vinculis
3336 1094 3619 1163 expeditu-

2038 1195 2131 1233 rus
2159 1189 2340 1245 esset,
2372 1181 2676 1252 cogitabant
2706 1203 2718 1239 :
2753 1199 2855 1238 non
2896 1186 3037 1255 quod
3068 1202 3224 1241 manu
3253 1187 3376 1242 duci
3406 1195 3618 1256 speeta-

2037 1278 2176 1335 rent,
2209 1271 2300 1325 sed
2321 1272 2463 1340 quod
2491 1283 2667 1327 mente
2692 1285 2989 1341 versarent,
3022 1291 3181 1346 quam
3212 1279 3405 1332 multos
3432 1278 3607 1331 humi-

2036 1372 2132 1412 nes
2162 1358 2213 1412 in
2244 1360 2431 1415 caelum
2462 1377 2491 1416 e
2520 1362 2677 1417 terris
2707 1363 2896 1433 injecta
2929 1381 3087 1420 manu
3114 1377 3257 1421 esset
3286 1368 3617 1423 introductu-

2035 1464 2147 1503 rus.
2179 1450 2468 1521 Propterea
2498 1454 2828 1523 gaudebant,
2860 1471 2964 1509 non
3002 1458 3143 1526 quod
3181 1469 3503 1514 excaecatum
3531 1462 3613 1515 vi-

2034 1543 2248 1610 derent,
2280 1545 2374 1599 sed
2396 1546 2536 1615 quod
2563 1547 2939 1618 intelligerent,
2969 1560 3195 1619 quantos
3232 1562 3375 1607 esset
3400 1569 3429 1606 e
3458 1561 3612 1608 tene-

2030 1632 2141 1688 bris
2193 1633 2481 1690 educturus
2534 1655 2548 1691 :
2602 1637 2954 1694 Proficiscere
3009 1655 3259 1709 namque,
3309 1642 3496 1711 inquit,
3544 1644 3611 1697 ad

2030 1733 2236 1793 gentes,
2262 1734 2317 1779 et
2345 1741 2374 1779 a
2406 1726 2638 1781 tenebris
2666 1727 2919 1783 liberatos
2947 1730 2998 1783 in
3020 1746 3240 1800 regnum
3267 1748 3358 1787 eos
3380 1734 3614 1788 dilectio-

2031 1814 2115 1867 nis
2145 1814 2342 1869 Christi
2387 1818 2692 1872 transferes.
2724 1818 3013 1889 PrOpterea
3050 1823 3216 1877 misso
3254 1825 3506 1891 exordio,
3543 1825 3611 1880 ad

2032 1903 2265 1959 medium
2290 1920 2517 1975 propero
2547 1910 2811 1965 transilire
2842 1928 2855 1963 ε
2881 1927 3001 1965 nam
3023 1912 3220 1969 Paulus
3240 1916 3365 1969 etin
3391 1916 3610 1972 Paulum

2031 2008 2183 2050 amor
2209 1996 2349 2051 hunc
2376 1997 2506 2052 dare
2530 1998 2723 2053 saltum
2750 2016 2847 2055 nos
2875 2002 3067 2072 coegit.
3095 2002 3288 2059 Paulus
3309 2014 3363 2059 et
3392 2006 3441 2059 in
3469 2008 3611 2061 Pau-

2033 2085 2142 2140 lum
2180 2101 2350 2141 amor.
2394 2086 2654 2157 ignoscite
2682 2090 2813 2145 mihi
2846 2109 2859 2147 :
2887 2092 2975 2146 vel
3004 2094 3214 2162 potius,
3252 2097 3415 2151 nolite
3456 2098 3610 2167 igno-

2030 2191 2218 2242 scere,
2253 2177 2347 2232 sed
2377 2187 2431 2233 et
2463 2194 2702 2235 amorem
2732 2182 2889 2237 istum
2919 2184 3260 2238 mmulamini.
3288 2185 3418 2239 Nam
3449 2188 3492 2241 is
3520 2189 3610 2257 qui

2033 2270 2174 2338 turpi
2212 2286 2396 2325 amore
2423 2282 2702 2342 correptus
2726 2283 2807 2329 est
2826 2316 2841 2340 ,
2874 2276 3069 2330 merito
3094 2278 3300 2331 veniam
3331 2279 3561 2346 postulat
3593 2296 3606 2334 :

2028 2359 2121 2429 qui
2150 2374 2277 2414 vero
2320 2362 2581 2430 ejusmodi
2608 2379 2791 2420 amore
2820 2363 3008 2435 ﬂagrat
3029 2407 3043 2431 ,
3092 2366 3193 2421 hac
3216 2367 3462 2437 cupidine
3497 2368 3612 2438 glo-

2027 2450 2216 2513 rietur,
2257 2453 2561 2522 multosque
2589 2453 2747 2509 faciat
2779 2455 3028 2510 desiderii
3064 2457 3214 2511 istius
3242 2459 3525 2526 participes
3557 2467 3613 2513 et

2027 2540 2338 2596 innumeros
2358 2554 2631 2613 comparet
2657 2546 2756 2599 sibi
2784 2546 2998 2600 rivales.
3030 2546 3084 2601 Si
3108 2546 3249 2601 enim
3284 2547 3394 2601 ﬁeri
3425 2558 3608 2619 posset

2027 2640 2084 2685 ut
2109 2642 2252 2686 recta
2273 2634 2357 2688 via
2386 2643 2691 2705 pergentes,
2717 2644 2771 2690 et
2793 2636 2980 2691 ordine
3008 2637 3407 2707 progredientes
3430 2639 3606 2707 priora

2025 2722 2324 2779 diceremus
2350 2764 2365 2790 ,
2399 2734 2454 2781 et
2489 2726 2556 2780 ad
2592 2742 2654 2781 ea
2684 2744 2801 2797 qua:
2845 2728 2897 2782 in
2927 2729 3104 2783 medio
3144 2740 3267 2784 sunt
3304 2746 3608 2799 pervenire-

2025 2832 2145 2871 mus
2168 2858 2181 2882 ,
2210 2834 2545 2889 nequaquam
2576 2820 2775 2875 omisso
2808 2822 3066 2890 principio
3095 2822 3375 2875 confestim
3399 2822 3466 2877 ad
3497 2839 3609 2877 me-

2026 2908 2170 2963 dium
2192 2910 2524 2966 venissemus
2556 2931 2569 2967 :
2592 2912 2685 2966 sed
2708 2915 2956 2982 quoniam
2988 2922 3110 2982 post
3136 2914 3489 2969 Pentecosteu
3514 2915 3609 2969 de-

2027 3000 2152 3070 poni
2196 3001 2388 3055 librum
2430 3002 2514 3056 lex
2544 3013 2752 3072 patrum
2781 3003 2972 3071 jubet,
3004 3012 3060 3058 et
3094 3020 3195 3057 una
3223 3020 3342 3058 cum
3373 3005 3478 3059 fine
3515 3020 3606 3059 so-

2026 3089 2315 3145 lemnitalis
2345 3090 2501 3160 hujus
2532 3092 2687 3146 lectio
2716 3092 2834 3146 libri
2863 3094 3173 3148 terminatur
3195 3133 3211 3159 ,
3241 3094 3441 3148 veritus
3466 3109 3603 3163 sum,

2025 3199 2092 3239 ne
2119 3184 2243 3239 dum
2270 3186 2322 3239 in
2350 3188 2678 3256 exponendis
2706 3189 2978 3258 prooemiis
2996 3205 3318 3260 occupamur
3338 3200 3391 3246 et
3412 3193 3606 3245 immo-

2024 3293 2239 3345 rantur,
2270 3278 2505 3334 historiae
2530 3281 2698 3336 series
2724 3297 2823 3336 nos
2854 3283 2996 3351 prius
3023 3283 3315 3354 effugeret,
3347 3300 3504 3355 quam
3534 3284 3601 3338 il-

2024 3367 2132 3422 lam
2179 3383 2454 3438 possemus
2480 3372 2760 3441 attingere.
2809 3372 3010 3427 Idcirco
3051 3388 3081 3428 a
3126 3375 3384 3444 principio
3416 3389 3604 3428 narra-

2025 3458 2184 3512 tionis
2208 3458 2270 3512 ad
2302 3460 2404 3513 alia
2433 3475 2747 3529 properans,
2779 3474 2832 3517 et
2858 3467 3173 3533 prommium
3204 3465 3440 3520 historiae
3465 3475 3601 3520 tam-

2023 3562 2181 3617 quam
2208 3562 2235 3599 a
2266 3550 2549 3618 posteriori
2580 3553 2767 3619 capitis
2793 3562 2940 3620 parte
2971 3555 3293 3623 prehensum
3324 3557 3560 3611 retinens
3581 3597 3599 3624 ,

2023 3652 2240 3692 manere
2266 3653 2361 3693 vos
2381 3638 2537 3708 jussi,
2566 3648 2621 3695 et
2642 3641 2693 3694 in
2718 3642 2973 3713 principio
2995 3644 3096 3697 vice
3119 3645 3427 3700 subsistere.
3452 3645 3603 3700 Post-

2023 3742 2182 3797 quam
2226 3730 2367 3784 euim
2409 3731 2730 3785 narrationis
2766 3743 2926 3802 caput
2965 3734 3189 3803 attigero
3216 3776 3231 3800 ,
3271 3736 3602 3793 confidenter

2023 3821 2277 3892 deinceps
2302 3836 2419 3891 quas
2444 3831 2758 3891 sequuntur,
2780 3826 3019 3893 quamvis
3043 3825 3234 3880 festum
3263 3828 3599 3895 praiterierit,

2023 3921 2211 3967 cuncta
2254 3926 2593 3980 percurram;
2637 3927 2810 3982 neque
2853 3930 2980 3968 vero
3023 3930 3121 3970 nos
3156 3930 3410 3972 accusare
3452 3919 3602 3987 (μιὶε-

2024 4019 2180 4074 quam
2209 4006 2422 4074 poterit,
2449 4005 2590 4075 quod
2621 4005 3048 4076 intempestivam
3081 4008 3440 4063 narrationem
3465 4009 3599 4064 affe-

2022 4110 2203 4151 ramus
2226 4138 2241 4162 ,
2273 4111 2391 4151 cum
2434 4098 2637 4153 ordinis
2678 4098 2843 4168 ipsius
2878 4100 3171 4156 necessitas
3197 4101 3342 4155 omni
3382 4116 3480 4156 nos
3522 4101 3602 4155 in-

2022 4188 2319 4257 tempestivi
2361 4180 2658 4259 argumenti
2701 4191 3041 4247 accusatioue
3067 4193 3258 4248 liberet
3290 4210 3302 4247 :
3334 4208 3493 4263 quam
3534 4194 3603 4248 ob

2020 4292 2233 4333 causam
2274 4294 2302 4332 a
2340 4280 2601 4349 prooemio
2646 4280 2713 4335 ad
2745 4281 2976 4336 medium
3004 4298 3173 4353 usque
3211 4284 3443 4339 decurri.
3486 4284 3601 4342 Non

2020 4368 2162 4424 enim
2194 4368 2311 4423 fieri
2351 4370 2619 4438 potuisse,
2662 4371 2705 4425 si
2733 4380 2877 4427 recta
2904 4373 2986 4427 via
3021 4375 3286 4443 progressi
3324 4389 3599 4442 essemus,

2021 4468 2080 4514 ut
2106 4459 2172 4515 ad
2201 4458 2424 4514 Paulum
2466 4460 2865 4529 perveniremus
2890 4503 2904 4528 ,
2950 4462 3042 4516 sed
3086 4464 3321 4533 linguam
3361 4474 3599 4520 nostram

2021 4550 2168 4619 prius
2192 4564 2474 4605 evasurum
2499 4548 2671 4605 fuisse
2697 4550 2888 4604 librum
2911 4591 2927 4615 ,
2962 4552 3221 4622 nobisque
3253 4553 3394 4608 fores
3415 4555 3600 4609 occlu-

2019 4654 2199 4696 surum
2220 4681 2236 4708 ,
2266 4655 2329 4695 ex
2371 4640 2536 4711 ipsius
2567 4639 2811 4710 prooemii
2840 4639 3173 4710 expositione
3196 4642 3597 4713 demonstrabo,

2022 4735 2233 4789 tametsi
2256 4734 2366 4803 jam
2401 4732 2530 4787 illud
2560 4747 2619 4788 re
2648 4732 2761 4801 ipsa
2792 4731 3111 4801 patefactum
3136 4741 3238 4788 est.

2088 4826 2143 4880 4.
2175 4824 2307 4879 Nam
2333 4825 2378 4879 si
2407 4824 2533 4878 dum
2564 4823 2731 4877 solam
2760 4822 2911 4877 vobis
2942 4822 3336 4893 inscriptionem
3375 4825 3605 4894 legimus

2021 4925 2075 4972 et
2102 4930 2433 4982 enarramus,
2464 4913 2741 4970 dimidium
2765 4913 3115 4968 solemnitatis
3146 4915 3601 4984 consumpsimus,

2021 5011 2067 5066 si
2093 5010 2160 5067 ab
2184 5009 2405 5066 exordio
2433 5008 2586 5063 initio
2626 5010 2765 5062 facto
2803 5007 2857 5061 in
2885 5008 3056 5077 ipsum
3087 5007 3206 5061 libri
3234 5008 3448 5077 pelagus
3480 5022 3602 5062 ora—

2021 5103 2219 5159 tionem
2255 5100 2538 5155 immittere
2558 5100 2923 5170 cmpissemus,
2943 5109 3215 5170 quantum,
3236 5114 3438 5169 quaeso,
3467 5108 3605 5154 tem-

2020 5195 2164 5266 poris
2194 5193 2635 5263 impendissemus
2658 5233 2673 5260 ,
2707 5201 2764 5247 ut
2795 5192 2861 5246 ad
2892 5192 3007 5246 illas
3049 5190 3116 5247 de
3145 5191 3310 5246 Paulo
3338 5192 3597 5246 narratio-

2021 5302 2117 5342 nes
2143 5285 2580 5356 perveniremus?
2612 5284 2722 5339 lmo
2754 5299 2881 5338 vero
2908 5299 2974 5339 ex
3009 5283 3125 5354 ipso
3156 5283 3417 5352 prooemio
3445 5281 3603 5334 vobis

2021 5378 2124 5434 hoc
2148 5379 2319 5448 ipsum
2338 5376 2572 5433 conabor
2595 5375 2897 5432 ostendere.
2930 5373 3160 5428 Primum
3180 5373 3381 5444 quidem
3407 5386 3599 5424 seruta-

2021 5488 2134 5527 nem
2169 5472 2265 5542 feci
2306 5471 2369 5525 de
2394 5470 2656 5535 omnibus,
2701 5484 2731 5521 ο
2768 5466 3050 5535 Theophila
3076 5465 3212 5535 (Act.
3252 5465 3304 5518 1.
3344 5463 3419 5533 1).
3461 5461 3599 5527 Quot

2020 5562 2337 5619 existimatis
2380 5561 2465 5614 hic
2495 5573 2615 5615 esse
2652 5555 3015 5627 quaestiones?
3060 5554 3294 5608 Primum
3340 5551 3553 5621 quidem
3580 5593 3598 5618 ,

2022 5654 2179 5728 quam
2216 5654 2285 5709 ob
2311 5666 2525 5708 causam
2562 5650 2795 5720 priorem
2835 5646 3028 5703 librum
3071 5646 3122 5699 in
3161 5644 3475 5699 memoriam
3519 5644 3595 5697 illi

2024 5754 2256 5805 revocet.
2280 5742 2546 5811 Secundo,
2578 5755 2734 5812 quam
2761 5738 2830 5795 ob
2854 5752 3065 5794 causam
3100 5735 3395 5791 Sermonem
3418 5742 3594 5799 vocet,
