4060 6252
454 303 550 358 H9

443 431 497 473 tt
532 419 636 474 neu
669 418 1016 490 Evangelium
1050 439 1062 473 :
1097 423 1303 475 tametsi
1335 421 1527 475 Paulus
1557 421 1902 490 Evangelium
1950 420 2018 474 il—

447 512 555 564 lum
587 519 739 564 vocat
761 551 777 576 ,
820 511 944 564 dum
977 511 1055 564 sic
1080 512 1152 564 ait
1188 530 1199 564 :
1231 511 1389 582 Cujus
1419 513 1532 566 laus
1574 521 1645 566 est
1674 512 1726 564 in
1769 512 2024 581 evangelio

447 617 535 668 per
562 616 730 653 omnes
761 600 1014 654 Ecclesiae
1054 601 1130 670 (2.
1163 601 1278 656 Cor.
1325 601 1377 656 8.
1415 601 1502 672 18)
1529 641 1544 667 ,
1585 601 1653 656 de
1694 601 1833 656 Luca
1861 601 2024 655 verba

448 688 670 744 faciens.
703 689 880 745 Tertio
917 707 1019 760 qua
1055 691 1123 745 de
1155 706 1312 746 causa
1342 692 1514 757 dicat,
1545 691 1620 745 De
1656 691 1883 746 omnibus
1917 707 2030 762 qua:

449 779 566 846 fecit
611 777 782 832 Jesus.
837 778 892 834 Si
931 781 1072 834 enim
1115 781 1350 836 Joannes
1390 781 1586 836 Christi
1633 782 1890 848 dilectus,
1938 781 2029 851 qui

451 878 593 924 tanta
627 871 817 926 ﬁducia
839 874 1113 943 gratiaque
1139 873 1278 943 apud
1307 875 1454 929 illum
1479 875 1707 939 valebat,
1739 876 1822 929 cui
1849 874 2029 929 datum

453 959 646 1027 fuerat,
678 971 736 1016 ut
762 979 922 1033 supra
951 979 1162 1018 sacrum
1194 966 1320 1019 illud
1355 975 1538 1035 pectus
1561 967 1914 1032 recumberet,
1941 967 2031 1036 qui

454 1052 671 1121 spiritus
693 1053 867 1109 fontes
895 1055 1017 1109 inde
1049 1056 1314 1122 hauserat,
1351 1058 1436 1112 hic
1463 1057 1592 1111 illud
1617 1058 1793 1112 dicere
1814 1057 2034 1113 minime

455 1157 619 1196 ausus
641 1154 742 1208 est,
761 1145 855 1199 sed
885 1155 1082 1199 tantam
1103 1148 1401 1201 cautionem
1426 1147 1682 1209 adhibuit.
1712 1156 1770 1202 ut
1794 1148 1993 1202 diceret
2019 1167 2032 1204 :

459 1232 521 1287 Si
549 1235 830 1289 scribantur
858 1254 947 1307 per
970 1239 1169 1308 singula
1195 1239 1364 1291 omnia
1391 1280 1406 1305 ,
1451 1255 1563 1310 quae
1600 1241 1718 1310 fecit
1763 1239 1993 1295 Christus
2017 1283 2032 1306 ,

459 1341 550 1377 nec
576 1327 741 1395 ipsum
769 1328 986 1382 arbitror
1013 1329 1254 1382 mundum
1285 1346 1463 1399 capere
1489 1346 1632 1401 posse
1657 1347 1740 1385 eos
1760 1372 1772 1395 ,
1803 1332 1887 1402 qui
1907 1333 2038 1385 scri-

461 1417 607 1470 bendi
651 1429 808 1484 sunt,
853 1419 1004 1474 libros
1047 1419 1224 1491 (Joan.
1257 1421 1348 1474 21.
1383 1422 1478 1491 25')
1511 1441 1523 1476 :
1554 1423 1820 1492 quomodo
1861 1423 2041 1478 dicere

462 1507 549 1561 hic
577 1523 740 1562 ausus
763 1517 845 1563 est
873 1527 885 1561 :
916 1509 1147 1562 Primum
1170 1511 1370 1578 quidem
1393 1527 1669 1565 sermonem
1688 1515 1781 1583 feci
1797 1515 1859 1566 de
1881 1514 2044 1567 omni-

465 1603 576 1662 bus,
609 1616 638 1652 o
667 1599 967 1670 TlteOpItile,
993 1619 1108 1671 quce
1133 1605 1250 1674 fecit
1275 1603 1429 1658 Iesus
1455 1603 1603 1673 (Luc.
1631 1606 1680 1659 l.
1707 1599 1800 1676 1)?
1825 1621 1890 1660 an
1917 1621 2044 1660 vero

467 1704 626 1757 parva
651 1691 803 1745 nobis
828 1691 943 1746 hsrc
970 1693 1194 1762 quaestio
1221 1693 1466 1748 videtur?
1487 1697 1662 1765 Atque
1683 1696 1788 1750 illic
1808 1696 2039 1766 quidem,

471 1779 672 1848 Optime
710 1780 1020 1853 Tlieopltile,
1057 1799 1248 1838 nomen
1291 1799 1413 1838 cum
1448 1785 1602 1840 laude
1647 1787 1877 1855 positum
1913 1797 1995 1841 est
2028 1806 2042 1842 :

467 1885 643 1939 neque
671 1872 812 1925 enim
857 1873 957 1928 hoc
996 1874 1112 1929 sine
1153 1890 1314 1930 causa
1354 1876 1555 1931 dictum
1602 1886 1685 1932 est
1725 1878 1940 1934 sanctis.
1978 1879 2048 1934 Et

469 1959 609 2015 forte
647 1962 774 2016 illud
802 1978 867 2017 ex
913 1972 1062 2033 parte
1105 1965 1586 2022 demonstravimus
1611 2009 1625 2035 ,
1670 1984 1841 2038 neque
1882 1985 2047 2024 unum

469 2051 576 2106 iota
600 2093 616 2119 ,
663 2069 834 2124 neque
868 2058 1072 2125 apicem
1121 2074 1284 2113 unum
1323 2069 1524 2115 temere
1565 2062 1794 2130 positum
1837 2077 1955 2117 esse
1995 2063 2047 2116 in

468 2141 777 2212 Scripturis.
823 2146 876 2202 Si
918 2163 1046 2219 ergo
1082 2158 1160 2204 tot
1203 2166 1265 2206 ac
1307 2160 1468 2206 tanta:
1515 2163 1640 2207 sunt
1684 2154 1736 2207 in
1787 2154 2049 2224 prooemio

468 2237 824 2304 qna-stiones,
864 2249 1118 2309 quantum
1164 2242 1316 2297 nobis
1346 2244 1602 2313 temporis
1637 2245 2049 2314 impendendum

469 2326 676 2392 fuisset,
707 2331 752 2382 si
782 2332 959 2386 omnia
987 2349 1106 2403 qua:
1135 2336 1512 2404 sequebantur,
1545 2339 1902 2394 voluissemus
1929 2355 2052 2410 per-

470 2420 736 2475 currere?
766 2421 869 2477 llas
893 2425 962 2478 ob
991 2440 1200 2491 causas,
1229 2429 1602 2496 praetermissis
1631 2445 1749 2498 quae
1777 2432 2052 2501 interjecta

472 2518 644 2574 erant,
672 2520 889 2565 coactus
910 2528 1025 2567 sum
1052 2515 1118 2568 ad
1144 2516 1362 2571 Paulum
1386 2518 1587 2572 venire.
1617 2519 1725 2573 Cur
1746 2521 1902 2590 igitur
1935 2538 2056 2589 pro-

474 2602 664 2671 positis
706 2606 1089 2672 qutestionibus
1130 2623 1314 2663 earum
1346 2611 1662 2666 solutionem
1707 2629 1812 2667 non
1858 2613 2056 2684 adjeci-

473 2694 634 2748 mus?
683 2694 752 2750 Ut
799 2697 1001 2752 scilicet
1044 2714 1138 2754 vos
1185 2702 1638 2756 assuefaceremus
1689 2719 1795 2758 non
1845 2721 2058 2777 semper

476 2801 719 2840 mansum
747 2791 990 2860 excipere
1011 2791 1205 2857 cibum,
1230 2793 1322 2847 sed
1347 2807 1713 2864 saepenumero
1735 2797 2055 2854 solutionem

475 2879 756 2934 sententiis
800 2896 896 2951 per
939 2897 1032 2937 vos
1074 2887 1216 2952 ipsos
1256 2885 1566 2956 adjungere,
1595 2888 1736 2957 quod
1768 2887 1942 2945 facere
1969 2905 2056 2944 so—

481 2969 902 3027 lcntcolumbte.
954 2973 1224 3044 Siquidem
1269 2976 1377 3030 illa:
1420 2977 1591 3046 pullos
1633 2979 1886 3048 quamdiu
1937 2981 2058 3050 qui-

477 3060 598 3114 dem
633 3062 684 3115 in
713 3062 836 3116 nido
858 3076 1093 3131 manent,
1121 3082 1214 3122 ore
1242 3068 1454 3139 pr0prio
1480 3072 1717 3124 nutriunt
1741 3089 1755 3126 :
1780 3080 2056 3142 postquam

480 3160 658 3205 autem
686 3153 881 3221 ejicere
911 3156 1030 3211 illos
1071 3173 1101 3212 e
1145 3159 1270 3212 nido
1310 3169 1532 3228 possunt
1559 3202 1572 3226 ,
1616 3163 1800 3232 eisque
1834 3172 2061 3219 cernunt

479 3243 585 3312 jam
615 3253 768 3300 natas
795 3248 904 3300 alas
928 3288 943 3311 ,
989 3265 1093 3302 non
1137 3251 1246 3318 jam
1275 3252 1504 3319 amplius
1544 3253 1596 3306 id
1629 3263 1883 3322 praestant
1905 3296 1920 3320 ,
1963 3257 2060 3311 sed

487 3348 712 3402 granum
750 3337 964 3405 quidem
1009 3353 1102 3392 ore
1131 3351 1341 3410 gestant
1383 3349 1438 3395 et
1475 3351 1744 3398 ostentant
1774 3362 1786 3398 :
1820 3345 1906 3399 ubi
1935 3362 2061 3402 vero

481 3423 608 3491 pulli
641 3435 916 3492 sperantes
946 3430 1160 3497 propius
1199 3431 1556 3500 accesserint,
1585 3433 1857 3488 dimissam
1888 3436 1938 3489 in
1969 3451 2063 3506 pa-

481 3514 772 3571 vimentum
803 3533 978 3573 escam
1002 3531 1199 3577 matres
1221 3537 1315 3593 per
1336 3525 1541 3594 seipsos
1557 3527 1746 3596 jubent
1770 3529 2019 3599 colligere
2045 3549 2059 3586 :

481 3606 558 3660 sic
587 3615 642 3661 et
669 3623 765 3662 nos
793 3607 1034 3679 fecimus,
1063 3613 1188 3667 dum
1215 3625 1436 3686 accepto
1463 3618 1516 3671 in
1538 3632 1632 3673 ore
1652 3619 1913 3688 Spirituali
1941 3621 2060 3676 cibo

483 3715 577 3754 vos
616 3702 952 3760 invitavimus
983 3715 1250 3777 tamquam
1280 3711 1596 3767 solutionem
1624 3727 1773 3768 more
1802 3726 2062 3771 consueto

483 3793 772 3860 cxposituri
803 3812 816 3848 :
843 3804 1121 3867 postquam
1154 3809 1330 3855 autem
1361 3802 1669 3872 advenistis,
1703 3812 1757 3861 et
1780 3821 1876 3860 vos
1901 3823 2058 3862 exce-

485 3891 670 3950 pturos
694 3889 965 3954 sperastis,
996 3905 1089 3944 vos
1113 3891 1445 3960 dimisimus,
1476 3905 1533 3950 ut
1560 3896 1658 3966 ipsi
1687 3913 1782 3967 per
1812 3914 1910 3954 vos
1935 3915 2060 3955 sen-

487 3975 678 4029 tentias
728 3979 1006 4049 colligatis.
1058 3983 1342 4052 Pmpterea
1391 3989 1650 4055 prooemio
1691 3990 1946 4048 derelicto
1995 3993 2062 4047 ad

486 4065 704 4121 Paulum
734 4069 1064 4127 festinamus.
1101 4075 1301 4129 Dicturi
1331 4093 1490 4144 porro
1528 4094 1712 4135 sumus
1741 4098 1843 4138 non
1872 4098 1934 4139 ea
1970 4101 2060 4139 so-

395 4189 401 4194 -
487 4155 595 4208 lum
625 4157 819 4225 quibus
855 4159 1111 4215 Ecclesia:
1141 4165 1365 4232 proluit,
1394 4166 1487 4220 sed
1519 4169 1675 4222 etiam
1704 4185 1764 4224 ea
1795 4173 1986 4242 quibus
2014 4177 2061 4230 ei

486 4245 669 4298 nocuit
701 4262 714 4295 :
745 4261 867 4300 nam
896 4258 949 4302 ct
978 4249 1092 4306 haec
1129 4267 1159 4306 e
1188 4269 1245 4308 re
1276 4264 1456 4310 nostra
1491 4267 1572 4312 est
1598 4261 1788 4315 oratio.
1819 4263 2065 4322 Dicemus

486 4346 593 4402 quo
645 4343 800 4427 pacto
842 4338 1060 4394 verbum
1111 4343 1500 4412 praedicationis
1550 4364 1914 4424 oppugnaret,
1962 4375 2065 4427 quo

490 4433 644 4492 pacto
669 4425 882 4483 Christo
910 4430 1107 4488 bellum
1154 4435 1390 4505 inferret,
1446 4457 1554 4511 quo
1598 4456 1753 4514 pacto
1794 4425 2064 4518 apostolos

491 4528 929 4587 persequeretur,
960 4539 1064 4593 quo
1094 4535 1247 4595 pacto
1277 4529 1454 4585 hostili
1483 4533 1533 4586 in
1563 4549 1654 4589 eos
1682 4539 1861 4593 animo
1886 4551 2061 4609 esset,

486 4625 593 4678 quo
623 4620 777 4680 pacto
797 4612 1049 4670 Ecclesia:
1078 4620 1195 4688 plus
1224 4624 1455 4691 negotii,
1485 4641 1642 4695 quam
1676 4631 1854 4685 caueri
1879 4647 2065 4689 omnes

489 4697 795 4756 facesseret.
841 4703 1215 4764 Verumtamen
1244 4714 1511 4769 neminem
1537 4717 1732 4785 pudeat
1751 4719 1864 4776 haec
1885 4723 2067 4780 audire

488 4790 556 4844 de
588 4790 753 4847 Paulo
783 4811 797 4847 ε
826 4810 932 4851 ηοη
956 4800 1097 4855 enim
1126 4801 1240 4857 haec
1269 4813 1393 4859 sunt
1417 4805 1533 4875 ejus
1558 4811 1942 4880 accusationes,
1971 4815 2067 4871 sed

490 4884 702 4939 laudum
735 4888 908 4957 potius
949 4894 1278 4949 occasiones.
1320 4896 1434 4951 Non
1463 4900 1602 4954 enim
1629 4903 1828 4957 crimen
1857 4915 1938 4959 est
1967 4906 2064 4976 illi,

489 4992 610 5032 cum
649 4981 793 5049 prius
829 4983 1103 5052 improbus
1135 4986 1354 5054 fuisset,
1403 4990 1601 5047 bonum
1649 4995 1898 5066 deinceps
1946 5013 2068 5053 eva-

490 5068 660 5134 sisse;
693 5071 787 5124 sed
813 5072 880 5138 si,
908 5088 1030 5129 cum
1059 5077 1203 5144 prius
1230 5079 1426 5136 virtute
1453 5084 1704 5151 prmditus
1731 5085 1939 5155 fuisset,
1973 5104 2069 5158 poo

492 5169 604 5215 stea
653 5171 886 5218 mutatus
925 5166 990 5220 ad
1040 5168 1431 5237 improbitatem
1468 5173 1810 5245 descivisset;
1857 5195 2070 5251 semper

494 5253 635 5307 enim
667 5269 754 5308 res
783 5269 852 5309 ex
884 5255 986 5312 line
1023 5259 1348 5328 judicautur.
1391 5263 1521 5318 Nam
1561 5279 1613 5322 et
1646 5271 2026 5339 gubernatores
2050 5315 2065 5341 ,

497 5346 622 5402 licet
651 5347 929 5406 innumera
955 5352 1061 5406 sint
1089 5357 1226 5423 passi
1255 5355 1527 5428 naufragia
1549 5403 1563 5427 ,
1596 5377 1715 5416 eum
1757 5365 1822 5419 ad
1855 5375 2067 5436 portum

493 5453 679 5493 navem
706 5444 980 5512 appulsuri
1011 5454 1168 5513 sunt,
1211 5447 1254 5501 si
1287 5447 1534 5504 refertam
1565 5455 1832 5510 mercibus
1872 5472 2068 5514 onera-

497 5530 630 5584 riam
657 5533 1014 5604 deduxerint,
1047 5555 1379 5611 nequaquam
1407 5542 1524 5597 illos
1549 5545 1687 5600 male
1713 5545 1919 5603 functos
1949 5564 2069 5604 esse

498 5639 718 5681 niuuere
744 5643 840 5684 suo
866 5631 1110 5700 dicimus,
1142 5650 1261 5689 cum
1291 5639 1364 5691 rei
1393 5638 1564 5693 exitus
1590 5640 1764 5694 omnia
1793 5654 1910 5710 quas
1935 5657 2070 5710 pra:-

496 5727 768 5772 cesserant
790 5724 1075 5780 occultarit
1105 5743 1116 5777 :
1149 5735 1199 5780 et
1232 5743 1413 5783 rursus
1437 5729 1682 5795 athletas,
1714 5730 1836 5785 licet
1867 5731 2063 5786 multo-

1153 308 1208 363 S.
1251 306 1528 363 JOAlVNlS
1567 303 2036 362 CHRYSOSTOM!
2076 304 2390 360 ARCIIIEP.
2431 305 2958 363 CONSTANTINOP.

3627 295 3782 354 120

2136 419 2234 473 ties
2263 419 2456 474 fuerint
2481 429 2604 474 ante
2625 418 2885 488 superati,
2915 415 3074 471 modo
3102 415 3154 470 in
3179 429 3243 471 ea
3275 430 3445 486 pugna
3476 417 3781 482 vincant,

2133 508 2185 562 in
2217 525 2318 579 qua
2348 509 2415 563 de
2439 524 2632 563 corona
2665 510 2838 579 agitur
2857 549 2871 575 ,
2903 522 3234 578 nequaquam
3264 517 3483 576 prepter
3509 522 3580 561 ea
3614 522 3785 576 qua:

2134 609 2550 670 praecesserunt,
2581 600 2814 654 victoriae
2837 598 3114 668 praeconiis
3134 597 3526 652 defraudamus.
3553 595 3666 651 Sic
3697 606 3780 650 et.

2134 707 2256 761 erga
2281 692 2500 746 Paulum
2525 707 2624 747 nos
2648 707 2914 762 geramus.
2939 691 3069 745 Nam
3093 699 3147 744 et
3167 691 3281 760 ipse
3303 688 3580 759 naufragia
3612 704 3778 757 pas-

2137 798 2226 838 sus
2251 791 2335 838 est
2377 783 2653 837 innumera
2688 800 2702 838 :
2745 783 2840 836 sed
2882 798 3002 836 cum
3043 781 3110 834 ad
3151 788 3361 850 portum
3401 779 3772 848 appulsurus

2139 889 2326 928 navem
2369 873 2504 938 fuit,
2545 872 2795 928 refertam
2833 871 3098 927 mercibus
3139 869 3439 924 onerariam
3476 867 3765 922 deduxit.

2140 967 2207 1020 Et
2247 966 2691 1036 quemadmodum
2737 965 2887 1020 Judte
2932 963 3063 1018 nihil
3115 962 3353 1033 profuit,
3402 960 3766 1030 discipulum

2143 1059 2289 1128 prius
2315 1057 2480 1112 fuisse
2503 1099 2517 1122 ,
2549 1073 2668 1112 cum
2697 1055 2888 1111 deinde
2918 1055 3085 1109 factus
3109 1055 3180 1109 sit
3207 1052 3449 1123 proditor
3478 1070 3494 1108 :
3527 1053 3606 1106 ita
3635 1066 3764 1106 nec

2143 1150 2228 1204 isti
2269 1150 2557 1220 quidquam
2610 1149 2792 1203 nocuit
2832 1154 2986 1201 antea
3036 1153 3476 1216 persequutorem
3514 1141 3703 1197 fuisse
3735 1182 3758 1207 ,

2141 1255 2260 1295 cum
2288 1240 2608 1310 evangelista
2647 1240 2898 1308 deinceps
2941 1237 3188 1292 evaserit.
3233 1235 3357 1290 Haec
3394 1235 3545 1289 Pauli
3594 1243 3754 1289 sunt.

2145 1333 2428 1402 praeconia,
2453 1347 2558 1386 non
2590 1330 2733 1402 quod
2766 1330 3058 1385 Ecclesiam
3089 1327 3429 1392 subverterit,
3455 1325 3550 1380 sed
3581 1325 3756 1395 quod

2145 1424 2314 1494 ipsam
2354 1439 2538 1478 rursus
2567 1421 2845 1477 aedificarit
2873 1438 2890 1476 :
2923 1435 3028 1475 non
3065 1417 3206 1488 quod
3237 1417 3456 1472 verbum
3501 1416 3598 1470 Dei
3633 1429 3754 1484 0p-

2149 1516 2392 1584 pugnarit
2411 1555 2426 1578 ,
2466 1512 2561 1568 sed
2590 1511 2732 1582 quod
2755 1553 2770 1576 ,
2797 1519 3078 1581 postquam
3107 1509 3326 1564 verbum
3357 1515 3708 1575 oppugnarat
3728 1545 3752 1571 ,

2149 1607 2261 1676 ipse
2303 1607 2430 1660 illud
2459 1619 2642 1660 rursus
2682 1603 3088 1674 amplificaverit
3116 1620 3130 1656 :
3167 1617 3273 1656 non
3305 1599 3445 1668 quod
3471 1597 3755 1668 apostolis

2152 1696 2350 1750 bellum
2381 1695 2651 1760 intulerit,
2700 1710 2804 1749 non
2850 1693 2991 1764 quod
3026 1707 3244 1764 gregem
3287 1690 3595 1758 dissiparit,
3644 1686 3754 1742 sed

2151 1787 2314 1858 quod,
2345 1786 2430 1840 ubi
2460 1786 2804 1856 dissipasset,
2839 1785 2988 1839 illum
3015 1785 3126 1853 ipse
3151 1780 3345 1836 deinde
3368 1776 3748 1848 congregarit.

2221 1879 2275 1934 5.
2303 1876 2454 1932 Pauli
2481 1877 2732 1931 conversio
2763 1892 3000 1946 magnum
3033 1873 3350 1928 miraculum.
3383 1869 3626 1923 Liberum
3659 1883 3754 1920 ar-

2151 1972 2373 2025 bitrium.
2395 2001 2470 2011 —
2495 1970 2634 2036 Quid
2660 1968 2762 2024 hoc
2790 1966 3152 2023 admirabilius
3177 1964 3290 2018 ﬁeri
3323 1959 3524 2032 possit?
3555 1957 3754 2027 Lupus

2155 2073 2334 2134 pastor
2366 2069 2450 2116 est
2487 2060 2656 2116 factus
2685 2078 2700 2114 :
2727 2060 2816 2129 qui
2844 2057 3154 2128 sanguinem
3181 2055 3359 2108 ovium
3387 2049 3750 2117 absorbebat,

2153 2153 2462 2224 sanguinem
2493 2167 2646 2207 suum
2673 2166 2772 2221 pro
2791 2151 2960 2205 salute
2979 2149 3156 2203 ovium
3179 2145 3401 2201 fundere
3426 2157 3532 2199 non
3559 2156 3750 2197 cessa-

2155 2245 2251 2299 vit.
2274 2245 2366 2298 Vis
2394 2253 2449 2298 tu
2480 2244 2771 2314 intelligere
2796 2257 2903 2312 quo
2929 2249 3080 2311 pacto
3100 2238 3411 2308 sanguinem
3440 2235 3622 2290 ovium
3651 2234 3750 2288 ab-

2157 2337 2436 2392 sorberet?
2473 2351 2577 2406 quo
2604 2345 2760 2404 pacto
2790 2335 3099 2404 sanguinem
3127 2331 3243 2400 ejus
3271 2331 3446 2398 lingua
3471 2325 3747 2382 stillaret!

2159 2430 2347 2485 Saulus
2366 2437 2534 2482 autem
2559 2428 2728 2482 adhuc
2749 2427 2950 2496 spirans
2975 2425 3136 2477 minas
3158 2433 3203 2475 et
3223 2421 3412 2475 aedem
3431 2420 3484 2472 in
3508 2418 3746 2488 discipu-

2163 2524 2237 2577 los
2266 2521 2470 2576 Domini
2495 2519 2627 2592 (Acl.
2651 2518 2704 2573 9.
2739 2516 2814 2590 1).
2846 2517 3092 2570 Attamen
3119 2514 3219 2568 iste
3241 2511 3331 2581 qui
3360 2510 3529 2585 minas
3553 2518 3609 2564 et
3635 2522 3746 2562 ae-

2159 2613 2278 2668 dem
2301 2611 2558 2682 Spirabat,
2580 2618 2634 2666 et
2659 2619 2961 2664 sanctorum
2990 2604 3297 2674 sanguinem
3323 2600 3597 2664 fundebat,
3615 2598 3745 2654 audi

2159 2718 2265 2774 quo
2304 2711 2458 2772 pacto
2483 2701 2791 2771 sanguinem
2821 2713 2975 2752 suum
3005 2711 3099 2766 pro
3131 2693 3330 2749 sanctis
3374 2691 3631 2746 funderet.
3683 2690 3745 2743 Si

2159 2796 2433 2850 secundum
2474 2795 2755 2860 hominem,
2786 2792 2975 2862 inquit,
3007 2791 3073 2842 ad
3097 2789 3276 2843 bestias
3303 2786 3520 2857 pugnavi
3551 2785 3744 2854 Ephesi

2163 2887 2236 2956 (Ι.
2267 2885 2489 2942 Cui-.15.
2513 2884 2600 2949 '52)
2623 2902 2634 2937 :
2654 2893 2707 2938 et
2724 2896 2929 2947 rursus,
2957 2879 3195 2946 Quotidie
3220 2879 3408 2931 morior
3430 2875 3533 2947 (Ib.
3553 2874 3742 2944 v.31):

2163 2989 2216 3034 et
2245 2992 2449 3044 rursus,
2473 2974 2739 3030 zEstimati
2767 2989 2937 3027 sumus
2968 2973 3095 3026 sicut
3130 2986 3244 3024 ores
3270 2967 3531 3022 occisionis
3561 2965 3741 3036 (Rom.

2157 3070 2208 3124 8.
2228 3066 2340 3134 '56).
2364 3066 2541 3133 Atque
2557 3064 2658 3119 hoc
2682 3064 2893 3118 dicebat
2924 3062 2968 3116 is
2992 3062 3081 3131 qui
3108 3060 3310 3124 aderat,
3341 3074 3461 3113 cum
3488 3056 3748 3127 Stephani

2165 3161 2378 3230 sanguis
2406 3158 2733 3222 funderetur,
2765 3165 2818 3211 et
2843 3163 2957 3210 erat
2979 3154 3317 3208 consentiens
3346 3151 3462 3206 neci
3488 3152 3625 3219 ejus.
3653 3150 3744 3204 Vi.

2165 3253 2260 3308 des
2289 3261 2344 3306 ut
2372 3252 2525 3320 lupus
2553 3258 2732 3318 pastor
2756 3246 3024 3302 evaserit?
3053 3243 3314 3314 Numquid
3343 3257 3447 3296 non
3472 3240 3739 3295 erubescio

2152 3346 2274 3411 tis,
2317 3359 2437 3398 cum
2481 3341 2790 3396 audiveritis
2831 3348 2984 3393 antea
3028 3343 3461 3408 persequutorem
3489 3333 3656 3398 illum,
3684 3341 3740 3386 et

2168 3435 2538 3506 blasphemum
2587 3442 2641 3488 et
2687 3429 3130 3487 contumeliosum
3173 3426 3369 3481 fuisse?
3421 3423 3638 3480 Vidistis
3685 3429 3740 3476 ut

2170 3528 2316 3596 prior
2340 3524 2605 3580 accusatio
2625 3522 2808 3577 laudes
2823 3523 2939 3590 ejus
2954 3533 3086 3573 nova
3109 3517 3412 3571 accessione
3429 3512 3738 3589 cumularit?

2169 3617 2357 3672 Nonne
2401 3618 2453 3670 in
2495 3614 2658 3684 priori
2678 3613 2828 3668 vobis
2859 3611 3083 3665 collecta
3112 3605 3353 3662 dicebam
3377 3619 3441 3659 ea
3471 3602 3733 3665 miracula,

2169 3723 2288 3779 qua:
2315 3721 2527 3761 crucem
2553 3713 2776 3774 sequuta
2801 3709 2942 3768 sunt,
2967 3701 3030 3755 iis
3051 3699 3251 3767 majora
3275 3711 3393 3765 quae
3420 3695 3584 3763 ipsam
3610 3707 3736 3762 pra:-

2169 3807 2446 3856 ccsscrant
2473 3795 2772 3853 exstitisse?
2796 3807 2971 3849 nonne
3001 3790 3051 3844 id
3079 3787 3284 3844 ostendi
3311 3785 3460 3840 vobis
3483 3792 3538 3839 et
3559 3798 3622 3838 ex
3637 3782 3732 3836 mi-

2169 3894 2363 3950 raculis
2391 3902 2444 3948 et
2468 3908 2532 3947 ex
2551 3888 2929 3958 discipulorum
2956 3881 3354 3947 benevolentia;
3387 3891 3440 3936 et
3468 3893 3570 3948 quo
3590 3886 3731 3947 pacto

2169 3995 2324 4041 antea
2355 3984 2566 4055 quidem
2593 3981 2835 4039 Christus
2865 3979 3134 4046 imperans
3159 3981 3396 4028 mortuos
3422 3969 3728 4032 suscitabat,

2169 4087 2350 4148 postea
2379 4090 2506 4131 vero
2535 4086 2807 4128 servorum
2831 4069 2947 4138 ejus
2971 4067 3155 4122 umbra
3181 4064 3408 4134 idipsum
3427 4057 3730 4132 praestabat?

2168 4185 2275 4241 quo
2305 4176 2460 4239 pacto
2489 4174 2600 4221 tum
2623 4162 2834 4234 quidem
2867 4160 2955 4215 ille
2983 4173 3081 4213 suo
3104 4156 3258 4227 jussu
3288 4151 3539 4208 miracula
3565 4159 3727 4220 patra-

2167 4263 2258 4317 bat
2287 4278 2300 4315 :
2331 4266 2516 4329 postea
2545 4269 2672 4311 vero
2701 4252 2836 4308 servi
2867 4252 2982 4320 ejus
3006 4262 3197 4304 nomen
3237 4246 3403 4314 ipsius
3434 4251 3728 4312 usurpantes

2168 4352 2370 4423 majora
2398 4347 2698 4404 faciebant?
2745 4356 2923 4398 nonne
2964 4341 3031 4396 de
3073 4337 3316 4394 hostibus
3354 4333 3611 4400 dicebam,
3634 4344 3727 4400 quo

2169 4453 2323 4517 pacto
2359 4439 2738 4498 conscientiam
2767 4436 2980 4490 illorum
3009 4427 3480 4502 perterrefaceret?
3519 4439 3618 4494 quo
3642 4438 3725 4493 pa-

2167 4547 2254 4592 cto
2281 4536 2528 4590 universo
2555 4539 2812 4586 terrarum
2843 4526 2957 4582 orbi
2987 4526 3271 4594 imperaret
3287 4520 3310 4573 ?
3326 4534 3430 4590 quo
3451 4527 3602 4588 pacto
3624 4530 3724 4570 ma-

2165 4627 2281 4698 jora
2311 4624 2506 4681 fuerint
2533 4628 2650 4692 post
2672 4633 2882 4674 crucem
2912 4614 3182 4679 miracula,
3207 4626 3364 4682 quam
3390 4624 3509 4680 quas
3535 4621 3723 4662 crucem

2171 4715 2591 4790 pratcesserant?
2621 4712 2763 4766 illius
2787 4721 3037 4781 germana
3063 4720 3182 4776 qua:
3207 4719 3265 4758 se
3289 4716 3430 4756 nunc
3454 4698 3636 4770 ingerit
3655 4705 3725 4752 est

2169 4809 2357 4866 oratio.
2386 4806 2538 4876 Quod
2566 4806 2706 4861 enim
2736 4802 2907 4872 majus
2926 4800 3029 4855 hoc
3047 4797 3192 4853 cerni
3219 4795 3387 4866 possit
3413 4791 3721 4854 miraculum,

2170 4900 2310 4972 quod
2340 4901 2391 4954 in
2422 4898 2586 4954 Paulo
2612 4893 2866 4966 contigit?
2902 4891 3034 4946 Nam
3064 4889 3328 4942 viventem
3356 4883 3568 4955 quidem
3597 4881 3721 4935 illum

2171 4992 2357 5046 Petrus
2404 4988 2630 5060 negavit,
2673 4995 2727 5039 at
2775 4991 3040 5041 mortuum
3091 4976 3286 5032 Paulus
3326 4972 3596 5034 confessus
3637 4977 3720 5024 est.

2171 5083 2338 5138 Porro
2360 5088 2593 5134 mentem
2620 5075 2770 5131 Pauli
2797 5071 3078 5145 pellexisse
3105 5077 3264 5139 atque
3287 5077 3610 5136 expugnasse
3630 5077 3724 5116 ma-

2167 5175 2256 5244 jus
2277 5172 2482 5243 signum
2516 5169 2629 5232 fuit,
2659 5179 2816 5237 quam
2847 5163 3154 5227 umbrarum
3177 5172 3341 5228 opera
3365 5163 3597 5211 mortuos
3621 5165 3717 5207 sus-

2171 5269 2385 5322 citasse.
2430 5263 2563 5319 Nam
2606 5262 2711 5317 illic
2747 5259 2963 5330 quidem
2998 5253 3318 5326 sequebatur
3340 5258 3550 5313 natura,
3577 5258 3721 5313 neque

2173 5356 2452 5427 imperanti
2481 5350 2877 5409 contradicebat
2906 5367 2919 5402 :
2952 5347 3036 5402 hic
3064 5358 3193 5399 vero
3220 5342 3272 5396 in
3307 5345 3567 5410 potestate
3596 5331 3718 5388 liberi

2173 5449 2376 5505 arbitrii
2401 5448 2558 5501 situm
2585 5453 2700 5501 erat
2723 5487 2736 5508 ,
2769 5452 2825 5497 ut
2854 5438 3262 5510 persuaderetur
3287 5433 3371 5488 vel
3397 5445 3502 5486 non
3531 5441 3717 5500 persua-

2175 5542 2421 5604 deretur;
2450 5538 2591 5594 unde
2617 5549 2804 5606 magna
2831 5533 2996 5586 virtus
3020 5529 3135 5600 ejus
3157 5526 3243 5596 qui
3267 5521 3547 5595 persuasit,
3571 5525 3715 5573 osten-

2173 5632 2335 5687 ditur.
2368 5630 2533 5685 Multo
2561 5628 2702 5684 enim
2734 5622 2906 5693 majus
2937 5621 3030 5676 fuit
3054 5618 3376 5674 voluntatem
3405 5608 3713 5670 convertisse,

2176 5740 2335 5796 quam,
2363 5730 2605 5779 naturam
2626 5715 2920 5775 correxisse
2944 5731 2956 5769 :
2981 5711 3151 5782 majus
3172 5709 3329 5780 igitur
3352 5701 3561 5762 czeteris
3584 5696 3712 5756 omni-
