4060 6252
303 297 406 352 “9

299 409 418 481 οὓχὶ
443 408 794 477 Εύαγγέλιον·
835 411 1008 465 καίτοι
1047 429 1112 480 γε
1141 412 1354 477 Παῦλος
1380 413 1712 482 Εύαγγέλιον
1745 409 1876 464 0616

299 501 476 566 καλεῖ,
489 502 690 556 οὑτωσὶ
716 501 908 570 λέγων,
926 499 1006 558 Οὗ
1030 507 1061 557 ό
1084 504 1332 571 ἔπαινος
1346 506 1414 559 ἐν
1431 504 1513 568 τῷ
1537 503 1878 574 Εὐαγγελίῳ

297 590 396 646 διὰ
413 589 630 645 πασῶν
670 589 786 644 τῶν
839 592 1230 659 Ἐκκλησιῶν,
1275 595 1404 666 περὶ
1449 593 1542 647 τοῦ
1579 594 1764 648 Λουκᾶ
1791 591 1878 645 λέ-

297 698 434 749 γων.
464 679 679 751 Τρίτον,
727 679 872 741 τίνος
915 678 1100 733 ἐνεκέν
1137 697 1292 750 φησι,
1341 680 1484 748 Περὶ
1531 672 1880 734 1101-1017161-

296 772 589 840 ἐποίησεν
616 771 923 840 ὁἸησοῦς.
972 773 1035 824 Εἰ
1067 771 1176 842 γὰρ
1219 772 1488 842 Ἰωάννης,
1527 774 1556 825 6
1599 771 1880 842 ἀγαπητὸς

295 862 392 916 τοῦ
426 862 684 933 Χριστοῦ,
745 865 774 916 6
803 862 1073 932 τοσαύτης
1122 864 1438 928 ἀπολαύσας
1486 865 1819 936 παρρησίας,
1850 866 1879 916 6

296 956 388 1008 ἐπὶ
424 955 484 1009 16
522 955 717 1026 στῆθος
749 957 925 1008 ἐκεῖνο
951 954 1014 1007 τὸ
1043 953 1194 1024 ἅγιον
1215 955 1602 1025 κατακλιθῆναι
1618 955 1881 1020 καταξιω-

297 1046 436 1113 θεὶς,
481 1047 510 1099 6
539 1047 640 1110 τάς
673 1045 858 1117 πηγὰς
891 1044 1101 1098 ἐκεῖθέν
1127 1045 1470 1116 ἀρυσάμενος
1499 1046 1591 1099 τοῦ
1621 1045 1875 1116 Πνεύμα-

295 1156 409 1202 τος,
441 1132 596 1201 οὗτος
624 1138 725 1191 οὐκ
763 1137 1029 1208 ἐτόλμησε
1064 1137 1223 1190 τοῦτο
1249 1139 1444 1202 εἰπεῖν,
1474 1137 1610 1192 ἀλλὰ
1642 1138 1878 1210 τοσαύτῃ

295 1229 562 1300 κέχρηται
595 1226 880 1296 ἀσφαλείᾳ,
912 1226 987 1288 ώς
1008 1227 1202 1288 εἰπεῖν,
1230 1225 1312 1277 ὅτι
1336 1225 1408 1283 El
1433 1224 1725 1294 ἐγράφετο
1747 1224 1878 1276 καθ’

293 1317 362 1372 ἐν
383 1318 578 1372 πάντα
606 1316 723 1370 ὅσα
750 1314 1038 1382 ἐποίησεν
1066 1316 1098 1367 ὁ
1131 1312 1408 1380 Χριστὸς,
1442 1313 1567 1366 οὐδ’
1591 1311 1665 1364 ἂν
1692 1310 1880 1365 αὐτὸν

292 1407 451 1480 οἶμαι
487 1407 756 1478 χωρῆσαι
792 1409 896 1463 τὸν
932 1412 1170 1478 κόσμον·
1189 1409 1262 1462 τὰ
1284 1410 1628 1478 γραφόμενα
1645 1408 1873 1473 βιϐλία·

294 1500 411 1564 πῶς
434 1492 588 1563 0610;
627 1499 927 1570 ἐτόλμησεν
979 1501 1177 1563 εἰπεῖν,
1206 1499 1288 1552 ὃτι
1345 1500 1454 1552 Τὸν
1494 1499 1611 1568 μὲν
1645 1498 1879 1567 πρῶτον

291 1593 476 1660 λόγον
506 1589 887 1659 ἐποιησάμην
940 1589 1073 1659 περὶ
1107 1588 1368 1656 πάντων,
1415 1585 1462 1643 ὦ
1495 1591 1761 1659 Θεόφιλε,
1791 1585 1878 1643 ὧν

291 1681 581 1750 ἐποίησεν
619 1685 652 1735 ό
694 1681 972 1749 Ἰησοῦς;
1003 1677 1114 1752 ἆρα
1166 1683 1357 1751 μικρὸν
1405 1683 1536 1752 ἡμῖν
1565 1683 1626 1734 τὸ
1657 1682 1876 1754 ζήτημα

292 1775 450 1828 τοῦτο
479 1769 620 1828 εἶναι
650 1775 828 1840 δοκεῖ;
855 1773 1004 1845 [105]
1045 1775 1221 1826 Κάκεῖ
1255 1775 1376 1845 μὲν,
1406 1773 1453 1826 Κ
1453 1773 1701 1843 ράτιστε
1744 1777 1877 1829 Θεό-

293 1870 456 1937 φιλε,
489 1865 601 1937 μετ’
639 1866 914 1936 ἐγκωμίου
951 1866 1012 1919 16
1037 1865 1226 1936 ὄνομα·
1258 1865 1377 1917 ούδέ
1405 1864 1514 1936 γὰρ
1539 1865 1724 1928 ἁπλῶς
1752 1865 1878 1918 τοῦ-

294 1975 358 2011 το
375 1959 487 2019 τοῖς
512 1957 688 2026 ἁγίοις
706 1956 939 2027 εἴρηται.
959 1956 1070 2010 Καὶ
1086 1956 1225 2026 τάχα
1249 1955 1512 2009 καὶτοῦτο
1541 1956 1648 2008 ἀπὸ
1681 1956 1879 2026 μέρους

297 2049 697 2118 ἐδείξαμεν,ὅτι
721 2048 841 2101 ούδέ
878 2047 1010 2100 ίῶτα
1034 2046 1111 2112 ἐν,
1147 2047 1268 2100 οὑδέ
1292 2047 1419 2117 μίαν
1437 2046 1662 2116 κεραίαν
1694 2047 1878 2111 ἁπλῶς

297 2137 446 2192 ἔστιν
475 2137 602 2192 ίδεῖν
631 2139 689 2190 ἐν
711 2141 828 2200 ταῖς
855 2137 1098 2208 Γραφαῖς
1139 2136 1422 2206 κειμένην.
1454 2135 1515 2188 El
1535 2137 1713 2189 τοίνυν
1729 2137 1786 2189 ἐν
1802 2135 1879 2206 τῷ

293 2230 566 2302 προοιμίῳ
597 2229 834 2282 τοσαῦτα
855 2229 1167 2299 ζητήματα,
1190 2228 1356 2281 πόσον
1382 2229 1678 2299 ἐμέλλομεν
1694 2228 1880 2281 ἀναλί-

293 2340 447 2378 σκειν
475 2322 667 2392 χρόνον
715 2321 782 2374 τὰ
827 2321 956 2390 ὲξῆς
991 2321 1209 2374 ἅπαντα
1257 2320 1533 2385 ἐπιόντες;
1576 2319 1677 2374 Διὰ
1707 2320 1878 2374 ταῦτα

292 2411 649 2484 ἠναγκάσθην
677 2411 738 2464 τὸ
787 2413 844 2463 ἐν
876 2410 1026 2481 μέσῳ
1062 2410 1454 2481 παραδραμὼν,
1497 2413 1632 2482 πρὸς
1667 2412 1877 2465 Παῦλον

294 2510 490 2565 ἐλθεῖν.
524 2508 682 2572 Τίνος
706 2504 799 2563 οῦν
832 2508 1019 2562 ἕνεκεν
1061 2506 1130 2560 τὰ
1156 2507 1445 2578 ζητήματα
1480 2507 1745 2571 εἰπόντες,
1776 2507 1876 2578 τὴν

295 2599 450 2654 λύσιν
479 2597 660 2652 αὐτῶν
695 2598 796 2650 οὐκ
850 2596 1236 2667 ἐπηγάγομεν;
1282 2596 1582 2662 Ἕθίζοντες
1627 2598 1770 2667 ὑμᾶς
1801 2596 1874 2666 μὴ

293 2691 383 2746 διὰ
413 2689 611 2752 παντὸς
645 2688 1041 2759 μεμασημένην
1068 2687 1316 2759 δέχεσθαι
1353 2688 1450 2759 τὴν
1486 2689 1713 2760 τροφὴν,
1741 2688 1876 2741 ἀλλὰ

295 2789 564 2860 πολλαχοῦ
596 2790 691 2842 καὶ⁵
722 2789 920 2852 06106;
953 2787 1179 2856 ἐπάγειν
1201 2788 1300 2858 τὴν
1335 2787 1488 2841 λύσιν
1522 2792 1632 2851 τοῖς
1667 2789 1876 2858 νοήμασ-

296 2899 402 2946 σιν,
431 2882 568 2952 ὅπερ
621 2879 866 2934 ποιοῦσιν
905 2881 960 2934 αἱ
998 2880 1334 2952 περιστεραί.
1367 2880 1476 2931 Καὶ
1530 2879 1639 2950 γὰρ
1673 2881 1877 2933 ἐκεῖναι

293 2975 421 3038 τοὺς
453 2975 718 3040 νεοττοὺς,
760 2973 866 3036 ἕως
912 2973 1009 3044 μὲν
1039 2973 1105 3026 ἂν
1143 2974 1201 3025 ἐν
1241 2975 1306 3042 τῇ
1337 2972 1496 3042 καλιᾷ
1533 2973 1772 3042 μένουσι,
1801 2970 1879 3042 τῷ

292 3065 481 3135 οἰκείῳ
505 3065 768 3139 τρέφουσι
799 3065 1048 3136 στόματι·
1081 3064 1301 3118 ἐπειδάν
1328 3064 1384 3117 δέ
1415 3065 1611 3127 06106;
1639 3062 1879 3133 δυνηθῶ-

297 3173 384 3210 σιν
404 3157 690 3226 ἐξαγαγεῖν
723 3156 823 3226 τῆς
840 3156 1078 3221 νοσσιᾶς,
1113 3156 1206 3208 καὶ
1230 3155 1410 3208 ἴδωσιν
1436 3155 1618 3218 αὐτοῖς
1637 3155 1877 3224 παγέντα

295 3248 368 3302 τά
405 3248 596 3319 πτερά,
625 3247 809 3300 ούκέτι
827 3245 986 3300 τοῦτο
1001 3246 1186 3300 λοιπὸν
1209 3245 1472 3312 ποιοῦσιν,
1493 3245 1628 3299 ἀλλὰ
1649 3247 1875 3318 φέρουσι

299 3342 400 3408 μὲν
423 3339 515 3392 16v
555 3339 754 3392 κόκκον
799 3339 892 3391 ἐπὶ
937 3337 1030 3390 τοῦ
1077 3338 1343 3408 στόματος
1391 3337 1482 3390 καὶ
1519 3337 1872 3391 δεικνύουσιν·

296 3431 516 3485 ἐπειδάν
544 3432 601 3485 δέ
631 3433 680 3484 οί
707 3431 911 3486 νεοττοὶ
946 3430 1419 3501 προσδοκήσαντες
1457 3429 1682 3502 πλησίον
1710 3429 1877 3482 ἔλθω-

297 3541 403 3587 σιν,
430 3525 487 3575 αἱ
519 3522 757 3594 μητέρες
795 3523 1015 3590 ἀφεῖσαι
1040 3522 1139 3592 τὴν
1166 3520 1373 3592 τροφήν
1398 3522 1489 3573 ἐπὶ
1501 3520 1594 3572 τοῦ
1625 3520 1874 3590 ἐδάφους,

294 3615 362 3668 δι’
388 3614 598 3668 ἑαυτῶν
632 3613 946 3667 κελεύουσιν
988 3612 1368 3681 ἀναλέγεσθαιο
1409 3613 1551 3666 οὖτω
1581 3614 1672 3667 καὶ
1717 3616 1879 3684 ἡμεῖς

294 3709 657 3779 ἐποιήσαμεν,
689 3706 945 3768 λαϐόντες
989 3703 1090 3775 τὴν
1128 3705 1504 3777 πνευματικὴν
1545 3707 1748 3778 τροφὴν
1788 3708 1878 3760 ἐπὶ

293 3799 390 3853 τοῦ
425 3799 714 3870 στόματος,
741 3796 1081 3867 ἐκαλέσαμεν
1111 3796 1276 3866 ὑμᾶς,
1301 3797 1376 3861 ώς
1397 3797 1728 3868 δηλώσοντες
1751 3800 1879 3871 ὑμῖν

298 3890 550 3963 συνήθως
583 3890 684 3959 τὴν
713 3888 884 3942 λύσιν’
919 3888 1109 3958 ἐπειδὴ
1144 3889 1200 3941 δέ
1223 3888 1554 3959 προσήλθετε
1579 3891 1674 3943 καὶ
1705 3908 1878 3962 προσ-

295 3983 594 4052 εδοκήσατε
615 3977 893 4044 δέξασθαι,
930 3978 1242 4048 ἀφήκαμεν,
1275 3977 1415 4031 ὥστε
1449 3979 1592 4048 ὑμᾶς
1624 3981 1690 4034 δι’
1725 3981 1878 4051 ὑμῶν

294 4071 482 4125 αὐτῶν
501 4067 861 4134 ἀναδέξασθαι
902 4067 972 4120 τὰ
999 4068 1268 4139 νοήματα.
1300 4069 1398 4122 Διά
1424 4069 1581 4122 τοῦτο
1607 4070 1666 4124 τὸ
1697 4070 1878 4142 προοί-

299 4185 421 4239 μιον
445 4167 693 4236 ἀφέντες,
725 4165 861 4236 πρὸς
895 4164 1103 4218 Παῦλον
1129 4166 1479 4237 ἐπειγόμεθα.
1526 4168 1790 4241 Ἐροῦμεν
1818 4170 1873 4224 δὲ

296 4261 396 4329 οὐχ
439 4261 540 4313 ὅσα
561 4258 662 4329 τὴν
699 4257 1024 4329 Ἐκκλησίαν
1047 4256 1292 4328 ὠφέλησε
1309 4257 1487 4329 μόνον,
1515 4259 1627 4313 ἀλλ’
1652 4263 1752 4314 ὅσα
1782 4264 1876 4317 καὶ

297 4347 521 4418 ἔϐλαψεο
582 4347 677 4402 καὶ
719 4348 828 4420 γὰρ
885 4350 1180 4417 ἀναγκαῖος
1225 4351 1356 4419 ἡμῖν
1409 4345 1564 4415 οὗτος
1619 4353 1647 4404 6
1698 4352 1872 4424 λόγος.

311 4439 574 4511 Ἐροῦμεν
596 4439 714 4504 πῶς
741 4441 1056 4512 ἐμαχήσατο
1085 4440 1164 4511 τῷ
1200 4440 1342 4510 λόγῳ
1379 4441 1470 4495 τοῦ
1501 4444 1874 4516 κηρύγματος,

300 4528 420 4593 πῶς
453 4529 762 4601 ἐπολέμησε
811 4528 888 4601 τῷ
934 4529 1175 4600 Χριστῷ,
1225 4529 1342 4592 πῶς
1369 4529 1554 4597 ἐδίωξε
1591 4533 1717 4597 τοὺς
1745 4535 1878 4587 ἀπο-

300 4619 543 4686 στόλους,
577 4620 776 4683 πῶςτά
809 4621 918 4672 τῶν
948 4619 1222 4689 πολεμίων
1252 4621 1489 4690 ἐφρόνει,
1511 4622 1627 4686 πῶς
1662 4623 1878 4678 πάντων

299 4710 521 4764 πλείονα
548 4714 776 4782 παρεῖχε
803 4713 869 4783 τῇ
912 4710 1208 4782 Ἐκκλησία
1234 4712 1552 4784 πράγματα.
1595 4715 1754 4770 Ἀλλά
1778 4734 1880 4787 μη-

297 4801 413 4864 δεὶς
444 4802 784 4872 αἰσχυνέσθω
815 4801 942 4874 περὶ
973 4801 1184 4874 Παύλου
1217 4801 1392 4856 ταῦτα
1420 4804 1652 4859 ἀκούωνο
1682 4807 1741 4859 06
1771 4808 1879 4879 γάρ

301 4895 451 4945 ἐστιν
483 4893 646 4946 06106
678 4894 1131 4964 κατηγορήματα,
1163 4893 1274 4947 ἀλλ’
1299 4895 1588 4966 ἐγκωμίων
1603 4899 1874 4965 ὑπόθεσις.

301 4983 379 5036 O6
420 4983 529 5056 γάρ
552 4984 856 5055 κατηγορία
885 4983 1033 5055 αύτῷ
1065 4985 1325 5057 πρότερον
1347 4985 1474 5040 ὄντα
1491 4989 1709 5056 φαῦλον,
1726 4989 1878 5043 ὕστε-

305 5087 399 5142 ρον
424 5071 678 5140 γενέσθαι
704 5072 960 5144 χρηστὸν,
994 5071 1128 5126 ἀλλὰ
1161 5073 1224 5127 16
1255 5075 1515 5146 πρότερον
1551 5077 1678 5131 ὄντα
1711 5096 1878 5132 σπου-

299 5163 471 5228 δαῖον,
509 5160 737 5234 ὕστερον
791 5162 1220 5234 μεταϐάλλεσθαι
1265 5166 1400 5236 πρὸς
1450 5168 1736 5240 πονηρίαν⁶
1771 5170 1879 5222 ἀπὸ

301 5253 412 5324 γὰρ
435 5252 527 5308 τοῦ
549 5253 737 5318 τέλους
771 5255 856 5309 ἀεὶ
882 5255 952 5308 τὰ
991 5254 1293 5326 πράγματα
1321 5258 1584 5330 κρίνεται.
1617 5261 1728 5313 Καὶ
1771 5262 1879 5331 γὰρ

301 5345 430 5408 106;
471 5343 832 5416 κυϐερνήτας,
879 5344 981 5399 κᾶν
1011 5346 1181 5417 μυρία
1229 5347 1460 5416 ναυάγια
1494 5349 1876 5420 ὑπομείνωσιν,

302 5436 434 5490 ὅταν
467 5434 734 5506 μέλλωσιν
767 5437 845 5500 είς
867 5436 959 5490 τόν
993 5433 1186 5508 λιμένα
1215 5439 1519 5510 καταίρειν,
1553 5439 1618 5494 ἂν
1645 5441 1880 5512 φορτίων

303 5525 748 5598 πεπληρωμένην
784 5528 981 5583 ὁλκάδα
1027 5529 1435 5599 καταγάγωσιν,
1466 5531 1525 5585 06
1563 5533 1737 5602 φαμὲν
1780 5551 1876 5586 πε-

303 5613 549 5686 πρᾶχθαι
571 5615 779 5681 κακῶς,
813 5615 906 5669 τοῦ
950 5617 1133 5680 τέλους
1164 5615 1234 5670 τά
1273 5616 1612 5689 παρελθόντα
1640 5617 1880 5690 ἀποκρύ-

301 5706 524 5772 ψαντος·
558 5705 652 5759 καὶ
684 5707 807 5769 106;
829 5706 1064 5777 ἀθλητάς
1095 5707 1273 5776 πάλιν,
1309 5705 1410 5762 κᾶν
1428 5709 1600 5780 μυρία
1618 5709 1879 5782 πρότερον

755 299 823 354 IN
864 297 1102 364 ILLUD,
1148 298 1424 356 SAULUS
1465 298 1698 355 ADIIUC
1741 297 2055 354 SPIRANS.
2092 299 2178 354 DE
2221 301 2630 359 MUTATIONE
2669 302 3015 359 NOMINUM.
3057 302 3092 355 l.

3455 306 3556 367 1%)

1986 408 2280 478 ἡττηθῶσι,
2309 410 2406 482 τὴν
2433 410 2489 463 δέ
2539 411 2666 482 περὶ
2693 410 2786 463 τοῦ
2819 410 3082 480 στεφάνου
3125 412 3300 482 πάλην
3348 418 3555 486 κρατή-

1988 516 2172 562 σωσιν,
2208 501 2308 554 οὐκ
2336 501 2745 573 ἀποστεροῦμεν
2775 502 2882 555 τῶν
2914 505 3202 574 ἐγκωμίων
3224 504 3331 558 τῶν
3367 507 3460 560 ἐπὶ
3488 511 3555 579 τῇ

1986 594 2111 664 νίκῃ
2136 594 2224 647 διὰ
2252 597 2320 648 τά
2350 597 2612 667 πρότερα.
2649 597 2804 650 Οὕτω
2830 598 2923 650 καὶ
2953 598 3043 650 ἐπὶ
3077 597 3288 651 Παύλου
3320 599 3557 670 ποιήσω-

1989 703 2107 756 μεν.
2138 687 2246 739 Καὶ
2266 686 2373 758 γὰρ
2403 687 2494 740 καὶ
2526 682 2677 752 οὗτος
2728 691 2822 742 καὶ
2863 687 3032 760 μυρία
3067 689 3299 758 ναυάγια
3336 690 3562 760 ὑπέμει-

1985 793 2094 839 νεν,
2123 777 2238 829 ἀλλ’
2265 778 2354 829 ὅτε
2377 780 2455 841 εἰς
2492 779 2582 832 τὸν
2598 779 2791 849 λιμένα
2805 781 3084 850 καταίρειν
3105 779 3317 850 ἔμελλε,
3353 783 3560 852 πεπλη-

1987 868 2237 938 ρωμένην
2263 871 2504 940 ἐπήγαγε
2522 870 2628 922 τῶν
2645 870 2878 942 φορτίων
2904 872 3000 941 τὴν
3015 871 3230 926 ὁλκάδα.
3249 873 3357 925 Καὶ
3373 853 3562 944 ὥσπερ

1983 970 2011 1021 6
2056 968 2255 1032 Ἰούδας
2295 970 2446 1022 οὐδὲν
2484 971 2733 1042 ὠφέλησε
2785 971 2890 1041 πρὸ
2939 972 3129 1024 τούτου
3175 972 3420 1044 μαθητὴς
3462 973 3559 1038 ὢν,

1985 1063 2104 1122 εἶτα
2145 1070 2409 1141 προδότης
2434 1073 2740 1142 γενόμενος’
2769 1070 3018 1124 οὕτωκαὶ
3041 1065 3194 1135 0610;
3231 1073 3383 1126 οὐδὲν
3421 1091 3563 1145 παρ-

1986 1168 2186 1240 561061]
2231 1171 2335 1240 πρὸ
2357 1170 2542 1223 τούτου
2575 1171 2808 1242 διώκτης
2841 1171 2933 1234 ὢν,
2958 1172 3094 1242 μετά
3129 1172 3184 1224 δὲ
3212 1173 3382 1225 ταῦτα
3406 1174 3561 1241 γενόο

1989 1286 2148 1340 μενος
2172 1270 2582 1343 εύαγγελιστής.
2629 1271 2910 1342 Ἐγκώμια
2934 1272 3147 1326 Παύλου
3191 1272 3363 1326 ταῦτά
3391 1275 3559 1337 ἐστιν,

1984 1370 2082 1422 οὐκ
2122 1370 2309 1440 ἐπειδὴ
2345 1373 2657 1442 κατέσκαψε
2693 1371 2793 1444 τὴν
2856 1371 3199 1442 Ἐκκλησίαν,
3245 1373 3359 1427 ἀλλ’
3401 1374 3562 1438 αὐτὸς

1986 1470 2156 1540 αὐτὴν
2203 1471 2364 1525 πάλιν
2393 1472 2760 1543 ᾠκοδόμησεν·
2794 1473 2892 1524 οὐκ
2935 1473 3120 1542 ἐπειδὴ
3157 1474 3426 1545 ἐπόρθησε
3469 1475 3563 1529 τὸν

1985 1570 2132 1642 [104]
2161 1571 2336 1640 λόγον,
2367 1571 2481 1625 ἀλλ’
2513 1571 2699 1643 ἐπειδὴ
2732 1572 3013 1641 πορθήσας
3059 1571 3150 1624 τὸν
3178 1572 3352 1640 λόγον,
3401 1573 3562 1636 0616;

1984 1673 2142 1726 αὐτὸν
2189 1674 2351 1727 πάλιν
2399 1672 2656 1743 ηὔξησενο
2693 1674 2792 1726 ούκ
2825 1673 3011 1744 ἐπειδὴ
3073 1673 3378 1744 ἐπολέμησε
3431 1675 3559 1737 106;

1984 1772 2333 1839 ἀποστόλους,
2367 1775 2466 1826 οὐκ
2500 1773 2688 1844 ἐπειδὴ
2722 1771 3048 1845 διεσπάραξε
3075 1775 3173 1844 τὴν
3198 1756 3418 1847 ἀγέλην,
3442 1775 3558 1830 ἀλλ’

1986 1872 2174 1944 ἐπειδὴ
2203 1871 2600 1944 διασπαράξας,
2641 1872 2866 1944 ὕστερον
2907 1875 3067 1940 αὐτὸς
3102 1876 3271 1948 αὐτὴν
3309 1878 3563 1950 συνεκρό-

1985 1989 2139 2044 τησε.

2059 2074 2122 2122 ε’.
2157 2069 2221 2121 Τί
2251 2068 2439 2123 τούτου
2488 2069 2912 2142 παραδοξότερον
2946 2073 3140 2140 γένοιτ’
3171 2072 3268 2136 ἀνς
3312 2075 3368 2128 Ὀ
3399 2073 3563 2135 λύκος

1987 2158 2202 2227 ἐγένετο
2230 2160 2432 2230 ποιμήν
2451 2176 2465 2189 °
2514 2162 2542 2212 6
2573 2160 2633 2212 16
2664 2155 2802 2230 αἷμα
2834 2161 2940 2212 τῶν
2976 2162 3262 2233 προϐάτων
3294 2163 3560 2224 ἐκπίνων,

1984 2250 2045 2301 06
2073 2249 2277 2302 διέλιπε
2300 2249 2359 2303 16
2385 2246 2522 2320 αἷμα
2545 2249 2738 2305 ἐαυτοῦ
2766 2252 2971 2322 ἐκχέων
3003 2253 3144 2324 ὑπὲρ
3174 2254 3272 2324 τῆς
3293 2252 3400 2306 τῶν
3431 2271 3564 2322 προ-

1986 2340 2164 2394 ϐάτων
2212 2342 2502 2412 σωτηρίας.
2558 2342 2744 2395 Βούλει
2794 2344 2984 2414 μαθεῖν
3018 2344 3135 2407 πῶς
3182 2344 3240 2396 τὸ
3288 2339 3426 2413 αἷμα
3455 2344 3563 2396 τῶν

1986 2431 2276 2495 προϐάτων
2332 2432 2584 2497 ἐξέπινε;
2649 2432 2767 2495 πῶς
2826 2433 3120 2503 ᾑμαγμένη
3179 2428 3246 2503 ἦν
3303 2432 3465 2486 αὐτοῦ
3527 2434 3562 2502 ή

1983 2521 2238 2590 γλῶσσα;
2267 2521 2507 2588 Σαῦλος
2533 2522 2601 2575 δέ
2625 2521 2712 2575 ἔτι
2740 2522 3014 2590 ἐμπνέων
3049 2523 3304 2588 ἀπειλῆς
3333 2522 3430 2576 καὶ
3458 2524 3562 2592 φό-

1982 2628 2092 2664 νου
2138 2613 2225 2676 εὶς
2265 2611 2407 2676 τοὺς
2436 2611 2706 2679 μαθητὰς
2737 2611 2844 2665 τοῦ
2889 2611 3129 2678 Kvpc'ov.
3174 2611 3311 2663 Ἀλλ’
3347 2606 3498 2674 0610;
3533 2613 3562 2664 6

1983 2701 2208 2771 ἀπειλῆς
2240 2701 2333 2753 καὶ
2369 2701 2526 2769 φόνου
2556 2701 2807 2771 ἐμπνέων
2827 2741 2840 2765 ,
2870 2701 2961 2754 καὶ
2995 2702 3053 2754 16
3085 2697 3222 2774 αἷμα
3250 2702 3356 2756 τῶν
3393 2703 3562 2772 ἁγίων

1984 2793 2224 2863 ἐκχέων,
2270 2793 2500 2846 ἄκουσον
2546 2793 2664 2855 πῶς
2714 2794 2776 2846 16
2823 2790 2964 2863 αἷμα
3001 2794 3062 2846 16
3109 2795 3304 2846 ἐαυτοῦ
3349 2795 3563 2865 ἐξέχεεν

1985 2884 2124 2952 ύπέρ
2154 2882 2261 2936 τῶν
2296 2883 2488 2950 ἁγίων.
2541 2885 2610 2936 El
2641 2883 2790 2937 κατὰ
2828 2882 3172 2950 ἄνθρωπον,
3209 2885 3401 2953 φησὶν,
3430 2884 3566 2950 ἐθη·

1977 2971 2320 3041 ριομτίχησιι
2357 2973 2427 3025 ἐν
2474 2971 2726 3041 Ἐρέσῳ·
2774 2973 2871 3026 καὶ
2923 2973 3118 3037 πάλιν,
3169 2975 3308 3026 Καθ’
3338 2972 3565 3040 ἡμέραν

1984 3061 2349 3127 ἀποθνήσκω
2368 3078 2381 3092 ’
2405 3061 2496 3114 καὶ
2527 3061 2709 3122 πάλιν,
2754 3061 3186 3130 Ἐλογίσθημεν
3202 3062 3280 3126 ὼς
3305 3063 3564 3128 πρόϐατα

1985 3151 2246 3222 σφαγῆς.
2279 3152 2389 3206 Καὶ
2417 3152 2590 3206 ταῦτα
2620 3152 2806 3220 ἔλεγεν
2829 3155 2855 3206 6
2886 3152 3075 3224 παρὼν
3108 3153 3197 3206 ὅτε
3224 3153 3460 3225 ἐξεχεῖτο
3502 3155 3564 3207 τὸ

1984 3237 2124 3314 αἷμα
2171 3244 2477 3312 Στεφάνου,
2527 3244 2620 3296 καὶ
2664 3238 2731 3312 ἦν
2782 3244 3115 3297 συνευδοκῶν
3164 3248 3226 3316 τῇ
3283 3244 3561 3318 ἀναιρέσει

1983 3329 2170 3382 αὐτοῦ.
2211 3330 2372 3401 Ὁρᾷς
2409 3329 2527 3395 πῶς
2555 3332 2583 3384 6
2611 3330 2772 3395 λύκος
2802 3332 3004 3403 ποιμὴν
3031 3333 3280 3402 ἐγένετο;
3304 3329 3427 3404 *Δρ*
3461 3335 3564 3388 οὐκ

1984 3425 2302 3495 αἰσχύνεσθε
2345 3426 2450 3497 πρὸ
2476 3425 2667 3478 τούτου
2697 3427 2984 3491 ἀκούοντες
3015 3429 3097 3481 ὅτι
3119 3427 3352 3499 διώκτης
3379 3425 3447 3499 ἦν
3472 3430 3564 3482 καὶ

1987 3515 2306 3586 βλάσφημος
2349 3517 2444 3568 καὶ
2473 3516 2766 3586 ὑϐριστήςς
2796 3517 2978 3570 Εἴδετε
3022 3519 3138 3582 πῶς
3175 3519 3358 3588 μεῖζον
3397 3521 3561 3574 06106

1984 3607 2210 3677 ἐποίησε
2242 3606 2306 3658 τὸ
2335 3604 2610 3674 ἐγκώμιον
2641 3611 2672 3678 ἡ
2697 3607 2937 3679 προτέρα
2959 3609 3262 3679 κατηγορία
3283 3626 3296 3672 ;
3319 3610 3432 3664 Ούκ
3456 3610 3566 3662 ἕλεα

1985 3716 2078 3767 γον
2128 3699 2255 3769 ύμῖν
2288 3701 2345 3752 ἐν
2392 3702 2458 3770 τῇ
2512 3699 2756 3770 προτέρα
2805 3698 3022 3765 συνάξει
3069 3701 3293 3754 ὅτιτῶν
3325 3701 3428 3773 πρὸ
3465 3701 3561 3754 τοῦ

1987 3790 2220 3861 σταυροῦ
2263 3789 2504 3861 σημείων
2536 3789 2604 3843 τά
2637 3791 2776 3860 μετά
2813 3791 2902 3843 τὸν
2928 3793 3159 3863 σταυρὸν
3188 3793 3410 3862 μείζονα
3440 3793 3562 3861 ἐγέ-

1985 3898 2135 3946 νετο;
2170 3881 2270 3936 ούκ
2320 3881 2496 3949 ἔδειξα
2543 3883 2672 3952 ὑμῖν
2715 3883 2809 3936 καλ⁹
2855 3883 2961 3937 ἀπὸ
3007 3884 3116 3936 τῶν
3151 3885 3419 3954 σημείων,
3466 3886 3561 3939 καὶ

1985 3973 2096 4027 ἀπὸ
2126 3973 2225 4044 τῆς
2263 3973 2473 4037 εύνοίας
2499 3973 2606 4026 τῶν
2639 3973 2928 4045 μαθητῶν,
2964 3974 3058 4028 καὶ
3087 3974 3202 4038 πῶς
3232 3975 3337 4046 πρὸ
3368 3974 3559 4028 τούτου

1989 4066 2086 4136 μὲν
2111 4068 2139 4119 6
2164 4065 2396 4137 X91016;
2421 4065 2725 4120 ἐπιτάττων
2750 4066 2938 4136 ήγειρε
2961 4067 3084 4129 τοὺς
3115 4067 3342 4137 νεκροὺς
3361 4106 3375 4130 ,
3403 4066 3558 4119 ὓστε-

1988 4175 2079 4228 ρον
2118 4158 2174 4211 δὲ
2207 4159 2263 4210 αἱ
2306 4157 2455 4211 σκιαὶ
2491 4158 2599 4210 τῶν
2647 4157 2850 4210 δούλων
2896 4156 3060 4211 αὐτοῦ
3108 4158 3265 4211 τοῦτο
3307 4159 3558 4225 ἐποίουν;

1986 4247 2102 4312 πῶς
2125 4248 2244 4302 τότε
2278 4248 2375 4320 μὲν
2407 4249 2568 4311 0616;
2591 4248 2828 4304 κελεύων
2850 4248 3157 4320 ἐθαυματού
3168 4267 3306 4321 ργει,
3336 4249 3560 4321 ὕστερον

1983 4341 2039 4395 δέ
2089 4343 2135 4394 οἱ
2184 4341 2358 4395 δοῦλοι
2403 4339 2565 4394 αὑτοῦ
2617 4341 2693 4412 τῷ
2749 4342 2972 4413 ὀνόματι
3014 4342 3179 4396 06106
3229 4343 3558 4414 κεχρημένοι

1988 4434 2211 4505 μείζονα
2235 4433 2526 4503 ἐποίησαν;
2557 4433 2656 4486 οὐκ
2681 4432 2830 4486 εἶπον
2865 4434 2993 4502 ὑμῖν
3023 4435 3150 4504 περὶ
3173 4433 3280 4486 τῶν
3307 4435 3518 4505 ἐχθρῶν
3541 4474 3558 4499 ,

1986 4526 2103 4589 πῶς
2135 4526 2399 4579 διέσεισεν
2429 4523 2609 4578 αὐτῶν
2635 4525 2694 4577 16
2719 4525 2990 4588 συνειδός;
3024 4526 3140 4587 πῶς
3165 4527 3434 4596 ἐκράτησε
3460 4528 3559 4598 τῆς

1985 4614 2306 4686 οἰκουμένης
2349 4614 2595 4684 ἀπάσης;
2640 4613 2758 4676 πῶς
2801 4614 3024 4684 μείζονα
3070 4615 3136 4668 τὰ
3178 4618 3377 4686 σημεῖα
3423 4617 3559 4686 μετά

1984 4707 2075 4760 τὸν
2129 4706 2353 4778 σταυρὸν
2397 4701 2464 4777 ἦν
2508 4706 2616 4758 τῶν
2660 4706 2766 4776 πρὸ
2805 4704 2898 4757 τοῦ
2967 4707 3240 4777 σταυροῦ;
3307 4709 3558 4778 Ἀδελφδς

1985 4799 2192 4852 ἐκείνου
2227 4799 2319 4852 καί¹
2369 4799 2396 4850 6
2427 4799 2664 4868 σήμερον
2711 4795 2966 4850 εἰσελθὼν
3008 4797 3183 4866 λόγος.
3217 4799 3281 4851 Τί
3320 4799 3428 4871 γὰρ
3462 4801 3558 4854 τοῦ

1987 4891 2127 4945 κατά
2166 4890 2376 4944 Παῦλον
2414 4889 2600 4960 μεῖζον
2634 4887 2860 4959 σημείου
2893 4887 3088 4956 γένοιτ’
3114 4889 3214 4954 ἄν;
3247 4890 3432 4943 Ζῶντα
3461 4891 3560 4961 μὲν

1986 4980 2094 5052 γὰρ
2132 4980 2292 5035 αὑτὸν
2338 4980 2488 5034 καὶὸ
2534 4979 2738 5050 Πέτρος
2767 4979 3076 5050 ἠρνήσατο,
3127 4980 3462 5034 ἀποθανόντα
3502 4980 3560 5034 δὲ

1985 5076 2014 5127 6
2061 5072 2268 5136 Παῦλος
2311 5072 2648 5144 ὡμολόγησε.
2685 5071 2791 5124 Τοῦ
2837 5073 2894 5126 δὲ
2942 5075 3167 5145 νεκροὺς
3217 5074 3427 5146 ἐγεῖραι
3471 5074 3559 5129 διὰ

1984 5166 2093 5220 τῶν
2131 5165 2296 5219 σκιῶν
2333 5164 2515 5235 μεῖζον
2543 5166 2764 5234 σημεῖον
2786 5159 2853 5235 ἧν
2874 5163 2934 5217 16
2962 5165 3058 5234 τὴν
3086 5163 3310 5236 γνώμην
3348 5167 3558 5221 Παύλου

1986 5257 2390 5313 ἐπισπάσασθαι
2442 5257 2533 5310 καὶ
2584 5257 2741 5311 ἐλεῖν.
2805 5259 2952 5312 Ἐκεῖ
2999 5259 3096 5329 μὲν
3140 5261 3250 5330 γάρ
3305 5261 3338 5329 ἡ
3399 5259 3560 5328 φύσις

1987 5350 2202 5413 εἵπετο,
2235 5347 2328 5400 καὶ
2377 5347 2476 5400 οὐκ
2515 5347 2765 5416 ἀντέλεγε
2806 5347 2884 5418 τῷ
2918 5348 3257 5402 ἐπιτάττοντι
3279 5363 3290 5377 ·
3325 5347 3561 5401 ἐνταῦθα

1986 5441 2043 5493 δὲ
2079 5438 2394 5511 προαίρεσις
2426 5435 2493 5510 ἦν
2544 5438 2640 5492 τοῦ
2687 5438 3007 5509 πεισθῆναι,
3054 5438 3148 5491 καὶ
3185 5436 3280 5490 τοῦ
3322 5436 3396 5508 μὴ
3441 5453 3561 5490 πει-

1990 5532 2180 5601 σθῆναι
2223 5529 2416 5601 κυρία·
2453 5531 2575 5584 ὅθεν
2623 5529 2790 5600 πολλή
2824 5529 2857 5598 ή
2889 5528 3117 5598 δύναμις
3142 5527 3237 5581 τοῦ
3278 5527 3564 5592 πείσαντος

1987 5619 2278 5673 δείκνυται.
2326 5617 2434 5671 Τοῦ
2484 5618 2593 5689 γὰρ
2623 5617 2784 5687 φύσιν
2827 5616 3116 5688 διορθῶσαι
3146 5617 3206 5670 16
3244 5617 3565 5689 προαίρεσιν

1993 5709 2318 5783 μεταϐαλεῖν
2353 5708 2531 5780 πολλῷ
2565 5710 2746 5780 μεῖζον
2780 5703 2877 5780 ἦν·
2905 5709 3094 5779 μεῖζον
3125 5710 3230 5781 ἄρα
3259 5710 3364 5764 τῶν
3391 5710 3564 5767 ἀλλων
