4060 6252
540 297 635 353 HI

541 417 793 470 ἁπάντων
838 414 1060 483 σημεῖον
1095 409 1308 478 ἐγένετο
1335 409 1395 461 τὸ
1423 406 1633 460 Παῦλον
1671 403 1986 477 προσελθεῖν
2029 401 2108 473 τῷ

539 505 760 580 Χριστῷ
793 505 929 575 μετά
968 503 1056 557 τὸν
1099 503 1328 575 σταυρὸν
1376 500 1586 554 καὶτὸν
1631 497 1820 566 τάφον.
1859 497 1967 550 Kal
2001 495 2108 564 γὰρ

540 597 626 650 διὰ
651 595 808 648 τοῦτο
835 595 1046 663 ἀφῆκεν
1073 592 1239 646 αὑτὸν
1278 595 1307 645 6
1326 591 1558 664 Χριστὸς
1584 591 1762 643 πᾶσαν
1785 587 1885 658 τὴν
1914 585 2109 658 ἔχθραν

539 689 941 757 ἐπιδείξασθαι.
994 689 1088 740 xal
1147 687 1268 740 τότε
1315 684 1607 747 ἐκάλεσεν,
1660 682 1746 733 ἵνα
1804 677 2111 730 ἀνύποπτον

541 782 742 850 ποιήσῃ
769 780 868 848 τῆς
906 777 1253 840 ἀναστάσεως
1294 775 1394 846 τὴν
1437 769 1743 834 ἀπόδειξιν,
1775 768 1872 821 καὶ
1911 766 2001 820 τὸν
2035 765 2111 817 δι-

540 869 835 933 δασκαλίας
864 869 1040 936 λόγον.
1085 868 1290 938 Πέτρος
1324 865 1422 935 μὲν
1451 863 1560 934 γάρ
1590 862 1718 933 περὶ
1743 858 1907 913 αὐτοῦ
1938 856 2109 924 λέγων

543 962 672 1025 ίσως
716 960 1068 1015 ὑπωπτεύετο
1098 976 1113 990 ·
1163 955 1276 1028 εἶχε
1324 956 1431 1029 γάρ
1476 973 1558 1018 τις
1603 953 1711 1006 τῶν
1743 949 2111 1020 ἀναισχύντων

541 1055 716 1105 εἰπεῖν
754 1070 827 1106 τι.
858 1049 1026 1104 Εἶπον
1061 1050 1117 1103 δέ
1153 1049 1262 1103 τῶν
1298 1046 1684 1118 ἀναισχύντων,
1714 1046 1795 1098 ὅτι
1819 1043 1978 1096 κάκεῖ
2004 1057 2108 1109 φα-

542 1145 675 1215 νερά
727 1145 758 1214 ὴ
807 1141 1079 1206 ἀπόδειξις
1133 1137 1222 1213 ἦν.
1274 1141 1385 1194 Kal
1437 1140 1544 1211 γάρ
1586 1138 1679 1192 καὶ
1707 1138 1911 1199 ἐκεῖνος
1949 1132 2112 1188 αὐτὸν

544 1236 820 1304 ἠρνήσατο
852 1233 1145 1304 πρότερον,
1181 1232 1274 1286 καὶ
1302 1232 1578 1302 ἠρνήσατο
1619 1227 1734 1299 μεθ’
1761 1227 1923 1296 ὅρκου
1945 1264 1960 1288 ,
1996 1221 2112 1275 ἀλλ’

543 1327 693 1396 ὅμως
739 1326 830 1377 τὸν
866 1324 1026 1376 αὐτὸν
1057 1323 1244 1377 τοῦτον
1287 1322 1563 1393 ὁμολογῶν
1611 1320 1834 1389 ὕστερον
1879 1317 1974 1370 καὶ
2015 1314 2114 1384 τὴν

543 1417 721 1485 ψυχὴν
754 1415 993 1468 ἐπέδωκε
1022 1415 1120 1484 τὴν
1150 1413 1361 1466 ἐαυτοῦ.
1401 1414 1462 1466 Εί
1499 1413 1554 1466 δὲ
1589 1411 1662 1482 μὴ
1690 1409 1889 1478 ἀνέστη
1912 1447 1926 1471 ,
1961 1403 2113 1478 [105]

546 1508 647 1577 οὐκ
677 1507 741 1559 ἂν
774 1506 802 1557 6
829 1504 1005 1570 ζῶντα
1045 1506 1451 1575 ἀρνησάμενος,
1480 1502 1621 1556 ὥστε
1669 1501 1742 1572 μὴ
1776 1496 2114 1570 ἀρνήσασθαι

547 1597 974 1668 τελευτήσαντα,
1025 1596 1251 1668 μυρίους
1291 1595 1356 1649 ἂν
1405 1595 1664 1657 θανάτους
1711 1592 1998 1660 ὑπέμεινε·
2035 1586 2116 1641 διὸ

549 1689 646 1740 καὶ
677 1688 769 1740 ἐπὶ
799 1690 1002 1759 Πέτρου
1035 1688 1242 1759 φανερά
1265 1691 1298 1759 ἡ
1325 1688 1597 1754 ἀπόδειξις
1630 1688 1730 1758 τῆς
1770 1683 2116 1745 ἀναστάσεως

548 1773 635 1849 ἦν.
665 1779 808 1849 Πλὴν
835 1779 947 1832 ἀλλ’
977 1781 1153 1833 ἐκεῖνο
1179 1781 1275 1850 μὲν
1301 1775 1444 1850 εἶχον
1466 1782 1514 1833 οἱ
1541 1780 1880 1850 ἀναίσχυντοι
1913 1776 2112 1844 λέγειν,

548 1871 631 1924 ὅτι
658 1871 842 1941 ἐπειδὴ
869 1871 1119 1942 μαθητὴς
1139 1872 1301 1928 αὑτοῦ
1327 1869 1392 1945 ἦν
1413 1911 1428 1935 ,
1459 1872 1645 1941 ἐπειδὴ
1673 1870 1949 1942 τραπέζης
1973 1871 2117 1922 ἐκοι-

547 1961 785 2032 νώνησεν
806 1962 971 2033 αὐτῷ,
998 1963 1092 2016 καὶ
1120 1965 1245 2035 τρία
1272 1964 1365 2036 ἐτη
1391 1963 1539 2034 αὐτῷ
1566 1961 1897 2030 συνεγένετο,
1928 1960 2114 2030 ἐπειδὴ

547 2053 892 2119 διδασκαλίας
937 2057 1270 2127 ἀπήλαυσεν,
1306 2057 1492 2128 ἐπειδὴ
1517 2055 1852 2124 ἐκολακεύθη
1888 2055 1978 2107 ὑπ’
2012 2052 2112 2105 αύ-

547 2142 641 2197 τοῦ
685 2145 1015 2216 ἀπατηθεὶς,
1055 2145 1142 2198 διά
1178 2145 1333 2199 τοῦτο
1368 2145 1624 2217 κηρύττει
1659 2143 1824 2199 αὐτοῦ
1852 2141 1950 2214 τὴν
1986 2141 2117 2196 ἀνά-

549 2251 736 2287 στασιν
757 2252 770 2265 ·
809 2236 937 2289 ὅταν
975 2237 1030 2289 δὲ
1065 2237 1274 2290 Παῦλον
1312 2237 1424 2308 ἴδῃς
1459 2237 1546 2290 τὸν
1579 2237 1679 2290 ούκ
1711 2235 1884 2290 είδότα
1921 2234 2113 2300 αὑτὸν,

546 2326 636 2379 τὸν
680 2325 778 2380 οὐκ
818 2327 1129 2382 ἀκούσαντα
1157 2327 1352 2394 αὑτοῦ,
1390 2330 1481 2383 τὸν
1527 2330 1586 2381 ού
1645 2328 1981 2399 μετασχόντα
2018 2327 2117 2398 τῆς

547 2416 911 2482 διδασκαλίας,
948 2419 1038 2472 τὸν
1073 2419 1166 2472 καὶ
1209 2420 1345 2489 μετά
1379 2420 1469 2474 τὸν
1505 2420 1733 2491 σταυρὸν
1769 2419 1915 2490 αύτῷ
1959 2419 2116 2473 πολε-

553 2504 784 2572 μοῦντα,
821 2505 911 2559 τὸν
945 2509 1338 2563 ἀποκτιννύντα
1378 2513 1504 2574 τοὺς
1533 2513 1612 2574 είς
1649 2511 1809 2564 αὐτὸν
1844 2509 2116 2565 πιστεύον-

551 2612 681 2659 τας,
711 2596 803 2649 τδν
841 2599 1016 2651 πάντα
1064 2601 1356 2671 συγχέοντα
1396 2604 1490 2656 καὶ
1524 2603 1892 2673 ταράττοντα,
1932 2602 2116 2656 τοῦτον

549 2685 810 2760 ἐξαίφνης
841 2689 1339 2763 μεταϐεϐλημένον,
1385 2694 1478 2747 καὶ
1516 2697 1627 2758 τοῖς
1649 2695 1786 2766 ὑπὲρ
1810 2694 1904 2750 τοῦ
1943 2694 2114 2767 κηρύ-

549 2794 757 2847 γματος
812 2781 1078 2850 καμάτοις
1137 2783 1380 2848 ἅπαντας
1415 2786 1796 2857 παρελάσαντα
1842 2787 1970 2850 τοὺς
2021 2785 2114 2840 τοῦ

549 2870 784 2942 Χριστοῦ
813 2872 1020 2942 φίλους,
1061 2874 1217 2927 ποίαν
1243 2875 1382 2941 ἕξεις
1417 2876 1598 2929 λοιπὸν
1618 2917 1632 2941 ,
1667 2877 1789 2930 είπέ
1815 2894 1933 2948 μοι,
1965 2877 2116 2930 ἀναι-

549 2964 805 3033 σχυντίας
855 2965 1152 3035 πρόφασιν,
1201 2967 1444 3020 ἀπιστῶν
1491 2967 1569 3038 τῷ
1618 2970 1718 3040 τῆς
1772 2969 2116 3032 ἀναστάσεως

548 3051 724 3121 λόγου
759 3055 822 3106 Et
862 3055 971 3126 γάρ
1011 3056 1085 3128 μὴ
1115 3057 1311 3130 ἀνέστη
1345 3059 1371 3109 6
1409 3059 1676 3129 Χριστὸς,
1711 3059 1794 3122 τίς
1826 3059 1916 3112 τὸν
1943 3057 2115 3122 οὕτως

552 3143 701 3213 ὠμὸν
724 3147 818 3198 καὶ
845 3147 1228 3213 ἀπάνθρωπον,
1262 3149 1345 3211 τίς
1369 3148 1458 3200 τὸν
1482 3149 2000 3219 ἐκπεπολεμωμένον
2021 3149 2114 3203 καὶ

550 3236 888 3306 ἠγριωμένον
918 3240 1262 3291 ἐπεσπάσατο
1289 3239 1376 3302 ἂν,
1407 3239 1499 3291 καὶ
1525 3239 1661 3308 πρὸς
1696 3241 1883 3292 ἐαυτὸν
1906 3241 2116 3310 ἐπηγά-

551 3341 715 3394 γετο;
749 3327 884 3379 Εἰπέ
914 3329 1022 3398 γάρ
1053 3345 1176 3397 μοι,
1211 3323 1258 3381 ὦ
1296 3329 1544 3393 Ἰουδαῖε,
1575 3329 1658 3392 τίς
1689 3330 1900 3383 Παῦλον
1931 3325 2114 3384 ἔπεισε

552 3418 865 3488 προσελθεῖν
915 3417 993 3490 τῷ
1041 3419 1294 3490 Χριστῷ;
1355 3419 1590 3492 Πέτρος;
1649 3421 1764 3475 ἀλλ’
1832 3423 2110 3490 Ἰάκωϐος;

549 3509 664 3564 ἀλλ’
704 3510 976 3580 Ἰωάννης;
1019 3510 1156 3563 Ἀλλ’
1178 3504 1321 3564 οὗτοι
1353 3511 1549 3575 πάντες
1572 3511 1732 3565 αὐτὸν
1762 3513 2114 3567 ἐδεδοίκεισαν

549 3604 643 3656 καὶ
672 3602 922 3673 ἔφριττον
941 3645 956 3670 ,
992 3605 1085 3658 καὶ
1123 3605 1242 3675 οὐχὶ
1272 3605 1376 3676 πρὸ
1408 3604 1596 3659 τούτου
1640 3605 1826 3676 μόνον,
1860 3605 1994 3659 ἀλλά
2021 3606 2116 3659 καὶ

549 3694 637 3746 ὅτε
673 3695 780 3746 τῶν
819 3693 984 3762 φίλων
1016 3694 1256 3763 ἐγένετο,
1293 3696 1381 3748 ὅτε
1419 3695 1700 3767 Βαρνάϐας
1727 3696 2115 3767 ἐπιλαϐόμενος

549 3783 713 3838 αὐτοῦ
735 3785 832 3854 τῆς
865 3784 1043 3855 χειρὸς
1091 3787 1435 3855 ἐπανήγαγεν
1482 3787 1562 3849 είς
1603 3786 1982 3859 Ἱεροσόλυμα,
2033 3787 2112 3840 ἔτι

549 3876 840 3946 ἐφοϐοῦντο
877 3876 1162 3931 κολλᾶσθαι
1203 3877 1352 3949 αὐτῷ
1373 3893 1386 3907 ·
1421 3879 1513 3933 καὶ
1543 3881 1572 3932 6
1609 3880 1705 3950 μὲν
1737 3879 1967 3950 πόλεμος
1996 3878 2112 3932 ἐλέ-

547 3968 692 4034 λυτο,
718 3971 746 4023 6
773 3968 829 4022 δὲ
847 3969 1006 4038 φόϐος
1026 3970 1256 4040 ἐπέμενε
1281 3973 1392 4032 τοῖς
1410 3970 1747 4033 ἀποστόλοις.
1771 3971 1833 4024 Οἱ
1852 3967 1944 4024 οὖν
1975 3987 2111 4024 κατ-

545 4061 849 4129 αλλαγέντα
893 4062 1052 4115 αὐτὸν
1098 4061 1179 4114 ἔτι
1233 4060 1587 4131 φοϐούμενοι,
1623 4061 1812 4131 ἐχθρὸν
1854 4061 1983 4116 ὅντα
2017 4063 2113 4116 καὶ

547 4152 805 4220 πολέμιον
845 4151 1085 4218 ἐτόλμων
1127 4153 1340 4213 πεῖσαι;
1389 4149 1705 4220 προσελθεῖν
1743 4150 1851 4221 γάρ
1883 4151 2110 4223 ὃλως,ἢ

550 4242 762 4312 στῆναι,
796 4239 828 4308 ἢ
859 4240 1042 4309 διᾶραι
1073 4239 1268 4309 στόμα,
1299 4241 1532 4309 φανῆναι
1565 4239 1624 4293 δέ
1647 4239 1782 4304 ὅλως
1807 4241 2109 4311 ὑπέμενον;

550 4333 666 4384 Οὐκ
686 4331 800 4384 ἐστι
824 4331 1014 4397 ταῦτα,
1041 4333 1140 4386 οὐκ
1164 4332 1308 4385 ἐστιν
1327 4348 1339 4359 ’
1363 4333 1464 4385 οὐκ
1486 4327 1552 4404 ἦν
1580 4332 1891 4404 ἀνθρωπίνη
1912 4335 2110 4406 σπουδὴ

549 4422 610 4474 :6
636 4421 950 4492 γινόμενον,
986 4423 1121 4477 ἀλλά
1162 4423 1312 4486 θείας
1348 4422 1583 4494 χάριτος.
1626 4425 1688 4476 Εί
1721 4424 1897 4478 τοίνυν
1923 4425 2111 4496 νεκρὸς

549 4510 649 4586 ἦν,
684 4514 758 4577 ὦς
790 4531 959 4584 φατε,
989 4517 1018 4568 6
1059 4514 1325 4586 Χριστὸς,
1377 4515 1470 4568 καὶ
1514 4514 1759 4578 ἐλθόντες
1788 4517 1837 4568 οί
1871 4515 2110 4586 μαθηταὶ

548 4622 714 4675 αὐτοῦ
743 4621 972 4690 ἔκλεψαν
1003 4621 1192 4685 αὑτὸν,
1239 4622 1355 4684 πῶς
1388 4622 1607 4691 μείζονα
1638 4621 1708 4676 τὰ
1738 4624 1936 4692 σημεῖα
1973 4621 2111 4693 μετά

549 4713 639 4765 τὸν
674 4712 901 4782 σταυρὸν
944 4711 1190 4779 ἐγένετο;
1232 4711 1348 4776 πῶς
1381 4713 1581 4766 πλείων
1627 4713 1659 4783 ἠ
1699 4713 1972 4779 ἀπόδειξις
2009 4713 2109 4782 τῆς

546 4803 856 4872 δυνάμεως;
896 4804 970 4856 Ού
1007 4802 1117 4875 γὰρ
1148 4803 1304 4874 μόνον
1355 4804 1651 4875 μετέστησε
1689 4805 1779 4857 τὸν
1813 4805 2103 4875 πολέμιον,

546 4895 640 4948 καὶ
666 4895 904 4966 ἀρχηγὸν
951 4895 1048 4963 τῆς
1087 4895 1265 4966 μάχης
1293 4895 1447 4964 ὑμῶν
1465 4913 1478 4926 ·
1534 4895 1710 4948 καίτοι
1751 4897 1800 4948 εί
1827 4897 1919 4949 καὶ
1950 4895 2107 4949 τοῦτο

548 5002 708 5071 μόνον
740 5003 981 5071 ἐποίησε,
1021 5001 1280 5070 μεγίστης
1306 5001 1587 5072 δυνάμεως
1612 4997 1678 5074 ἦν
1712 5002 1772 5054 τὸ
1795 5002 1886 5055 τὸν
1915 5001 2106 5073 ἐχθρὸν

547 5094 642 5144 καὶ
681 5092 937 5162 πολέμιον
965 5090 1148 5144 λαϐεῖν
1180 5092 1522 5162 αἰχμάλωτον
1546 5107 1560 5122 °
1593 5092 1686 5146 νῦν
1720 5093 1776 5146 δέ
1805 5095 1926 5163 οὐχὶ
1951 5092 2107 5147 τοῦτο

548 5197 708 5268 μόνον
738 5197 1048 5266 εἰργάσατο,
1081 5197 1215 5250 ἀλλά
1241 5197 1333 5250 καὶ
1351 5198 1537 5251 τούτου
1568 5199 1746 5269 πολλῷ
1782 5200 1982 5269 μεῖζον.
2030 5198 2103 5253 Οὐ

545 5302 654 5374 γάρ
683 5300 840 5372 μόνον
868 5300 1194 5371 μετέστησεν
1214 5344 1228 5367 ,
1263 5301 1377 5354 ἀλλ’
1402 5301 1572 5366 οὕτως
1600 5305 1794 5357 οἰκεῖον
1824 5305 2101 5376 ἐποίησεν,

542 5406 715 5472 οὕτως
742 5405 1090 5461 ἐπεσπάσατο
1123 5408 1258 5478 1:96;
1289 5405 1386 5478 τὴν
1414 5405 1624 5462 εὔνοιαν
1651 5409 1748 5480 τὴν
1777 5409 1968 5464 ἐαυτοῦ
1988 5452 2002 5475 ,
2029 5409 2103 5474 ὡς

543 5500 637 5554 καὶ
659 5498 806 5568 αὐτῷ
835 5499 1013 5553 πάντα
1039 5497 1136 5568 τῆς
1176 5499 1497 5569 Ἐκκλησίας
1517 5500 1585 5552 τὰ
1609 5502 1908 5571 πράγματα
1934 5503 2104 5573 ἐγχει-

545 5589 710 5660 ρίσαι.
745 5591 970 5656 Σκεῦος
992 5591 1118 5662 γάρ,
1156 5591 1319 5662 φησὶν
1337 5633 1352 5657 ,
1381 5590 1638 5660 ἐκλογῆς
1674 5594 1777 5661 μοί
1803 5593 1972 5647 ἐστιν
2002 5589 2103 5648 οὗ·

546 5698 674 5744 τος,
709 5681 812 5735 τοῦ
834 5683 1142 5746 βαστάσαι
1178 5683 1245 5738 τὸ
1279 5683 1466 5754 ὄνομά
1487 5703 1602 5754 μου
1633 5685 1885 5740 ἐνώπιον
1912 5683 2102 5740 ἐθνῶν

1247 313 1300 365 S.
1339 307 1624 366 JOANNIS
1657 301 2147 363 CHRYSOSTOMI
2187 261 2504 356 ARCHIEP.
2545 298 3090 357 CONSTANTINOP.

3701 288 3830 340 19.2

2218 402 2318 456 καὶ
2339 404 2651 467 ,ϐασιλέων
2669 443 2684 467 ,
2722 403 2820 457 καὶ
2865 403 3086 457 πλείονα
3114 400 3224 454 τῶν
3261 402 3574 456 ἀποστόλων
3608 405 3826 459 πεῖσαι

2216 497 2414 564 καμεῖν
2454 496 2593 566 ὑπὲρ
2623 495 2723 564 τῆς
2769 495 3095 565 Ἐκκλησίας
3127 495 3228 563 τῆς
3258 495 3524 565 πρότερον
3567 496 3664 550 ὑπ’
3697 497 3825 551 αὑ·-

2215 582 2307 636 τοῦ
2339 584 2465 636 πολε
2474 601 2574 654 μου
2583 585 2770 655 μένης.

2289 674 2360 739 ς’.
2385 675 2572 727 Βούλει
2598 675 2787 745 μαθεῖν
2807 674 2923 739 πῶς
2943 677 3106 728 αυτὸν
3128 676 3424 748 μετέστησε
3446 694 3461 744 ;
3486 677 3601 740 πῶς
3630 677 3823 734 αὐτὰν

2217 765 2561 836 ᾠκειώσατο;
2597 769 2712 831 πῶς
2756 769 2920 821 αὑτὸν
2969 771 3353 832 ἐπεσπάσατο;
3389 771 3508 834 πῶς
3539 772 3621 836 είς
3667 771 3818 836 τοὺς

2217 855 2466 926 πρώτους
2507 859 2615 911 τῶν
2647 858 2818 926 φίλων
2862 860 3186 927 κατέλεξενς
3220 861 3408 916 οὐδενὶ
3447 863 3556 916 τῶν
3583 863 3816 936 ἀνθρὼ-

2219 965 2336 1002 πων
2359 948 2592 1002 τοσαῦτα
2625 949 2930 1022 ἐθάρρησεν
2979 953 3156 1006 εἰπεῖν
3202 955 3523 1026 ἀπόρρητα,
3574 957 3678 1009 ὅσα
3717 957 3815 1027 τῷ

2219 1039 2437 1109 Παύλῳ.
2471 1041 2581 1094 Kal
2631 1041 2796 1096 πόθεν
2841 1042 3000 1096 τοῦτο
3027 1045 3218 1114 δῆλονς
3253 1049 3530 1102 Ἤκουσα
3567 1049 3812 1118 appara

2211 1129 2483 1198 ῥήματα,
2533 1133 2728 1202 φησὶν,
2768 1132 2808 1186 ἃ
2838 1135 2950 1187 οὐκ
2977 1134 3119 1198 ἐξὸν
3159 1137 3448 1206 ἀνθρώπῳ
3497 1141 3808 1210 λαλῆσαι.

2221 1218 2402 1287 Εἶδες,
2454 1225 2482 1276 6
2538 1222 2756 1293 ἐχθρὸς,
2820 1227 2849 1277 6
2897 1224 3157 1296 πολέμιος
3201 1229 3376 1300 πόσην
3427 1229 3640 1285 εὔνοιαν
3693 1235 3810 1286 ἐκ·

2219 1309 2489 1378 εδείξατος
2516 1313 2615 1365 Διά
2653 1312 2801 1386 [106]
2837 1314 3006 1380 ,τοῦτο
3031 1319 3326 1385 ἀναγκαῖον
3367 1321 3462 1374 καὶ
3511 1322 3606 1375 τὸν
3656 1325 3807 1395 πρό-

2218 1417 2376 1472 τερον
2426 1401 2541 1471 βίον
2586 1402 2752 1458 αὑτοῦ
2802 1407 3013 1459 είπεῖν’
3072 1409 3165 1460 καὶ
3219 1409 3328 1480 γάρ
3372 1410 3470 1482 τὴν
3516 1413 3607 1466 τοῦ
3657 1413 3808 1469 Θεοῦ

2218 1490 2493 1544 δείκνυσιν
2563 1495 2696 1564 ἡμῖν
2751 1495 3164 1569 φιλανθρωπίαν
3226 1501 3317 1554 καὶ
3381 1501 3650 1573 δύναμινο
3713 1524 3810 1574 φι-

2219 1582 2570 1653 λανθρωπίαν
2621 1586 2755 1656 μὲν,
2797 1589 2882 1642 ὅτι
2918 1589 3185 1662 ἐϐουλήθη
3227 1592 3320 1646 τὸν
3363 1593 3601 1648 τοσαῦτα
3650 1598 3808 1651 κακά

2221 1675 2596 1746 ἐργασάμενον
2655 1677 2864 1744 σῶσαι,
2916 1681 3010 1733 καὶ
3061 1683 3200 1754 πρὸς
3250 1685 3444 1738 ἑαυτὸν
3489 1689 3806 1742 ἐπισπάσα-

2223 1764 2384 1817 σθαι·
2432 1765 2663 1838 δύναμιν
2707 1768 2802 1832 δὲ,
2842 1771 2926 1824 ὄτι
2975 1771 3261 1845 βουληθεὶς
3308 1775 3512 1845 ῐσχυσε.
3553 1781 3664 1832 Kal
3700 1781 3805 1850 τὴν

2222 1855 2434 1910 Παύλου
2473 1858 2530 1910 δὲ
2584 1859 2744 1913 τοῦτο
2786 1861 3027 1917 δείκνυσι
3083 1864 3290 1936 ψυχὴν,
3324 1867 3405 1920 ὅτι
3455 1868 3608 1922 οὐδὲν
3661 1870 3804 1939 πρὸς

2222 1947 2552 2014 φιλονεικίαν
2598 1951 2801 2017 ἐποίει,
2845 1954 2966 2008 οὐδὲ
3017 1957 3330 2029 ἀνθρωπίνῃ
3387 1960 3804 2031 προκατειλημ·

2225 2039 2386 2108 μένος
2425 2040 2583 2115 δόξῃ,
2631 2043 2885 2116 καθάπερ
2923 2049 2973 2100 οί
3013 2048 3282 2103 Ἰουδαῖοι·
3317 2051 3456 2105 ἀλλὰ
3501 2051 3652 2124 ζήλῳ
3703 2071 3804 2106 πε·-

2222 2131 2546 2200 πυρωμένος
2565 2175 2579 2198 ,
2614 2135 2714 2189 οὐκ
2735 2136 2880 2208 ὀρθῷ
2909 2138 3007 2209 μὲν
3027 2180 3041 2203 ,
3079 2141 3223 2212 ζήλῳ
3249 2141 3304 2194 δὲ
3337 2144 3514 2213 ὅμως
3541 2146 3681 2216 ὅπερ
3704 2149 3805 2200 καὶ

2221 2221 2385 2285 αὐτὸς
2412 2223 2542 2277 ἐϐόα
2585 2225 2793 2294 λέγων,
2845 2229 2930 2282 ὅτι
2977 2230 3082 2285 Διὰ
3129 2232 3306 2287 τοῦτο
3346 2235 3654 2303 ἠλεήθην,
3708 2236 3804 2292 ὅτι

2221 2311 2454 2382 ἀγνοῶν
2463 2315 2722 2386 ἐποίησα
2737 2319 3065 2390 ὲνὰπιστίᾳ
3083 2340 3098 2355 ·
3116 2324 3212 2377 καὶ
3231 2325 3330 2395 τὴν
3346 2326 3440 2378 τοῦ
3452 2326 3588 2381 Θεοῦ
3606 2328 3800 2396 φιλανο

2221 2404 2465 2477 θρωπίαν
2486 2410 2919 2482 ἐκπληττόμενος
2945 2414 3130 2485 ἔλεγεν
3147 2433 3162 2448 ο
3195 2418 3320 2472 Ἵνα
3343 2419 3413 2472 ἐν
3433 2420 3562 2489 ἐμοὶ
3587 2423 3801 2490 πρώτῳ

2220 2496 2556 2568 ἐνδείξηται
2604 2504 2860 2572 Χριστὸς
2912 2506 3024 2576 τὴν
3070 2508 3315 2563 ἅπασαν
3353 2514 3792 2581 μικροθυμίαν,

2221 2586 2373 2654 πρὸς
2412 2591 2808 2647 ὑποτύπωσιν
2843 2595 2912 2649 δὲ
2955 2597 3076 2652 τῶν
3098 2601 3454 2667 μελλόντων
3483 2605 3796 2657 πιστεύειν

2219 2677 2312 2729 ἐπ’
2345 2678 2506 2744 αὐτῷ
2548 2684 2637 2747 είς
2685 2683 2838 2752 ζωὴν
2883 2685 3158 2742 αἰώνιον·
3204 2691 3297 2743 καὶ
3335 2691 3567 2762 ἀλλαχοῦ
3633 2693 3794 2748 πάλιν

2221 2765 2432 2834 ἔλεγεν,
2481 2770 2562 2824 ὅτι
2613 2773 2731 2842 Τὴν
2768 2775 3076 2846 ἐνέργειαν
3113 2779 3220 2848 τῆς
3253 2781 3560 2853 δυνάμεως
3610 2786 3795 2840 αὐτοῦ

2217 2857 2484 2946 μάλιστα
2532 2861 2764 2928 ἔδειξεν
2813 2869 2901 2933 είς
2960 2869 3118 2937 ἡμᾶς
3175 2873 3318 2940 τοὺς
3371 2878 3792 2946 πιστεύοντας.

2221 2944 2374 3012 Εἶδες
2428 2951 2545 3015 πῶς
2583 2955 2675 3006 καὶ
2698 2955 2797 3027 τὴν
2825 2958 3236 3031 φιλανθρωπίαν
3270 2966 3438 3032 ἔδειξε
3481 2969 3578 3022 τοῦ
3615 2944 3788 3036 Θεοῦ,

2221 3041 2316 3092 καὶ
2337 3043 2436 3112 τὴν
2477 3043 2707 3115 δύναμιν
2724 3085 2738 3111 ,
2782 3049 2874 3104 καὶ
2901 3050 2962 3104 τὺ
2990 3053 3090 3122 τῆς
3118 3057 3310 3112 ἑαυτοῦ
3342 3057 3562 3130 γνώμης
3591 3062 3790 3117 ἀδέκα-

2222 3145 2344 3184 στον
2367 3134 2396 3185 6
2437 3134 2700 3204 πρότερος
2739 3140 2946 3194 Παύλου
2986 3142 3136 3214 Mog;
3164 3147 3336 3202 Τοῦτο
3357 3151 3488 3217 γοῦν
3521 3153 3792 3218 Γαλάταις

2220 3219 2447 3289 γράφων
2479 3225 2559 3288 είς
2587 3225 2859 3293 ἀπόδειξιν
2901 3235 3223 3304 παρήγαγε,
3254 3237 3346 3291 τοῦ
3383 3242 3456 3312 μὴ
3484 3242 3553 3294 δι’
3581 3245 3791 3312 ἀνθρώ-

2221 3327 2358 3376 πους
2388 3315 2815 3383 μεταϐαλέσθαι,
2859 3321 2994 3376 ἀλλά
3035 3323 3156 3397 θείᾳ⁵
3206 3331 3592 3402 μετενενῆχθαι
3627 3335 3792 3389 δυνά-

2224 3419 2334 3471 μει.
2357 3405 2428 3458 Εἰ
2458 3405 2566 3474 γὰρ
2592 3407 2952 3478 ἀνθρώποις,
2994 3417 3177 3487 φησὶν,
3210 3418 3477 3487 ἤρεσκον
3494 3465 3509 3487 ,
3532 3427 3792 3492 Χριστοῦ

2219 3493 2440 3563 δοῦλος
2469 3498 2581 3550 οὐκ
2609 3496 2686 3552 ἂν
2717 3499 2898 3570 ἤμην.
2928 3505 3038 3559 Καὶ
3068 3507 3232 3563 πόθεν
3258 3512 3416 3583 δῆλον
3444 3515 3525 3568 ὅτι
3563 3517 3664 3570 οὐκ
3699 3520 3793 3572 ἀν-

2221 3585 2458 3679 θρώποις
2525 3589 2808 3660 ἀρέσκων,
2856 3596 2992 3666 πρὸς
3055 3599 3118 3652 :6
3170 3603 3430 3675 κήρυγμα
3488 3609 3788 3679 μετέστηςς

2232 3676 2578 3742 Ἠκούσατε,
2610 3683 2763 3752 φησὶ,
2795 3683 2909 3753 τὴν
2930 3687 3086 3756 ἐμὴν
3116 3676 3510 3764 ἀναστροφήν
3539 3714 3684 3756 ποτε
3709 3676 3792 3755 -ὲν

2219 3767 2301 3832 τῷ
2329 3769 2683 3841 ίουδαϊσμῷ,
2726 3773 2817 3828 ὅτι
2846 3780 2976 3834 καθ’
3023 3782 3372 3854 ὑπερϐολὴν
3400 3786 3649 3846 ἐδίωκον
3673 3791 3791 3859 τὴν

2232 3859 2598 3928 Ἐκκλησίαν
2630 3864 2736 3918 τοῦ
2767 3867 2943 3932 Θεοῦ,
2974 3871 3072 3924 καί
3099 3873 3396 3942 ἐπόρθουν
3425 3881 3640 3948 αὐτήν.
3673 3883 3786 3937 Οὐκ

2218 3949 2283 4003 ἂν
2317 3951 2403 4014 δὲ,
2437 3955 2485 4006 εί
2510 3954 2814 4026 ἀνθρώποις
2844 3961 3098 4032 ἀρέσκειν
3137 3965 3331 4036 ἤθελε,
3361 3969 3619 4041 μετέθετο
3650 3975 3784 4043 πρὸς

2217 4045 2316 4115 τὴν
2350 4046 2550 4100 πίστιν.
2583 4049 2680 4101 Διά
2716 4049 2804 4116 τί;
2859 4053 3116 4124 Ἐτιμᾶτο
3160 4059 3312 4130 παρά
3361 4061 3663 4128 Ἰουδαίοις,
3692 4066 3784 4118 καὶ

2218 4136 2401 4201 ἀδείας
2425 4138 2669 4209 ἀπήλαυε
2699 4142 2920 4215 πολλῆς,
2957 4147 3052 4200 καὶ
3079 4150 3372 4222 προεδρίας
3397 4151 3614 4222 ἠξιοῦτο
3636 4171 3648 4184 ·
3684 4156 3781 4208 οὐκ

2217 4227 2282 4282 ἂν
2311 4224 2403 4282 οὖν
2439 4229 2576 4300 πρὸς
2609 4232 2944 4290 ἐπικίνδυνον
2979 4239 3210 4312 μετέστη
3242 4241 3357 4312 βίον
3392 4243 3486 4298 τὸν
3512 4243 3618 4298 τῶν
3645 4246 3779 4299 ἀπο-

2219 4321 2450 4384 στόλων,
2501 4321 2593 4376 τὸν
2651 4325 2962 4398 δυσφημίας
3023 4327 3313 4403 γέμοντα,
3341 4337 3433 4392 τὸν
3491 4340 3780 4410 συμφορῶν

2216 4412 2698 4485 ἐμπεπλησμένον·
2724 4417 2863 4471 ὥστε
2905 4418 3080 4493 ἀὐτὴν
3117 4423 3272 4495 (sic)
3297 4427 3471 4498 ἀθρόᾳ
3511 4429 3776 4499 μεταϐολῇ

2215 4505 2309 4557 καὶ
2345 4505 2706 4574 μεταστάσει,
2749 4509 2844 4562 καὶ
2891 4509 2952 4562 :6
3001 4514 3320 4570 καταλιπεῖν
3373 4519 3473 4588 μὲν
3507 4521 3607 4591 τὴν
3634 4523 3778 4592 παρά

2228 4594 2500 4658 Ἰουδαίοις
2547 4598 2709 4667 τιμὴν
2757 4599 2847 4652 καὶ
2893 4601 2983 4655 τὸν
3019 4604 3292 4676 ἀπόλεμον
3329 4608 3475 4678 βίον,
3518 4611 3778 4668 ἀνταλλά-

2215 4682 2407 4750 ξασθαι
2444 4685 2501 4737 δέ
2543 4686 2640 4759 τὴν
2681 4684 2788 4740 τῶν
2832 4689 3144 4747 ἀποστόλων
3185 4695 3358 4768 ζωὴν,
3408 4697 3508 4770 τὴν
3558 4702 3777 4772 μυρίους

2213 4771 2440 4842 ἔχουσαν
2489 4771 2775 4839 θανάτους,
2829 4776 3060 4849 μεγίστη
3113 4780 3335 4850 γέγονεν
3379 4771 3649 4850 ἀπόδειξις
3689 4785 3775 4839 τοῦ

2217 4862 2290 4932 μὴ
2324 4861 2389 4915 δι’
2421 4861 2766 4935 ἀνθρωπίνην
2799 4865 2919 4920 τινὰ
2966 4869 3252 4938 πρόφασιν
3285 4875 3648 4946 μετατεθῆναι
3691 4876 3776 4931 τδν

2213 4951 2442 5006 Παῦλον.
2496 4955 2593 5008 Διά
2626 4955 2783 5008 τοῦτο
2813 4958 2904 5010 καὶ
2936 4959 3094 5029 ἡμεῖς
3127 4962 3498 5035 ἐϐουλήθημεν
3528 4967 3617 5020 τὸν
3647 4969 3774 5039 πρό-

2211 5059 2366 5113 τερον
2399 5044 2560 5098 αὐτοῦ
2603 5044 2714 5114 βίον
2749 5049 2829 5109 εἰς
2864 5049 3025 5118 μέσον
3064 5053 3320 5121 ἀγαγεῖν,
3364 5059 3459 5111 καὶ
3493 5057 3660 5124 δεῖξαι
3688 5059 3772 5112 τὸν

2212 5134 2602 5204 πεπυρωμένον
2634 5134 2794 5206 ζῆλον
2824 5137 2914 5191 τὸν
2962 5141 3102 5195 κατά
3133 5143 3230 5213 τῆς
3281 5145 3603 5217 Ἐκκλησίας
3625 5189 3642 5214 ,
3676 5149 3768 5209 ἶν’.

2209 5224 2336 5278 ὅταν
2365 5225 2479 5296 ἴδῃς
2511 5226 2608 5296 τὴν
2641 5226 2843 5299 πολλὴν
2874 5230 3181 5301 προθυμίαν
3209 5234 3306 5306 τὴν
3345 5237 3486 5310 ὑπὲρ
3513 5239 3609 5309 τῆς
3654 5240 3766 5293 Ἐκ-

2209 5315 2468 5386 κλησίας,
2511 5315 2794 5392 θαυμάσῃς
2832 5319 2922 5373 τὸν
2967 5323 3220 5375 ποιοῦντα
3266 5326 3444 5380 πάντα
3487 5328 3580 5380 καὶ
3610 5345 3766 5397 μετα·

2211 5406 2540 5471 σκευάζοντα
2567 5406 2719 5462 Θεόν.
2762 5409 2860 5462 Διά
2904 5409 3064 5465 τοῦτο
3097 5414 3191 5467 καὶ
3228 5417 3256 5467 6
3287 5416 3536 5488 μαθητὴς
3572 5417 3602 5469 6
3627 5415 3766 5472 Παύ-

2208 5497 2300 5552 λου
2325 5498 2392 5553 τά
2427 5499 2668 5571 πρότερα
2701 5501 2834 5570 ἡμῖν
2864 5502 2980 5569 μετ’
3011 5503 3294 5574 ἀκριϐείας
3323 5506 3649 5578 διηγήσατο,
3682 5507 3764 5562 καὶ

2207 5590 2408 5661 πολλῆς
2446 5591 2768 5662 ἐμφάσεως,
2823 5591 2994 5657 οῦτως
3049 5595 3252 5649 εἰπών·
3304 5599 3542 5663 Σαῦλος
3590 5599 3659 5652 δὲ
3683 5596 3764 5650 έτι

2207 5684 2478 5753 ἐμπνέων
2527 5682 2782 5752 ἀπειλῆς
2821 5685 2918 5739 καὶ
2955 5686 3144 5754 φόνου
3187 5691 3271 5753 εις
3321 5689 3461 5755 τοὺς
3505 5691 3758 5757 μαθητὰς
