4060 6252
267 338 361 394 121

264 455 362 508 bus
392 453 600 523 signum
631 452 746 518 fuit,
776 450 995 506 Paulum
1036 457 1156 518 post
1194 460 1408 502 crucem
1439 453 1493 499 et
1522 441 1847 512 sepulturam

262 544 331 599 ad
360 544 633 600 Christum
670 544 976 599 accessisse.
1018 543 1303 612 Propterea
1345 552 1572 606 namque
1609 533 1852 605 permisit

264 653 388 693 eum
418 638 659 693 Christus
687 651 842 691 omne
866 635 1046 689 odium
1075 650 1182 703 prae
1210 648 1266 687 se
1297 634 1455 695 ferre,
1477 643 1540 683 ac
1569 637 1676 681 tum
1700 625 1847 679 illum

266 730 497 793 vocavit,
529 739 585 782 ut
626 725 1033 782 resurrectionis
1074 723 1442 793 probationem
1485 734 1549 773 ac
1593 717 1849 771 doctrinae

270 834 572 873 sermonem
621 819 766 872 omni
812 815 1119 885 suspicione
1161 815 1431 867 liberaret.
1482 808 1611 864 Nam
1661 807 1851 862 Petrus

268 910 480 981 quidem
521 910 565 964 si
614 910 681 963 de
720 924 787 963 eo
828 909 1079 977 loquutus
1123 912 1287 970 esset,
1318 910 1595 971 suspectus
1624 897 1849 953 fuisset:

268 1002 527 1071 potuisset
577 1001 718 1055 enim
776 999 1055 1069 impudens
1102 996 1290 1066 aliquis
1337 993 1603 1063 quidpiam
1651 990 1849 1045 dicere.

271 1092 438 1145 Porro
477 1090 838 1160 impudentem
884 1089 1012 1153 dixi,
1046 1088 1294 1157 quoniam
1334 1093 1387 1138 et
1426 1083 1534 1137 illic
1575 1081 1851 1136 manifesta

271 1180 372 1235 fuit
413 1181 812 1236 demonstratio.
858 1178 1126 1248 Siquidem
1160 1178 1246 1231 ille
1275 1190 1483 1245 quoque
1510 1174 1654 1242 prius
1679 1172 1852 1240 ipsum

271 1275 501 1343 negavit,
525 1282 579 1327 et
602 1289 722 1327 cum
742 1271 1046 1342 juramento
1070 1268 1279 1338 negavit
1299 1286 1308 1318 :
1326 1273 1690 1319 verumtamen
1713 1261 1856 1315 hunc

271 1367 444 1435 ipsum
473 1364 663 1419 deinde
686 1363 810 1417 dum
834 1359 1236 1425 confitctur,vel
1260 1359 1428 1427 ipsam
1452 1356 1682 1408 animam
1705 1366 1853 1405 suam

272 1469 370 1524 pro
396 1454 483 1508 illo
506 1453 739 1507 tradidit.
769 1451 920 1518 Quod
946 1451 989 1506 si
1015 1465 1121 1503 non
1148 1445 1546 1507 resurrexisset,
1568 1454 1854 1509 numquam

273 1547 317 1601 is
338 1587 351 1607 ,
383 1547 471 1616 qui
500 1546 765 1600 viventem
800 1550 1118 1613 negaverat,
1151 1537 1346 1594 millies
1375 1546 1597 1589 mortem
1631 1532 1854 1586 toleras—

275 1648 377 1703 set,
412 1653 478 1691 ne
503 1638 611 1705 jam
641 1645 905 1690 mortuum
937 1633 1226 1699 abnegaret
1255 1646 1267 1681 :
1298 1642 1403 1697 quo
1433 1625 1510 1691 fit,
1540 1624 1779 1679 utetiam
1804 1622 1855 1675 in

275 1728 436 1783 Petro
480 1724 888 1781 resurrectionis
931 1719 1316 1777 demonstratio
1371 1714 1648 1772 manifesta
1698 1712 1859 1766 fuisse

276 1819 539 1873 videatur.
596 1817 976 1872 Verumtamen
1020 1813 1089 1867 de
1131 1812 1224 1867 illo
1268 1809 1480 1880 quidem
1528 1804 1859 1875 impudentes

275 1909 457 1964 dicere
485 1908 798 1978 potuissent,
822 1921 941 1961 eum
969 1910 1248 1974 propterea
1271 1900 1412 1970 quod
1436 1896 1724 1965 discipulus
1749 1901 1864 1949 erat

281 1999 423 2053 illius
443 2040 459 2065 ,
488 1996 764 2067 p'r0pterca
811 1995 952 2066 quod
998 1992 1261 2064 particeps
1286 1989 1401 2058 ejus
1429 2000 1630 2043 mensae
1659 1983 1862 2049 fuerat,

278 2106 343 2145 ac
374 2091 543 2145 tribus
573 2089 726 2144 annis
757 2103 878 2143 cum
918 2087 1010 2142 illo
1051 2091 1291 2139 versatus
1336 2081 1534 2142 fuerat;
1583 2085 1861 2147 propterea

278 2179 421 2249 quod
468 2179 581 2249 ejus
630 2179 869 2233 doctrina
915 2177 1112 2245 potitus
1153 2181 1293 2238 erat;
1328 2178 1605 2240 propterea
1639 2164 1779 2236 quod
1812 2164 1865 2217 in

280 2269 519 2324 fraudem
574 2269 781 2323 illectus
826 2266 1097 2322 blanditiis
1142 2265 1258 2333 ejus
1301 2261 1499 2325 fuerat,
1537 2257 1735 2312 idcirco
1781 2269 1865 2308 re-

279 2360 663 2414 surrectionem
708 2358 847 2411 illius
896 2354 1186 2424 praedicare
1236 2368 1249 2404 :
1302 2366 1421 2405 eum
1476 2362 1606 2403 vero
1643 2345 1863 2400 Paulum

278 2448 483 2514 videas,
511 2447 600 2516 qui
647 2447 817 2516 ipsum
855 2460 961 2498 non
992 2442 1232 2505 viderat,
1264 2440 1351 2508 qui
1383 2439 1553 2507 ipsum
1581 2450 1687 2489 non
1711 2432 1867 2487 audi-

280 2551 468 2607 verat,
515 2539 606 2610 qui
660 2538 913 2593 doctrina‘.
954 2535 1219 2606 particeps
1265 2530 1483 2585 minime
1533 2527 1731 2590 fuerat,
1776 2524 1864 2592 qui

282 2634 441 2688 etiam
469 2640 588 2701 post
615 2644 828 2684 crucem
860 2627 934 2682 illi
963 2626 1160 2681 bellum
1192 2622 1474 2684 indixerat,
1506 2628 1560 2674 et
1580 2633 1673 2672 eos
1699 2616 1785 2686 qui
1811 2616 1861 2668 in

284 2724 456 2791 ipsum
482 2721 791 2788 credebant,
814 2717 1185 2780 interficiebat,
1207 2713 1295 2783 qui
1323 2711 1500 2765 omnia
1526 2709 1783 2763 miscebat
1807 2722 1869 2760 ac

288 2815 568 2877 turbabat,
602 2814 739 2867 hunc
765 2811 940 2866 subito
965 2818 1225 2863 mutatum
1257 2806 1308 2858 in
1341 2802 1572 2858 ferendis
1598 2816 1691 2869 pro
1731 2814 1870 2867 pra:-

284 2904 549 2960 dicatione
575 2902 723 2958 verbi
752 2901 1020 2955 laboribus
1045 2912 1232 2952 omnes
1265 2893 1458 2949 Christi
1487 2892 1688 2945 amicos
1708 2903 1870 2958 supe-

286 3013 428 3061 rare,
446 3011 564 3067 quae
580 2996 670 3049 tibi
684 2990 956 3061 deinceps,
979 3004 1179 3062 qumso,
1202 2986 1540 3057 impudentia:
1556 2983 1765 3039 occasio
1785 2996 1873 3035 re-

287 3090 581 3159 linquetur,
602 3088 644 3143 si
667 3085 1072 3142 resurrectionis
1093 3082 1258 3138 verbo
1279 3096 1383 3135 non
1407 3078 1630 3134 credas?
1652 3076 1708 3131 Si
1730 3076 1871 3130 enim

286 3175 533 3232 Christus
557 3193 661 3232 non
688 3176 1088 3235 resurrexisset.
1109 3173 1228 3242 quis
1245 3172 1510 3225 hominem
1529 3170 1663 3223 adeo
1683 3166 1875 3223 crude-

291 3269 398 3323 lem
415 3276 467 3322 ct
480 3267 842 3330 inhumanum,
858 3266 975 3337 quis
992 3264 1124 3319 adeo
1142 3262 1405 3317 infensum
1418 3271 1470 3315 et
1483 3258 1755 3314 efferatum
1773 3255 1871 3310 sibi

290 3359 630 3414 conciliasset
655 3368 710 3414 et
730 3358 795 3412 ad
815 3372 872 3412 se
891 3354 1233 3411 attraxisset?
1256 3354 1352 3408 Dic
1374 3353 1536 3412 enim,
1560 3364 1763 3421 quaeso,
1792 3348 1878 3402 Ju-

290 3450 427 3515 dare,
460 3450 579 3518 quis
609 3449 772 3505 Paulo
804 3447 1098 3519 persuasit,
1126 3454 1185 3499 ut
1211 3442 1424 3499 Christo
1450 3457 1507 3496 se
1528 3437 1875 3509 adjnugeret?

290 3560 418 3598 num
442 3542 659 3599 Petrus?
688 3557 813 3596 num
837 3538 1104 3594 Iacobus?
1133 3551 1257 3590 num
1285 3532 1548 3588 Joannes?
1580 3530 1734 3599 Atqui
1761 3545 1877 3583 om-

292 3650 390 3691 nes
411 3635 494 3689 isti
511 3649 632 3689 eum
658 3633 913 3686 timebant
934 3639 986 3685 et
1012 3628 1319 3691 horrebant,
1344 3639 1514 3693 neque
1534 3630 1734 3676 tantum
1754 3630 1877 3673 ante

292 3727 398 3782 hoc
422 3736 652 3795 tempus,
682 3723 776 3779 sed
809 3732 916 3777 tum
943 3722 1104 3777 etiam
1134 3734 1254 3774 cum
1287 3718 1338 3772 in
1368 3716 1659 3771 amicorum
1691 3727 1879 3767 nume-

292 3834 414 3874 rum
438 3818 637 3873 relatus
658 3824 793 3881 erat,
822 3813 1032 3883 quando
1053 3827 1211 3866 manu
1236 3808 1555 3879 prehensum
1583 3805 1728 3859 illum
1749 3803 1881 3857 Bar-

292 3910 460 3967 nabas
500 3907 889 3977 Jerosolymam
921 3902 1246 3965 introduxit,
1277 3899 1451 3953 adhuc
1480 3897 1550 3951 illi
1581 3896 1798 3966 pronius
1823 3908 1880 3948 se

293 4000 591 4071 adjungere
616 3997 912 4058 timebant;
942 4011 1003 4049 ac
1031 3993 1268 4048 sedatum
1291 3989 1501 4060 quidem
1525 3995 1637 4041 erat
1662 3985 1877 4049 bellum,

296 4099 475 4146 metus
507 4097 681 4141 tamen
713 4086 883 4140 adhuc
913 4085 963 4137 in
993 4082 1249 4153 apostolis
1276 4076 1638 4149 permanebat.
1669 4077 1750 4128 An
1778 4074 1878 4144 igi-

300 4191 384 4236 tur
410 4180 487 4234 illi
513 4180 601 4250 qui
633 4176 1030 4232 reconciliatum
1062 4173 1235 4227 adhuc
1262 4168 1536 4235 timebant,
1562 4182 1682 4221 cum
1705 4166 1881 4219 inimi-

299 4288 396 4328 cus
421 4280 477 4327 et
504 4271 669 4325 hostis
698 4276 860 4333 esset,
891 4268 1131 4322 oratione
1168 4263 1385 4319 ﬂectere
1414 4262 1527 4316 ausi
1554 4257 1772 4315 essent?
1810 4273 1877 4311 an

300 4379 430 4421 vero
453 4363 519 4418 ad
548 4363 695 4418 illum
724 4360 980 4415 accedere
1006 4357 1242 4422 omnino,
1269 4355 1354 4411 vel
1383 4367 1564 4408 coram
1592 4351 1683 4406 illo
1707 4349 1881 4405 subsi-

300 4465 465 4523 stere,
483 4457 567 4511 vel
591 4470 653 4509 os
675 4454 905 4524 aperire,
923 4463 1012 4507 aut
1036 4451 1252 4506 omnino
1268 4462 1524 4518 apparere
1554 4444 1880 4515 potuissent?

300 4549 418 4603 Non
463 4550 533 4603 ita
571 4562 631 4603 se
660 4562 747 4601 res
778 4546 956 4610 habet,
986 4560 1089 4599 non
1118 4543 1189 4597 ita
1214 4550 1320 4606 est;
1359 4553 1457 4596 nec
1491 4537 1733 4591 humana:
1756 4536 1879 4590 dili-

299 4640 497 4711 gentia:
532 4640 734 4694 facinus
774 4637 904 4691 illud
934 4636 1057 4695 fuit.
1084 4633 1176 4689 sed
1202 4632 1386 4704 gratiae
1412 4629 1624 4684 divinae.
1672 4626 1727 4682 Si
1756 4641 1883 4695 ergo

303 4738 547 4787 mortuus
573 4738 689 4784 erat
708 4727 967 4791 Christus,
1000 4734 1057 4780 ut
1076 4724 1265 4790 dicitis,
1294 4732 1344 4778 et
1369 4736 1489 4776 cum
1507 4718 1775 4774 venissent
1800 4717 1882 4770 di-

301 4823 493 4893 scipuli
522 4823 659 4892 ejus,
703 4820 857 4875 furati
901 4827 1025 4873 sunt
1067 4833 1210 4883 eum,
1240 4814 1509 4886 quomodo
1538 4812 1738 4880 majora
1768 4816 1887 4880 post

301 4930 516 4971 erucem
541 4913 681 4969 facta
710 4922 833 4968 sunt
857 4910 1150 4967 miracula?
1176 4908 1445 4979 quomodo
1470 4905 1696 4975 amplior
1714 4905 1884 4959 virtu-

302 5011 373 5067 tis
399 5019 618 5081 sequuta
646 5019 729 5066 est
753 5006 1171 5065 demonstratio?
1218 5006 1333 5062 Non
1370 5006 1513 5061 enim
1552 5011 1753 5058 tantum
1785 5000 1886 5055 ho-

302 5110 442 5157 stem
465 5102 564 5157 sibi
589 5101 956 5157 reconciliavit
981 5108 1036 5155 et
1061 5099 1351 5169 principem
1376 5097 1668 5166 ducemque
1698 5109 1886 5165 pugna

304 5202 534 5260 vestrae;
566 5194 794 5260 tametsi,
819 5194 941 5248 licet
969 5192 1069 5246 hoc
1095 5192 1263 5246 solum
1286 5191 1515 5254 fecisset,
1543 5189 1771 5243 maxime
1792 5186 1889 5240 fuit

230 5328 235 5333 .
306 5284 412 5341 hoc
440 5286 722 5355 potentiae,
768 5285 1041 5340 inimicum
1083 5292 1139 5338 et
1179 5282 1384 5337 hostem
1411 5280 1694 5335 abduxisse
1717 5278 1888 5347 capti-

308 5392 473 5442 vum;
497 5376 609 5446 jam
634 5391 760 5431 vero
787 5393 893 5431 non
928 5376 1029 5431 hoc
1054 5374 1226 5429 solum
1254 5372 1518 5442 prmstitit,
1549 5370 1642 5425 sed
1670 5378 1724 5424 et
1747 5367 1887 5422 aliud

311 5467 482 5523 multo
504 5483 695 5539 majus.
724 5467 839 5523 Non
865 5468 1008 5524 enim
1036 5475 1237 5522 tantum
1263 5466 1363 5520 sibi
1392 5464 1770 5531 reconciliavit,
1796 5465 1889 5520 sed

307 5562 380 5614 ita
409 5560 508 5615 sibi
539 5559 848 5615 familiarem
871 5559 1118 5627 reddidit,
1142 5559 1219 5615 sic
1242 5574 1365 5615 eum
1385 5557 1452 5612 ad
1471 5571 1707 5612 amorem
1735 5571 1887 5611 suum

311 5653 548 5722 pellexit,
571 5662 627 5707 ut
655 5654 772 5722 ejus
797 5652 916 5707 ﬁdei
947 5652 1202 5708 Ecclesia:
1224 5651 1433 5723 negotia
1456 5658 1645 5706 cuncta
1670 5651 1889 5705 cummi-

310 5746 484 5800 scrit:
529 5743 629 5800 Vas
673 5746 836 5810 enim,
882 5746 1069 5812 inquit,
1114 5746 1370 5801 electionis
1409 5755 1485 5799 cst
1534 5745 1656 5798 milii
1694 5745 1802 5798 iste.
1834 5753 1887 5795 ut

826 335 891 390 IN
930 332 1153 399 ILLUD,
1194 328 1461 387 SAULUS
1498 325 1729 383 ADIlUC
1765 323 2071 381 SPlRANS.
2116 325 2202 380 DE
2240 326 2635 382 MUTATIONE
2664 323 2988 381 NOMINUM.
3032 324 3071 377 l.

3438 321 3538 378 122

1952 448 2115 507 portet
2149 455 2329 493 nomen
2367 456 2531 493 meum
2558 455 2727 492 coram
2752 438 2998 508 gentibus,
3024 444 3070 489 et
3090 433 3286 506 regibus
3312 432 3448 504 (Act.
3476 433 3532 490 9.

1954 530 2065 602 15),
2098 532 2253 601 eique
2276 532 2615 599 persuaserit,
2647 540 2702 584 ut
2727 531 2843 599 plus
2869 543 3028 599 quam
3058 527 3280 596 apostoli
3303 543 3400 597 pro
3431 526 3535 581 Ec-

1951 621 2109 676 clesia
2140 622 2425 687 laboraret,
2453 636 2611 691 quam
2637 629 2791 674 antea
2820 616 3177 689 Oppugnabat.

2022 712 2075 768 6.
2108 712 2198 767 Vis
2229 721 2282 765 tu
2314 712 2611 781 intelligere
2638 726 2744 780 quo
2771 720 2923 779 pacto
2966 710 3112 763 illum
3152 707 3251 761 sibi
3290 703 3531 760 reconci-

1953 805 2125 859 liarit?
2168 819 2273 872 quo
2319 813 2474 873 pacto
2516 803 2831 857 familiarem
2873 798 3197 855 reddiderit?
3242 812 3347 867 quo
3382 807 3538 865 pacto

1952 897 2052 953 sibi
2082 895 2403 951 adsciverit?
2433 911 2536 965 quo
2567 903 2718 964 pacto
2754 894 2806 947 in
2840 907 3119 947 numerum
3149 890 3536 960 praecipuorum

1952 990 2245 1044 amicorum
2271 988 2550 1043 retulerit?
2584 986 2722 1042 Nulli
2754 987 3027 1040 hominum
3057 994 3162 1039 tam
3194 983 3356 1037 multa
3386 981 3538 1036 dete-

1952 1096 2078 1151 gere
2104 1095 2317 1144 arcana,
2344 1094 2501 1149 quam
2534 1078 2694 1133 multa
2736 1079 2899 1132 Paulo
2924 1088 3003 1131 est
3022 1091 3203 1130 ausus.
3231 1074 3385 1130 Unde
3410 1088 3540 1127 vero

1954 1169 2008 1225 id
2037 1170 2286 1225 constat?
2317 1170 2499 1222 Audivi
2528 1185 2717 1221 arcana
2744 1168 2910 1232 verba,
2942 1165 3131 1234 inquit,
3163 1179 3276 1231 qua:
3300 1179 3397 1216 non
3427 1163 3541 1215 licet

1955 1261 2147 1313 homini
2172 1260 2308 1328 loqui
2337 1258 2413 1331 (2.
2445 1258 2563 1313 Cor.
2590 1258 2677 1313 12.
2710 1258 2789 1327 4).
2832 1257 2992 1312 Vides
3017 1265 3264 1325 quantam
3294 1254 3540 1308 inimicus

1956 1360 2009 1406 et
2029 1351 2197 1405 hostis
2218 1348 2642 1404 benevolentiam
2664 1348 3000 1403 exhibuerit?
3025 1346 3194 1411 Quam
3221 1344 3291 1399 ob
3318 1358 3535 1398 causam

1956 1456 2134 1511 opera:
2172 1441 2397 1509 pretium
2434 1437 2593 1492 fuerit
2639 1438 2870 1506 priorem
2908 1436 3024 1504 ejus
3052 1436 3212 1488 vitam
3252 1433 3488 1503 proferre
3523 1449 3539 1485 :

1957 1529 2217 1599 siquidem
2246 1530 2316 1583 ita
2344 1528 2453 1593 ﬁet,
2486 1536 2541 1582 ut
2584 1527 2737 1581 nobis
2784 1526 2871 1580 Dei
2904 1524 3200 1594 benignitas
3226 1532 3279 1577 et
3306 1522 3541 1592 potentia

1958 1623 2293 1678 innotescat:
2324 1620 2623 1691 benignitas
2662 1618 2907 1688 quidem,
2947 1616 3089 1687 quod
3114 1630 3267 1679 eum,
3302 1614 3390 1683 qui
3436 1625 3540 1666 tam

1958 1716 2121 1771 multa
2153 1715 2291 1769 mala
2324 1720 2755 1784 perpetraverat,
2802 1724 3017 1765 servare
3059 1707 3305 1772 voluerit,
3346 1713 3400 1760 et
3442 1704 3541 1759 sibi

1959 1808 2244 1862 conciliare
2273 1824 2285 1858 :
2320 1806 2607 1875 potentiam
2637 1817 2787 1867 vero,
2815 1801 2956 1870 quod
3001 1799 3075 1865 id,
3117 1797 3257 1868 quod
3295 1796 3541 1861 volebat,

1961 1902 2180 1971 exsequi
2204 1903 2451 1971 potuerit.
2482 1901 2547 1953 Et
2570 1913 2695 1953 vero
2719 1898 2950 1951 animum
2975 1896 3121 1950 Pauli
3147 1897 3248 1949 hoc
3268 1894 3540 1965 patefecit,

1962 1994 2103 2065 quod
2150 1993 2281 2048 nihil
2319 1991 2674 2047 contentionis
2703 1989 2879 2043 studio
2918 1987 3132 2051 faceret,
3163 2002 3335 2056 neque
3360 1985 3545 2055 gloria:

1964 2084 2211 2138 humanae
2263 2083 2550 2152 cupiditate
2609 2087 3048 2151 prmoccupatus,
3097 2076 3544 2147 quemadmodum

1963 2178 2133 2235 Judmi
2162 2196 2175 2230 :
2204 2178 2298 2233 sed
2351 2176 2467 2232 zelo
2510 2188 2799 2231 succensus
2840 2188 2945 2227 non
2987 2178 3133 2226 recto
3174 2170 3263 2223 illo
3309 2169 3545 2239 quidem,

1966 2273 2061 2328 sed
2089 2273 2203 2327 zelo
2235 2282 2433 2338 tamen,
2464 2268 2605 2339 quod
2641 2276 2695 2322 et
2733 2268 2846 2335 ipse
2884 2266 3121 2318 clamans
3146 2262 3352 2316 dicebat
3380 2278 3392 2313 :
3427 2259 3551 2312 Ideo

1967 2365 2362 2418 misericordiam
2404 2368 2740 2431 consequutus
2782 2374 2893 2412 sum
2917 2398 2931 2422 ,
2963 2356 3081 2426 quia
3117 2356 3356 2425 ignorans
3382 2352 3474 2421 feci
3499 2351 3551 2403 in

1964 2456 2315 2509 incredulitate
2353 2456 2428 2524 (1.
2480 2451 2609 2506 Tim.
2653 2453 2703 2506 1.
2749 2448 2857 2516 15)
2887 2467 2900 2503 :
2931 2456 2986 2502 et
3032 2445 3407 2515 benignitatem
3457 2442 3550 2495 Dei

1967 2546 2351 2615 obstupescens
2378 2542 2608 2607 dicebat,
2642 2540 2709 2596 Ut
2733 2541 2786 2592 in
2811 2555 2890 2592 me
2917 2538 3079 2607 primo
3102 2534 3379 2588 ostenderet
3400 2529 3551 2587 Clu-i-

1966 2646 2073 2691 stus
2125 2652 2320 2690 omnem
2363 2633 2656 2703 patientiam
2698 2629 2766 2683 ad
2807 2626 3213 2698 informationem
3253 2639 3424 2677 eorum
3467 2622 3553 2691 qui

1970 2727 2211 2782 credituri
2232 2734 2348 2780 sunt
2369 2725 2446 2778 illi
2469 2724 2519 2776 in
2541 2726 2695 2776 vitam
2722 2729 2967 2773 wternam
2988 2715 3093 2787 (Ib.
3119 2732 3166 2768 υ.
3198 2715 3305 2782 16).
3333 2712 3403 2766 Ει
3423 2711 3547 2765 alibi

1971 2834 2154 2872 rursus
2175 2817 2402 2880 dicebat,
2429 2798 2780 2883 Operationem
2805 2808 2998 2863 virtutis
3018 2822 3125 2861 sate
3150 2806 3366 2859 maxime
3386 2812 3553 2856 osten-

1973 2910 2045 2962 dit
2074 2909 2127 2961 in
2152 2923 2242 2960 nos
2270 2906 2357 2975 qui
2382 2904 2631 2957 credimus
2657 2900 2872 2973 (Epltes.
2898 2901 2949 2954 1.
2972 2897 3083 2967 19).
3103 2895 3264 2949 Vides
3290 2901 3348 2948 ut
3374 2900 3428 2947 et
3453 2892 3548 2947 be-

1974 2999 2281 3070 nignitatem
2312 2996 2404 3050 Dei
2432 3005 2484 3049 et
2509 2996 2755 3047 virtutem
2786 2991 2930 3060 prior
2969 2988 3073 3043 vita
3116 2986 3266 3041 Pauli
3300 2983 3553 3039 ostende-

1974 3091 2065 3156 rit,
2100 3099 2154 3144 et
2192 3101 2350 3157 quam
2397 3086 2701 3152 incorrupta
2738 3082 3051 3148 sinceraque
3088 3085 3267 3131 mente
3302 3074 3555 3145 praeditus

1976 3182 2089 3250 ipse
2116 3177 2304 3233 fuerit?
2333 3176 2474 3231 Sane
2498 3174 2707 3244 quidem
2729 3171 2796 3227 ad
2822 3170 3034 3225 Galatas
3049 3167 3287 3223 scribens
3311 3166 3411 3219 hoc
3433 3179 3555 3233 pro-

1976 3272 2110 3336 tulit,
2138 3277 2198 3324 ut
2226 3284 2284 3323 se
2315 3267 2585 3325 hominum
2619 3277 2778 3320 causa
2813 3262 3031 3315 minime
3068 3259 3226 3313 fuisse
3255 3264 3554 3320 mutatum,

1975 3362 2066 3417 sed
2093 3361 2268 3416 divina
2287 3358 2477 3413 virtute
2500 3355 2661 3410 fuisse
2681 3366 2998 3407 conversum
3026 3349 3295 3420 probaret.
3330 3346 3390 3401 Si
3419 3346 3554 3398 enim

1976 3453 2291 3517 hominibus,
2325 3449 2493 3518 inquit
2517 3486 2534 3512 ,
2569 3445 2837 3515 placerem,
2865 3443 3050 3498 Christi
3079 3456 3247 3495 servus
3276 3454 3375 3491 non
3400 3452 3556 3491 essem

1979 3543 2121 3615 (Gal.
2152 3542 2204 3595 1.
2234 3540 2348 3608 10).
2380 3538 2529 3593 Unde
2551 3551 2678 3590 vero
2707 3534 2757 3587 id
2785 3540 2993 3586 constat
3020 3539 3071 3584 te
3096 3544 3200 3583 non
3242 3536 3300 3581 ut
3329 3526 3558 3580 homini-

1980 3640 2077 3693 bus
2107 3636 2366 3706 placeres,
2410 3630 2477 3685 ad
2527 3626 2953 3698 prmdicationem
2998 3622 3161 3677 fuisse
3206 3618 3558 3675 conversum?

1979 3727 2228 3792 Audistis,
2268 3722 2475 3793 inquit,
2521 3717 2947 3773 conversationem
2990 3729 3153 3767 meam
3187 3709 3459 3781 aliquando
3503 3710 3559 3762 in

1979 3819 2269 3881 Judaismo,
2310 3813 2548 3885 quoniam
2588 3825 2746 3879 supra
2781 3806 2987 3861 modum
3027 3806 3353 3875 persequebar
3378 3803 3560 3857 Eccle-

1980 3910 2108 3964 siam
2135 3906 2250 3973 Dei,
2278 3915 2323 3958 et
2348 3900 2699 3973 expugnabam
2726 3914 2838 3953 eam
2868 3895 2970 3967 (Ib.
2999 3912 3045 3950 υ.
3074 3896 3182 3966 15).
3213 3893 3367 3962 Quod
3393 3895 3438 3947 si
3462 3893 3556 3947 bo-

1982 4000 2213 4055 minibus
2239 3997 2447 4067 placere
2466 3994 2720 4048 voluisset
2738 4032 2753 4056 ,
2785 4004 3115 4059 nequaquam
3146 3987 3210 4041 ad
3240 3986 3398 4041 fidem
3427 4001 3558 4041 con-

1982 4100 2165 4141 versus
2192 4082 2396 4137 fuisset.
2426 4078 2561 4147 Quid
2588 4076 2697 4132 ita?
2723 4075 3004 4131 Colebatur
3023 4088 3053 4126 a
3073 4071 3293 4137 Judaais,
3318 4080 3371 4125 et
3394 4070 3559 4124 multa

1981 4178 2266 4235 securitate
2305 4173 2611 4237 fruebatur,
2652 4185 2714 4224 ac
2754 4183 2863 4239 prae
2891 4167 3098 4222 caeteris
3129 4165 3333 4219 honore
3366 4162 3563 4217 afficie-

1981 4271 2136 4326 batur
2161 4284 2175 4321 :
2202 4282 2313 4321 non
2342 4265 2497 4335 igitur
2521 4261 2589 4317 ad
2616 4261 2975 4331 apostolorum
3001 4258 3162 4313 vitam
3192 4264 3269 4311 tot
3294 4255 3558 4324 objectam

1983 4358 2231 4431 periculis
2267 4373 2328 4412 se
2366 4354 2754 4419 transtulisset,
2786 4366 2905 4421 quae
2929 4350 3094 4404 multa
3122 4348 3393 4402 laborabat
3419 4348 3558 4400 in"a-

1983 4458 2087 4511 mia
2112 4498 2126 4523 ,
2156 4469 2273 4523 qua:
2305 4459 2382 4505 tot
2405 4446 2788 4505 calamitatibus
2815 4443 3142 4497 redundabat
3171 4457 3185 4493 :
3219 4443 3395 4508 itaque
3422 4438 3565 4507 quod

1983 4549 2131 4603 illum
2164 4546 2444 4605 honorem,
2477 4551 2582 4607 quo
2624 4533 2762 4603 apud
2800 4531 3014 4587 Judteos
3049 4528 3340 4594 fruebatur,
3370 4542 3566 4595 repen-

1986 4640 2091 4694 tina
2127 4635 2420 4691 mutatione
2447 4646 2509 4685 ac
2540 4625 2909 4690 conversione,
2937 4632 2989 4676 et
3021 4622 3180 4675 vitam
3208 4620 3439 4690 quietam
3467 4619 3567 4673 de-

1985 4730 2232 4793 seruerit,
2261 4735 2315 4781 et
2341 4740 2460 4781 cum
2486 4719 2848 4791 apostolorum
2876 4715 2981 4769 vita
3006 4711 3413 4768 commutaverit
3431 4753 3444 4776 ,
3479 4713 3567 4766 in-

1986 4822 2222 4877 numeris
2258 4817 2466 4886 objecta
2508 4812 2694 4867 mortis
2738 4806 3058 4878 generibus,
3104 4803 3390 4857 maximum
3436 4803 3566 4860 illud

1987 4919 2354 4985 argumentum
2394 4907 2491 4962 fuit
2534 4920 2639 4959 non
2673 4902 2743 4957 ob
2784 4900 3069 4953 humanam
3095 4894 3375 4965 quamdam
3405 4909 3565 4949 occa-

1989 5008 2191 5062 sionem
2220 5000 2439 5057 Panlum
2463 5011 2584 5052 esse
2607 5006 2943 5050 conversum.
2971 4989 3255 5056 Propterea
3276 4999 3377 5040 nos
3402 4985 3565 5041 etiam

1990 5099 2220 5170 priorem
2264 5094 2380 5163 ejus
2419 5090 2580 5145 vitam
2624 5088 2678 5141 in
2723 5084 2956 5141 medium
2985 5080 3176 5136 afferre
3201 5078 3482 5144 voluimus,
3511 5089 3567 5132 et

1990 5189 2267 5243 ardentem
2288 5184 2461 5239 zelum
2482 5180 2597 5250 ejus
2616 5177 2918 5241 ostendere,
2948 5188 3053 5244 quo
3078 5172 3371 5227 Ecclesium
3400 5184 3570 5239 oppu-

1990 5280 2183 5351 gnabat
2204 5318 2218 5341 ,
2251 5285 2307 5329 ut
2333 5288 2453 5329 cum
2482 5272 2598 5341 ejus
2628 5285 2723 5340 pro
2761 5266 3013 5323 Ecclesiae
3050 5264 3357 5320 defensione
3387 5277 3567 5330 prom-

1994 5369 2305 5442 ptiludinem
2354 5365 2515 5420 animi
2553 5363 2787 5427 videris,
2832 5361 2998 5416 Deum
3041 5356 3264 5420 laudes,
3310 5356 3399 5423 qui
3447 5352 3571 5407 facit

1995 5462 2171 5516 omnia
2201 5468 2253 5514 et
2293 5456 2652 5513 transformat.
2687 5455 2971 5523 Propterea
3001 5449 3146 5503 Pauli
3176 5460 3387 5517 quoque
3410 5443 3571 5499 disci-

1994 5556 2148 5626 pulus
2186 5553 2463 5623 diligenter
2504 5549 2657 5604 nobis
2701 5562 2765 5601 ac
2808 5542 3086 5613 perspicue
3113 5541 3287 5610 priora
3314 5537 3571 5603 narravit,

1994 5652 2068 5706 ita
2094 5648 2275 5703 dicens
2300 5664 2312 5699 :
2343 5644 2531 5699 Saulus
2568 5650 2743 5695 autem,
2763 5638 2929 5691 adhuc
2964 5634 3162 5704 spirans
3190 5632 3350 5686 minus
3390 5641 3433 5685 et
3463 5645 3575 5685 cta-

1996 5743 2107 5795 dsm
2134 5742 2184 5794 in
2212 5735 2493 5807 discipulos
2516 5731 2719 5787 Domini
2750 5728 2881 5801 (Act.
2912 5725 2964 5782 9.
2997 5724 3071 5798 1).
3102 5726 3175 5779 Ac
3204 5721 3389 5779 vellem
3418 5735 3561 5789 equi-
