4060 6252
505 284 607 338 liii

507 397 630 451 dem
660 407 758 464 ego
788 408 997 462 quoque
1035 392 1292 447 hodierno
1329 392 1415 448 die
1459 392 1772 462 prommium
1811 389 2084 458 inchoare,

505 486 695 539 vellem
734 483 797 538 ad
837 483 1042 538 initium
1081 483 1396 537 narrationis
1423 482 1668 553 aggredi;
1699 481 1792 536 sed
1817 481 1970 535 video
1996 495 2088 550 pe-

509 575 656 643 lagus
682 573 943 642 quoddam
970 572 1350 627 sententiarum
1375 588 1441 626 ex
1467 574 1580 627 solo
1604 572 1820 626 nomine
1848 585 1907 626 se
1935 570 2087 625 nobis

507 665 814 718 obtrudere.
857 664 1037 733 Cogita
1077 678 1307 732 namque
1347 672 1598 732 quantam
1627 678 1656 718 e
1685 663 1906 731 vestigio
1933 659 2088 716 nobis

509 753 659 818 illud,
687 752 897 818 Saulus,
933 754 1280 822 qumstioncm
1310 761 1518 807 moveat
1547 771 1560 806 :
1587 753 1848 822 siquidem
1870 751 2011 806 aliud
2035 753 2088 805 in

505 847 743 916 epistolis
767 850 996 916 positum
1029 861 1223 900 nomen
1246 845 1496 900 occurrit.
1547 842 1744 898 Paulus
1771 861 1940 899 servus
1963 842 2088 897 Jesu

504 935 711 1001 Clu-isti,
740 947 943 991 uocatus
978 938 1235 1007 apostolus
1275 937 1449 1006 (Rom.
1480 938 1527 990 l.
1554 935 1610 1005 1)
1635 953 1648 988 :
1680 933 1880 988 Paulus
1907 943 1952 987 et
1985 932 2086 986 So-

507 1028 704 1080 sthenes
725 1043 744 1080 :
772 1027 968 1080 Paulus
993 1037 1191 1080 vocatus
1218 1025 1477 1096 apostolus
1509 1027 1585 1095 (l.
1615 1024 1730 1079 Cor.
1764 1026 1813 1079 l.
1846 1024 1896 1095 1)
1921 1042 1935 1078 :
1957 1024 2090 1077 Ecce

507 1135 598 1189 ego
646 1117 842 1171 Paulus
886 1119 999 1172 dico
1044 1119 1179 1172 vobis
1229 1117 1423 1189 (Galal.
1454 1117 1506 1171 5.
1543 1116 1618 1186 Ξ)
1655 1134 1667 1168 :
1697 1116 1822 1185 jam
1855 1129 1982 1170 vero
2035 1122 2092 1169 υι

507 1211 724 1277 Paulus,
754 1222 806 1264 et
836 1211 1027 1280 ubique
1055 1210 1246 1264 Paulus
1273 1210 1587 1280 appellatur,
1619 1223 1723 1262 non
1752 1215 1928 1261 autem
1959 1206 2092 1260 Sau-

506 1301 587 1355 lus
613 1301 824 1355 dieitur.
853 1301 960 1356 Cur
987 1301 1142 1370 igitur
1165 1309 1320 1355 antea
1351 1300 1560 1364 Saulus,
1591 1307 1768 1369 postea
1797 1314 1923 1352 vero
1955 1297 2092 1352 Pau-

508 1390 590 1445 lus
619 1402 836 1446 vocatus
863 1392 978 1444 est?
1004 1391 1187 1460 Neque
1208 1406 1333 1444 vero
1354 1390 1584 1458 simplex
1613 1398 1694 1443 est
1718 1389 1804 1441 illa
1832 1389 2087 1458 quzestio:

506 1481 684 1534 statim
717 1481 858 1536 enim
901 1482 1088 1534 Petrus
1117 1481 1346 1533 accurrit
1378 1498 1388 1531 :
1422 1495 1544 1532 nam
1583 1489 1637 1534 et
1678 1479 1791 1548 ipse
1820 1488 1974 1532 antea
2003 1478 2088 1532 Si-

508 1587 632 1624 mon
663 1570 957 1635 dicebatur,
984 1579 1164 1638 postea
1183 1585 1308 1623 vero
1332 1569 1527 1638 (Iephte
1555 1583 1750 1622 nomen
1779 1568 1983 1637 accepit
2007 1585 2018 1620 :
2040 1576 2092 1621 et

519 1661 762 1714 Zebedaei
791 1660 881 1713 lilii
909 1659 1134 1713 Jacobus
1161 1668 1216 1713 ct
1243 1659 1474 1713 Joannes
1504 1667 1704 1712 mutato
1732 1657 1948 1711 nomine
1973 1657 2092 1710 Filii

512 1752 728 1805 tonitrui
751 1760 874 1806 sunt
897 1751 1141 1820 appellati
1173 1750 1360 1822 (Marc.
1396 1752 1448 1806 5.
1476 1751 1708 1821 46.17).
1735 1750 1844 1804 Nec
1871 1750 1920 1804 in
1947 1749 2094 1804 Novo

507 1844 678 1896 solum
716 1844 1078 1908 Testamento,
1131 1844 1221 1897 sed
1271 1844 1428 1898 etiam
1479 1843 1531 1896 in
1575 1842 1754 1898 Veteri
1799 1843 2094 1911 reperimus

507 1935 774 1988 Abraham
807 1947 960 1989 antea
988 1935 1186 1989 dictum
1217 1935 1413 1989 Abram
1439 1975 1452 1998 ,
1487 1943 1668 2004 postea
1697 1934 2000 1998 Abraham;
2042 1941 2096 1988 et

506 2025 671 2080 Jacob
714 2028 940 2095 primum
967 2025 1131 2081 Jacob
1158 2041 1277 2081 esse
1325 2027 1524 2081 dictum
1550 2068 1562 2087 .
1594 2025 1786 2080 deinde
1813 2024 2002 2090 Israel;
2043 2033 2096 2078 et

507 2115 718 2170 Sarram
770 2118 998 2185 primum
1051 2116 1236 2170 Saram
1289 2131 1450 2182 esse,
1505 2114 1698 2170 deinde
1751 2115 1963 2170 Sarram
2001 2123 2097 2168 :et

1247 280 1306 335 S.
1345 277 1622 334 JOANNIS
1657 275 2128 333 CHRYSOSTOMI
2169 274 2487 332 ARCHIEP.
2528 274 3057 332 CONSTANTINOP.
3114 338 3117 339 ν

3696 275 3838 331 iii

2194 389 2389 442 multas
2418 388 2570 442 nobis
2597 388 2712 443 haec
2737 389 2957 444 mutatio
2981 389 3252 443 nominum
3275 389 3413 456 parit
3430 388 3832 458 quaestiones,

2194 494 2256 534 ac
2287 495 2492 547 vereor,
2522 497 2587 534 ne
2613 481 2790 534 multis
2819 481 3094 535 fluminum
3115 479 3318 544 effusis,
3340 481 3548 536 fluentis
3573 479 3797 537 doctri
3815 517 3837 525 -

2196 585 2278 624 na:
2307 585 2608 625 sermonem
2638 571 2780 625 velut
2808 571 3028 626 obruam
3056 581 3111 626 et
3131 570 3404 626 sull‘ocem.
3430 571 3561 626 Nam
3590 589 3833 642 quem-

2196 661 2479 715 admodum
2510 662 2560 715 in
2587 677 2714 732 agro
2741 662 2960 717 humido
2999 671 3053 718 et
3089 664 3287 732 Irriguo
3320 663 3648 733 ubicumque
3675 665 3836 734 quis

2196 751 2346 817 fodit,
2373 752 2605 822 undique
2627 752 2800 808 fontes
2824 753 3118 808 scaturiunt
3142 771 3155 806 :
3180 754 3257 807 sic
3276 763 3330 808 et
3355 754 3407 806 in
3434 769 3563 818 agro
3585 754 3832 810 divina

2197 841 2482 911 Scriptum
2507 884 2522 908 ,
2558 845 2878 914 ubicumque
2912 843 3266 910 reseraveris,
3297 844 3555 913 plurimos
3593 842 3828 899 ﬂuvios

2197 933 2401 988 videbis
2430 949 2710 1003 erumpere
2742 952 2755 987 :
2789 949 2945 1004 quam
2985 933 3054 987 ob
3093 949 3304 992 causam
3342 949 3408 986 ne
3443 948 3637 988 omnes
3676 933 3827 986 illos

2198 1025 2353 1078 simul
2389 1025 2643 1078 hodierno
2667 1025 2754 1079 die
2781 1023 3044 1078 effundam
3071 1066 3082 1089 ,
3113 1039 3218 1078 non
3253 1023 3592 1078 medioeriter
3623 1024 3821 1093 perti-

2200 1130 2398 1169 mesco.
2448 1115 2779 1184 Quapropter
2816 1115 2985 1168 rivum
3027 1114 3167 1168 hunc
3212 1126 3450 1169 nostrum
3493 1115 3816 1180 claudens,

2199 1207 2470 1260 caritatem
2504 1217 2735 1260 vestram
2763 1207 2829 1260 ad
2869 1222 3078 1261 sacrum
3111 1207 3308 1261 fontem
3341 1208 3628 1276 prtesulum
3661 1208 3816 1261 isto-

2199 1314 2338 1362 rum,
2384 1300 2865 1368 magistrorumque
2907 1300 3256 1353 transmittam
3298 1299 3572 1368 limpidum
3613 1300 3812 1363 illum,

2201 1388 2483 1457 potabilem
2518 1404 2580 1443 ac
2618 1389 2823 1444 dulcem
2843 1430 2856 1452 ,
2885 1391 3025 1459 quod
3058 1406 3122 1444 ex
3158 1391 3417 1459 spirituali
3448 1401 3592 1459 petra
3622 1391 3820 1446 ﬂuen-

2201 1487 2310 1532 tum
2334 1489 2530 1533 manat.
2563 1481 2792 1535 Mentem
2817 1481 2972 1550 igitur
2991 1480 3056 1535 ad
3079 1481 3441 1550 excipiendam
3463 1481 3812 1549 doctrinam,

2201 1569 2267 1622 ad
2296 1571 2598 1638 spirituales
2635 1571 2818 1625 latices
2849 1570 3167 1626 hanrieudos
3197 1586 3472 1640 paremus,
3515 1582 3572 1626 ut
3607 1572 3710 1626 fiat.
3747 1575 3811 1628 in

2200 1660 2354 1714 nobis
2391 1661 2509 1715 fons
2544 1676 2692 1730 aqutc
2735 1661 2973 1716 salientis
3015 1663 3065 1715 in
3103 1663 3262 1715 vitam
3303 1671 3558 1717 aeternam
3588 1679 3600 1714 :
3632 1679 3810 1733 quam

2204 1766 2300 1805 nos
2325 1767 2509 1806 omnes
2537 1753 2779 1807 obtinere
2819 1754 3119 1822 contingat,
3155 1754 3322 1822 gratia
3365 1766 3417 1807 et
3463 1753 3812 1824 benignitate

2205 1844 2413 1896 Domini
2447 1844 2614 1897 nostri
2642 1844 2767 1898 Jesu
2790 1844 3006 1908 Christi,
3031 1860 3127 1914 per
3151 1860 3308 1914 quem
3334 1855 3530 1899 etcum
3557 1861 3670 1915 quo
3702 1848 3811 1900 Pa—

2203 1934 2270 1988 tri
2295 1935 2483 2002 gloria,
2514 1935 2703 2000 honor,
2739 1936 3038 2006 imperium,
3072 1952 3175 1990 una
3203 1952 3322 1990 cum
3353 1945 3545 1991 sancto
3563 1953 3628 1992 ac
3659 1938 3808 1992 vivi—

2203 2024 2306 2079 fico
2331 2025 2548 2094 Spiritu,
2575 2041 2714 2080 nunc
2742 2036 2796 2080 et
2824 2041 3052 2096 semper,
3074 2036 3125 2081 et
3156 2027 3205 2080 in
3237 2027 3428 2081 Stccula
3451 2029 3803 2084 satculorum.

2202 2117 2392 2169 Amen.

509 2372 590 2414 AD
635 2370 746 2412 EOS
791 2370 898 2420 QUI
946 2366 1537 2410 BEPBEHENDEBANT
1581 2365 1716 2407 EUM
1746 2363 1826 2406 ΟΒ
1857 2362 2330 2404 PROLIXITATEM
2368 2363 2610 2416 EORUM,
2659 2364 2799 2416 QUAE
2845 2367 3032 2409 DICTA
3077 2368 3394 2421 FUEBANT,
3441 2370 3522 2410 ΕΤ
3561 2371 3641 2411 AD
3691 2369 3802 2412 nos

585 2473 692 2523 QUI
737 2471 1143 2513 nnsvrmTEM
1189 2467 1514 2513 ominosis
1558 2467 1738 2509 manu
1781 2462 2139 2517 FEBEBANT,
2185 2463 2396 2513 DEQUE
2441 2463 2622 2506 smn
2668 2467 2746 2506 ET
2789 2467 2974 2508 PAULI
3008 2468 3498 2520 APPEILATIONE,
3553 2471 3632 2511 ΕΤ
3672 2472 3799 2512 cun

588 2569 819 2611 PRIMUS
863 2567 1034 2610 ῐιοωο
1077 2568 1354 2610 VOCATUS
1400 2567 1496 2608 SIT
1530 2567 1730 2618 ADAM,
1779 2564 1857 2606 ET
1888 2561 2056 2613 QUOD
2101 2562 2399 2604 UTILITER
2431 2564 2503 2606 AC
2549 2566 2958 2623 FRUCTUOSE;
3007 2569 3212 2620 ATQUE
3259 2569 3321 2610 IY
3369 2569 3478 2611 EOS
3521 2569 3628 2622 QUI
3665 2572 3801 2612 RE—

591 2669 741 2714 CENS
784 2669 1079 2711 FUEBANT
1124 2666 1515 2710 ILLUMINATI.

1807 2746 2494 2788 #990“—

579 2903 630 2957 1.
661 2901 794 2969 Quid
821 2914 1002 2970 quaeso
1034 2897 1189 2953 nobis
1239 2882 1622 2966 agendttnr'est
1666 2894 1923 2949 hodierno
1967 2892 2090 2946 die?

511 2991 782 3061 Siquidem
809 2989 935 3043 dum
959 2988 1350 3042 multitudinem
1377 2995 1606 3041 vestram
1647 3000 1810 3040 cerno
1829 3025 1845 3049 ,
1888 2998 1956 3038 ne
1982 2983 2098 3036 lou-

509 3083 627 3151 gius
656 3095 957 3134 sermonem
1003 3077 1342 3147 protraham,
1391 3077 1730 3145 pertimesco.
1775 3074 1909 3130 Cum
1950 3073 2094 3127 enim

510 3171 817 3242 provehitur
843 3171 1052 3238 longius
1080 3169 1337 3222 doctrinm
1364 3181 1563 3229 sermo,
1593 3165 1749 3219 video
1784 3179 1879 3218 vos
1915 3164 1966 3216 in
1998 3178 2096 3216 an-

511 3264 713 3333 gustias
741 3262 985 3315 redactos
1013 3275 1108 3314 vos
1135 3260 1358 3312 invicem
1387 3258 1701 3312 conculcare
1724 3296 1740 3319 ,
1772 3264 1930 3324 atque
1962 3254 2099 3308 hanc

512 3370 576 3408 ex
611 3351 866 3423 angustiis
909 3350 1249 3404 afﬂictionem
1273 3388 1286 3412 ,
1339 3362 1442 3416 quo
1480 3347 1656 3400 minus
1697 3345 1978 3414 diligenter
2006 3359 2100 3396 au-

514 3444 693 3510 diatis,
723 3442 978 3512 impedire
1005 3458 1018 3494 :
1048 3440 1149 3494 nisi
1181 3439 1323 3492 enim
1355 3439 1564 3506 quietus
1591 3437 1657 3490 sit
1686 3451 1748 3490 ac
1786 3435 2100 3505 tranquillus

515 3528 760 3592 auditor,
790 3526 1008 3579 minime
1038 3532 1211 3594 potest
1237 3537 1357 3576 cum
1389 3521 1564 3576 studio
1593 3519 1662 3575 ad
1682 3535 1744 3574 ea
1771 3536 1889 3590 qum
1914 3520 2100 3574 dicun-

515 3626 604 3675 tur
637 3617 932 3672 attendere.

589 3709 703 3762 Duo
732 3724 910 3778 genera
935 3707 1242 3760 auditorum.
1272 3735 1339 3745 ——
1370 3704 1504 3759 Cum
1533 3704 1689 3774 igitur
1710 3701 2098 3758 multitudinem

519 3811 753 3854 vestram
779 3839 794 3864 ,
826 3808 883 3850 ut
912 3797 1050 3862 dixi,
1078 3796 1232 3851 video
1253 3838 1265 3860 ,
1304 3811 1371 3850 ne
1404 3795 1612 3865 longius
1643 3808 1944 3849 sermonem
1974 3807 2100 3862 pro-

519 3890 722 3945 traham
771 3889 1124 3958 pertimesco,
1180 3889 1274 3941 sed
1316 3887 1441 3941 dum
1489 3885 1829 3956 cupiditatem
1873 3893 2100 3939 vestram

517 3983 818 4046 considero,
849 3980 1142 4036 doctrinam
1173 3979 1488 4034 contrahere
1514 3978 1824 4032 refermido.
1854 3976 1987 4031 Nam
2011 3977 2103 4045 qui

518 4074 660 4137 sitit,
709 4072 811 4125 nisi
843 4072 989 4139 prius
1013 4070 1262 4138 poculum
1288 4064 1550 4136 repletum
1580 4069 1804 4134 viderit,
1851 4084 1920 4122 ne
1945 4068 2104 4122 labris

520 4163 737 4232 quidem
769 4161 1012 4214 lubenter
1043 4159 1168 4212 illud
1193 4158 1482 4224 admovet,
1523 4158 1615 4212 sed
1653 4161 1896 4228 quamvis
1935 4167 2104 4214 totum

522 4253 879 4308 exhausturus
906 4266 1010 4302 non
1038 4249 1140 4315 sit,
1173 4257 1338 4303 totum
1367 4249 1626 4317 repletum
1657 4266 1880 4305 eernere
1908 4267 2106 4307 concu-

525 4341 701 4412 piscit.
749 4337 1106 4406 Quamobrem
1134 4379 1149 4402 ,
1193 4354 1297 4408 quo
1327 4347 1484 4407 pacto
1513 4354 1596 4393 me
1641 4340 1690 4393 in
1723 4339 1822 4394 hac
1850 4342 2107 4397 concione

523 4445 712 4502 gerere
750 4429 972 4485 debeam
997 4471 1012 4495 ,
1053 4430 1256 4499 ignoro.
1301 4430 1432 4484 Nam
1461 4439 1514 4485 et
1552 4431 1810 4487 brevitate
1845 4435 2106 4488 sermonis

525 4525 760 4580 laborem
791 4533 1024 4580 vestrum
1054 4525 1292 4580 minuere
1319 4521 1438 4580 volo
1463 4568 1477 4592 ,
1520 4534 1575 4580 et
1603 4527 1858 4582 orationis
1886 4528 2106 4598 prolixi-

527 4627 632 4672 tate
661 4628 890 4672 vestram
934 4616 1276 4685 cupiditatem
1324 4619 1560 4686 explere.
1616 4619 1777 4688 Atqui
1825 4627 2109 4686 utrumque

525 4711 748 4763 istorum
791 4723 1162 4778 saepenumero
1202 4709 1454 4779 praestiti,
1500 4724 1562 4763 ac
1588 4725 1656 4764 ne
1690 4711 1857 4764 semel
1897 4710 2108 4778 quidem

527 4801 725 4855 crimen
753 4798 930 4870 eﬂ‘ngi.
971 4799 1094 4856 Scio
1123 4815 1209 4856 me
1239 4815 1478 4870 persrepe
1500 4840 1515 4866 ,
1559 4800 1684 4854 dum
1727 4801 1876 4855 vobis
1924 4815 2106 4869 pareo,

527 4901 648 4948 ante
675 4891 834 4947 ﬁnem
866 4893 1143 4961 abrupisse
1167 4907 1492 4957 sermonem,
1525 4901 1578 4946 et
1605 4894 1657 4946 in
1688 4907 1786 4946 nos
1815 4893 2112 4946 clamarunt

528 4984 598 5046 ii,
627 4998 853 5052 quorum
875 4984 1085 5038 animus
1122 4985 1304 5038 satiari
1342 4985 1560 5040 minime
1583 4994 1792 5055 potest,
1823 4985 1913 5054 qui
1945 4987 2110 5040 sacris

529 5071 776 5126 laticibus
815 5073 1028 5128 assidue
1057 5072 1300 5128 fruuntur
1323 5115 1339 5140 ,
1379 5075 1474 5129 sed
1501 5091 1786 5145 numquam
1813 5084 1986 5130 tamen
2013 5090 2109 5129 ex-

531 5160 778 5228 plentur,
825 5160 967 5215 Beati
1005 5163 1111 5225 illi,
1159 5165 1243 5232 qui
1283 5167 1536 5229 esuriant,
1575 5175 1620 5219 et
1653 5167 1827 5220 sitiunt
1859 5166 2112 5237 justitiam

531 5249 744 5319 (Matth.
780 5251 834 5306 5.
863 5251 920 5320 6)
947 5293 960 5315 ,
1004 5261 1059 5306 et
1103 5253 1322 5307 istorum
1353 5255 1607 5310 adversos
1653 5257 1914 5311 clamores
1944 5257 2106 5325 perti-

535 5359 779 5400 mescens
807 5359 988 5400 rursus
1011 5343 1268 5399 doctrinae
1298 5361 1600 5401 sermonem
1633 5349 1862 5417 protraxi
1881 5349 2110 5417 longius,

533 5445 589 5490 et
616 5437 813 5491 idcirco
839 5436 892 5490 in
937 5437 1139 5491 crimen
1167 5436 1384 5491 incurri.
1431 5437 1560 5491 Nam
1587 5438 1673 5507 qui
1696 5439 1959 5493 sermonis
1989 5438 2114 5493 bre-

534 5527 698 5582 vitate
727 5530 1059 5583 delectantur
1078 5569 1093 5594 ,
1138 5536 1483 5584 occurrentes
1509 5528 1730 5583 orabant
1751 5569 1766 5595 ,
1799 5538 1853 5583 ut
1877 5529 2115 5598 ipsorum

538 5619 829 5674 infirmitati
873 5635 1146 5689 parcerem
1173 5660 1190 5687 ,
1236 5631 1396 5692 atq-ue
1440 5622 1713 5676 concionis
1756 5620 2116 5690 prolixitatem

535 5707 924 5764 contrahereIn.
971 5711 1102 5766 Dum
1149 5711 1303 5779 igitur
1342 5725 1434 5767 vos
1467 5712 1519 5766 in
1559 5712 1826 5783 angusdas
1873 5710 2116 5767 redactos

2207 2888 2420 2943 intueor
2444 2931 2456 2955 ,
2514 2903 2815 2944 sermonem
2867 2891 3078 2944 silentio
3123 2907 3370 2948 coercere
3397 2894 3585 2948 studeo
3615 2912 3626 2947 :
3662 2893 3790 2947 dum

2202 2993 2330 3033 vero
2353 2995 2446 3033 vos
2482 2980 2736 3048 angusliis
2766 2994 2975 3048 pressos
3016 2982 3211 3035 ideirco
3242 2999 3346 3036 non
3378 2983 3629 3039 recedere
3649 3026 3662 3046 ,
3696 2982 3793 3037 sed

2204 3071 2269 3126 ad
2312 3073 2606 3142 longiorem
2635 3088 2848 3126 cursum
2895 3083 3104 3141 paratos
3132 3089 3254 3128 esse
3278 3115 3293 3140 ,
3332 3089 3524 3129 acuere
3559 3075 3794 3144 linguam

2205 3162 2472 3218 desidero.
2510 3164 2768 3234 Angustitz
2807 3165 2932 3217 mihi
2970 3174 3085 3218 sunt
3114 3166 3332 3235 undique
3357 3165 3515 3238 (Dan.
3553 3167 3638 3220 15.
3667 3165 3787 3231 ‘22).

2203 3255 2341 3322 Quid
2381 3255 2606 3308 faciam?
2641 3254 2770 3308 Nam
2808 3255 2852 3309 is
2881 3256 3094 3325 quidem
3119 3255 3207 3325 qui
3241 3257 3328 3310 uni
3357 3256 3574 3311 domino
3601 3257 3789 3319 servit,

2205 3347 2402 3416 unique
2454 3345 2731 3400 sententia:
2781 3349 2988 3417 cogitur
3037 3347 3321 3414 famulari,
3373 3349 3524 3404 facile
3573 3348 3796 3403 domino

2207 3445 2382 3507 potest
2423 3437 2636 3506 placere
2657 3478 2672 3502 ,
2725 3452 2897 3506 neque
2926 3452 2953 3489 a
2987 3439 3257 3506 proposito
3283 3438 3532 3492 aberrare
3565 3455 3580 3490 :
3611 3447 3663 3491 at
3694 3451 3794 3505 ego

2207 3528 2403 3581 multos
2431 3526 2602 3580 habeo
2629 3527 2875 3580 dominos
2895 3567 2908 3589 ,
2949 3527 3034 3596 qui
3063 3535 3209 3581 tanto
3237 3527 3441 3581 servire
3471 3525 3666 3595 populo
3693 3539 3788 3578 co-

2206 3634 2333 3689 gor,
2365 3617 2518 3687 cujus
2544 3617 2752 3672 diversa
2783 3625 2866 3671 est
2897 3618 3182 3672 sententia.
3217 3617 3340 3672 |l:ce
3368 3627 3541 3671 autem
3569 3632 3675 3670 non
3705 3615 3788 3669 idc-

2207 3712 2350 3764 circo
2381 3718 2503 3763 sunt
2528 3725 2556 3762 ξι
2596 3723 2683 3762 me
2721 3707 2856 3761 dicta
2879 3749 2894 3771 ,
2923 3707 3062 3776 quod
3091 3707 3401 3761 servitutem
3427 3721 3567 3776 a‘gre
3599 3706 3787 3771 feram,

2208 3801 2382 3866 absit,
2433 3814 2603 3869 neque
2654 3798 2794 3868 quod
2850 3806 3083 3852 vestrum
3131 3797 3396 3867 defugiam
3441 3797 3787 3852 dominatum.

2207 3891 2350 3946 Nihil
2377 3892 2516 3946 enim
2547 3889 2674 3943 mihi
2695 3900 2776 3944 est
2801 3889 2899 3943 hac
2920 3889 3174 3943 servitute
3200 3887 3654 3942 honoriﬁcentius.
3675 3887 3785 3940 Non

2211 3985 2280 4037 ita
2311 3983 2610 4038 diademate
2639 3997 2701 4034 ac
2730 3996 2961 4050 purpura
2988 3981 3243 4049 gloriatur
3271 3979 3585 4049 imperator,
3611 3987 3663 4031 ut
3687 3993 3783 4048 ego

2210 4074 2446 4129 caritatis
2493 4083 2685 4127 vestrm
2731 4073 3044 4128 servitutem
3087 4072 3216 4125 mibi
3263 4071 3604 4125 honorificam
3634 4070 3787 4124 duco.

2203 4164 2481 4234 Siquidem
2516 4164 2589 4217 illi
2637 4178 2800 4233 regno
2840 4177 2985 4216 mors
3012 4161 3249 4217 succedit
3278 4179 3290 4214 :
3326 4161 3450 4214 huic
3474 4171 3647 4214 autem
3671 4175 3782 4212 scr-

2212 4258 2361 4312 vituti
2382 4299 2397 4323 ,
2430 4257 2474 4311 si
2507 4265 2650 4310 recte
2683 4265 2890 4324 peracta
2922 4253 3120 4320 fuerit,
3165 4269 3387 4323 regnum
3413 4254 3624 4314 eteleste
3651 4265 3786 4321 pra:-

2215 4359 2450 4417 paratum
2465 4354 2563 4401 est.
2589 4348 2781 4399 Beatus
2802 4345 2942 4399 enim
2961 4353 3041 4399 est
3063 4343 3258 4398 Fidelis
3275 4359 3468 4409 servus,
3491 4352 3538 4395 et
3555 4342 3783 4410 prudens,

2213 4458 2358 4506 quem
2391 4439 2645 4494 constituit
2671 4439 2904 4492 dominus
2931 4438 3039 4507 ejus
3063 4479 3076 4502 ,
3106 4447 3158 4490 ut
3183 4436 3430 4492 conservis
3469 4435 3572 4489 suis
3597 4434 3672 4487 det
3699 4435 3781 4486 tri-

2215 4532 2301 4584 tici
2321 4548 2624 4585 mensuram.
2667 4529 2827 4583 Amen
2856 4529 2967 4582 dico
2995 4529 3150 4592 vobis,
3176 4544 3326 4597 super
3355 4528 3526 4580 omnia
3553 4525 3678 4582 bona
3698 4539 3788 4577 sua

2215 4623 2475 4676 constituet
2510 4639 2621 4675 eum
2660 4621 2806 4690 (Luc.
2855 4620 2941 4675 12.
2973 4619 3061 4674 42.
3093 4619 3204 4688 44).
3261 4618 3421 4676 Vides
3465 4630 3692 4690 quantus
3724 4617 3795 4673 sit

2217 4714 2483 4768 servitutis
2515 4713 2669 4782 hujus
2709 4723 2975 4782 qutestus,
3027 4711 3069 4765 si
3113 4711 3395 4784 diligenter
3440 4713 3581 4767 obita
3614 4712 3803 4768 fuerit?

2217 4805 2388 4874 Super
2417 4804 2591 4858 omnia
2619 4804 2816 4857 dmuini
2847 4804 2983 4858 bona
3009 4806 3306 4860 constituit.
3347 4805 3464 4859 Non
3492 4819 3618 4873 ergo
3649 4803 3792 4856 defu-

2217 4897 2303 4966 gio
2330 4896 2636 4950 servitutem
2663 4936 2676 4956 ,
2707 4895 2900 4962 quippe
2929 4896 3163 4966 quicum
3198 4896 3361 4950 Paulo
3387 4896 3635 4948 serviam.
3669 4891 3784 4946 Nam

2219 4996 2273 5041 et
2306 4987 2394 5041 ille
2420 4986 2583 5040 dicit:
2621 4984 2740 5039 Non
2773 4989 3101 5055 nosmetipsos
3129 4989 3462 5058 praedicamus
3483 5027 3497 5050 ,
3538 4986 3625 5039 sed
3651 4984 3782 5037 Clu-i-

2218 5085 2349 5128 stum
2375 5075 2550 5128 Jesum
2579 5075 2848 5130 Dominum
2879 5092 2896 5130 :
2923 5093 3013 5131 nos
3059 5087 3226 5130 autent
3256 5093 3424 5129 servos
3465 5085 3646 5129 vestros
3683 5088 3776 5143 pro—

2223 5177 2334 5238 pter
2372 5167 2548 5222 Jcsum
2581 5168 2668 5239 (2.
2701 5168 2818 5223 Cor.
2847 5170 2901 5224 4.
2933 5169 3023 5240 5).
3067 5169 3134 5222 Ει
3160 5168 3286 5238 quid
3313 5169 3431 5222 dico
3458 5167 3710 5222 Paulum?
3734 5165 3781 5220 St

2222 5258 2264 5312 is
2291 5259 2381 5330 qui
2408 5258 2460 5313 in
2503 5259 2672 5314 forma
2705 5259 2793 5314 Dei
2822 5269 2970 5326 erat,
3002 5261 3346 5330 semetipsum
3374 5259 3669 5315 exinanivit
3691 5255 3787 5310 fur-
3825 5289 3830 5292 -

2230 5370 2370 5408 manu
2388 5356 2530 5408 Servi
2551 5355 2822 5422 accipiens
2847 5363 3064 5421 propter
3091 5367 3280 5406 servos
3302 5349 3558 5419 tPhilipp.
3575 5349 3626 5402 2.
3645 5347 3690 5400 6.
3712 5348 3777 5414 7),

2231 5443 2357 5512 quid
2386 5457 2642 5512 magnum
2685 5452 2900 5511 prasto,
2936 5442 2980 5496 si
3015 5456 3116 5510 ego
3152 5456 3342 5495 servus
3376 5440 3497 5492 [iam
3521 5437 3780 5492 conservis

2233 5535 2347 5604 ipse
2365 5550 2556 5589 servus
2577 5543 2795 5602 preptcr
2813 5533 3114 5604 meipsum?
3130 5532 3245 5586 Non
3261 5548 3391 5602 ergo
3403 5531 3548 5600 quod
3572 5539 3777 5584 vestram

2235 5628 2548 5683 servitutem
2580 5627 2896 5692 detrectem,
2937 5628 3042 5684 ista
3076 5628 3218 5691 dixi,
3253 5626 3347 5681 sed
3383 5634 3442 5680 ut
3487 5624 3615 5679 mihi
3644 5621 3776 5678 venia

2236 5720 2413 5786 detur,
2450 5720 2496 5772 si
2535 5717 2673 5773 torte
2697 5719 2878 5774 minus
2900 5719 3312 5775 convenientem
3339 5718 3578 5772 omnium
3597 5713 3779 5785 judicio
