4060 6252
618 401 723 459 1·ἓῆ

614 520 947 591 κατάλληλον
997 517 1332 588 παραθῶμαι
1384 521 1482 590 τὴν
1531 519 1830 589 τράπεζαν.
1881 519 2096 572 Μᾶλλον
2140 515 2195 569 δέ

613 604 769 658 τοῦτο
798 606 1058 674 ποιήσατε
1087 603 1114 654 ὃ
1144 602 1287 670 λέγω
1320 601 1434 654 νῦν.
1477 602 1664 672 Ὑμεῖς
1695 605 1744 655 οἱ
1794 603 1869 672 μὴ
1911 602 2197 672 δυνάμενοι

615 687 998 758 ἐμπλησθῆναί
1031 704 1181 751 ποτε,
1209 685 1345 739 ἀλλά
1368 686 1663 748 πεινῶντες
1695 686 1788 738 καὶ
1811 685 2074 756 διψῶντες
2101 687 2199 756 τὴν

611 772 977 842 δικαιοσύνην,
1020 772 1118 822 καὶ
1175 770 1402 842 μακρῶν
1439 768 1839 840 ἐπιθυμοῦντες
1875 770 2071 838 λόγων,
2113 770 2198 823 διὰ

610 855 708 924 τὴν
741 855 1026 907 ἀσθένειαν
1050 854 1157 905 τῶν
1189 853 1473 924 ὑμετέρων
1506 854 1749 923 ἀδελφῶν
1783 853 2082 924 ἀνάσχεσθε
2104 853 2198 906 τοῦ

612 940 879 1008 συνήθους
910 938 1386 1010 περικοπτομένην
1422 938 1622 1008 μέτρου
1664 937 1775 991 τῶν
1803 939 1997 1006 λόγων.
2029 937 2199 990 Πάλιν

611 1027 768 1093 ὑμεῖς
797 1026 843 1076 οἱ
879 1023 1247 1094 βραχυλογίας
1283 1021 1516 1092 ἐρῶντες
1543 1023 1638 1076 καὶ
1663 1022 2048 1094 ἀσθενέστερον
2081 1021 2198 1075 δια-

609 1107 873 1176 κείμενοι,
929 1107 1018 1159 διά
1068 1107 1194 1169 τοὺς
1239 1105 1503 1173 ἀδελφοὺς
1545 1107 1672 1168 τοὺς
1731 1105 2032 1176 ὑμετέρους
2073 1105 2198 1168 τοὺς

606 1192 770 1261 ἀκορέ
785 1209 939 1254 στους
973 1190 1171 1262 μικρὸν
1204 1191 1582 1262 καρτερήσατε
1616 1189 1800 1252 πόνον,
1847 1189 2092 1262 ἀλλήλων
2128 1189 2197 1241 τά

610 1276 751 1346 βάρη
784 1274 1167 1343 βαστάζοντες,
1199 1275 1292 1327 καὶ
1319 1273 1498 1336 οὕτως
1522 1272 1958 1344 ἀναπληρώσατε
1986 1273 2077 1325 τὸν
2108 1273 2196 1326 v6-

611 1376 710 1426 μον
737 1359 830 1411 τοῦ
855 1358 1114 1428 Χριστοῦ.
1143 1359 1256 1427 Ούχ
1285 1359 1446 1428 ὁρᾶτε
1472 1355 2020 1427 τοὺςὈλυμπιακοὺς
2039 1355 2197 1428 ἀθλη-

605 1440 704 1504 τὰς
732 1445 808 1504 είς
839 1443 1003 1511 μέσον
1036 1441 1130 1493 τοῦ
1170 1440 1394 1511 θεάτρου
1422 1433 1570 1510 [109]
1606 1440 1865 1502 ἐστῶτας.
1893 1443 1948 1493 ἐν
1983 1458 2195 1512 μεσημ-

610 1525 738 1594 ϋρίᾳ
783 1524 923 1596 μέση
972 1523 1224 1594 καθάπερ
1280 1527 1336 1576 ἐν
1390 1523 1603 1592 καμίνῳ
1643 1522 1722 1592 τῷ
1771 1517 2054 1594 σκάμματι
2103 1526 2196 1578 καὶ

608 1606 801 1676 γυμνῷ
827 1608 902 1677 τῷ
936 1606 1146 1677 σώματι
1177 1606 1275 1677 τὴν
1310 1608 1501 1659 ἀκτῖνα
1533 1607 1875 1677 δεχομένους,
1895 1607 2082 1679 ῶσπερ
2119 1627 2195 1662 τι-

613 1689 709 1750 νάς
748 1691 1066 1762 ἀνδριάντας
1107 1690 1343 1762 χαλκοῦς
1378 1691 1471 1744 καὶ
1502 1691 1636 1761 ἡλίῳ
1677 1692 1770 1744 καὶ
1801 1693 2065 1764 κονιορτῷ
2100 1695 2195 1746 καὶ

610 1776 790 1840 πνίγει
823 1776 1186 1844 μαχομένους,
1208 1775 1293 1826 ἵνα
1311 1775 1409 1845 τὴν
1429 1774 1667 1827 τοσαῦτα
1696 1775 2192 1847 ταλαιπωρήσασαν

608 1856 847 1926 κεφαλὴν
889 1857 1107 1926 φύλλοις
1142 1858 1348 1928 δάφνης
1387 1857 1797 1928 ἀναδήσωνται;
1843 1859 2001 1930 Ὑμῖν
2035 1859 2090 1912 δέ
2131 1861 2192 1914 ού

608 1941 866 2008 στέφανος
910 1942 1147 2013 δάφνης,
1193 1943 1328 1995 ἀλλά
1374 1941 1636 2011 στέφανος
1676 1941 2021 2014 δικαιοσύνης
2062 1947 2195 2016 πρύ-

608 2041 785 2076 κειται
828 2025 928 2094 τῆς
970 2026 1286 2096 ἀκροάσεως
1313 2027 1340 2077 6
1374 2025 1583 2095 μισθὸς,
1618 2025 1712 2078 καὶ
1745 2025 1864 2078 οὑδὲ
1898 2027 2057 2096 μέχρι
2101 2044 2189 2095 με·

607 2107 884 2178 σημϐρίας
938 2108 1112 2180 μέσης
1164 2110 1307 2179 ὑμᾶς
1354 2109 1677 2179 κατέχομεν,
1727 2108 1842 2162 ἁλλ’
1883 2110 1976 2164 ἀπ’
2013 2111 2191 2164 αὑτῶν

602 2193 710 2243 τῶν
739 2192 1038 2263 προοιμίων
1062 2193 1160 2264 τῆς
1184 2193 1455 2264 ὑμετέρας
1476 2194 1636 2246 ἕνεκα
1663 2193 1955 2265 ὀλιγωρίας
1983 2195 2193 2263 διαφίε-

607 2293 734 2344 μεν,
780 2275 858 2328 ἐτι
897 2277 990 2329 τοῦ
1027 2279 1189 2348 ἀέρος
1227 2277 1380 2347 ὄντος
1429 2278 1807 2349 ψυχροτέρου,
1857 2279 1951 2331 καὶ
1987 2280 2047 2331 οὑ
2077 2279 2192 2333 δια-

603 2359 1032 2430 θερμαινομένου
1086 2364 1207 2424 ταῖς
1257 2361 1362 2413 ἀπὸ
1405 2360 1511 2414 τῶν
1559 2363 1794 2414 ἀκτίνων
1853 2361 2074 2431 βολαῖς,
2128 2362 2188 2415 ού

602 2445 785 2510 γυμνῇ
816 2446 880 2512 τῇ
921 2444 1132 2513 κεφαλῇ
1169 2443 1485 2507 κελεύοντες
1517 2445 1662 2513 ὑμᾶς
1689 2444 1786 2514 τὴν
1817 2445 2010 2498 ἀκτῖνα
2044 2445 2192 2516 δέχεο

605 2523 750 2585 σθαι,
773 2523 887 2576 ἀλλ’
921 2527 1028 2577 ὑπὸ
1056 2526 1143 2578 τὸν
1171 2526 1484 2597 θαυμαστὸν
1508 2526 1702 2580 ’τοῦτον
1731 2528 1937 2598 ἄγομεν
1971 2528 2187 2600 ὄροφον,

605 2606 698 2658 καί
722 2607 821 2677 τὴν
844 2607 951 2659 ἀπὸ
967 2611 1064 2674 τῆς
1086 2609 1281 2680 στέγης
1302 2609 1619 2679 παρέχομεν
1651 2610 2004 2682 παραμυθίαν
2027 2613 2190 2665 παντὶ

603 2690 792 2761 τρόπῳ
834 2691 1175 2755 ἐπινοοῦντες
1206 2694 1333 2762 ὑμῖν
1373 2693 1578 2758 ἄνεσιν,
1613 2693 1751 2746 ὥστε
1801 2695 2052 2763 γενέσθαι
2081 2698 2189 2751 τῶν

603 2773 911 2845 λεγομένων
943 2775 1168 2847 μόνιμον
1208 2778 1308 2847 τὴν
1344 2777 1626 2848 ἀκρόασιν.
1675 2777 1766 2848 Μὴ
1805 2778 1866 2848 δὴ
1904 2779 2188 2850 γενώμεθα

609 2857 985 2930 μαλακώτεροι
1023 2859 1132 2913 τῶν
1161 2861 1388 2913 παιδίων
1415 2859 1523 2914 τῶν
1561 2862 1847 2934 ἡμετέρων
1869 2862 1975 2915 τῶν
2003 2865 2082 2928 είς
2110 2865 2188 2918 δι-

603 2942 898 2996 δασκαλεῖα
948 2942 1306 3013 βαδιζόντων·
1343 2947 1528 2998 ἐκεῖνα
1569 2945 1673 3014 πρὸ
1706 2945 1807 3016 τῆς
1839 2949 2188 3018 μεσημϐρίας

601 3027 662 3076 οὗ
688 3026 858 3098 τολμᾷ
883 3027 1237 3099 ἀναχωρῆσαι
1260 3029 1466 3091 οἴκαδε,
1498 3028 1613 3081 ἀλλ’
1645 3029 1769 3100 ἄρτι
1799 3028 1892 3082 τοῦ
1917 3032 2187 3099 γάλακτος

604 3109 1049 3173 ἀποσπασθέντα,
1084 3111 1208 3182 ἄρτι
1251 3111 1349 3183 τῆς
1385 3111 1555 3182 θηλῆς
1594 3113 1928 3178 ἀποστάντα,
1975 3115 2188 3169 οὐδέπω

603 3192 721 3244 οὑδέ
753 3193 918 3246 πέντε
945 3194 1081 3246 ἐτῶν
1111 3195 1325 3265 ἡλικίαν
1357 3196 1576 3263 ἄγοντα.
1601 3197 1658 3248 ἐν
1677 3195 1854 3267 νεαρῴ
1877 3196 1971 3249 καὶ
1993 3198 2186 3271 ἁπαλῷ

610 3274 823 3345 σώματι
855 3279 1035 3331 πᾶσαν
1061 3277 1359 3348 καρτερίαν
1396 3278 1798 3331 ἐπιδείκνυται·
1837 3280 1940 3333 κᾶν
1973 3284 2181 3350 πνῖγος,

603 3358 705 3411 κᾶν
744 3358 916 3428 δίψος,
949 3359 1053 3413 κᾶν
1082 3360 1211 3414 ἄλλο
1237 3359 1413 3416 ὀτιοῦν
1448 3362 1777 3434 παρενοχλῇ,
1806 3363 1942 3434 πρὸς
1969 3383 2185 3436 μεσημ-

605 3443 767 3513 ϐρίαν
802 3442 973 3514 μέσην
1000 3443 1370 3516 διακαρτερεῖ,
1419 3446 1511 3499 καὶ
1561 3446 1987 3518 ταλαιπωρεῖται
2021 3451 2078 3505 ἐν
2106 3449 2185 3520 τῷ

599 3525 955 3598 διδασκαλείῳ
999 3527 1304 3598 καθήμενα.
1349 3529 1410 3581 EE
1463 3529 1556 3583 καὶ
1600 3529 1802 3600 μηδένα
1847 3527 1940 3587 οὖν
1975 3532 2180 3604 ἕτερον,

601 3611 782 3662 ὲκείνα
819 3610 1190 3682 μιμησώμεθα
1232 3611 1299 3665 τά
1339 3612 1528 3666 παιδία
1583 3615 1743 3683 ἡμεῖς
1789 3617 1836 3667 οἱ
1889 3615 2082 3683 ἄνδρες
2134 3619 2182 3670 οἱ

602 3691 905 3758 φθάσαντες
951 3696 1030 3758 είς
1083 3694 1280 3766 μέτρον
1310 3695 1546 3766 ἡλικίας.
1580 3697 1643 3749 EE
1684 3697 1793 3768 γάρ
1831 3700 1956 3761 τοὺς
1994 3699 2183 3767 λόγους

600 3777 724 3840 τοὺς
766 3778 893 3848 περὶ
928 3778 1131 3850 ἀρετῆς
1183 3779 1256 3851 μὴ
1290 3780 1598 3851 ἀνεχόμεθα
1639 3782 1879 3848 ἀκούειν,
1932 3784 2014 3847 τίς
2052 3787 2183 3857 ἡμῖν

606 3859 890 3914 πιστεῦσαι
917 3863 1226 3935 δυνήσεται,
1258 3865 1336 3917 ὅτι
1370 3867 1495 3927 τοὺς
1520 3865 1716 3929 πόνους
1745 3867 1870 3929 τοὺς
1895 3867 2033 3938 ὑπὲρ
2080 3869 2178 3939 τῆς

599 3945 802 4015 ἀρετῆς
851 3946 1266 4018 ὑπομενοῦμεν;
1319 3951 1367 4001 εἰ
1417 3949 1553 4019 πρὸς
1599 3949 1698 4020 τὴν
1742 3950 2002 4022 ἀκρόασιν
2041 3952 2182 4006 οὑτω

600 4029 894 4096 βάναυσοι,
928 4031 1089 4084 πόθεν
1115 4031 1295 4101 δῆλον,
1333 4032 1418 4083 ’ὅτι
1463 4032 1598 4100 πρὸς
1642 4032 1738 4101 τὴν
1771 4034 1972 4101 πρᾶξίν
2013 4037 2182 4106 ἐσμεν

598 4112 1047 4182 διεγηγερμένοι;
1091 4116 1137 4166 εί
1168 4114 1228 4165 16
1257 4113 1627 4182 εὐκολώτερον
1653 4115 2176 4187 παραπεμψώμεθα,

599 4194 716 4254 πῶς
746 4195 806 4245 16
833 4194 1232 4265 δυσκολώτερον
1261 4196 1516 4265 οἴσομεν;
1553 4195 1714 4248 Ἀλλά
1741 4199 1907 4271 πολλὴ
1939 4202 1970 4270 ὴ
2001 4218 2180 4256 στενο-

599 4277 797 4346 χωρία,
833 4276 1002 4348 πολλὴ
1032 4279 1065 4348 ἡ
1099 4278 1208 4347 βία.
1256 4279 1394 4331 Ἀλλ’
1432 4279 1662 4333 ἄκουσον
1700 4281 1778 4334 ὅτι
1818 4283 2032 4352 βιασταὶ¹
2079 4288 2179 4358 ἀρ-

600 4357 833 4422 πάζουσι
865 4359 964 4430 τὴν
993 4361 1268 4430 βασιλείαν
1300 4359 1410 4416 τῶν
1461 4363 1734 4434 οὐρανῶν,
1771 4367 1853 4419 δτι
1886 4367 2041 4439 στενὴ
2084 4357 2178 4423 καὶ

598 4441 931 4513 τεθλιμμένη
957 4447 988 4516 ὴ
1016 4444 1131 4509 ὁδὸς
1161 4447 1194 4516 ἡ
1227 4447 1517 4515 ἀπάγουσα
1565 4448 1644 4510 εἰς
1685 4449 1781 4520 τὴν
1816 4449 1980 4520 ζωήν.
2025 4451 2178 4507 Ἐπεὶ

597 4521 689 4578 οὖν
720 4526 908 4597 στενὴν
941 4528 1417 4601 καὶτεθλιμμένην
1440 4529 1557 4583 ὁδὸν
1582 4530 1893 4602 βαδίζομεν,
1926 4534 2008 4587 δεῖ
2029 4536 2174 4605 ἡμᾶς

599 4610 692 4662 καὶ
729 4611 956 4673 ἑαυτοὺς
992 4615 1340 4684 στενοχωρεῖν
1375 4614 1469 4666 καὶ
1491 4612 1717 4678 θλίϐειν,
1743 4616 1829 4669 ἵνα
1858 4617 2176 4690 δυνηθῶμεν

596 4691 867 4746 διοδεῦσαι
901 4696 1000 4765 την
1044 4695 1234 4766 στενὴν
1269 4697 1361 4751 καὶ
1400 4695 1768 4767 τεθλιμμένην
1802 4699 1937 4752 ὁδόν.
1983 4701 2040 4751 '0
2069 4701 2175 4770 γάρ

597 4775 952 4846 ἐμπλατύνων
997 4780 1206 4844 ἐαυτὸν,
1256 4782 1356 4834 οὑκ
1393 4781 1458 4834 ἂν
1483 4779 1624 4834 οὕτω
1664 4781 1862 4852 ῥᾳδίως
1892 4781 1988 4853 τὴν
2026 4784 2176 4836 ἐστε-

594 4860 843 4932 νωμένην
884 4862 1002 4916 όδδν
1045 4862 1365 4935 διαδράμοι,
1403 4863 1516 4917 ἀλλ’
1549 4866 1576 4917 6
1610 4865 1866 4934 συνέχων,
1921 4867 2014 4919 καὶ
2064 4866 2175 4920 θλί-

593 4946 723 5014 ϐων,
755 4947 849 5000 καὶ
879 4948 1101 5012 πιέζων.
1816 4943 1818 4948 Υ

668 5075 734 5145 β’.
762 5077 896 5130 Οὑδέ
920 5077 1026 5149 γὰρ
1051 5078 1305 5150 περὶτῶν
1332 5079 1600 5148 τυχόντων
1623 5077 1770 5130 ἐστὶν
1796 5078 1927 5148 ἡμῖν
1952 5079 1984 5148 ἡ
2014 5078 2176 5150 ζήτη-

595 5177 679 5222 σις
701 5151 959 5232 τήμερον,
987 5162 1100 5215 ἀλλ’
1123 5162 1264 5233 ὑπὲρ
1296 5162 1610 5232 ζητήματος
1633 5160 1732 5229 τὴν
1754 5161 1930 5231 ἀρχὴν
1955 5159 2053 5231 μὲν
2076 5161 2174 5214 λα-

591 5244 782 5306 ϐόντος
819 5245 963 5314 χθὲς,
989 5247 1088 5314 τὴν
1117 5245 1172 5297 δὲ
1215 5245 1368 5298 λύσιν
1393 5245 1467 5315 μὴ
1503 5244 1760 5307 λαϐόντος
1795 5245 1884 5297 διὰ
1907 5244 1967 5296 16
2005 5244 2172 5298 πολλά

592 5329 844 5397 γενέσθαι
883 5330 950 5382 τὰ
986 5329 1380 5400 προϐληθέντα.
1430 5327 1494 5380 Τί
1538 5328 1603 5398 δὴ
1658 5327 1813 5381 τοῦτό
1846 5329 1991 5391 ἐστι;
2038 5329 2174 5400 Περὶ

590 5413 692 5481 τῆς
720 5412 829 5466 τῶν
851 5412 1130 5484 ὀνομάτων
1159 5411 1362 5476 θέσεως
1385 5410 1708 5482 ἐζητοῦμεν,
1740 5412 1882 5482 άπερ
1935 5410 2171 5480 ἐπέθηκε

591 5499 702 5558 τοῖς
725 5495 902 5564 ἁγίοις
927 5499 956 5549 ὁ
985 5495 1135 5560 Θεός.
1168 5494 1337 5548 Τοῦτο
1359 5495 1413 5548 δὲ
1439 5494 1500 5546 τὸ
1523 5496 1756 5565 πρᾶγμα
1783 5494 1931 5547 δοκεῖ
1953 5493 2052 5562 μὲν
2085 5494 2174 5563 ψι-

591 5579 680 5631 λὸν
706 5576 868 5640 εἶναι,
900 5582 953 5632 εἴ
986 5597 1070 5644 τις
1109 5580 1362 5633 ἀκούσειε
1385 5597 1398 5609 ·
1438 5580 1606 5633 πολὺν
1631 5578 1688 5631 δὲ
1718 5577 1830 5648 ἔχει
1874 5576 2168 5648 θησαυρὸν,

593 5663 644 5716 εί
667 5680 748 5724 τις
786 5663 922 5732 μετά
946 5663 1229 5733 ἀκριϐείας
1260 5664 1537 5735 προσέχοι.
1567 5663 1678 5717 Καὶ
1705 5662 1814 5733 γὰρ
1839 5663 1936 5730 τὴν
1977 5663 2170 5731 χρυσῖ-

592 5763 675 5799 τιν
709 5745 811 5814 γῆν
843 5745 937 5814 τὴν
969 5747 1024 5796 ἐν
1057 5748 1170 5808 τοῖς
1205 5747 1486 5816 μετάλλοις
1525 5746 1782 5814 κειμένην
1800 5747 1856 5796 οἱ
1889 5743 1986 5812 μὲν
2013 5744 2170 5797 ἄπει-

595 5846 679 5899 ροι
710 5828 800 5882 καὶ
845 5826 1027 5890 ἁπλῶς
1057 5828 1288 5897 δρῶντες
1334 5830 1436 5897 γῆν
1484 5827 1796 5898 νομίζουσιν
1829 5821 1964 5880 εἶναι
2009 5825 2169 5896 μόνον

1329 412 1383 470 S.
1423 410 1704 472 JOANNIS
1747 412 2235 476 CHRYS'OSTOMI
2279 419 2596 476 ARCIIIEP.
2636 413 3186 473 CONSTANTINOP.

3816 414 3935 469 '26

2303 519 2483 590 ψιλὴν,
2531 521 2624 575 καὶ
2662 523 2815 576 οὐδὲν
2847 523 3007 577 πλέον
3042 523 3186 593 ἔχειν
3219 523 3317 592 τῆς
3345 522 3539 595 ’ἐτέρας
3562 542 3576 556 ο
3601 528 3648 578 οἱ
3687 527 3748 580 δὲ
3788 534 3925 596 τοῖς

2300 613 2600 684 ὀφθαλμοῖς
2620 616 2717 686 τῆς
2739 615 2933 685 τέχνης
2963 615 3473 686 καταμανθάνοντες
3498 617 3644 669 ἴσασι
3668 619 3773 689 τῆς
3802 621 3929 689 γῆς

2299 705 2506 775 ταύτης
2526 705 2626 776 τὴν
2653 706 2957 774 εὐγένειαν,
2977 708 3070 759 καὶ
3093 706 3171 776 τῷ
3198 707 3331 778 πυρὶ
3358 708 3699 778 παραδόντες
3728 711 3921 783 αὐτῆς

2300 794 2398 864 τὴν
2433 796 2688 865 βάσανον,
2713 797 2931 850 ἃπασαν
2955 798 3124 866 αὑτῆς
3156 798 3554 852 ἐκκαλύπτουσι
3596 800 3699 871 τὴν
3729 803 3922 873 ὑπερ·

2300 887 2451 957 οχήν.
2482 887 2637 940 Οῦτω
2681 888 2745 959 δὴ
2779 889 2873 941 καὶ
2913 889 3005 941 ἐπὶ
3050 889 3159 942 τῶν
3193 889 3351 943 θείων
3393 891 3656 961 Γραφῶν,
3689 893 3743 944 οἱ
3805 892 3918 962 μὲν

2301 981 2486 1045 ἁπλῶς
2530 979 2678 1052 [H0]
2723 981 3191 1048 ἀναγινώσκοντες
3222 981 3288 1034 τά
3333 983 3914 1056 γράμματα,“γράμ-

2300 1089 2446 1144 ματα
2468 1071 2607 1126 εἶναι
2628 1073 2912 1143 νομίζουσι
2939 1073 3070 1142 ψιλά
3099 1075 3193 1128 καὶ
3221 1074 3329 1127 τῶν
3359 1074 3534 1128 ἄλλων
3557 1077 3725 1129 πλέον
3747 1078 3912 1146 ἐχειν

2297 1165 2448 1218 οὐδέν
2469 1182 2482 1196 ·
2515 1167 2564 1217 οί
2599 1165 2654 1218 δέ
2683 1168 2795 1228 τοῖς
2823 1165 2921 1233 τῆς
2955 1167 3192 1230 πίστεως
3222 1165 3519 1238 ὀφθαλμοῖς
3549 1168 3692 1222 αύτά
3721 1188 3910 1223 κατα-

2302 1255 2686 1325 μανθάνοντες,
2719 1254 2970 1327 καθάπερ
3005 1259 3204 1310 ἐκεῖνοι
3232 1260 3342 1320 τοῖς
3366 1257 3464 1327 τῆς
3493 1259 3696 1330 τέχνης
3720 1260 3903 1331 ὀργᾶ-

2298 1364 2429 1410 νοις,
2477 1347 2611 1418 πυρὶ
2650 1346 2746 1400 τοῦ
2778 1349 3097 1418 Πνεύματος
3140 1349 3527 1419 παραδιδόντες
3568 1349 3754 1402 αὑτῶν
3794 1351 3907 1422 τὴν

2300 1439 2564 1504 ἐξέτασιν,
2598 1440 2812 1493 ἅπαντα
2839 1440 2929 1492 τὸν
2963 1441 3166 1510 χρυσὸν
3195 1442 3374 1495 αὑτῶν
3406 1442 3624 1512 δψονται
3662 1445 3898 1514 ῥᾳδίως.

2299 1529 2471 1583 Πόθεν
2498 1526 2588 1583 οὖν
2618 1533 2650 1601 ἡ
2693 1531 2833 1601 ἀρχὴ
2872 1532 2970 1602 τῆς
2997 1532 3280 1602 ζητήσεως
3301 1533 3561 1601 γέγονεν;
3604 1536 3743 1586 Οὐδὲ
3780 1537 3903 1606 γὰρ

2299 1620 2484 1684 ἁπλῶς
2517 1623 2854 1692 ἐνεπέσαμεν
2889 1626 2967 1686 εἰς
2996 1624 3094 1694 τὴν
3124 1627 3508 1697 πραγματείαν
3534 1627 3765 1697 ταύτην,
3806 1627 3900 1679 ἵνα

2300 1713 2372 1781 μή
2404 1729 2487 1774 τις
2518 1711 2678 1782 ἡμῶν
2713 1713 2970 1784 ἀκαιρίαν
3009 1713 3426 1786 καταγινώσκῃ·
3458 1716 3574 1768 ἀλλ’
3599 1718 3896 1788 ἐπεθυμή-

2298 1820 2472 1872 σαμεν
2495 1805 2670 1856 εἰπεῖν
2698 1804 2766 1857 τά
2795 1805 3008 1857 Παύλου
3043 1805 3469 1878 κατορθώματα,
3492 1809 3895 1880 τῶνΠράξεων

2295 1896 2401 1948 τῶν
2455 1897 2833 1951 άποστολικῶν
2892 1899 3021 1968 ὑμῖν
3081 1900 3688 1970 ὑπαναγινωσκομένων
3718 1942 3732 1964 ,
3797 1905 3894 1954 καὶ

2295 1988 2551 2059 ἡψάμεθα
2577 1989 2671 2042 τοῦ
2698 1991 2985 2061 προοιμίου
3013 1991 3111 2062 τῆς
3135 1992 3376 2063 ἱστορίας
3398 2009 3410 2022 ’
3430 1993 3682 2064 ηῦραμεν
3708 1994 3763 2047 δέ
3789 1994 3893 2063 τὴν

2294 2079 2467 2150 ἀρχὴν
2511 2078 2602 2132 τοῦ
2651 2081 2989 2151 διηγήματος
3030 2081 3202 2144 οὕτως
3249 2082 3513 2151 ἔχουσαν·
3548 2083 3795 2146 Σαῦλιῖς
3822 2082 3892 2135 δὲ

2293 2170 2379 2222 ἔτι
2423 2169 2698 2237 ἐμπνέων
2738 2170 2994 2239 ἀπειλῆς
3029 2173 3124 2224 καὶ
3172 2174 3362 2240 φόνου
3396 2176 3483 2238 εἰς
3523 2173 3666 2238 τοὺς
3699 2177 3891 2242 μαθη-

2294 2260 2400 2328 τὰς
2429 2261 2534 2316 τοῦ
2564 2265 2806 2331 Κυρίου.
2829 2265 3045 2329 Εὐθέως
3074 2267 3217 2337 ὑμᾶς
3241 2267 3552 2338 διετάραξεν
3583 2270 3616 2338 ἡ
3642 2267 3740 2320 τοῦ
3766 2269 3885 2320 ὀνύ-

2296 2371 2465 2425 ματος
2509 2356 2776 2427 ἐναλλαγή
2793 2374 2808 2389 °
2855 2358 3179 2429 εὑρίσκομεν
3205 2358 3309 2428 γάρ
3329 2359 3386 2411 ἐν
3401 2359 3884 2423 ταῖςἘπιστολαῖς

2292 2448 2565 2511 άπάσαις,
2604 2450 2698 2502 καὶ
2734 2451 2792 2500 ἐν
2830 2453 2945 2512 τοῖς
2976 2450 3282 2521 προοιμίοις
3315 2450 3543 2513 ἐκείνοις
3577 2452 3640 2503 οὑ
3672 2450 3882 2503 Σαῦλον

2292 2538 2477 2599 αὑτὸν,
2519 2539 2653 2592 ἀλλά
2700 2539 2912 2593 Παῦλον
2942 2540 3296 2612 καλούμενον,
3331 2540 3611 2594 καὶτοῦτο
3639 2542 3743 2595 οὑκ
3786 2541 3885 2594 ἐπὶ

2291 2631 2482 2684 τούτου
2533 2633 2720 2703 μόνου,
2752 2632 2887 2685 ἀλλά
2917 2634 3011 2686 καὶ
3040 2633 3133 2686 ἐπὶ
3187 2633 3394 2685 πολλῶν
3431 2634 3633 2705 ἐτέρων
3658 2635 3882 2704 γινόμε-

2290 2741 2397 2778 νον.
2437 2726 2546 2779 Καὶ
2577 2725 2684 2796 γὰρ
2728 2724 2822 2777 καὶ
2850 2727 2876 2777 6
2911 2725 3115 2795 Πέτρος
3150 2725 3332 2795 Σίμων
3357 2724 3576 2793 ἐλέγετο
3617 2727 3726 2797 πρὸ
3755 2727 3882 2779 τού-

2289 2833 2383 2870 του
2407 2859 2420 2880 ,
2451 2818 2544 2870 καὶ
2570 2818 2637 2871 τά
2676 2817 2842 2870 τέκνα
2877 2817 3159 2870 Ζεϐεδαίου
3200 2817 3451 2881 ’Ἰάκωϐος
3490 2820 3586 2871 καὶ
3623 2819 3881 2887 Ἰωάννης

2291 2909 2411 2962 Υἱοὶ
2463 2909 2691 2980 βροντῆς
2731 2910 3236 2982 μετωνομάσθησαν
3274 2910 3523 2982 ὕστερον,
3569 2911 3666 2964 καὶ
3712 2913 3770 2964 ἐν
3811 2917 3876 2980 τῇ

2291 3001 2505 3072 Παλαιᾷ
2532 3001 2588 3053 δὲ
2616 3001 2676 3052 16
2715 3001 2834 3063 ἔθος
2865 3001 2995 3054 αὐτὸ
3027 3000 3183 3054 τοῦτο
3235 3002 3333 3054 ἴδοι
3370 3019 3454 3064 τις
3479 3003 3544 3056 ἂν
3593 3004 3682 3054 ἐπ’
3720 3003 3877 3056 ἐνίων

2289 3093 2572 3164 κρατῆσαν
2593 3109 2606 3122 ο
2634 3093 2728 3144 καὶ
2757 3090 2865 3161 γάρ
2893 3092 2920 3145 6
2958 3091 3208 3162 ’Λϐραάμ
3233 3091 3497 3162 πρότερον
3537 3091 3754 3163 ’Λϐράμ
3783 3093 3874 3145 λε-

2289 3183 2517 3253 γόμενος
2549 3183 2688 3252 μετά
2730 3181 2906 3236 ταῦτα
2962 3182 3214 3252 Ἀϐραὰμ
3247 3181 3513 3248 ἐκαλεῖτο,
3561 3182 3655 3234 καὶ
3690 3183 3874 3256 Σάρρα

2289 3277 2395 3347 πρὸ
2439 3277 2628 3330 τούτου
2668 3275 2838 3348 Σάρα,
2885 3275 3022 3347 μετά
3047 3275 3104 3328 δὲ
3135 3275 3304 3328 ταῦτα
3333 3277 3518 3346 Σάρρα
3551 3275 3872 3347 ὠνομάσθη,

2289 3369 2382 3420 καὶ
2410 3369 2438 3419 6
2480 3367 2672 3422 Ἰακὼϐ
2699 3369 2754 3421 δὲ
2781 3367 2919 3439 μετά
2950 3369 3122 3420 ταῦτα
3163 3367 3379 3438 Ἰσραὴλ
3405 3369 3871 3439 προσηγορεύετο·

2287 3464 2487 3520 ἄτοπον
2521 3461 2613 3518 οῦν
2645 3463 2822 3528 ἔδοξεν
2842 3465 2975 3534 ἡμῖν
3007 3461 3143 3515 εἶναι
3173 3461 3428 3515 τοσοῦτον
3463 3463 3747 3533 ὀνομάτων
3779 3464 3872 3535 θη-

2289 3559 2488 3630 σαυρὸν
2518 3557 2900 3629 παραδραμεῖν
2945 3554 3152 3617 ἁπλῶς.
3191 3552 3362 3606 Τοῦτο
3406 3553 3464 3606 δὲ
3511 3555 3606 3606 καὶ
3647 3555 3740 3607 ἐπὶ
3770 3556 3871 3625 ἀρ-

2285 3653 2488 3722 χόντων
2518 3651 2623 3703 τῶν
2667 3649 2865 3714 ἔξωθεν
2893 3647 3189 3718 συμϐαῖνον
3217 3646 3369 3716 εὖροι
3397 3663 3478 3708 τις
3504 3647 3572 3701 ἀν
3595 3665 3605 3676 ·
3635 3648 3731 3699 καὶ
3762 3648 3872 3717 γάρ

2287 3743 2378 3796 καὶ
2411 3742 2642 3804 ἐκείνοις
2690 3738 2910 3802 διπλοῦς
2938 3740 2966 3790 6
2999 3737 3388 3809 χρηματισμὸς
3420 3737 3528 3789 τῶν
3563 3737 3866 3806 ὀνομάτων.

2285 3836 2427 3904 Ὅρα
2469 3834 2525 3887 δέ
2548 3852 2560 3864 ·
2599 3831 2910 3896 Διεδέξατο
2933 3869 2948 3896 ,
2995 3830 3162 3900 φησὶ,
3202 3829 3309 3882 τὸν
3341 3828 3577 3897 Φήλικα
3617 3831 3870 3898 Πόρτιος

2283 3926 2551 3996 Φῆστος·
2585 3927 2680 3980 καὶ
2712 3925 2871 3987 πάλιν
2892 3963 2905 3989 ,
2942 3922 3149 3991 Συνῆν
3175 3939 3266 3987 τις
3291 3919 3370 3986 τῷ
3402 3919 3725 3984 ἀνθυπάτῳ
3762 3938 3867 3972 κα-

2281 4020 2560 4088 λουμένῳ
2584 4017 2805 4087 Σεργίῳ
2833 4016 3053 4081 Παύλῳ
3072 4032 3084 4044 ·
3116 4014 3209 4066 καὶ
3238 4013 3267 4064 6
3293 4011 3384 4064 16v
3407 4011 3646 4082 Χριστὸν
3675 4010 3865 4074 ἐκδοὺς

2281 4115 2393 4175 τοῖς
2428 4110 2704 4172 Ἰουδαίοις
2744 4107 2967 4170 Πόντιος
3002 4105 3231 4168 Πιλάτος
3255 4104 3493 4173 ἐλέγετο.
3523 4105 3598 4157 Ού
3620 4107 3732 4168 τοῖς
3765 4103 3864 4174 ἀρο

2281 4221 2433 4275 χουσι
2473 4202 2528 4255 δὲ
2574 4201 2754 4274 μόνον,
2777 4198 2915 4254 ἀλλά
2948 4199 3042 4252 καὶ
3071 4200 3182 4261 τοῖς
3210 4195 3570 4269 στρατιώταις
3603 4196 3860 4256 πολλάκις

2278 4297 2442 4350 διπλᾶ
2473 4296 2541 4349 τά
2580 4293 2840 4363 ὀνόματα,
2892 4292 3120 4352 καὶτοῖς
3154 4288 3244 4341 16v
3283 4288 3553 4341 ἰδιωτικὸν
3581 4288 3850 4361 ἀνῃρημέ-

2278 4405 2389 4450 νοις
2421 4387 2536 4458 βίον
2571 4385 2678 4439 ἀπὸ
2704 4382 2880 4445 αἰτίας
2924 4381 3068 4441 τινὸς
3113 4382 3205 4432 καὶ
3237 4379 3541 4442 ὑποθέσεως
3571 4379 3733 4448 διπλῆ
3764 4379 3859 4446 γέ-

2277 4499 2433 4552 γονεν
2465 4483 2498 4552 ἡ
2533 4476 2894 4552 προσηγορία.
2941 4475 3082 4527 Ἀλλ’
3122 4473 3262 4545 ὑπὲρ
3299 4473 3396 4544 μὲν
3439 4473 3665 4526 ἐκείνων
3708 4475 3858 4528 οὐδὲν

2279 4581 2411 4650 ἡμῖν
2445 4577 2637 4645 ὗφελος
2665 4573 2849 4643 ζητεῖν
2875 4571 3039 4624 πόθεν
3069 4569 3245 4632 οὕτως
3272 4568 3584 4639 ἐκλήθησαν
3606 4587 3619 4602 ·
3650 4570 3777 4623 ὅταν
3800 4571 3856 4624 δὲ

2277 4675 2304 4725 ὁ
2337 4671 2470 4734 Θεὸς
2492 4666 2769 4739 ὀνομάζῃ,
2813 4667 2994 4718 πᾶσαν
3031 4662 3435 4716 ἐπιδείκνυσθαι
3476 4663 3712 4735 σπουδὴν
3748 4666 3853 4736 χρὴ

2276 4766 2352 4830 ὡς
2379 4766 2561 4836 εὑρεῖν
2591 4761 2688 4834 τὴν
2725 4759 2922 4814 αἰτίαν.

2347 4879 2513 4934 Οὑδέν
2541 4877 2649 4948 γάρ
2674 4873 2856 4937 ἁπλῶς
2884 4870 3005 4925 οὔτε
3031 4870 3155 4941 εἱκῆ
3181 4871 3303 4924 οὔτε
3330 4872 3505 4924 ποιεῖν
3531 4868 3654 4924 οὔτε
3680 4871 3854 4939 λέγειν

2274 4973 2303 5024 6
2335 4971 2466 5034 Θεὸς
2500 4967 2690 5022 εἴωθεν
2712 5009 2726 5030 ,
2767 4964 2880 5018 ἀλλ’
2915 4964 3148 5016 ἕκαστον
3182 4964 3320 5034 μετά
3349 4963 3450 5033 τῆς
3483 4963 3634 5034 αύτῷ
3686 4981 3854 5035 προσ-

2272 5063 2514 5136 ηκούσης
2559 5061 2767 5131 σοφίας.
2801 5059 2867 5110 Τί
2902 5057 3097 5128 δήποτε
3123 5051 3215 5109 οῦν
3258 5055 3460 5118 Σαῦλος
3489 5055 3733 5124 ἐλέγετο,
3764 5057 3851 5110 ὅτε

2276 5158 2517 5220 ἐδίωκεν,
2553 5154 2646 5208 καὶ
2681 5151 2891 5213 Παῦλος
2939 5147 3366 5220 μετωνομάσθη,
3407 5149 3496 5202 ὅτε
3534 5150 3852 5216 ἐπίστευσε;

2274 5246 2432 5308 Τινές
2483 5260 2644 5312 φασιν
2691 5242 2772 5294 ὅτι
2826 5239 2989 5310 ἡνίκα
3036 5237 3134 5307 μὲν
3169 5235 3417 5307 ἐθορύϐει
3459 5237 3553 5289 καὶ
3590 5238 3850 5310 ἐτάραττε

2273 5338 2367 5392 καὶ
2403 5334 2653 5404 συνέχεεν
2682 5332 2895 5385 ᾶπαντα
2915 5371 2930 5395 ,
2961 5330 3055 5382 καὶ
3082 5327 3179 5399 τὴν
3227 5329 3554 5399 Ἐκκλησίαν
3603 5331 3848 5397 ἐσάλευε,

2275 5429 2473 5492 Σαῦλος
2512 5427 2744 5494 ἐλέγετο,
2773 5424 2840 5477 δι’
2871 5421 3001 5476 αὑτό
3031 5421 3190 5475 τοῦτο
3217 5421 3278 5476 16
3314 5421 3564 5476 σαλεύειν
3594 5423 3692 5494 τὴν
3731 5424 3850 5478 Ἐκ-

2272 5522 2524 5594 κλησίαν,
2569 5519 2676 5572 ἀπὸ
2712 5516 2805 5569 τοῦ
2850 5516 3173 5587 πράγματος
3213 5513 3391 5568 λαϐὼν
3436 5515 3536 5586 τὴν
3577 5533 3849 5588 προσηγο-

2275 5615 2395 5687 ρίαν
2417 5630 2430 5645 ο
2467 5609 2734 5681 ἐπειδὴδὲ
2764 5607 2974 5676 ἀπέστη
3007 5606 3106 5676 τῆς
3145 5605 3343 5676 μανίας
3372 5606 3588 5678 ἐκείνης
3622 5607 3714 5661 καὶ
3751 5608 3848 5679 τὴν

2272 5706 2514 5779 ταραχὴν
2542 5701 2793 5765 ἀπέθετο,
2823 5701 2916 5754 καὶ
2950 5698 3039 5752 τὸν
3064 5698 3297 5770 πόλεμον
3321 5699 3603 5767 κατέλυσε,
3633 5700 3726 5753 καὶ
3753 5700 3849 5755 τοῦ

2272 5800 2486 5856 διώκειν
2522 5794 2818 5862 ἐπαύσατο,
2853 5793 3013 5846 πάλιν
3041 5790 3250 5856 Παῦλος
3283 5791 3388 5845 ἀπὸ
3416 5791 3509 5846 τοῦ
3540 5789 3852 5850 παύσασθαι
