4060 6252
275 409 378 464 1Ξ³Ξὶ

262 557 504 598 mensam
536 557 818 613 apponant.
873 541 966 596 Vel
1021 540 1196 611 potius
1241 539 1292 593 id
1334 539 1475 608 agite
1500 579 1514 602 ,
1547 537 1686 608 quod
1717 551 1858 591 nunc

261 635 460 689 dicam.
509 635 614 690 Vos
642 635 729 706 qui
757 649 1044 703 numquam
1081 631 1283 701 expleri
1317 630 1538 700 potestis
1561 672 1576 694 ,
1609 629 1702 682 sed
1730 643 1858 682 esu-

263 727 383 780 ritis
408 727 688 796 justitiam,
717 741 780 780 ac
805 725 986 791 sititis,
1026 724 1368 794 prolixosque
1397 735 1672 777 sermones
1695 735 1856 789 expe-

263 820 372 872 titis
401 860 416 884 ,
458 827 676 888 propter
714 818 936 872 fratrum
969 826 1268 870 vestrorum
1314 813 1734 869 imbecillitatem
1754 811 1856 864 ali-

260 911 384 978 quid
410 912 566 966 sinite
603 911 671 966 de
715 921 968 965 consueta
1007 909 1272 964 sermonis
1315 923 1562 964 mensura
1601 907 1853 963 resecari.

262 1002 469 1056 Rursus
499 1017 600 1056 vos
627 1003 716 1071 qui
749 1003 1062 1056 brevitatem
1085 999 1339 1055 orationis
1364 999 1644 1066 adamatis,
1677 1005 1731 1054 et
1755 998 1856 1052 im-

267 1093 570 1146 becilliores
596 1093 745 1157 estis,
779 1093 944 1162 gratia
979 1091 1197 1148 fratrum
1227 1099 1546 1154 vestrorum,
1579 1090 1668 1160 qui
1694 1099 1854 1145 exsa-

260 1184 426 1236 turari
457 1199 560 1238 non
587 1191 826 1252 possunt,
848 1183 1085 1239 laborem
1108 1182 1356 1252 exiguum
1383 1181 1631 1244 tolerate,
1653 1188 1852 1235 vestra-

260 1287 366 1341 que
396 1273 622 1328 invicem
654 1289 815 1328 ouera
851 1283 1056 1342 portate
1077 1313 1093 1339 ,
1143 1282 1302 1342 atque
1331 1273 1402 1326 ita
1434 1271 1639 1326 Christi
1679 1271 1854 1340 legem

259 1364 548 1434 adimplete
583 1364 725 1436 (Gul.
767 1364 818 1420 6.
853 1363 932 1436 2).
986 1363 1175 1419 Nonne
1213 1364 1408 1418 videtis
1453 1363 1856 1434 Olympicorum

261 1455 508 1509 ludorum
561 1455 786 1509 athletas
841 1455 891 1508 in
944 1455 1120 1509 medio
1167 1463 1371 1509 stantes
1419 1453 1628 1508 theatro
1659 1453 1712 1508 in
1743 1454 1857 1524 ipso

261 1545 485 1602 meridie
517 1555 782 1615 tamquam
815 1545 866 1598 in
921 1545 1136 1598 fornace
1180 1545 1232 1598 in
1269 1543 1442 1598 stadio
1477 1558 1540 1598 ac
1568 1544 1710 1598 nudo
1733 1559 1854 1598 cor-

272 1643 406 1698 pore
431 1629 565 1684 solis
595 1631 780 1686 radios
808 1630 1142 1699 excipientes
1170 1630 1324 1699 quasi
1352 1637 1561 1685 statuas
1583 1628 1850 1698 quasdam

271 1735 462 1782 att-eas,
479 1727 533 1775 et
555 1737 677 1775 cum
710 1721 844 1784 sole,
869 1721 1110 1788 pulvere,
1139 1727 1382 1788 aestuque
1405 1735 1667 1790 pugnare,
1697 1725 1756 1770 ut
1777 1725 1856 1772 tot

271 1810 802 1866 aerumnisvexatum
827 1821 988 1880 caput
1017 1809 1155 1864 lauri
1187 1810 1330 1865 foliis
1353 1811 1668 1864 coronetur?
1687 1809 1852 1866 Vobis

273 1915 457 1957 autem
483 1917 590 1957 non
612 1903 794 1957 laurea
820 1918 1044 1966 corona,
1069 1905 1161 1958 sed
1179 1903 1407 1972 justiti-.13
1423 1917 1627 1957 corona
1651 1903 1705 1954 in
1725 1915 1858 1974 pra:-

274 1995 446 2049 mium
482 1994 779 2050 auditionis
817 2005 900 2050 cst
931 1996 1233 2064 proposita,
1288 2010 1466 2064 neque
1495 1995 1564 2050 ad
1613 1994 1854 2049 medium

273 2101 450 2156 usque
486 2087 762 2142 meridiem
797 2102 892 2140 vos
930 2087 1259 2152 detinemus,
1295 2088 1388 2141 sed
1435 2086 1501 2140 ab
1529 2087 1664 2158 ipsis
1717 2086 1856 2142 lucis

267 2177 513 2231 exordiis
541 2193 638 2232 vos
667 2179 995 2234 dimittimus
1033 2189 1253 2249 propter
1279 2186 1515 2234 vestram
1556 2177 1852 2249 ignaviam,

266 2269 394 2320 dum
437 2268 618 2323 adhuc
636 2283 727 2323 aer
745 2279 824 2324 est
844 2269 1092 2340 frigidus,
1113 2270 1417 2340 nequedum
1439 2271 1716 2325 radiorum
1734 2285 1854 2325 cre-

264 2357 382 2412 bris
405 2357 648 2425 jactihus
675 2361 1084 2414 concalefactus
1105 2379 1119 2427 ;
1139 2375 1248 2414 non
1271 2361 1450 2430 capite
1475 2359 1621 2415 nudo
1641 2377 1737 2416 vos
1760 2361 1852 2430 ju-

263 2450 456 2505 bemus
474 2451 606 2506 solis
625 2465 811 2506 aestum
827 2453 1098 2522 excipere,
1119 2453 1212 2507 sed
1234 2455 1335 2510 sub
1351 2454 1608 2510 eximium
1629 2455 1854 2524 laqucar

263 2543 411 2596 istud
438 2543 782 2606 deducimus,
809 2559 1015 2613 vosque
1049 2544 1176 2598 tecti
1207 2544 1404 2599 solatio
1430 2551 1484 2598 et
1504 2559 1851 2617 quocumque

265 2651 464 2703 genere
485 2635 850 2704 jucunditatis
874 2653 902 2690 a
929 2637 1088 2691 nobis
1108 2639 1413 2708 excogitato
1435 2651 1769 2698 recreamus,
1793 2645 1849 2690 ttt

263 2741 350 2790 ea,
376 2743 494 2798 quae
526 2729 672 2782 dicta
709 2726 934 2790 fuerint,
966 2727 1170 2782 diutius
1206 2735 1260 2782 et
1289 2727 1634 2784 constantius
1657 2728 1848 2782 audire

265 2820 510 2888 possitis.
537 2818 614 2875 Ne
637 2819 804 2890 igitur
834 2820 1079 2889 puerulis
1099 2819 1302 2873 nostris
1327 2820 1606 2873 molliores
1631 2818 1845 2884 fiamus,

261 2911 356 2978 qui
388 2911 608 2966 scholas
635 2909 988 2980 frequentant
1018 2928 1031 2963 :
1067 2910 1142 2963 illi
1175 2917 1302 2964 ante
1325 2909 1602 2964 meridiem
1627 2907 1847 2962 domum

263 3017 372 3056 non
393 3003 595 3058 audent
617 3003 814 3065 redire,
837 3002 929 3058 sed
962 3017 1067 3056 non
1089 3002 1159 3055 ita
1178 3002 1384 3071 pridem
1410 3015 1437 3052 a
1458 3001 1596 3055 lacte
1612 2999 1846 3070 depulsi,

259 3093 428 3164 paulo
456 3105 579 3148 ante
594 3095 770 3148 avulsi
799 3095 866 3147 ab
885 3093 1073 3157 ubere,
1093 3109 1216 3146 cum
1236 3091 1730 3160 nondumquinque
1751 3105 1849 3144 an-

263 3197 464 3235 norum
483 3191 692 3237 aetatem
713 3181 1319 3252 attigerint,injuvenili
1333 3195 1397 3234 ac
1412 3191 1602 3234 tenero
1618 3194 1848 3251 corpore

259 3275 614 3330 tolerantiam
647 3289 865 3330 onmem
899 3291 1011 3345 pra:
1032 3289 1092 3330 se
1122 3273 1302 3328 ferunt
1333 3293 1346 3328 :
1375 3273 1629 3343 quamvis
1655 3279 1842 3337 restas,

257 3369 514 3436 quamvis
542 3368 686 3432 sitis,
707 3367 960 3437 quatnvis
983 3365 1128 3420 aliud
1149 3365 1366 3436 quidvis
1386 3365 1687 3420 molestiam
1713 3363 1847 3418 alle-

257 3466 368 3522 rat,
409 3459 474 3514 ad
500 3459 738 3513 medium
773 3473 948 3528 usque
977 3457 1258 3511 meridiem
1290 3457 1344 3510 in
1370 3455 1556 3511 'schola
1591 3455 1846 3510 sedentes

256 3551 386 3604 tolet
403 3550 546 3604 ando
570 3566 631 3604 ac
655 3551 926 3622 patienter
949 3549 1172 3604 ferendo
1191 3556 1562 3618 perseverant.
1587 3545 1774 3616 itaque
1799 3545 1845 3599 si

255 3643 470 3696 nullum
503 3643 691 3704 alium,
721 3642 984 3712 puerulos
1016 3641 1143 3694 illos
1165 3639 1443 3694 imitctnur
1469 3655 1570 3692 nos
1601 3637 1723 3700 viri,
1752 3637 1844 3706 qui

250 3736 322 3788 ad
344 3737 551 3803 justam
573 3750 638 3788 ac
661 3734 956 3802 perfectam
981 3741 1194 3788 aetatem
1219 3733 1590 3803 pervenimus.
1617 3731 1674 3785 Si
1698 3731 1843 3786 enim

257 3825 548 3880 institutos
580 3825 647 3880 de
681 3825 888 3879 virtute
920 3839 1204 3884 sermones
1241 3824 1432 3879 audire
1467 3841 1575 3878 non
1604 3823 1844 3878 sustine-

253 3931 402 3979 mus,
425 3917 553 3984 quis
577 3915 740 3968 nohiu
757 3914 984 3969 credere
1013 3915 1214 3984 poterit
1235 3931 1337 3970 nos
1355 3915 1572 3969 labores
1591 3913 1846 3967 toleratu-

247 4023 344 4062 ros
367 4023 468 4077 pro
487 4007 685 4060 virtute
709 4005 1064 4061 subeundos?
1086 4006 1130 4061 si
1157 4004 1223 4058 ad
1251 4005 1579 4059 audiendum
1609 4003 1844 4060 illibera-

255 4100 339 4154 les
383 4101 522 4152 adeo
557 4098 732 4153 simus
765 4112 829 4152 ac
861 4096 1104 4161 sordidi,
1150 4097 1294 4151 unde
1328 4111 1428 4151 nos
1467 4096 1534 4150 ad
1567 4095 1835 4166 agendum

253 4193 620 4262 promptiores
643 4191 758 4246 fore
782 4192 1096 4250 constabit?
1115 4191 1158 4245 si
1178 4191 1321 4262 quod
1349 4191 1560 4247 facilius
1577 4197 1659 4246 est
1675 4189 1838 4245 omit-

257 4293 462 4346 tamus,
482 4283 760 4353 quomodo
781 4283 928 4353 quod
962 4283 1235 4340 diflicilius
1260 4293 1343 4339 est
1373 4281 1748 4354 perferemus?
1769 4283 1837 4336 At

249 4374 400 4428 enim
420 4375 601 4429 multa:
619 4382 746 4428 sunt
769 4373 870 4428 loci
894 4373 1183 4445 angustiae,
1200 4375 1369 4428 multa
1387 4370 1834 4436 violentia.Audi,

249 4479 408 4531 sane,
435 4465 578 4534 quod
604 4481 828 4536 regnum
853 4467 1116 4520 caelorum
1143 4467 1357 4536 rapiant
1377 4465 1594 4519 violenti
1617 4465 1833 4532 (Matth.

253 4555 342 4609 11.
371 4555 480 4621 12),
506 4556 653 4625 quod
686 4564 842 4611 arcta
875 4557 947 4612 sit
975 4565 1030 4611 et
1059 4565 1289 4626 angusta
1303 4557 1411 4620 via,
1445 4573 1565 4626 qua:
1595 4557 1747 4610 ducit
1771 4557 1838 4611 ad

249 4646 420 4700 vitam
445 4644 662 4715 (Matth.
684 4647 858 4719 7.14).
877 4647 1107 4714 Quando
1131 4649 1298 4716 igitur
1320 4664 1416 4720 per
1443 4657 1646 4702 arctam
1671 4656 1724 4702 et
1751 4663 1842 4703 τηις

251 4747 470 4808 gustant
496 4739 636 4791 viam
668 4739 999 4804 incedimus,
1023 4755 1123 4796 nos
1139 4741 1302 4796 etiam
1323 4749 1536 4808 oportet
1566 4755 1666 4794 nos
1691 4739 1838 4808 ipsos

249 4837 538 4884 coarctare
591 4837 645 4884 et
678 4832 1060 4900 comprimere,
1109 4841 1168 4886 ttt
1207 4841 1413 4886 arctam
1449 4839 1502 4886 et
1549 4839 1837 4901 angustam

251 4919 530 4976 conficere
565 4921 705 4974 viam
739 4924 1035 4991 possimus.
1066 4922 1196 4976 Nam
1224 4923 1316 4993 qtti
1349 4925 1589 4994 seipsum
1617 4923 1834 4985 dilatat,

245 5027 361 5065 non
403 5012 477 5065 ita
536 5011 696 5068 facile
738 5015 876 5068 viam
919 5022 1209 5084 angustam
1256 5025 1561 5086 percurrat,
1601 5013 1696 5070 sed
1741 5015 1834 5088 qui

241 5103 496 5172 seipsum
529 5103 770 5166 cohibet,
815 5105 1155 5176 comprimit,
1195 5113 1250 5161 et
1289 5107 1634 5174 constringit.

340 5185 398 5240 9..
448 5187 728 5244 Nominum
777 5194 986 5247 mutatio
1031 5196 1206 5264 quanti
1254 5196 1507 5264 facienda.
1561 5199 1847 5269 Scriptura:

241 5292 413 5330 sacra:
453 5279 707 5346 quomodo
755 5281 997 5351 fegendw.
1051 5314 1122 5324 -—
1174 5285 1358 5355 Neque
1404 5289 1545 5341 enim
1593 5289 1660 5344 de
1689 5292 1847 5346 rebus

243 5367 308 5420 tri
325 5368 553 5423 vialibus
579 5373 926 5440 quzestionem
951 5374 1210 5429 habemus
1233 5375 1412 5442 hodie,
1438 5380 1534 5434 sed
1559 5380 1624 5437 de
1650 5397 1707 5435 re
1729 5398 1847 5446 qua:

239 5473 328 5512 om
343 5461 416 5528 pit
445 5461 656 5532 quidem
679 5463 928 5522 hz-sterno
962 5467 1050 5523 die
1091 5471 1334 5540 preponi,
1361 5487 1464 5526 non
1487 5473 1845 5544 potnitautem

241 5552 450 5606 solutio
480 5557 789 5624 quatstionis
815 5557 1032 5627 afferri,
1065 5571 1283 5631 pr0ptcr
1323 5579 1506 5620 eorum
1551 5567 1848 5623 multitudi-

251 5657 402 5709 nem,
423 5659 542 5714 qua:
572 5645 776 5702 fuerant
805 5649 855 5702 in
877 5651 1106 5705 medium
1127 5654 1346 5722 prolata.
1380 5655 1514 5724 Quid
1535 5657 1660 5712 illud
1689 5675 1846 5729 porro

249 5733 374 5788 cst?
407 5735 481 5789 De
513 5739 787 5792 nominum
808 5741 1379 5814 ititpOSlliOllejlltL‘SllO
1393 5757 1526 5812 crat,
1560 5767 1678 5819 qua:
1709 5753 1846 5808 Deus

248 5827 454 5882 sanctis
493 5827 772 5900 imposuit.
816 5831 920 5886 lies
945 5841 1118 5890 autem
1149 5835 1244 5892 ista
1271 5840 1442 5895 tenuis
1465 5841 1676 5898 videtur
1699 5859 1838 5913 csse,

1441 427 1528 480 DF.
1571 420 1967 481 MUTATIONE
2006 421 2336 479 NOMINUM.
2377 423 2442 482 ll.
3451 433 3552 490 £16

1966 535 2007 588 si
2033 535 2152 604 quis
2181 535 2362 590 audiat
2393 555 2406 590 :
2435 537 2658 593 multum
2689 555 2817 596 vero
2851 541 3086 599 continet
3131 544 3435 602 thesaurum
3461 591 3476 616 ,
3508 553 3553 606 si

1963 631 2082 700 quis
2109 632 2393 702 diligenter
2421 635 2678 692 attendat.
2705 635 2836 692 Nam
2865 648 2918 693 et
2943 654 3160 694 auream
3190 650 3407 708 terram,
3433 659 3554 712 qutn

1965 721 2017 775 in
2041 719 2240 777 fodinis
2271 725 2552 793 reperitur,
2583 726 2833 796 imperiti,
2865 738 2920 783 et
2948 729 3036 798 qui
3061 731 3386 802 negligenter
3408 735 3555 804 aspi-

1963 813 2137 880 ciunt,
2168 825 2364 870 terram
2389 817 2584 872 nudam
2606 819 2780 874 solum
2810 835 2930 876 esse
2958 831 3166 892 putant,
3207 839 3378 895 neque
3403 827 3560 895 quid.

1961 921 2120 976 quam
2169 908 2397 978 amplius
2442 909 2678 975 habere,
2728 927 2886 982 quam
2937 907 3096 968 aliam
3145 917 3386 985 quamvis
3421 935 3434 971 :
3468 921 3556 987 qui

1966 1012 2096 1051 vero
2115 998 2244 1052 artis
2270 999 2440 1054 oculis
2468 1000 2610 1056 illam
2641 1003 3001 1071 considerant,
3037 1005 3187 1060 istius
3219 1019 3375 1063 terra:
3404 1008 3556 1064 nobic

1963 1089 2168 1144 litatem
2217 1102 2514 1161 noverunt,
2559 1103 2614 1148 et
2651 1095 2776 1150 dum
2817 1097 2961 1152 illam
2994 1100 3047 1154 in
3079 1099 3256 1172 ignem
3305 1101 3556 1171 injectant

1963 1181 2220 1250 probant,
2269 1198 2482 1240 omnem
2512 1186 2654 1242 illius
2689 1189 3050 1257 praestantiam
3091 1191 3432 1260 patefaciunt.
3467 1191 3558 1247 Sic

1963 1272 2213 1327 nimirum
2260 1273 2311 1328 in
2352 1275 2519 1330 sacris
2548 1273 2876 1346 Scripturis,
2924 1280 3012 1350 qui
3057 1280 3349 1336 oscitanter
3375 1282 3556 1337 literas

1961 1361 2180 1433 legunt,
2230 1367 2402 1422 nudas
2429 1383 2550 1424 esse
2579 1370 2761 1424 literas
2799 1371 3160 1440 arbitrantur,
3194 1389 3294 1430 nec
3326 1375 3556 1446 amplius

1961 1455 2249 1527 quidquam
2301 1457 2352 1513 in
2383 1475 2442 1514 se
2484 1461 2758 1518 continere
2798 1479 2953 1536 quam
3001 1473 3221 1522 carteras
3255 1485 3268 1521 :
3311 1469 3400 1538 qni
3429 1485 3556 1526 vero

1962 1546 2084 1602 fidei
2111 1550 2284 1603 oculis
2309 1551 2424 1607 illas
2446 1553 2807 1623 considerant,
2838 1559 3287 1626 quemadmodum
3320 1563 3392 1617 illi
3422 1564 3553 1618 artis

1961 1639 2350 1708 instrumentis,
2383 1643 2594 1700 illarum
2624 1647 2990 1718 probationem
3015 1651 3120 1720 igni
3147 1651 3379 1722 Spiritus
3409 1669 3555 1709 com-

1961 1733 2254 1800 mittentes,
2284 1745 2451 1791 totum
2480 1737 2686 1794 illarum
2712 1755 2898 1796 aurum
2924 1741 3080 1798 facile
3109 1755 3350 1802 cernent.
3401 1745 3554 1806 Unde

1962 1823 2122 1893 igitur
2158 1828 2468 1895 quaestionis
2513 1829 2721 1884 initium
2761 1839 2844 1886 cst
2883 1832 3137 1888 ductum?
3190 1835 3372 1906 Neque
3412 1837 3554 1894 enim

1963 1923 2166 1971 temere
2211 1917 2264 1971 in
2311 1917 2448 1974 hanc
2491 1917 2929 1992 disceptationem
2975 1924 3293 1993 incidimus,
3341 1942 3408 1981 ne
3438 1929 3557 1998 quis

1963 2005 2350 2075 intempestiva:
2391 2024 2489 2064 nos
2528 2011 2850 2067 curiositatis
2877 2013 3198 2070 condemnet
3227 2035 3240 2071 :
3269 2017 3361 2071 sed
3387 2060 3400 2081 ,
3433 2033 3555 2072 cum

1964 2097 2254 2166 apostolica
2298 2099 2450 2153 vobis
2480 2110 2596 2155 acta
2628 2101 2962 2172 legerentur,
3009 2105 3158 2160 Pauli
3191 2108 3442 2178 prteclara
3472 2107 3554 2162 {av

1961 2188 2143 2242 cinora
2171 2204 2392 2244 narrare
2419 2191 2762 2264 cupiebamns
2783 2233 2798 2260 ,
2838 2195 3057 2266 jamque
3099 2195 3336 2254 historia:
3365 2197 3556 2266 attige-

1963 2293 2143 2332 ramus
2196 2278 2475 2336 exordium
2501 2322 2515 2347 ,
2565 2292 2619 2337 et
2659 2283 2741 2337 his
2767 2285 2943 2340 verbis
2978 2297 3293 2358 conceptum
3344 2287 3554 2346 initium

1962 2371 2282 2427 narrationis
2333 2373 2634 2430 invenimus
2669 2395 2681 2430 :
2715 2375 2908 2433 Saulus
2949 2389 3116 2433 autem
3145 2381 3312 2435 adhuc
3352 2382 3555 2451 spirans

1960 2461 2124 2514 minus
2152 2471 2198 2514 et
2217 2463 2404 2518 credent
2433 2465 2484 2520 in
2514 2465 2790 2537 discipulos
2825 2469 3029 2523 Domini
3055 2469 3186 2540 (Act.
3221 2472 3273 2526 9.
3309 2472 3384 2542 1).
3412 2473 3554 2530 Con.

1960 2549 2108 2605 tinno
2156 2553 2386 2607 turbavit
2431 2569 2529 2612 nos
2576 2555 2874 2614 immutatio
2927 2561 3204 2617 nominis:
3253 2563 3552 2620 invenimus

1958 2641 2100 2694 enim
2129 2641 2180 2696 in
2207 2644 2452 2698 omnibus
2479 2645 2722 2715 epistolis
2742 2691 2756 2714 ,
2786 2659 2839 2704 et
2869 2651 2920 2705 in
2946 2651 3154 2708 illarum
3178 2655 3413 2710 exordiis
3442 2671 3550 2712 non

1957 2732 2173 2789 Saulum
2199 2751 2344 2802 eum,
2373 2737 2466 2792 sed
2490 2740 2710 2796 Paulum
2730 2743 3005 2813 appellari,
3033 2753 3087 2801 et
3111 2745 3214 2802 hoc
3238 2762 3341 2802 non
3375 2749 3426 2802 in
3448 2749 3551 2806 hoc

1958 2823 2103 2890 solo,
2139 2827 2231 2881 sed
2263 2837 2317 2882 et
2348 2829 2400 2880 in
2433 2830 2615 2886 multis
2642 2832 2760 2886 aliis
2791 2835 3069 2891 accidisse.
3117 2837 3249 2892 Nam
3279 2848 3333 2893 et
3362 2839 3551 2896 Petrus

1959 2917 2142 2972 Simon
2170 2919 2446 2974 dicebatur
2466 2962 2480 2986 ,
2506 2931 2560 2976 et
2585 2923 2678 2977 filii
2707 2924 2953 2980 Zebedtei
2982 2927 3214 2984 Jacobus
3238 2939 3292 2985 ct
3318 2930 3552 2990 Joannes

1959 3007 2079 3064 Filii
2125 3009 2340 3064 tonitrni
2369 3020 2572 3066 ntutato
2614 3013 2811 3070 deinde
2854 3019 3073 3073 nomine
3102 3031 3226 3074 sunt
3257 3023 3428 3077 vocati
3459 3033 3553 3079 :et

1959 3099 2012 3154 in
2047 3099 2221 3154 Veteri
2252 3099 2597 3160 Testamento
2641 3105 2777 3162 hanc
2819 3109 3064 3164 eamdem
3107 3113 3549 3174 Consuetudinem

1959 3191 2010 3246 in
2041 3191 2360 3262 quibusdam
2403 3194 2697 3252 obtinuisse
2723 3200 3102 3270 comperimus.
3144 3201 3274 3261 Nam
3302 3214 3356 3259 et
3383 3205 3550 3262 Abra-

1957 3279 2079 3336 ham
2107 3282 2253 3351 prius
2284 3283 2479 3339 Abram
2507 3287 2906 3357 appellabatur,
2949 3301 3003 3346 et
3029 3291 3188 3348 Sarra
3221 3295 3369 3366 prius
3395 3295 3546 3365 Sara,

1956 3371 2150 3429 deinde
2176 3373 2334 3430 Sarra
2359 3380 2630 3432 nominata
2650 3389 2732 3435 est
2749 3423 2763 3448 ,
2796 3391 2851 3437 et
2874 3383 3040 3440 Jacob
3069 3396 3253 3456 postea
3279 3387 3438 3444 Israel
3466 3401 3550 3448 est

1957 3475 2174 3520 vocatus
2201 3482 2214 3518 :
2246 3467 2534 3522 absurdum
2567 3469 2726 3540 igitur
2751 3475 2904 3529 nobis
2934 3485 3018 3530 est
3044 3479 3249 3544 visum,
3297 3483 3340 3534 si
3373 3489 3550 3540 tantus

1957 3569 1986 3606 a
2017 3555 2169 3609 nobis
2205 3555 2487 3612 thesaurus
2527 3560 2801 3614 nominum
2831 3574 3032 3618 temere
3073 3569 3452 3635 przcteriretur.
3495 3571 3550 3628 Id

1957 3659 2086 3699 vero
2129 3645 2180 3699 in
2221 3648 2546 3718 principibus
2574 3652 2734 3707 etiam
2765 3655 3111 3712 srecularibus
3149 3660 3367 3718 evenire
3402 3678 3550 3722 com-

1957 3737 2190 3806 perimus
2222 3756 2235 3792 :
2271 3739 2533 3809 siquidem
2583 3742 2656 3798 illi
2705 3744 2904 3814 duplex
2935 3763 3144 3819 quoque
3175 3768 3368 3810 nomen
3397 3771 3551 3814 assu-

1958 3835 2129 3880 tnunt.
2181 3826 2313 3882 Vide
2357 3839 2535 3885 autem
2571 3849 2584 3887 :
2613 3833 2898 3902 Successit,
2929 3841 3119 3908 inquit,
3147 3841 3310 3896 Felici
3331 3843 3547 3903 Porcius

1963 3913 2142 3970 Festus
2170 3917 2302 3986 (Act.
2327 3918 2416 3974 21.
2441 3916 2532 3991 ‘27)
2564 3939 2576 3974 :
2607 3933 2661 3977 et
2689 3938 2892 3988 rursus,
2917 3923 3044 3980 Erat
3070 3931 3276 4000 quidam
3300 3949 3413 3986 cum
3439 3953 3551 4006 pro-

1957 4006 2182 4073 consule,
2226 4009 2312 4079 qui
2333 4010 2604 4066 vocabatur
2631 4013 2844 4085 Sergius
2870 4015 3068 4072 Paulus
3119 4019 3224 4090 (Ib.
3253 4023 3338 4078 15.
3367 4023 3422 4098 7)
3449 4069 3462 4092 ,
3494 4038 3548 4085 et

1955 4097 2044 4167 qui
2075 4097 2273 4154 Judzeis
2313 4098 2582 4156 Christum
2617 4105 2870 4174 tradidit,
2917 4107 3141 4164 Pontius
3173 4111 3370 4170 Pilatus
3399 4097 3547 4178 dicc-

1954 4191 2128 4245 batur.
2157 4191 2340 4262 Neque
2371 4209 2496 4250 vero
2526 4197 2863 4268 principibus
2888 4209 3123 4270 tantum,
3157 4205 3252 4262 sed
3284 4215 3338 4262 ct
3363 4207 3548 4268 militi-

1953 4280 2054 4336 bus
2081 4297 2224 4354 saepe
2239 4283 2467 4355 duplicia
2489 4286 2704 4344 fuerunt
2732 4292 2969 4360 nomina,
2999 4304 3052 4349 et
3074 4295 3146 4352 illi
3173 4298 3260 4367 qui
3284 4300 3545 4368 privatmt

1955 4375 2116 4429 vitam
2168 4375 2470 4447 elegerant,
2517 4380 2586 4434 ob
2624 4397 2838 4440 causam
2869 4394 2923 4440 et
2947 4389 3282 4446 occasionem
3313 4391 3546 4465 aliquant

1954 4465 2220 4536 duplicem
2273 4469 2448 4523 sortiti
2505 4480 2630 4525 sunt
2682 4475 3115 4544 appellationem.
3169 4479 3274 4534 Sed
3326 4482 3393 4536 de
3443 4484 3548 4542 illis

1954 4557 2168 4626 quidem
2201 4559 2354 4613 nobis
2389 4560 2521 4614 nihil
2563 4561 2803 4630 proderit
2832 4565 2878 4618 si
2921 4581 3222 4635 quaeramus
3243 4611 3257 4634 ,
3307 4572 3447 4627 unde
3476 4575 3546 4628 ita

1956 4646 2152 4703 fuerint
2198 4651 2448 4721 appellati
2483 4670 2496 4706 :
2538 4668 2659 4708 cum
2701 4669 2828 4708 vero
2871 4655 3012 4712 Deus
3061 4673 3254 4715 nomen
3301 4663 3544 4732 imponit,

1955 4739 2100 4793 omni
2149 4741 2326 4798 studio
2374 4743 2788 4799 incutnbcndutn
2839 4753 2959 4813 est,
3014 4757 3071 4802 ut
3117 4765 3332 4808 causam
3385 4769 3544 4828 repe-

1955 4845 2173 4886 l‘lillllllS.

2025 4919 2165 4976 Deus
2201 4924 2328 4980 nihil
2370 4927 2493 4996 facit
2527 4927 2736 4997 frustra.
2793 4927 2896 4982 Cur
2931 4928 3128 4986 Paulus
3163 4949 3342 4988 nomen
3381 4947 3546 4994 muta-

1953 5016 2094 5070 verit.
2124 5046 2195 5056 —
2219 5017 2400 5088 Neque
2418 5023 2562 5073 enim
2593 5027 2793 5076 temere
2820 5033 2909 5077 aut
2933 5024 3049 5079 sine
3069 5041 3227 5082 causa
3255 5027 3541 5102 quidquam

1953 5108 2036 5161 vel
2066 5105 2242 5163 facere
2274 5109 2413 5164 Deus
2435 5110 2518 5165 vel
2548 5109 2727 5168 dicere
2747 5117 3041 5185 consuevit,
3067 5118 3162 5174 sed
3187 5119 3394 5191 singula
3419 5139 3540 5179 cum

1955 5214 2038 5262 ea,
2070 5215 2190 5268 qua:
2231 5201 2329 5269 ipsi
2369 5201 2655 5268 convenit,
2698 5206 2980 5275 sapientia.
3029 5209 3136 5264 Cur
3161 5227 3288 5282 ergo
3329 5215 3540 5271 tandem

1953 5289 2145 5345 Saulus
2165 5291 2462 5358 dicebatur,
2497 5311 2615 5350 cum
2657 5311 3100 5370 persequeretur,
3130 5315 3182 5358 ct
3205 5305 3398 5360 l'aulns
3429 5324 3544 5361 mu—

1956 5391 2064 5436 tato
2107 5383 2323 5438 nomine
2361 5386 2534 5440 dictus
2559 5397 2674 5456 cst,
2716 5393 2930 5460 quando
2973 5395 3247 5448 credidit?
3291 5396 3541 5454 Nonnulli

1953 5475 2170 5542 dicunt,
2204 5477 2418 5546 quando
2457 5479 2742 5549 turbabat,
2789 5486 3244 5552 tumnltuabatur,
3273 5497 3328 5543 ct
3355 5492 3544 5548 misce-

1954 5569 2044 5623 bat
2089 5569 2264 5623 omnia
2290 5611 2304 5634 ,
2354 5571 2754 5643 Ecclesiamquc
2780 5576 3081 5644 exagitabat
3104 5620 3118 5642 ,
3147 5579 3364 5636 Saultnn
3393 5583 3542 5644 illum

1954 5659 2118 5716 fuisse
2147 5661 2367 5726 dictum,
2401 5671 2456 5717 et
2477 5663 2544 5717 ab
2569 5663 2666 5720 hac
2697 5665 2808 5734 ipsa
2849 5668 3102 5724 Ecclesia:
3132 5673 3409 5729 vexatione
3441 5693 3540 5730 no—

1955 5769 2076 5808 men
2111 5769 2232 5810 esse
2253 5757 2496 5812 sortitum
2530 5775 2543 5812 :
2589 5765 2867 5828 postquam
2899 5769 3077 5818 autem
3103 5766 3170 5820 ab
3202 5767 3287 5822 illa
3319 5779 3544 5827 recessu

1961 5845 2194 5916 insania,
2247 5851 2534 5924 turbasque
2583 5851 2728 5909 ciere
2771 5868 2834 5910 ac
2881 5856 3078 5914 bellum
3120 5860 3317 5918 inferre
3357 5861 3540 5927 desiit.
