4060 6252
568 370 685 426 ’(³.ῐῖ

576 495 761 539 rursus
786 480 1029 544 Paulum,
1059 492 1179 533 eum
1207 489 1425 544 pausam
1445 470 1680 538 fecisset,
1704 480 1908 525 mutato
1938 469 2154 525 nomine

574 575 772 630 dictum
799 586 918 629 esse
941 586 958 632 :
986 569 1079 626 sed
1110 568 1271 623 futilis
1293 576 1349 623 et
1378 565 1510 620 falsa
1537 573 1621 621 est
1641 563 1757 618 lucc
1781 564 1973 630 oratio,
1997 573 2157 639 atque

573 647 770 719 ideirco
793 677 824 716 a
854 674 940 717 me
971 660 1175 730 prolata
1204 659 1255 712 in
1288 657 1521 713 medium
1546 696 1561 720 ,
1594 670 1661 709 ne
1692 653 1829 709 forte
1856 652 2010 707 nudis
2035 653 2155 722 qui-

567 757 794 812 husdam
824 770 1103 810 causarum
1151 750 1576 824 expositionibus
1604 748 1779 819 decipi
1812 762 1906 803 vos
1946 746 2150 801 sinatis.

569 848 806 902 Primum
833 847 976 901 enim
1007 853 1255 915 parentes
1296 842 1399 896 hoc
1426 841 1502 894 illi
1532 854 1727 894 nomen
1760 838 2149 909 imposuerunt,

569 953 675 991 non
703 934 847 1006 quod
874 934 1148 1006 propheta:
1175 931 1388 1000 quidam
1422 937 1641 992 essent,
1669 935 1724 982 et
1750 926 1891 997 quod
1917 924 2152 979 futurum

564 1036 682 1082 erat
708 1024 1079 1095 praeviderent.
1116 1020 1317 1076 Deinde
1350 1019 1392 1073 si
1421 1027 1700 1089 propterea
1727 1016 1917 1071 Saulus
1941 1014 2155 1070 diceba-

565 1129 669 1183 tur,
703 1116 951 1187 quoniam
975 1112 1271 1169 Ecelesiam
1292 1110 1597 1180 exagitabat
1622 1116 1675 1162 et
1702 1106 1928 1162 vexabat
1952 1146 1966 1168 ,
1993 1119 2152 1174 opor-

565 1208 710 1261 n-bat
738 1221 860 1260 eum
886 1246 901 1271 ,
929 1218 1049 1258 cum
1078 1202 1351 1271 exagitare
1386 1199 1631 1253 desiisset
1669 1196 1989 1260 Ecclesium,
2019 1209 2150 1249 con-

566 1297 713 1351 tinuo
766 1309 958 1350 nomen
1012 1307 1223 1363 quoque
1273 1290 1545 1360 deponere
1595 1305 1609 1342 :
1649 1287 1758 1357 jam
1814 1302 1942 1341 vero
1972 1286 2149 1365 illum

566 1389 811 1444 \idemus
835 1428 852 1454 ,
892 1401 1012 1440 cum
1042 1385 1225 1438 turbas
1253 1383 1398 1437 ciere
1426 1380 1680 1434 adversus
1709 1377 2001 1433 Ecclesiam
2030 1390 2150 1431 ces-

566 1488 739 1543 saret,
778 1490 973 1531 nomen
1004 1473 1203 1529 idcirco
1230 1487 1334 1525 non
1361 1469 1673 1539 deposuisse
1699 1510 1712 1533 ,
1762 1484 1948 1523 verum
1977 1468 2152 1522 adhuc

567 1572 785 1625 Sunium
812 1583 930 1623 esse
956 1567 1297 1638 appellatum.
1326 1563 1405 1618 Ne
1438 1577 1563 1617 vero
1590 1561 1784 1633 putetis
1813 1562 1924 1615 [nec
1953 1560 2152 1617 idcirco

567 1681 598 1719 a
627 1678 712 1719 me
737 1662 841 1717 dici
862 1701 878 1727 ,
918 1669 974 1714 ut
1000 1674 1095 1713 vos
1125 1656 1542 1712 circumveniam
1564 1695 1579 1721 ,
1610 1671 1722 1709 rsm
1752 1653 1919 1723 ipsam
1947 1652 2096 1707 vobis
2119 1668 2150 1707 a

554 1756 740 1825 capite
771 1751 1019 1807 narrabo.
1070 1748 1343 1821 Ejecerunt
1363 1789 1377 1813 ,
1409 1748 1579 1815 inquit
1602 1745 1894 1813 Scriptura,
1926 1743 2150 1813 Stepha-

565 1860 705 1910 num,
732 1851 779 1897 et
796 1840 1090 1912 lapidabant
1106 1854 1239 1904 eum,
1261 1847 1308 1890 et
1334 1846 1477 1891 testes
1501 1836 1835 1906 deposuerunt
1862 1835 2151 1888 vestimenta

564 1951 658 1988 sua
682 1949 825 1988 secus
848 1932 998 2003 pedes
1017 1928 1367 1992 adolescentis,
1395 1927 1483 1996 qui
1504 1924 1771 1979 vocabatur
1793 1925 1984 1979 Saulus
2012 1924 2145 1994 (Act.

565 2029 616 2081 7.
651 2025 741 2097 57)
766 2043 780 2091 ;
809 2035 863 2080 ct
888 2039 1102 2091 rursus,
1148 2021 1339 2077 Saulus
1365 2030 1529 2073 autem
1565 2027 1671 2072 erat
1701 2018 2012 2071 consentiens
2043 2016 2149 2069 neci

562 2116 673 2187 ejus
707 2114 863 2186 (Ibid.
891 2128 938 2167 υ.
969 2112 1095 2181 59);
1144 2120 1198 2166 et
1240 2110 1389 2175 alibi,
1420 2108 1612 2164 Saulus
1654 2116 1821 2161 autem
1864 2106 2150 2161 devastabat

564 2205 847 2260 Ecclesium
870 2246 885 2271 ,
918 2220 1006 2275 per
1035 2203 1210 2256 domos
1239 2202 1434 2255 intrans
1455 2241 1470 2266 ,
1498 2208 1544 2253 et
1574 2198 1776 2253 trahens
1797 2199 1927 2252 viros
1952 2214 2012 2250 ac
2037 2214 2151 2250 mu-

558 2300 708 2354 lieres
738 2297 896 2371 (Ibid.
923 2297 974 2373 8.
1007 2294 1098 2367 3);
1125 2303 1180 2350 et
1202 2308 1381 2348 rursus
1401 2333 1418 2359 ,
1450 2290 1644 2347 Saulus
1663 2301 1829 2344 autem
1850 2290 2017 2344 adhuc
2044 2290 2150 2359 spi—

560 2405 682 2443 rans
708 2390 871 2442 minus
899 2404 958 2440 ac
979 2388 1167 2441 cwdem
1192 2385 1243 2438 in
1284 2384 1560 2452 discipulos
1607 2381 1812 2435 Domini
1839 2380 1944 2452 (Ib.
1972 2380 2027 2435 9.
2055 2380 2146 2450 l);

564 2490 617 2535 et
641 2493 825 2533 rursus
845 2519 861 2543 ,
910 2478 1110 2531 Audieit
1137 2491 1304 2529 vocem
1330 2475 1573 2528 dicentem
1593 2472 1687 2525 sibi
1710 2513 1724 2536 ,
1758 2470 1937 2536 Saule,
1968 2470 2143 2537 Saule,

565 2572 688 2643 quid
726 2588 805 2625 me
832 2569 1136 2640 persequeris
1168 2566 1325 2638 (Ibid.
1350 2566 1403 2621 9.
1437 2566 1539 2633 4)?
1589 2568 1769 2634 Itaque
1797 2563 2031 2632 oportuit
2081 2577 2148 2616 ex

565 2666 668 2720 hoc
697 2672 934 2733 tempore
965 2669 1021 2716 ut
1060 2660 1205 2715 Sauli
1246 2674 1439 2713 nomen
1485 2656 1741 2727 abjieeret
1766 2697 1782 2722 ,
1829 2654 2089 2723 siquidem
2116 2670 2147 2709 a

565 2753 976 2824 persequutione
1014 2749 1331 2804 abstinebat.
1373 2746 1508 2801 Num
1557 2747 1713 2817 igitur
1737 2744 2017 2800 c0nfestim
2050 2745 2146 2797 ah-

562 2844 723 2916 jecit?
740 2843 1104 2913 Nequaquam,
1126 2840 1283 2909 idque
1302 2854 1367 2893 ex
1393 2838 1456 2893 iis
1480 2853 1598 2909 quae
1620 2845 1929 2907 sequuntur,
1951 2835 2143 2906 liquet:

564 2933 990 2996 animadvertite,
1022 2945 1227 3002 quaeso.
1262 2927 1497 2984 Surrexit
1524 2926 1713 2982 Saulus
1734 2927 1797 2979 de
1816 2934 1971 2993 terra,
1995 2944 2147 2992 aper-

565 3027 725 3096 tisque
744 3025 901 3079 oculis
940 3022 1070 3077 nihil
1102 3021 1291 3076 videbat
1317 3018 1421 3092 (Ib.
1450 3036 1499 3073 υ.
1522 3018 1615 3091 8);
1663 3028 1717 3072 ct
1752 3034 1939 3073 rursus
1961 3059 1975 3083 ,
2006 3014 2149 3072 Dixit

567 3125 734 3170 autem
771 3115 983 3168 Ananiae
1014 3112 1261 3167 Dominus
1289 3128 1307 3165 :
1344 3110 1484 3164 Vade
1510 3111 1562 3164 in
1590 3111 1787 3173 vicum,
1820 3109 1907 3181 qui
1945 3120 2149 3162 uocatur

569 3208 784 3271 Rectus,
814 3215 860 3259 et
887 3206 1105 3259 invenies
1123 3205 1176 3257 in
1198 3203 1347 3257 domo
1371 3201 1525 3256 Judte
1560 3200 1779 3255 Saulunt
1808 3200 2010 3253 nomine
2040 3197 2143 3269 (Ib.

566 3314 617 3352 υ.
647 3298 704 3351 il
742 3295 799 3366 );
830 3306 883 3350 et
910 3310 1095 3349 rursus
1116 3335 1130 3358 ,
1170 3292 1403 3347 Introivit
1426 3290 1652 3344 Ananias
1673 3332 1688 3358 ,
1720 3299 1765 3344 et
1798 3289 1926 3343 dixit
1946 3330 1960 3353 ,
1991 3287 2151 3344 Saule

567 3391 758 3458 frater,
790 3385 1037 3441 Dominus
1073 3385 1204 3439 misit
1238 3400 1350 3451 me,
1381 3384 1469 3455 qui
1503 3382 1737 3453 apparuit
1764 3379 1851 3434 tibi
1879 3380 2062 3447 invia,
2095 3388 2150 3432 ut

568 3480 734 3533 videas
765 3476 869 3549 (Ib.
897 3494 943 3532 υ.
974 3476 1083 3547 17).
1137 3475 1337 3531 Deinde
1376 3474 1536 3543 cmpit
1580 3472 1901 3544 prtedicare,
1938 3479 1991 3526 et
2015 3486 2151 3526 con-

566 3570 818 3626 l‘nndebat
841 3568 1085 3634 indu-os,
1119 3584 1218 3622 nec
1247 3576 1421 3621 tamen
1447 3566 1516 3620 ita
1538 3580 1729 3619 nomen
1757 3563 2019 3633 deposuit,
2053 3561 2149 3619 sed

566 3660 741 3715 adhuc
782 3659 976 3715 Saulus
1016 3658 1311 3714 dicebatur.
1358 3655 1720 3721 Notte-enim,
1763 3655 1967 3724 inquit,
2001 3659 2151 3726 facta

567 3758 682 3804 sunt
712 3747 1091 3805 Sauloinsidite
1111 3744 1411 3802 Judtcorum
1442 3745 1548 3810 (Ib.
1594 3762 1641 3799 υ.
1668 3746 1784 3817 24).
1816 3745 1953 3800 Num
1992 3744 2150 3816 igitur

567 3843 648 3897 his
677 3851 877 3897 tantum
908 3841 959 3895 in
988 3840 1161 3895 locis?
1210 3839 1583 3911 Nequaquam,
1614 3837 1708 3895 sed
1729 3880 1742 3903 ,
1771 3837 1932 3892 Facta
1969 3848 2039 3892 est
2069 3837 2151 3907 fa-

565 3954 691 4003 mes,
715 3936 883 4006 inquit
905 3977 919 3999 ,
949 3946 993 3989 et
1022 3943 1391 4006 proposuerunt
1412 3933 1649 4003 discipuli
1671 3932 1864 3986 mittere
1890 3930 2151 4003 Jerosoly-

567 4036 700 4083 mam
726 4029 912 4082 sanctis
934 4027 987 4080 in
1005 4027 1353 4079 ministerium.
1377 4022 1623 4076 Miserum
1648 4032 1813 4077 autent
1835 4039 1922 4092 per
1946 4038 2149 4075 manum

565 4119 816 4174 Barnttbte
840 4125 883 4169 ct
917 4114 1065 4170 Sauli
1105 4112 1211 4181 (Ib.
1243 4114 1330 4167 11.
1354 4112 1444 4165 29.
1474 4111 1586 4180 '50).
1609 4111 1750 4166 Ecce
1773 4112 1969 4166 sanctis
1997 4113 2151 4168 mini-

567 4217 700 4262 strat
724 4248 737 4269 ,
780 4217 834 4260 et
875 4204 1049 4257 adhuc
1074 4202 1267 4257 Saulus
1296 4202 1528 4256 dicitur:
1571 4210 1624 4256 et
1654 4210 1837 4271 postea
1880 4202 2150 4273 ingressus

567 4310 653 4356 est
677 4296 945 4352 Barnabas
971 4294 1306 4350 Antiochiam
1331 4336 1345 4360 ,
1389 4303 1441 4347 et
1465 4292 1651 4347 videns
1678 4294 1898 4364 gratiam
1927 4294 2015 4349 Dei
2041 4335 2057 4360 ,
2097 4303 2151 4350 et

571 4408 813 4465 magnam
837 4390 907 4446 ibi
929 4404 1047 4445 esse
1074 4387 1488 4453 multitudinem,
1515 4386 1781 4457 prolectus
1801 4397 1883 4443 est
1902 4386 2146 4448 Tarsum.

566 4499 625 4544 ut
649 4493 914 4559 quaereret
940 4484 1157 4540 Saulum
1181 4481 1286 4553 (Ib.
1314 4482 1386 4537 22
1400 4490 1446 4535 et
1464 4481 1618 4552 sqq.).
1643 4481 1779 4536 Ecce
1804 4482 1997 4537 multos
2022 4498 2150 4537 con—

567 4580 763 4641 vertit,
801 4584 856 4631 et
878 4575 1071 4631 Saulus
1099 4575 1324 4640 dicitur;
1367 4582 1423 4629 et
1462 4588 1683 4640 rursus,
1718 4572 1912 4639 Erant,
1955 4574 2145 4645 inquit,

566 4667 847 4723 Antiochia:
880 4666 934 4720 in
974 4663 1200 4719 Ecclesia
1224 4706 1239 4731 ,
1284 4679 1397 4734 qua:
1441 4663 1548 4717 illic
1586 4672 1693 4717 erat
1716 4703 1732 4727 ,
1776 4664 2033 4733 praphetaz
2056 4704 2071 4730 ,
2099 4674 2149 4717 et

567 4762 795 4816 doctores
817 4801 831 4826 ,
865 4757 1087 4829 Symeon
1119 4756 1204 4827 qui
1240 4754 1510 4809 vocabatur
1534 4752 1717 4825 Niger,
1757 4762 1802 4807 et
1840 4753 2028 4808 Lucius
2057 4754 2148 4825 Cy-

567 4868 785 4917 rentcus,
818 4859 862 4906 et
889 4852 1177 4915 Manu/ten,
1204 4848 1290 4915 qui
1314 4858 1420 4903 erat
1453 4846 1674 4901 Herodis
1702 4846 1967 4900 tetrarclta:
1989 4845 2150 4899 colla-

566 4954 793 5009 ctaneus,
819 4952 865 4995 et
902 4939 1092 4996 Saulus
1121 4940 1227 5009 (Ib.
1263 4940 1348 4995 15.
1380 4938 1456 5009 1).
1488 4938 1628 4993 Ecce
1655 4947 1709 4992 et
1753 4938 1941 4992 doctor
1978 4936 2147 4992 factus

565 5043 683 5089 erat
702 5042 757 5087 et
779 5034 1057 5102 prOpheta,
1075 5039 1129 5086 et
1147 5030 1320 5085 adhuc
1336 5029 1527 5085 Saulus
1542 5028 1832 5085 dicebatur.
1855 5028 1920 5082 Et
1938 5042 2144 5092 rursus,

573 5123 977 5177 Ministrantibus
998 5132 1165 5175 autem
1181 5119 1284 5174 illis
1312 5119 1547 5186 Domina,
1574 5129 1617 5174 et
1628 5118 2000 5190 jejunantibus,
2018 5117 2147 5171 dixit

569 5214 797 5287 Spiritus
815 5224 1016 5267 sanctus
1044 5229 1063 5267 :
1090 5214 1364 5283 Segregate
1392 5213 1515 5265 milti
1539 5210 1827 5266 Barnabam
1855 5219 1901 5265 et
1930 5208 2147 5264 Saulum

569 5309 673 5385 (Ib.
700 5324 748 5362 ν.
780 5306 860 5378 2).
1319 5315 1323 5319 ·

636 5403 689 5458 5.
727 5400 878 5454 Pauli
924 5414 1105 5453 nomen
1153 5396 1235 5450 ubi
1287 5395 1505 5464 primunt
1549 5395 1839 5449 occurrerit.
1885 5422 1957 5435 -
2005 5393 2146 5447 Ecce

558 5493 725 5550 etiam
765 5508 791 5544 a
838 5491 1036 5561 Spiritu
1077 5498 1263 5543 sancto
1304 5495 1651 5558 segregalur,
1695 5487 1918 5543 necdum
1967 5494 2141 5540 tamen

559 5600 758 5638 notnen
788 5583 1037 5654 deponit,
1069 5582 1161 5637 sed
1186 5580 1397 5652 quando
1424 5580 1565 5635 venit
1600 5579 1864 5635 Salamina
1885 5621 1899 5644 ,
1930 5577 2143 5648 quando

564 5690 775 5744 magum
797 5675 1015 5741 invenit,
1046 5684 1169 5728 tunc
1196 5675 1270 5729 ait
1292 5674 1462 5729 Lucas
1477 5672 1542 5727 de
1572 5672 1662 5726 illo
1694 5690 1708 5725 :
1741 5671 1932 5725 Saulus
1951 5679 2140 5737 autem,

563 5767 647 5836 qui
668 5775 712 5819 et
743 5762 957 5831 Paulus,
986 5765 1205 5833 repletus
1224 5764 1421 5835 Spiritu
1449 5775 1621 5819 sancto
1643 5763 1693 5815 di
1705 5762 1769 5815 rit
1792 5760 1840 5832 (l
1849 5763 1896 5814 b.
1947 5761 2029 5816 15.
2058 5760 2133 5831 9).

1325 363 1382 418 S.
1422 360 1698 417 JOANNIS
1733 356 2209 416 CIlRYSOSTOMl
2250 356 2565 415 ARCIIIEP.
2606 357 3142 416 CONSTANTINOP.

3744 360 3848 412 τξκ

2269 468 2401 524 llinc
2428 470 2737 526 mutationis
2784 472 3012 526 nominis
3050 469 3255 525 initium
3282 480 3367 526 est
3397 471 3613 531 factum.
3640 476 3727 531 [te
3765 490 3865 543 ιω.

2264 569 2350 615 tur
2391 561 2778 629 defatigemur,
2826 563 2951 618 dum
3004 563 3263 617 rationem
3312 562 3452 619 hanc
3493 563 3861 635 itnpositionis

2263 655 2534 706 nominum
2562 653 2870 723 quaerimus.
2918 652 3191 723 Siquidem
3222 654 3493 708 nominum
3520 655 3763 711 inventio
3800 664 3857 711 in

2260 743 2604 798 smcnlaribus
2652 758 2862 813 quoque
2917 744 3143 813 negotiis
3193 744 3300 797 vim
3356 759 3463 798 nou
3519 746 3855 801 mediocrem

2260 833 2481 888 obtinet.
2514 833 2644 888 Nam
2673 844 2727 888 et
2757 848 3126 904 saepenumero
3145 833 3310 888 efﬁcit
3333 876 3350 902 ,
3383 844 3439 888 ut
3464 844 3586 905 post
3617 837 3857 891 multum

2259 933 2471 996 tempus
2516 926 2752 996 elapsum
2798 926 3041 981 homines
3084 940 3465 995 agnoscamus,
3506 936 3563 982 et
3592 928 3852 983 latentem

2256 1020 2625 1086 cognationem
2651 1017 2896 1087 patefacit
2920 1018 3152 1072 inventio
3181 1018 3479 1085 nominum,
3505 1029 3670 1090 atque
3693 1037 3859 1075 exor-

2261 1116 2339 1163 tas
2368 1107 2635 1177 injudicio
2655 1108 3012 1164 dubitationes
3039 1107 3196 1163 solvit
3215 1150 3229 1171 ,
3259 1117 3313 1164 et
3345 1125 3545 1181 pugnas
3579 1112 3715 1165 tollit
3742 1153 3758 1175 ,
3798 1122 3857 1167 et

2257 1199 2451 1256 bellum
2488 1203 2783 1281 exstinguit
2819 1201 3054 1256 inventio
3095 1201 3404 1267 nominum,
3433 1217 3497 1256 ac
3520 1218 3665 1271 Stepe
3703 1205 3858 1272 pacis

2259 1293 2501 1348 ineunda:
2524 1294 2859 1349 occasionem
2890 1292 3219 1363 suppeditat.
3245 1291 3396 1360 Quod
3424 1293 3469 1346 si
3500 1294 3857 1348 saecularibus

2258 1384 2311 1440 in
2356 1384 2582 1455 negotiis
2629 1384 2863 1439 inventio
2914 1383 3188 1439 nominum
3218 1392 3421 1439 tantum
3463 1386 3638 1451 valet,
3680 1386 3858 1441 multo

2258 1477 2425 1547 magis
2448 1477 2498 1530 in
2524 1476 2906 1545 Spiritualibus.
2936 1474 3039 1531 Sed
3060 1476 3205 1545 prius
3234 1490 3455 1532 necesse
3479 1486 3583 1544 est,
3614 1485 3675 1531 ut
3704 1479 3855 1548 ipsas

2255 1568 2576 1636 quaestiones
2600 1577 2846 1623 accurate
2873 1566 3255 1637 diseernamus.

2330 1655 2555 1711 Nomina
2588 1659 2851 1711 immutata
2879 1658 2934 1711 in
2968 1655 3134 1711 Veteri
3173 1656 3489 1713 Testamento
3505 1674 3527 1725 ;
3557 1658 3676 1713 dua!
3710 1676 3856 1729 qua-

2254 1749 2439 1802 stiones
2467 1748 2531 1801 de
2558 1748 2818 1801 nominum
2853 1748 3148 1801 mutatione.
3171 1776 3244 1788 —-
3267 1747 3503 1802 Primum
3532 1764 3665 1820 ergo
3694 1765 3849 1819 quae-

2254 1838 2424 1901 ritur,
2456 1852 2556 1908 qua
2597 1836 2664 1892 de
2689 1850 2850 1891 causa
2890 1836 3205 1907 quibusdam
3245 1837 3442 1892 sanctis
3473 1838 3613 1893 Deus
3649 1854 3851 1894 nomen

2255 1927 2602 1997 imposuerit,
2636 1927 2951 1997 quibusdam
2989 1943 3095 1981 non
3125 1927 3456 1996 imposuerit.
3487 1927 3675 1998 Neque
3704 1930 3849 1983 enim

2254 2020 2501 2074 omnibus
2522 2020 2721 2074 sanctis
2743 2018 2952 2074 nomina
2976 2018 3227 2088 imposuit
3248 2018 3380 2087 ipse,
3406 2033 3577 2087 neque
3598 2017 3651 2071 in
3675 2017 3850 2083 Novo,

2254 2127 2426 2182 neque
2448 2112 2498 2165 in
2525 2110 2701 2165 Veteri
2725 2110 3097 2172 Testamento;
3126 2107 3376 2178 quodque
3398 2108 3450 2161 in
3473 2107 3622 2161 Novo
3643 2106 3849 2162 factum

2253 2211 2355 2268 est,
2380 2201 2431 2257 id
2454 2202 2612 2256 etiam
2638 2202 2693 2255 in
2718 2200 2917 2265 Veteri,
2942 2210 2998 2254 ut
3026 2214 3188 2254 unum
3217 2199 3491 2268 utriusque
3511 2196 3849 2253 Testamenti

2256 2293 2536 2347 Dominum
2563 2306 2683 2347 esse
2707 2305 3019 2361 cognoscas.
3050 2288 3231 2358 Itaque
3259 2288 3310 2342 in
3337 2288 3487 2345 Novo
3515 2289 3733 2358 quidem
3763 2289 3854 2344 Si-

2253 2385 2398 2439 moni
2423 2383 2669 2439 Christus
2695 2382 2837 2436 Petri
2866 2396 3058 2436 nomen
3088 2379 3359 2450 imposuit,
3381 2387 3435 2434 et
3455 2378 3578 2434 [iliis
3598 2378 3851 2434 Zebedai

2251 2474 2452 2530 Iacobo
2480 2484 2535 2528 et
2570 2472 2761 2528 Joanni
2794 2472 3053 2526 Filiorum
3083 2470 3331 2536 tonitrui,
3362 2471 3493 2526 solis
3520 2470 3636 2524 istis
3669 2487 3684 2523 :
3716 2470 3849 2525 reli-

2252 2581 2478 2637 quorum
2500 2573 2675 2620 autem
2704 2563 3085 2634 discipulorum
3112 2564 3335 2629 nemini,
3363 2563 3458 2618 sed
3481 2578 3607 2618 snas
3631 2563 3736 2617 illis
3754 2578 3850 2631 ap-

2254 2659 2568 2729 pellationes
2606 2658 2852 2728 reliquit,
2883 2672 3013 2727 quas
3060 2673 3091 2711 a
3136 2656 3395 2727 principio
3438 2666 3690 2727 parentes
3740 2658 3851 2714 illis

2252 2751 2643 2822 imposuerant;
2677 2753 2730 2805 in
2762 2750 2941 2805 Veteri
2973 2760 3150 2804 autem
3181 2749 3484 2805 Abrahamo
3516 2765 3714 2806 nomen
3745 2750 3848 2804 im-

2253 2843 2478 2897 mutavit
2509 2843 2647 2897 Deus
2675 2850 2731 2897 et
2754 2841 2919 2896 Jaeoh
2951 2859 2964 2893 :
2997 2855 3100 2895 non
3132 2841 3256 2896 item
3287 2839 3509 2910 Joseplt,
3541 2856 3718 2910 neque
3745 2840 3850 2897 διο

2250 2934 2415 2989 mueli
2439 2974 2454 2999 ,
2488 2948 2661 3004 neque
2691 2932 2871 2988 Davidi
2898 2974 2913 2999 ,
2943 2948 3115 3003 neque
3147 2932 3310 2988 Helia:
3335 2974 3349 2999 ,
3383 2948 3556 3004 neque
3609 2934 3843 3001 Elisazo,

2251 3040 2426 3095 neque
2445 3024 2655 3080 caeteris
2682 3023 2980 3094 prophetis,
3009 3023 3101 3078 sed
3130 3032 3182 3077 ut
3211 3024 3415 3092 priores
3438 3024 3508 3077 illi
3530 3024 3853 3093 appellatio-

2254 3134 2347 3174 nes
2379 3119 2690 3183 retinerent,
2719 3116 2977 3186 permisit.
3012 3115 3134 3172 llzrc
3157 3116 3368 3186 quidem
3398 3117 3566 3185 prima
3593 3124 3680 3171 est
3698 3132 3850 3187 qum-

2252 3210 2386 3276 stio,
2417 3224 2580 3278 quare
2620 3206 2935 3277 quibusdam
2964 3220 3031 3262 ex
3073 3207 3270 3261 sanctis
3311 3208 3585 3260 immutata
3618 3207 3725 3259 sint
3751 3223 3852 3260 no-

2255 3302 2419 3365 mina,
2459 3300 2773 3371 quibusdam
2809 3314 2912 3354 non
2959 3299 3082 3354 item
3113 3315 3125 3351 :
3156 3297 3385 3353 secunda
3410 3313 3537 3353 vero
3558 3308 3677 3368 post
3699 3298 3849 3353 illam

2255 3404 2357 3460 ρει,
2385 3410 2481 3447 cur
2502 3408 2566 3447 ex
2595 3392 2677 3445 his
2706 3391 3022 3461 quibusdam
3052 3392 3103 3444 in
3132 3389 3303 3444 media
3329 3397 3489 3443 tetate
3517 3397 3717 3443 mutata
3740 3390 3852 3443 sint

2255 3486 2491 3549 nomina,
2514 3482 2829 3553 quibusdam
2860 3481 2926 3536 ab
2955 3481 3304 3551 initio,atque
3332 3490 3455 3535 ante
3480 3489 3678 3537 ortum.
3711 3480 3849 3535 Nam

2254 3576 2413 3632 Petro
2440 3575 2652 3646 quidem
2683 3582 2737 3631 et
2763 3572 2963 3628 Jacobo
2987 3580 3042 3627 et
3067 3570 3255 3627 Joanni
3286 3571 3338 3624 in
3366 3570 3539 3625 media
3566 3579 3725 3625 aetate
3751 3587 3851 3624 no-

2253 3666 2395 3721 mina
2432 3664 2677 3720 Christus
2720 3662 3019 3718 immutavit
3062 3680 3075 3720 :
3114 3660 3300 3718 Joanni
3344 3672 3522 3716 autem
3556 3662 3809 3731 Baptistm
3833 3703 3848 3723 .

2257 3758 2561 3829 priusquam
2594 3757 2752 3811 etiam
2777 3771 2841 3811 ex
2871 3766 3020 3809 utero
3046 3754 3230 3808 matris
3260 3752 3514 3823 prodiret.
3547 3751 3695 3806 Venit
3714 3755 3852 3807 enim

2254 3848 2471 3918 angelus
2500 3845 2707 3900 Domini
2731 3886 2743 3909 ,
2772 3855 2818 3898 et
2848 3845 2973 3898 dixit
3002 3845 3023 3900 :'
3054 3844 3133 3898 Ne
3165 3845 3363 3910 timeas,
3403 3842 3657 3897 Zacltaria
3685 3861 3705 3899 :
3731 3860 3851 3898 ecce

2254 3956 2384 3995 uxor
2410 3949 2497 3993 tua
2526 3936 2751 3993 Elisabet
2789 3937 2949 4008 pariet
2983 3938 3146 4006 [ilium
3169 3978 3183 4001 ,
3213 3946 3262 3991 et
3294 3934 3493 3991 vocalis
3525 3952 3705 3990 nomen
3736 3939 3849 4005 ejus

2254 4030 2506 4085 Joannem
2531 4028 2689 4101 (Luc.
2716 4030 2767 4083 1.
2798 4027 2919 4101 15).
2948 4028 3110 4083 Vides
3137 4026 3443 4099 impositum
3467 4028 3540 4081 illi
3566 4026 3729 4083 fuisse
3750 4044 3849 4082 no-

2255 4137 2399 4186 men,
2429 4132 2713 4190 antequam
2755 4119 3108 4174 nasceretur?
3138 4120 3250 4174 Hoc
3279 4129 3331 4175 et
3361 4120 3413 4174 in
3445 4117 3622 4174 Veteri
3650 4118 3847 4174 accidit

2255 4212 2617 4267 Testamento.
2643 4209 2711 4267 Ut
2738 4211 2881 4265 enim
2912 4210 2963 4264 in
2992 4209 3140 4266 Novo
3164 4209 3353 4264 Petrus
3378 4208 3591 4279 quidem
3613 4219 3666 4264 et
3683 4208 3847 4264 Jaco-

2255 4302 2355 4357 bus
2384 4310 2438 4356 et
2474 4301 2708 4357 Joannes
2737 4301 2791 4355 in
2822 4300 2960 4357 virili
3004 4308 3165 4356 artato
3211 4314 3406 4356 nomen
3452 4299 3595 4354 aliud
3623 4314 3848 4367 accere-

2255 4403 2397 4461 runt,
2420 4406 2473 4449 et
2493 4393 2691 4463 duplici
2719 4394 2935 4448 nomine
2959 4404 3081 4447 sunt
3108 4393 3382 4462 appellati,
3404 4391 3595 4447 Joanm
3614 4408 3641 4447 s
3660 4400 3841 4446 autem

2256 4483 2488 4553 Baptista
2518 4500 2712 4539 nomen
2742 4483 2944 4553 accepit
2983 4493 3268 4553 antequam
3302 4494 3609 4538 nasceretur
3639 4502 3651 4536 :
3684 4483 3763 4538 sic
3790 4493 3852 4538 et
3894 4492 3899 4497 '

2256 4576 2307 4629 in
2342 4574 2516 4629 Veteri
2549 4576 2855 4630 Abrahamo
2881 4574 3093 4646 quidem
3125 4586 3178 4629 et
3203 4574 3368 4630 Jacob
3398 4576 3450 4629 in
3484 4575 3653 4630 media
3685 4584 3849 4629 actate

2262 4683 2455 4723 nomen
2485 4676 2565 4723 cst
2597 4668 2931 4722 innnutatum
2958 4684 2973 4731 ;
3008 4684 3129 4722 nam
3163 4668 3249 4722 ille
3275 4669 3490 4738 quidem
3520 4668 3717 4722 Abram
3743 4681 3846 4719 vo-

2259 4759 2510 4825 cabatur,
2552 4767 2606 4814 et
2647 4758 2911 4812 Abraham
2950 4768 3168 4813 vocatus
3211 4767 3295 4813 est
3329 4777 3342 4813 :
3376 4758 3462 4813 hic
3504 4773 3630 4814 vero
3674 4756 3849 4813 Jaeob

2253 4851 2559 4913 vocabatur,
2589 4859 2642 4906 et
2670 4850 2828 4906 lsrael
2856 4858 2938 4905 est
2962 4860 3198 4905 vocatus.
3232 4849 3378 4904 Isaac
3405 4859 3583 4904 autem
3617 4863 3725 4902 non
3746 4849 3851 4917 ita,

2253 4941 2348 4997 sed
2392 4952 2674 5012 antequam
2728 4950 2878 5010 partu
2929 4939 3216 5005 ederetur,
3259 4955 3456 4994 nomen
3503 4939 3736 5009 accepit;
3790 4949 3851 4993 et

2252 5033 2704 5105 quemadmodum
2737 5033 2842 5087 illic
2867 5032 3091 5103 angelus
3118 5032 3250 5087 dixit
3282 5050 3295 5086 :
3331 5031 3474 5087 Uxor
3504 5041 3591 5086 tua
3618 5032 3672 5085 in
3698 5040 3849 5085 utero

2251 5125 2514 5196 concipiet,
2546 5135 2593 5179 et
2622 5126 2783 5196 pariet
2808 5125 2992 5194 ﬁlium,
3022 5134 3069 5178 et
3102 5123 3299 5178 vocabis
3323 5140 3508 5178 nomen
3535 5124 3645 5194 ejus
3669 5119 3849 5176 Joan-

2252 5231 2405 5271 nem:
2436 5217 2506 5270 ita
2537 5216 2623 5270 hic
2648 5230 2861 5287 quoque
2890 5216 3031 5272 Deus
3071 5215 3137 5270 ad
3184 5215 3453 5270 Abraham
3492 5214 3626 5269 dixit
3652 5232 3665 5268 :
3697 5210 3850 5268 Uxor

2253 5317 2339 5361 tua
2369 5305 2530 5362 Sarra
2568 5306 2729 5377 pariet
2770 5307 2934 5375 ﬁlium
2958 5348 2972 5370 ,
3014 5314 3060 5359 et
3103 5305 3301 5360 vocabis
3345 5320 3526 5359 nomen
3553 5304 3666 5375 ejus
3687 5302 3847 5358 Isaac

2252 5398 2423 5470 (Gen.
2456 5400 2543 5455 17.
2590 5399 2715 5470 19).
2748 5398 2863 5456 Una
2907 5399 3068 5469 igitur
3097 5397 3214 5454 haec
3255 5398 3481 5469 qumstio
3522 5407 3645 5461 est,
3674 5413 3843 5464 quare

2252 5490 2521 5545 nonnullis
2543 5499 2799 5543 mutatum
2819 5489 2885 5544 sit
2903 5504 3117 5554 nomen,
3147 5488 3416 5543 nonnullis
3436 5501 3563 5541 vero
3583 5482 3842 5539 minime:

2250 5581 2413 5635 altera
2445 5596 2573 5635 vero
2606 5580 2675 5634 ab
2716 5580 2799 5634 illa
2822 5619 2836 5643 ,
2869 5594 2965 5634 cur
3002 5578 3214 5633 tandem
3257 5577 3525 5632 nonnullis
3581 5577 3759 5632 medio
3788 5592 3851 5632 In

2247 5674 2421 5728 aetatis
2445 5672 2707 5738 decursu,
2738 5670 3009 5726 nonnullis
3036 5669 3195 5723 etiam
3237 5678 3519 5739 antequam
3551 5681 3849 5725 nasceren-

2251 5771 2370 5827 tur;
2400 5760 2558 5833 idque
2584 5764 2636 5815 in
2668 5770 2891 5830 utroque
2920 5759 3282 5814 Testamento.
3310 5756 3418 5813 Nos
3446 5764 3622 5810 autem
3651 5762 3716 5808 ad
3743 5767 3856 5825 po-
