4060 6252
312 423 711 496 μετωνομάσθη
735 439 747 450 ·
797 424 911 478 ἀλλ’
957 423 1120 487 ἕωλος
1165 415 1320 487 οὗτος
1372 426 1400 476 6
1449 423 1605 492 λόγος
1653 426 1744 478 καὶ
1787 426 1888 478 οὐκ

307 512 537 585 ἀληθὴς,
574 514 668 567 καὶ
703 513 790 567 διά
821 513 977 566 τοῦτο
1006 505 1168 567 αὐτὸν
1202 513 1423 566 τέθεικα
1456 515 1536 577 εἰς
1576 515 1768 585 μέσον,
1807 515 1894 568 ἵνα

313 605 388 675 μὴ
425 605 846 678 παρακρούησοε
890 607 1009 669 ταῖς
1041 605 1227 675 ψιλαῖς
1259 607 1628 676 αἰτιολογίαις.
1668 608 1890 679 Πρῶτον

313 697 412 767 μὲν
433 697 542 768 γάρ
568 699 616 749 οί
642 700 815 764 γονεῖς
844 697 994 768 αὐτῷ
1021 697 1181 752 τοῦτο
1210 698 1484 752 τεθείκασι
1509 699 1746 770 τοῦνομα
1771 701 1892 772 οὐχὶ

309 789 584 860 προφῆται
627 805 770 853 τινες
815 789 988 852 ὄντες,
1045 791 1140 843 καὶ
1184 791 1246 843 τὸ
1286 790 1476 862 μέλλον
1525 791 1886 862 προορῶντες.

311 883 540 934 Ἔπειτα
581 885 629 935 εί
673 882 764 935 διὰ
811 883 972 937 τοῦτο
1023 884 1224 947 Σαῦλος
1270 879 1507 951 ἐλέγετο,
1551 883 1740 954 ἐπειδὴ
1791 883 1889 956 τὴν

318 971 644 1041 Ἐκκλησίαν
672 971 897 1025 ἐσάλευε
927 972 1022 1024 καὶ
1051 973 1364 1042 ἐτάραττεν,
1397 971 1502 1023 ἔδει
1537 973 1888 1041 παυσάμενον

304 1063 468 1116 αὐτὸν
507 1061 601 1114 τοῦ
645 1061 894 1116 σαλεύειν
941 1063 1040 1132 τὴν
1097 1059 1420 1130 Ἐκκλησίαν
1457 1059 1660 1124 εὐθέως
1694 1061 1788 1114 καὶ
1826 1061 1886 1112 τὸ

303 1153 476 1224 ὄνομα
531 1153 864 1207 ἀποθέσθαι·
921 1153 1014 1205 νῦν
1067 1152 1122 1204 δὲ
1164 1151 1380 1222 ὁρῶμεν
1423 1151 1584 1204 αὐτὸν
1638 1151 1732 1204 τοῦ
1789 1151 1886 1220 μὲν

307 1244 470 1298 σάλου
493 1244 602 1297 τῶν
624 1244 764 1296 κατά
793 1245 891 1313 τῆς
926 1243 1249 1312 Ἐκκλησίας
1281 1243 1616 1306 ἀποστάντα,
1637 1243 1699 1294 τὸ
1719 1242 1890 1313 ὄνομα

302 1336 360 1389 δὲ
393 1335 540 1407 [111]
574 1336 672 1388 οὐκ
699 1335 1058 1405 ἀποθέμενον,
1088 1334 1204 1388 ἀλλ’
1237 1334 1316 1386 ἔτι
1340 1333 1546 1388 Σαῦλον
1573 1334 1885 1404 λεγόμενον.

307 1425 409 1479 Καὶ
436 1426 524 1479 ἵνα
549 1425 622 1496 μὴ
647 1426 906 1496 νομίσητε
929 1427 1010 1478 ὅτι
1035 1424 1520 1496 παρακρουόμενος
1547 1425 1691 1494 ὑμᾶς
1715 1425 1888 1479 ταῦτα

303 1517 464 1585 λέγω,
493 1516 697 1572 ἀνωθεν
719 1518 848 1586 ὑμῖν
870 1515 1028 1569 τοῦτο
1049 1515 1254 1586 ἀπαριθ
1265 1517 1526 1586 μήσομαι.
1565 1515 1888 1580 Ἐξέϐαλον

302 1609 407 1662 τὸν
440 1607 764 1676 Στέφανον,
803 1607 956 1676 φησὶ,
989 1606 1083 1658 καὶ
1118 1605 1510 1659 ἐλιθοϐόλουν
1535 1605 1752 1671 αὐτὸν,
1783 1605 1883 1660 καὶ

300 1703 356 1754 οἱ
381 1699 680 1768 μάρτυρες
709 1697 999 1752 ἀπέθεντο
1026 1697 1096 1750 τὰ
1119 1696 1315 1766 ίμάτια
1339 1695 1538 1750 αὐτῶν
1561 1697 1722 1765 παρὰ
1743 1697 1886 1762 τοὺς

302 1790 496 1855 πόδας
542 1791 786 1849 νεανίου
827 1789 1202 1857 καλουμένου
1243 1789 1512 1842 Σαύλου’
1555 1789 1648 1840 καὶ
1687 1787 1884 1854 πάλιν,

303 1880 542 1946 Σαῦλος
585 1877 652 1932 δέ
690 1879 770 1948 ἦν
801 1878 1188 1933 συνευδοκῶν
1223 1877 1297 1945 τῇ
1333 1876 1634 1947 ἀναιρέσει
1667 1878 1884 1932 αὐτοῦ·

304 1972 399 2024 καὶ
430 1970 684 2041 ἀλλαχοῦ,
719 1970 956 2036 Σαῦλος
987 1970 1056 2024 δὲ
1089 1970 1443 2037 ἐλυμαίνετο
1482 1970 1596 2037 τὴν
1635 1969 1888 2037 Ἐκκλη-

302 2063 451 2116 σίαν
489 2064 639 2117 κατὰ
685 2064 828 2129 τοὺς
866 2063 1074 2128 οτκους
1118 2064 1646 2131 εἰσπορευόμενος,
1685 2063 1888 2130 σύρων

299 2164 366 2206 τε
407 2151 634 2220 ἄνδρας
678 2154 774 2206 καὶ
814 2153 1137 2221 Δγυναῖκας·
1186 2153 1280 2206 καὶ
1314 2153 1504 2218 πάλιν,
1551 2153 1786 2219 Σαῦλος
1819 2153 1889 2206 δὲ

299 2243 387 2296 ἔτι
417 2243 692 2312 ἐμπνέων
719 2243 976 2312 ἀπειλῆς
1001 2245 1095 2298 καὶ
1121 2245 1312 2314 φόνου
1337 2247 1424 2310 εὶς
1453 2243 1594 2311 τοὺς
1616 2243 1886 2313 μαθητὰς

299 2333 404 2388 τοῦ
432 2335 674 2402 Κυρίου·
709 2335 800 2386 καὶ
827 2335 1009 2398 πάλιν,
1046 2336 1311 2389 ἽΙκουσε
1341 2334 1552 2403 φωνὴν
1576 2335 1886 2404 λέγουσαν

297 2426 479 2491 αὐτῷ,
499 2427 717 2492 Σαοὺλ,
745 2427 966 2490 Σαοὺλ,
990 2427 1046 2479 τί
1065 2443 1141 2495 με
1167 2427 1437 2491 διώκεις;
1463 2427 1672 2480 Οὐκοῦν
1700 2427 1886 2480 ἐντεῦ-

298 2520 391 2572 θεν
429 2517 589 2572 αὑτὸν
621 2517 727 2571 ἔδει
766 2517 951 2571 λοιπὸν
990 2517 1292 2571 ἀποθέσθαι
1321 2518 1381 2570 τὸ
1409 2519 1600 2588 ὄνομα,
1642 2519 1737 2572 καὶ
1775 2519 1884 2590 γάρ

299 2613 508 2680 ἀπέστη
539 2611 632 2664 τοῦ
657 2609 894 2666 διώκειν.
931 2611 995 2662 Τί
1023 2607 1150 2674 οῦν;
1179 2609 1381 2673 εὐθέως
1407 2610 1670 2676 ἀπέθετο;
1707 2611 1882 2666 Οὐδα-

305 2701 439 2770 μῶς,
472 2703 567 2755 καὶ
609 2701 764 2755 τοῦτο
817 2705 880 2756 ἐκ
920 2703 1030 2758 τῶν
1079 2703 1203 2773 ἐξῆς
1237 2703 1428 2774 δῆλον·
1481 2707 1732 2756 σκοπεῖτε
1783 2704 1876 2757 δέ·

313 2791 557 2861 Ἠγέρθη
603 2795 838 2860 Σαῦλος
870 2795 988 2849 ἀπὸ
1027 2795 1137 2862 τῆς
1181 2793 1325 2864 γῆς,
1359 2795 1457 2849 καὶ
1493 2797 1884 2865 ἀνεῳγμένων

300 2881 420 2936 τῶν
454 2883 779 2952 ὀφθαλμῶν
806 2885 993 2939 αὐτοῦ
1021 2885 1240 2938 οὐδένα
1271 2885 1488 2939 ἓϐλεπε
1508 2903 1520 2916 ·
1565 2887 1656 2939 καὶ
1682 2887 1844 2940 πάλιν
1865 2902 1878 2916 ·

301 2971 450 3030 Ehe
481 2977 549 3029 δὲ
575 2978 792 3044 Κύριος
837 2976 919 3042 τῷ
977 2979 1206 3044 Ἀνανίᾳ
1227 2991 1242 3006 θ
1283 2979 1608 3046 Πορεύθητι
1650 2981 1738 3043 εἷς
1769 2977 1885 3047 τὴν

295 3067 498 3136 ῥύμην
541 3067 921 3137 καίουμένην
961 3067 1254 3134 Εὐθεῖαν,
1301 3067 1584 3135 εὑρήσεις
1616 3068 1687 3121 ἐν
1728 3070 1884 3136 οἰκίᾳ

311 3157 500 3213 Ἰούδα
549 3159 785 3212 Σαῦλον
826 3151 1068 3228 ὀνόματι
1089 3175 1102 3188 ·
1155 3159 1249 3213 καὶ
1284 3159 1446 3213 πάλιν
1465 3201 1478 3225 ,
1515 3159 1822 3214 Εἰσελθὼν
1851 3163 1884 3214 ό

315 3251 580 3316 Ἁνανίας
617 3245 776 3315 εἷπε,
815 3251 1014 3304 Σαοὺλ
1049 3249 1306 3319 ἀδελφέ,
1341 3249 1688 3305 ἀπέσταλκε
1725 3269 1802 3321 με
1850 3254 1884 3305 ὁ

299 3343 534 3411 Κύριος,
568 3346 599 3396 ὀ
631 3343 834 3411 ὀφθείς
865 3357 963 3396 σοι
993 3343 1063 3395 ἐν
1095 3341 1169 3410 τῇ
1201 3340 1338 3408 ὁδῷ,
1373 3341 1474 3396 ἵνα
1504 3343 1878 3412 ἀναϐλέψῃς.

297 3430 436 3490 Εἶτα
465 3435 668 3506 ἤρξατο
697 3433 992 3505 κηρύσσειν
1031 3435 1126 3486 καὶ
1159 3435 1377 3504 συνέχεε
1406 3434 1534 3494 τοὺς
1567 3433 1880 3500 Ἰουδαίους,

297 3529 394 3581 καὶ
433 3527 554 3579 οὕδέ
591 3526 763 3589 οὕτως
788 3527 848 3578 τὸ
890 3526 1059 3594 ὅνομα
1092 3525 1348 3585 ἀπέθετο,
1401 3523 1514 3576 ἀλλ’
1561 3524 1640 3577 ἔτι
1681 3524 1886 3589 Σαῦλος

299 3618 536 3686 ἐλέγετο.
585 3617 882 3687 Ἐγνώσθη
919 3616 1046 3687 γὰρ,
1081 3616 1246 3686 φησὶ,
1293 3613 1373 3680 τῷ
1425 3615 1640 3679 Σαύλῳ
1682 3616 1720 3683 ἠ
1755 3614 1885 3667 ἑπι-

296 3711 490 3775 ϐουλὴ
534 3707 652 3761 τῶν
711 3708 1035 3763 Ἰουδαίων.
1082 3703 1206 3778 Ἆρ’
1252 3701 1346 3760 οὖν
1392 3705 1626 3767 ἐνταῦθα
1686 3706 1880 3776 μόνον;

294 3799 584 3870 Οὐδαμῶς,
621 3799 760 3865 ἀλλ’,
807 3795 1069 3866 Ἐγένετο
1108 3797 1304 3866 λιμὸς,
1343 3796 1498 3867 φησὶ,
1534 3797 1631 3850 καί
1658 3796 1886 3864 ὥρισαν

295 3895 351 3946 οι
375 3891 636 3962 μαθηταὶ
661 3890 890 3958 πέμψαι
916 3891 1004 3953 εὶς
1039 3889 1418 3956 Ἰεροσόλυμα
1439 3886 1564 3952 τοῖς
1588 3889 1778 3957 ἁγίοις
1799 3890 1885 3954 εἰς

293 3981 634 4036 διακονίαν.
671 3981 992 4048 νΕπεμψ-αν
1019 3978 1086 4038 δὲ
1117 3977 1212 4032 διὰ
1247 3977 1446 4046 χειρὸς
1475 3977 1750 4046 Βαρνάϐα
1785 3980 1883 4035 καὶ

295 4076 560 4129 Σαύλου.
612 4072 742 4124 Ἰδοὺ
781 4072 1020 4124 διακονεῖ
1054 4073 1165 4133 τοῖς
1197 4070 1392 4137 ἁγίοις,
1427 4071 1520 4123 καὶ¹
1563 4069 1644 4122 ἔτι
1680 4069 1886 4134 Σαῦλος

294 4165 538 4233 λέγεται.
569 4161 800 4232 Εἰσῆλθε
835 4161 929 4214 καὶ
964 4160 1102 4231 μετά
1131 4159 1305 4214 ταῦτα
1329 4159 1616 4230 Βαρνάϐας
1645 4163 1724 4224 εἰς
1766 4162 1884 4214 Ἀν-

293 4255 558 4324 τιόχειαν,
588 4255 682 4305 καὶ
713 4251 838 4304 ἰδὼν
868 4250 964 4322 τὴν
993 4252 1155 4322 χάριν
1192 4251 1288 4304 τοῦ
1315 4250 1452 4304 Θεοῦ
1472 4293 1487 4317 ,
1519 4253 1613 4304 καὶ
1637 4251 1719 4304 δτι
1745 4251 1883 4323 πλῆ-

295 4345 394 4408 θος
437 4339 504 4414 ἦν
535 4345 653 4396 ἐκεῖ
687 4341 844 4404 πολὺ,
888 4340 1112 4410 ἐξῆλθεν
1161 4341 1240 4404 είς
1279 4341 1490 4410 Ταρσὸν
1539 4341 1882 4412 ἀναζητῆσαι

299 4433 522 4488 Σαῦλον.
581 4433 712 4486 Ἰδοὺ
753 4431 848 4485 καὶ
880 4431 1205 4500 ἐπιστρέφει
1241 4431 1488 4494 πολλοὺς,
1540 4433 1633 4485 καὶ
1678 4433 1882 4496 Σαῦλος

295 4527 514 4593 λέγεται
536 4541 548 4554 '
583 4525 678 4578 καὶ
717 4524 878 4578 πάλιν
903 4542 915 4556 ·
962 4519 1187 4586 Ἦσαν,
1219 4523 1384 4594 φησὶν
1404 4565 1417 4588 ,
1449 4523 1520 4576 έν
1562 4526 1884 4594 Ἀντιοχείᾳ

297 4619 452 4672 κατὰ
485 4619 598 4686 τὴν
623 4613 821 4672 οὖσαν
859 4617 1228 4682 Ἐκκλησίαν
1265 4615 1564 4684 προφῆται
1600 4617 1700 4669 καὶ
1729 4616 1883 4670 διδά-

293 4715 538 4774 σκαλοι,
568 4711 810 4780 Συμεὼν
833 4714 864 4764 ό
889 4709 1260 4779 καλούμενος
1285 4708 1480 4777 Νίγερ,
1509 4709 1606 4762 καὶ
1629 4711 1882 4776 Λούκιος

295 4807 330 4861 ὁ
361 4804 712 4873 Κύρηναῖος,
748 4800 1000 4866 Μαναήν
1029 4819 1092 4854 τε
1131 4798 1380 4868 Ἡρώδου
1421 4800 1526 4854 τοῦ
1555 4801 1882 4872 τετράρχου

295 4897 675 4966 σύντροφος,
731 4895 828 4947 καὶ
885 4893 1142 4957 Σαῦλος.
1207 4891 1338 4944 Ἰδοὺ
1407 4893 1500 4946 καὶ
1563 4893 1882 4960 διδάσκαλος

293 4988 516 5055 ἐγένετο
550 4987 644 5038 καὶ
675 4984 982 5055 προφήτης,
1032 4983 1126 5035 καὶ
1154 4981 1234 5034 ἔτι
1266 4979 1470 5043 Σαῦλος
1497 4981 1734 5051 ἐλέγετο.
1771 4985 1882 5038 Καὶ

296 5077 492 5140 πάλιν,
531 5075 1046 5144 Λειτουργούντων
1085 5071 1153 5126 δὲ
1191 5070 1390 5126 αὐτῶν
1426 5072 1504 5137 τῷ
1546 5075 1740 5142 Κυρίῳ
1781 5077 1880 5130 καί

294 5168 740 5234 νηστευόντων,
766 5161 896 5218 εἷπε
931 5164 994 5216 τὸ
1035 5162 1276 5231 Πνεῦμα
1302 5162 1367 5215 τὸ
1403 5161 1594 5232 ἅγιον·
1652 5165 1881 5234 Ἀφορί-

295 5259 452 5317 σατέ
471 5277 572 5328 μοι
602 5258 708 5310 τὸν
741 5255 1054 5325 Βαρνάϐαν
1079 5255 1178 5307 καὶ
1207 5254 1312 5307 τὸν
1344 5255 1604 5308 Σαῦλον.

373 5351 444 5419 1’.
493 5350 624 5403 Ἰδοῦ
663 5349 758 5402 καὶ
785 5347 1103 5418 ἀφορίζεται
1143 5345 1248 5398 ὑπὸ
1278 5345 1370 5399 τοῦ
1411 5345 1747 5416 Ιῐνεύματος,
1785 5351 1882 5404 καὶ

295 5443 513 5500 οὐδέπω
537 5441 598 5493 τὸ
622 5439 794 5510 ὄνομα
822 5437 1161 5502 ἀποτίθεται,
1195 5437 1311 5490 ἀλλ’
1329 5439 1418 5490 ὅτε
1436 5433 1598 5507 ἦλθεν
1617 5441 1696 5502 είς
1715 5439 1884 5494 Σαλα-

303 5539 456 5609 μῖνα,
486 5535 575 5588 ὅτε
607 5533 696 5584 τὸν
723 5532 896 5602 μάγον
920 5525 1066 5601 εὗρε,
1093 5529 1212 5583 τότε
1250 5529 1413 5600 φησιν
1439 5531 1467 5581 ό
1509 5531 1724 5594 Λουκᾶς
1755 5535 1880 5604 περὶ

299 5629 468 5684 αὑτοῦ
489 5647 500 5659 ·
531 5627 766 5691 Σαῦλος
788 5625 875 5688 δὲ,
907 5628 938 5679 ὁ
962 5625 1058 5678 καὶ
1097 5625 1355 5691 Παῦλος,
1381 5623 1676 5690 πλησθεὶς
1697 5627 1881 5680 Πνεύ-

295 5737 486 5794 ματος
525 5719 716 5788 ἁγίου,
752 5713 937 5768 εἶπεν.
981 5714 1258 5768 Ἐντεῦθεν
1361 5713 1502 5786 ἀρχὴ
1533 5713 1629 5784 τῆς
1657 5733 1875 5785 μετονο-

1442 313 1532 370 DE
1565 311 1970 373 MUTATIONE
2013 319 2354 376 NOMINUM.
2391 319 2454 375 ll.

3479 325 3580 379 ίεὸ

2002 427 2202 496 μασίας
2230 428 2459 496 ἐγίνετο.
2483 427 2574 499 Μὴ
2599 429 2778 482 τοίνυν
2805 430 3183 501 ἀποκάμωμεν
3213 426 3304 484 τόν
3323 433 3449 503 περὶ
3467 434 3578 488 τῶν

1994 519 2272 589 ὀνομάτων
2317 517 2504 572 τοῦτον
2551 518 2838 591 ζητοῦντες
2873 521 3050 590 λόγον.
3109 521 3423 593 Ὀνομάτων
3463 525 3574 598 γὰρ

1995 607 2212 680 εὕρεσις
2241 609 2334 662 καὶ
2364 611 2421 662 ἐν
2451 613 2563 674 τοῖς
2593 609 2868 680 βιωτικοῖς
2907 611 3198 682 πράγμασι
3229 614 3429 684 πολλὴν
3462 615 3575 686 ἔχει

1993 699 2090 770 τὴν
2123 699 2294 770 ἰσχύν.
2340 701 2452 754 Καὶ
2479 701 2591 771 γὰρ
2617 701 3037 773 άναγνωρισμὸν
3083 702 3169 755 διὰ
3208 703 3408 757 πολλοῦ
3448 707 3576 776 x96-

1993 807 2084 843 νου
2105 791 2368 854 πολλάκις
2395 793 2708 862 εἰργάσατο,
2739 793 2833 846 καὶ
2859 794 3182 862 συγγένειαν
3205 795 3578 850 λανθάνουσαν

1992 880 2338 954 ἐφανέρωσεῦ
2367 883 2647 953 ὀνομάτων
2671 883 2908 954 εὕρεσις,
2933 887 3025 938 καὶ
3049 885 3492 957 ἀμφισϐητήσεις
3517 887 3575 938 ἐν

1989 973 2328 1045 δικαστηρίῳ
2358 974 2546 1038 έλυσε,
2582 974 2677 1027 καὶ
2716 975 2895 1044 μάχας
2941 976 3180 1043 καθεῖλε,
3217 978 3311 1030 καὶ
3341 977 3577 1048 πόλεμον

1991 1066 2212 1121 ἔσϐεσεν
2239 1069 2520 1138 ὀνομάτων
2549 1067 2785 1139 εὕρεσις,
2816 1069 2908 1122 καὶ
2934 1070 3191 1133 πολλάκις
3221 1070 3477 1134 ὑπόθεσις
3506 1072 3579 1124 εἰ-

1993 1159 2162 1228 ρήνης
2183 1158 2427 1228 γέγονεν.
2461 1161 2524 1212 Εἰ
2551 1159 2608 1211 δέ
2643 1161 2700 1212 ἐν
2731 1163 2841 1224 τοῖς
2873 1160 3145 1230 βιωτικοῖς
3172 1162 3464 1232 πράγμασι
3491 1179 3578 1215 το-

1993 1249 2215 1320 σαύτηή
2245 1249 2477 1320 δύναμις
2499 1249 2600 1320 τῆς
2626 1250 2736 1302 τῶν
2767 1252 3046 1321 ὀνομάτων
3073 1253 3367 1322 εὑρέσεως,
3397 1252 3578 1323 πολλῷ

1994 1342 2194 1412 μᾶλλον
2238 1343 2294 1394 ἐν
2329 1345 2442 1404 τοῖς
2476 1346 2892 1412 πνευματικοῖς.
2939 1344 3212 1414 Πρότερον
3264 1345 3321 1397 δὲ
3361 1345 3576 1412 ἀνάγκη

1989 1431 2130 1486 αὺτά
2165 1431 2234 1484 τά
2285 1430 2571 1503 ζητήματα
2617 1432 2892 1502 διακρῖναι
2945 1433 3086 1502 μετά
3123 1434 3429 1504 ἀκριϐείας.
3467 1435 3576 1504 Ζη-

1989 1524 2164 1575 τεῖται
2201 1523 2378 1575 τοίνυν
2431 1521 2582 1593 [HQ]
2621 1521 2838 1592 πρῶτον
2877 1523 2998 1592 μὲν,
3041 1522 3133 1575 διὰ
3168 1523 3220 1576 τί
3249 1525 3356 1576 τῶν
3407 1523 3577 1591 ἁγίων

1987 1617 2112 1679 τοὺς
2142 1615 2240 1685 μὲν
2261 1615 2547 1684 ὠνόμασεν
2577 1616 2604 1667 6
2627 1613 2776 1680 Θεὸς,
2807 1615 2932 1676 τοὺς
2953 1614 3008 1666 δὲ
3035 1615 3134 1666 οὐκ
3163 1614 3467 1684 ὠνόμασεν.
3499 1616 3572 1667 Οὐ

1986 1706 2096 1777 γάρ
2128 1705 2191 1776 δὴ
2225 1706 2434 1768 πάντας
2459 1705 2582 1768 τοὺς
2613 1705 2802 1772 ἁγίους
2831 1703 2994 1766 αὐτὸς
3028 1703 3332 1774 ὠνόμασεν,
3369 1702 3492 1756 οὕτε
3517 1703 3584 1754 ἐν-

1987 1799 2053 1868 τῇ
2089 1799 2264 1866 Καινῇ
2287 1837 2300 1860 ,
2344 1793 2468 1848 οὕτε
2509 1796 2566 1846 ἐν
2595 1797 2660 1864 τῇ
2693 1795 2940 1863 Παλαιᾷ·
2975 1793 3068 1846 καὶ
3095 1795 3232 1864 ὅπερ
3261 1793 3486 1860 γέγονεν
3517 1793 3576 1844 ἐν

1987 1891 2052 1959 τῇ
2079 1891 2274 1958 Καινῇ,
2300 1887 2458 1941 τοῦτο
2486 1887 2580 1940 καὶ
2608 1890 2665 1940 ἐν
2691 1889 2757 1958 τῇ
2787 1886 3019 1956 Παλαιᾷ,
3048 1885 3136 1938 ἵνα
3161 1886 3358 1956 μάθῃς,
3387 1887 3468 1938 ὅτι
3495 1879 3576 1947 εἷς

1987 1983 2134 2034 ἐστιν
2167 1983 2196 2034 6
2225 1979 2503 2052 Δεσπότης
2543 1978 2821 2050 ἑκατέρων
2853 1978 2962 2030 τῶν
3009 1977 3304 2048 διαθηκῶν.
3346 1977 3433 2029 Ἐν
3477 1976 3576 2045 μὲν

1986 2069 2080 2128 οὖν
2121 2075 2186 2144 τῇ
2233 2073 2407 2141 Καινῇ
2451 2071 2544 2124 τὸν
2585 2071 2804 2142 Σίμωνα
2851 2072 2880 2122 6
2922 2069 3157 2141 Χριστὸς
3189 2069 3393 2139 Πέτρον
3440 2067 3578 2121 ὠνό-

1991 2183 2152 2238 μασε,
2190 2164 2284 2218 καὶ
2315 2163 2386 2216 τὰ
2419 2163 2584 2216 τέκνα
2623 2161 2910 2216 Ζεϐεδαίου
2959 2159 3214 2214 Ἰάκωϐον
3251 2161 3343 2211 καὶ
3389 2159 3574 2211 Ἰωάν-

1986 2275 2085 2329 νην
2117 2257 2276 2318 Υίοῦς
2325 2254 2578 2325 βροντῆς,
2609 2254 2832 2314 τούτους
2881 2252 3104 2323 μόνους·
3143 2249 3252 2302 τῶν
3284 2249 3339 2302 δὲ
3371 2249 3574 2302 λοιπῶν

1987 2347 2246 2421 μαθητῶν
2279 2347 2498 2408 οὐδένα,
2527 2344 2642 2398 ἀλλ’
2685 2343 2896 2414 ἀφῆκεν
2926 2341 3124 2403 αὐτοὺς
3157 2341 3216 2393 ἐν
3251 2343 3372 2404 ταῖς
3404 2355 3576 2409 προσ-

1983 2440 2258 2509 ηγορίαις,
2291 2439 2348 2490 ἐν
2377 2431 2465 2500 αἷς
2495 2436 2677 2488 ἔθεντο
2706 2435 2904 2496 αὐτοὺς
2925 2432 2974 2485 οἱ
3005 2435 3184 2501 γονεῖς
3207 2432 3264 2498 ἐξ
3295 2432 3490 2502 ἀρχῆς-
3517 2434 3573 2484 ἐν

1980 2531 2036 2584 δέ
2071 2533 2135 2601 τῇ
2180 2529 2393 2599 Παλαιᾷ
2421 2527 2512 2580 τὸν
2562 2526 2812 2596 Ἀϐραάμ
2845 2527 2873 2578 6
2917 2524 3051 2586 Θεὸς
3083 2523 3434 2592 μετωνόμασε
3479 2521 3574 2574 καὶ

1980 2621 2072 2674 τὸν
2113 2619 2339 2673 Ἰακώϐ·
2372 2617 2496 2670 οὕτε
2528 2617 2584 2670 δὲ
2619 2617 2712 2669 τὸν
2749 2615 2970 2684 Ἰωσὴφ,
3008 2612 3132 2667 οὕτε
3167 2613 3259 2666 τὸν
3290 2612 3565 2682 Σαμουὴλ,

1979 2713 2102 2766 οὕτε
2127 2712 2217 2765 τὸν
2241 2710 2426 2772 Δαυῒδ,
2452 2709 2576 2762 οὕτε
2608 2708 2699 2761 τὸν
2737 2707 2943 2772 Ἠλίαν,
2972 2704 3095 2758 οὕτε
3117 2705 3206 2758 τὸν
3243 2705 3567 2766 Ἐλισσαῖον,

1980 2804 2103 2858 οὕτε
2152 2805 2277 2865 τοὺς
2314 2802 2537 2864 λοιποὺς
2586 2801 2904 2872 προφήτας,
2955 2797 3071 2851 ἀλλ’
3123 2797 3335 2866 ἀφῆκεν
3372 2795 3570 2856 αὐτοὺς

1981 2894 2074 2946 ἐπὶ
2103 2891 2207 2962 τῆς
2249 2889 2620 2962 προσηγορίας
2655 2888 2837 2958 μένειν
2865 2887 2965 2956 τῆς
3005 2887 3060 2938 ἐν
3100 2886 3266 2956 ἀρχῇ.
3325 2884 3421 2935 Ἓν
3471 2882 3571 2951 μὲν

1981 2981 2138 3035 τοῦτο
2193 2979 2408 3051 πρῶτον
2458 2977 2682 3048 ζήτημά
2723 2979 2860 3039 ἐστι,
2911 2974 3002 3028 διὰ
3053 2975 3106 3026 τί
3155 2973 3264 3025 τῶν
3307 2973 3478 3040 άγῐων
3519 2972 3568 3023 οἱ

1985 3073 2083 3143 μὲν
2142 3069 2676 3143 μετωνομάσθησαν,
2721 3067 2770 3119 οἱ
2813 3066 2870 3118 δέ
2915 3065 3012 3120 οὕ·
3059 3065 3308 3136 δεύτερον
3353 3064 3408 3116 δὲ
3450 3064 3567 3133 μετ’

1980 3166 2173 3230 ἐκεῖνο,
2208 3161 2294 3215 διὰ
2319 3162 2374 3214 τί
2401 3160 2605 3214 τούτων
2638 3161 2687 3211 οἱ
2723 3159 2820 3229 μὲν
2856 3159 2915 3210 ἐν
2947 3158 3088 3231 μέσῃ
3116 3159 3184 3228 τῇ
3227 3154 3412 3228 ἡλικίᾳ
3448 3171 3570 3226 μετ-

1979 3255 2342 3328 ωνομάζοντο,
2365 3254 2411 3306 οί
2437 3253 2494 3305 δὲ
2523 3250 2582 3316 ἐξ
2603 3251 2780 3322 ἀρχῆς
2801 3292 2815 3314 ,
2847 3251 2944 3304 καὶ
2970 3251 3076 3321 πρὸ
3109 3248 3287 3302 αὐτῶν
3316 3248 3422 3302 τῶν
3441 3245 3568 3300 ὠδί-

1979 3364 2108 3400 νων.
2142 3347 2246 3399 Τὸν
2272 3347 2369 3416 μὲν
2396 3345 2506 3415 γὰρ
2537 3343 2742 3414 Πέτρον
2767 3343 2860 3396 καὶ
2898 3341 3154 3396 Ἰάκωϐον
3183 3342 3276 3393 καὶ
3315 3340 3568 3410 Ἰωάννην

1981 3439 2038 3491 ἐν
2069 3438 2207 3508 μέσῃ
2237 3439 2304 3506 τῇ
2333 3436 2525 3506 ἡλικία
2559 3434 2942 3504 μετωνόμασεν
2968 3436 2994 3484 6
3024 3433 3278 3502 Χριστός·
3316 3432 3570 3500 Ἰωάννην

1981 3529 2040 3582 δὲ
2058 3529 2150 3581 τὸν
2175 3528 2487 3598 Βαπτιστὴν
2519 3526 2624 3595 πρὸ
2647 3525 2830 3578 αὐτῶν
2859 3527 2964 3577 τῶν
2995 3519 3425 3576 ὠδίνων.τΗλθε
3459 3523 3568 3590 γὰρ

1982 3618 2236 3690 ἅγγελος
2283 3617 2527 3684 Κυρίου,
2557 3615 2656 3668 καὶ
2699 3609 2856 3666 εἷπε·
2883 3611 2976 3680 Μὴ
3014 3611 3222 3680 φοϐοῦ,
3268 3613 3564 3679 Ζαχαρία·

1985 3708 2114 3763 ιδοὺ
2147 3707 2186 3774 ἠ
2229 3706 2381 3777 γυνή
2423 3722 2538 3761 σου
2599 3703 2910 3759 Ἐλισάϐετ
2963 3703 3192 3768 τέξεται
3250 3702 3412 3765 υἱόν,
3469 3701 3568 3755 καὶ

1983 3799 2260 3864 καλέσεις
2292 3798 2356 3850 τὸ
2380 3797 2568 3866 ὄνομα
2596 3795 2782 3850 αὑτοῦ
2824 3796 3118 3862 Ἰωάννην.
3143 3791 3294 3857 Εἶδες
3323 3793 3440 3857 πῶς
3462 3793 3568 3864 πρὸ

1982 3891 2090 3944 τῶν
2119 3889 2324 3942 ὠδίνων
2353 3891 2385 3959 ἡ
2429 3887 2806 3960 προσηγορία;
2847 3885 3016 3938 Τοῦτο
3043 3887 3136 3939 καὶ
3165 3887 3222 3938 ἐν
3253 3888 3318 3955 τῇ
3353 3886 3568 3954 Παλαιᾷ

1984 3984 2227 4053 γέγονεν.
2261 3983 2470 4052 Ὥσπερ
2496 3979 2605 4052 γὰρ
2643 3980 2700 4033 ἐν
2733 3981 2800 4050 τῇ
2829 3980 3004 4049 Καινῇ
3048 3981 3076 4030 6
3109 3977 3208 4048 μὲν
3241 3978 3446 4048 Πέτρος
3475 3977 3568 4029 καὶ

1995 4074 2250 4138 Ἰάκωϐος
2275 4074 2367 4127 καὶ
2403 4073 2656 4142 Ἰωάννης
2685 4073 2764 4133 εἰς
2786 4069 2987 4142 ἄνδρας
3010 4069 3292 4134 τελοῦντες
3325 4085 3567 4141 μετωνοο

1985 4164 2296 4235 μάσθησαν,
2338 4165 2434 4218 καὶ
2477 4163 2740 4232 διώνυμοι
2784 4161 3107 4231 γεγόνασιν,
3161 4163 3411 4232 Ἰωάννης
3448 4161 3504 4215 δὲ
3537 4162 3568 4214 6

1981 4255 2292 4326 Βαπτιστὴς
2337 4255 2442 4326 πρὸ
2490 4253 2670 4308 αὐτῶν
2713 4253 2822 4306 τῶν
2860 4252 3066 4306 ὠδίνων
3111 4256 3205 4308 καὶ
3243 4253 3349 4306 τῶν
3391 4252 3566 4306 τόκων

1981 4346 2140 4400 ἔλαϐε
2169 4346 2267 4417 τὴν
2292 4343 2684 4415 προσηγορίαν’
2716 4343 2860 4396 οὕτω
2882 4343 2976 4396 καὶ
3001 4345 3059 4396 ἐν
3083 4345 3145 4412 τῇ
3171 4343 3379 4414 Παλαιᾷ
3405 4343 3433 4395 6
3464 4343 3566 4414 μὲν

1993 4436 2245 4509 Ἀϐραὰμ
2282 4436 2378 4489 καὶ
2417 4432 2612 4485 Ἰακὼϐ
2649 4433 2704 4485 ἐν
2738 4433 2876 4501 μέσῃ
2913 4437 2978 4502 τῇ
3024 4432 3210 4503 ἡλικίᾳ
3245 4434 3565 4503 μετωνομά-

1981 4531 2172 4594 ζοντο⁹
2222 4529 2250 4580 ό
2313 4527 2410 4598 μὲν
2461 4525 2569 4595 γὰρ
2617 4523 2861 4576 ἐκαλεῖτο
2924 4524 3170 4594 Ἀϐράμ,
3213 4527 3308 4577 καὶ
3361 4525 3560 4595 ἐκλήθη

1923 4621 1926 4624 ’
1993 4621 2278 4694 Ἀϐραάμ*
2313 4621 2340 4672 6
2373 4618 2430 4671 δέ
2469 4617 2715 4671 ἐκαλεῖτο
2758 4615 2972 4680 Ἰακὼϐ,
3006 4615 3208 4686 ἐκλήθη
3231 4615 3285 4668 δὲ
3325 4615 3564 4688 Ἰσραήλ.

1992 4716 2050 4769 '0
2083 4714 2141 4766 δέ
2193 4711 2379 4765 Ἰσαὰκ
2409 4710 2510 4762 οὐκ
2553 4709 2633 4761 ἔτι
2680 4707 2876 4773 οὕτως,
2915 4708 3054 4760 ἀλλά
3095 4709 3200 4778 πρὸ
3241 4710 3419 4762 αὐτῶν
3453 4710 3564 4763 τῶν

1979 4807 2184 4860 ὠδίνων
2215 4781 2274 4858 τὸ
2302 4804 2472 4874 δνομα
2503 4801 2716 4872 δέχεται
2737 4817 2750 4828 ·
2787 4800 2880 4852 καὶ
2911 4797 3164 4871 καθάπερ
3191 4801 3308 4854 ἐκεῖ
3334 4803 3360 4854 6
3391 4801 3561 4869 ἀγγε-

1980 4900 2070 4964 λος
2104 4895 2290 4952 εἶπενο
2334 4896 2396 4950 Ἠ
2437 4892 2591 4963 γυνή
2627 4907 2744 4946 σου
2771 4891 3034 4960 λήψεται
3063 4891 3132 4944 έν
3171 4893 3382 4961 γαστρὶ
3403 4934 3416 4958 ,
3461 4893 3559 4945 καὶ

1979 4990 2212 5055 τέξεται
2229 4985 2386 5052 υἱὸν,
2403 4985 2502 5038 καὶ
2529 4982 2810 5048 καλέσεις
2839 4981 2906 5034 τὸ
2931 4981 3119 5051 ὄνομα
3147 4982 3334 5035 αὐτοῦ
3371 4981 3554 5036 Ἰωάν-

1979 5095 2133 5150 νην-
2185 5078 2328 5132 οὕτω
2381 5075 2476 5130 καὶ
2525 5071 2762 5129 ἐνταῦθα
2815 5075 2843 5126 6
2907 5073 3038 5136 Θεὸς
3101 5066 3225 5128 εἷπε
3279 5072 3414 5144 πρὸς
3471 5073 3540 5125 τὸ.
3581 5057 3593 5072 .

1993 5171 2278 5243 Ἀϐραάμο
2327 5169 2399 5222 Ἠ
2441 5165 2598 5235 γυνή
2649 5180 2763 5218 σου
2803 5163 2999 5232 Σάρρα
3037 5163 3266 5229 τέξεται
3293 5164 3428 5218 υἱὸν
3462 5181 3532 5218 κο

1980 5263 2264 5327 καλέσεις
2282 5258 2350 5312 τὸ
2371 5259 2556 5326 ὄνομα
2580 5255 2766 5310 αὐτοῦ
2801 5255 3014 5310 Ἰσαάκ.
3047 5256 3141 5308 ’Ἑν
3169 5255 3267 5326 μὲν
3289 5250 3381 5308 οὖν
3404 5253 3564 5310 τοῦτο

1981 5358 2225 5428 ζήτημα,
2255 5354 2400 5416 τίνος
2423 5351 2608 5404 ἕνεκεν
2647 5351 2693 5402 οἱ
2738 5349 2838 5420 μὲν
2883 5347 3400 5420 μετωνομάσθησαν,
3429 5347 3477 5398 οἱ
3503 5346 3559 5398 δὲ

1981 5450 2162 5502 οὐκέτι
2182 5465 2194 5478 ’
2226 5444 2474 5514 δεύτερον
2499 5443 2552 5496 δὲ
2594 5441 2710 5512 μετ’
2743 5443 2939 5503 ἐκεῖνο,
2973 5441 3024 5491 τί
3047 5441 3246 5508 δήποτε
3279 5438 3328 5488 οἱ
3364 5437 3462 5506 μὲν
3499 5439 3558 5490 ἐν

1985 5537 2124 5609 μέσῃ
2160 5537 2222 5604 τῇ
2257 5531 2464 5604 ἡλικίᾳ,
2495 5532 2545 5582 οἱ
2584 5530 2640 5582 δὲ
2675 5529 2782 5599 πρὸ
2813 5528 2992 5581 αὐτῶν
3031 5528 3138 5580 τῶν
3178 5525 3416 5589 ὠδίνων,
3463 5527 3558 5581 καὶ

1981 5628 2152 5682 ταῦτα
2184 5627 2281 5696 μὲν
2307 5625 2364 5675 ἐν
2396 5621 2686 5692 ἑκατέραις
2714 5620 3030 5690 Διαθῆκαις.
3079 5619 3268 5690 Ἡμεῖς
3291 5618 3348 5672 δὲ
3375 5618 3466 5673 ἐπὶ
3493 5617 3553 5672 τὸ

1985 5719 2234 5784 δεύτερον
2279 5717 2444 5783 ἴωμεν
2483 5711 2746 5781 πρότερον
2767 5725 2782 5741 ⁸
2820 5710 2962 5765 οὕτω
2993 5711 3099 5777 γὰο
3139 5712 3231 5766 καὶ
3261 5711 3436 5767 ἐκεῖνο
3459 5725 3550 5762 σα·
