4060 6252
324 261 430 322 429

313 375 600 428 steriorem
630 373 778 443 prius
804 372 1207 443 aggrediamur;
1242 372 1320 426 sic
1348 372 1490 426 enim
1523 373 1666 442 prior
1694 387 1904 441 quoque

319 466 602 529 dilucidior
631 465 761 520 fiet:
791 480 988 535 eosque
1029 466 1116 532 qui
1155 463 1223 518 ab
1266 464 1416 518 initio
1454 480 1648 518 nomen
1679 477 1905 532 accepe-

322 567 446 612 runt
464 557 760 622 videamus,
780 573 840 611 ac
866 555 1190 626 pedetentim
1209 555 1561 610 ascendentes
1584 553 1649 608 ad
1674 556 1905 624 primum

324 648 595 704 hominem
617 649 917 712 veniamus,
939 647 1024 702 cui
1052 661 1082 699 a
1113 647 1221 700 Deo
1248 661 1442 700 nomen
1469 653 1552 699 est
1574 643 1904 714 impositum,

310 751 366 795 ut
405 740 472 794 ab
504 740 620 808 ipso
649 738 800 794 initio
829 739 1189 808 quaestionum
1219 737 1414 792 solutio
1440 735 1727 790 derivetur.

397 830 549 885 Terra
574 831 712 900 virgo
741 829 905 884 Edent
925 875 940 899 ,
995 828 1217 898 Virginis
1251 828 1430 882 Matris
1458 829 1643 900 ﬁgura.
1676 858 1746 868 —
1779 827 1910 894 Quis

319 936 448 992 ergo
477 923 626 992 prius
661 937 690 976 a
735 922 848 976 Deo
889 935 1083 976 nomen
1125 920 1368 990 accepit?
1409 921 1538 988 Quis
1565 935 1693 974 vero
1730 919 1867 974 alius
1890 959 1905 984 ,

319 1029 478 1082 quam
500 1014 591 1083 qui
616 1013 820 1083 primus
845 1012 1102 1067 formatus
1125 1013 1242 1066 est?
1266 1011 1448 1082 Neque
1473 1011 1613 1065 enim
1639 1011 1774 1064 alius
1793 1019 1909 1064 erat

322 1105 506 1170 homo,
553 1105 640 1159 cui
711 1119 906 1159 nomen
963 1113 1140 1173 posset
1195 1103 1413 1173 imponi.
1465 1101 1694 1169 Qualem
1751 1102 1910 1171 igitur

321 1197 730 1265 appellationem
802 1196 1050 1266 accepit?
1111 1195 1279 1250 Adam
1330 1211 1459 1250 voce
1513 1194 1773 1250 llebraica
1823 1193 1908 1246 di-

319 1299 436 1340 ctus
478 1296 563 1342 est
613 1302 626 1338 :
682 1302 854 1358 neque
896 1288 1038 1342 enim
1097 1288 1343 1344 Grzncum
1399 1297 1482 1343 est
1523 1303 1756 1349 nomen,
1815 1287 1908 1342 sed

319 1375 372 1430 in
418 1376 656 1432 Grtncam
703 1378 934 1449 linguam
978 1394 1190 1434 versum
1249 1379 1378 1433 nihil
1419 1378 1560 1432 aliud
1605 1378 1906 1448 significat,

319 1483 481 1536 quam
523 1477 792 1524 terrenum
836 1486 850 1522 :
892 1472 1150 1540 siquidem
1197 1470 1362 1525 Edem
1409 1480 1602 1524 terram
1653 1469 1908 1539 virginem

321 1561 672 1623 sonat;talis
729 1576 889 1630 porro
928 1561 1026 1615 fuit
1081 1561 1229 1615 locus
1287 1561 1410 1625 ille,
1459 1560 1510 1613 in
1561 1575 1665 1630 quo
1696 1560 1907 1628 paradi-

319 1663 439 1702 sum
464 1649 604 1704 Deus
640 1650 914 1718 plautavit.
943 1649 1198 1721 Plan-tavit
1222 1651 1354 1704 enim
1384 1649 1543 1714 Deus,
1574 1651 1740 1720 inquit
1761 1650 1907 1704 Scri-

323 1751 478 1809 ptura
503 1783 518 1808 ,
552 1743 846 1810 paradisum
873 1743 924 1795 in
956 1742 1113 1796 Edent
1139 1743 1206 1796 ad
1234 1742 1488 1797 Orientem
1521 1742 1684 1812 (Gen.
1716 1743 1769 1797 2.
1797 1742 1867 1807 8)
1893 1760 1906 1808 ;

323 1841 385 1886 ut
423 1833 688 1904 intelligas
731 1850 835 1888 non
883 1834 1232 1890 humanarum
1278 1851 1413 1906 opus
1455 1851 1706 1890 manuum
1749 1836 1912 1890 fuisse

324 1926 631 1993 paradisum
662 1944 676 1982 :
705 1927 966 1998 siquidem
991 1937 1128 1983 terra
1161 1929 1258 2005 fuit
1283 1929 1452 1999 virgo,
1475 1945 1594 1999 quae
1620 1945 1794 1998 neque
1813 1945 1910 1982 vo-

326 2031 528 2072 merem
559 2034 624 2072 ex
635 2027 782 2088 perta
808 2028 960 2084 erat,
989 2037 1161 2092 neque
1187 2021 1337 2077 sulco
1365 2033 1602 2088 exarata,
1633 2023 1727 2078 sed
1755 2023 1913 2078 nullis

323 2107 679 2176 agricolarum
731 2111 977 2165 manibus
1019 2112 1158 2166 culta
1202 2113 1317 2166 solo
1349 2115 1501 2183 jussu
1545 2113 1749 2182 plantas
1796 2113 1913 2168 illas

320 2199 671 2267 germinarat.
705 2201 993 2271 l’rOpterea
1034 2203 1202 2258 Edem
1235 2204 1376 2258 illam
1419 2205 1743 2274 appellavit,
1771 2206 1911 2276 quod

323 2300 521 2344 terram
553 2291 810 2362 virginem
840 2295 1123 2363 significat.
1155 2296 1280 2350 ΙΙωο
1308 2296 1455 2366 virgo
1499 2297 1662 2367 ﬁgura
1695 2298 1912 2368 virginis

322 2381 464 2436 illius
495 2381 610 2436 fuit.
637 2382 768 2436 Nam
799 2385 1250 2452 quemadmodum
1287 2395 1424 2440 terra
1459 2388 1555 2442 ista
1587 2390 1731 2444 nullo
1757 2405 1913 2444 exce-

323 2478 415 2538 pto
444 2473 648 2526 semine
683 2473 986 2544 paradisum
1025 2475 1180 2529 nobis
1217 2477 1533 2546 germinavit
1569 2496 1583 2531 :
1625 2480 1702 2534 sic
1729 2488 1782 2533 et
1823 2480 1910 2535 illa

322 2563 469 2618 nullo
489 2565 586 2619 viri
611 2566 814 2620 semine
834 2575 1084 2634 suscepto
1104 2564 1372 2622 Christum
1395 2568 1548 2624 nobis
1568 2570 1906 2639 germinavit.

323 2654 546 2722 Quando
575 2655 736 2725 igitur
757 2656 898 2711 dicet
927 2657 1017 2712 tibi
1047 2656 1262 2712 Judzeus
1282 2699 1296 2722 ,
1327 2657 1607 2725 Quomodo
1635 2660 1786 2731 virgo
1816 2675 1910 2730 pe-

323 2745 498 2813 perit?
521 2746 684 2801 dictu
710 2747 785 2800 illi
813 2765 824 2799 :
849 2747 1130 2813 Quomodo
1153 2757 1291 2803 terra
1315 2749 1461 2818 virgo
1482 2750 1770 2819 stupendas
1792 2750 1911 2805 illas

321 2835 543 2890 arbores
584 2837 932 2906 germinavit?
961 2837 1232 2906 Siquidem
1276 2839 1494 2894 Hebraea
1529 2843 1708 2909 lingua
1745 2839 1909 2894 Edcm

323 2926 520 2981 dicitur
542 2935 679 2981 terra
703 2927 850 2999 virgo
879 2945 892 2980 :
921 2927 1062 2998 quod
1088 2929 1132 2983 si
1161 2928 1318 2984 fidem
1347 2928 1542 2985 habere
1562 2929 1681 3000 quis
1702 2940 1910 2998 renuat,

326 3017 563 3073 Hebraea:
585 3020 774 3090 lingute
795 3021 995 3090 peritos
1021 3020 1332 3090 interroget,
1357 3031 1411 3074 et
1433 3020 1570 3076 hanc
1589 3035 1768 3076 veram
1792 3036 1912 3076 esse

325 3109 558 3165 nominis
579 3110 743 3165 Edem
775 3111 1263 3180 interpretationem
1287 3113 1598 3182 comperiet.
1630 3111 1746 3166 Non
1768 3112 1910 3167 enim

327 3203 577 3271 quoniam
600 3217 692 3256 eos
713 3203 1035 3273 alloquimur
1049 3203 1136 3274 qui
1162 3203 1390 3274 linguam
1415 3203 1557 3258 illam
1578 3220 1684 3258 non
1709 3211 1910 3271 tenent,

325 3293 526 3349 idcirco
542 3311 634 3349 vos
657 3297 816 3351 velim
839 3296 1022 3352 fallere
1053 3313 1066 3348 :
1097 3296 1190 3351 sed
1207 3299 1256 3351 in
1273 3297 1322 3351 id
1347 3313 1509 3352 unum
1530 3297 1906 3363 incumbimus,

325 3397 377 3439 ut
404 3386 837 3459 inexpugnabiles
863 3405 955 3442 vos
977 3389 1286 3454 reddamus,
1310 3400 1363 3444 et
1387 3399 1652 3460 tamquam
1676 3406 1911 3459 praisen-

326 3479 468 3534 lihus
495 3481 720 3535 inimicis
747 3483 835 3552 qui
868 3483 968 3537 ista
995 3491 1278 3548 noverunt,
1307 3483 1378 3537 ita
1409 3495 1598 3538 cuncta
1628 3484 1914 3554 diligenter

324 3569 756 3640 interpretamur.
784 3573 1044 3640 Quoniam
1076 3573 1237 3643 igitur
1261 3589 1326 3628 ex
1353 3574 1514 3628 [idem
1544 3582 1682 3628 terra
1710 3575 1913 3644 virgine

323 3660 581 3716 formatus
605 3671 687 3717 est
717 3663 876 3718 homo
897 3705 912 3730 ,
947 3665 1102 3718 matri
1132 3664 1464 3734 cognominis
1494 3664 1662 3718 Adam
1693 3674 1912 3720 vocatus

321 3763 424 3808 est.
448 3754 519 3809 lta
545 3755 741 3809 faciunt
765 3755 1010 3811 homines
1036 3768 1268 3826 quoque,
1295 3755 1491 3810 liberos
1510 3755 1599 3826 qui
1623 3766 1914 3810 nascuntur

321 3860 468 3915 sape
504 3846 810 3900 nominibus
849 3855 1079 3900 matrum
1123 3847 1430 3916 appellant:
1465 3847 1535 3900 ita
1581 3847 1721 3901 Deus
1750 3847 1912 3901 etiam

323 3935 610 3990 formatum
633 3953 695 3989 ex
727 3946 863 3990 terra
893 3937 1183 4003 hominem,
1206 3936 1274 3991 de
1293 3935 1509 3991 nomine
1534 3936 1719 3990 matris
1745 3937 1912 3991 Adam

319 4027 476 4080 dixit.
513 4026 602 4079 Illa
626 4025 794 4080 Edem
814 4065 829 4092 ,
863 4025 948 4080 hic
975 4026 1167 4081 Adam.

393 4119 448 4173 4.
481 4117 586 4172 Sed
617 4134 736 4187 quae
763 4118 974 4174 tandem
1017 4120 1140 4174 inde
1180 4119 1418 4174 dimanat
1459 4121 1696 4175 utilitas?
1729 4121 1911 4175 llomi-

325 4226 422 4264 nes
447 4210 587 4265 enim
617 4211 829 4266 nomine
858 4222 1084 4267 matruut
1111 4221 1303 4267 vocant
1325 4253 1340 4274 ,
1371 4213 1440 4268 ob
1468 4213 1722 4269 honorem
1753 4230 1910 4284 quem

323 4301 572 4356 deferunt
616 4302 909 4366 matribus,
956 4318 1074 4372 qua:
1122 4314 1442 4374 pepererunt
1489 4321 1502 4357 :
1551 4305 1690 4359 Deus
1733 4315 1911 4360 autem

325 4409 484 4463 qttam
507 4394 574 4449 ob
601 4409 814 4448 causam
847 4397 1062 4450 nomine
1086 4397 1272 4451 matris
1295 4397 1622 4466 appellavit?
1650 4397 1776 4466 quid
1801 4414 1913 4452 ma-

325 4486 414 4554 gni
437 4527 451 4549 ,
481 4487 562 4540 vel
591 4487 765 4558 exigui
800 4488 900 4543 hoc
929 4488 1136 4558 agendo
1165 4489 1460 4557 disposuit?
1489 4489 1629 4544 Nihil
1661 4491 1802 4544 enim
1836 4501 1914 4546 te-

330 4592 476 4632 mere
505 4587 596 4633 aut
624 4580 740 4633 sine
770 4589 928 4634 t-ausa
971 4580 1116 4644 facit,
1148 4579 1240 4633 sed
1273 4581 1434 4634 multa
1465 4596 1586 4634 cum
1620 4580 1822 4636 ratione
1854 4597 1915 4636 ac

327 4670 631 4738 sapientia:
667 4673 860 4742 quippe
907 4672 1066 4743 Cujus
1111 4673 1371 4742 sapientiae
1418 4690 1519 4728 non
1567 4683 1636 4728 est
1680 4691 1915 4729 numerus

319 4763 778 4835 (ι¹εαι.146.5).

399 4857 562 4910 Adam
583 4857 708 4928 quid
721 4869 860 4911 sonet
880 4875 897 4921 ,'
916 4861 1008 4913 cur
1029 4877 1060 4913 a
1091 4869 1222 4916 terra
1241 4877 1421 4914 nomen
1438 4860 1640 4914 Adami.
1657 4891 1728 4901 ——
1747 4861 1913 4917 Edent

325 4956 468 5003 terra
489 4990 504 5013 ,
538 4949 770 5002 Adamus
799 4959 1042 5005 terrenus
1062 4993 1076 5014 ,
1110 4952 1392 5019 pulvereus
1413 4993 1428 5015 ,
1457 4969 1488 5006 e
1517 4960 1656 5006 terra
1683 4953 1911 5022 genitus.

329 5040 436 5094 flor
459 5041 618 5112 igitur
642 5042 719 5096 sic
749 5043 892 5096 illum
923 5045 1241 5112 appellavit?
1271 5044 1429 5099 Suam
1461 5045 1707 5099 nimirum
1739 5044 1813 5099 illi
1840 5045 1918 5100 vi-

330 5131 532 5186 litatem
565 5134 856 5188 naturalem
891 5134 991 5188 hoc
1021 5136 1234 5191 nomine
1265 5136 1318 5190 in
1350 5135 1658 5191 memoriam
1690 5151 1914 5190 revoca-

331 5224 424 5289 vit,
443 5231 498 5278 et
520 5232 785 5294 tamquam
813 5226 866 5280 in
894 5241 1036 5280 aueo
1060 5226 1214 5295 cippo
1239 5225 1548 5282 substantiae
1564 5225 1913 5281 humilitatem

329 5317 592 5381 exaravit,
621 5327 677 5369 ut
705 5333 770 5371 ex
800 5317 1031 5372 nominis
1056 5318 1135 5370 sui
1169 5317 1469 5388 magisterio
1497 5317 1808 5373 modestiam
1837 5319 1917 5373 di-

329 5419 460 5472 seat,
492 5425 664 5481 neque
691 5410 945 5481 majorem
971 5451 986 5476 ,
1015 5427 1171 5480 quam
1200 5425 1295 5480 par
1320 5411 1422 5474 sit,
1447 5410 1513 5466 de
1538 5426 1629 5465 sua
1660 5410 1915 5480 dignitate

331 5501 633 5568 opinionem
648 5503 928 5571 concipiat.
961 5501 1089 5556 Nam
1118 5517 1214 5556 nos
1236 5501 1448 5568 quidem
1470 5512 1664 5560 terram
1684 5517 1779 5555 nos
1798 5518 1915 5558 esse

329 5592 497 5660 prolse
527 5593 806 5656 novimus,
838 5591 998 5663 idque
1039 5594 1188 5648 nobis
1229 5594 1338 5660 ipsa
1381 5607 1559 5647 rerum
1589 5591 1914 5661 experientia

328 5691 662 5755 compertum
693 5695 771 5741 est
802 5704 813 5739 :
845 5695 896 5740 at
928 5686 1012 5744 ille
1040 5687 1304 5742 nemiuem
1335 5695 1458 5742 ante
1487 5700 1543 5741 se
1569 5685 1792 5753 viderat,
1821 5686 1908 5756 qui

1383 259 1472 314 DE
1512 257 1914 316 MUTATIONE
1945 259 2272 316 NOMINUM.
2317 261 2380 316 11.
3503 268 3602 324 150

2018 379 2248 426 mortem
2290 372 2546 440 obiisset,
2578 389 2749 446 neque
2794 376 2845 429 in
2887 377 3120 432 cinerem
3169 378 3436 434 redactum
3463 422 3477 444 ,
3508 389 3601 438 seu

2015 462 2210 516 eximia
2239 465 2479 532 corporis
2511 465 2900 535 pulchritudine
2944 467 3207 536 pollebat,
3249 480 3303 525 et
3330 479 3621 542 tamquam.

2014 557 2188 605 statua
2214 553 2455 623 qutedatn
2495 569 2652 610 aurea
2681 597 2694 618 ,
2723 572 2840 626 qua:
2871 573 3054 613 recens
3080 575 3110 614 e
3139 559 3444 616 conflatoria
3490 561 3598 618 for-

2018 656 2149 696 nuce
2181 643 2464 711 prodiisset
2487 685 2502 709 ,
2537 645 2606 700 ita
2653 646 2902 715 fulgebat.
2935 648 3013 704 Ne
3059 649 3216 720 igitur
3246 661 3460 721 propter
3489 655 3602 708 exi-

2018 733 2177 786 miam
2209 736 2442 804 speciem
2483 737 2729 806 superbia
2761 739 3040 794 efferretur
3064 783 3078 808 ,
3110 743 3184 796 illi
3217 759 3409 799 nomen
3441 761 3605 815 oppo-

2017 825 2162 891 suit,
2214 826 2366 896 cujus
2412 829 2718 898 magisterio
2768 831 3093 886 sufficienter
3136 834 3200 888 ad
3253 834 3604 892 humilitatem

2019 916 2393 972 informaretur
2421 936 2434 970 :
2465 919 2729 976 accedens
2754 921 2894 975 enim
2939 923 3180 978 diabolus
3207 925 3272 978 ad
3302 927 3602 995 superbiam

2022 1009 2196 1062 verbis
2226 1008 2372 1063 illum
2417 1010 2527 1064 suis
2584 1011 2898 1067 incitaturus
2943 1025 3095 1078 erat,
3137 1030 3298 1085 etque
3334 1016 3602 1078 dicturus.

2021 1098 2179 1154 Erilis
2215 1099 2343 1154 sicut
2367 1103 2439 1154 dii
2470 1102 2623 1171 (Gen.
2656 1103 2709 1157 5.
2742 1105 2827 1173 5).
2859 1104 2928 1160 Ut
2957 1105 3116 1174 igitur
3147 1106 3376 1162 nominis
3415 1110 3494 1162 sui
3526 1127 3607 1164 re-

2019 1191 2350 1257 cordaretur,
2378 1209 2406 1245 a
2433 1209 2537 1263 quo
2563 1202 2757 1248 terram
2786 1210 2844 1250 se
2869 1210 2989 1251 esse
3009 1195 3322 1262 ‘docebatur,
3359 1215 3456 1254 nec
3487 1217 3604 1254 om.

2019 1297 2177 1351 quam
2207 1283 2465 1352 aequalem
2495 1301 2555 1340 se
2597 1285 2706 1340 Deo
2730 1283 2965 1341 futurum
2995 1289 3262 1358 opinionis
3292 1306 3474 1346 errore
3505 1292 3602 1346 sibi

2021 1372 2264 1444 ﬁngeret,
2299 1385 2579 1443 propterea
2607 1375 2989 1432 conscientiam
3020 1379 3136 1446 ejus
3165 1391 3519 1451 praeoccupat,
3553 1396 3606 1438 ct

2021 1465 2252 1520 nominis
2282 1467 2519 1522 subsidio
2557 1468 2837 1524 sufficienti
2879 1485 3001 1525 eum
3045 1471 3303 1527 adversus
3331 1474 3549 1529 insidias
3574 1491 3603 1528 a

2019 1556 2279 1611 scelerato
2305 1555 2547 1612 daemone
2573 1559 2853 1614 strucndas
2877 1561 3122 1615 cautione
3141 1566 3441 1631 pra-munit,
3476 1565 3600 1619 dum

2019 1656 2073 1702 ct
2113 1662 2223 1702 sua:
2259 1663 2380 1703 cum
2439 1657 2579 1704 terra
2627 1652 2958 1720 cognationis
3011 1652 3157 1706 illum
3209 1653 3498 1721 admouet,
3555 1666 3610 1711 ct

2019 1753 2232 1794 omnem
2258 1740 2334 1794 illi
2365 1749 2566 1796 natura:
2587 1756 2699 1796 sua:
2719 1740 3046 1798 nobilitatem
3070 1743 3324 1812 declarat,
3354 1745 3456 1802 hoc
3486 1761 3609 1817 pro-

2021 1829 2307 1898 pemodum
2335 1831 2409 1886 illi
2451 1832 2672 1887 dicens:
2701 1833 2756 1888 Si
2785 1833 2920 1888 forte
2950 1835 3143 1890 dixerit
3175 1836 3264 1891 tibi
3290 1879 3304 1901 ,
3338 1839 3444 1892 eris
3473 1840 3610 1894 sicut

2023 1921 2196 1986 Deus,
2254 1923 2486 1980 nominis
2514 1925 2584 1979 ttti
2617 1925 2900 1981 recordare
2919 1969 2934 1993 ,
2963 1935 3016 1982 et
3045 1927 3330 1983 sufficienti
3361 1931 3606 1985 admoni-

2025 2014 2168 2068 tione
2193 2013 2489 2082 illSll'UCl‘lS,
2525 2026 2580 2071 ut
2609 2032 2674 2071 ne
2698 2019 2980 2072 consilium
3009 2019 3276 2074 admittas.
3305 2021 3607 2080 Recordare

2024 2105 2211 2158 matris
2235 2146 2248 2168 ,
2277 2113 2331 2160 et
2369 2107 2701 2177 cognationis
2719 2124 2949 2177 agnosce
2976 2111 3229 2166 vilitatem
3253 2153 3265 2174 ,
3293 2129 3398 2167 non
3427 2124 3482 2168 ut
3511 2115 3608 2170 lut-

2024 2196 2303 2252 militalem
2330 2197 2504 2254 discas
2529 2240 2544 2262 ,
2592 2198 2685 2254 sed
2724 2183 2795 2256 ne
2818 2216 3067 2272 umquam
3099 2203 3348 2272 superbia
3382 2205 3611 2260 intume-

2021 2301 2161 2342 scas.
2195 2287 2478 2357 Propterea
2507 2290 2696 2345 Paulus
2713 2305 2923 2361 quoque
2948 2291 3160 2347 diccbat
3189 2312 3199 2345 :
3238 2291 3296 2345 Pi
3309 2294 3440 2348 imus
3458 2296 3608 2350 homo

2022 2379 2086 2432 de
2105 2389 2238 2434 terra
2262 2391 2503 2435 terrenus.
2534 2381 2668 2449 Quid
2698 2383 2838 2436 cnim
2876 2384 2942 2438 sit
2976 2383 3142 2438 Adam
3174 2385 3327 2440 nobis
3355 2387 3611 2458 interpre-

2023 2479 2140 2525 tans
2168 2471 2343 2527 aiebat
2391 2473 2517 2526 illud
2549 2490 2564 2528 :
2597 2473 2672 2528 De
2711 2483 2844 2528 terra
2873 2484 3096 2528 terrenus
3116 2517 3129 2538 ,
3177 2479 3424 2531 secundus
3459 2479 3608 2532 homo

2020 2561 2131 2632 ipse
2157 2561 2406 2618 Dominus
2439 2564 2502 2617 de
2522 2565 2644 2618 ario
2672 2565 2748 2636 (1.
2780 2564 2898 2620 Cor.
2936 2567 3019 2621 15.
3046 2567 3162 2634 47).
3213 2568 3318 2622 Sed
3353 2568 3609 2623 invadunt

2021 2668 2118 2706 nos
2147 2652 2416 2719 haeretici,
2455 2670 2518 2709 ac
2544 2654 2729 2710 dicunt
2765 2675 2777 2710 :
2807 2656 2943 2710 Ecce
2983 2671 3196 2711 carnem
3223 2655 3472 2713 Christus
3503 2674 3608 2713 non

2019 2745 2339 2814 assumpsit:
2365 2747 2437 2798 ait
2463 2746 2604 2801 enim
2633 2747 2852 2812 Paulus,
2875 2747 3139 2802 Secundus
3167 2748 3335 2812 homo,
3362 2748 3610 2804 Dominus

2022 2835 2086 2887 de
2115 2837 2256 2890 calo.
2299 2836 2464 2891 Audis
2504 2838 2756 2894 secundus
2791 2839 2940 2893 homo
2963 2880 2976 2904 ,
3008 2849 3061 2894 et
3090 2839 3224 2895 dicis
3245 2856 3366 2894 eum
3393 2857 3610 2897 carnem

2023 2939 2128 2978 non
2157 2927 2551 2998 assumpsisse?
2577 2927 2706 2994 Quis
2751 2930 2907 2984 talem
2939 2944 3189 3000 umquam
3226 2930 3609 2999 impudentiam

2022 3015 2196 3070 vidit?
2236 3017 2354 3086 quis
2392 3017 2534 3072 enim
2578 3019 2740 3072 homo
2776 3034 2896 3074 esse
2921 3030 3115 3090 potest,
3146 3021 3232 3090 qui
3256 3036 3469 3074 carnem
3505 3037 3608 3075 non

2023 3107 2252 3164 habeat?
2285 3109 2485 3166 Idcirco
2529 3111 2669 3165 enim
2714 3121 2767 3166 et
2797 3110 3068 3167 hominem
3103 3120 3156 3167 et
3194 3112 3484 3168 secundum
3516 3113 3611 3167 he-

2023 3201 2220 3256 tuioem
2251 3202 2557 3272 appellavit,
2591 3212 2644 3256 ut
2671 3217 2790 3257 cum
2821 3219 2884 3256 ex
2920 3218 3164 3266 numero,
3200 3212 3309 3257 tum
3335 3219 3400 3258 ex
3425 3214 3610 3258 natura

2021 3295 2388 3363 cognationem
2425 3295 2541 3362 ejus
2578 3309 2856 3363 agnoscas.
2899 3292 3031 3360 Quis
3061 3294 3249 3365 igitur,
3284 3294 3485 3364 inquit,
3519 3310 3608 3348 se-

2020 3386 2222 3440 cundus
2244 3395 2325 3441 est
2349 3385 2508 3441 homo
2529 3386 2551 3438 ?
2578 3384 2828 3440 Dominus
2847 3387 2911 3440 de
2935 3387 3078 3441 carie.
3123 3390 3188 3442 At
3211 3389 3352 3443 enim
3382 3389 3578 3444 scanda
3595 3419 3609 3430 -

2022 3476 2147 3530 lizat
2169 3492 2254 3530 me
2275 3477 2424 3531 locus
2443 3517 2458 3543 ,
2491 3478 2698 3546 inquit,
2728 3486 2782 3532 et
2807 3477 2946 3546 quod
2973 3478 3180 3532 dicatur
3209 3479 3272 3532 de
3300 3480 3444 3533 ctrlo.
3475 3482 3606 3534 Cum

2021 3569 2175 3624 audis
2200 3570 2426 3640 primum
2455 3571 2724 3624 hominem
2758 3569 3020 3623 Adatnutn
3042 3585 3163 3624 esse
3189 3570 3257 3624 de
3281 3579 3418 3625 terra
3443 3581 3611 3626 terre-

2022 3675 2185 3725 num,
2239 3659 2493 3729 numquid
2547 3674 2668 3714 esse
2723 3667 3028 3715 terrestrem
3076 3663 3248 3730 ipsum
3288 3660 3612 3716 arbitraris?

2022 3750 2278 3821 nutnquid
2327 3759 2595 3805 terrenum
2644 3765 2766 3806 esse
2811 3760 3014 3806 tantum
3060 3751 3380 3821 suSpicaris,
3436 3769 3610 3823 neque

2023 3844 2272 3898 virtutem
2319 3843 2602 3912 quamdam
2645 3844 3014 3911 incorpoream
3068 3843 3299 3908 habere,
3348 3844 3604 3908 animam,

2024 3933 2238 4003 inquam
2263 3973 2277 3998 ,
2328 3932 2549 4003 ejusque
2595 3933 2882 3986 naturam?
2931 3933 2995 3986 Et
3031 3933 3148 4002 quis
3188 3933 3291 3988 hoc
3333 3933 3516 3988 dicat?
3546 3935 3612 3989 Ut

2024 4027 2185 4097 igitur
2220 4042 2339 4081 cum
2383 4027 2450 4081 de
2491 4026 2696 4082 Adamo
2722 4027 2875 4081 audis
2913 4035 3185 4081 terrenum
3217 4025 3388 4095 ipsum
3423 4025 3608 4092 fuisse,

2023 4135 2130 4174 non
2175 4117 2484 4173 destitutum
2533 4120 2709 4172 anima
2752 4118 2915 4174 fuisse
2953 4134 3147 4189 corpus
3176 4120 3462 4189 suspicaris
3493 4135 3508 4174 :
3542 4121 3610 4174 ita

2023 4224 2143 4265 cum
2173 4211 2324 4265 audis
2347 4252 2362 4274 ,
2393 4209 2638 4265 Dominus
2660 4211 2724 4264 de
2745 4211 2886 4275 uelo,
2933 4211 3039 4266 noli
3068 4212 3486 4267 incarnationem
3521 4228 3612 4267 ue-

2022 4318 2178 4373 gare,
2217 4302 2360 4373 quod
2387 4303 2700 4374 adjiciatur,
2750 4303 2813 4357 de
2838 4304 2989 4360 cwlo.
3032 4305 3213 4376 Itaque
3237 4305 3348 4375 jam
3380 4306 3607 4375 primum

2025 4409 2217 4449 nomen
2246 4394 2530 4448 sufficienti
2554 4393 2867 4449 defensione
2895 4395 3276 4450 eouununitum
3303 4404 3388 4450 est
3419 4413 3433 4450 :
3468 4396 3610 4449 Ada-

2025 4500 2144 4540 mus
2173 4485 2315 4540 enim
2365 4493 2586 4538 vocatus
2632 4493 2717 4538 est
2753 4484 2818 4538 de
2862 4485 3076 4539 nomine
3126 4486 3339 4550 matris,
3373 4503 3437 4540 ne
3470 4489 3608 4541 ultra

2027 4593 2184 4647 quam
2231 4579 2372 4633 vires
2401 4577 2519 4646 ejus
2543 4579 2746 4641 ferant,
2773 4576 2840 4630 de
2871 4591 2929 4630 se
2955 4576 3234 4647 magnifice
3283 4578 3506 4642 sentiat,
3559 4589 3616 4633 et

2024 4669 2219 4726 diaboli
2256 4670 2526 4724 fraudibus
2571 4668 2728 4723 nullis
2773 4669 2940 4737 possit
2969 4668 3280 4738 expugnari.
3332 4668 3609 4738 Siquidem

2023 4763 2200 4819 aiebat
2233 4781 2246 4816 :
2290 4761 2446 4816 Eritis
2465 4763 2591 4815 sicut
2612 4759 2702 4813 dii.
2739 4761 2850 4829 Age
2880 4775 3017 4814 nunc
3033 4760 3173 4829 quod
3203 4761 3466 4831 reliquum
3488 4771 3569 4817 est
3593 4805 3606 4825 .

2025 4857 2090 4911 ad
2117 4857 2340 4910 alterum
2371 4855 2594 4925 gradum
2622 4854 2877 4909 facientes
2897 4896 2912 4919 ,
2937 4855 3023 4924 qui
3055 4862 3176 4908 ante
3205 4865 3410 4923 partum
3437 4856 3608 4926 ipsmn

2025 4962 2053 5000 a
2103 4947 2211 5002 Deo
2240 4961 2432 5000 nomen
2475 4960 2617 5014 accel
2638 4944 2710 5010 it,
2755 4947 2912 4999 finem
2943 4944 3150 4999 dicendi
3183 4944 3456 5000 faciamus.
3483 4948 3614 5014 Quis

2027 5038 2186 5108 igitur
2214 5045 2332 5108 post
2375 5037 2636 5091 Adamum
2665 5052 2694 5090 a
2713 5036 2822 5090 Deo
2851 5051 3043 5090 nomen
3073 5036 3375 5106 priusquam
3418 5051 3612 5094 nascc-

2025 5139 2174 5185 retur
2203 5129 2445 5199 accepit?
2500 5128 2667 5184 lsaac.
2718 5125 2849 5183 Ecce
2885 5128 3064 5195 enim,
3109 5127 3313 5198 inquit,
3368 5147 3498 5184 uxor
3528 5142 3618 5185 ma

2029 5222 2194 5277 Sarra
2222 5222 2468 5292 concipiet
2511 5222 2562 5275 in
2589 5231 2761 5288 utero,
2795 5231 2840 5276 et
2864 5223 3024 5291 pariet
3077 5223 3274 5291 ﬁlium,
3321 5233 3368 5276 et
3413 5225 3614 5279 vocabis

2027 5331 2208 5370 nomen
2243 5317 2353 5384 ejus
2381 5313 2531 5368 Isaac
2559 5313 2708 5385 (Cen.
2744 5315 2964 5385 17.19).
2990 5314 3115 5370 Cum
3145 5323 3311 5369 autem
3343 5317 3611 5384 peperisset

2027 5427 2171 5466 eum.
2215 5410 2405 5462 vocavit
2435 5425 2614 5463 nomen
2651 5410 2758 5481 ejus
2800 5407 2950 5461 Isaac
2971 5451 2985 5473 ,
3037 5409 3206 5460 dicens
3238 5422 3256 5459 .'
3287 5405 3464 5460 Risum
3493 5410 3610 5479 fecit

2027 5501 2150 5554 milii
2177 5500 2308 5554 Deus
2328 5499 2431 5568 (Ib.
2451 5501 2512 5554 2|
2530 5501 2601 5554 .5.
2623 5499 2698 5571 6).
2719 5500 2892 5566 Quare
2911 5499 3072 5551 vero?
3099 5497 3224 5565 Quis
3246 5497 3397 5564 enim,
3424 5499 3611 5571 inquit,

2027 5592 2342 5646 ununntiabit
2382 5591 2666 5654 Abraham,
2700 5590 2837 5660 quod
2876 5589 3036 5643 Sarra
3063 5589 3227 5654 [ilium
3273 5588 3419 5642 Iactet
3446 5591 3608 5660 (Ibid.

2032 5701 2074 5738 υ.
2105 5687 2197 5756 7)?
2230 5683 2322 5738 llic
2359 5681 2488 5738 mihi
2539 5680 2821 5751 diligenter
2867 5679 3122 5738 attendite
3148 5721 3162 5748 ,
3195 5689 3250 5736 ut
3289 5682 3610 5744 miraculum
