4060 6252
492 237 582 304 tat

481 360 729 416 videatis.
761 350 879 418 Non
907 360 1041 416 dixit
1067 403 1078 426 ,
1103 359 1243 429 quod
1295 357 1593 430 pepererit,
1625 354 1721 411 sed
1747 353 1889 425 quod
1920 354 2070 408 Iactet

485 456 782 526 puerulum.
815 455 945 510 Nam
974 470 1041 509 ne
1067 451 1204 508 forte
1228 454 1346 523 quis
1367 451 1760 522 supposititium
1794 446 2071 517 puerulum

482 548 843 612 existimaret,
890 545 1106 616 genuini
1156 552 1337 614 partus
1394 543 1552 597 ﬁdem
1605 540 1870 595 faciebant
1924 536 2075 591 lactis

485 637 697 695 fontes:
730 639 908 708 itaque
936 653 1003 693 ex
1043 636 1412 692 recordatione
1452 633 1682 688 nominis
1709 633 1822 702 ipse
1862 639 2074 698 quoque

480 729 548 784 de
574 728 803 783 mirabili
840 728 1186 799 generatione
1215 712 1344 780 satis
1373 738 1641 794 superque
1690 719 2070 776 instruebatur.

480 816 769 890 Propterea
798 805 927 873 dicit
962 837 976 873 :
1010 818 1188 873 Risum
1216 817 1330 887 fecit
1356 815 1481 868 mihi
1505 813 1672 878 Dens,
1705 812 1955 884 quoniam
1988 810 2074 864 vi-

480 913 607 967 dere
632 919 746 965 erat
770 910 1056 964 mulierem
1085 914 1362 963 senectute
1389 904 1722 971 cenfeetam,
1754 918 1873 973 qure
1898 902 1949 956 in
1976 915 2072 955 ca-

480 1003 610 1058 nitie
659 1002 894 1071 longaeva
938 1000 1223 1055 lactentem
1270 998 1550 1068 puerulum
1578 996 1859 1051 educabat.
1889 994 2072 1048 Atille

480 1096 619 1149 risus
651 1094 877 1163 gratiam
925 1091 1158 1145 divinam
1186 1091 1236 1144 in
1288 1090 1597 1144 memoriam
1646 1087 1966 1149 revocabat,
2018 1094 2072 1139 et

480 1185 722 1240 lactentis
773 1182 1059 1238 nutrieatio
1111 1180 1352 1236 miraculi
1400 1179 1526 1234 editi
1570 1178 1729 1233 ﬁdem
1784 1178 2012 1231 faciebat
2053 1193 2066 1229 :

481 1292 653 1340 neque
682 1278 823 1330 enim
854 1284 1059 1329 naturae
1106 1286 1241 1344 opus
1282 1271 1411 1327 illud
1440 1278 1591 1333 erat,
1641 1269 1734 1324 sed
1777 1277 1944 1323 totum
1977 1266 2073 1321 fuit

478 1367 660 1436 gratiae
715 1365 1033 1438 praeclarum
1095 1362 1301 1418 facinus
1354 1361 1717 1417 tribuendum.
1781 1360 2071 1427 PrOptcrea

477 1455 673 1511 Paulus
716 1470 927 1526 quoque
968 1456 1124 1517 dicit,
1177 1453 1469 1508 Secundum
1530 1448 1682 1506 Isaac
1728 1452 2073 1520 promissionis

478 1548 575 1615 filii
629 1562 805 1600 sumus
853 1544 996 1617 (Gal.
1041 1546 1095 1599 ι.
1137 1544 1254 1613 28).
1305 1543 1437 1599 Nam
1470 1543 1918 1613 quemadmodum
1965 1542 2072 1596 illic

478 1637 801 1706 operabatur
828 1636 999 1705 gratia
1031 1653 1044 1689 :
1080 1636 1149 1688 ita
1181 1635 1268 1688 hic
1296 1648 1506 1704 quoque
1528 1632 1727 1702 prodiit
1756 1632 1846 1687 ille
1867 1646 1933 1687 ex
1955 1641 2071 1687 ute-

478 1744 538 1780 ru
562 1730 672 1797 jam
712 1726 904 1797 frigido
946 1736 1001 1782 et
1049 1726 1225 1782 cﬁ‘eto.
1277 1725 1579 1780 Ascendisti
1624 1733 1680 1779 tu
1709 1739 1774 1780 ex
1807 1724 1956 1794 aquis
1982 1738 2073 1793 ge-

478 1802 600 1873 lidis
631 1838 644 1874 :
672 1819 812 1890 quod
842 1819 1001 1888 igitur
1025 1818 1100 1872 illi
1143 1816 1241 1872 fuit
1281 1826 1493 1883 uterus,
1521 1816 1612 1870 tibi
1660 1817 1927 1870 lavacrum
1975 1815 2072 1868 fuit

476 1927 757 1982 aquarum.
806 1910 968 1964 Vides
1016 1919 1200 1979 partus
1225 1906 1639 1978 cognationem?
1686 1906 1835 1961 vides
1885 1905 2071 1976 gratiae

485 2000 870 2056 concordiam?
899 1999 1049 2053 vides
1076 1997 1270 2068 ubique
1314 2005 1560 2050 naturam
1605 1996 1758 2049 otiari
1778 2036 1791 2058 ,
1817 2002 1873 2049 et
1901 2002 2070 2048 totum

475 2092 572 2148 Dei
608 2094 857 2148 virtutem
886 2090 1138 2161 operari?
1176 2089 1380 2164 idcirco
1428 2087 1723 2144 Secundum
1768 2084 1921 2140 Isaac
1948 2101 2069 2154 pra-

473 2184 728 2242 missionia
757 2197 931 2238 sumus
972 2180 1088 2251 ﬁlii.
1112 2181 1181 2235 At
1207 2178 1351 2235 enim
1392 2192 1497 2233 una
1527 2184 1693 2233 restat
1717 2174 1892 2231 adhuc
1920 2188 2065 2245 qua-

730 2351 1029 2360 “—,.

519 2351 725 2364 _—.————

1230 245 1286 301 s.
1315 229 1593 302 JOANNIS
1621 223 2095 298 clinvsos‘ront
2135 224 3017 295 ARCHIEP.CONSTA1\‘TL\OP.

1159 2354 1169 2359 _
1206 2352 1263 2357 ...υ
1278 2352 1283 2355 ι
1306 2349 1665 2357 ᾑι--ν--σ-μρηΑ
1684 2350 1689 2353 -
1718 2351 1761 2356 __...
1778 2349 1989 2357 ...γε’-ω·-
2006 2348 2121 2357 ..υ-

2123 2349 2511 2359 ———.————————_.

3661 242 3789 302 I32

2180 351 2285 406 otio
2313 367 2327 403 :
2358 350 2493 405 dixit
2517 350 2585 406 de
2611 352 2765 408 nobis
2784 393 2797 418 ,
2824 352 2970 423 quod
2992 350 3114 408 Non
3138 368 3201 407 ea:
3227 354 3575 425 sanguim'bus,
3609 374 3805 429 neque

2181 456 2243 495 ex
2268 441 2520 496 voluntate
2557 443 2725 497 carnis
2753 444 2921 499 simus
2953 443 3131 515 (Joan.
3168 445 3220 499 l.
3250 446 3361 516 15).
3406 445 3527 514 Quo
3549 450 3794 504 tandem

2180 531 2376 598 pacto?
2423 530 2607 601 Neque
2638 531 2784 586 Isaae
2809 548 2877 588 ex
2912 535 3259 605 sanguinibns
3295 536 3394 592 fuit
3430 557 3444 591 :
3496 538 3796 596 Desierant

2176 621 2311 675 enim
2337 620 2514 677 Sarra?
2533 623 2643 691 ﬁeri
2663 622 2925 679 muliebria
2950 626 3059 697 ejus
3082 625 3236 697 (Gen.
3266 628 3352 684 18.
3375 629 3488 699 il).
3519 631 3723 688 Obtura
3738 637 3788 688 ιί

2177 720 2329 765 erant
2350 712 2500 767 lactis
2524 712 2697 768 fontes
2715 755 2732 782 ,
2762 715 2968 771 sublata
2995 726 3110 772 erat
3130 720 3494 789 generationis
3516 725 3784 791 materia,

2176 799 2379 856 inutilis
2425 813 2628 859 natura:
2670 814 2788 859 erat
2830 804 3083 875 ofﬁcina,
3128 818 3344 879 tumque
3394 811 3609 868 virtutis
3654 828 3784 871 sur:

2178 893 2318 949 Deus
2345 896 2617 964 specimen
2664 897 2852 953 edidit.
2885 899 3025 955 Ecce
3075 903 3448 970 appellationis
3488 903 3641 962 Isaae
3667 909 3781 960 do-

2177 987 2402 1041 ctrinam
2450 988 2707 1044 habemus
2752 993 3071 1049 absolutam.
3114 995 3300 1050 Restat
3346 1000 3522 1062 enim,
3571 1008 3634 1054 ut
3695 998 3778 1056 ad

2176 1078 2444 1134 Abraham
2463 1122 2479 1146 ,
2502 1091 2557 1135 et
2584 1082 2650 1136 ad
2678 1083 2819 1138 ﬁlios
2837 1084 3082 1140 Zebedzei
3103 1087 3427 1158 Petrumque
3446 1092 3724 1147 veniamus
3754 1110 3775 1144 :

2176 1167 2270 1221 sed
2302 1184 2370 1224 ne
2393 1170 2543 1225 vobis
2572 1181 2768 1228 nostras
2811 1175 3071 1231 orationis
3107 1177 3382 1246 prolixitas
3408 1180 3622 1235 taedium
3672 1198 3770 1252 pa—

2174 1261 2305 1327 riat,
2371 1261 2438 1316 ad
2506 1265 2728 1319 alterum
2783 1281 3085 1323 sermonem
3158 1269 3262 1326 ista
3315 1271 3657 1343 diﬁ'eremus,
3708 1284 3778 1333 el.

2177 1352 2262 1408 hie
2329 1353 2489 1410 ﬁnem
2560 1355 2767 1412 dicendi
2841 1358 3094 1416 facientes
3166 1378 3263 1417 vos
3329 1362 3774 1436 cohortabimur,

2173 1445 2262 1514 qui
2304 1446 2595 1502 secundum
2639 1448 2786 1505 Isaae
2838 1452 2945 1505 nati
2994 1453 3155 1518 estis,
3188 1461 3246 1509 ut
3302 1444 3774 1515 mansuetudinem

2174 1548 2238 1588 ac
2295 1535 2613 1592 modestiam
2659 1538 2807 1595 Isaae
2868 1541 3185 1610 imitemini,
3237 1560 3560 1619 omnemque
3604 1551 3775 1607 aliam

2174 1626 2290 1697 ejus
2330 1629 2750 1701 philosophiam;
2807 1643 2862 1688 ut
2913 1636 3161 1705 precibus
3207 1637 3335 1708 justi
3366 1640 3511 1696 illius
3564 1652 3620 1697 et
3667 1643 3775 1699 lto-

2173 1734 2290 1774 rum
2352 1723 2639 1792 praesulem
2677 1727 2917 1782 omnium
2960 1728 3126 1799 adjuti
3150 1770 3166 1797 ,
3205 1732 3273 1787 ad
3307 1734 3481 1788 sinum
3535 1736 3773 1794 Abrahae

2174 1812 2351 1866 cuncti
2380 1816 2661 1882 pervenire
2685 1819 2988 1887 possimus,
3016 1823 3183 1892 gratia
3209 1831 3266 1877 et
3290 1825 3616 1896 benignitate
3658 1828 3772 1883 Do-

2174 1901 2304 1956 mini
2350 1905 2519 1958 nostri
2572 1905 2697 1961 Jesu
2760 1907 2994 1974 Christi,
3052 1928 3148 1981 per
3187 1928 3348 1983 quem
3393 1925 3447 1970 et
3486 1931 3606 1971 eum
3656 1933 3774 1987 quo

2172 1993 2315 2049 Patri
2342 1996 2549 2066 gloria,
2593 1999 2782 2066 honor,
2827 2002 3145 2074 imperium,
3190 2009 3456 2079 simulque
3478 2022 3668 2067 sancto
3706 2022 3770 2069 et

2172 2084 2385 2142 viviﬁco
2413 2085 2657 2158 Spiritui,
2691 2106 2835 2149 nunc
2856 2102 2910 2150 et
2937 2109 3170 2167 semper,
3199 2109 3253 2154 et
3276 2099 3328 2154 in
3358 2102 3551 2156 saecula
3589 2117 3772 2160 saecu-

2173 2177 2370 2234 lorum.
2395 2180 2585 2236 Amen.

3226 2349 3711 2362 ————————_

501 2548 587 2592 λι)
615 2550 731 2594 nos
762 2552 873 2603 om
915 2553 1101 2597 IPSUM
1145 2542 1741 2597 uernenauoen‘sur
1782 2542 1861 2598 os
1898 2540 2353 2598 ruooumoaun
2389 2536 2890 2604 monstrum,
2918 2549 3091 2603 quon
3137 2546 3319 2591 UTILB
3363 2548 3457 2591 srr
3483 2546 3733 2591 unauna

582 2647 935 2692 ιιΕΝειοιιΕε
964 2650 1146 2702 ΕΟΙῙΟ
1180 2653 1381 2697 ΔΝΙΜΟ
1411 2650 1618 2696 FERRE
1645 2658 1658 2697 ε
1694 2656 1771 2698 ΕΤ
1800 2654 1925 2698 CUR
1955 2655 2161 2697 PAULO
2193 2653 2314 2696 NON
2348 2651 2576 2696 STATIM
2605 2651 2813 2704 ATQUE
2846 2650 3144 2693 CREDIDIT
3176 2649 3391 2692 NOMEN
3428 2635 3743 2691 MUTATUI‘

580 2750 732 2805 EST,
789 2752 1074 2805 ITEMQUE
1130 2753 1301 2806 QUOD
1348 2757 1473 2800 NON
1530 2758 1613 2799 EX
1671 2758 2126 2813 NECESSITATE,
2189 2756 2306 2799 δεῖ)
2365 2757 2449 2798 EX
2500 2755 2724 2798 ιιΒΕιιΔ
2777 2753 3152 2797 ιὀιυΝΤΑΤΕ
3203 2750 3405 2793 FACTA
3456 2749 3552 2793 SIT
3600 2742 3744 2792 ΠΕΟ

577 2834 884 2908 immo,
933 2854 1011 2896 ενι·
1054 2852 1115 2898 IN
1166 2855 1405 2898 meum
1454 2856 1636 2899 ILLUD
1673 2858 1684 2899 :
1733 2857 1950 2911 sane,
1997 2856 2212 2911 sanus,
2251 2856 2404 2908 QUID
2445 2855 2535 2898 me
2578 2852 3005 2906 PERSEQUEBIS
3051 2832 3220 2915 (Act.
3266 2831 3324 2894 9.
3371 2829 3444 2912 ιι)
3477 2834 3505 2891 ‘l

532 3154 583 3218 ἱ.
610 3162 830 3227 Quinam
851 3176 960 3215 vere
978 3163 1131 3213 amici
1140 3157 1709 3226 .-—-iieprehenderuttt
1735 3164 1832 3211 nos
1857 3142 2057 3212 amico-

460 3262 578 3309 rum
624 3250 838 3322 quidam
857 3290 872 3315 ,
901 3249 1044 3318 quod
1077 3247 1365 3316 prolixiora
1395 3260 1701 3300 sermonum
1731 3246 1880 3300 initia
1910 3243 2053 3301 iace-

460 3357 681 3398 remus:
730 3355 797 3394 an
821 3339 940 3409 jure
983 3338 1068 3392 vel
1109 3337 1301 3405 injuria
1328 3335 1790 3405 reprehenderint,
1821 3344 1947 3391 tunc
1973 3337 2055 3391 in-

463 3426 733 3505 telligetis,
759 3447 879 3487 cum
908 3429 1089 3485 audita
1117 3428 1425 3484 defensione
1456 3437 1660 3492 nostra,
1692 3430 1844 3499 quasi
1874 3429 1926 3484 in
1958 3445 2053 3500 pu-

410 3520 596 3590 Jblico
645 3524 891 3580 tribunali
933 3521 1252 3577 sententiam
1298 3518 1497 3574 feretis.
1545 3519 1657 3589 Ego
1703 3522 2055 3591 vero,prios-

455 3628 614 3689 quam
644 3617 697 3683 id
739 3615 1036 3678 ostendam,
1066 3613 1136 3668 ob
1169 3611 1641 3682 reprehensionem
1672 3611 1871 3680 gratias
1917 3611 2048 3680 ipsis

460 3709 635 3765 refero
667 3727 678 3761 :
719 3723 843 3762 nam
870 3723 933 3762 ex
962 3706 1065 3761 mei
1093 3718 1219 3759 cura
1244 3714 1404 3774 atque
1431 3703 1628 3771 Studio,
1671 3720 1777 3757 non
1815 3719 1880 3757 ex
1909 3706 2049 3759 malo

456 3802 638 3856 animo
663 3800 753 3855 illa
793 3798 1146 3870 proﬁciscitur
1172 3816 1185 3852 :
1214 3798 1444 3852 amicum
1472 3811 1620 3861 vero,
1643 3810 1748 3850 non
1776 3811 1896 3850 eum
1936 3796 2049 3850 lau-

455 3893 547 3948 dat
573 3893 753 3959 modo,
775 3890 870 3947 sed
896 3890 1056 3946 etiam
1079 3905 1198 3944 cum
1227 3888 1572 3959 reprehendit
1590 3895 1646 3944 et
1666 3890 1901 3958 corrigit,
1921 3896 2047 3943 tunc

456 4000 545 4040 me
563 3999 743 4039 amare
764 3982 1011 4038 dixerim.
1037 3980 1311 4051 Siquidem
1336 3979 1551 4034 laudare
1573 3979 1773 4044 omnia,
1798 3986 1908 4031 tum
1926 3993 2044 4047 qua:

453 4079 612 4142 bene,
642 4087 753 4132 tum
798 4092 918 4145 qua:
963 4076 1100 4129 male
1129 4089 1190 4128 se
1235 4071 1451 4137 habent,
1487 4071 1540 4123 id
1588 4085 1692 4124 non
1741 4070 1919 4132 amici,
1949 4069 2043 4123 sed

455 4173 658 4230 fallacis
679 4187 742 4225 ae
768 4170 1024 4224 deriseris
1064 4179 1145 4223 est
1173 4185 1187 4221 :
1219 4175 1274 4221 at
1300 4167 1519 4221 laudare
1545 4165 1590 4220 si
1634 4166 1761 4235 quid
1808 4165 1957 4231 boni,
1983 4179 2047 4219 ac

409 4261 941 4334 -reprehendere'si
990 4258 1117 4329 quid
1169 4258 1369 4328 peccati
1427 4257 1756 4322 admittatur,
1813 4257 1867 4312 id
1918 4272 2045 4312 vero

453 4352 683 4409 amantis
724 4359 779 4405 et
821 4365 1002 4404 curam
1046 4348 1290 4404 habentis
1341 4358 1441 4404 est.
1496 4350 1669 4418 Atque
1719 4358 1777 4403 ut
1829 4349 2045 4405 discatis

452 4444 594 4516 quod
621 4442 1081 4498 indiscriminatim
1108 4442 1287 4497 omnia
1307 4441 1524 4496 laudare
1544 4451 1600 4497 et
1618 4441 1913 4507 celebrare,
1937 4458 2042 4497 non

453 4540 524 4593 sit
566 4537 746 4602 amici,
780 4535 873 4591 sed
902 4534 1220 4605 decipientis
1252 4550 1265 4588 :
1305 4531 1507 4603 Papule
1544 4549 1703 4596 meus,
1736 4533 1923 4603 inquit.
1956 4535 2044 4603 qui

451 4642 539 4683 vos
561 4631 728 4682 beatos
755 4627 950 4691 dicunt,
985 4625 1083 4695 ipsi
1110 4641 1195 4679 vos
1224 4624 1502 4695 decipiunt,
1532 4633 1578 4678 et
1604 4625 1829 4677 semitam
1858 4624 2043 4694 pedum

453 4728 727 4774 uestrorum
753 4716 1021 4773 exturbant
1061 4714 1212 4788 (Isai.
1240 4716 1294 4770 5.
1331 4714 1445 4787 12).
1475 4713 1632 4770 Certe
1673 4715 1943 4769 inimicum
1975 4733 2043 4771 ne

453 4810 759 4866 laudantem
785 4808 999 4879 quidem
1039 4806 1296 4872 admitto;
1338 4806 1569 4861 amicum
1601 4821 1728 4862 vero
1756 4806 1917 4863 etiam
1960 4822 2045 4863 re-

455 4901 870 4974 prehendentem
903 4901 1199 4970 amplexor.
1235 4898 1327 4953 llle
1351 4898 1451 4953 etsi
1475 4912 1562 4953 me
1582 4896 1939 4962 deosculetur.
1964 4897 2044 4952 in-

455 4997 634 5051 suavis
660 5004 776 5060 est;
809 4995 897 5049 hic
939 4993 1038 5048 etsi
1085 4992 1351 5056 vulneret,
1394 4990 1676 5044 amabilis:
1716 4990 1858 5044 illius
1883 5003 2042 5044 oscu-

457 5088 568 5141 lum
599 5082 901 5154 suSpicione
928 5084 1143 5155 plenum
1166 5091 1266 5145 est,
1288 5083 1443 5151 ltujus
1469 5081 1661 5137 vulnus
1685 5081 1906 5137 curandi
1935 5081 2040 5134 vim

456 5178 634 5233 habet.
668 5176 952 5246 Propterea
978 5175 1107 5230 dicit
1127 5173 1340 5244 quidam
1364 5192 1376 5227 :
1403 5171 1665 5228 Fideliora
1692 5181 1810 5228 sunt
1834 5173 2042 5226 vulnera

451 5271 626 5338 amici,
670 5286 822 5340 quam
866 5279 1147 5337 spontaneo
1189 5267 1362 5320 oscula
1406 5266 1596 5320 inimici
1625 5264 1804 5336 (Prov.
1835 5266 1924 5320 27.
1961 5264 2038 5335 (i).

451 5362 591 5433 Quid
635 5362 810 5418 dicis?
850 5360 1080 5417 Vulnera
1135 5359 1332 5412 esculis
1385 5357 1637 5423 meliora,
1694 5358 1903 5428 inquit:
1937 5372 2039 5411 non

455 5455 627 5510 enim1
654 5455 722 5511 ad
763 5465 1008 5509 naturam
1033 5467 1219 5508 eorum
1251 5468 1369 5522 quae
1399 5451 1550 5516 ﬁunt,
1584 5451 1678 5506 sed
1706 5452 1770 5506 ad
1800 5451 2039 5506 atl'ectio-

517 5549 534 5578 ι
569 5553 681 5617 ttae
715 5548 788 5617 sic
822 5547 948 5617 forte
970 5543 1149 5617 melius
1173 5543 1400 5617 legantur
1439 5557 1453 5594 :
1491 5544 1615 5617 Quid
1657 5542 1821 5617 dicis?
1844 5544 2043 5617 vulnera

456 5612 633 5661 parntis
653 5613 908 5667 meliora?
936 5607 1096 5666 etiam,
1122 5607 1276 5670 inquit
1313 5619 1331 5657 :
1367 5619 1460 5657 non
1489 5607 1635 5667 enim,
1663 5613 1784 5666 etc.,
1823 5619 1934 5657 nam
1960 5607 2038 5659 hic

443 5670 617 5736 tropus
634 5678 762 5738 apud
778 5678 1167 5739 Chrysosbmum
1188 5669 1425 5732 frequens
1447 5678 1541 5720 est.

2092 3051 2145 3061 .—

2164 3176 2301 3257 uem
2319 3182 2505 3225 eorum
2533 3175 2622 3242 qui
2653 3174 2853 3232 faciunt
2876 3180 3110 3236 attendo.
3142 3180 3233 3237 Vis
3250 3183 3458 3241 discere
3479 3190 3751 3257 quomodo

2161 3253 2404 3312 ﬁdeliora
2447 3260 2555 3316 sint
2591 3264 2808 3321 vulnera
2834 3270 3015 3338 amici,
3042 3286 3201 3342 quam
3246 3253 3536 3345 Spontanea
3562 3283 3747 3336 oscula

2160 3352 2398 3407 inimici?
2430 3354 2711 3413 Dominum
2736 3361 3008 3418 osculatus
3037 3373 3119 3419 est
3145 3365 3343 3432 Judas;
3372 3369 3465 3423 sed
3500 3372 3743 3428 osculum

2157 3451 2273 3498 erat
2302 3446 2603 3515 proditione
2646 3451 2895 3520 plenum;
2927 3468 2987 3509 os
3014 3470 3245 3523 veneno,
3290 3458 3468 3530 lingua
3509 3465 3745 3533 nequitia

2155 3537 2462 3609 replebatur
2502 3540 2710 3613 (Matth.
2755 3542 2847 3598 26.
2897 3545 3013 3617 49).
3061 3546 3430 3605 Furnicarium
3458 3555 3600 3622 apud
3627 3553 3741 3609 Co—

2156 3627 2383 3683 rinthios
2407 3632 2703 3688 vulneravit
2731 3634 2964 3703 Paulus;
2995 3637 3089 3693 sed
3122 3639 3197 3694 illi
3234 3640 3456 3696 salutem
3483 3645 3743 3700 concilia-

2155 3719 2249 3772 vit.
2280 3719 2579 3789 Quomodo,
2613 3724 2843 3795 inquies,
2872 3729 3209 3786 vulneravit?
3235 3731 3445 3788 Satanae
3488 3736 3739 3794 tradens:

2153 3808 2382 3878 Tradite,
2405 3813 2594 3883 inquit,
2623 3814 2917 3887 hujusmodi
2940 3830 3132 3875 satana:
3157 3823 3210 3876 in
3253 3823 3508 3878 interitum
3550 3829 3738 3883 carnis.

2155 3901 2237 3957 Ad
2265 3904 2434 3974 quid?
2457 3903 2526 3961 Ut
2563 3907 2769 3978 spiritus
2803 3910 2971 3965 salvus
2989 3911 3051 3965 sit
3080 3913 3131 3966 in
3160 3912 3240 3966 die
3264 3912 3474 3969 Domini
3492 3916 3615 3971 Jesu
3646 3918 3737 3989 (ί.

2153 3992 2271 4047 Cor.
2303 3996 2354 4050 5.
2386 3996 2484 4068 5).
2519 3997 2761 4053 Vidistin’
2794 4000 3020 4057 vulnera
3060 4003 3285 4059 salutis?
3328 4005 3560 4061 vidistin‘
3585 4025 3733 4065 oscu-

2153 4081 2261 4137 lum
2288 4084 2588 4153 proditione
2619 4089 2923 4157 repletum?
2958 4091 3048 4145 Sic
3090 4090 3351 4148 Fideliora
3374 4106 3493 4149 sunt
3529 4098 3738 4152 vulnera

2150 4176 2319 4242 amici,
2359 4193 2510 4244 quam
2557 4190 2835 4251 spontaneo
2886 4184 3058 4238 oscula
3105 4185 3317 4240 inimici.
3351 4187 3409 4242 ld
3450 4205 3555 4243 non
3598 4192 3735 4259 apud

2152 4266 2398 4325 homines
2430 4278 2657 4341 tantum,
2691 4274 2784 4329 sed
2811 4275 2970 4330 etiam
2998 4278 3138 4345 apud
3185 4279 3351 4334 Deum
3382 4292 3435 4334 et
3455 4283 3593 4351 apud
3619 4282 3735 4338 dia-'

2152 4359 2330 4413 bolum
2381 4362 2746 4431 exquiramus.
2788 4365 2882 4421 llle
2933 4367 3159 4434 amicus,
3200 4369 3286 4424 hic
3337 4371 3581 4427 inimicus
3620 4381 3734 4439 est;

2153 4451 2245 4505 ille
2282 4462 2523 4509 servator
2551 4462 2607 4510 et
2648 4465 2883 4523 curator,
2914 4457 2999 4512 hic
3047 4458 3417 4516 fraudulentus
3464 4472 3518 4518 et
3564 4464 3737 4519 inimi-

2149 4562 2264 4602 cus.
2309 4548 2406 4603 Hie
2448 4550 2730 4620 aliquando
2775 4553 3043 4607 osculatus
3092 4562 3207 4617 est,
3262 4556 3350 4611 ille
3401 4556 3737 4612 vulneravit?

2148 4640 2426 4706 Quomodo
2482 4643 2566 4697 hic
2610 4643 2877 4698 osculatus
2931 4653 3051 4709 est,
3102 4645 3191 4699 ille
3237 4647 3574 4702 vulneravit?
3640 4647 3738 4702 llic

2149 4732 2302 4799 dixit,
2339 4732 2496 4786 Erilis
2515 4735 2646 4787 sicut
2679 4734 2753 4787 dii
2773 4751 2794 4801 ;
2838 4734 2926 4789 ille
2954 4750 3102 4799 vero,
3129 4735 3283 4790 Terra
3308 4754 3379 4802 es,
3403 4738 3523 4792 etin
3552 4752 3735 4793 terram

2148 4826 2406 4880 reverteris
2446 4824 2596 4898 (Gen.
2630 4827 2683 4882 3.
2715 4826 2768 4881 5.
2804 4836 2851 4880 et
2886 4825 3012 4897 i9).
3047 4825 3177 4883 Uter
3205 4829 3374 4898 magis
3414 4828 3627 4899 profuit,
3666 4846 3736 4884 an

2149 4917 2257 4985 hic,
2285 4919 2373 4988 qui
2405 4918 2557 4983 dixit,
2590 4918 2750 4972 Erilis
2777 4918 2912 4972 sicut
2926 4919 3000 4972 dii
3017 4934 3035 4975 ε
3074 4934 3142 4973 an
3171 4920 3260 4975 ille
3287 4920 3375 4991 qui
3397 4921 3548 4985 dixit,
3582 4920 3739 4976 Terra

2147 5025 2222 5076 es,
2251 5018 2299 5062 et
2335 5010 2388 5062 in
2415 5017 2602 5062 terram
2638 5010 2896 5063 reverteris
2918 5009 2944 5062 ?
2987 5008 3084 5064 Hic
3112 5020 3338 5066 mortem
3368 5011 3738 5068 interminatus

2148 5110 2251 5164 est,
2280 5100 2368 5155 ille
2391 5101 2843 5157 immortalitatem
2874 5101 3148 5172 promisit;
3178 5103 3271 5157 sed
3306 5107 3397 5174 qui
3422 5106 3738 5160 immortali-

2151 5203 2313 5250 tatem
2362 5193 2628 5264 promisit,
2678 5205 2743 5250 εκ
2792 5194 3039 5264 paradiso
3087 5197 3424 5252 exturbavit:
3468 5199 3558 5268 qui
3608 5212 3740 5252 vero

2149 5298 2375 5362 mortem
2404 5287 2781 5343 interminatus
2823 5296 2925 5355 est,
2958 5289 3010 5342 in
3049 5288 3239 5343 caelum
3296 5289 3515 5346 invexit.
3550 5289 3738 5345 Viden’

2148 5380 2416 5452 quomodo
2435 5378 2698 5437 Fideliora
2718 5391 2833 5436 sunt
2865 5380 3074 5436 vulnera
3098 5381 3272 5449 amici,
3289 5400 3441 5454 quant
3461 5393 3741 5454 spontaneo

2149 5474 2322 5529 oscula
2345 5473 2579 5529 inimici?
2598 5457 2734 5529 ideo
2753 5482 3040 5543 antequam
3061 5473 3113 5527 id
3141 5472 3594 5540 demonstrarem,
3614 5488 3736 5545 gra-

2151 5565 2278 5618 tiam
2310 5564 2467 5622 retuli
2499 5564 2587 5630 iis,
2615 5565 2704 5635 qui
2731 5580 2817 5620 me
2845 5573 3096 5637 arguunt.
3121 5564 3201 5620 illi
3228 5581 3456 5638 namque
3481 5565 3593 5620 sive
3614 5565 3739 5635 jure

2150 5658 2262 5715 sive
2288 5656 2479 5730 injuria
2506 5665 2749 5730 arguant,
2778 5673 2885 5715 non
2913 5658 3290 5728 exprobrandi,
3317 5658 3412 5715 sed
3436 5656 3737 5731 corrigendi
