4060 6252
346 306 449 364 135

347 425 527 475 annuo
568 418 618 472 id
645 424 837 488 agunt;
883 413 1078 467 inimici
1118 427 1269 473 vero,
1307 409 1515 464 etiamsi
1542 408 1662 472 jure
1691 417 1931 477 arguant,

349 530 453 567 non
499 508 836 578 corrigendi,
882 506 972 561 sed
1019 502 1305 557 infamandi
1351 500 1530 555 animo
1574 509 1820 568 arguunt.
1874 499 1934 552 lli

344 605 506 671 Igitur
536 603 659 656 dum
695 599 930 663 laudant,
966 596 1015 650 id
1042 594 1259 648 studi-nt
1288 602 1342 645 ut
1369 591 1642 645 meliorem
1668 589 1935 652 efﬁciant;

344 696 418 749 illi
461 710 624 759 vero,
669 687 878 744 etiamsi
921 686 1169 752 laudent,
1212 683 1556 738 nihilominus
1596 680 1936 749 supplantare

340 795 619 841 conantur.

422 871 895 943 Reprehensionum
926 868 1140 923 utilitas.
1157 893 1227 906 α·-
1247 864 1510 920 Οιιιιρνιιηι
1539 875 1751 931 quoquo
1778 856 1935 913 modo

341 963 691 1033 reprehensio
737 960 973 1025 accidat,
1036 971 1282 1027 magnum
1327 964 1473 1009 certe
1517 953 1712 1005 bonum
1762 958 1846 1005 est
1890 948 1936 1002 si

338 1058 458 1125 quis
484 1053 934 1124 reprehensiones
954 1049 1458 1115 eriniinatiouesque
1479 1045 1546 1097 ita
1578 1044 1715 1098 ferre
1745 1040 1932 1111 possit,

340 1159 395 1201 ut
446 1163 552 1202 non
584 1152 949 1215 exasperetur.
988 1143 1088 1209 Qui
1131 1140 1272 1195 enim
1304 1140 1409 1193 odit
1444 1136 1834 1206 increpationes,
1863 1134 1939 1187 ait

340 1241 638 1309 Scriptura,
670 1237 913 1306 insipiens
943 1244 1015 1289 est
1051 1232 1231 1305 (Prov.
1268 1232 1356 1286 12.
1392 1230 1467 1300 1).
1500 1228 1615 1283 Non
1637 1227 1770 1281 dixit
1804 1226 1937 1279 tales

342 1330 427 1383 vel
474 1330 605 1384 tales
652 1327 1064 1397 increpationes,
1115 1324 1210 1379 sed
1261 1331 1468 1377 tantum
1520 1318 1933 1387 increpationcs.

340 1422 472 1476 Nam
517 1421 560 1475 si
586 1421 706 1489 jure
754 1427 943 1489 arguat
988 1419 1215 1479 amicus,
1268 1421 1545 1483 peccatum
1597 1409 1838 1477 corrige;
1890 1407 1933 1461 si

342 1513 546 1583 absque
591 1512 821 1575 ratione,
866 1508 1022 1563 lauda
1055 1507 1406 1569 voluntatem,
1447 1516 1665 1570 scopum
1693 1500 1809 1567 ejus
1836 1514 1934 1567 ap-

344 1604 532 1673 proba,
565 1602 817 1655 amicitia:
848 1598 1077 1669 gratiam
1106 1595 1364 1650 conﬁtere
1393 1610 1407 1647 :
1434 1608 1497 1646 ex
1528 1605 1717 1659 magno
1738 1588 1934 1659 quippe

342 1711 527 1750 amore
556 1692 825 1748 accusatio
851 1688 1224 1759 proﬁciscitur.
1258 1686 1334 1741 Ne
1373 1682 1786 1745 stomacbctnur,
1810 1696 1930 1735 cum

343 1787 632 1856 arguimur.
667 1783 722 1837 ιιι
753 1782 1041 1837 admodum
1070 1779 1198 1833 utile
1241 1787 1322 1831 est
1368 1777 1491 1829 vita:
1540 1783 1757 1835 nostrae,
1788 1773 1832 1826 si
1867 1771 1933 1825 ab

344 1878 596 1933 omnibus
628 1876 738 1940 ﬁat,
768 1875 812 1928 si
844 1883 895 1929 et
942 1882 1222 1942 peccantes
1252 1884 1559 1939 arguamus,
1601 1876 1652 1919 et
1682 1866 1811 1919 dum
1859 1865 1935 1917 la-

348 1972 525 2025 bimur
555 1970 622 2023 ab
661 1969 779 2022 aliis
829 1966 977 2035 argui
1030 1966 1259 2019 libenter
1303 1962 1575 2016 feramus:
1605 1960 1657 2013 in
1705 1956 1935 2028 peccatis

346 2063 490 2115 enim
524 2060 664 2114 idern
708 2066 834 2113 sunt
865 2054 1329 2125 reprehensiones,
1358 2050 1498 2121 quod
1548 2051 1598 2103 in
1629 2047 1935 2101 vulneribus

347 2150 618 2214 remedia;
651 2146 1096 2219 quemadmodum
1130 2145 1288 2215 igitur
1314 2143 1506 2197 stultus
1532 2151 1611 2197 est
1641 2141 1732 2209 qui
1772 2138 1931 2209 pltar-

342 2258 492 2297 maca
547 2243 739 2311 rejicit,
770 2241 838 2294 ita
879 2252 934 2294 et
978 2241 1192 2294 insanus
1242 2236 1305 2300 is,
1353 2235 1439 2305 qui
1490 2231 1934 2303 reprehensiones

343 2348 447 2387 non
499 2330 959 2386 admittit.Verum
1002 2329 1151 2381 multi
1202 2342 1344 2395 saepe
1374 2332 1778 2394 eanperantur,
1821 2320 1933 2373 lucc

340 2424 480 2495 apud
524 2439 581 2478 se
606 2424 901 2493 corgitantes
928 2430 983 2475 et
1010 2421 1250 2474 dicentes
1281 2438 1294 2473 :
1324 2418 1595 2471 l~luueeine
1635 2416 1800 2470 feram
1832 2428 1930 2481 ego

340 2518 553 2586 sapiens
582 2526 634 2570 et
679 2513 956 2585 prudens?
1000 2513 1305 2581 ignorantes
1339 2525 1459 2563 esse
1502 2508 1629 2562 illud
1674 2515 1930 2561 extrema:

340 2610 624 2664 dementia!
650 2615 1042 2677 argumentum.
1081 2603 1321 2657 Videbunt
1353 2602 1517 2667 enim,
1549 2600 1739 2669 inquit,
1769 2597 1930 2651 homi-

339 2717 473 2765 nem,
504 2700 589 2769 qui
620 2698 713 2753 sibi
738 2697 994 2751 videbatur
1041 2697 1261 2764 sapiens,
1285 2704 1328 2747 et
1372 2694 1618 2762 majorem
1657 2690 1747 2743 illo
1789 2703 1930 2755 spem

342 2794 488 2849 habet
527 2794 767 2862 insipiens
815 2791 997 2861 (Prov.
1036 2791 1128 2845 26.
1170 2790 1280 2860 12).
1333 2790 1628 2857 Eapropter
1657 2796 1709 2839 et
1739 2785 1930 2839 Paulus

340 2886 471 2940 dicit
498 2903 512 2938 :
549 2883 631 2937 Ne
656 2884 764 2937 sitis
792 2884 1059 2950 prudentes
1085 2881 1225 2951 apud
1261 2881 1587 2949 vosmetipsos
1632 2878 1806 2947 (Rom.
1840 2875 1928 2928 η.

342 2978 456 3047 16).
486 2976 636 3030 Licet
658 2975 801 3029 enim
835 2974 1025 3026 mirum
1054 2973 1104 3026 in
1137 2972 1351 3026 modum
1383 2971 1452 3025 sit
1489 2970 1703 3039 sapiens
1723 2978 1776 3023 et
1806 2984 1934 3041 per-

341 3067 543 3134 spicas,
574 3073 809 3118 attamen
850 3064 1010 3117 homo
1030 3079 1089 3116 es
1119 3071 1172 3117 et
1196 3061 1418 3116 consilio
1449 3076 1582 3130 opus
1614 3061 1796 3115 habes.
1827 3063 1931 3117 So-

345 3158 446 3211 lius
478 3157 618 3210 enim
659 3155 750 3209 Dei
780 3164 862 3208 est
892 3154 1087 3208 nullius
1116 3153 1374 3222 indigere,
1402 3162 1456 3207 et
1494 3153 1641 3207 nullo
1669 3169 1803 3222 opus
1834 3154 1929 3208 ha-

346 3248 474 3305 bere
504 3250 826 3304 consiliario.
858 3248 981 3302 ldeo
1016 3247 1082 3301 de
1115 3247 1205 3300 illo
1226 3246 1340 3299 solo
1371 3246 1602 3300 dicitur:
1636 3246 1761 3311 Quis
1799 3248 1930 3301 enim

342 3343 477 3394 novit
494 3358 690 3395 sensum
712 3340 935 3405 Domini,
950 3348 1034 3392 aut
1051 3339 1160 3407 quis
1174 3338 1491 3391 consiliarius
1504 3340 1614 3405 eius
1632 3339 1726 3409 fuit
1752 3337 1770 3411 (
1779 3338 1924 3392 liam.

344 3435 424 3487 11,
461 3433 592 3500 54η
630 3434 698 3484 At
727 3446 824 3484 nos
856 3430 1100 3483 homines
1128 3439 1614 3497 quantumcumque
1635 3429 1925 3496 sapientes,

343 3523 612 3577 tnultoties
658 3532 833 3575 tamen
877 3537 1063 3575 sumus
1109 3519 1527 3589 reprehensione
1573 3518 1740 3587 digni,
1772 3530 1930 3588 atque

343 3617 467 3671 hinc
493 3626 710 3686 apparet
733 3626 933 3668 natura:
962 3622 1157 3667 nostra:
1188 3612 1488 3666 infirmitas.
1522 3609 1641 3662 Non
1664 3611 1795 3663 enim
1824 3626 1931 3663 om-

340 3708 428 3761 nia
455 3724 560 3760 esse
604 3715 810 3775 possunt
836 3706 890 3757 in
916 3704 1200 3757 hominibus
1241 3701 1431 3771 (Ereti.
1465 3701 1546 3755 Π.
1579 3698 1692 3771 29),
1740 3702 1928 3770 inquit.

338 3799 559 3865 Quare?
588 3798 722 3865 Quia
753 3797 891 3849 ﬁlius
920 3796 1149 3848 hominis
1178 3810 1280 3847 non
1313 3803 1396 3847 est
1428 3793 1758 3846 immortalis.
1792 3793 1929 3860 Quid

342 3891 572 3946 lucidius
600 3891 753 3943 Sole?
786 3890 1034 3941 Attamen
1063 3896 1117 3941 et
1149 3887 1237 3940 ille
1266 3885 1466 3940 deﬁcit.
1494 3885 1643 3940 Sicut
1670 3901 1797 3954 ergo
1829 3886 1929 3939 ful-

337 3982 520 4052 gillam
560 3982 703 4033 illam
737 3979 907 4033 lucem
934 3986 989 4032 et
1015 3978 1382 4046 splendentem
1426 3976 1632 4030 radium
1675 3992 1930 4045 superve-

343 4077 558 4129 nientes
588 4070 825 4126 tenebrae
864 4070 1120 4140 obtegunt
1148 4086 1161 4122 :
1195 4070 1263 4123 ita
1293 4080 1345 4123 et
1389 4069 1787 4138 intelligentiam
1838 4085 1933 4124 no-

342 4177 533 4231 stram,
565 4164 715 4233 quasi
762 4164 812 4217 in
862 4162 1084 4217 meridie
1132 4160 1420 4232 fulgentem
1470 4170 1524 4214 et
1571 4161 1928 4231 perspicuam,

346 4254 796 4310 inconsiderantia
834 4254 1100 4322 obrepens
1144 4268 1288 4322 smpc
1337 4253 1672 4308 tenebrosam
1720 4253 1928 4317 reddit;

346 4347 645 4415 acciditque
686 4354 745 4399 ut
789 4344 1006 4414 sapiens
1031 4343 1350 4413 quandoque
1404 4360 1507 4396 non
1564 4344 1740 4398 videat
1789 4343 1931 4412 quod

347 4447 577 4507 Oportet,
609 4445 662 4492 et
689 4437 733 4490 is
768 4437 856 4505 qui
894 4435 1061 4489 multo
1093 4435 1165 4487 illi
1198 4434 1417 4487 inferior
1446 4443 1527 4487 est
1564 4434 1772 4489 acutius
1802 4432 1931 4487 illud

350 4531 653 4601 perspiciat.
684 4532 857 4598 Atque
909 4530 977 4581 ita
1025 4544 1112 4581 res
1143 4543 1202 4582 se
1231 4527 1409 4590 habet,
1441 4536 1497 4581 ut
1524 4543 1695 4597 neque
1721 4528 1933 4597 sapiens

351 4638 408 4676 se
437 4622 679 4686 extollat,
723 4635 896 4690 neque
930 4618 1151 4674 inferior
1198 4619 1291 4671 illo
1332 4634 1452 4675 sese
1492 4618 1746 4672 miserum
1793 4634 1932 4686 prac-

350 4714 509 4768 dieet.
558 4713 803 4782 Magnum
856 4712 1055 4765 bonum
1100 4719 1222 4772 est,
1268 4708 1713 4777 reprehensiones
1755 4708 1929 4764 ferre:

353 4822 600 4875 magnutn
630 4806 753 4858 item
785 4804 981 4857 bonum
1014 4816 1169 4870 posse
1196 4800 1625 4868 reprehendere;
1671 4815 1792 4853 nam
1833 4799 1933 4855 hoc

350 4897 415 4951 ad
464 4912 648 4951 curam
684 4894 910 4964 proximi
957 4894 1185 4946 maxime
1228 4892 1478 4961 pertinet.
1527 4890 1678 4944 Nunc
1718 4906 1846 4945 vero
1888 4893 1932 4944 si

351 4988 625 5041 videamus
648 4986 918 5039 hominem
949 4984 1177 5037 tunicam
1207 4982 1433 5037 solutam
1457 4992 1509 5035 et
1535 4998 1599 5037 ex
1628 4990 1934 5037 transverso

351 5080 677 5145 habentem,
731 5088 823 5132 aut
876 5076 1019 5131 aliud
1074 5077 1441 5130 indumentum
1489 5076 1626 5129 male
1680 5075 1930 5144 positum,

352 5184 635 5224 monemus
669 5180 721 5222 et
754 5167 1136 5229 emcndamus;
1185 5168 1228 5219 si
1279 5182 1406 5220 vero
1454 5165 1725 5220 videamus
1776 5165 1933 5218 vitam

350 5263 465 5331 ejus
495 5262 832 5326 dissolutam,
866 5274 933 5314 ne
977 5259 1196 5311 verbum
1227 5258 1439 5326 quidem
1490 5256 1829 5326 proferimus.
1880 5255 1934 5310 Si

354 5358 627 5411 videamus
650 5356 808 5407 vitam
835 5355 950 5423 ejus
981 5352 1304 5414 indecorant,
1332 5351 1694 5418 praeterimus:
1727 5349 1935 5402 tametsi

350 5466 411 5501 ea
452 5464 572 5519 qua:
600 5446 665 5501 ad
691 5456 864 5501 vestes
905 5445 1168 5513 pertinent
1204 5485 1217 5508 ,
1249 5444 1409 5496 risum
1449 5450 1649 5495 tantum
1675 5483 1686 5505 ,
1726 5457 1786 5494 ea
1810 5457 1937 5495 vero

352 5554 470 5606 qua:
510 5539 577 5593 ad
620 5539 895 5599 animam,
930 5534 1218 5604 periculum
1255 5543 1307 5588 et
1349 5532 1663 5602 supplicium
1710 5532 1934 5601 pariant.

352 5632 484 5687 Cum
515 5631 662 5683 vides
690 5629 906 5682 fratrem
950 5643 1045 5696 per
1085 5626 1370 5695 prareipitia
1416 5624 1560 5686 ferri,
1593 5624 1660 5677 de
1701 5623 1802 5676 vita
1833 5639 1936 5676 non

347 5737 655 5789 curantem,
689 5735 787 5775 nec
818 5736 905 5786 co,
945 5734 1049 5787 quo
1081 5734 1211 5787 opus
1242 5727 1343 5785 est,
1368 5726 1714 5786 spectantem,
1762 5730 1939 5771 nonne

984 296 1069 351 DE
1102 289 1439 351 FERENDIS
1477 289 1911 348 REPllElll-lNS.
1954 290 2040 347 ET
2084 290 2174 348 DE
2214 293 2471 350 MLTAT.
2514 290 2845 349 NOMINUM.
2892 291 2981 348 lll.

3534 294 3634 351 151

2050 424 2266 463 mnuum
2311 410 2576 480 porrigis?
2607 426 2782 465 n0nne
2807 426 2835 463 a
2864 410 3013 479 lapsu
3061 410 3257 481 erigis?
3307 428 3485 468 nonne
3538 416 3659 468 :e-‘

2047 500 2336 567 prehendis
2360 512 2415 556 et
2444 502 2663 571 arguis?
2692 518 2759 555 an
2790 503 2952 571 pluris
2978 500 3106 556 facis
3128 518 3231 556 non
3264 504 3623 573 importunum

2044 589 2211 643 videri
2244 591 2323 643 vel
2348 591 2639 656 offendere,
2670 607 2829 661 quam
2869 594 2985 661 eius
3005 592 3228 647 salutem
3254 596 3478 649 curare?
3522 596 3625 651 Ee-

2042 694 2199 748 quam
2234 681 2506 736 bahiturus
2531 698 2591 737 es
2617 685 2753 753 apud
2784 685 2947 738 Deum
2986 686 3234 739 veniam?
3262 702 3417 755 quam
3445 687 3627 742 defen-

2042 772 2286 826 sionem?
2318 772 2430 826 Non
2477 775 2671 829 audisti
2722 776 2846 845 quid
2880 776 3076 831 Jud:eis
3119 778 3260 833 Deus
3291 782 3625 848 praeceperit,

2042 871 2196 918 utne
2237 864 2467 918 ermntia
2515 866 2848 920 inimicorum
2892 872 3129 936 jumenta
3173 868 3528 938 despicerent,
3584 885 3631 924 ct

2042 952 2187 1023 lapsa
2211 970 2277 1009 ne
2309 956 2642 1024 prartcrirent
2670 957 2868 1026 (Exod.
2894 959 2984 1012 95.
3012 960 3065 1013 4.
3094 960 3147 1015 5.
3173 969 3219 1013 ct
3243 959 3391 1014 Deut.
3420 962 3509 1015 2'2.
3537 965 3586 1033 l)
3611 967 3632 1014 2i

2042 1042 2187 1099 Itane
2212 1045 2380 1100 Judmi
2424 1048 2640 1116 quidem
2668 1048 2924 1118 jnbentur
2954 1050 3105 1104 bruta
3133 1052 3465 1106 inimicorum
3498 1071 3623 1107 suo-

2047 1152 2164 1189 rum
2198 1153 2301 1191 non
2330 1138 2625 1207 despicere,
2646 1156 2744 1195 nos
2769 1158 2898 1196 vero
2921 1143 3139 1197 fratrum
3166 1146 3371 1200 animas
3392 1149 3630 1217 quotidie

2041 1229 2408 1298 Supplantatas
2427 1231 2817 1300 despiciemus?
2850 1233 3127 1300 Quomodo
3158 1236 3207 1288 id
3242 1253 3344 1289 non
3373 1248 3627 1292 extrema:

2041 1321 2371 1376 crmlelitatis
2415 1332 2469 1376 et
2499 1322 2655 1376 ferini
2684 1324 2846 1377 anitni
2895 1324 3070 1392 fuerit,
3103 1342 3207 1379 non
3240 1336 3440 1382 tantum
3485 1346 3627 1384 cane

2043 1412 2347 1467 hominibus
2392 1414 2723 1484 impendere,
2760 1427 3013 1486 quantum
3065 1419 3135 1472 illi
3177 1422 3470 1488 jtunentis?
3515 1424 3628 1477 lloc

2040 1505 2218 1558 orlmia
2249 1506 2531 1571 subvertit,
2564 1507 2665 1561 hoc
2698 1508 2858 1561 vitam
2890 1519 3126 1563 nostram
3157 1514 3451 1577 confundit,
3482 1517 3622 1584 quod

2039 1610 2138 1649 nec
2179 1597 2493 1665 reprehensi
2539 1613 2800 1667 generose
2849 1601 3101 1667 feramus,
3146 1618 3319 1672 neque
3364 1606 3497 1659 alios
3543 1625 3625 1661 re-

2038 1684 2372 1753 prehendere
2399 1687 2626 1741 velimus
2663 1706 2675 1741 :
2722 1688 2842 1744 ideo
2872 1690 3014 1744 enim
3042 1692 3249 1746 molesti
3271 1708 3475 1758 smnus,
3500 1714 3623 1751 Ullll

2037 1775 2329 1844 arguimns,
2363 1778 2484 1846 quia
2527 1793 2927 1847 cxasperamur,
2959 1795 3080 1834 cum
3112 1786 3401 1851 arguimur.
3444 1786 3625 1840 Eunu-

2039 1880 2166 1919 vcro
2192 1866 2236 1919 si
2259 1869 2417 1920 sciret
2448 1866 2609 1921 frater
2638 1878 2777 1934 tuus,
2797 1884 2853 1922 se
2879 1870 2973 1924 abs
3005 1881 3054 1925 te
3084 1872 3354 1927 laudatum
3389 1877 3470 1941 iri,
3496 1878 3538 1930 si
3573 1888 3625 1932 to

2039 1964 2303 2023 argueret,
2323 1958 2679 2025 reprehensus
2691 1969 2743 2013 et
2766 1960 2879 2027 ipse
2906 1976 3082 2028 parem
3104 1964 3416 2031 rependeret
3431 1968 3620 2020 viceni.

2109 2045 2163 2098 2.
2213 2047 2298 2100 Vis
2325 2047 2465 2101 scire
2505 2056 2586 2114 te,
2620 2049 2827 2103 etiamsi
2874 2050 3159 2106 admodum
3193 2055 3424 2122 prudens
3452 2073 3620 2122 esses,

2039 2138 2245 2193 etiamsi
2272 2139 2561 2210 perfectus,
2581 2141 2790 2196 etiamsi
2814 2142 2877 2195 ad
2901 2159 3166 2197 sutmnum
3191 2147 3397 2201 virtutis
3418 2151 3624 2217 apicem

2041 2231 2397 2298 pervenisses,
2427 2247 2563 2302 opus
2595 2243 2768 2287 tamen
2801 2234 3103 2289 habiturum
3141 2252 3259 2291 esse
3296 2241 3622 2305 consiliario,

2039 2330 2173 2377 eteo
2191 2324 2279 2391 qui
2307 2335 2357 2379 te
2382 2336 2629 2393 argueret
2657 2342 2720 2381 ac
2746 2327 3203 2396 reprehenderet?
3231 2333 3367 2385 Audi
3393 2344 3621 2389 veterem

2040 2412 2335 2469 historiam.
2378 2416 2519 2470 Nihil
2548 2417 2714 2489 Moysi
2749 2435 2842 2487 par
2882 2430 2996 2474 erat
3033 2439 3046 2474 :
3092 2422 3375 2490 siquidem,
3414 2425 3623 2479 Mitissi-

2039 2525 2150 2562 mus
2176 2518 2304 2574 erat,
2339 2511 2507 2579 inquit
2541 2512 2833 2583 Scriptura,
2863 2516 3085 2568 omnium
3130 2518 3387 2571 hominum
3435 2521 3621 2589 (Nam.

2038 2599 2123 2653 12.
2157 2599 2233 2672 5),
2283 2602 2392 2656 Deo
2440 2604 2663 2671 amicus,
2717 2614 2935 2659 externa
2991 2607 3320 2677 philosophia
3369 2611 3620 2679 imbutus,

2035 2692 2408 2763 spiritualique
2433 2696 2779 2765 intelligentia
2813 2699 3020 2768 plenus.
3057 2698 3302 2756 Eruditus
3331 2707 3471 2759 enim
3494 2718 3620 2771 erat,

2038 2784 2226 2853 inquit,
2258 2783 2459 2856 Moyses
2498 2789 2637 2842 omni
2679 2790 2927 2858 sapientia
2975 2790 3339 2862 Algyptiormn
3382 2798 3519 2865 (Art.
3568 2801 3620 2853 7.

2034 2876 2151 2945 22).
2181 2876 2343 2931 Vides
2382 2880 2722 2948 omnigenum
2763 2882 3157 2937 eruditionem?
3202 2885 3422 2953 Erat-,ue
3448 2900 3621 2955 puteus

2036 2983 2265 3020 sermone
2291 2976 2335 3021 et
2362 2969 2560 3022 virtute.
2592 2971 2787 3024 Verum
2815 2972 2936 3025 audi
2970 2973 3109 3026 aliud
3139 2991 3348 3045 quoque
3380 2980 3621 3033 testimo-

2038 3059 2203 3113 nium.
2232 3061 2365 3114 Cum
2395 3061 2597 3126 multis,
2637 3063 2827 3132 inquit,
2862 3067 3134 3134 prepltttlis
3164 3081 3506 3125 conversatus
3543 3085 3622 3129 est

2040 3152 2214 3217 Deus;
2243 3155 2334 3207 sed
2365 3170 2483 3209 cum
2514 3156 2658 3211 nullo
2695 3159 2770 3211 sic
2801 3171 3142 3216 ronversatus
3169 3175 3248 3217 est
3282 3183 3295 3220 :
3341 3183 3460 3220 nam
3500 3184 3619 3223 cum

2034 3246 2151 3299 aliis
2182 3261 2275 3315 per
2303 3247 2580 3315 aenigmata
2604 3258 2658 3301 et
2684 3252 2911 3314 somnia,
2941 3268 3058 3306 cum
3102 3255 3281 3326 .lloyse
3323 3274 3450 3311 Vt-ru
3482 3260 3619 3314 facie

2034 3335 2101 3389 ad
2142 3337 2327 3391 faciem
2378 3336 2554 3407 (Deut.
2584 3340 2673 3393 54.
2726 3341 2835 3411 10).
2866 3341 3015 3407 Quod
3067 3345 3156 3399 illo
3201 3348 3370 3416 majus
3414 3350 3622 3405 virtutis

2034 3426 2151 3494 ejus
2206 3428 2457 3481 indicium
2512 3432 2771 3499 requiras,
2826 3435 3037 3502 quando
3082 3440 3319 3492 omn'um
3371 3442 3622 3496 Dominus

2036 3534 2250 3573 servum
2273 3521 2421 3588 quasi
2445 3523 2675 3575 amicum
2699 3524 3026 3593 alloquitur?
3064 3526 3186 3580 Erat
3217 3531 3392 3599 itaque
3412 3535 3625 3600 sapiens

2039 3618 2143 3662 tam
2197 3613 2497 3680 peregrina,
2546 3628 2703 3680 quam
2758 3614 3045 3670 domestica
3093 3619 3458 3686 institutione;
3509 3639 3623 3679 erat

2038 3709 2227 3769 potens
2272 3716 2521 3756 sermone
2551 3714 2604 3756 et
2637 3718 2818 3772 opere,
2853 3706 3149 3775 imperabat
3198 3711 3293 3779 ipsi
3340 3726 3618 3779 creatura;

2036 3790 2159 3860 quia
2204 3790 2407 3844 amicus
2437 3802 2551 3845 erat
2583 3793 2788 3847 Domini
2840 3809 3139 3861 creaturae;
3192 3801 3374 3855 eduxit
3418 3813 3620 3859 unitum

2038 3880 2289 3949 populum
2345 3897 2411 3935 ex
2465 3882 2731 3953 Aigypto;
2777 3901 2923 3939 mare
2971 3887 3181 3953 divisit,
3230 3900 3388 3960 atque
3433 3896 3620 3950 iterum

2037 3972 2312 4040 conjunxit
2364 3992 2376 4025 :
2437 3975 2721 4043 ridereque
2769 3986 2885 4031 erat
2929 3981 3251 4049 stupendum
3308 3989 3618 4043 miraCulom

2038 4062 2230 4133 (Exod.
2260 4065 2348 4118 55.
2386 4063 2494 4136 Η).
2528 4066 2676 4120 Tunc
2718 4068 2860 4121 enim
2896 4070 3120 4138 primum
3169 4074 3249 4127 sol
3281 4075 3411 4129 vidit
3452 4094 3614 4143 mare,

2038 4170 2143 4207 non
2172 4155 2364 4221 navali,
2388 4156 2481 4210 sed
2511 4156 2742 4225 pedestri
2789 4159 2981 4215 itinere
3010 4162 3219 4217 transiri
3251 4183 3265 4219 :
3296 4167 3619 4239 pelagusque

2039 4261 2142 4299 non
2172 4247 2336 4302 remis
2363 4257 2417 4301 et
2460 4249 2701 4318 navigiis,
2735 4251 2826 4305 sed
2869 4268 3127 4322 equorum
3179 4258 3398 4324 pedibus
3450 4271 3621 4317 trans-

2037 4337 2238 4392 frctari.
2272 4340 2518 4392 Attamen
2559 4340 2644 4394 ille
2672 4345 2905 4409 sapiens,
2942 4344 3029 4397 ille
3059 4357 3246 4413 potens
3284 4363 3534 4405 sermone
3570 4364 3623 4406 et

2037 4444 2219 4497 opere,
2248 4430 2450 4483 amicus
2501 4430 2613 4495 Dei,
2660 4433 2748 4499 qui
2790 4444 3047 4488 creatura:
3079 4437 3391 4506 imperabat,
3440 4454 3493 4496 et
3546 4454 3622 4499 tot

2039 4518 2295 4573 miracula
2322 4519 2580 4581 ediderat,
2613 4537 2716 4573 non
2746 4523 3121 4577 animadvertit
3146 4542 3279 4591 rem,
3310 4546 3465 4596 quam
3499 4535 3614 4600 plc-

2040 4612 2192 4680 rique
2238 4610 2543 4665 mortalium
2574 4610 2729 4666 facile
2776 4615 3137 4681 perspiciunt;
3178 4617 3271 4670 sed
3303 4635 3455 4674 socer
3503 4624 3617 4691 ejus

2042 4703 2297 4757 barbarus
2327 4714 2380 4757 et
2425 4705 2682 4758 obscurus
2713 4706 2872 4759 homo
2923 4707 2973 4760 id
3029 4709 3421 4778 animadvertit,
3468 4724 3522 4769 et
3564 4716 3615 4771 in

2039 4796 2272 4850 medium
2324 4797 2543 4865 protulit
2593 4798 2665 4862 id,
2716 4798 2856 4866 quod
2904 4800 2990 4854 ille
3048 4818 3149 4857 non
3198 4810 3614 4877 excogitaverat.

2038 4888 2174 4954 Quid
2205 4889 2361 4958 igitur
2382 4889 2510 4943 illttd
2538 4892 2657 4944 est?
2685 4890 2896 4957 Audite,
2930 4902 2985 4947 ut
3023 4895 3238 4950 discalis
3267 4916 3619 4972 unumquem-

2039 4995 2144 5049 que
2172 4980 2473 5034 c0usiliario
2503 4980 2760 5050 indigere,
2790 4984 2997 5039 etiamsi
3049 4986 3209 5057 Moysi
3241 4992 3468 5047 conferri
3505 5010 3623 5063 pos-

2040 5076 2107 5125 sit
2144 5090 2157 5126 :
2207 5074 2474 5142 multaque
2498 5074 2807 5144 plerumque
2837 5093 2976 5137 esse.
3008 5096 3126 5149 qua:
3159 5084 3332 5153 magni
3356 5094 3409 5139 et
3448 5089 3617 5144 admi-

2042 5163 2237 5217 rabiles
2285 5165 2381 5217 viri
2431 5166 2693 5235 ignorant,
2726 5184 2845 5238 quae
2896 5171 3091 5225 nullius
3122 5176 3274 5242 pretii
3317 5177 3620 5236 hominibus

2044 5265 2164 5309 nota
2220 5266 2363 5310 sunt.
2419 5258 2553 5311 Cum
2603 5260 2744 5313 enim
2796 5260 3005 5332 Moyses
3054 5279 3303 5334 egressus
3350 5279 3492 5323 esset
3554 5289 3619 5326 ex

2045 5346 2300 5418 A'lgypto,
2335 5350 2384 5401 in
2412 5348 2728 5421 descrtoque
2754 5362 2955 5422 ageret,
2987 5355 3168 5410 aderat
3203 5360 3445 5412 universa
3475 5362 3623 5429 plebs

2042 5438 2108 5492 ad
2137 5448 2386 5494 sexcenta
2424 5440 2697 5496 hominum
2729 5445 2915 5507 millia,
2937 5447 3280 5515 oniuiumque
3311 5449 3428 5503 lites
3456 5452 3623 5509 disce-

2044 5532 2413 5600 ptationesque
2434 5533 2519 5585 ille
2549 5533 2791 5587 solvebat
2821 5532 3012 5602 (Exod.
3051 5537 3157 5606 l8).
3191 5539 3340 5603 Quod
3370 5541 3456 5594 ubi
3497 5545 3626 5600 vidit

2046 5636 2197 5674 socer
2234 5620 2350 5689 ejus
2385 5620 2592 5686 .lothor,
2628 5623 2787 5675 homo
2842 5624 3139 5691 imperitus,
3169 5630 3256 5695 qui
3313 5631 3365 5683 in
3408 5631 3620 5689 deserto

2055 5716 2214 5769 vitam
2257 5723 2457 5785 egerat,
2492 5729 2587 5769 nec
2621 5714 2793 5786 legum
2840 5715 3140 5787 politia-que
3187 5725 3624 5780 consuetudinem
