4060 6252
455 224 554 279 135

448 344 607 394 ullam
638 339 915 408 habuerat,
946 348 996 396 et
1022 341 1088 396 ad
1120 343 1232 398 hzec
1271 344 1322 398 in
1353 344 1620 412 impietate
1658 342 1890 412 vivebat,
1921 361 2028 414 quo

445 432 572 500 quid
623 433 826 488 certius
873 432 1190 502 insipientia:
1251 434 1662 504 argumentum?
1708 433 1848 488 Nihil
1887 435 2030 490 enim

448 525 732 594 gentilibus
771 533 852 578 est
902 525 1248 594 insipientius.
1288 524 1665 582 Verumtamen
1713 525 1802 582 il!e
1843 527 2030 580 barba-

450 632 561 676 rus,
596 615 815 684 impius,
865 615 1143 684 insipiens,
1174 615 1361 670 videns
1410 617 1645 688 Moysem
1702 633 1806 670 non
1852 626 2031 686 utpar

447 717 559 760 crat
600 721 780 776 agere,
827 706 997 774 ipsum
1049 707 1428 777 reprehendit,
1477 709 1772 777 sapientem
1815 710 2028 779 inquam

447 797 616 862 illum,
653 797 989 866 prudentem,
1027 799 1115 851 Dei
1147 799 1399 853 amicum.
1439 799 1683 868 Dixitque
1717 801 1828 853 illi:
1865 801 2032 865 Quare

443 889 520 942 illi
563 898 697 943 stant
744 905 915 943 coram
959 898 1006 943 te
1051 889 1247 960 (Exod.
1284 891 1368 944 18.
1406 891 1534 958 l-i)?
1580 900 1629 945 et
1662 907 1781 944 cum
1814 907 2026 946 causam

442 981 735 1042 didicisset,
766 981 882 1034 ait:
917 980 1034 1034 Non
1065 991 1196 1034 recte
1232 993 1285 1034 tu
1333 984 1460 1050 fucis
1504 981 1608 1053 (Ib.
1647 998 1694 1036 υ.
1727 981 1838 1055 17).
1889 983 2032 1036 Con--

441 1072 620 1126 silium
653 1087 773 1126 cum
805 1072 1168 1141 increpatione
1195 1073 1536 1141 coniunctum
1564 1089 1578 1134 ;
1631 1089 1803 1142 neque
1851 1085 2026 1127 tamen

443 1164 534 1220 ille
561 1163 864 1233 indignatus
889 1173 988 1226 est,
1013 1163 1106 1218 sed
1137 1164 1399 1233 patienter
1426 1166 1541 1218 tulit
1570 1166 1648 1217 vir
1679 1165 1765 1218 ille
1792 1166 2028 1232 sapiens,

442 1256 677 1325 prudens
698 1265 752 1309 et
783 1255 872 1311 Dei
900 1256 1121 1320 amicus,
1161 1257 1248 1324 qui
1299 1266 1376 1309 tot
1420 1257 1748 1327 myriadibus
1780 1266 2026 1326 prmerat.

445 1350 628 1420 Neque
657 1354 798 1404 enim
853 1364 1073 1418 parvum
1126 1349 1229 1404 hoc
1254 1360 1356 1414 cal,
1385 1365 1414 1402 a
1464 1349 1694 1403 barbaro
1721 1362 1776 1404 et
1822 1349 2026 1418 privato

446 1443 660 1497 homine
693 1441 915 1496 erudiri.
939 1441 1119 1508 Neque
1140 1441 1280 1495 edita
1320 1442 1592 1506 miracula,
1624 1458 1794 1510 neque
1821 1441 2027 1509 imperii

444 1534 754 1604 magnitudo
785 1534 1020 1586 animum
1049 1534 1166 1600 ejus
1191 1532 1522 1586 extollebant
1559 1550 1571 1585 :
1617 1548 1788 1601 neque
1834 1533 2030 1586 rubore

443 1624 868 1687 Sull‘undebatur,
901 1623 1040 1693 quod
1088 1624 1437 1692 pravsentibus
1466 1624 1692 1678 subditis
1733 1625 2030 1692 corripere-

441 1726 564 1782 tur;
597 1716 689 1770 sed
719 1716 958 1784 cogitans
986 1730 1065 1780 se,
1098 1715 1198 1768 et.~i
1231 1715 1378 1783 signa
1408 1730 1594 1784 magna
1623 1715 1899 1780 edidisset,
1933 1716 2030 1767 lm-

442 1823 614 1860 mana:
645 1816 818 1859 tamen
850 1805 1162 1874 participem
1195 1819 1313 1858 esse
1336 1816 1560 1871 naturai,
1582 1806 1664 1858 cui
1695 1804 1859 1857 nmlta
1886 1819 2028 1872 sa-pe

442 1899 620 1969 ignota
661 1905 804 1963 sunt,
839 1914 958 1951 cum
1005 1898 1262 1951 modestia
1295 1900 1574 1951 consilium
1621 1899 1846 1966 accepit.
1880 1897 2027 1952 Multi

440 2000 657 2052 contra,
703 2003 771 2042 ne
819 1990 994 2042 alieno
1044 1989 1326 2042 videantur
1381 1991 1606 2043 consilio
1653 1990 1839 2059 egere,
1886 2004 2028 2058 sa-pe

441 2084 642 2136 tnalunt
691 2082 918 2135 utilitate
958 2082 1164 2135 Consilii
1210 2098 1414 2142 carere,
1445 2097 1599 2151 quam
1647 2093 1890 2150 suscepta
1935 2082 2027 2136 ad-

441 2173 731 2226 monitione
781 2183 1055 2240 peccatum
1102 2175 1434 2228 emendare:
1469 2175 1575 2228 imo
1628 2174 1834 2228 malunt
1879 2174 2028 2243 igno-

441 2278 580 2329 rare,
610 2277 767 2331 quam
796 2261 1027 2326 discere,
1057 2263 1356 2318 nescientes
1405 2280 1510 2318 non
1543 2279 1663 2319 esse
1709 2265 1911 2318 crimen
1942 2264 2026 2317 di-

438 2372 610 2422 scere,
637 2356 729 2410 sed
758 2356 934 2426 potius
962 2357 1247 2426 ignorare;
1301 2371 1408 2410 non
1452 2356 1654 2420 doceri,
1702 2357 1796 2410 sed
1843 2357 1894 2409 in
1947 2356 2028 2409 in-

438 2447 590 2502 scitia
627 2447 857 2515 degere;
898 2463 1003 2500 non
1032 2449 1199 2516 argui,
1227 2447 1320 2502 sed
1352 2463 1569 2516 peccare
1617 2449 1732 2502 sine
1775 2449 2028 2503 emenda-

441 2539 606 2592 tione.
637 2537 841 2590 Accidit
869 2538 1010 2590 enim
1039 2540 1197 2591 etiam
1227 2539 1362 2606 apud
1407 2540 1722 2592 vilissimum
1756 2539 2024 2594 hominem

437 2629 638 2700 aliquid
668 2629 790 2683 boni
821 2629 1168 2698 deprehendi,
1197 2629 1338 2699 quod
1381 2631 1431 2684 in
1459 2631 1701 2698 sapiente
1732 2647 2027 2702 magnoque

442 2727 557 2780 viro
585 2726 898 2796 plerumque
927 2741 1031 2780 non
1075 2728 1364 2794 reperitur.
1397 2728 1548 2792 Quod
1579 2742 1699 2780 cum
1727 2728 2023 2797 perpende-

447 2830 527 2874 ret
558 2819 787 2890 Moyses,
821 2819 966 2872 illum
1003 2820 1371 2873 eoltsulenlem
1403 2835 1555 2888 atquo
1597 2820 1793 2874 attdivil
1823 2821 2022 2886 animo,

387 2978 390 2981 ι
439 2923 492 2966 et
521 2912 788 2966 dicentem
823 2929 836 2965 :
886 2909 994 2964 Fac
1030 2911 1117 2964 tibi
1156 2912 1486 2978 millenurios,
1519 2913 1846 2976 centenarias,
1874 2914 2024 2982 quin-

438 3005 791 3074 quagenarios,
814 3013 860 3057 et
889 3003 1214 3069 decuriones;
1251 3013 1296 3057 et
1325 3021 1403 3058 res
1433 3005 1685 3075 graviores
1713 3005 1781 3058 ad
1815 3015 1862 3059 te
1891 3010 2025 3075 refc-

440 3104 576 3156 mnt,
606 3094 813 3146 leviores
853 3102 1018 3147 autem
1049 3095 1146 3162 ipsi
1187 3094 1379 3147 solvant
1421 3093 1610 3163 (Exod.
1651 3095 1734 3150 18.
1775 3095 1864 3148 21.
1905 3094 2022 3164 22).

442 3183 533 3236 llis
560 3182 753 3236 auditis
774 3183 860 3237 ille
900 3197 1004 3236 non
1034 3183 1267 3246 erubuit,
1301 3199 1406 3238 non
1439 3184 1750 3252 pudefactus
1788 3195 1891 3249 est,
1917 3200 2023 3238 non

431 3291 441 3318 ι
467 3284 520 3328 bl
548 3274 812 3329 reveritus
841 3274 1084 3328 subditos
1113 3293 1124 3328 :
1171 3291 1275 3329 non
1304 3275 1438 3329 dixit
1473 3277 1608 3330 intra
1642 3291 1702 3331 se
1731 3295 1742 3329 :
1787 3276 1871 3331 Me
1897 3291 2027 3330 con-

441 3381 677 3423 temncnt
701 3368 920 3428 subditi,
951 3369 995 3422 si
1022 3368 1128 3422 dux
1154 3384 1273 3422 cum
1305 3371 1404 3422 sim
1433 3370 1499 3422 ab
1524 3371 1629 3424 alio
1667 3369 1789 3437 quid
1823 3368 2024 3424 facien-

439 3455 561 3513 dum
607 3460 677 3512 sit
722 3459 956 3513 didicero
1005 3477 1017 3512 :
1071 3459 1164 3514 sed
1203 3462 1610 3530 obtemperavit,
1650 3470 1704 3515 et
1741 3463 2022 3517 consilium

441 3561 694 3620 sequutus
723 3561 826 3616 est,
869 3567 1045 3626 neque
1088 3562 1401 3620 praesentes,
1431 3569 1603 3622 neque
1654 3565 1772 3623 post
1821 3555 2023 3610 futuros

436 3645 686 3708 etnbuit;
738 3645 842 3697 imo
875 3653 1142 3713 tamquam
1174 3647 1554 3701 cohoneslatus
1587 3646 1686 3700 hac
1707 3648 1876 3701 soceri
1905 3663 2026 3702 cor-

441 3735 701 3804 reptione,
736 3750 840 3788 non
890 3736 1048 3790 modo
1100 3735 1345 3792 homines
1397 3737 1517 3791 illos
1559 3738 1647 3805 qui
1682 3749 1806 3792 tunc
1847 3747 2022 3806 erant,

437 3827 528 3881 red
565 3827 724 3880 etiam
757 3843 851 3881 eos
872 3829 958 3898 qui
985 3828 1051 3882 ad
1084 3828 1395 3884 hodiernum
1429 3844 1594 3898 usque
1620 3829 1757 3883 diem
1785 3829 2019 3896 luerunt,

434 3931 490 3977 et
517 3920 606 3990 qui
651 3921 703 3975 in
732 3932 843 3975 toto
887 3923 1017 3975 orbe
1059 3921 1220 3975 futuri
1249 3931 1372 3975 sunt
1401 3938 1567 3990 usque
1609 3923 1672 3976 ad
1700 3923 1894 3976 Christi
1923 3924 2021 3976 ad-

436 4028 676 4082 ventum,
713 4016 878 4068 literis
905 4015 1104 4079 docnit,
1130 4023 1185 4068 et
1213 4029 1270 4067 se
1304 4031 1406 4068 non
1451 4015 1688 4084 potuisse
1714 4017 1837 4084 quid
1883 4017 2023 4069 laeto

436 4123 572 4174 opus
595 4115 737 4158 esset
768 4104 968 4166 videre,
991 4115 1044 4157 et
1068 4106 1238 4157 soceri
1269 4105 1687 4158 admonitionem
1719 4107 2018 4173 amplexum

435 4211 576 4250 esse.
604 4194 712 4246 Nos
743 4209 872 4246 vero
915 4194 957 4246 si
993 4193 1074 4246 vel
1110 4210 1270 4247 unum
1303 4195 1575 4248 videamus
1600 4195 1865 4250 hominem
1894 4197 2018 4251 dum

435 4284 786 4338 emendantur
804 4293 858 4338 et
883 4284 1222 4353 corripiatur,
1255 4286 1654 4350 conturbamur,
1690 4285 2020 4356 obsmpesci-

435 4390 574 4439 mus,
602 4383 654 4429 et
691 4374 760 4429 de
798 4376 902 4428 vita
946 4391 1042 4430 nos
1071 4376 1333 4433 excidisse
1378 4387 1640 4446 putamus.
1673 4380 1741 4433 At
1786 4381 1872 4435 ille
1912 4397 2014 4435 non

435 4465 598 4530 item;
641 4464 733 4520 sed
761 4481 880 4520 cum
925 4466 1131 4522 videret
1157 4475 1236 4522 tot
1268 4469 1429 4523 millia
1475 4470 1746 4524 hominum
1781 4488 2014 4541 praesen-

435 4558 600 4623 tiutn;
653 4559 758 4612 imo
789 4568 865 4612 tot
913 4559 1076 4612 millia
1128 4559 1425 4627 hominum,
1470 4563 1556 4630 qui
1591 4570 1717 4617 tunc
1763 4575 1933 4626 erant.
1963 4575 2018 4620 et

432 4653 520 4721 qui
563 4661 678 4719 post
709 4650 917 4704 luerunt
952 4666 1045 4720 per
1073 4659 1238 4705 totttm
1268 4653 1451 4706 orbem
1496 4669 1662 4723 usque
1687 4655 1751 4708 ad
1781 4671 2017 4724 przesen-

435 4754 540 4799 tem
589 4742 751 4806 diem,
781 4758 885 4798 non
937 4744 1180 4810 erubuit;
1235 4744 1328 4799 sed
1374 4747 1621 4799 omnibus
1649 4748 1884 4816 quotidie
1925 4763 2017 4817 per

430 4838 611 4893 literas
640 4837 915 4891 denuntiat
952 4853 1013 4891 ea
1056 4852 1302 4891 socerum
1335 4837 1555 4901 vidisse,
1589 4855 1708 4908 qua:
1751 4840 1864 4909 ipse
1909 4855 2013 4895 non

430 4927 902 4982 animadverterat.
923 4928 1032 4982 Cur
1059 4927 1160 4982 hoe
1185 4927 1327 4994 fecit,
1348 4938 1398 4983 et
1421 4946 1515 4985 cur
1539 4947 1650 4984 rem
1680 4932 1820 4984 illam
1848 4933 2016 4988 literis

429 5019 688 5074 tradidit?
731 5018 801 5074 Ut
831 5020 984 5074 nobis
1013 5029 1200 5074 auctor
1226 5031 1389 5085 esset,
1422 5037 1490 5076 ne
1517 5024 1680 5077 altum
1721 5024 2009 5092 sapiamus,

429 5110 673 5180 quamvis
705 5109 940 5163 omnium
965 5112 1342 5179 sapientissimi
1374 5114 1562 5177 sinms,
1588 5129 1757 5183 neque
1784 5115 2012 5170 aliorum

426 5203 644 5258 ronsnlia
668 5210 1095 5266 contemnamus,
1114 5204 1322 5257 etiamsi
1352 5205 1590 5259 onmium
1621 5207 1859 5261 vilissimi
1882 5209 2010 5262 sint.

427 5295 631 5367 Siquid
670 5295 861 5364 aliquis
891 5294 1056 5364 probe
1097 5295 1360 5358 consolat,
1388 5296 1485 5349 etsi
1536 5295 1764 5354 famulus
1805 5300 1892 5365 sit,
1921 5305 2014 5352 ad-

424 5388 774 5443 monitionem
819 5388 1035 5457 accipe;
1084 5387 1124 5440 si
1176 5387 1302 5456 quid
1345 5388 1699 5457 perniciosum
1748 5392 2008 5459 quispiam

429 5481 511 5535 vel
538 5476 590 5534 in
623 5483 853 5535 maxima
881 5481 1136 5552 dignitate
1166 5481 1367 5551 positus
1392 5482 1658 5548 consulat,
1691 5487 2008 5539 sententiam

423 5571 675 5641 repudies
707 5592 721 5629 :
769 5589 873 5628 non
908 5576 1049 5628 enim
1076 5575 1302 5645 qualitas
1332 5591 1681 5645 perSnnat-um
1729 5580 2012 5632 consulen-

427 5666 579 5729 tium,
605 5666 696 5717 sed
720 5667 926 5719 consilii
961 5677 1144 5721 natura
1183 5669 1470 5736 spectanda
1501 5685 1713 5740 semper
1744 5683 1840 5726 est.
1881 5674 2006 5728 Illud

1157 227 1212 283 S.
1255 227 1532 284 JOANNIS
1569 227 2046 287 CllRYSOSTOMl
2087 229 2407 287 ARClllEP.
2447 235 2985 298 CONSTANTINOP.

3620 253 3734 313 {3-3

2143 347 2300 417 igitur
2321 350 2528 423 Moyses
2555 353 2679 409 fecit
2705 367 2761 410 ut
2787 373 2885 412 nus
2913 360 3130 416 doceret
3157 378 3262 419 non
3303 369 3726 430 erubescendum

2137 452 2256 493 esse
2284 456 2403 495 cum
2446 444 2835 514 redarguimur,
2869 450 3077 506 etiamsi
3109 453 3264 511 nobis
3305 459 3586 517 universus
3629 480 3727 534 po-

2137 528 2291 596 pulus
2320 531 2552 587 adesset.
2593 535 2724 590 Illud
2753 539 2892 592 enim
2922 555 3050 597 vere
3080 543 3196 599 laus
3220 554 3430 602 estnon
3462 528 3722 622 vulgaris,

2134 631 2506 691 supremmque
2549 624 2902 696 philosophiae
2942 634 3301 701 praeconium,
3341 642 3724 710 reprehensio-

2135 726 2258 765 nem
2286 729 2542 782 generose
2569 715 2735 774 ferre.
2763 719 2878 775 Non
2909 723 3049 778 enim
3092 726 3161 780 ita
3202 727 3393 783 Jothor
3423 747 3565 786 nunc
3602 735 3722 788 lau-

2135 801 2325 858 damus
2376 814 2430 860 et
2475 808 2821 877 admiramur,
2857 814 2998 882 quod
3050 816 3265 888 Moysen
3314 826 3629 889 correxerit,
3668 835 3724 880 ut

2133 907 2376 949 sanctum
2427 898 2596 964 illum,
2628 901 2771 970 quod
2821 911 2898 956 tot
2935 909 3284 973 praesentibus
3328 912 3574 982 redargui
3614 930 3721 970 non

2134 993 2426 1059 erubuerit,
2459 1003 2512 1048 et
2561 1012 2674 1052 rem
2711 1009 2914 1068 gestam
2964 1005 3239 1058 memoria:
3290 1008 3583 1075 tradiderit,
3636 1012 3722 1066 bis

2133 1085 2382 1139 omnibus
2414 1086 2806 1158 philosoiihiam
2858 1108 3009 1148 suam
3055 1096 3366 1164 ostendens,
3411 1100 3723 1157 declarans-

2131 1192 2235 1246 que
2262 1189 2590 1250 quantopere
2639 1183 2850 1237 inanem
2899 1185 3177 1244 hominum
3222 1191 3444 1260 gloriam
3475 1205 3720 1250 contem-

2133 1280 2305 1324 HCI‘CI.

2204 1363 2255 1415 5.
2291 1362 2392 1416 Cur
2429 1363 2810 1435 Cln'ysostomns
2857 1369 3008 1441 longa
3055 1375 3293 1440 precantia
3339 1376 3528 1431 ederet.
3555 1410 3623 1418 —
3654 1382 3722 1434 At

2135 1467 2234 1505 nos
2262 1453 2386 1506 dum
2413 1455 2480 1508 de
2508 1472 2583 1524 pri
2606 1460 2888 1513 mimorum
2924 1465 3222 1530 prolixitate
3255 1482 3351 1520 nos
3380 1483 3719 1535 exeusanms,

2135 1558 2322 1597 rursus
2351 1547 2519 1612 majus
2545 1551 2862 1615 promttiinm
2899 1552 3154 1618 fecimus;
3185 1573 3364 1611 verum
3393 1574 3495 1612 n0n
3522 1571 3722 1617 temere

2134 1649 2304 1702 neque
2327 1637 2442 1688 sine
2465 1652 2620 1693 causa
2639 1657 2652 1692 :
2673 1656 2789 1692 nam
2808 1642 2874 1694 de
2895 1645 3051 1697 rebus
3069 1647 3314 1700 maximis
3329 1649 3722 1722 admodumque

2134 1730 2450 1783 necessariis
2487 1745 2582 1783 vos
2621 1733 2974 1801 alloquimur,
3024 1749 3078 1791 ut
3109 1737 3317 1794 fortiter
3345 1743 3572 1798 lermuus
3600 1762 3720 1800 cum

2131 1823 2431 1891 arguimur;
2475 1831 2529 1877 et
2576 1833 2631 1878 ut
2673 1825 2919 1882 alacriter
2954 1844 3238 1899 arguamus
3265 1836 3722 1908 corripiamnsque

2131 1929 2225 1968 eos
2253 1915 2341 1983 qui
2368 1926 2614 1986 peccant.
2648 1918 2841 1973 Verum
2868 1921 2977 1990 jam
3021 1938 3242 1979 necesse
3269 1937 3351 1979 est
3391 1937 3445 1980 ut
3483 1929 3549 1982 de
3594 1945 3720 1999 pro-

2133 2004 2340 2062 lixitate
2389 2023 2485 2062 nos
2524 2008 2901 2074 defendamus,
2944 2014 3392 2085 ostendamusque
3429 2034 3524 2072 cur
3565 2020 3719 2087 longa

2131 2098 2388 2153 faciamus
2436 2101 2714 2168 prooemia.
2761 2102 2868 2157 Cur
2917 2119 3043 2173 ergo
3089 2106 3138 2160 id
3191 2106 3451 2164 facimus?
3495 2109 3718 2166 Tantam

2132 2191 2522 2246 multitudinem
2552 2193 2876 2264 alloquimur
2897 2237 2913 2261 ,
2960 2198 3103 2252 viros
3130 2200 3218 2269 qui
3251 2216 3446 2256 uxores
3495 2203 3716 2265 habent,

2131 2281 2218 2350 qui
2249 2281 2495 2336 domibus
2527 2297 2782 2351 prtesunt,
2809 2285 3003 2342 diurno
3031 2305 3196 2359 opere
3223 2291 3384 2346 vitam
3419 2306 3629 2360 parant,
3667 2297 3719 2350 in

2131 2372 2478 2426 sa-cularibus
2505 2377 2727 2444 negOtiis
2756 2388 2935 2446 agunt.
2979 2379 3164 2450 Neque
3205 2382 3331 2436 illud
3373 2393 3573 2439 tantum
3603 2403 3718 2441 mo-

2133 2462 2323 2516 lestum
2368 2474 2484 2530 est,
2530 2468 2669 2534 quod
2712 2479 2969 2537 perpetuo
3012 2484 3376 2542 occupentur,
3432 2477 3526 2532 sed
3577 2480 3716 2547 quod

2131 2554 2294 2607 semel
2325 2555 2374 2607 in
2404 2554 2737 2612 hebdomade
2773 2561 2915 2628 ipsos
2960 2559 3044 2616 hic
3084 2565 3435 2634 excipiamus,
3470 2569 3532 2624 Ut
3564 2571 3719 2640 igitur

2132 2647 2400 2701 intellectu
2433 2649 2596 2702 facilia
2626 2651 2908 2709 reddamus
2934 2669 2994 2710 ea
3025 2672 3144 2726 qum
3169 2659 3418 2726 dicimus,
3447 2665 3719 2730 prooemiis

2130 2738 2409 2793 clariorem
2449 2743 2703 2798 exhibere
2746 2745 3044 2801 doctrinam
3099 2750 3393 2805 studemus.
3447 2753 3536 2806 Ille
3575 2757 3718 2810 enim

2130 2830 2211 2882 cui
2243 2831 2368 2884 nihil
2401 2833 2542 2888 aliud
2570 2845 2653 2891 est
2679 2839 2897 2906 negotii,
2922 2854 3078 2908 quam
3111 2850 3168 2893 ut
3196 2857 3408 2911 semper
3432 2844 3719 2914 Seripturis

2130 2933 2300 2988 vacet,
2331 2937 2437 2976 non
2466 2934 2586 2993 eget
2616 2929 2905 2994 protentiis,
2933 2944 3036 2983 non
3063 2942 3317 3000 apparatu
3339 2936 3544 2988 :statim
3574 2938 3717 2991 enim

2129 3011 2311 3065 audito
2331 3012 2572 3081 doctore,
2596 3016 2861 3071 dictorum
2891 3034 3104 3073 sensum
3130 3023 3352 3092 percipit
3375 3043 3389 3079 :
3415 3026 3457 3078 is
3479 3042 3604 3079 vero
3625 3029 3717 3096 qui

2132 3103 2358 3156 maxima
2393 3107 2645 3173 temporis
2677 3119 2828 3176 parte
2855 3111 3198 3166 szecularibus
3225 3116 3448 3183 negotiis
3476 3117 3717 3172 addictus

2129 3200 2249 3254 est.
2292 3203 2348 3248 et
2391 3197 2560 3251 rarius
2604 3198 2857 3268 brevique
2891 3210 3129 3271 tempore
3161 3203 3247 3258 hic
3275 3216 3580 3275 comparet,
3619 3209 3719 3264 nisi

2131 3286 2388 3352 procemia
2416 3287 2784 3359 majoremque
2805 3303 3116 3360 apparatum
3143 3297 3342 3359 audiat,
3369 3313 3487 3366 qua:
3513 3315 3719 3353 sermo-

2131 3391 2252 3431 nem
2284 3395 2496 3448 sempcr
2528 3385 2822 3448 pra-cedant
2855 3396 2907 3438 et
2954 3386 3052 3454 ipsi
3086 3386 3222 3440 viam
3269 3402 3454 3456 parent
3475 3432 3487 3455 ,
3521 3392 3720 3460 absque

2131 3471 2279 3528 lucro
2303 3474 2548 3529 discedit.
2581 3476 2760 3546 Neque
2807 3479 2918 3532 lucc
2963 3495 3063 3532 una
3103 3480 3260 3534 nobis
3293 3495 3448 3536 causa
3483 3493 3564 3537 est
3602 3501 3722 3552 pro-

2134 3564 2353 3620 lixitatis
2377 3569 2778 3634 proceminrum,
2799 3569 2893 3624 sed
2919 3579 2974 3624 et
2998 3571 3098 3624 alia
3122 3588 3225 3626 non
3254 3574 3445 3628 minor.
3476 3576 3547 3627 lix
3574 3585 3718 3629 tanta

2130 3660 2324 3726 quippe
2353 3659 2688 3712 multitudine
2715 3661 2800 3712 alii
2825 3661 3105 3728 accedunt,
3134 3663 3222 3715 alii
3253 3678 3397 3733 smpe
3427 3681 3531 3718 non
3559 3681 3716 3720 acceo

2129 3749 2280 3803 dunt.
2313 3750 2542 3806 Necesse
2579 3751 2754 3822 itaque
2792 3763 2874 3808 est
2916 3769 3010 3808 eos
3053 3756 3142 3824 qui
3187 3756 3446 3811 accedunt
3475 3758 3719 3812 laudibus

2129 3857 2353 3907 ornare,
2407 3859 2500 3897 eos
2531 3860 2658 3898 vero
2706 3846 2792 3913 qui
2843 3845 3036 3899 absunt
3076 3849 3509 3917 reprehendere:
3544 3862 3601 3904 ut
3643 3851 3718 3905 illi

2136 3933 2379 3989 laudibus
2441 3937 2788 3993 studiosiores
2845 3939 3105 4005 evadant,
3167 3943 3218 3995 hi
3271 3943 3719 4013 increpationibus

2129 4025 2406 4095 segnitiem
2459 4036 2675 4095 ponant.
2721 4030 2837 4083 Alia
2888 4045 3098 4100 quoque
3146 4032 3300 4086 adest
3338 4035 3716 4102 prouunionnn

2129 4117 2441 4170 necessitas.
2489 4118 2876 4188 Argumentum
2925 4137 3068 4191 sa'pe
3097 4124 3357 4191 prolixius
3389 4135 3676 4180 tractamus
3700 4165 3713 4191 ,

2128 4209 2268 4278 quod
2298 4225 2405 4264 non
2435 4225 2538 4262 uno
2567 4211 2652 4265 die
2689 4228 2968 4281 possumus
2999 4216 3062 4267 ad
3099 4217 3257 4270 linem
3289 4217 3556 4273 deducere
3575 4261 3589 4283 ,
3622 4219 3715 4272 sed

2125 4301 2444 4355 etsecunda
2473 4315 2526 4356 et
2570 4305 2721 4358 tertia
2761 4315 2816 4358 et
2859 4317 3044 4375 quarta
3092 4323 3236 4377 smpe
3280 4324 3416 4378 Opus
3444 4319 3528 4364 est
3565 4311 3716 4364 nobis

2125 4394 2489 4463 expositione,
2527 4396 2591 4450 ad
2635 4412 2793 4451 unam
2835 4399 3186 4469 eamdemque
3215 4416 3326 4454 rem
3367 4403 3712 4456 tractandam.

2128 4485 2440 4542 Necessario
2475 4488 2638 4558 igitur
2681 4489 2914 4544 secunda
2958 4490 3046 4545 die
3077 4492 3271 4560 prioris
3313 4491 3572 4547 doctrina:
3599 4494 3734 4562 ﬁnis.

2126 4593 2205 4633 ρει
2249 4581 2605 4650 repetendus,
2651 4592 2708 4636 ut
2749 4583 2818 4636 ita
2856 4583 2975 4637 ﬁnis
3004 4599 3124 4637 cum
3156 4585 3412 4654 principio
3440 4569 3730 4660 coha-reusl

2122 4671 2404 4728 clariorem
2434 4675 2660 4730 auditori
2692 4676 3055 4730 narrationem
3087 4677 3272 4731 reddat
3302 4719 3317 4742 ,
3373 4694 3439 4733 ne
3469 4680 3584 4733 sine
3615 4667 3730 4732 ulla’

2124 4764 2264 4818 serie
2291 4767 2457 4834 posita
2489 4769 2661 4821 oratio
2701 4766 2978 4821 obscurior
3008 4767 3214 4822 evadat.
3265 4768 3334 4823 Ut
3379 4785 3506 4822 vero
3541 4770 3716 4824 disoas

2123 4858 2417 4913 orationem
2450 4860 2712 4928 prooemio
2755 4869 3026 4914 carentem
3067 4877 3098 4914 a
3134 4862 3347 4916 nemine
3388 4861 3713 4916 intellectum

2125 4947 2222 5012 iri,
2256 4963 2382 5003 ecce
2417 4950 2527 5016 jam
2573 4951 2688 5003 sine
2720 4951 2990 5018 prooemiis
3021 4951 3371 5019 experimenti
3403 4967 3562 5005 causa
3589 4966 3714 5004 ora-

2125 5040 2320 5093 tionem
2361 5041 2564 5095 ordior.
2608 5039 2899 5111 Respiciens
2939 5052 3105 5094 autem
3147 5041 3300 5096 Iesus
3345 5042 3473 5097 dixit
3501 5041 3622 5096 :Tu
3661 5059 3715 5096 es

2123 5129 2305 5185 Simon
2334 5131 2474 5198 ﬁlius
2505 5131 2662 5198 Jona,
2692 5143 2745 5185 tu
2775 5135 3026 5187 vocaberis
3051 5133 3269 5204 Cephas,
3297 5135 3435 5203 quod
3457 5143 3528 5188 est
3559 5135 3712 5188 inter-

2123 5230 2372 5288 pretatum
2410 5219 2593 5276 Petrus
2633 5223 2810 5290 (loan.
2862 5228 2911 5277 Ι.
2944 5223 3058 5296 4⁸2).
3106 5225 3297 5280 Videte
3335 5241 3464 5280 num
3508 5225 3712 5279 dictum

2121 5314 2250 5369 illud
2284 5315 2623 5384 intelligatis?
2646 5333 2712 5372 an
2738 5319 2919 5373 sciatis
2944 5319 3401 5386 consequentiam,
3435 5325 3489 5373 et
3512 5333 3614 5387 qua
3641 5307 3716 5372 de.

2120 5421 2277 5461 causa
2309 5407 2424 5461 hare
2449 5408 2589 5463 dicta
2620 5411 2760 5463 sint?
2790 5411 2907 5476 quia
2941 5425 3135 5478 nempe
3163 5411 3280 5464 sine
3308 5409 3567 5479 prooemio
3595 5408 3710 5462 haec

2121 5499 2334 5566 protuli,
2366 5499 2583 5568 perinde
2605 5516 2666 5556 ac
2686 5501 2729 5554 si
2751 5502 2869 5570 quis
2893 5501 3162 5556 hominem
3187 5500 3420 5572 undique
3437 5502 3708 5556 obtectum

2119 5587 2170 5641 in
2196 5589 2459 5643 theatrum
2484 5589 2730 5644 adducat.
2761 5594 2871 5660 Age
2896 5607 3024 5662 ergo
3051 5593 3222 5661 ipsum
3247 5594 3577 5663 deteganms,
3598 5592 3708 5660 jam

2118 5678 2242 5734 dato
2274 5683 2552 5748 prommio.
2605 5683 2678 5737 De
2724 5683 2886 5738 Paulo
2927 5692 3102 5739 autem
3145 5699 3327 5739 sermo
3357 5685 3510 5740 nobis
3540 5696 3711 5749 nuper
