4060 6252
347 373 457 428 13]

355 487 536 558 νόμων
567 485 688 539 οὒτε
719 485 988 548 πολιτείας
1021 487 1127 540 τινὶ
1163 487 1493 556 κοινωνήσας
1529 486 1678 548 ποτὲ,
1727 484 1841 538 ἀλλ’
1873 485 1931 536 ἐν

355 569 582 640 ἀσεϐείᾳ
614 568 740 634 ζῶν,
775 561 834 620 οὗ
867 569 918 620 τί
953 569 1150 628 γένοιτ’
1175 569 1240 623 ἂν
1277 569 1462 640 μεῖζον
1493 569 1680 631 ἀνοίας
1729 568 1938 638 τεκμή-

359 669 503 725 ριον;
533 651 695 705 Οὐδὲν
724 651 830 722 γὰρ
879 651 1148 723 Ἑλλήνων
1198 653 1570 724 ἀνοητότερον.
1622 651 1758 704 Ἀλλ’
1788 653 1937 720 ὅμως

356 735 564 796 ἐκεῖνος
597 735 624 786 6
665 732 958 804 βάρϐαρος,
1013 736 1042 786 6
1092 735 1315 804 ἀσεϐὴς,
1351 735 1380 786 6
1419 725 1666 804 ἀνόητος,
1726 732 1846 786 ἰδὼν
1875 733 1936 786 ού

355 817 580 879 δεόντως
608 817 770 870 αὑτὸν
801 817 1080 880 ποιοῦντα,
1111 817 1390 889 διώρθωσε
1437 817 1529 870 τὸν
1559 817 1819 880 Μωῦσέα,
1846 815 1938 868 τὸν

357 900 518 969 σοφὸν
570 901 664 953 καὶ
698 901 920 954 συνετὸν
953 901 1046 956 καὶ
1077 899 1171 953 τοῦ
1227 901 1362 954 θεοῦ
1419 901 1592 970 φίλον.
1629 899 1738 953 Καὶ
1769 896 1939 952 εἰπὼν

355 983 493 1052 πρὸς
527 984 710 1046 αὑτὸν,
753 985 812 1037 Τί
833 979 996 1039 οὗτοι
1023 984 1356 1050 ἑστήκασιν
1391 985 1648 1038 ἐνώπιόν
1669 997 1821 1046 σου;
1845 983 1940 1036 καὶ

359 1066 546 1135 μαθὼν
565 1068 664 1136 τὴν
687 1067 866 1120 αἰτίαν
883 1068 1027 1136 λέγει
1049 1084 1062 1097 °
1099 1070 1218 1120 Οὐκ
1245 1067 1431 1136 ὀρθῶς
1446 1068 1527 1122 σὺ
1545 1067 1720 1122 τοῦτο
1740 1068 1942 1134 ἐποίη-

355 1163 495 1214 σας,
529 1149 678 1219 φησί.
747 1151 881 1202 Μετ’
905 1151 1278 1220 ἐπιτιμήσεως
1301 1153 1334 1222 ἡ
1359 1151 1635 1222 συμϐουλή
1654 1167 1668 1180 ·
1699 1151 1792 1204 καὶ
1815 1148 1938 1202 οὔτε

357 1233 530 1296 οὓτως
579 1233 840 1303 ὴγρίυινεν
893 1235 1118 1296 ἐκεῖνος,
1161 1235 1274 1288 ἀλλ’
1307 1235 1554 1306 ἠνείχετο
1607 1235 1638 1285 6
1698 1233 1876 1301 σοφὸς,
1912 1235 1940 1286 6

360 1315 578 1378 συνετὸς
609 1318 704 1368 καὶ
753 1315 848 1368 τοῦ
877 1315 1010 1370 Θεοῦ
1067 1317 1240 1384 φίλος,
1285 1317 1578 1380 τοσαύταις
1621 1314 1941 1386 ἐφεστηκὼς

360 1399 639 1467 μυριάσιν.
675 1397 808 1450 υύδὲ
842 1397 949 1468 γὰρ
979 1397 1137 1450 τοῦτο
1169 1399 1390 1469 μικρὸν,
1425 1399 1486 1450 τὺ
1509 1399 1656 1468 παρὰ
1687 1398 1778 1452 τοῦ
1811 1397 1942 1469 βαρ-

355 1479 526 1552 ϐάρου
549 1481 644 1533 καὶ
669 1480 876 1534 ἰδιώτου
899 1480 1274 1534 παιδεύεσθαι.
1304 1481 1412 1534 Καὶ
1427 1480 1552 1534 οὗτε
1577 1481 1642 1534 τὰ
1666 1481 1938 1552 θαύματα,

357 1563 501 1633 ἆπερ
534 1565 850 1634 εἰργάσατο,
882 1563 1006 1618 οὔτε
1055 1563 1115 1616 τὸ
1149 1563 1378 1633 μέγεθος
1421 1565 1520 1636 τῆς
1563 1566 1738 1636 ἀρχῆς
1777 1564 1940 1618 αὑτὸν

356 1647 584 1717 ἐπῆρεν,
611 1647 738 1702 οὔτε
767 1648 824 1700 τὸ
847 1647 1128 1718 παρόντων
1155 1648 1263 1700 τῶν
1297 1649 1552 1718 ὑπηκόων
1575 1647 1936 1721 διορθοῦσθαι,

357 1730 682 1802 ἐρυθριᾶσαι
710 1731 992 1802 ἐποίησενο
1034 1729 1146 1782 ἀλλ’
1171 1732 1430 1802 ἐννοήσας
1460 1733 1540 1786 ὅτι
1569 1735 1618 1785 εί
1650 1733 1744 1785 καὶ
1773 1732 1942 1802 μεγά-

359 1810 426 1863 λα
462 1812 610 1882 αὐτῷ
637 1811 787 1884 [119]
817 1813 1098 1883 εἴργασται
1131 1816 1354 1886 σημεῖα,
1388 1813 1500 1866 ἀλλ’
1547 1815 1696 1884 ὅμως
1733 1813 1943 1881 ἀνθρω-

361 1899 524 1970 πίνης
551 1901 766 1970 φύσεως
791 1901 1025 1971 μετέχει,
1053 1903 1118 1971 ἣν
1153 1901 1324 1956 πολλὰ
1370 1902 1622 1958 λανθάνει
1657 1901 1939 1965 πολλάκις,

363 1986 486 2052 μετ’
537 1986 836 2048 ἐπιεικείας
869 1983 1085 2054 ἐδέξατο
1115 1984 1214 2055 τὴν
1271 1986 1600 2057 συμϐουλήν.
1667 1983 1944 2040 Πολλοίδέ

363 2069 624 2134 πολλάκις
671 2071 806 2141 ὑπὲρ
856 2070 946 2122 τοῦ
980 2070 1054 2142 μὴ
1101 2071 1336 2140 φανῆναι
1361 2071 1602 2140 δεόμενοι
1635 2069 1942 2141 συμϐουλῆς

358 2153 459 2222 τῆς
491 2155 618 2224 παρ’
643 2153 864 2224 ἐτέρων,
895 2155 1099 2208 εἵλοντο
1123 2155 1412 2224 προδοῦναι
1441 2157 1534 2225 τὴν
1557 2155 1824 2224 ὠφέλειαν
1847 2155 1942 2222 τὴν

357 2236 465 2290 ἀπδ
494 2236 594 2305 τῆς
625 2235 868 2307 γνώμης,
893 2239 925 2308 ἢ
948 2237 1228 2308 δεξάμενοι
1251 2239 1348 2309 τὴν
1369 2239 1686 2308 παραίνεσιν
1715 2237 1943 2310 διορθῶ-

359 2335 450 2371 σαι
482 2319 542 2372 τὸ
564 2321 868 2392 ἁμάρτημα
897 2338 909 2350 ·
948 2322 1148 2392 μᾶλλον
1189 2323 1406 2388 ἀγνοεῖν
1439 2323 1470 2394 ἢ
1506 2322 1696 2391 μαθεῖν
1726 2321 1940 2374 κατεδέ-

358 2402 535 2468 ξαντο,
576 2405 676 2456 ούκ
703 2405 904 2468 εἰδότες
955 2406 1036 2458 ὅτι
1072 2406 1129 2457 οὐ
1158 2405 1218 2458 τὸ
1249 2405 1444 2475 μαθεῖν
1483 2406 1734 2475 ἔγκλημα
1759 2445 1774 2470 ,
1807 2403 1942 2458 ἀλλὰ

353 2486 418 2539 τὸ
446 2487 658 2554 ἀγνοεῖν
687 2487 990 2559 κατηγορία
1009 2506 1022 2519 ·
1060 2489 1119 2540 ού
1151 2489 1210 2540 τὸ
1237 2487 1608 2552 διδάσκεσθαι,
1639 2489 1775 2542 ἀλλὰ
1797 2490 1857 2541 τὸ
1883 2489 1940 2541 ἐν

356 2571 596 2642 ἀμαθείᾳ
645 2567 812 2624 εἶναι·
855 2572 914 2624 οὐ
943 2571 1004 2623 τὸ
1037 2571 1374 2642 ἐλέγχεσθαι,
1405 2571 1545 2625 ἀλλά
1597 2575 1657 2624 τὸ
1688 2571 1940 2644 ἁμαρτά-

355 2669 468 2705 νειν
495 2653 816 2724 ἀδιόρθωτα.
854 2655 1010 2707 Ἔστι
1041 2653 1174 2724 γὰρ,
1221 2653 1452 2708 ἐστικαὶ
1485 2653 1634 2726 παρὰ
1665 2653 1941 2726 ἀνθρώπῳ

359 2735 541 2808 μικρῷ
571 2737 662 2790 καὶ
691 2737 900 2796 εὐτελεῖ
921 2737 1208 2810 εὑρεθῆναί
1233 2757 1284 2792 τι
1309 2740 1416 2792 τῶν
1446 2739 1694 2804 δεόντων,
1728 2740 1755 2791 ὃ
1793 2739 1940 2808 παρὰ

356 2819 436 2889 τῷ
470 2819 618 2889 σοφῷ
641 2821 736 2873 καὶ
768 2823 987 2892 μεγάλῳ
1016 2821 1276 2885 πολλάκις
1319 2823 1417 2892 οὐχ
1469 2823 1716 2896 εὓρηται.
1763 2823 1942 2894 Ὅπερ

355 2899 450 2958 οὖν
470 2901 692 2956 συνιδὼν
721 2903 748 2954 6
783 2903 1027 2973 Μωῦσῆς
1053 2905 1218 2975 ἤκουε
1255 2905 1394 2976 μετά
1439 2907 1618 2978 πάσης
1645 2905 1944 2968 ἐπιεικείας

359 2985 570 3042 ἐκείνου
598 2985 1078 3056 συμϐουλεύοντος,
1111 2989 1207 3040 καὶ
1233 2988 1486 3056 λέγοντος
1511 3005 1524 3018 ·
1557 2989 1825 3056 Ποίησον
1845 3004 1944 3040 σοι

361 3069 712 3140 χιλιάρχους
731 3109 745 3134 ,
788 3070 1268 3140 ἑκατοντάρχους
1289 3113 1300 3135 ,
1357 3071 1942 3141 πεντηκοντάρχους,

360 3159 719 3233 δεκάρχους¹
749 3163 848 3216 καὶ
877 3163 941 3216 τὸ
955 3163 1124 3231 ῥῆμα
1160 3163 1226 3216 τὸ
1256 3164 1419 3232 ,βαρὺ
1454 3164 1815 3218 ἀνοίσουσιν
1846 3163 1945 3216 ἐπὶ

363 3245 460 3311 σὲ,
483 3246 548 3298 τὸ
581 3245 648 3298 δὲ
683 3245 915 3314 κοῦφον
939 3246 1109 3300 αὐτοὶ
1133 3247 1544 3302 διαλύσονται.
1576 3250 1686 3302 Καὶ
1703 3248 1944 3312 ἀκούσας

361 3328 464 3382 οὐκ
495 3327 756 3398 ᾐσχύνθη,
788 3329 886 3381 οὐκ
915 3329 1266 3400 ἠρυθρίασεν,
1305 3331 1404 3382 οὐκ
1439 3331 1638 3402 ᾐδέσθη
1698 3331 1822 3394 τοὺς
1851 3332 1947 3383 ὑπ-

357 3413 583 3483 ηκόους,
614 3413 714 3464 οὐκ
745 3408 866 3464 εἷπε
899 3413 1034 3484 πρὸς
1057 3413 1366 3478 ἐαυτὸν,ὃτι
1381 3413 1832 3484 Καταγνώσονταί
1844 3428 1944 3482 μου

359 3497 412 3550 οἱ
442 3497 756 3566 ἀρχόμενοι,
797 3499 844 3548 εἰ
874 3497 1054 3567 ἄρχων
1089 3495 1162 3548 ὢν
1213 3497 1338 3568 παρ’
1367 3497 1556 3567 ἐτέρου
1593 3497 1852 3568 μανθάνω
1879 3496 1947 3550 τὰ

359 3588 550 3644 δέοντα
577 3606 590 3620 ·
627 3588 764 3642 ἀλλά
821 3591 915 3642 καὶ
954 3588 1182 3658 ἐπείσθη
1216 3589 1309 3642 καὶ
1362 3589 1584 3659 ἐποίησε
1619 3589 1680 3642 τὸ
1711 3590 1948 3660 πρόστα-

361 3689 499 3742 γμα,
529 3674 716 3726 καὶ-ού
750 3673 908 3742 μόνον
960 3671 1201 3735 ἐκείνους
1228 3673 1328 3725 οὐκ
1354 3671 1596 3742 ᾐσχύνθη
1637 3675 1764 3736 τοὺς
1801 3672 1943 3735 τότε,

361 3755 478 3810 ἀλλ’
517 3755 638 3808 οὐδέ
699 3757 846 3827 ἡμᾶς
877 3757 1002 3818 τοὺς
1045 3755 1185 3826 μετὰ
1241 3755 1414 3808 ταῦτα
1463 3755 1755 3826 ἐσομένους
1781 3772 1793 3784 ·
1830 3756 1945 3809 ἀλλ’

361 3839 553 3912 ὥσπερ
588 3839 1134 3911 ἐγκαλλωπιζόμενος
1157 3844 1223 3911 τῇ
1249 3839 1532 3910 διορθώσει
1565 3843 1629 3910 τῇ
1672 3840 1824 3910 παρὰ
1853 3839 1945 3892 τοῦ

363 3923 627 3996 κηδεστοῦ
662 3924 933 3996 γενομένῃ
955 3964 966 3984 ,
1004 3925 1064 3976 οὐ
1102 3925 1228 3986 τοὺς
1262 3925 1382 3976 τότε
1418 3923 1577 3993 μόνον
1604 3922 1944 3993 ἀνθρώπους,

361 4009 502 4064 ἀλλὰ
535 4007 770 4071 καὶτοὺς
800 4007 858 4071 ἐξ
884 4007 1092 4060 ἐκείνου
1128 4005 1290 4078 μέχρι
1319 4007 1560 4076 σήμερον
1595 4007 1944 4076 γενομένους,

365 4093 458 4146 καὶ
503 4093 632 4156 τοὺς
687 4087 841 4154 αὖθις
875 4091 1168 4161 ἐσομένους
1215 4092 1376 4161 μέχρι
1431 4091 1530 4160 τῆς
1565 4091 1658 4144 τοῦ
1701 4091 1944 4162 Χριστοῦ

365 4185 674 4256 παρουσίας
715 4185 856 4238 κατά
911 4185 1010 4254 τὴν
1065 4184 1392 4252 οἰκουμένην
1437 4184 1654 4238 ἃπασαν
1708 4184 1796 4238 διὰ
1839 4185 1946 4238 τῶν

365 4269 711 4340 γραμμάτων
745 4268 976 4334 ἐδίδαξε,
1021 4271 1119 4322 καὶ
1150 4270 1234 4322 ὅτι
1263 4270 1428 4333 αὐτὸς
1471 4270 1534 4322 τὸ
1562 4270 1682 4322 δέον
1715 4271 1946 4323 συνιδεῖν

367 4354 468 4406 οὐκ
515 4353 774 4424 ⁴ἠδυνήθη,
827 4353 921 4406 καὶ
959 4353 1042 4406 ὅτι
1093 4353 1192 4423 τὴν
1223 4353 1510 4424 διόρθωσιν
1547 4355 1764 4418 ἐδέξατο
1799 4355 1948 4424 παρὰ

365 4437 460 4490 τοῦ
487 4437 770 4508 κηδεστοῦ.
805 4437 995 4508 Ἡμεῖς
1027 4437 1106 4502 δὲ,
1139 4437 1234 4492 ἐὰν
1262 4437 1548 4508 ἄνθρωπον
1571 4439 1772 4510 ἴδωμεν
1804 4456 1946 4510 παρ-

367 4521 496 4576 όντα
528 4521 901 4592 ἐλεγχομένων
931 4519 1088 4592 ἡμῶν
1128 4521 1224 4574 καὶ
1253 4521 1674 4593 διορθουμένων,
1707 4521 1950 4591 ἰλιγγιῶ-

371 4623 492 4676 μεν,
523 4603 876 4670 ἐξιστάμεθα,
907 4604 1202 4675 νομίζομεν
1222 4608 1320 4676 τῆς
1351 4605 1498 4674 ζωῆς
1534 4607 1950 4660 ἐκπεπτωκέναι

369 4689 568 4759 πάσης.
635 4687 773 4740 Ἀλλ’
825 4689 926 4742 οὐκ
960 4690 1200 4752 ἐκεῖνος·
1238 4688 1352 4741 ἀλλ’
1382 4690 1526 4760 ὁρῶν
1563 4689 1833 4752 τοσαύτας
1869 4709 1951 4760 χι-

365 4771 552 4834 λιάδας
577 4769 860 4844 παρούσας
890 4772 990 4825 οὐκ
1010 4771 1337 4844 ἠρυθρίασε,
1366 4773 1566 4842 μᾶλλον
1591 4773 1648 4826 δέ
1681 4772 1951 4836 τοσαύτας

372 4856 638 4926 μυριάδας
672 4856 816 4917 τότε,
869 4855 968 4918 τὰς
995 4855 1054 4920 ἐξ
1085 4855 1292 4909 ἐκείνου
1343 4857 1508 4927 μέχρι
1545 4857 1640 4910 νῦν
1677 4857 1820 4910 κατὰ
1849 4857 1952 4926 τὴν

368 4948 472 5016 γῆν
503 4947 746 5012 ἃπασαν,
784 4947 922 5000 ἀλλὰ
953 4948 1216 5019 κηρύττει
1239 4951 1373 5003 πᾶσι
1405 4949 1526 5002 καθ’
1550 4949 1788 5020 ἐκάστην
1815 4951 1950 5022 ἡμέ-

369 5049 472 5104 ραν
499 5031 588 5086 δια
619 5032 728 5085 τῶν
755 5031 1122 5102 γραμμάτων,
1152 5033 1233 5086 ὅτι
1253 5034 1391 5101 ὅπερ
1429 5034 1593 5099 αὐτὸς
1627 5035 1688 5087 οὺ
1721 5035 1950 5102 συνεῖδε,

367 5113 528 5168 τοῦτο
561 5117 590 5168 6
620 5115 887 5185 κηδεστὴς
937 5116 1165 5170 συνεῖδε.
1201 5116 1356 5180 Τίνος
1405 5112 1498 5171 οὖν
1559 5117 1744 5172 ἕνεκεν
1799 5118 1955 5171 τοῦτο

367 5198 611 5269 ἐποίησε,
639 5199 734 5252 καὶ
773 5201 960 5270 μνήμῃ
991 5198 1278 5270 παρέδωκε
1307 5199 1366 5253 τὸ
1393 5202 1763 5273 γεγενημένον
1790 5219 1803 5266 ;
1836 5203 1954 5256 Ἰνα

368 5283 518 5352 ἡμᾶς
545 5281 708 5352 πείσῃ
749 5281 1016 5352 μηδέποτε
1045 5285 1130 5348 ἐφ’
1163 5284 1378 5347 ἑαυτοῖς
1407 5287 1548 5354 μέγα
1585 5289 1824 5355 φρονεῖν,
1853 5285 1954 5340 κᾶν

371 5365 626 5418 ἁπάντων
659 5358 810 5436 ὦμεν
839 5365 1162 5437 σοφώτεροι,
1201 5366 1336 5436 μηδέ
1378 5369 1665 5438 ἀτιμάζειν
1695 5369 1792 5433 τὰς
1823 5370 1953 5440 παρ’

372 5449 575 5519 ἐτέρων
605 5449 956 5520 συμϐουλίας,
989 5449 1090 5504 κᾶν
1115 5451 1368 5510 ἁπάντων
1395 5443 1528 5504 ὦσιν
1561 5453 1952 5526 εὐτελέστεροι.

373 5535 469 5587 Ἂν
509 5534 608 5603 μὲν
651 5533 762 5603 γάρ
789 5551 842 5587 τι
897 5535 1007 5587 τῶν
1035 5533 1263 5587 δεόντων
1297 5535 1676 5607 συμϐουλεύσῃ
1707 5553 1810 5601 τις,
1852 5539 1956 5591 κᾶν

370 5617 590 5688 οἰκέτης
612 5612 667 5689 ᾗ,
707 5617 856 5682 δέξαι
889 5617 990 5688 τὴν
1026 5619 1350 5688 παραίνεσιν
1371 5633 1385 5646 '
1429 5617 1496 5672 ἂν
1525 5619 1582 5671 δέ
1623 5619 1808 5672 τιτῶν
1841 5619 1956 5673 ὀλε-

372 5701 563 5770 θρίων.
592 5701 696 5755 κᾶν
727 5701 784 5752 ἐν
805 5701 1074 5772 ἀξιώματι
1098 5703 1342 5772 τυγχάνῃ
1373 5702 1634 5772 μεγίστῳ,
1663 5703 1956 5774 παράπεμ-

373 5787 468 5856 ψαι
492 5787 591 5858 τὴν
613 5785 838 5857 γνώμην
862 5803 874 5817 ο
911 5788 972 5842 ού
1008 5785 1117 5856 γὰρ
1147 5789 1213 5858 τῇ
1247 5789 1494 5859 ποιότητι
1518 5789 1626 5842 τῶν
1651 5777 1958 5860 προσώπων

993 383 1076 436 DF.
1118 375 1462 432 FERENDIS
1503 369 1934 427 REI’HEIIENS.
1969 369 2058 422 ET
2099 368 2184 422 DE
2225 366 2484 422 MUTAT.
2529 365 2868 424 NOML‘IUM.
2913 364 3000 418 lll.

3519 371 3617 428 l56

2037 485 2145 540 τῶν
2179 489 2679 558 συμϐουλευόντων,
2717 492 2831 544 ἀλλ’
2861 493 2997 562 αὐτῇ
3061 493 3160 560 τ’ἧς
3217 486 3529 560 συμϐουλῆς
3557 491 3620 558 τῇ

2039 567 2198 636 φύσει
2229 573 2518 644 προσέχειν
2552 574 2631 626 δεῖ
2653 575 2952 644 πανταχοῦ.
2989 577 3166 644 Ὅπερ
3202 568 3292 624 οὖν
3327 572 3421 623 καὶ
3453 571 3616 622 Mor.)-

2042 651 2138 721 σῆς
2167 655 2412 723 ἐποίησε,
2442 657 2716 710 παιδεύων
2743 659 2892 728 ἡμᾶς
2923 657 2998 728 μὴ
3043 657 3302 728 ἐρυθριᾷν
3333 652 3624 722 ἐλεγχομέ-

2039 753 2182 800 νους,
2241 739 2345 791 κᾶν
2397 739 2692 811 ὁλόκληρος
2719 744 2854 811 ἡμῖν
2886 741 3060 811 δῆμος
3105 741 3270 811 παρῇ.
3319 735 3624 805 Ἐγκώμιον

2038 821 2146 891 γάρ
2179 819 2338 873 τοῦτο
2361 823 2620 892 μέγιστον
2643 866 2656 889 ,
2698 826 2793 876 καὶ
2825 823 3048 886 ἔπαινος
3087 823 3186 892 οὐχ
3236 824 3264 874 ὁ
3297 818 3495 889 τυχὼν,
3530 819 3625 871 καὶ

2040 905 2358 974 φιλοσοφίας
2385 906 2606 970 ἔπαινος
2633 911 2732 978 τῆς
2767 909 3049 969 ἀνωτάτω,
3095 909 3157 959 τὸ
3189 906 3376 976 φέρειν
3406 903 3626 972 ἔλεγχον

2039 991 2322 1057 γενναίως.
2366 991 2478 1062 Οὐχ
2512 991 2654 1044 οὕτω
2688 991 2797 1061 γὰρ
2825 991 2920 1043 τὸν
2963 989 3149 1060 ’ἰοθὼρ
3179 985 3508 1055 ἐπαινοῦμεν
3533 985 3626 1036 καὶ

2041 1072 2394 1144 θαυμάζομεν
2443 1075 2559 1140 νῦν,
2623 1075 2704 1128 ὃτι
2755 1075 2848 1127 τὸν
2903 1075 3146 1128 Μωῦσέα
3193 1070 3524 1141 διώρθωσεν,
3553 1067 3630 1128 ὡς

2041 1155 2458 1226 ἐκπληττόμεθα
2517 1157 2610 1209 τὸν
2656 1157 2810 1226 ᾶγιον
2843 1159 3073 1220 ἐκεῖνον,
3099 1157 3182 1209 ὅτι
3221 1153 3344 1208 οὕτε
3379 1149 3624 1223 ᾐσχύνθη

2039 1237 2421 1308 διορθούμενος
2447 1240 2717 1294 τοσούτων
2745 1241 3047 1310 παρόντων,
3077 1239 3174 1292 καὶ
3222 1237 3410 1307 μνήμῃ
3443 1235 3505 1286 τὸ
3537 1248 3629 1300 γε-

2041 1322 2339 1392 γενημένον
2373 1323 2681 1392 παρέδωκε,
2723 1323 2812 1376 διὰ
2843 1325 3061 1376 πάντων
3091 1322 3190 1393 τὴν
3223 1318 3387 1374 αὑτοῦ
3417 1317 3630 1386 φιλοσο-

2043 1403 2170 1472 φίαν
2198 1403 2376 1470 δείξας
2393 1445 2407 1468 ,
2433 1405 2528 1460 καὶ
2553 1407 2632 1464 ὅτι
2665 1405 2803 1475 μετὰ
2827 1405 3032 1473 πολλῆς
3061 1405 3162 1474 τῆς
3195 1401 3504 1472 ὑπερϐολῆς
3529 1397 3628 1466 τὴν

2045 1485 2194 1558 παρὰ
2223 1487 2332 1544 τῶν
2369 1487 2577 1542 πολλῶν
2603 1487 2954 1559 κατεπάτησε
2983 1487 3164 1552 δόξαν.

2115 1614 2266 1687 [120]
2283 1615 2348 1684 γ’.
2380 1616 2541 1670 Ἀλλὰ
2559 1615 2668 1688 γὰρ
2693 1616 2836 1686 ὑπὲρ
2851 1616 3150 1687 προοιμίων
3176 1609 3626 1678 ἀπολογούμενοι,

2042 1697 2203 1750 πάλιν
2237 1697 2422 1766 μεῖζον
2455 1699 2516 1750 τὸ
2565 1699 2851 1769 προοίμιον
2909 1700 3292 1768 πεποιήκαμεν
3321 1711 3334 1725 ·
3381 1691 3496 1746 ἀλλ’
3533 1690 3630 1758 οὐχ

2041 1781 2228 1843 ἁπλῶς
2244 1781 2364 1833 οὑδέ
2389 1783 2530 1852 εἰκῆ,
2558 1782 2672 1836 ἀλλ’
2701 1783 2844 1853 ὑπὲρ
2870 1783 2976 1835 τῶν
3001 1781 3275 1853 μεγίστων
3294 1780 3323 1831 ὑ
3333 1779 3422 1847 μῖν
3455 1774 3630 1828 διαλε-

2042 1864 2264 1932 γόμενοι
2283 1865 2376 1916 καὶ
2399 1865 2870 1932 ἀναγκαιοτάτων,
2892 1865 2978 1916 ἵνα
2993 1863 3260 1932 γενναίως
3282 1859 3631 1929 ἐλεγχόμενοι

2045 1947 2320 2017 φέρωμεν,
2355 1949 2442 2000 ἵνα
2467 1948 2765 2018 προθύμως
2789 1947 3102 2018 ἐλέγχωμεν
3133 1947 3256 2008 τοὺς
3291 1942 3634 2014 ἁμαρτάνον-

2043 2048 2142 2093 τας
2167 2033 2260 2084 καὶ
2285 2031 2608 2102 διορθῶμεν.
2632 2033 2876 2118 ’.θνάγκη
2891 2033 2953 2086 δέ
2979 2031 3166 2084 λοιπὸν
3185 2025 3634 2118 άπολογῇσασθαι

2047 2114 2185 2182 ὑπὲρ
2205 2114 2296 2168 τοῦ
2319 2116 2546 2186 μήκους,
2565 2107 2854 2169 καὶέίπεῖν
2879 2117 3022 2178 τίνος
3039 2116 3224 2168 ἕνεκεν
3245 2111 3430 2184 μακρὰ
3453 2107 3634 2162 ποιοῦ-

2047 2214 2148 2266 μεν
2188 2199 2471 2268 προοίμια.
2513 2200 2668 2262 Τίνος
2698 2195 2790 2253 οὖν
2808 2199 2995 2252 ἕνεκεν
3009 2199 3166 2252 τοῦτο
3185 2191 3635 2263 ποιοῦμεν;Πλη-

2044 2278 2126 2332 θει
2162 2279 2403 2352 τοσούτῳ
2435 2281 2820 2352 διαλεγόμεθα,
2849 2281 3159 2352 ἀνθρώποις
3187 2281 3453 2348 γυναῖκας
3483 2275 3636 2345 ἐχου-

2045 2381 2158 2428 σιν,
2187 2364 2366 2426 οἰκίας
2407 2366 2837 2438 προεστηκόσιν,
2892 2369 2948 2419 ἐν
2993 2364 3228 2436 ἐργασίᾳ
3287 2358 3632 2431 καθημερινῇ

2043 2445 2230 2510 ζῶσιν,
2269 2449 2328 2499 ἐν
2364 2446 2640 2516 βιωτικοῖς
2676 2449 2988 2519 πράγμασι.
3050 2446 3155 2500 Καὶ
3187 2447 3246 2498 οὐ
3281 2444 3440 2516 τοῦτο
3477 2443 3634 2512 μόνον

2041 2529 2160 2580 ἐστὶ
2181 2529 2241 2581 τὸ
2275 2529 2568 2600 δυσχερὲς,
2623 2531 2702 2582 ὅτι
2757 2531 3020 2599 διηνεκῶς
3057 2533 3194 2584 εἰσιν
3251 2525 3632 2598 ἦσχολημένοι,

2042 2611 2155 2665 ἀλλ’
2173 2614 2254 2666 ὅτι
2274 2617 2368 2666 καὶ
2384 2613 2532 2680 ἅπαξ
2553 2615 2652 2684 τῆς
2671 2615 2968 2687 ἑϐδομάδος
2991 2617 3188 2678 αὐτοὺς
3223 2613 3460 2669 ἐνταῦθα
3493 2611 3636 2681 λαμ-

2042 2695 2295 2766 ϐάνομεν.
2329 2696 2654 2767 Βουλόμενοι
2675 2699 2856 2752 τοίνυν
2873 2701 2931 2751 εὐ
2943 2699 3182 2752 σύνοπτα
3199 2695 3635 2758 κατασκευάζειν

2040 2779 2222 2842 αὐτοῖς
2255 2779 2326 2834 τὰ
2356 2779 2646 2850 λεγόμενα,
2681 2781 2772 2834 διὰ
2812 2782 2922 2835 τῶν
2957 2781 3260 2852 προοιμίων
3289 2777 3636 2848 σαφεστέραν

2042 2862 2268 2930 ποιῆσαι
2302 2863 2401 2932 τὴν
2458 2863 2804 2918 διδασκαλίαν
2835 2865 3234 2936 σπουδάζομεν.
3294 2863 3351 2915 Ὀ
3391 2861 3490 2932 μὲν
3528 2860 3634 2932 γὰρ

2050 2944 2212 3015 μηδὲν
2242 2944 2403 3016 ἔργον
2437 2945 2595 3014 έχων,
2629 2947 2745 2998 ἀλλ’
2784 2949 2871 2999 ἀεὶ
2905 2951 3025 3010 ταῖς
3067 2948 3312 3018 Γραφαῖς
3349 2943 3636 3016 προσηλω-

2047 3027 2236 3098 μένος,
2275 3027 2333 3080 ού
2377 3027 2554 3082 δέεται
2588 3031 2912 3100 προοιμίων,
2946 3031 3005 3083 ού
3051 3031 3220 3083 δεῖται
3269 3029 3634 3098 κατασκευῆς,

2044 3109 2159 3164 ἀλλ’
2202 3109 2442 3176 ἀκούσας
2475 3112 2680 3176 εὐθέως
2714 3112 2809 3165 τοῦ
2863 3113 3144 3182 λέγοντος,
3172 3113 3386 3182 δέχεται
3415 3112 3524 3164 τῶν
3553 3111 3638 3163 λε-

2044 3194 2291 3264 γομένων
2329 3195 2428 3265 τὴν
2462 3195 2700 3249 διάνοιαν
2727 3215 2738 3226 ·
2779 3195 3068 3268 ἄνθρωπος
3096 3195 3150 3249 δὲ
3189 3197 3279 3248 τὸν
3321 3197 3421 3268 μὲν
3466 3195 3637 3248 πλείω

2043 3279 2236 3350 χρόνον
2270 3279 2557 3349 πράγμασι
2583 3279 2860 3350 βιωτικοῖς
2887 3281 3331 3353 προσδεδεμένος,
3365 3279 3545 3348 ὀλίγον
3573 3279 3633 3333 δὲ

2044 3365 2136 3416 καὶ
2178 3363 2350 3435 βραχὺ
2382 3363 2618 3418 ἐνταῦθα
2667 3364 3150 3435 παραγενόμενος,
3197 3367 3262 3418 ἂν
3321 3365 3394 3435 μὴ
3450 3381 3638 3435 προοι-

2050 3448 2186 3518 μίων
2213 3448 2422 3519 ἀκούσῃ
2449 3449 2540 3500 καὶ
2567 3450 2907 3517 κατασκευῆς
2942 3449 3208 3514 πλείονος,
3235 3450 3330 3501 καὶ
3369 3449 3639 3518 πανταχό·

2047 3529 2140 3582 θεν
2169 3531 2252 3601 ἴδῃ
2288 3531 2780 3600 προοδοποιηθέντα
2805 3529 2954 3598 αὐτῷ
2977 3533 3066 3582 τὸν
3105 3531 3284 3596 λόγον,
3321 3531 3473 3582 οὐδὲν
3503 3547 3636 3596 κερ-

2046 3611 2208 3674 δάνας
2236 3613 2556 3682 ἀπέρχεται.
2583 3615 2657 3671 Οὐ
2680 3612 2840 3664 τοῦτο
2864 3613 2920 3666 δέ
2951 3613 3109 3680 μόνον
3138 3615 3267 3682 ἡμῖν
3289 3615 3435 3664 ἐστιν
3463 3611 3635 3664 αἴτιον

2046 3694 2140 3750 τοῦ
2161 3697 2232 3766 μή
2243 3712 2365 3758 κους
2386 3695 2495 3748 τῶν
2517 3695 2841 3766 προοιμίων.
2868 3696 3004 3748 άλλά
3037 3697 3128 3748 καὶ
3147 3699 3331 3767 ἕτερον
3359 3699 3458 3750 οὐκ
3481 3699 3634 3752 ἐλατ-

2045 3796 2136 3832 τον
2165 3778 2374 3832 τούτου.
2419 3778 2540 3832 Τῶν
2580 3783 2687 3849 γὰρ
2718 3779 2928 3834 πολλῶν
2957 3780 3164 3833 τούτων
3200 3783 3247 3834 οἱ
3274 3784 3371 3852 μὲν
3397 3785 3635 3854 παραγί-

2048 3878 2264 3925 νονται,
2309 3863 2358 3914 οἱ
2403 3861 2458 3912 δὲ
2495 3863 2554 3914 ού
2603 3863 3000 3932 παραγίνονται
3048 3863 3329 3926 πολλάκις.
3395 3865 3632 3932 Ἀνάγκη

2048 3945 2228 3997 τοίνυν
2255 3944 2380 4008 τοὺς
2417 3945 2514 4014 μὲν
2545 3945 3020 4016 παραγενομένους
3071 3947 3356 4000 ἐπαινέσαι
3377 3987 3390 4008 ,
3422 3950 3548 4020 τοὺς
3579 3950 3636 4002 δὲ

2051 4029 2124 4098 μὴ
2156 4029 2634 4100 παραγενομένους
2669 4028 3010 4100 μέμψασθαι,
3047 4029 3134 4084 ἵνα
3165 4032 3360 4084 ἐκεῖνοι
3399 4034 3495 4103 μὲν
3527 4036 3637 4098 τοῖς

2048 4111 2290 4174 ἐπαίνοις
2328 4112 2734 4184 σπουδαιότεροι
2785 4112 3090 4180 γένωνται,
3131 4105 3279 4168 οὗτοι
3323 4115 3378 4168 δὲ
3408 4115 3497 4169 διὰ
3529 4116 3637 4170 τῶν

2047 4195 2411 4266 ἐγκλημάτων
2466 4197 2565 4268 τὴν
2618 4196 2894 4268 ρᾳθυμίαν
2938 4197 3272 4252 ἀποθῶνται.
3335 4199 3492 4253 Ἐστι
3541 4202 3636 4268 καὶ

2047 4279 2208 4350 ἑτέρα
2241 4281 2396 4351 χρεία
2432 4281 2734 4352 προοιμίων
2773 4282 2922 4350 ὑμῖν.
2977 4281 3321 4346 ’Υποθέσεως
3348 4285 3634 4356 ἁπτόμεθα

2051 4367 2395 4434 μακροτέρας
2448 4363 2728 4426 πολλάκις,
2761 4365 2826 4432 ἢν
2870 4365 2930 4416 ού
2965 4365 3190 4418 δυνατὸν
3222 4369 3278 4419 ἐν
3316 4369 3500 4440 ἡμέρᾳ
3539 4373 3639 4444 μιᾷ

2048 4449 2184 4518 πρὸς
2221 4447 2375 4509 τέλος
2419 4447 2670 4513 ἀγαγεῖν,
2724 4446 2860 4499 ἀλλὰ
2911 4449 3007 4500 καὶ
3058 4449 3319 4519 δευτέρας
3363 4455 3456 4514 καὶ
3511 4447 3635 4526 τρε..

2047 4531 2277 4614 τηςκαί
2303 4529 2573 4614 τετάρτης
2603 4529 2734 4598 ἡμῖν
2774 4529 2923 4614 ἐστιν
2965 4533 3054 4583 ὅτε
3084 4531 3398 4602 ἐξηγήσεως
3431 4537 3508 4598 εἰς
3539 4537 3635 4614 τὴν

2050 4613 2218 4684 αὐτὴν
2280 4611 2468 4682 ἐδέησε
2527 4613 2932 4682 πραγματείαν.
3006 4614 3248 4687 Ἀνάγκη
3305 4617 3487 4674 τοίνυν
3545 4611 3637 4684 καὶ

2049 4696 2221 4770 ταύτῃ
2246 4699 2310 4768 τῇ
2347 4695 2577 4766 δευτέρᾳ
2608 4697 2877 4767 ἡμέρᾳτά
2903 4697 3033 4768 τέλη
3056 4699 3156 4768 τῆς
3193 4700 3467 4772 προτέρας
3497 4703 3641 4768 διδαῳ
3695 4769 3700 4772 _

2053 4781 2282 4843 σκαλίας
2324 4779 2636 4845 ἀναλαϐεῖν,
2673 4779 2740 4832 ἵν’
2772 4783 2947 4842 οὕτως
3002 4781 3270 4851 ἀρμοσθέν
3299 4786 3365 4852 τῇ
3402 4787 3544 4856 ἀρχῇ
3576 4787 3638 4838 τὸ
3699 4823 3716 4831 -

2050 4865 2221 4927 τέλος,
2257 4863 2591 4934 σαφεστέραν
2642 4865 2764 4933 ποιῇ
2797 4865 2910 4925 τοῖς
2945 4863 3182 4934 παροῦσι
3215 4865 3314 4934 τὴν
3354 4866 3636 4937 ἐξήγησιν,

2052 4948 2144 5003 καὶ
2179 4947 2252 5018 μὴ
2279 4948 2376 5018 τῆς
2403 4944 2722 5008 ἀκολουθίας
2747 4945 3136 5016 ἀπηρτημένος
3176 4950 3203 5001 ὁ
3241 4947 3399 5016 λόγος
3438 4951 3638 5020 ἀφανέ-

2055 5047 2242 5103 στερος
2360 5031 2471 5091 τοῖς
2505 5029 2823 5098 ἀκροαταῖς.
2867 5031 2976 5083 Καὶ
3006 5031 3092 5082 ἵνα
3145 5030 3324 5104 μάθῃς
3354 5033 3434 5085 ὅτι
3470 5036 3638 5106 χωρὶς

2055 5115 2355 5186 προοιμίων
2375 5113 2730 5183 εἰσαγόμενος
2759 5113 2916 5181 λόγος
2944 5113 3123 5175 ούδενὶ
3155 5115 3430 5190 γνώριμος
3458 5117 3634 5179 ἐσται,

2058 5199 2167 5252 ἰδοὺ
2207 5198 2376 5267 χωρίς
2405 5197 2706 5266 προοιμίων
2733 5196 2897 5249 αὑτὸν
2922 5197 3130 5266 εἰσάγω
3161 5198 3256 5252 νῦν
3289 5201 3488 5272 πείρας
3521 5201 3636 5253 ἐνε-

2054 5299 2169 5337 κεν.
2221 5280 2560 5350 Ἐμὸλέιῦιας
2611 5279 2678 5332 δὲ
2719 5279 2878 5345 αὐτῷ
2921 5283 2954 5333 o'
2994 5281 3224 5350 Ἰησοῦς
3265 5279 3432 5346 εἷπε,
3469 5284 3552 5336 Σὺ
3585 5280 3644 5337 εἴ

2055 5367 2252 5435 Σίμων
2281 5365 2412 5430 υίὸς
2461 5363 2638 5428 Ἰωνᾶ,
2675 5365 2758 5418 σὺ
2803 5366 3085 5434 κληθήσῃ
3117 5365 3356 5434 Κηφᾶς,
3384 5365 3415 5417 ὃ
3461 5367 3640 5437 ἑρμη-

2054 5451 2288 5504 νεύεται
2317 5449 2559 5518 Πέτρος.
2605 5451 2821 5521 Ὁρᾶτε.
2857 5451 2931 5521 μὴ
2963 5451 3174 5503 συνίετε
3215 5449 3275 5502 τὸ
3305 5449 3532 5522 λεχθέν;
3563 5453 3637 5523 μὴ

2057 5535 2172 5588 ίστε
2201 5534 2299 5604 τὴν
2339 5534 2680 5598 ἀκολουθίαν,
2723 5535 2872 5597 τίνος
2915 5533 3102 5588 ἕνεκεν
3152 5534 3405 5604 είρηταις
3449 5536 3639 5608 ἐπειδὴ

2056 5621 2226 5692 χωρὶς
2257 5621 2542 5690 προοιμίου
2578 5620 2710 5672 αὐτὸ
2757 5621 3073 5690 εἰσήγαγον,
3119 5621 3318 5675 ταύτὸν
3359 5625 3598 5694 ποιήσας
3622 5666 3637 5686 .

2057 5704 2244 5775 ὥσπερ
2273 5705 2338 5758 ἂν
2375 5705 2427 5758 εί
2464 5721 2547 5767 τις
2583 5703 2870 5776 ἄνθρωπον
2911 5703 3176 5758 πάντοθεν
3219 5706 3530 5778 περιϐαλὼν
3561 5709 3642 5768 εἰς

2059 5789 2116 5842 τδ
2157 5790 2378 5862 θέατρον
2403 5789 2705 5858 εἰσαγάγοι.
2733 5789 2872 5862 Φέρε
2899 5784 3016 5853 οὖν,
3051 5789 3218 5844 αὑτὸν
3255 5789 3440 5844 λοιπὸν
3470 5791 3642 5842 ἐκκα-
