4060 6252
373 414 474 470 157

369 537 521 588 erat.
557 525 766 596 quando
791 523 855 578 de
895 522 1198 578 nominibus
1223 518 1652 580 disserebamus,
1683 513 1961 586 qmereba-

371 633 599 687 musque
633 632 727 670 cur
766 615 1052 684 aliquando
1091 613 1286 667 Saulus
1311 653 1327 677 ,
1377 621 1560 679 postea
1603 621 1732 661 vero
1773 605 1965 660 Paulus

380 718 599 762 vocatus
628 707 803 761 fuerit.
838 705 964 760 Inde
1003 719 1131 757 vero
1160 702 1390 771 digressi
1423 715 1606 754 sumus
1636 698 1703 751 ad
1733 707 1963 750 veterem

379 800 668 863 historiam,
690 812 982 866 omnesipre
999 798 1087 864 qui
1109 794 1423 865 cognomina
1443 793 1737 846 habuerant
1755 789 1962 844 exami-

375 892 636 944 navimus.
692 888 891 943 Deinde
931 887 1204 942 Simonem
1235 884 1771 938 oonunemoravirmts
1791 922 1805 945 ,
1837 896 1964 934 nec-

372 997 481 1034 non
509 979 778 1035 Christum
813 979 909 1048 ipsi
938 978 1227 1041 dicentem,
1260 974 1335 1027 Tu
1354 991 1411 1028 es
1434 973 1614 1029 Simon
1638 973 1777 1040 ﬁlius
1805 970 1962 1035 Jona,

371 1081 426 1123 tu
475 1071 729 1125 vocaberis
776 1068 995 1136 Cepltas,
1036 1067 1172 1136 quod
1214 1073 1284 1119 est
1326 1066 1705 1134 interpretatum
1757 1062 1963 1116 Petrus.

333 1158 344 1173 ⁸
381 1162 570 1216 Viden’
599 1178 703 1230 quo
729 1169 884 1230 pacto
911 1157 962 1213 id
992 1157 1132 1226 qtmd
1163 1155 1474 1210 dillicultate
1499 1153 1713 1224 plennrn
1745 1151 1964 1206 videba-

372 1264 481 1320 tttr,
506 1268 645 1307 nunc
659 1253 837 1305 notius
853 1249 1116 1304 evaserit?
1132 1245 1590 1315 Quemadmodum
1607 1243 1750 1298 enim
1772 1256 1967 1310 corpus

373 1348 546 1414 rapite
565 1385 580 1412 ,
618 1346 774 1398 arbor
801 1343 1010 1408 radice,
1049 1352 1103 1395 et
1131 1340 1324 1394 llmnen
1370 1339 1516 1391 ﬁnite
1546 1336 1777 1404 indiget,
1807 1336 1884 1388 sic
1910 1343 1967 1388 et

373 1441 546 1491 oratio
576 1435 852 1506 procemio.
885 1435 1064 1503 Itaque
1085 1448 1206 1487 cum
1238 1445 1333 1483 vos
1364 1431 1414 1484 in
1455 1430 1550 1482 vim
1594 1415 1802 1482 initium
1832 1441 1966 1478 con-

373 1529 740 1590 stituerimus,
787 1535 839 1579 ct
884 1522 1322 1592 consequentiam
1381 1519 1808 1584 ostenderimus,
1853 1517 1963 1586 ja'n

375 1621 614 1675 historiae
643 1620 959 1689 promrnium
989 1625 1288 1686 tangamus.

450 1713 553 1765 Cur
584 1710 751 1763 Paulo
783 1726 965 1763 nomen
995 1709 1055 1761 sit
1087 1717 1350 1760 mutatum.
1394 1705 1496 1760 Cur
1527 1723 1624 1759 non
1654 1705 1822 1759 statim
1855 1713 1966 1774 post

378 1805 750 1859 conversionem
779 1811 1022 1855 mutatum
1038 1801 1088 1854 ei
1116 1816 1297 1853 nomen
1318 1800 1572 1870 fuerit.——
1590 1796 1782 1852 Saulus
1802 1805 1968 1850 autem

379 1899 548 1951 adhuc
577 1897 779 1964 spirans
805 1895 1056 1948 minarum
1081 1903 1124 1946 ct
1153 1892 1303 1946 caulis
1337 1893 1388 1944 in
1434 1889 1708 1960 discipulos
1759 1883 1968 1939 Domini

383 1992 522 2062 (Aet.
558 1991 612 2044 9.
657 1989 729 2060 t).
764 1988 816 2042 In
834 1986 1086 2056 Epistolis
1117 1985 1311 2039 Paulus
1339 1992 1594 2036 vocatur:
1617 1996 1714 2035 cur
1741 1994 1870 2050 ergo
1895 1979 1967 2033 illi

383 2101 577 2138 nomen
600 2082 828 2138 mutavit
853 2079 1084 2151 Spiritus
1110 2077 1359 2132 sanctus?
1385 2071 1842 2142 Quemadmodum
1872 2070 1970 2125 hc-

379 2193 493 2240 rus,
537 2184 716 2243 empto
737 2187 928 2236 servo,
959 2179 1017 2224 ut
1045 2171 1117 2224 illi
1151 2168 1371 2236 herilem
1401 2174 1713 2236 potestatem
1741 2163 1968 2231 indicet,

376 2269 494 2334 ejus
521 2282 716 2320 nomen
749 2273 917 2318 mutat
945 2283 958 2318 :
985 2263 1053 2316 ita
1078 2270 1132 2316 et
1161 2260 1390 2330 Spiritus
1422 2267 1639 2314 sanctus
1672 2268 1797 2312 tunc
1823 2255 1966 2310 fecit.

377 2360 454 2412 Ex
483 2356 792 2426 captivitate
827 2369 1058 2423 namque
1086 2353 1307 2407 Paulum
1347 2359 1660 2418 acceperat,
1705 2357 1759 2404 et
1803 2362 1972 2416 nuper

379 2453 468 2506 ille
502 2459 618 2504 erat
662 2447 751 2502 tali
800 2445 1036 2498 dominio
1084 2443 1372 2513 subjectus.
1432 2441 1555 2496 ldeo
1603 2441 1720 2509 ejus
1774 2455 1969 2493 nomen

379 2541 604 2597 mutavit
629 2583 643 2602 ,
689 2549 745 2592 ut
778 2537 900 2592 inde
943 2537 1030 2590 ille
1055 2535 1345 2589 dominium
1374 2533 1654 2587 edisceret.
1683 2531 1967 2585 Nominum

377 2635 575 2704 quippe
619 2629 886 2700 impositio
914 2627 1134 2682 dominii
1164 2635 1246 2680 est
1274 2632 1647 2694 argumentum
1671 2621 1844 2692 :qund
1880 2635 1973 2690 pa-

381 2726 596 2778 larnest
643 2737 708 2777 ex
755 2722 819 2774 iis
849 2734 966 2789 qua":
1010 2717 1247 2788 quotidie
1291 2721 1589 2786 geruntur,
1636 2712 1971 2767 manifestius

379 2826 557 2869 mrtem
583 2812 692 2868 erit
733 2828 798 2866 ex
838 2811 902 2864 iis
926 2850 942 2872 ,
981 2823 1099 2878 qua:
1129 2809 1182 2861 in
1225 2805 1428 2860 Adamo
1472 2805 1596 2858 fecit
1638 2804 1796 2858 Deus.
1837 2800 1968 2856 Cum

378 2907 541 2960 vellet
583 2904 726 2960 enim
768 2903 914 2956 illum
955 2899 1186 2960 docere,
1236 2896 1375 2967 quod
1407 2897 1520 2965 ipse
1560 2907 1703 2949 esset
1731 2893 1970 2948 omnium

382 2998 628 3068 princeps
657 3004 712 3049 et
746 2993 1000 3047 dominus
1019 3031 1035 3056 ,
1067 2987 1290 3044 adduxit
1325 2987 1390 3040 ad
1417 3003 1539 3041 eum
1567 2985 1744 3040 omnia
1769 2981 1973 3038 anima-

382 3091 481 3154 lia,
518 3087 584 3142 Ut
607 3087 794 3140 videret
819 3083 939 3154 quid
969 3092 1164 3135 vocaret
1191 3096 1250 3134 ea
1274 3077 1422 3150 (Gen.
1451 3077 1506 3131 2.
1540 3077 1654 3143 l9),
1683 3075 1974 3131 ostendens

387 3183 658 3236 nomimtm
692 3177 1088 3248 impositionem
1118 3173 1412 3228 dominium
1450 3171 1789 3227 conﬁrmare.
1819 3168 1970 3238 Quod

385 3275 426 3326 si
456 3273 630 3326 velitis
649 3272 719 3325 ita
750 3283 961 3339 quoque
987 3267 1126 3336 apud
1155 3265 1399 3320 homines
1425 3264 1620 3318 factum
1649 3262 1812 3318 fuisse
1837 3277 1970 3317 con-

383 3364 622 3432 Spieere,
654 3361 986 3429 discereque,
1015 3359 1068 3412 in
1097 3371 1245 3412 more
1275 3357 1400 3411 olim
1432 3355 1742 3426 plerumque
1771 3354 1970 3420 luisse,

385 3465 443 3509 nt
475 3455 645 3509 servis
688 3453 739 3507 in
771 3451 1133 3521 captivitatem
1166 3448 1408 3502 abductis
1445 3446 1658 3500 nomina
1697 3455 1970 3498 mutaren-

385 3558 472 3602 tur
491 3590 505 3613 ,
534 3545 713 3600 audite
737 3543 862 3614 quid
889 3542 1074 3596 fecerit
1101 3557 1196 3595 rex
1228 3539 1661 3608 Babyloniorum.
1690 3536 1820 3590 Nam
1849 3551 1970 3590 cum

385 3638 681 3707 accepisset
722 3651 786 3690 ex
833 3634 1138 3703 captivitate
1169 3630 1430 3685 Ananiam
1451 3669 1466 3694 ,
1516 3628 1762 3682 Azariam
1789 3634 1846 3680 et
1873 3625 1970 3679 lili-

383 3731 582 3786 saelem
608 3772 624 3796 ,
667 3743 774 3783 non
802 3725 1016 3794 reliquit
1047 3726 1125 3778 eis
1152 3723 1329 3793 priora
1363 3720 1578 3774 nomina
1599 3761 1614 3785 ,
1642 3717 1738 3772 sed
1763 3717 1974 3771 vocavit

383 3839 498 3887 eos,
516 3821 734 3885 Sedrae,
748 3818 910 3872 Misac
926 3826 978 3871 et
994 3818 1030 3869 Α
1041 3811 1520 3883 bdenago(l)aniel.
1543 3811 1592 3864 1.
1613 3809 1757 3881 6.7).
1777 3808 1972 3864 Verum

382 3924 798 3986 qumuameausa
813 3907 1015 3961 luitcur
1031 3921 1135 3959 non
1152 3905 1330 3958 statim
1349 3901 1490 3956 Sauli
1511 3915 1702 3954 nomen
1722 3906 1971 3961 mutaret,

382 4007 477 4062 sed
507 4012 631 4076 post
659 4001 882 4056 multum
906 3998 1198 4067 temporis?
1221 3995 1352 4063 Quia
1389 3995 1432 4048 si
1467 3993 1644 4047 statim
1676 3999 1797 4060 pust
1826 3990 1973 4044 Pauli

382 4094 796 4155 conversionem
823 4091 989 4161 ipsius
1013 4103 1208 4142 nomen
1232 4093 1506 4148 mutaSset.
1528 4083 1808 4139 conversio
1827 4081 1974 4136 Pauli

387 4189 452 4242 ad
485 4187 645 4242 ﬁdem
693 4199 800 4238 non
835 4181 1020 4235 luisset
1059 4177 1359 4234 manifesta.
1410 4174 1608 4231 Verum
1640 4173 1782 4245 quod
1815 4174 1866 4227 in
1900 4174 1974 4227 fa.

388 4281 545 4334 mulis
589 4293 686 4332 usu
736 4275 919 4330 venire
963 4273 1144 4338 solet,
1187 4271 1275 4341 qui
1318 4269 1361 4324 si
1409 4270 1586 4323 statim
1633 4273 1752 4337 post
1798 4265 1973 4336 fugam

389 4370 600 4425 nomina
645 4374 881 4433 mutent,
922 4363 1119 4419 occulti
1167 4369 1413 4425 manent,
1459 4358 1690 4426 idipsum
1723 4357 1775 4410 in
1812 4356 1976 4410 l’anlo

388 4462 724 4530 contigisset;
756 4458 799 4513 si
830 4470 954 4511 mox
980 4497 995 4522 ,
1027 4463 1086 4508 ut
1113 4453 1315 4507 relictis
1342 4450 1540 4505 Judmis
1571 4449 1638 4503 ad
1671 4463 1770 4502 nos
1800 4447 1973 4512 venit,

389 4568 586 4608 nomen
617 4550 965 4614 mutavisset,
1007 4559 1167 4601 nemo
1208 4543 1453 4598 scivisset
1495 4556 1616 4595 eum
1663 4540 1752 4608 qui
1799 4553 1979 4608 perse-

390 4653 586 4715 quutor
614 4651 750 4708 erat,
780 4655 903 4696 esse
930 4636 1309 4706 evangelistam
1329 4675 1345 4700 ,
1376 4643 1430 4687 et
1456 4631 1752 4701 apostolum
1782 4627 1976 4682 factum

391 4751 528 4792 esse.
561 4734 696 4790 illud
721 4733 864 4788 enim
894 4729 1108 4785 Judaros
1137 4725 1453 4790 cohibebat,
1497 4721 1638 4792 quod
1676 4736 1833 4790 quem
1878 4720 1978 4774 do-

389 4841 592 4882 ctorem
627 4840 790 4896 penes
819 4840 878 4878 se
905 4822 1240 4883 habuerant,
1271 4826 1396 4870 tunc
1425 4812 1786 4868 adversarium
1816 4826 1980 4880 expc-

393 4921 646 4975 rirerrtnr.
689 4916 768 4971 Ne
803 4917 982 4984 itaque
1011 4911 1184 4968 subita
1217 4907 1448 4964 nominis
1475 4905 1699 4960 mutatio
1726 4903 1980 4974 propositi

394 5011 744 5066 mutationem
791 5007 1098 5075 obtegeret,
1152 5002 1319 5056 multo
1371 4999 1520 5054 illum
1572 5006 1814 5066 tempore
1861 5010 1982 5048 cum

395 5104 560 5174 priori
585 5100 799 5156 nomine
819 5097 1138 5167 reliquitzut
1153 5104 1434 5164 postquam
1460 5104 1648 5145 omnes
1674 5088 1985 5144 diczcissent

392 5211 515 5250 eum
541 5194 710 5263 ipsum
742 5205 880 5256 esse,
914 5189 1001 5258 qni
1034 5186 1326 5241 Eeclesiam
1355 5193 1509 5237 antea
1543 5180 1982 5254 persequebatur,

397 5299 524 5343 tunc
574 5303 630 5342 re
671 5285 920 5340 omnibus
957 5286 1266 5348 comperta,
1313 5290 1507 5330 nomen
1555 5283 1869 5329 mutaretur.
1922 5271 1988 5325 Et

397 5381 537 5452 quod
568 5381 680 5450 ipsa
714 5393 837 5433 vera
865 5376 936 5430 sit
963 5387 1153 5432 causa,
1181 5368 1303 5422 audi
1331 5369 1503 5435 ipsum
1534 5365 1832 5419 dicentem:
1864 5360 1988 5414 Veni

397 5451 450 5527 in
491 5481 656 5544 partes
695 5469 865 5540 Syria:
890 5477 934 5521 et
963 5463 1152 5521 Cilicia:
1175 5474 1448 5526 :eratnque
1478 5457 1680 5526 ignotus
1721 5453 1854 5524 facie
1885 5451 1987 5505 Ec-

399 5566 563 5622 clesiis
591 5562 826 5625 .ludu'w,
864 5574 977 5629 qua:
1015 5558 1070 5610 in
1112 5553 1393 5608 Palwstina
1436 5558 1552 5603 sunt
1615 5546 1758 5620 (Gal.
1795 5546 1841 5600 l.
1869 5545 1985 5616 21).

401 5658 550 5727 Quod
581 5657 624 5711 si
659 5652 914 5709 Ecclesiis
959 5647 1290 5712 Palaestinae,
1341 5642 1428 5696 ubi
1474 5641 1733 5710 degebat,
1780 5637 1988 5706 ignotus

401 5766 540 5818 erat,
569 5747 925 5814 multomagis
950 5745 1087 5799 aliis.
1123 5741 1298 5807 Eram,
1333 5739 1533 5808 inquit,
1581 5737 1781 5805 ignotus
1823 5732 1989 5803 facie,

406 5861 460 5906 at
486 5865 591 5903 non
621 5842 855 5900 nomine.
885 5839 1060 5908 Quare
1086 5837 1296 5907 ignotus
1320 5841 1432 5889 erat
1458 5829 1625 5886 facie?
1653 5827 1822 5882 Nemo
1845 5825 1986 5879 enim

1006 407 1093 462 DF.
1135 404 1474 462 FERENDIS
1509 397 1943 459 REPREIIENS.
1988 396 2074 454 ET
2117 397 2202 453 DE
2246 397 2504 455 MUTAT.
2546 395 2876 458 NOMINUM.
2923 401 3008 457 NI.
3559 402 3658 457 158

2075 528 2138 565 ex
2187 512 2428 567 ﬁdelibus
2459 513 2540 568 vel
2584 516 2850 583 reSpit-cre
2888 515 3060 584 ipsum
3105 515 3366 580 audebat,
3410 531 3529 571 eum
3561 535 3660 573 nos

2071 615 2400 672 Oppugnaret
2427 623 2442 658 :
2469 614 2609 659 tanta
2652 607 2831 671 ca3de,
2880 617 3028 661 tanto
3066 606 3242 662 lurore
3288 609 3476 677 plenus
3522 621 3657 664 erat.

2071 693 2431 760 Quamobrem
2485 711 2672 751 omnes
2722 697 3062 763 resiliebant,
3119 713 3308 753 omnes
3349 698 3658 770 fugiebant,

2070 787 2238 841 sicubi
2269 788 2645 842 adventantem
2683 790 2941 857 viderent,
2977 806 3147 862 neque
3178 793 3348 862 ipsum
3379 794 3460 847 vel
3488 796 3660 862 respi-

2070 890 2194 931 cere
2240 877 2508 931 audebant
2542 896 2556 932 :
2589 880 2660 932 ita
2710 895 2904 950 nempe
2948 880 3202 935 ell'eratus
3245 892 3429 936 contra
3479 883 3662 939 ﬁdeles

2073 975 2219 1030 erat;
2254 968 2302 1021 id
2334 984 2496 1021 urnrrn
2526 969 2843 1033 audiebant,
2873 986 2996 1025 eum
3023 973 3112 1042 qui
3140 973 3266 1026 olim
3297 979 3440 1043 ipsos
3478 990 3663 1043 perse-

2073 1059 2356 1126 quebatur,
2388 1075 2528 1115 nunc
2558 1061 2849 1129 prazdieare
2875 1061 3056 1129 ﬁdem,
3081 1080 3238 1134 quam
3267 1066 3391 1119 olim
3421 1066 3664 1123 devasta-

2074 1147 2182 1201 bat.
2215 1147 2477 1213 Quoniam
2527 1151 2686 1219 igitur
2728 1152 2796 1206 de
2836 1152 2970 1208 faeie
3007 1153 3178 1223 ipsum
3220 1169 3325 1208 non
3375 1169 3662 1220 noverant,

2073 1237 2168 1291 sed
2195 1253 2258 1291 ex
2288 1238 2470 1292 atrditu
2501 1249 2737 1308 tantum,
2768 1243 2810 1295 si
2843 1258 3036 1297 nomen
3066 1244 3244 1298 statim
3273 1255 3561 1314 mutasset,
3597 1265 3666 1303 ne

2075 1330 2108 1383 ii
2135 1331 2367 1401 quidem,
2395 1333 2484 1402 qui
2513 1334 2815 1395 audierant.
2839 1338 3209 1406 cognovissent
3233 1355 3378 1406 eum,
3398 1340 3484 1408 qui
3505 1340 3664 1395 ﬁdern

2074 1422 2510 1490 persequebatur,
2543 1439 2682 1479 mmc
2703 1426 3032 1494 evangelium
3060 1429 3366 1496 praedicare.
3402 1430 3664 1498 Quoniam

2071 1513 2213 1566 enim
2248 1515 2392 1582 prius
2423 1524 2679 1569 noverant
2709 1515 2880 1585 ipsum
2908 1519 3085 1571 vocari
3116 1518 3331 1572 Sauhrrn
3358 1563 3373 1584 ,
3414 1522 3456 1575 si
3481 1524 3662 1576 statim

2073 1614 2278 1660 fturtato
2322 1607 2541 1661 nomine
2589 1607 2784 1662 Paulus
2827 1607 3002 1663 dictus
3036 1609 3255 1676 fuisset,
3301 1613 3496 1668 deinde
3539 1630 3669 1670 vero

2071 1696 2285 1766 quidam
2315 1698 2442 1766 ipsis
2465 1701 2852 1766 renuntiasset,
2882 1701 3102 1756 Paulum
3129 1703 3216 1772 qui
3251 1705 3671 1775 persequebatur

2074 1790 2371 1844 Ecclesiam
2395 1832 2409 1856 ,
2455 1791 2566 1860 jam
2615 1791 2946 1861 evangelium
2980 1794 3300 1862 prmdicarc,
3332 1798 3666 1866 ignorassent

2074 1896 2141 1933 an
2171 1880 2459 1963 iderqipse
2489 1891 2630 1936 esset
2651 1923 2665 1948 ,
2698 1883 2819 1951 quia
2851 1883 2940 1937 ille
2969 1898 3073 1937 non
3107 1884 3328 1950 Paulus,
3354 1888 3446 1941 sed
3474 1888 3666 1943 Saulus

2076 1971 2384 2024 vocabatur.
2419 1970 2545 2026 Ideo
2572 1972 2717 2025 illum
2747 1972 2913 2026 multo
2944 1980 3183 2043 tempore
3213 1990 3331 2028 cum
3375 1977 3535 2046 priori
3570 1993 3669 2031 no.

2077 2062 2220 2116 mine
2246 2063 2478 2132 reliquit,
2505 2075 2560 2116 ut
2586 2064 2834 2118 onnribus
2859 2074 3002 2120 esset
3025 2066 3269 2122 ﬁdelilms
3296 2077 3473 2137 notus,
3500 2070 3664 2125 etiam

2078 2153 2162 2218 iis,
2195 2155 2281 2222 qui
2312 2154 2496 2223 procul
2520 2164 2693 2221 erant,
2722 2163 2906 2210 etnon
2937 2155 3108 2225 ipsum
3135 2157 3399 2212 viderant.

2146 2247 2200 2300 4.
2219 2245 2327 2300 Cur
2343 2262 2468 2318 ergo
2493 2262 2596 2302 non
2625 2249 2802 2302 statim
2823 2244 2939 2318 c‘jus
2957 2264 3148 2304 nomen
3167 2259 3423 2306 mutatum
3447 2253 3534 2317 sit,
3557 2252 3665 2323 jam

2076 2335 2205 2390 satis
2234 2336 2656 2392 demonstratum
2685 2348 2786 2392 est.
2820 2339 3009 2406 Opera:
3036 2340 3260 2408 pretium
3281 2341 3391 2410 jam
3427 2342 3579 2398 fuerit
3613 2354 3670 2399 ut

2077 2428 2284 2481 initium
2315 2430 2579 2484 sermonis
2609 2441 2933 2498 repetamus.
2959 2431 3152 2486 Saulus
3177 2443 3343 2487 autem
3368 2435 3539 2488 adhuc
3558 2437 3666 2506 spi-

2075 2526 2195 2564 rans
2215 2513 2468 2565 minarum
2484 2523 2529 2566 et
2559 2515 2711 2567 credis
2735 2515 2788 2567 in
2813 2514 3088 2584 discipulos
3119 2516 3323 2570 Domini
3339 2518 3473 2586 (Act.
3506 2519 3559 2574 9.
3587 2521 3662 2592 1).

2075 2601 2212 2667 Quid
2239 2603 2338 2656 sibi
2370 2605 2481 2656 vult
2507 2604 2630 2658 illud
2652 2645 2667 2669 ,
2711 2604 2921 2658 adhuc?
2948 2604 3082 2672 Quid
3117 2617 3270 2661 antea
3314 2606 3458 2676 fecit,
3504 2619 3560 2663 ut
3588 2611 3670 2664 di-

2073 2702 2191 2757 eat,
2219 2693 2426 2748 adhuc?
2474 2693 2608 2748 Nam
2653 2695 2803 2760 illtrd,
2852 2697 3038 2758 adhuc,
3088 2696 3154 2752 de
3187 2697 3401 2754 homine
3449 2701 3660 2760 dicitur.

2073 2785 2163 2854 qui
2193 2794 2352 2839 antea
2404 2787 2569 2839 multa
2617 2788 2756 2841 mala
2794 2786 3004 2842 fecerit.
3031 2788 3166 2855 Quid
3197 2805 3326 2859 ergo
3366 2790 3520 2846 fecit?
3557 2793 3669 2847 Imo

2075 2877 2200 2946 quid
2222 2917 2238 2942 ,
2266 2893 2469 2946 qumso,
2503 2893 2608 2932 non
2639 2879 2760 2934 mali
2791 2879 2952 2934 fecit?
2978 2879 3246 2949 Sanguine
3271 2883 3494 2952 replevit
3518 2883 3669 2938 Jero-

2077 2967 2302 3039 solyma,
2325 2967 2509 3022 ﬁdeles
2535 2969 2830 3035 interiecit,
2869 2970 3163 3025 Ecclesiam
3187 2971 3512 3040 devastabat,
3542 2989 3670 3043 apo-

2077 3063 2244 3115 stolos
2274 3061 2709 3130 persequebatur,
2741 3062 3070 3131 Stephanum
3109 3064 3332 3123 occidit;
3367 3079 3470 3119 non
3517 3067 3670 3133 viris,

2079 3170 2184 3208 non
2235 3153 2548 3208 mulieribus
2580 3154 2850 3224 parcebat.
2899 3155 3036 3209 Audi
3077 3155 3396 3227 discipulum
3427 3178 3440 3212 :
3475 3157 3668 3214 Saulus

2075 3258 2242 3301 autem
2269 3248 2555 3302 detrectabat
2602 3246 2902 3310 Ecclesium,
2942 3249 2994 3300 in
3017 3248 3192 3303 domos
3219 3251 3525 3320 ingrediens,
3551 3261 3662 3305 tra-

2077 3341 2199 3394 hens
2227 3340 2359 3392 viros
2386 3348 2432 3393 et
2461 3339 2693 3392 mulieres
2719 3338 2854 3409 (Act.
2879 3337 2930 3392 8.
2962 3338 3044 3410 5).
3072 3337 3186 3393 Non
3232 3339 3304 3393 illi
3338 3339 3509 3394 forum
3535 3340 3666 3393 satis

2075 3445 2224 3498 erat,
2253 3431 2348 3486 sed
2376 3432 2427 3484 in
2454 3431 2644 3485 domos
2675 3428 2938 3484 insiliebat
2971 3447 2983 3481 :
3019 3429 3086 3482 In
3125 3431 3301 3484 domos
3344 3431 3664 3501 ingrediens,
3713 3427 3728 3441 κ

2077 3524 2173 3576 ait.
2205 3521 2386 3590 Neque
2411 3520 2574 3585 dixit,
2625 3518 2856 3581 ducens,
2903 3518 2987 3572 vel
3016 3518 3250 3572 evellens
3280 3519 3420 3572 viros
3445 3535 3508 3572 ac
3546 3535 3668 3572 tnu-

2080 3613 2272 3676 lieres;
2303 3611 2396 3665 sed
2421 3652 2437 3676 ,
2485 3609 2711 3663 Trulteus
2749 3609 2882 3662 viros
2915 3625 2974 3661 ac
3015 3609 3248 3661 mulieres
3267 3624 3286 3662 :
3309 3623 3370 3662 ac
3395 3608 3438 3662 si
3466 3609 3530 3663 de
3559 3609 3667 3664 fera

2080 3707 2391 3776 loqueretur
2416 3721 2429 3756 :
2481 3702 2706 3756 Tro/rens
2736 3701 2868 3754 viros
2897 3717 2956 3754 ac
2983 3701 3216 3754 mulieres
3233 3718 3251 3766 ;
3277 3716 3380 3754 non
3413 3701 3556 3756 viros
3578 3716 3668 3756 s0—

2081 3799 2226 3864 lum,
2255 3797 2348 3852 sed
2374 3796 2534 3851 etiam
2562 3794 2837 3849 mulieres.
2867 3791 3051 3862 Neque
3093 3801 3334 3846 naturam
3379 3793 3666 3847 revereba-

2084 3902 2187 3956 tur,
2221 3905 2392 3959 neque
2417 3903 2578 3942 sexus
2600 3885 2972 3946 miserebatur,
3005 3898 3180 3952 neque
3209 3882 3279 3936 ob
3305 3883 3664 3936 inﬁrmitatem

2084 3981 2439 4052 frangebatur.
2473 3978 2603 4032 cho
2645 3989 2908 4044 namque,
2956 3988 3060 4027 non
3106 3971 3284 4027 furore
3311 3982 3523 4039 motus,
3568 3974 3668 4028 hoc

2082 4075 2289 4143 agebat.
2318 4071 2442 4125 ldeo
2463 4069 2629 4123 Judmi
2658 4067 2762 4121 hoe
2787 4066 2958 4136 ipsum
2984 4064 3271 4130 facientes,
3299 4063 3671 4119 criminatione

2081 4163 2255 4233 digni,
2289 4161 2374 4214 hic
2399 4168 2583 4214 contra
2617 4156 2667 4212 id
2693 4172 2855 4226 agens
2876 4197 2892 4223 ,
2923 4155 3075 4209 venia
3101 4154 3294 4224 dignus
3321 4163 3422 4208 est.
3459 4155 3666 4208 Etenim
3735 4143 3738 4146 ’

2082 4256 2201 4311 illos
2229 4255 2403 4325 palam
2435 4261 2552 4307 erat
2575 4250 2793 4306 honoris
2820 4259 2874 4304 et
2905 4248 3076 4303 inanis
3101 4248 3240 4318 apud
3271 4247 3462 4318 vulgus
3486 4249 3671 4319 gloria:

2082 4363 2241 4402 causa
2282 4345 2409 4400 illud
2450 4359 2644 4414 agere;
2697 4341 2786 4396 hic
2827 4355 2955 4395 vero
2984 4355 3173 4404 secus,
3225 4339 3319 4395 sed
3379 4340 3496 4393 zelo
3547 4355 3671 4409 erga

2085 4443 2250 4496 Deum
2301 4445 2606 4508 perrnotns,
2663 4435 2762 4488 etsi
2831 4448 2940 4487 non
3011 4432 3304 4486 secundum
3368 4434 3670 4488 scientiam.

2085 4529 2445 4600 Quamobrem
2493 4525 2604 4592 illi,
2635 4524 2838 4578 relictis
2861 4523 3205 4590 mulieribus,
3231 4524 3374 4577 viros
3397 4524 3677 4595 impugna-

2086 4624 2232 4688 bant,
2273 4621 2395 4692 quia
2422 4620 2472 4673 in
2505 4618 2627 4672 illos
2655 4615 2880 4686 gloriam
2918 4628 3070 4668 suam
3097 4614 3351 4668 transisse
3379 4615 3622 4670 vidcharrt
3656 4632 3672 4668 :

2088 4717 2175 4772 hic
2202 4725 2376 4770 autem
2403 4754 2418 4776 ,
2469 4719 2655 4780 utpote
2680 4707 2794 4762 zelo
2833 4706 3174 4770 stimulante,
3225 4705 3502 4760 universos
3539 4707 3672 4760 ado-

2090 4808 2347 4862 riebatur.
2377 4804 2502 4856 llzec
2527 4815 2709 4853 secum
2741 4796 2917 4852 omnia
2951 4805 3204 4865 reputans
3233 4795 3427 4861 Lucas,
3459 4795 3674 4850 videns-

2089 4916 2194 4971 que
2223 4899 2370 4953 illum
2425 4893 2658 4949 nondum
2692 4905 2813 4945 esse
2842 4888 3088 4943 satiatum
3117 4929 3131 4952 ,
3159 4887 3371 4941 dicebat
3413 4905 3427 4940 :
3485 4887 3680 4940 Saulus

2092 5000 2260 5044 autem
2307 4987 2475 5040 adhuc
2501 4983 2704 5053 spirans
2732 4979 2983 5033 minarum
3030 4989 3075 5031 et
3117 4977 3271 5031 credis
3321 4977 3372 5030 in
3401 4975 3683 5047 discipulos

2093 5079 2321 5136 Domini.
2374 5076 2488 5131 Non
2519 5072 2729 5126 satiavit
2755 5086 2876 5124 eum
2904 5069 3079 5125 emdes
3107 5067 3396 5138 Stephani,
3428 5082 3532 5122 non
3563 5068 3676 5137 ejus

2094 5171 2328 5242 explevit
2353 5168 2588 5222 animant
2642 5163 2982 5234 persequutio
3013 5160 3297 5228 Ecclesiae;
3330 5160 3424 5215 sed
3453 5161 3680 5215 ulterius

2095 5263 2464 5337 procedebat:
2513 5275 2685 5329 neque
2734 5255 2942 5312 furcndi
2997 5255 3155 5310 ﬁnem
3215 5255 3486 5309 iaciebat:
3532 5255 3680 5308 zelus

2095 5359 2289 5429 quippe
2316 5363 2449 5409 erat.
2495 5351 2600 5408 Sed
2652 5365 2822 5418 nuper
2869 5362 3115 5403 reversus
3140 5362 3170 5400 a
3213 5346 3359 5400 caede
3386 5344 3681 5413 Stephani,

2096 5449 2366 5523 apostolos
2411 5446 2861 5518 persequebatur;
2918 5442 3255 5511 idipsumqne
3307 5437 3566 5505 iaciebat,
3621 5454 3685 5493 ac

2098 5544 2142 5598 si
2196 5539 2316 5610 quis
2368 5538 2523 5608 lupus
2574 5536 2802 5591 smviens
2855 5533 2906 5586 in
2969 5531 3110 5585 ovile
3172 5528 3477 5598 ingressus,
3534 5537 3686 5597 rapto

2097 5650 2236 5704 agno
2259 5676 2273 5698 ,
2302 5647 2504 5702 oreque
2533 5630 2801 5698 discerpto
2820 5667 2835 5690 ,
2865 5641 2929 5679 ex
2981 5625 3081 5679 hoc
3122 5631 3275 5692 raptu
3306 5621 3531 5677 ferocior
3556 5638 3684 5676 eva-

2098 5725 2270 5780 deret.
2334 5723 2408 5778 lta
2461 5730 2515 5776 et
2541 5719 2736 5775 Paulus
2791 5716 3154 5785 apostolorum
3189 5713 3412 5766 chorum
3461 5713 3683 5768 invasit,

2101 5818 2330 5888 indeque
2361 5815 2532 5886 rapuit
2558 5825 2749 5883 agnum
2778 5806 2970 5862 Christi
3003 5804 3349 5874 Stephanum,
3374 5814 3544 5868 eoque
3571 5799 3684 5853 dis»
