4060 6252
351 369 373 419 ί
384 368 451 418 7:9

348 495 571 549 cerpto,
620 478 719 533 hac
746 475 892 532 ca-dc
933 474 1158 528 ferocior
1208 472 1391 526 evasit.
1425 471 1713 541 Propterea
1769 470 1929 536 dicit,

347 572 534 625 adhuc.
566 567 818 639 Quamvis
845 566 995 635 cujus
1017 565 1250 618 animum
1282 578 1387 617 non
1410 561 1725 632 explevisset
1755 559 1934 616 caules

348 661 876 734 hujusmodi?qucm
927 674 1032 712 non
1083 657 1345 729 placasset
1380 652 1730 709 mansuetudo
1779 653 1930 722 ejus,

345 758 436 830 qui
467 755 843 819 occidebatur;
875 753 1142 822 verbaque
1170 751 1286 821 ejus
1305 791 1320 815 ,
1351 749 1440 819 qui
1472 747 1733 817 lapidibus
1771 747 1932 802 obru-

342 854 432 902 tus
452 861 549 918 pro
572 844 929 914 lapidantibus
956 842 1037 897 sic
1078 840 1434 912 precabatur:
1461 837 1706 901 Domine,
1741 835 1929 905 inquit,

340 957 409 1000 ne
434 948 628 995 statuas
648 938 748 991 illis
778 936 874 990 hoc
903 944 1166 1007 peccatum
1190 931 1322 1004 (Act.
1354 932 1406 984 7.
1441 928 1574 999 59)?
1598 929 1725 983 Ideo
1753 943 1935 998 persee

343 1043 538 1101 quutor
563 1029 735 1085 factus
760 1037 841 1082 est
858 1026 1202 1097 evangelista.
1228 1024 1357 1078 Nam
1385 1022 1563 1077 statim
1591 1030 1710 1092 post
1730 1020 1931 1075 caedem

347 1123 432 1178 hic
461 1135 754 1177 conversus
778 1128 888 1183 est,
923 1117 1061 1172 illius
1090 1131 1273 1171 vocem
1301 1114 1502 1169 audivit
1528 1113 1686 1167 Deus.
1723 1112 1932 1165 Etenim

348 1212 536 1283 dignus
561 1220 678 1266 erat
718 1209 1020 1279 Stephanus
1048 1206 1137 1277 qui
1167 1206 1440 1266 audiretur
1464 1212 1576 1258 tum
1604 1212 1822 1272 propter
1851 1200 1933 1256 fu,

343 1319 515 1359 turam
544 1302 691 1358 Pauli
719 1303 966 1357 virtutem
987 1341 1003 1364 ,
1036 1310 1146 1354 tum
1175 1306 1393 1368 propter
1423 1295 1688 1366 prepriam
1717 1294 1931 1350 confes.-

342 1401 549 1454 sioncm
584 1415 597 1451 :
630 1396 877 1461 Domine,
908 1411 969 1447 ne
994 1402 1191 1447 statuas
1231 1391 1335 1447 illis
1368 1390 1463 1444 hoc
1509 1399 1786 1457 peccatum.
1820 1390 1929 1441 Au-

342 1490 492 1544 diaut
548 1488 637 1556 qui
690 1486 935 1540 inimicos
981 1483 1208 1543 habent.
1240 1481 1328 1551 qui
1362 1480 1553 1550 injuria
1604 1478 1929 1534 afﬁciuntur.

347 1585 457 1638 Etsi
501 1582 642 1637 enim
697 1587 949 1633 sexcenta
992 1575 1173 1645 gravia
1218 1572 1468 1643 patiaris.
1517 1571 1752 1626 nondum
1801 1570 1932 1640 lapi-

343 1678 502 1733 datus
544 1690 641 1739 es,
681 1669 1126 1743 quemadmodum
1155 1667 1479 1736 Stephanus.
1538 1665 1602 1720 Et
1632 1663 1753 1719 vide
1798 1662 1925 1733 quid

345 1770 542 1824 factum
582 1768 669 1821 sit.
719 1763 1104 1820 Obstruebatur
1163 1760 1281 1815 fons
1323 1762 1511 1814 unicus
1556 1757 1841 1827 Stephani,
1878 1764 1933 1811 et

343 1858 681 1929 aperiebatur
707 1856 863 1920 alius,
895 1869 962 1908 cx
991 1867 1097 1922 quo
1126 1852 1403 1924 innumera
1434 1848 1720 1925 manabaut
1749 1846 1926 1901 flumiq

343 1970 435 2008 na.
466 1953 749 2020 Postquam
789 1947 932 2002 enim
976 1946 1123 2001 siluit
1162 1958 1225 1999 os
1268 1942 1560 2013 Stephani,
1586 1957 1712 1996 mox
1750 1940 1931 1995 sonuit

342 2043 467 2099 tuba
496 2041 667 2096 Pauli.
701 2039 791 2094 Sic
818 2050 1104 2107 numquam
1150 2035 1292 2089 Deus
1329 2032 1655 2100 derelinquit
1675 2045 1842 2100 usque
1873 2029 1927 2083 in

343 2136 505 2191 ﬁnem
556 2132 623 2187 ad
650 2146 710 2187 se
753 2137 1064 2194 currentes,
1120 2126 1216 2182 sed
1269 2124 1409 2179 dona
1446 2122 1647 2193 prmbet
1688 2121 1926 2189 majora,

340 2239 498 2295 quam
522 2222 588 2278 ab
617 2220 845 2276 inimicis
870 2218 1198 2273 auferantur.
1236 2214 1352 2269 Non
1379 2213 1520 2267 cnim
1561 2211 1637 2266 illi
1674 2210 1832 2266 talem
1863 2210 1931 2262 ab

342 2316 579 2374 exercitu
624 2314 898 2384 ejecerunt
931 2309 1189 2372 militem,
1230 2305 1439 2376 qualem
1493 2304 1547 2359 in
1594 2301 1709 2371 ejus
1751 2301 1930 2355 locum

342 2407 550 2464 induxit
572 2406 840 2460 Christus.
872 2400 1065 2457 Saulus
1082 2407 1250 2451 autem
1276 2396 1466 2449 adhuc.
1496 2391 1654 2447 Aliud
1678 2388 1930 2461 quiddam

342 2499 604 2570 signiﬁcat
633 2496 761 2550 illud
781 2536 797 2561 ,
820 2494 987 2547 adhuc
1005 2510 1024 2546 :
1053 2490 1333 2552 videlicet,
1357 2487 1507 2541 illum
1534 2483 1708 2538 adhuc
1739 2481 1927 2536 furen-

344 2602 473 2656 tem,
497 2589 672 2643 adhuc
701 2586 1068 2649 ferocientem,
1089 2581 1263 2636 adhuc
1285 2579 1334 2634 vi
1366 2578 1561 2633 furoris
1582 2580 1926 2639 commotum,

342 2682 520 2738 adhuc
546 2679 693 2734 crede
743 2676 1034 2732 ferventem
1063 2673 1279 2728 attraxit
1324 2669 1588 2724 Christus.
1623 2666 1738 2721 Non
1788 2665 1931 2720 enim

342 2772 670 2843 exSpectavit
697 2770 871 2826 donec
900 2775 1138 2824 cessaret
1177 2761 1436 2834 :rgritudo
1456 2803 1472 2828 ,
1504 2760 1935 2830 exstinguerctur

344 2866 581 2929 morbus,
611 2862 1044 2931 mansuetiorque
1070 2859 1225 2913 ﬁeret
1256 2855 1341 2910 ille
1370 2855 1450 2909 sic
1474 2852 1747 2913 efferatus.
1774 2860 1828 2907 et
1856 2851 1935 2906 sic

345 2958 491 3014 illum
531 2954 824 3010 attraheret
856 2970 869 3008 :
897 2966 1079 3007 verum
1103 2949 1154 3003 in
1180 2948 1296 3018 ipsa
1329 2946 1526 3000 furoris
1552 2945 1601 2998 vi
1631 2944 1803 3014 ipsum
1838 2956 1933 2998 cet-

345 3049 443 3118 pit,
476 3058 532 3103 ut
560 3045 869 3101 ostenderet
905 3042 1196 3112 potentiam
1243 3051 1425 3103 suam,
1476 3035 1618 3106 quod
1657 3035 1711 3090 in
1757 3033 1935 3089 medio

347 3143 563 3205 lurore,
597 3144 855 3193 aestuante
908 3135 1121 3198 animo,
1175 3138 1613 3203 persequutorem
1643 3128 1831 3183 vicerit
1872 3135 1929 3182 et

347 3230 638 3300 subegerit.
674 3228 882 3283 Etenim
909 3225 1172 3281 medicum
1193 3231 1318 3276 tunc
1347 3220 1695 3285 admiramur,
1724 3216 1938 3288 quando

349 3323 539 3378 febrim
565 3320 977 3375 invalescentem
1020 3323 1075 3372 et
1098 3313 1393 3369 ferventem
1411 3313 1464 3367 in
1485 3327 1698 3368 summo
1729 3313 1938 3368 fervore

347 3415 687 3484 exstinguere
711 3422 762 3467 et
784 3410 997 3482 penitus
1021 3407 1207 3463 sedare
1240 3415 1416 3476 potest
1443 3423 1455 3458 :
1487 3404 1631 3475 quod
1658 3412 1712 3459 et
1732 3409 1782 3458 in
1800 3404 1939 3459 Pau-

349 3506 404 3560 lo
444 3503 640 3559 factum
662 3511 762 3557 est.
794 3501 847 3555 In
865 3501 973 3570 ipsa
1003 3498 1200 3569 quippe
1227 3494 1455 3550 flamma:
1478 3493 1810 3550 vehementia
1834 3509 1937 3548 Vox

351 3597 583 3662 Domini,
610 3611 708 3651 ceu
736 3606 827 3649 ros
853 3605 1084 3661 superne
1120 3604 1370 3653 manans,
1423 3588 1597 3657 ipsum
1626 3587 1813 3642 morbo
1840 3601 1937 3656 ρετ

349 3691 493 3745 nitus
515 3686 777 3742 liberavit.
805 3684 998 3739 Saulus
1026 3692 1195 3736 autem
1246 3680 1416 3733 adhuc
1435 3679 1641 3748 spirans
1686 3678 1938 3730 minarum

350 3790 398 3836 et
452 3780 606 3834 aedis
653 3780 706 3832 in
756 3776 1037 3846 discipulos
1101 3773 1357 3840 Domini,
1390 3772 1590 3827 dimisit
1641 3770 1938 3826 multitudi-

352 3886 496 3937 nem,
524 3878 580 3925 et
603 3867 797 3923 deinde
842 3866 895 3921 in
923 3867 1190 3936 principes
1221 3864 1476 3932 impetum
1499 3860 1644 3917 fecit.
1672 3859 1939 3929 Quemad-

351 3962 565 4017 modum
593 3962 735 4016 enim
764 3959 831 4023 is,
860 3958 950 4029 qui
978 3958 1227 4012 arborem
1252 3955 1365 4009 vult
1393 3955 1728 4022 exscindere,
1755 3954 1940 4010 dimis-

346 4056 426 4118 sis
450 4054 615 4109 ramis
636 4094 651 4119 ,
686 4051 919 4106 radicem
948 4057 1097 4103 secat
1122 4066 1134 4100 :
1160 4048 1238 4100 sic
1267 4056 1321 4100 et
1348 4046 1437 4101 ille
1461 4046 1750 4114 discipulos
1775 4046 1940 4100 ador-

349 4158 438 4204 tus
462 4155 565 4209 est,
588 4144 728 4214 quod
757 4142 990 4196 radicem
1014 4137 1412 4207 praedicationis
1433 4152 1675 4191 resecare
1696 4147 1935 4205 cuperet.

424 4237 679 4304 Martyres
708 4233 938 4301 palmites
960 4246 1023 4284 ea:
1047 4228 1248 4284 Christo
1278 4245 1367 4283 ceu
1391 4229 1563 4282 radice
1604 4229 1932 4300 pullulantes.

351 4324 702 4389 Conversionis
737 4319 889 4386 Pauli
915 4319 1114 4374 modus.
1141 4349 1213 4361 --
1238 4319 1435 4374 Verum
1458 4336 1564 4375 non
1601 4331 1753 4374 erant
1778 4320 1942 4376 disci-

353 4420 462 4490 puli
485 4417 637 4472 radix
665 4413 1085 4485 priedicationis,
1109 4412 1203 4467 sed
1237 4411 1619 4482 di~cipulorum
1657 4413 1935 4470 Dominus.

352 4509 710 4578 Quamobrem
739 4505 951 4560 dicebat
986 4505 1075 4561 ille
1105 4521 1118 4557 :
1153 4502 1264 4575 Ego
1286 4521 1398 4558 sum
1426 4504 1571 4568 vitis,
1599 4521 1687 4559 vos
1708 4505 1938 4575 palmites

354 4599 532 4672 (Joan.
564 4599 649 4653 l5.
683 4596 761 4669 5).
797 4596 889 4651 llla
918 4611 1046 4651 vero
1088 4595 1236 4651 radix
1274 4595 1697 4665 inexpugnabilis
1723 4604 1824 4650 est.
1855 4595 1938 4650 ld—

350 4693 494 4763 εῇητο
516 4698 716 4762 quanto
738 4688 919 4759 plures
942 4689 1258 4743 resecabaut
1291 4687 1535 4757 palmites
1550 4727 1566 4753 ,
1591 4697 1735 4741 tanto
1757 4686 1937 4756 plures

348 4796 404 4849 et
437 4786 667 4854 majores
710 4783 898 4836 iterum
947 4780 1295 4848 pullulahant.
1349 4780 1608 4834 Exsectus
1651 4778 1830 4849 itaque
1854 4789 1937 4834 est

350 4876 691 4947 Stephanus,
742 4883 797 4929 et
849 4871 1124 4941 pullulavit
1161 4871 1374 4937 Paulus,
1420 4886 1483 4925 ac
1533 4880 1795 4945 quotquot
1841 4886 1937 4940 per

349 4970 568 5030 Paulum
590 4968 953 5033 crediderunt.
985 4963 1206 5018 Factum
1232 4974 1303 5018 est
1329 4974 1498 5018 autem
1519 5005 1534 5031 ,
1566 4965 1770 5033 inquit,
1821 4981 1936 5019 cum

347 5061 773 5132 apprOpinquaret
799 5056 1071 5121 Damasco,
1096 5055 1258 5109 subito
1272 5055 1605 5124 circumfulsit
1626 5071 1739 5108 eum
1767 5054 1855 5108 lux
1874 5055 1937 5111 de

348 5152 508 5207 calo:
534 5160 579 5203 et
600 5148 785 5205 cadens
810 5149 863 5201 in
894 5157 1110 5213 terram,
1133 5147 1322 5200 audivit
1339 5163 1506 5203 vocem
1527 5148 1770 5201 dicentem
1796 5146 1889 5200 sibi
1915 5163 1935 5201 :

348 5244 529 5311 Saule,
550 5241 732 5307 Saule,
751 5239 966 5311 quidam
983 5239 1292 5309 persequeris
1322 5240 1455 5307 (Act.
1487 5238 1542 5293 9.
1574 5241 1627 5295 5.
1654 5239 1736 5310 4)?
1759 5239 1936 5307 Quare

347 5351 454 5391 non
472 5350 570 5391 vox
592 5334 737 5405 prius
751 5332 911 5388 allata
925 5338 1026 5395 est,
1044 5329 1140 5384 sed
1154 5332 1241 5384 lux
1259 5330 1403 5398 prius
1419 5330 1937 5386 circumfulsiteum?

348 5426 418 5483 Ut
438 5429 615 5497 quiete
643 5440 828 5481 vocem
847 5422 1076 5478 audiret.
1100 5420 1362 5490 Quoniam
1391 5423 1533 5475 enim
1562 5421 1606 5475 is
1633 5423 1719 5492 qui
1755 5424 1936 5478 animo

349 5516 629 5587 furoreque
678 5517 863 5587 plenus
918 5514 1151 5585 aliquam
1211 5528 1320 5569 rem
1383 5511 1645 5582 perﬁcere
1691 5523 1933 5581 conatur,

347 5610 553 5665 etiamsi
601 5609 866 5665 innumeri
904 5617 1130 5673 vocent,
1181 5621 1286 5662 non
1332 5621 1393 5662 se
1440 5608 1745 5674 convertit,
1794 5615 1935 5660 totus

346 5702 494 5774 operi
523 5701 759 5755 intentus
792 5718 807 5756 :
842 5716 912 5756 ne
941 5700 1170 5769 idipsum
1199 5701 1249 5753 in
1280 5699 1443 5754 Paulo
1471 5699 1735 5754 accideret
1755 5740 1769 5762 ,
1804 5714 1936 5753 neve

348 5795 440 5848 ille
466 5800 736 5864 gestarum
780 5806 956 5845 rerum
990 5791 1166 5847 furore
1194 5789 1375 5844 ebrius
1398 5804 1582 5844 vocem
1613 5804 1719 5843 non
1751 5789 1937 5844 adver-

1103 359 1159 412 S.
1200 356 1477 414 JOANNlS
1499 354 1978 413 CllRYSOSTOMl
2017 356 2334 416 ARClllEP.
2374 358 2909 415 CUNSTANTINOP.

3522 362 3626 418 «ω

2045 480 2181 527 teret
2200 514 2215 538 ,
2247 483 2339 528 aut
2366 489 2469 530 non
2495 476 2724 541 audiret,
2751 475 2931 529 animo
2952 474 3069 544 ejus
3100 483 3210 529 toto
3239 475 3308 530 ad
3345 475 3630 532 devastan-

2039 565 2165 619 dum
2193 565 2394 621 intento
2428 583 2442 621 :
2466 568 2746 622 exerceatis
2771 575 2896 621 ante
2924 581 3019 636 per
3038 566 3210 622 lucem
3235 567 3409 622 oculis
3427 609 3441 633 ,
3476 566 3630 622 seda-

2040 662 2200 724 toque
2227 656 2439 719 animo,
2492 658 2753 712 exstincta
2785 656 2931 711 omni
2971 656 3165 713 mentis
3192 656 3631 737 perturbatione,

2041 744 2284 816 factaque
2327 748 2527 819 ingenti
2558 748 2720 803 animi
2747 748 3164 819 tranquillitate,
3199 764 3387 804 vocem
3411 749 3628 817 emisit,

2040 844 2097 891 ut
2124 836 2328 907 dejecta
2360 839 2506 893 omni
2550 839 2887 909 arrogantia.
2925 839 3103 895 sobria
3126 849 3328 895 .mente
3355 839 3512 895 dictis
3538 848 3630 893 at-

2042 929 2305 985 tenderet.
2364 930 2553 999 Saule,
2612 932 2808 999 Saule,
2850 931 2973 1001 quid
3002 948 3081 986 me
3124 932 3436 1001 persequeris
3486 932 3626 1005 (Aet.

2039 1017 2093 1075 9.
2126 1019 2224 1090 4)?
2247 1019 2419 1076 Verba
2450 1037 2556 1077 non
2587 1031 2691 1077 tam
2725 1023 2996 1093 arguentis
3016 1064 3032 1087 ,
3063 1039 3222 1093 quam
3250 1038 3371 1079 sese
3395 1039 3627 1095 purgan-

2038 1112 2107 1165 tis
2137 1120 2277 1169 sunt.
2311 1113 2445 1178 Quid
2475 1131 2554 1169 me
2599 1116 2947 1185 persequeris?
3000 1115 3054 1172 In
3089 1132 3196 1186 quo
3223 1126 3313 1169 aut
3340 1132 3509 1186 parvo
3532 1127 3627 1178 aut

2037 1216 2231 1272 magno
2255 1217 2508 1259 accusare
2538 1220 2623 1260 me
2650 1208 2837 1274 potes?
2863 1205 2914 1260 in
2943 1221 3049 1275 quo
3078 1222 3107 1260 a
3140 1223 3226 1262 me
3247 1207 3407 1262 laesus
3436 1207 3628 1263 fuisti?

2036 1310 2103 1349 an
2134 1296 2277 1366 quod
2318 1308 2557 1353 mortuos
2587 1310 2792 1353 vestros
2821 1300 3225 1356 suscitaverim'i
3254 1316 3320 1354 an
3368 1301 3506 1371 quod
3540 1302 3624 1359 le-

2037 1400 2228 1456 prosos
2259 1389 2666 1452 mnmlaverim?
2692 1390 2833 1459 quod
2857 1390 3132 1445 daemones
3162 1389 3491 1461 fugaverunt
3515 1390 3624 1446 Sed

2039 1476 2158 1532 ideo
2183 1476 2407 1533 adorare
2449 1493 2535 1533 me
2555 1519 2571 1545 ,
2612 1494 2718 1533 non
2749 1479 2993 1549 persequi
3018 1481 3272 1550 Oportuit.
3309 1480 3373 1537 Ut
3392 1496 3519 1536 vero
3540 1480 3626 1535 di-

2037 1581 2154 1621 scas
2176 1569 2326 1634 illud,
2357 1569 2493 1636 Quid
2523 1586 2600 1623 me
2629 1571 2976 1646 persequeris?
2998 1586 3118 1626 sese
3146 1572 3420 1642 purgantis
3446 1572 3624 1641 potius

2037 1674 2157 1721 esse
2185 1677 2199 1712 :
2228 1660 2351 1716 audi
2380 1663 2648 1730 quomodo
2669 1664 2826 1718 Pater
2850 1666 2965 1733 ejus
2991 1665 3177 1720 iisdem
3210 1666 3384 1720 verbis
3408 1665 3624 1724 Judmos

2037 1751 2354 1821 alloquatur,
2400 1753 2859 1829 Quemadmodum
2908 1757 3053 1815 enim
3099 1755 3379 1822 hicdieit,
3424 1756 3621 1822 Saule,

2038 1841 2218 1907 Saule,
2246 1844 2368 1909 quid
2393 1862 2470 1900 me
2491 1847 2837 1916 persequeris?
2864 1847 2942 1902 sic
2965 1857 3019 1903 et
3044 1847 3135 1903 ille
3151 1847 3349 1904 Judwis
3370 1848 3580 1903 dicebat
3604 1866 3619 1902 :

2037 1932 2242 2004 Populo
2264 1953 2400 1991 meus
2420 1979 2434 2003 ,
2465 1937 2587 2007 quid
2614 1937 2712 2007 {cci
2760 1939 2848 1992 tibi
2870 1955 2890 2003 ,'
2914 1949 3001 1993 aut
3040 1940 3093 1994 in
3125 1956 3223 2010 quo
3259 1940 3547 1994 contristavi
3575 1950 3626 1999 te

2037 2025 2223 2095 (mea.
2247 2025 2299 2082 6.
2333 2027 2425 2098 3)?
2445 2027 2622 2094 Saule,
2657 2028 2837 2094 Saule,
2863 2031 2985 2100 quid
3012 2047 3089 2085 me
3114 2032 3459 2102 persequeris?
3484 2032 3624 2099 Ecce

2035 2118 2445 2189 supinusjaces,
2485 2135 2610 2181 ecce
2652 2121 2767 2176 sine
2810 2133 2997 2178 catena
3033 2124 3277 2194 alligatus
3311 2140 3391 2179 es.
3419 2125 3621 2192 Quem-

2034 2205 2321 2265 admodum
2366 2209 2521 2279 igitur
2544 2210 2588 2263 si
2624 2211 2787 2266 herus
2828 2226 3041 2267 servum
3078 2227 3221 2283 sazpe
3265 2215 3617 2286 transfugam,

2038 2298 2307 2368 multaque
2333 2310 2609 2369 Ope-ratum
2633 2303 2768 2355 mala
2787 2343 2801 2367 ,
2828 2303 3275 2373 comprehensum
3305 2314 3361 2361 et
3385 2307 3618 2365 vinetqu

2036 2391 2115 2447 sic
2138 2392 2455 2462 allaquatur,
2483 2392 2620 2461 Quid
2649 2393 2731 2449 vis
2753 2394 2845 2449 tibi
2876 2395 3065 2450 faciam
3086 2396 3110 2449 ?
3128 2412 3255 2452 cccc
3276 2398 3385 2466 jam
3415 2398 3479 2453 ad
3503 2413 3621 2454 mas

2037 2497 2139 2536 nus
2158 2485 2345 2537 venisti
2377 2501 2390 2537 :
2430 2485 2501 2544 ita
2530 2494 2586 2538 et
2620 2484 2863 2540 Christus
2906 2486 3125 2543 Paulum
3152 2499 3457 2560 correptum
3498 2505 3624 2567 pro-

2037 2586 2391 2648 stratumque,
2434 2588 2751 2641 trementcm
2792 2583 2978 2638 \‘idens
3007 2599 3069 2639 ac
3096 2585 3470 2642 formidantem
3490 2631 3505 2656 ,
3536 2589 3623 2643 ni-

2039 2667 2219 2738 hilque
2256 2672 2432 2725 lacere
2458 2672 2745 2739 valentem,
2770 2674 2849 2729 sic
2872 2674 3162 2745 alloquitur
3188 2694 3202 2731 :
3236 2676 3415 2741 Saule,
3442 2679 3619 2747 Saule,

2036 2760 2162 2829 quid
2208 2777 2285 2815 me
2328 2764 2679 2833 persequeris?
2734 2763 2998 2837 Quorsum
3058 2767 3145 2822 ille
3191 2766 3339 2822 furor
3393 2769 3626 2824 evadet?

2037 2867 2292 2933 quorsum
2347 2854 2598 2909 insania?
2656 2870 2910 2925 quorsum
2964 2857 3111 2912 zelus
3173 2859 3625 2930 intempestivus?

2039 2958 2295 3013 quorsum
2332 2945 2540 3000 vincula
2581 2955 2635 3000 et
2675 2945 3055 3003 circuitiones?
3090 2964 3346 3020 quorsum
3374 2951 3627 3008 elIeratus

2039 3034 2128 3095 ille
2151 3035 2399 3091 animus?
2421 3037 2541 3093 Jam
2571 3037 2858 3093 immobilis
2889 3041 3017 3101 eris.
3051 3056 3281 3112 eumque
3318 3058 3476 3114 quem
3507 3059 3629 3114 perv-

2040 3129 2313 3198 scqueris,
2347 3145 2415 3185 ne
2439 3130 2622 3186 videre
2664 3131 2878 3200 quidem
2923 3134 3124 3202 poteris
3153 3151 3166 3187 :
3194 3146 3245 3189 et
3269 3136 3356 3205 qui
3403 3135 3629 3193 festinus

2042 3220 2274 3290 undique
2301 3222 2760 3277 circumcursabas
2781 3264 2798 3289 ,
2835 3238 2976 3278 nunc
3023 3224 3250 3280 ducente
3277 3241 3411 3295 opus
3440 3227 3626 3282 habes.

2043 3309 2166 3364 ldco
2213 3325 2438 3381 namque
2482 3327 2623 3367 nunc
2673 3313 2805 3368 dicit
2848 3315 2935 3380 ei,
2987 3315 3122 3381 Quid
3148 3333 3228 3371 me
3276 3319 3631 3388 persequeris?

2041 3412 2101 3456 ut
2120 3403 2349 3458 disceret
2368 3404 2527 3458 etiam
2555 3404 2875 3474 praecedenti
2905 3414 3144 3475 tempore
3158 3408 3273 3477 ipso
3300 3409 3631 3464 concedente

2042 3494 2220 3553 omnia
2249 3495 2384 3550 facta
2403 3511 2556 3564 esse;
2589 3513 2762 3568 neque
2780 3498 2866 3553 illa
2891 3499 3213 3555 inﬁrmitatis
3237 3501 3397 3558 fuisse
3414 3543 3431 3567 ,
3456 3518 3631 3572 neque

2044 3587 2180 3654 hmc,
2203 3603 2323 3657 quae
2338 3589 2451 3659 jam
2480 3590 2686 3653 tierent,
2716 3589 3046 3645 crudelitatis
3093 3607 3250 3657 esse;
3281 3593 3376 3647 sed
3405 3594 3490 3649 illa
3520 3595 3631 3650 cle-

2043 3680 2276 3746 mentiaz,
2304 3680 2417 3734 haec
2440 3681 2806 3751 providentiae.
2829 3682 2962 3750 Quid
2993 3683 3149 3752 igitur
3165 3684 3378 3746 Paulus,
3408 3685 3533 3753 Quis
3555 3704 3628 3752 es,

2045 3769 2259 3827 Domine
2294 3771 2429 3841 (Act.
2462 3772 2514 3827 9.
2541 3772 2633 3843 5)?
2665 3771 2821 3827 Novit
2846 3773 3138 3831 dominium
3184 3790 3248 3829 ex
3283 3779 3634 3832 concessione

2043 3862 2132 3916 illa
2152 3904 2167 3928 ,
2201 3863 2447 3922 virtutem
2477 3879 2545 3919 ex
2596 3864 2835 3918 caecitate
2864 3865 3114 3935 praesenti
3146 3883 3159 3920 :
3189 3867 3403 3922 demum
3445 3880 3635 3938 poten—

2044 3956 2169 4008 tiam
2216 3953 2514 4010 coufitetur.
2569 3954 2694 4023 Quis
2722 3972 2796 4023 es,
2835 3955 3089 4020 Domine?
3134 3956 3378 4012 Vidistin‘
3423 3968 3632 4030 gratum

2043 4047 2325 4101 animum?
2362 4031 2592 4101 vidistin‘
2623 4058 2858 4107 mentem
2896 4049 3143 4105 libertate
3193 4051 3447 4120 plenam?
3489 4053 3627 4107 vidi-

2044 4140 2165 4193 Stin’
2190 4141 2568 4198 conscientiam
2590 4141 2892 4197 sinceram?
2915 4142 3029 4197 Non
3062 4146 3349 4201 reluctatus
3373 4157 3456 4203 est
3477 4191 3491 4215 ,
3525 4165 3630 4202 non

2042 4231 2343 4289 contendit:
2372 4231 2465 4286 sed
2496 4234 2673 4287 statim
2706 4234 2986 4289 Dominum
3016 4237 3249 4306 agnovit.
3282 4237 3398 4293 Non
3439 4254 3631 4311 quem-

2042 4322 2327 4377 admodum
2355 4323 2521 4378 Judzei
2542 4365 2558 4389 ,
2585 4341 2705 4380 cum
2753 4326 2997 4382 viderent
3047 4340 3287 4385 mortuos
3321 4333 3625 4399 suscitatus,

2042 4428 2213 4471 Circus
2243 4416 2413 4469 visum
2429 4416 2779 4485 recipientes,
2816 4418 3059 4487 leprosos
3088 4422 3404 4490 mundatos,
3434 4424 3628 4479 nedum

2042 4507 2107 4560 ad
2135 4515 2400 4562 tantarum
2422 4523 2599 4562 rerum
2626 4509 2872 4579 opiﬁcem
2890 4524 3256 4580 accurrerent,
3280 4516 3622 4573 seductorem

2042 4601 2201 4655 etiam
2248 4601 2395 4655 illum
2443 4586 2740 4666 vocabant,
2793 4618 3058 4673 omneque
3107 4605 3416 4669 insidiarum
3464 4623 3631 4679 genus

2043 4692 2373 4761 apparabant
2402 4707 2421 4748 ι
2451 4709 2553 4748 non
2584 4695 2663 4750 sic
2687 4696 2865 4763 utique
2904 4696 3119 4763 Paulus,
3149 4698 3244 4753 sed
3270 4701 3447 4754 statim
3501 4716 3632 4763 con—

2041 4799 2228 4838 versus
2269 4794 2370 4839 est.
2422 4785 2558 4852 Quid
2609 4786 2767 4856 igitur
2810 4787 3228 4861 ChristusiEgo
3273 4807 3387 4845 sum
3439 4790 3627 4860 Iesus,

2041 4893 2185 4945 quem
2213 4888 2264 4930 tu
2297 4880 2604 4949 persequeris
2632 4878 2842 4950 (1ὁίά.).
2873 4880 2982 4934 Cur
3011 4896 3116 4936 non
3146 4884 3300 4951 dixit,
3355 4884 3470 4954 Ego
3509 4901 3629 4942 sum

2040 4967 2218 5034 Iesus,
2241 4969 2331 5038 qui
2361 4972 2648 5035 resurrexi,
2680 4984 2780 5039 ego
2821 4985 2938 5024 sum
2971 4970 3147 5039 Jesus,
3173 4974 3264 5043 qui
3326 4974 3380 5029 in
3407 4975 3629 5032 dextera

2042 5058 2136 5113 Dei
2167 5058 2364 5125 sedeo,
2397 5060 2513 5124 sed,
2545 5059 2656 5130 Ego
2681 5078 2795 5119 sum
2819 5061 2993 5128 Jesus,
3030 5080 3178 5133 quem
3202 5074 3256 5119 tu
3284 5070 3637 5137 persequeris?

2041 5148 2113 5217 Ut
2139 5149 2254 5219 ejus
2286 5160 2519 5205 mentem
2573 5151 2924 5221 percelleret,
2977 5165 3035 5207 ut
3061 5154 3176 5228 ejus
3212 5156 3445 5219 animam
3485 5172 3635 5213 com-

2042 5251 2317 5312 pungerct.
2346 5243 2484 5298 Audi
2513 5244 2690 5315 itaque
2718 5244 2937 5305 Paulum
2963 5259 3081 5317 post
3108 5249 3330 5305 multum
3350 5252 3630 5322 temporis,

2043 5344 2163 5403 post
2216 5335 2491 5393 innumera
2546 5337 2803 5406 prwclare
2848 5349 3018 5408 gesta,
3062 5341 3163 5394 hoc
3201 5341 3580 5398 lamentantem
3616 5361 3630 5396 :

2043 5423 2154 5495 Ego
2172 5429 2327 5492 enim,
2356 5426 2544 5496 inquit,
2572 5443 2683 5482 sum
2726 5428 2963 5484 minimus
2992 5430 3337 5501 apostolorum
3355 5474 3374 5501 ,
3413 5434 3501 5504 qui
3530 5451 3633 5489 non

2039 5534 2153 5572 sum
2179 5518 2360 5590 dignus
2388 5520 2555 5577 vocari
2573 5521 2862 5590 apostolus,
2891 5524 3008 5592 quia
3035 5534 3361 5594 persequutus
3382 5543 3495 5580 sum
3527 5527 3633 5581 Ec-

2042 5609 2243 5661 clesium
2268 5612 2344 5679 (l.
2366 5610 2593 5673 Coi-.15.
2620 5610 2702 5682 9).
2726 5613 2781 5667 Si
2810 5628 2938 5668 vero
2958 5623 3077 5684 post
3102 5627 3353 5672 sexcenta
3378 5619 3634 5688 prreelare

2040 5709 2219 5768 gesta,
2263 5711 2384 5770 post
2415 5712 2617 5759 tantum
2665 5705 2904 5781 elapsum
2947 5716 3186 5775 tempus,
3242 5708 3344 5764 hoc
3386 5710 3629 5780 lugebat,

2045 5801 2237 5861 quanta
2266 5792 2550 5849 verisimile
2575 5803 2656 5851 est
2677 5795 2848 5867 ipsum
2870 5812 2990 5852 esse
3019 5812 3233 5868 passum
3256 5799 3346 5856 illo
3366 5809 3631 5873 tempore,
