4060 6252
319 345 420 405 139
489 399 492 402 .

959 355 1044 408 Im
1086 354 1427 410 FERENDIS
1479 352 1912 409 REPREHENS.
1949 354 2040 409 ΕΤ
2081 354 2169 407 DE
2199 353 2462 412 MUTAT.
2492 353 2836 412 NOMINUM.
2877 352 2968 410 ΙΠ.

3489 353 3592 412 ΗΟ

309 461 652 534 θρασύτερος
695 459 800 515 ὑπὸ
855 461 954 532 τῆς
1003 464 1264 534 ἁρπαγῆς
1313 465 1549 532 ἐγένετο.
1605 463 1762 517 Οὕτω
1807 465 1902 516 καὶ
2007 467 2377 538 προκειμένης
2405 467 2713 530 ὑποθέσεως
2745 465 2852 520 ὤν’
2899 467 2984 518 ῖνα
3021 465 3094 536 μὴ
3132 465 3225 520 καὶ
3251 465 3344 520 ἐπὶ
3373 467 3587 522 Παύλου

307 551 518 616 Σαῦλος
555 551 868 622 ἐπεπήδησε
909 550 986 622 τῷ
1025 553 1170 624 χορῷ
1202 553 1312 606 τῶν
1359 553 1697 618 ἀποστόλων,
1741 553 1895 626 [125]

307 635 564 705 ἥρπασεν
594 635 804 688 ἐκεῖθεν
835 635 898 688 τὸ
923 636 1110 706 ἀρνίον
1138 635 1234 689 τοῦ
1261 635 1524 707 Χριστοῦ,
1557 637 1648 690 τὸν
1686 637 1897 704 Στέφα-

2005 551 2161 603 τοῦτο
2188 552 2433 622 γένηται,
2468 553 2561 604 καὶ
2593 550 2804 620 μεθύων
2829 553 2894 620 τῇ
2925 550 3090 620 μανία
3119 551 3226 602 τῶν
3251 547 3402 621 [124]
3427 567 3589 618 γεγε·-

2003 634 2251 703 νημένων
2294 633 2731 704 παραπέμψηται
2775 633 2874 703 τὴν
2910 633 3112 701 φωνὴν,
3147 631 3180 701 ἢ
3213 632 3344 702 μηδὲ
3377 633 3586 703 ἀκούσῃ

312 733 406 769 νον
467 717 868 788 διεσπάραξεν,
911 719 1132 787 ἐγένετο
1180 719 1367 773 λοιπὸν
1407 721 1514 773 ὑπὸ
1547 721 1643 790 τῆς
1684 721 1901 789 σφαγῆς
2000 717 2099 786 τὴν
2126 717 2320 787 ἀρχὴν,
2353 718 2448 787 τὴν
2478 717 2716 769 διάνοιαν
2741 716 2960 768 ἃπασαν
2997 715 3132 785 πρὸς
3163 715 3262 785 τὴν
3294 715 3586 783 λεηλασίαν

307 799 516 868 ταύτης
555 800 913 872 θρασύτερος.
963 801 1064 854 Διά
1102 801 1262 854 τοῦτό
1308 821 1492 873 φησιν,
1529 805 1668 856 Ἔτι.
1707 804 1898 856 Καίτοι

306 881 432 934 τίνα
467 883 568 936 οὐκ
591 882 658 936 ἂν
689 885 992 952 ἐνέπλησεν
1025 887 1054 936 6
1081 885 1242 952 φόνος
1273 887 1480 948 ἐκεῖνος
1509 902 1522 950 ;
1555 885 1676 938 τίνα
1706 887 1805 938 οὐκ
1833 885 1898 938 ἂν

305 964 606 1034 κατῄδεσεν
629 969 661 1035 ἡ
700 967 976 1020 ἐπιείκεια
1009 967 1100 1020 τοῦ
1134 969 1542 1037 σφαττομένου,
1573 969 1642 1020 τὰ
1675 969 1898 1040 ῥήματα

307 1047 452 1117 ειπερ
473 1047 828 1119 λιθαζόμενος
856 1051 995 1122 ὑπὲρ
1024 1051 1132 1104 τῶν
1165 1048 1494 1113 λιθαζόντων
1521 1049 1740 1120 ηὔχετο,
1780 1054 1898 1105 Κύ-

303 1147 416 1203 ριε,
455 1131 650 1200 λέγων,
677 1133 764 1201 μὴ
791 1135 1035 1202 στήσῃς
1059 1133 1264 1200 αὐτοῖς
1290 1133 1404 1201 τὴν
1434 1134 1730 1202 ἁμαρτίαν
1759 1135 1897 1187 ταύ-

303 1230 452 1282 (nr;
490 1215 590 1267 Διά
635 1215 793 1268 τοῦτο
839 1219 867 1269 ὁ
911 1215 1148 1286 διώκτης
1193 1215 1593 1285 εὐαγγελιστὴς
1646 1216 1891 1284 γέγονεν.

303 1295 524 1360 Εὐθέως
557 1297 664 1368 γὰρ
703 1297 842 1367 μετὰ
869 1298 960 1350 τὸν
983 1299 1144 1368 φόνον
1171 1291 1327 1360 οὗτος
1353 1297 1732 1367 μετεϐάλλετο,
1761 1297 1896 1350 ἐκεί-

301 1396 395 1432 νου
437 1383 538 1449 τῆς
573 1381 757 1450 φωνῆς
789 1381 1023 1450 ἤκουσεν
1067 1382 1095 1432 ὁ
1139 1381 1292 1443 Θεός.
1331 1381 1441 1432 Καὶ
1484 1379 1593 1448 γὰρ
1630 1380 1780 1445 ἄξιος
1825 1375 1894 1450 ἦν

301 1461 597 1514 ἀκούεσθαι
626 1462 900 1531 Στέφανος
935 1465 1030 1516 καὶ
1057 1464 1147 1516 διὰ
1180 1462 1280 1532 τὴν
1309 1461 1510 1533 ἀρετὴν
1541 1461 1758 1515 Παύλου
1794 1463 1892 1534 τὴν

301 1543 604 1616 ἐσομένην,
665 1545 760 1599 καὶ
802 1544 892 1597 διά
934 1545 1142 1597 οἰκείαν
1180 1544 1498 1613 ὁμολογίαν,
1545 1546 1762 1614 Κύριε,
1801 1545 1889 1615 μὴ

299 1626 544 1695 στήσῃς
559 1627 766 1693 αὐτοῖς
791 1626 904 1694 τὴν
927 1625 1224 1695 ἁμαρτίαν
1245 1626 1490 1690 ταύτην.
1517 1624 1890 1681 Ἀκουέτωσαν

301 1707 418 1760 ὅσοι
454 1709 686 1780 ἐχθροὺς
716 1709 950 1777 ἔχουσιν,
977 1709 1094 1760 ὅσοι
1131 1706 1596 1763 πλεονεκτοῦνται.
1631 1709 1750 1763 Κᾶν
1781 1711 1891 1782 γάρ

301 1789 477 1862 μυρία
517 1791 698 1863 πάθῃς
733 1791 910 1854 δεινὰ,
955 1790 1168 1843 οὐδέπω
1204 1789 1496 1861 ἐλιθάσθης
1520 1833 1536 1859 ,
1578 1793 1832 1865 καθάπερ
1863 1797 1892 1848 ό

301 1872 596 1940 Στέφανος.
633 1873 744 1924 Καὶ
792 1874 892 1944 ὅρα
941 1872 994 1924 τί
1049 1873 1281 1940 γίνεται.
1341 1872 1732 1944 Ἑνεφράττετο
1793 1877 1893 1945 μία

304 1955 457 2025 πηγὴ
483 1957 516 2024 ὴ
551 1954 644 2008 τοῦ
676 1956 948 2024 Στεφάνου
970 1995 984 2018 ,
1027 1956 1123 2008 καὶ
1163 1956 1412 2026 ἠνοίγετο
1456 1957 1621 2028 ἐτέρα
1667 1958 1893 2028 μυρίους

301 2038 526 2105 ἀφιεῖσα
569 2037 865 2107 ποταμούς.
925 2037 1146 2108 Ἐπειδὴ
1190 2039 1299 2108 γὰρ
1345 2039 1568 2109 ἐσίγησε
1601 2041 1666 2093 τὸ
1718 2043 1894 2112 στόμα

301 2121 602 2188 Στεφάνου,
648 2116 854 2192 ἤχησεν
905 2121 1106 2184 εὐθέως
1147 2122 1178 2191 ἡ
1235 2121 1470 2190 σάλπιγξ
1513 2122 1610 2175 τοῦ
1654 2124 1886 2181 Παύλου.

297 2201 492 2265 Οῦτως
542 2203 802 2255 οὐδέποτε
852 2204 880 2255 6
919 2203 1050 2266 Θεὸς
1097 2205 1178 2265 είς
1215 2203 1368 2268 τέλος
1420 2205 1889 2277 ἐγκαταλιμπάνει
1937 2259 1940 2262 .

297 2285 428 2346 τοὺς
454 2285 606 2354 αύτῷ
643 2287 1102 2357 προστρέχοντας,
1130 2287 1268 2339 ἀλλά
1305 2287 1530 2356 μείζονα
1557 2281 1636 2342 ὧν
1659 2290 1890 2342 ἀποστε-

297 2367 488 2435 ροῦσιν
543 2369 593 2420 οἱ
634 2369 822 2438 ἐχθροὶ
870 2369 1083 2421 δίδωσιν
1129 2369 1295 2432 αὐτὸς
1342 2369 1410 2422 τὰ
1460 2369 1628 2440 δῶρα.
1669 2372 1742 2424 Οὐ
1781 2373 1890 2444 γὰρ

293 2450 542 2504 τοιοῦτον
582 2450 842 2514 ἐξέϐαλον
893 2451 1002 2504 ἀπὸ
1063 2451 1166 2520 τῆς
1231 2451 1509 2520 φάλαγγος
1553 2453 1888 2523 στρατιώτην

294 2538 529 2596 ἐκεῖνοι,
581 2529 692 2588 οἷον
736 2535 1132 2604 ἀντεισήγαγεν
1182 2537 1210 2587 6
1251 2536 1505 2607 Χριστός.
1547 2534 1783 2601 Σαῦλος
1819 2537 1889 2588 δὲ

291 2619 408 2673 ἔτι.
457 2621 566 2672 Καὶ
604 2618 731 2672 ἀλλο
763 2637 816 2672 τι
859 2619 1012 2691 δηλοῖ
1062 2618 1145 2684 τὸ,
1190 2620 1347 2683 Ἔτι,
1383 2619 1579 2674 τοῦτο·
1608 2615 1744 2684 οἷον,
1802 2621 1886 2673 ὅτι

293 2703 380 2756 ἔτι
435 2703 779 2774 μαινόμενον,
824 2701 904 2756 ἔτι
947 2703 1336 2774 ἀγριαίνοντα,
1373 2701 1454 2755 ἔτι
1505 2703 1564 2755 ἐν
1603 2703 1755 2772 ἀκμῇ
1789 2703 1884 2756 τοῦ

289 2785 470 2858 θυμοῦ
527 2784 690 2850 ὄντα,
748 2786 829 2839 ἐτι
880 2785 957 2856 τῷ
1011 2787 1158 2856 φόνῳ
1215 2785 1409 2849 ζέοντα
1465 2787 1817 2838 ἐπεσπάσατο
1857 2787 1886 2838 ὁ

288 2871 551 2942 Χριστός.
595 2871 729 2924 Οὐδὲ
757 2869 867 2940 γὰρ
901 2861 1156 2937 ἀνέμεινε
1199 2869 1359 2939 λῆξαι
1410 2868 1472 2921 τὸ
1507 2869 1753 2939 νόσημα,
1794 2871 1888 2922 καὶ

291 2953 591 3023 σϐεσθῆναι
643 2951 703 3005 τὸ
746 2952 954 3015 πάθος,
1003 2952 1100 3004 καὶ
1150 2953 1453 3021 πραότερον
1495 2951 1751 3018 γενέσθαι
1796 2951 1886 3004 τὸν

287 3037 520 3110 ἄγριον,
552 3035 644 3088 καὶ
673 3033 847 3098 οὕτως
881 3033 1131 3086 εἵλκυσεν
1151 3048 1164 3062 ·
1214 3032 1330 3085 ἀλλ’
1364 3035 1420 3084 ἐν
1447 3033 1584 3103 αὐτῇ
1620 3035 1686 3103 τῇ
1733 3035 1885 3103 ἀκμῇ

283 3119 398 3188 τῆς
432 3120 630 3190 μανίας
666 3118 828 3171 αὐτὸν
852 3115 1207 3187 ἐχειρώσατο,
1248 3116 1337 3168 ἵνα
1366 3114 1515 3187 δείξῃ
1551 3117 1651 3187 τὴν
1692 3115 1884 3168 ἐαυτοῦ

283 3206 550 3277 δύναμιν,
579 3207 660 3259 δτι
687 3208 746 3259 ἐν
772 3205 914 3277 μέσῃ
944 3208 1008 3276 τῇ
1047 3203 1278 3275 βακχείᾳ
1308 3202 1426 3256 τότε
1460 3202 1645 3274 ἐκείνῃ
1673 3202 1886 3266 ζέοντος

287 3289 380 3342 ἔτι
409 3289 501 3342 τοῦ
539 3288 711 3361 θυμοῦ
752 3292 946 3362 κρατεῖ
985 3289 1080 3342 καὶ
1109 3287 1451 3358 περιγίνεται
1481 3283 1577 3338 τοῦ
1621 3285 1880 3342 διώκτου.

285 3374 409 3428 Καὶ
441 3373 550 3444 γὰρ
593 3374 774 3445 ἰατρὸν
807 3374 928 3426 τότε
978 3371 1333 3442 θαυμάζομεν
1362 3369 1618 3440 μάλιστα,
1646 3371 1773 3423 ὅταν
1801 3371 1888 3423 δυ-

283 3455 432 3528 νηθῇ
463 3457 554 3509 τὸν
584 3455 819 3526 πυρετὸν
851 3455 1140 3526 αἰρόμενον
1182 3454 1277 3507 καὶ
1311 3454 1411 3522 τὴν
1453 3452 1626 3521 φλόγα
1663 3453 1758 3505 τοῦ
1796 3470 1885 3506 νο-

287 3544 542 3610 σῄματος
589 3535 756 3594 οὖσαν
787 3541 844 3592 ἐν
875 3539 1024 3608 ἄκρᾳ,
1059 3539 1384 3606 σφοδρότητι
1425 3535 1762 3589 κατασϐέσαι
1792 3537 1885 3588 καὶ

283 3623 581 3685 παντελῶς
614 3623 910 3691 ἀφανίσαι·
942 3623 971 3674 ὃ
1001 3622 1097 3674 καὶ
1132 3621 1225 3672 ἐπὶ
1259 3619 1352 3672 τοῦ
1390 3618 1606 3670 Παύλου
1640 3617 1880 3685 γέγονεν.

297 3710 395 3762 Ἐν
435 3708 588 3778 ἀκμῇ
637 3705 746 3776 γὰρ
793 3705 954 3758 αὑτὸν
997 3704 1129 3758 ὅντα
1166 3705 1265 3772 τῆς
1311 3701 1529 3771 φλογὸς,
1565 3700 1754 3771 ὥσπερ
1801 3718 1886 3764 τις

281 3791 486 3864 δρόσος
516 3788 722 3843 ἄνωθεν
753 3787 1165 3857 κατενεχθεῖσα,
1199 3788 1232 3856 ή
1265 3785 1419 3854 φωνὴ
1441 3783 1533 3836 τοῦ
1561 3783 1765 3864 κυρίου
1791 3782 1884 3835 τοῦ

283 3863 600 3944 νοσήματος
630 3869 907 3940 ἀπήλλαξε
943 3867 1243 3930 παντελῶς.
1299 3866 1534 3934 Σαῦλος
1575 3863 1642 3916 δὲ
1671 3866 1758 3917 ἑτι
1787 3864 1886 3931 ἐμ-

283 3957 494 4010 πνέων
521 3951 778 4019 ἀπειλῆς
819 3951 916 4004 καὶ
953 3952 1142 4019 φόνου
1186 3951 1272 4014 εἰς
1299 3949 1439 4013 τοὺς
1473 3944 1741 4015 μαθητὰς
1779 3944 1886 3998 τοῦ

287 4041 542 4108 Ιιίερίου,
588 4037 770 4106 ἀφῆκε
807 4035 868 4086 τὺ
901 4033 1108 4102 πλῆθος
1129 4073 1144 4097 ,
1179 4032 1274 4085 καὶ
1306 4033 1417 4094 τοῖς
1449 4030 1675 4100 ἄρχουσι
1701 4027 1884 4080 λοιπὸν

284 4121 564 4194 ἐπεπὴδα.
599 4119 811 4188 Ὠσπερ
843 4117 950 4186 γὰρ
972 4119 1000 4170 6
1026 4115 1244 4186 δένδρον
1269 4114 1594 4185 βουλόμενος
1607 4113 1881 4194 ἐκτεμεῖν,

283 4207 418 4268 τοὺς
461 4193 688 4266 κλάδους
725 4201 902 4269 ἀφεὶς,
953 4198 1200 4253 κάτωθεν
1239 4197 1498 4251 ἐκκόπτει
1557 4196 1658 4264 τὴν
1704 4193 1879 4264 ῥίζαν,

286 4287 437 4343 οὓτω
468 4287 532 4358 δὴ
559 4285 654 4340 καὶ
684 4279 838 4346 οὗτος
872 4283 965 4336 ἐπὶ
985 4282 1113 4346 τοὺς
1147 4280 1394 4352 μαθητὰς
1419 4275 1574 4350 ἦλθε,
1595 4277 1693 4348 τὴν
1725 4277 1882 4348 ῥίζαν

287 4371 388 4426 τοῦ
429 4369 782 4442 κηρύγματος
815 4365 1137 4436 βουλόμενος
1175 4363 1404 4417 ἀνελεῖν.

367 4519 532 4575 Ἀλλά
561 4518 662 4572 οὐκ
687 4512 828 4588 ἦσαν
865 4514 1010 4588 ῥίζαι
1031 4511 1123 4566 τοῦ
1158 4509 1512 4582 κηρύγματος
1535 4508 1583 4561 οἱ
1620 4505 1879 4588 μαθηταὶ,

290 4606 412 4660 ἀλλ’
446 4607 474 4657 6
515 4603 624 4656 τῶν
671 4587 926 4672 μαθητῶν
961 4595 1253 4664 Δεσπότης.
1297 4591 1398 4644 Διά
1435 4590 1593 4643 τοῦτο
1638 4588 1733 4672 καὶ
1765 4587 1875 4640 ἐλε-

289 4705 420 4758 γεν·
479 4685 618 4756 Ἐγώ
658 4671 775 4752 ειμι
811 4684 850 4750 ἠ
901 4681 1204 4750 ἄμπελος,
1251 4674 1421 4745 ὑμεῖς
1467 4673 1541 4758 ta
1581 4671 1877 4758 κλήματα.

303 4754 520 4842 ςΕκείνη
547 4754 622 4821 .δέ
669 4764 1112 4833 ἀκαταγώνιστος
1155 4763 1188 4832 ἡ
1245 4759 1388 4830 ῥίζα.
1433 4756 1532 4842 Διά
1574 4754 1734 4842 τοῦτο
1773 4756 1882 4842 ὅσω

292 4837 518 4910 πλείονα
541 4852 826 4920 ἐξέτεμνον
853 4848 1130 4917 κλήματα,
1147 4842 1386 4912 τοσούτῳ
1411 4841 1506 4894 καὶ
1535 4837 1752 4892 πλείονα
1789 4837 1884 4890 καὶ

294 4937 518 5010 μείζονα
547 4934 706 4989 πάλιν
733 4927 1078 4986 ἐϐλάστανεν.
1103 4923 1405 5010 Ἐξετμήθη
1433 4921 1568 5010 γοῦν
1590 4921 1880 5010 Στέφανος,

292 5003 388 5076 καὶ
445 5019 814 5089 ἀνεϐλάστησε
871 5011 1082 5076 Παῦλος
1139 5012 1234 5065 καὶ
1281 5009 1329 5061 οί
1379 5005 1470 5060 διὰ
1522 5003 1882 5089 Παύλου-ἐπι-

294 5104 638 5164 στεύσαντες.
712 5085 980 5170 Ἐγένετο
1022 5096 1120 5160 δὲ,
1172 5092 1370 5164 φησὶν,
1419 5089 1491 5142 ἐν
1528 5086 1608 5152 τῷ
1635 5085 1881 5170 ἐγγίζειν

296 5187 482 5242 αὑτὸν
507 5183 584 5253 τῇ
613 5169 931 5252 Δαμασκῷ,
973 5179 1266 5246 ἐξαίφνης
1295 5171 1749 5253 περιήστραψεν
1775 5169 1881 5253 αξι-

291 5271 398 5324 τύν
424 5249 656 5340 φῶς-ὲκ
689 5249 795 5319 τοῦ
831 5261 1117 5332 οὐρανοῦ,
1143 5257 1244 5312 καὶ
1272 5252 1604 5340 πεσὼνῌέπί
1625 5249 1734 5340 ταῖς
1752 5249 1880 5340 ἑτῇς

293 5333 538 5424 ἤιοῦσεί
561 5347 772 5420 φωνὴν
803 5348 1112 5416 λέγουσαν
1155 5341 1336 5405 αὐτῷ,
1392 5337 1611 5424 Σαῦλε,
1647 5333 1876 5424 ΔΣαῦλε,

294 5415 352 5488 τί
377 5453 450 5506 με
486 5415 727 5500 διώκεις
740 5449 758 5498 ;
815 5415 972 5492 Τίνος
1009 5429 1194 5481 ἕνεκεν
1231 5424 1357 5506 οὐχι
1387 5421 1601 5506 πρῶτον
1636 5420 1670 5490 ἡ
1729 5415 1878 5506 φωνὴ

237 5547 240 5550 .
293 5499 529 5590 ἠνέχθη,
575 5499 714 5572 ἀλλά
759 5515 1026 5587 πρότερον
1079 5509 1193 5579 φῶς
1242 5505 1403 5590 αὐτὸν
1436 5499 1878 5590 περιήστραψεγς

289 5581 423 5655 Ἵνα-
453 5581 570 5670 μεθ’
607 5581 835 5670 ἡσυχίας
879 5581 1086 5666 ἀκούσῃ
1131 5593 1230 5663 τῆς
1260 5589 1462 5660 φωνῆς.
1493 5583 1736 5670 γἘπξιδὴ
1770 5581 1879 5670 ’ζάρ

289 5691 320 5744 6
347 5665 484 5756 πρός
509 5702 562 5738 τι
599 5665 832 5755 πρᾶγμα
868 5665 1164 5750 τεταμένος
1210 5676 1304 5730 καὶ
1331 5669 1502 5742 θυμοῦ
1536 5669 1750 5756 τελῇ-ρης
1779 5665 1876 5756 εἰς),

295 5748 404 5820 κᾶν
441 5748 943 5838 μυρίοι-καλῶσιν,
994 5748 1093 5812 οὐκ
1132 5757 1556 5824 ἐπιστρέφεται,
1609 5751 1728 5812 ὅλος
1776 5748 1876 5816 τῆς

621 5869 890 5927 ΡΑ-ηιοι..
938 5863 1051 5921 Gn.
1099 5861 1196 5920 LI.

1997 797 2215 868 ἐκείνην
2251 801 2388 868 ἔχων
2407 842 2418 862 ,
2458 801 2722 870 πρότερον
2747 798 2836 850 διὰ
2865 797 2958 849 τοῦ
2991 797 3165 864 φωτὸς
3198 797 3460 866 πηρώσας
3489 797 3588 850 αύ-

1998 880 2090 932 τοῦ
2119 884 2242 944 τοὺς
2279 881 2610 952 ὀφθαλμοὺς,
2639 882 2732 934 καὶ
2763 881 2855 932 τὸν
2890 879 3058 949 θυμὸν
3081 879 3460 941 καταστείλας,
3492 881 3587 932 καὶ

2001 963 2200 1026 σϐέσας
2231 965 2446 1018 ἅπαντα
2491 965 2587 1033 τῆς
2623 963 2800 1032 ψυχῆς
2827 962 2920 1015 τὸν
2957 961 3206 1031 θόρυϐον,
3250 961 3344 1014 καὶ
3383 960 3586 1030 πολλὴν

1997 1046 2058 1096 ἐν
2086 1049 2150 1116 τῇ
2192 1047 2398 1117 διανοίᾳ
2443 1048 2682 1118 γαλήνην
2723 1047 2992 1116 ποιήσας,
3053 1043 3195 1098 οῦτω
3241 1045 3340 1114 τὴν
3401 1044 3586 1115 φωνὴν

1998 1128 2230 1198 ἀφῆκεν,
2282 1132 2368 1184 ἵνα
2415 1131 2830 1201 κατενεχθείσης
2867 1128 2968 1197 τῆς
2999 1128 3316 1191 ἀλαζονείας
3347 1128 3585 1199 σώφρονι

1995 1213 2074 1281 τῷ
2103 1213 2346 1282 λογισμῷ
2376 1214 2622 1284 προσέχῃ
2645 1216 2762 1275 τοῖς
2787 1211 3102 1281 λεγομένοις
3131 1210 3334 1264 λοιπόν.
3363 1210 3582 1276 Σαῦλε,

1995 1295 2223 1358 Σαῦλε,
2282 1297 2338 1348 τί
2374 1313 2451 1364 με
2497 1295 2762 1360 διώκεις;
2809 1295 2882 1347 Οὐ
2925 1293 3177 1346 τοσοῦτον
3228 1294 3586 1360 ἐγκαλοῦντός

1995 1379 2164 1442 ἐστιν,
2213 1379 2336 1432 ὅσον
2381 1379 2842 1448 ἀπολογουμένου.
2901 1379 2966 1429 Τί
3013 1395 3078 1447 με
3109 1377 3324 1439 διώκεις
3352 1393 3366 1440 ;
3399 1377 3464 1430 Τί
3497 1394 3586 1446 μι-

1995 1462 2126 1532 κρὸν
2157 1462 2189 1533 ἢ
2220 1463 2360 1533 μέγα
2393 1463 2646 1531 ἐγκαλεῖν
2682 1462 2820 1532 ἔχων
2851 1463 3004 1529 ἐμοῖς
3044 1461 3096 1512 τί
3139 1463 3267 1529 παρ’
3301 1459 3432 1529 ἐμοῦ
3465 1458 3582 1528 ἠδι-

1993 1563 2060 1616 κη
2072 1547 2264 1616 μένος;
2318 1548 2400 1600 ὅτι
2425 1548 2550 1609 τοὺς
2575 1546 2799 1615 νεκροὺς
2825 1543 2978 1613 ὑμῶν
3003 1545 3276 1614 ἀνέστησα
3299 1559 3312 1606 ;
3347 1544 3430 1595 ὅτι
3456 1545 3586 1604 τοὺς

1991 1629 2224 1701 λεπροὺς
2247 1632 2522 1702 ἐκάθηρα;
2548 1632 2630 1683 ὅτι
2655 1631 2780 1693 τοὺς
2812 1628 3072 1698 δαίμονας
3093 1627 3382 1696 ἀπήλασας
3421 1625 3584 1679 Ἀλλά

1990 1713 2080 1766 διὰ
2136 1713 2306 1767 ταῦτα
2342 1712 2766 1784 προσκυνεῖσθαί
2820 1728 2920 1781 με,
2980 1710 3101 1779 οὐχὶ
3123 1707 3416 1762 διώκεσθαι
3448 1708 3578 1762 ἔδει.

1991 1797 2102 1851 Καὶ
2138 1797 2225 1850 ἵνα
2254 1797 2452 1870 μάθῃς,
2485 1797 2566 1848 ὅτι
2599 1795 2680 1860 τὺ,
2716 1795 2782 1848 Τί
2815 1811 2890 1862 με
2915 1791 3146 1858 διώκεις
3164 1808 3181 1855 ;
3214 1791 3583 1862 ἀπολογουμέ-

1991 1895 2082 1932 νου
2108 1879 2304 1950 μᾶλλόν
2325 1883 2493 1945 ἐστιν,
2509 1879 2738 1932 ἄκουσον
2755 1877 2872 1940 πῶς
2893 1877 2986 1928 καὶ
3007 1877 3035 1927 ὁ
3049 1875 3236 1944 Πατὴρ
3253 1873 3418 1928 αὐτοῦ
3439 1874 3576 1944 πρὸς

1990 1961 2118 2024 τοὺς
2151 1961 2435 2024 Ἰουδαίους
2477 1961 2651 2028 τούτῳ
2679 1960 2944 2029 κέχρηται
2985 1957 3066 2026 τῷ
3111 1958 3332 2027 ῥήματι.
3367 1956 3576 2026 ’Ὠσπερ

1991 2044 2100 2115 γὰρ
2123 2038 2278 2108 οὗτος
2303 2045 2470 2112 λέγει,
2489 2044 2706 2108 Σιιῦλε,
2727 2042 2942 2107 Σαῦλε,
2972 2041 3030 2094 τί
3049 2057 3126 2108 με
3145 2039 3375 2106 διώκεις
3393 2055 3412 2103 ;
3433 2037 3578 2106 οὕτω

1991 2129 2242 2190 κάκεῖνος
2288 2128 2420 2199 πρὸς
2451 2129 2577 2190 τοὺς
2614 2126 2902 2188 Ἰουδαίους
2949 2123 3080 2192 φησί
3104 2139 3118 2153 ο
3172 2123 3330 2187 Λαός
3350 2139 3491 2190 μου,
3523 2122 3582 2174 τί

1990 2209 2254 2278 ἐποίησά
2285 2227 2406 2274 σοι,
2436 2212 2474 2278 ἢ
2499 2212 2556 2263 τι
2574 2209 2858 2276 ἐλύπησά
2888 2222 2992 2270 σε;
3027 2205 3246 2268 iuius,
3273 2204 3490 2269 Σαῦλε,
3522 2203 3581 2256 τί

1985 2310 2062 2361 με
2094 2294 2360 2358 διώκεις-ς
2407 2296 2538 2348 Ἰδοὺ
2560 2296 2738 2347 κεῖσαι
2773 2290 3006 2362 πρηνὴς,
3029 2288 3137 2341 ἰδοῦ
3167 2287 3376 2338 δέδεσαι
3410 2287 3578 2356 χωρὶς

1992 2377 2251 2440 ἁλύσεως.
2295 2378 2508 2447 Ὥσπερ
2542 2371 2634 2430 οὖν
2681 2376 2809 2427 ὅταν
2846 2371 3112 2439 δεσπότης
3148 2370 3370 2439 οἰκέτην
3407 2367 3579 2422 πολλὰ

1990 2459 2390 2528 περιφεύγοντα
2409 2461 2504 2512 καὶ
2527 2477 2597 2530 μυ
2607 2460 2695 2528 ρία
2720 2455 3088 2526 ἐργαζόμενον
3105 2452 3252 2504 δεινὰ
3272 2449 3454 2504 λαϐὼν
3471 2451 3578 2504 ὑπὸ

1987 2544 2198 2612 χεῖρας,
2227 2542 2322 2594 καὶ
2341 2542 2512 2610 δήσας
2537 2542 2685 2608 λέγοι
2715 2539 2854 2610 πρὸς
2881 2537 3045 2589 αὑτὸν
3071 2534 3376 2603 δεδεμένον,
3394 2533 3460 2586 Τί
3491 2550 3574 2586 σοι

1989 2625 2167 2694 βούλει
2205 2625 2415 2694 ποιήσω
2457 2623 2585 2688 νῦν;
2639 2622 2748 2675 ἰδοὺ
2785 2621 3018 2688 γέγονας
3043 2617 3378 2687 ὑποχείριος·
3432 2615 3574 2670 οὓτω

1986 2708 2082 2760 καὶ
2117 2709 2146 2759 ὁ
2165 2707 2400 2777 Χριστὸς
2431 2706 2520 2759 τὸν
2549 2703 2762 2758 Παῦλον
2787 2701 2967 2756 λαϐὼν
2989 2740 3003 2764 ,
3041 2699 3202 2770 ῥίψας
3237 2697 3450 2768 πρηνῆ,
3479 2699 3574 2750 κα⁴ι

1985 2790 2128 2861 ὁρῶν
2157 2791 2425 2862 τρέμοντα
2468 2790 2562 2842 καὶ
2603 2787 2878 2841 δεδοικότα
2921 2785 3018 2837 καῖ⁹
3057 2783 3210 2836 οὐδὲν
3241 2778 3574 2862 ἐργάζεσθαι

1985 2874 2308 2943 δυνάμενον,
2354 2872 2523 2943 φησί·
2569 2871 2796 2935 Σαῦλε,
2839 2867 3072 2929 Σαῦλε,
3100 2865 3156 2918 τί
3191 2879 3268 2931 με
3308 2861 3576 2928 διώκειςς

1988 2955 2099 3008 Ποῦ
2125 2952 2218 3008 οὖν
2261 2959 2288 3009 ὁ
2332 2955 2499 3025 θυμὸς
2535 2956 2738 3014 ἐκεῖνος
2768 2951 3017 3020 οἴχεταις
3057 2945 3160 3000 ποῦ
3204 2946 3260 2998 δέ
3301 2947 3336 3016 ἡ
3375 2944 3572 3013 μανίας

1989 3037 2092 3090 ποῦ
2124 3038 2179 3091 δὲ
2203 3041 2232 3092 ὁ
2269 3037 2426 3106 ζῆλος
2455 3037 2483 3086 ὁ
2505 3036 2768 3105 άκαιρος;
2801 3033 2904 3085 ποῦ
2927 3030 2996 3084 τὰ
3017 3029 3191 3098 δεσμά
3220 3029 3314 3081 καὶ
3336 3029 3392 3080 al
3417 3043 3573 3098 περι-

1986 3121 2215 3193 δρομαίς
2260 3121 2364 3174 ποῦ
2395 3121 2451 3174 δέ
2485 3123 2518 3190 ἡ
2571 3119 2836 3190 ἀγριότης
2875 3115 3093 3185 ἐκείνη;
3138 3112 3414 3181 Ἀκίνητος
3471 3110 3571 3180 μὲν

1985 3207 2083 3276 ἔσῃ
2109 3205 2223 3270 νῦν,
2255 3205 2352 3258 καὶ
2382 3203 2500 3256 ούδέ
2542 3203 2666 3255 ἰδεῖν
2699 3201 2792 3254 τὸν
2823 3198 3150 3266 διωκόμενον
3181 3195 3404 3248 δύνασαι
3429 3211 3441 3224 ·
3475 3193 3573 3247 καὶ

1985 3291 2014 3342 6
2046 3275 2290 3343 σπεύδων
2336 3288 2430 3341 καὶ
2475 3282 2750 3354 πανταχοῦ
2798 3281 3173 3352 περιτρέχων,
3225 3275 3571 3349 χειραγωγοῦ

1985 3372 2172 3444 χρείαν
2199 3371 2343 3441 ἔχεις
2371 3369 2486 3423 νῦν.
2521 3369 2618 3421 Διά
2644 3367 2754 3436 γὰρ
2779 3364 2936 3418 τοῦτο
2965 3364 3058 3417 καὶ
3091 3363 3186 3416 νῦν
3203 3379 3364 3433 φησιν
3397 3359 3570 3430 αύτῷ,

1986 3459 2050 3511 Τί
2098 3477 2164 3529 με
2203 3459 2449 3521 διώκεις;
2501 3457 2588 3508 ἵνα
2623 3456 2769 3526 μάθῃ
2798 3455 2880 3505 ὅτι
2909 3454 3004 3504 καὶ
3041 3455 3098 3503 ἐν
3131 3449 3207 3518 τῷ
3239 3449 3344 3519 πρὸ
3375 3447 3569 3500 τούτου

1985 3547 2162 3617 χρόνῳ
2199 3545 2338 3597 ἑκὼν
2370 3542 2518 3610 αύτῷ
2553 3541 2874 3610 συνεχώρει·
2925 3539 3006 3589 ὅτι
3037 3537 3159 3588 οὔτε
3189 3538 3371 3588 ἐκεῖνα
3405 3534 3570 3586 ἀσθε-

1985 3636 2132 3696 νείας
2161 3631 2250 3704 ἦν,
2288 3631 2410 3685 οὒτε
2429 3629 2602 3684 ταῦτα
2625 3629 2926 3698 ὠμότητος,
2954 3624 3088 3677 ἀλλά
3109 3625 3202 3676 καὶ
3239 3625 3422 3676 ἐκεῖνα
3453 3622 3574 3690 φιλ-

1987 3722 2322 3794 ανθρωπίας,
2354 3720 2447 3772 καὶ
2473 3717 2646 3772 ταῦτα
2675 3715 3019 3783 κηδεμονίας.
3049 3711 3114 3765 Τί
3143 3709 3236 3764 οὖν
3270 3713 3298 3764 6
3327 3709 3570 3775 Παῦλος,

1993 3812 2086 3877 Τίς
2105 3807 2176 3875 εἴ,
2199 3811 2375 3878 Κύριε
2397 3824 2416 3870 ;
2454 3805 2702 3872 Ἐπέγνω
2723 3805 2821 3873 τὴν
2841 3801 3158 3856 δεσποτείαν
3189 3800 3296 3854 ἀπὸ
3321 3800 3417 3869 τῆς
3445 3816 3574 3867 συγ-

1986 3900 2301 3969 χωρήσεως,
2338 3894 2508 3964 ἔμαθε
2552 3891 2646 3962 τὴν
2681 3889 2911 3958 δύναμιν
2952 3887 3061 3962 ἀπὸ
3088 3887 3186 3956 τῆς
3223 3886 3344 3938 τότε
3391 3885 3573 3956 πηρώο

1989 4005 2146 4049 σεως,
2173 3985 2425 4055 ὁμολογεῖ
2451 3982 2640 4035 λοιπὸν
2669 3979 2767 4050 τὴν
2812 3976 3082 4042 ἐξουσίαν.
3129 3974 3220 4040 Τίς
3250 3971 3323 4037 εἷ,
3349 3975 3528 4041 Κύριε
3551 3991 3572 4037 ;

1984 4071 2138 4137 Εἶδες
2182 4072 2358 4144 ψυχὴν
2407 4068 2758 4138 εὐγνώμονα;
2812 4062 2951 4129 εἶδες
2979 4063 3215 4117 διάνοιαν
3259 4061 3573 4134 ἐλευθερίας

1984 4163 2292 4232 γέμουσα-νς
2346 4155 2484 4220 εἶδες
2533 4155 2770 4218 συνειδὸς
2807 4152 3132 4216 ἀδέκαστον;
3181 4151 3295 4204 Οὐκ
3333 4149 3574 4202 ἀντέτειο

1985 4266 2106 4315 νεν,
2171 4250 2270 4302 οὐκ
2313 4245 2752 4316 ἐφιλονείκησεν,
2822 4241 2936 4295 ἀλλ’
2982 4238 3123 4308 ἔγνω
3161 4238 3253 4291 τὸν
3295 4236 3574 4308 Δεσπότην

1981 4338 2203 4400 εὐθέως.
2249 4335 2322 4390 Οὐ
2371 4333 2622 4402 καθάπερ
2668 4331 2909 4384 Ἰουδαῖοι
2941 4329 3164 4399 νεκροὺς
3195 4325 3428 4398 ὁρῶντες
3473 4325 3576 4377 ἀν-

1986 4425 2344 4494 ισταμένους,
2401 4421 2610 4490 πηροὺς
2673 4415 3116 4479 ἀναϐλέποντας,
3183 4413 3418 4484 λεπροὺς
3474 4427 3574 4465 κα-

1985 4512 2342 4584 θαιρομένους
2361 4551 2376 4574 ,
2407 4509 2470 4562 οὐ
2497 4509 2654 4578 μόνον
2678 4505 2738 4558 οὐ
2758 4504 3120 4574 προσέτρεχον
3143 4500 3222 4570 τῷ
3247 4499 3422 4554 ταῦτα
3447 4515 3572 4553 ποι-

1984 4599 2152 4664 οῦντι,
2196 4598 2332 4653 ἀλλά
2367 4597 2460 4649 καὶ
2512 4593 2710 4648 πλάνον
2750 4590 2910 4643 αὐτὸν
2954 4589 3182 4642 ἐκάλουν
3207 4626 3222 4648 ,
3268 4588 3364 4639 καὶ
3393 4587 3574 4640 πάντα

1981 4685 2182 4758 τρόπον
2213 4683 2502 4754 ἐπιϐουλῆς
2525 4680 2732 4734 ἐκίνουν
2752 4696 2766 4710 ·
2815 4677 2928 4732 ἀλλ’
2959 4677 3058 4744 οὐχ
3092 4675 3120 4727 ὀ
3140 4673 3351 4740 Παῦλος
3375 4670 3568 4738 οὕτως,

1983 4773 2098 4827 ἀλλ’
2141 4771 2344 4834 εὐθέως
2389 4766 2713 4839 μετετίθετο.
2783 4764 2850 4817 Τί
2892 4758 2983 4816 οὖν
3032 4763 3060 4816 ὁ
3099 4761 3366 4832 Χριστός;
3431 4761 3574 4830 Ἐγώ

1983 4865 2100 4931 ειμι
2131 4859 2394 4928 Ἰησοῦς.
2443 4857 2518 4910 ὃν
2564 4855 2646 4910 σὺ
2687 4852 2936 4916 διώκεις.
2991 4851 3102 4904 Καὶ
3152 4849 3244 4904 διὰ
3277 4849 3332 4902 τί
3374 4849 3450 4920 μὴ
3493 4844 3574 4902 εἴ·

1986 4967 2086 5004 πεν
2105 4990 2119 5014 ,
2155 4944 2298 5014 Ἐγώ
2311 4941 2424 5010 εἰμι
2451 4941 2658 5012 Ἰησοῦς
2687 4943 2725 4994 ό
2757 4937 2996 5002 ἀναστὰς
3014 4976 3029 4999 ,
3075 4935 3188 5005 ἐγώ
3215 4937 3332 5004 εἰμι
3359 4934 3572 5004 Ἰησοῦς

1985 5039 2044 5092 ἐν
2076 5037 2232 5108 δεξιᾷ
2270 5032 2364 5088 τοῦ
2402 5030 2538 5085 Θεοῦ
2587 5029 2929 5101 καθήμενος,
2951 5026 3104 5090 ἀλλ’,
3149 5025 3430 5094 Ἐτώ-ειμι
3454 5023 3574 5088 Ἰηο

1985 5126 2138 5192 σοῦς
2158 5163 2172 5187 ,
2208 5123 2280 5176 ὃν
2327 5121 2409 5175 σὺ
2449 5119 2719 5184 διώκειςς
2751 5117 2872 5170 Ἵνα
2899 5114 3078 5186 πλήξῃ
3111 5113 3276 5170 αὐτοῦ
3314 5111 3418 5184 τὴν
3453 5109 3576 5164 διά-

1984 5230 2154 5279 νοιαν,
2185 5213 2274 5266 ἵνα
2300 5206 2576 5280 κατανύξῃ
2598 5204 2763 5260 αὑτοῦ
2797 5205 2894 5275 τὴν
2922 5201 3118 5274 ψυχήν.
3145 5201 3410 5255 ΙἌκουσον
3436 5195 3569 5267 γοῦν

1983 5301 2198 5364 Παύλου
2237 5297 2375 5370 μετά
2416 5296 2642 5360 πολλοὺς
2681 5294 2805 5357 τοὺς
2851 5293 3076 5363 χρόνους
3109 5289 3202 5342 καὶ
3235 5287 3402 5359 μυερία
3438 5299 3572 5342 κατ-

1983 5389 2277 5462 ορθώματα
2299 5387 2457 5442 τοῦτο
2480 5383 2802 5458 θρηνοῦντος
2823 5401 2834 5412 ·
2888 5379 3030 5450 Ἐγὼ
3057 5377 3164 5447 γάρ
3204 5379 3338 5444 εἰμι,
3380 5371 3566 5462 φησὶ-ν,

1984 5457 2027 5532 ό.
2045 5457 2369 5545 ἐλάχιστος
2403 5457 2554 5546 [19.3]
2607 5471 2850 5526 πάντων
2893 5467 3012 5520 τῶν
3052 5462 3453 5546 ἀποστόλων,
3498 5457 3568 5546 6;-

1982 5570 2092 5620 οὐκ
2118 5563 2234 5634 εἰμὶ
2253 5545 2421 5618 ίκανδ
2427 5581 2458 5627 ς
2479 5545 2789 5614 καλεῖσθαι
2807 5549 3170 5616 ἀπόστολός,
3184 5549 3332 5604 διότι
3351 5545 3567 5609 ἐδίωξα

1981 5652 2099 5720 τὴν
2135 5633 2524 5718 Ἐκκλησίαν.
2585 5648 2647 5700 Εἰ
2676 5645 2730 5697 δὲ
2775 5644 2912 5713 μετὰ
2948 5639 3116 5712 μυρία
3168 5633 3568 5706 κατορθώματα

1982 5741 2078 5793 καὶ
2127 5737 2413 5799 τοσούτους
2456 5734 2680 5804 χρόνους
2723 5729 2880 5784 τοῦτο
2908 5727 3156 5790 ἐπένθει,
3209 5725 3268 5779 τί
3308 5723 3462 5788 είκδς·
3496 5724 3564 5800 ἦν

3158 5834 3198 5892 9

2119 5907 2150 5918 ιι..
