4060 6252
1842 143 1904 153 ’ν
1957 145 1996 153 -~

464 411 658 476 ιαὺτδδν
682 408 872 465 παθεῖν
889 407 1028 462 κατά
1049 409 1140 462 τὸν
1157 411 1344 482 καιρὸν
1372 411 1594 471 ἐκεῖνον,
1620 411 1946 482 κατόρθωμα
1973 412 2072 482 μὲν

467 481 711 549 ⁴ούδιποι»
734 491 886 546 οὐδὲν
911 490 1122 561 ἔχοντα,
1142 489 1240 562 τὴν
1268 491 1324 545 δὲ
1355 491 1536 556 δίωξιν
1565 491 1742 562 ἐαυτῷ
1758 481 2074 556 συνειδότα,

493 577 594 631 καὶ
620 577 717 646 τῆς
742 577 928 645 φωνῆς
955 574 1165 642 ἐκείνης
1199 573 1494 638 ἀκούοντα;

562 657 632 712 ε’.
662 657 799 710 Ἀλλ’
821 654 1140 725 ἐπιφύονται
1160 657 1292 726 ἡμῖν
1309 655 1562 709 ἐνταῦθα’
1588 657 1745 727 ὑμεῖς
1765 657 1822 710 δέ
1841 655 1914 728 μὴ
1940 657 2076 710 ἀπο-

491 742 735 810 ·κάμητε,
769 739 874 791 κάν
904 737 1111 810 ἑσπέρα
1142 737 1435 790 καταλάϐοι
1455 754 1468 768 ο
1517 738 1658 810 ὑπὲρ
1686 741 1794 808 γὰρ
1820 739 1914 791 τοῦ
1939 738 2078 792 Παύ-

486 822 590 876 ιλου
612 823 720 886 πᾶς
749 823 880 892 ἡμῖν
909 822 939 873 6
968 820 1125 896 λόγος
1147 859 1162 884 ,
1208 819 1423 873 Παύλου
1466 819 1560 872 τοῦ
1615 822 1856 890 τριετίαν
1907 820 2077 876 νύκτα

498 906 592 958 καὶ
629 904 841 975 ἡμέραν
870 901 1683 971 τοὺςμαθητάςρδιδάσκοντος.
1729 903 2078 974 Ἐπιφύονται

497 987 676 1040 τοίνυν
705 985 848 1046 τινές
874 984 1125 1051 ἐνταῦθα,
1153 985 1252 1038 .xal
1281 985 1498 1055 λέγουσι
1518 1000 1534 1017 ·
1574 988 1694 1040 Καὶ⁴
1711 985 1765 1039 τί
1797 987 1962 1057 μέγα,
1997 989 2077 1042 ὅτι

497 1069 708 1132 Παῦλος
738 1066 1011 1138 προσῆλθε
1032 1085 1059 1133 ;ί
1088 1068 1182 1121 καὶ
1209 1067 1317 1140 γὰρ
1349 1070 1630 1140 μονονουχὶ
1652 1069 1841 1142 ὥσπερ
1871 1074 2078 1142 σχοῖνον

499 1149 820 1223 περιϐαλὼν
855 1149 1019 1203 αὑτοῦ
1069 1149 1148 1219 τῷ
1194 1150 1449 1222 τραχήλῳ
1489 1154 1519 1206 6
1567 1151 1698 1216 Θεὸς
1742 1151 1840 1223 τὴν
1891 1155 2076 1224 φωνὴν

499 1233 748 1304 ἐκείνην,
795 1231 968 1297 οὓτως
1009 1232 1172 1286 αὑτὸν
1221 1233 1435 1287 εῖλκυσε
1475 1235 1612 1306 πρὸς
1644 1236 1854 1289 ἑαυτόν.
1903 1235 2078 1306 Προσ-

496 1316 648 1386 έχετε
680 1316 816 1387 μετά
861 1314 1166 1387 ἀκριϐείας.
1226 1316 1337 1370 Kal
1379 1317 1488 1386 γάρ
1518 1318 1613 1371 καὶ
1646 1316 1783 1388 πρὸς
1809 1317 2076 1388 Ἕλληνας

496 1398 682 1462 κοινὸς
725 1400 856 1469 ἡμῖν
881 1393 1036 1462 οὗτος
1064 1399 1092 1450 6
1123 1397 1310 1465 λόγος,
1357 1400 1452 1452 καὶ
1485 1399 1621 1471 πρὸς
1658 1400 1975 1464 Ἰουδαίους,
2025 1400 2074 1452 οῖ

497 1483 597 1553 τῆς
630 1482 834 1544 οίκείας
879 1481 1137 1544 ἀπιστίας
1179 1481 1549 1552 προκάλυμμα
1587 1482 1896 1553 νομίζουσιν
1937 1479 2101 1540 εἶναι.

479 1564 568 1617 ηδ·
601 1563 698 1618 τοῦ
734 1562 943 1616 δικαίου
982 1567 1338 1637 κατηγορεῖν,
1381 1566 1482 1619 οὑκ
1512 1565 1710 1630 εἰδότες
1751 1567 1832 1619 ὅτι
1881 1565 2074 1637 διπλῆν

446 1645 902 1716 ..ιάμαρτάνουσιν
932 1646 1232 1716 ἁμαρτίαν,
1277 1648 1377 1719 τήν
1421 1663 1480 1700 τε
1513 1648 1717 1701 οἰκείαν
1748 1648 1848 1700 οὑκ
1886 1648 2074 1700 ἀποτι-

492 1729 714 1800 θέμενοι
772 1727 996 1800 πλάνην,
1037 1731 1129 1783 καὶ
1174 1730 1263 1784 τὸν
1301 1731 1457 1798 άγιον
1509 1730 1601 1784 τοῦ
1629 1730 1761 1786 Θεοῦ
1799 1731 2074 1796 τοιαύταις

497 1809 696 1875 αἰτίαις
727 1811 1048 1866 ὑποϐάλλειν
1075 1812 1498 1884 ἐπιχειροῦντες.
1553 1813 1692 1866 Ἀλλ’
1735 1815 1898 1886 ἡμεῖς
1934 1814 2073 1885 ὑπὲρ

489 1893 659 1949 αὑτοῦ
709 1893 809 1965 τὴν
845 1893 1142 1963 ἀπολογίαν
1187 1897 1254 1965 τῇ
1303 1896 1398 1948 τοῦ
1442 1895 1577 1948 Θεοῦ
1626 1897 1806 1968 χάριτι
1858 1897 2074 1968 ποιησό-

482 1976 656 2046 ομεθα.
709 1976 808 2041 Τίς
846 1973 938 2032 οὖν
975 1980 1122 2034 ἐστιν
1151 1979 1184 2039 ή
1211 1979 1544 2051 κατηγορία;
1591 1979 1850 2052 Ἀνάγκη,
1885 1979 2069 2050 φησὶν,

477 2061 657 2114 (αὑτὸν
685 2061 1031 2134 ἐπεσπάσατο
1062 2064 1089 2114 6
1129 2061 1279 2124 Θεός.
1330 2062 1467 2132 Ποία
1504 2062 1740 2133 ἀνάγκη,
1787 2061 2070 2133 ἀνθρωπες

480 2142 792 2196 ⁸Ἒκάλεσεν
817 2143 979 2196 αὑτὸν
1002 2142 1226 2197 ἀνωθεν.
1259 2144 1434 2217 Ὄλως
1456 2143 1748 2209 πιστεύεις,
1785 2145 1864 2199 ὅτι
1885 2144 2075 2198 ἐκάλε-

497 2243 588 2279 σεν
625 2227 789 2280 αὑτὸν
820 2227 1066 2295 ἀνωθενς
1104 2226 1313 2280 Οὑκοῦν
1342 2227 1437 2280 καὶ
1467 2227 1526 2280 σὲ
1564 2226 1718 2280 καλεῖ
1741 2228 1979 2298 τήμερον
2006 2226 2072 2278 δι’

492 2309 708 2382 ἐκείνης
747 2310 846 2381 τῆς
884 2312 1097 2379 φωνῆς,
1143 2309 1255 2364 ἀλλ’
1287 2311 1387 2381 οὑχ
1427 2311 1739 2376 ὑπακούεις.
1789 2312 1950 2382 Ὁρᾷς
1990 2311 2072 2364 ὄτι

492 2393 613 2464 οὐχὶ
640 2393 884 2463 ἀνάγκης
903 2389 971 2463 ἦν
1003 2393 1063 2446 τὸ
1092 2394 1354 2464 πρᾶγμας
1382 2394 1445 2446 Εἰ
1482 2394 1590 2464 γάρ
1615 2393 1826 2465 ἀνάγκη
1866 2389 1955 2464 ἦν,
1979 2394 2075 2446 καὶ

497 2473 559 2526 σὲ
596 2474 704 2527 ἔδει
737 2473 1033 2527 ὑπακούειν
1057 2491 1071 2504 '
1123 2476 1173 2527 εἰ
1202 2475 1260 2528 δέ
1287 2475 1352 2527 σὺ
1379 2476 1476 2544 οὑχ
1503 2476 1816 2542 ὑπακούεις,
1854 2474 2073 2546 εὔδηλον

484 2556 576 2609 6::
599 2557 848 2618 κάκεῖνος
881 2557 946 2609 ἐκ
972 2555 1342 2626 προαιρέσεως
1373 2559 1670 2627 ὑπήκουσε.
1705 2559 1816 2611 Καὶ
1849 2558 1934 2612 ἵνα
1971 2559 2075 2628 μά-

477 2636 626 2708 ιθητε
645 2639 729 2692 ὅτι
759 2637 892 2691 πολὺ
918 2637 1017 2709 μὲν
1050 2639 1131 2700 εἰς
1146 2638 1244 2708 τὴν
1267 2638 1480 2693 Παύλου
1505 2640 1774 2711 σωτηρίαν
1792 2643 1825 2710 ἡ
1857 2640 2070 2712 κλῆσις,

475 2721 745 2793 κκαθάπερ
775 2722 870 2776 καὶ
905 2723 985 2785 εἰς
1016 2719 1111 2794 τὴν
1139 2721 1247 2775 τῶν
1275 2721 1448 2778 ἄλλων
1472 2723 1725 2778 ἁπάντων
1750 2723 2070 2795 ἀνθρώπων,

476 2805 555 2858 τοὺ
608 2806 716 2876 μὴν
778 2805 981 2878 ἔρημον
1033 2804 1196 2858 αὑτὸν
1260 2805 1473 2876 ἀφῆκεν
1519 2800 1659 2860 εῖναι
1706 2806 1812 2861 τῶν
1858 2807 2074 2861 οἰκείων

477 2887 934 2958 ,κατορθωμάτων
981 2887 1076 2941 καὶ
1110 2887 1217 2941 τῶν
1251 2887 1343 2959 νδιά
1381 2888 1480 2959 τὴν
1531 2887 1782 2959 βούλησιν
1815 2887 2071 2953 ἐπαίνων,

490 2969 611 3023 οὑδέ
653 2969 960 3042 ἐλυμήνατο
1000 2969 1164 3025 αὑτοῦ
1210 2958 1274 3024 τδ
1329 2958 1706 3038 αὐτεξούσιον,
1771 2971 1884 3026 ἀλλ’
1932 2972 2074 3026 ἑκὼν

493 3053 794 3124 προσῆλθεν
823 3049 976 3118 οὗτος
1018 3055 1112 3108 καὶ
1165 3053 1224 3122 ἐξ
1248 3054 1454 3116 οἰκείας
1538 3054 1986 3125 εὐγνωμοσύνης,
2014 3054 2072 3121 ἐξ

494 3133 679 3205 ἐτέρου
705 3135 1145 3207 παραδείγματος
1165 3136 1321 3190 τοῦτο
1348 3139 1558 3208 ποιήσω
1588 3138 1841 3208 φανερόν.
1868 3137 2072 3190 Ἤκου-

494 3233 594 3270 σαν
631 3219 683 3273 οἰ
718 3218 955 3271 Ἰουδαῖοι
991 3220 1174 3288 φωνῆς
1217 3219 1421 3273 ἀνωθεν
1467 3219 1794 3289 φερομένης,
1830 3218 1949 3288 οὑχὶ
1977 3218 2070 3271 τοῦ

494 3298 656 3363 Υίοῦ,
684 3299 821 3353 ἀλλά
848 3299 940 3353 τοῦ
974 3301 1188 3370 Πατρὸς
1207 3339 1223 3365 ,
1264 3301 1392 3370 περὶ
1424 3300 1516 3353 τοῦ
1548 3300 1782 3369 Χριστοῦ
1811 3301 2073 3371 λεγούσης

475 3384 622 3453 περὶ
645 3382 754 3436 τῶν
790 3384 1089 3456 Ἰορδανίων
1119 3383 1353 3456 ῥείθρων
1376 3395 1425 3451 ι,
1464 3379 1650 3450 Οὗτός
1681 3385 1852 3438 ἐστιν
1873 3386 1905 3438 ὀ
1941 3387 2073 3450 Υίός

483 3483 606 3536 μου
633 3470 672 3520 ὀ
695 3468 1017 3536 ἀγαπητὸς,
1051 3468 1146 3522 καὶ
1173 3467 1422 3536 λέγουσιν
1452 3469 1647 3522 ἐκεῖνοι
1695 3464 1884 3535 Οὗτός
1901 3469 2074 3523 ἐστιν

472 3553 524 3604 -ηό
556 3549 805 3615 πλάνος.
841 3546 993 3615 Εἶδες
1023 3550 1254 3621 φανερὸν
1286 3550 1552 3621 πόλεμον;
1599 3546 1736 3615 εἶδες
1762 3552 1928 3623 δήλην
1969 3553 2072 3622 μά-

475 3649 631 3704 ,χηνς
673 3629 812 3696 εἶδες
851 3635 930 3686 6::
979 3633 1255 3705 πανταχοῦ
1304 3634 1722 3706 εὐγνωμοσύνης
1751 3635 1928 3707 χρεία,
1977 3638 2070 3690 καὶ

487 3715 666 3786 ψυχῆς
691 3715 1014 3781 ἀδεκάστου,
1065 3717 1158 3771 καὶ
1190 3717 1264 3788 μὴ
1289 3716 1840 3788 προκατειλημμένης
1869 3718 2066 3785 πάθει;

500 3795 636 3850 Ἰδοὺ
665 3797 904 3852 καὶέκεῖ
927 3798 1098 3871 φωνῂ,
1125 3799 1356 3854 ἐνταῦθα
1389 3801 1574 3871 φωνή·
1607 3799 1722 3853 ἀλλ’
1745 3802 1774 3854 6
1803 3801 1902 3872 μὲν
1921 3802 2070 3854 ἐπεί-

488 3881 645 3945 θετο,
682 3881 732 3934 οἰ
775 3880 832 3934 δὲ
865 3882 1168 3952 ἀντέλεγον.
1221 3883 1330 3936 Kal
1357 3884 1476 3954 οὑχὶ
1515 3884 1668 3954 φωνὴ
1702 3885 1890 3954 μόνον,
1933 3884 2069 3939 ἀλλά

467 3969 583 4023 ,καὶ
629 3968 690 4022 τὸ
733 3967 959 4036 Πνεῦμα
1008 3968 1064 4020 ἐν
1118 3966 1250 4020 εῖδει
1291 3971 1638 4040 περιστερᾶς.
1695 3967 1912 4040 Ἐπειδὴ
1960 3970 2068 4042 γάρ

485 4050 746 4116 ἐϐάπτιζε
797 4050 892 4120 μὲν
937 4049 1208 4118 Ἰωάννης,
1263 4047 1584 4112 ἐϐαπτίζετο
1627 4050 1684 4104 δὲ
1733 4051 1762 4103 6
1811 4051 2062 4121 Χριστὸς,

487 4134 575 4188 ἴνα
601 4133 677 4202 μὴ
706 4130 783 4200 τῷ
813 4129 1139 4200 ἀνθρωπίνῳ
1164 4129 1403 4200 σχήματι
1440 4132 1819 4204 προσέχοντες,
1849 4131 1939 4184 τὸν
1971 4132 2068 4202 βα-

485 4213 749 4278 πτίζοντα
780 4211 1000 4282 μείζονα
1031 4215 1125 4263 τοῦ
1152 4210 1547 4283 βαπτιζομένου
1582 4211 1720 4267 εἰναι
1751 4213 2062 4284 νομίσωσιν,

484 4293 649 4369 ἦλθεν
668 4297 701 4365 ἡ
731 4293 883 4366 φωνὴ
908 4292 1094 4347 τοῦτον
1116 4294 1210 4348 ἀπ’
1233 4295 1440 4348 ἐκείνου
1460 4295 1758 4368 διαιροῦσα.
1787 4296 1897 4350 Kal
1921 4297 2065 4351 ἐπει-

485 4377 552 4451 δὴ
579 4376 774 4449 ἄδηλον
799 4371 867 4448 ἦν
897 4377 1025 4448 περὶ
1053 4375 1197 4440 τίνος
1233 4377 1474 4451 ἔλεγεν-η
1509 4378 1660 4451 φωνὴ
1684 4379 1820 4449 ὅπερ
1855 4379 2059 4449 ἔλεγεν,

484 4457 614 4534 ἦλθε
645 4461 818 4516 καὶτὸ
840 4460 1064 4532 Πνεῦμα
1085 4461 1147 4514 τὸ
1173 4460 1328 4530 ἀγιον
1355 4463 1414 4514 ἐν
1441 4462 1571 4516 εῖδει
1595 4463 1939 4534 περιστερᾶς,
1963 4463 2062 4533 τὴν

486 4548 670 4619 φωνὴν
719 4545 814 4600 ἐπὶ
856 4547 955 4619 τὴν
1002 4545 1244 4617 κεφαλὴν
1289 4545 1445 4599 ἐλκον
1479 4543 1572 4599 τοῦ
1618 4545 1873 4616 Χριστοῦ.
1920 4547 2060 4600 Ἀλλ’

467 4631 635 4702 ϐμως
673 4631 768 4684 καὶ
813 4629 902 4683 διὰ
947 4629 1129 4699 φωνῆς
1175 4627 1336 4682 αὑτὸν
1369 4626 1636 4697 ἐκήρυξε,
1697 4629 1790 4681 καὶ
1832 4627 1921 4681 διὰ
1963 4629 2057 4683 τοῦ

461 4713 628 4772 ’11νεὺ
637 4731 804 4787 ματος
829 4713 1018 4780 ἔδειξε,
1043 4713 1138 4766 καὶ
1168 4711 1307 4784 μετά
1330 4711 1486 4764 τοῦτο
1509 4710 1600 4764 καὶ
1624 4710 1875 4782 Ἰωάννης
1905 4711 2054 4777 ἐϐόα,

481 4803 566 4856 ὅτι
596 4798 860 4869 Οὐκ-ειμι
893 4796 1100 4862 ἱκανὸς
1143 4796 1329 4850 αὐτοῦ
1359 4795 1546 4850 λῦσαι
1574 4793 1682 4848 τὸν
1712 4793 2057 4864 ίμάντα.τοῦ

461 4883 896 4954 -ὐποϐήματοςο
929 4880 1034 4936 καὶ
1089 4879 1256 4951 μυρία
1303 4877 1466 4949 ἕτερα
1515 4877 1608 4932 καὶ
1643 4876 1732 4930 διά
1776 4879 2055 4950 ῥημάτων,

481 4968 578 5021 καὶ⁵
597 4966 686 5019 διὰ
708 4964 1047 5036 πραγμάτων
1072 4961 1346 5032 μαρτύρια
1361 4959 1595 5028 ἐγένετο,
1615 4959 1711 5012 καὶ
1732 4960 1868 5029 πρὸς
1888 4959 2062 5014 ἃπαν-

481 5064 552 5101 τα
601 5045 1066 5116 άπετυφλώθησαν
1098 5063 1111 5076 ι
1173 5042 1373 5114 μᾶλλον
1415 5041 1471 5095 δέ
1515 5041 1694 5096 πάντα
1746 5040 1899 5114 [126]
1960 5043 2059 5114 μὲν

462 5127 793 5201 συνεώρων,
823 5128 997 5182 οὐδενὶ
1030 5127 1089 5181 δὲ
1116 5126 1224 5179 τῶν
1242 5123 1568 5195 λεγομένων,
1605 5124 1726 5178 οὑδέ
1755 5123 1862 5178 τῶν
1894 5140 2061 5196 πρατο

480 5213 724 5287 τομένων
750 5209 1056 5275 ἐπείθοντο,
1099 5212 1166 5280 τῇ
1205 5210 1370 5280 μανία
1401 5209 1500 5280 τῆς
1532 5209 1682 5282 παρά
1707 5209 1836 5262 τῶν.
1849 5208 2057 5263 πολλῶν

472 5299 638 5370 δόξης
670 5291 1202 5369 προκατειλημμένοι
1225 5292 1322 5361 τὴν
1343 5291 1600 5346 διάνοιαν.
1646 5293 1822 5363 Ὅπερ
1846 5287 1940 5346 οὖν
1965 5293 2058 5346 καὶ

465 5387 510 5438 ιὸ
539 5379 936 5451 εὑαγγελιστής-
952 5392 1142 5446 φησιν,
1167 5375 1248 5428 ὅτι
1283 5372 1466 5428 πολλοὶ
1491 5373 1598 5427 τῶν
1641 5375 1911 5428 Ἰουδαίων
1942 5375 2058 5428 ἐπί-

481 5481 710 5522 στευσαν
743 5465 822 5530 εἰς
845 5459 1026 5527 αὑτὸν,
1054 5457 1142 5512 διὰ
1183 5457 1242 5511 δέ
1263 5456 1392 5520 τοὺς
1418 5455 1685 5528 ἄρχοντας
1711 5457 1810 5528 οὑχ
1851 5456 2056 5528 ὠμολό.

546 5664 573 5691 ⁸
594 5668 762 5721 ιἰωοι
782 5674 1060 5730 conjectura
1085 5667 1254 5717 Savilii
1281 5687 1293 5716 :
1317 5667 1424 5730 περὶ
1449 5665 1750 5730 τάἸορδάνια
1772 5663 2051 5730 ῥεῖθρα.Ει).

1183 317 1186 320 ’
1213 309 1270 365 S.
1305 305 1591 365 IOAN'NIS
1628 301 2069 362 CHRYSOSTOI

2171 299 2484 357 ARCIHEP.
2529 293 3082 355 CONSTANTINOP.

2181 427 2330 478 γουν,
2364 408 2449 461 ἵνα
2481 407 2555 478 μὴ
2579 407 2991 475 ἀποσυνάγωγοι
3009 405 3294 474 γένωνται.
3323 406 3433 461 Kal
3465 407 3629 473 αὑτὸς
3657 411 3760 465 διὸ

2179 491 2411 562 Χριστὸς
2425 489 2598 558 ἔλεγε,
2619 488 2751 555 Πῶς
2765 490 3031 544 δύνασθε
3052 490 3382 556 πιστεύειν,
3403 489 3595 556 δόξαν
3605 496 3765 563 παρὰ

2179 573 2469 640 ἀλλήλων
2485 572 2921 641 λαμϐάνοντες,
2954 570 3051 624 καί
3085 570 3200 639 τὴν
3237 570 3428 636 δόξαν
3455 572 3574 641 τὴν
3603 575 3765 643 παρὰ

2178 656 2284 711 τοῦ
2311 657 2505 725 μόνου
2538 655 2687 708 Θεοῦ
2717 657 2789 708 οὐ
2817 653 3164 722 ζητοῦντεςς
3214 655 3354 708 Ἀλλ’
3378 655 3478 726 οὑχ
3505 658 3534 710 6
3555 655 3769 721 Παῦλος

2176 737 2370 801 οὑτως,
2399 735 2534 790 ἀλλά
2561 738 2691 806 μιᾶς
2739 736 2906 807 μόνης
2949 735 3186 799 ἀκούσας
3236 740 3420 808 φωνῆς
3461 738 3624 791 αὑτοῦ
3673 738 3765 792 τοῦ

2177 822 2530 892 διωκομένου,
2560 820 2762 882 εὐθέως
2799 820 3198 893 προσέδραμεν,
3229 822 3430 885 εὑθέως
3461 824 3758 892 ὑπήκουσε,

2175 904 2272 956 καὶ
2307 902 2504 972 πολλὴν
2533 902 2844 966 ἐπεδείξατο
2877 903 2979 972 τήν
3008 901 3334 975 μεταϐολήν.
3370 904 3510 957 Εἰδέ
3543 905 3621 976 μὴ
3653 905 3760 958 ἀπ-

2177 987 2417 1056 εκάμετε
2446 985 2525 1056 τῷ
2561 987 2725 1056 μήκει
2759 986 2866 1040 τῶν
2898 986 3223 1057 εἰρημένων,
3251 987 3331 1040 ἔτι
3354 990 3434 1051 εἰς
3461 987 3760 1060 ἐγγύτερον

2178 1069 2531 1141 παράδειγμα
2564 1069 2684 1136 ἄγω
2731 1068 2822 1122 τὸν
2857 1068 3033 1137 λόγον.
3061 1069 3172 1122 Καὶ
3213 1068 3325 1140 γάρ
3365 1069 3460 1124 καὶ
3495 1069 3590 1125 τοῦ
3625 1070 3759 1124 Υἰοῦ

2177 1151 2442 1221 ἤκουσαν,
2477 1151 2570 1205 καὶ
2596 1149 2774 1214 οὕτως
2799 1148 3040 1222 ἤκουσαν
3067 1148 3142 1213 ὼς
3178 1151 3388 1216 Παῦλος
3416 1150 3637 1223 ἤκουσε,
3668 1153 3766 1208 καὶ

2177 1236 2234 1288 ἐν
2265 1234 2442 1306 καιρῷ
2470 1235 2700 1305 τοιούτῳ
2739 1234 2999 1305 ἥκουσαν,
3055 1234 3152 1304 οἴῳ
3178 1231 3388 1297 Παῦλος
3419 1236 3640 1304 ἤκουσε,
3672 1236 3768 1290 καὶ

2175 1315 2296 1368 οὑδέ
2325 1314 2497 1378 οὕτως
2543 1316 2888 1370 ἐπίστευσαν.
2940 1316 3206 1386 Καθάπερ
3260 1317 3368 1388 γάρ
3414 1316 3624 1382 Παῦλος
3674 1320 3766 1372 ὅτε

2177 1399 2446 1469 ἐμαίνετο,
2464 1399 2553 1452 ὅτε
2584 1398 2918 1469 ὴγριαίνετο,
2939 1398 3028 1452 ὅτε
3051 1399 3306 1470 ἐπολέμει
3330 1402 3442 1462 τοῖς
3470 1396 3765 1472 μαθηταῖς,

2175 1484 2375 1553 ἢκουσε
2407 1483 2505 1553 τῆς
2553 1484 2770 1554 φωνῆς.
2813 1481 2958 1537 οὑτω
3007 1483 3103 1538 καὶ
3145 1483 3409 1537 Ἰουδαῖοι.
3473 1484 3618 1552 Ποῦ,
3669 1486 3769 1540 καὶ

2177 1566 2305 1620 πότε
2331 1583 2346 1631 ;
2391 1565 2643 1638 Ἐξῆλθον
2675 1569 2733 1620 ἐν
2761 1569 2828 1638 τῇ
2863 1567 3022 1620 νυκτὶ
3051 1567 3192 1636 μετά
3218 1567 3400 1636 φανῶν
3423 1569 3516 1622 καὶ
3544 1568 3768 1639 λαμπά-

2173 1649 2278 1703 δων
2305 1651 2384 1714 εἰς
2415 1649 2515 1720 τὴν
2545 1648 2805 1719 σύλληψιν
2837 1648 3002 1702 αὑτοῦ
3023 1663 3040 1679 ⁶
3081 1649 3330 1720 ἐνόμιζον
3361 1650 3470 1719 γὰρ
3489 1650 3770 1722 ἀνθρώπῳ

2172 1731 2311 1801 ψιλῷ
2343 1730 2697 1785 ἐπιτίθεσθαι,
2735 1731 3072 1802 Βουλόμενος
3110 1733 3290 1784 τοίνυν
3324 1734 3519 1796 αὑτοὺς
3551 1733 3766 1797 διδάξαι

2171 1813 2270 1884 τὴν
2290 1813 2515 1883 δύναμιν
2547 1813 2647 1884 τὴν
2677 1813 2899 1876 ἐαυτοῦ,
2943 1814 3039 1866 καὶ
3061 1813 3142 1866 ὅτι
3172 1813 3307 1877 Θεός
3334 1814 3471 1878 ἐστι,
3503 1815 3600 1866 καὶ
3623 1815 3765 1886 πρὸς

2173 1897 2372 1968 κέντρα
2396 1896 2730 1961 λακτίζουσι,
2757 1895 2905 1964 λέγει
2937 1896 3142 1958 αὑτοῖς.
3170 1895 3310 1949 Τίνα
3339 1894 3557 1963 ζητεῖτε
3579 1912 3600 1962 ;
3624 1899 3766 1966 Ἐμ-

2171 1979 2407 2052 προσθεν
2451 1978 2614 2034 αὑτοῦ
2664 1979 2756 2032 καὶ
2807 1978 3036 2048 πλησίον
3082 1979 3458 2049 εἰστήκεισαν,
3508 1981 3603 2032 καὶ
3651 1981 3755 2050 οὐχ

2173 2061 2358 2132 ἐώρων
2391 2061 2580 2132 αὑτόνς
2618 2061 2732 2114 ἀλλ’
2756 2059 2917 2124 αὑτὸς
2945 2062 2974 2114 6
2999 2059 3326 2131 ζητούμενος
3358 2061 3556 2124 αὐτοὺς
3586 2061 3762 2132 ἐχειρ-

2172 2143 2378 2212 αγώγει
2408 2143 2545 2215 πρὸς
2579 2145 2679 2214 τὴν
2706 2142 2924 2214 εὕρεσιν
2956 2143 3055 2214 τὴν
3102 2143 3320 2208 ἐαυτοῦ,
3355 2144 3444 2197 ῖνα
3493 2145 3766 2214 μάθωσιν⁹

2173 2226 2255 2280 ὄτι
2283 2227 2384 2280 οὑκ
2409 2227 2558 2281 ἄκων
2588 2225 2682 2278 ἐπὶ
2715 2225 2775 2278 τὸ
2808 2225 2982 2289 πάθος
3012 2225 3250 2296 ἔρχεται,
3287 2226 3389 2291 ὅτι,
3423 2227 3472 2278 εἰ
3497 2227 3575 2297 μὴ
3603 2225 3770 2280 ἐϐούο

2173 2307 2295 2362 λετο
2325 2308 2702 2380 συγχωρῆσαι,
2736 2309 2836 2362 οὑκ
2868 2307 2934 2362 ἂν
2965 2308 3362 2380 περιεγένοντο.
3394 2309 3519 2372 Πῶς
3545 2309 3679 2380 γὰρ,
3710 2311 3767 2362 οὶ

2177 2390 2311 2461 μηδέ
2339 2391 2518 2461 εὑρεῖν
2548 2389 2720 2445 αὑτὸνΔ
2736 2389 3056 2465 δυνηθέντες
3080 2407 3099 2455 ς
3153 2389 3219 2442 Τί
3253 2390 3417 2459 λέγω,
3457 2391 3635 2460 εὑρεῖν
3663 2392 3770 2444 αὑ-

2173 2473 2264 2526 τὸν
2289 2471 2368 2543 μὴ
2396 2471 2753 2542 δυνηθέντες;
2813 2471 2954 2525 Ἀλλ’
2998 2471 3121 2526 ούτε
3158 2471 3286 2526 ίδεῖν
3328 2473 3490 2526 αὑτὸν
3519 2474 3771 2544 παρόντα.

2177 2554 2404 2624 ἰσχυσαν
2423 2572 2436 2586 ·
2456 2555 2516 2607 οὑ
2547 2555 2709 2624 μόνον
2726 2555 2783 2608 δέ
2814 2555 3057 2626 παρόντα
3083 2554 3182 2608 οὑκ
3206 2554 3431 2624 ἴσχυσαν
3460 2554 3608 2617 ἰδεῖν,
3627 2555 3774 2609 ἀλλὰ

2174 2638 2266 2690 καλ⁹
2291 2636 2564 2706 ἐρωτῶντι
2593 2636 3035 2708 ἀποκρινόμενοι,
3066 2637 3186 2689 οὑδὲ
3205 2635 3378 2700 οὑτως
3398 2635 3595 2707 ᾔδεσαν
3613 2639 3773 2702 ὅστις

2173 2717 2303 2770 ποτέ
2331 2714 2397 2788 ἦν
2426 2720 2453 2772 6
2486 2719 2676 2789 παρών
2696 2736 2708 2749 ·
2742 2719 2884 2772 οὑτω
2922 2718 3038 2788 μεθ’
3065 2719 3372 2789 ὑπερϐολῆς
3397 2719 3615 2788 ἀπάσης
3647 2720 3769 2772 ἀπο

2172 2799 2480 2869 ετύφλωσεν
2502 2801 2680 2854 αὑτῶν
2708 2802 2832 2864 τοὺς
2861 2800 3194 2871 ὀφθαλμούς.
3225 2803 3335 2855 Kal
3378 2803 3438 2854 οὑ
3472 2801 3631 2856 τοῦτο
3667 2803 3772 2872 μό-

2171 2899 2277 2947 νον,
2309 2883 2444 2936 ἀλλά
2474 2885 2568 2937 καὶ
2615 2884 2838 2946 ὑπτίους
2866 2883 3086 2954 ἔρριψεν
3132 2884 3330 2946 αὐτοῦς
3352 2885 3418 2954 τῇ
3457 2887 3608 2954 φωνῇ
3629 2901 3645 2916 ο
3687 2887 3774 2937 εἰ-

2173 2964 2362 3028 πόντος
2394 2964 2502 3035 γὰρ
2522 3006 2538 3030 ,
2593 2966 2728 3018 Τίνα
2753 2965 2965 3036 ζητεῖτε
2990 3011 3006 3034 ,
3057 2965 3296 3036 ἀπῆλθον
3329 2965 3532 3028 πάντες
3585 2969 3666 3031 εἰς
3693 2967 3773 3020 τὰ

2170 3048 2346 3104 ὀπίσω
2375 3049 2484 3104 ἀπὸ
2507 3050 2607 3120 τῆς
2633 3051 2815 3121 φωνῆς
2841 3049 3066 3123 ταύτης.
3117 3050 3330 3122 Ὠσπερ
3360 3051 3470 3122 γὰρ
3495 3051 3585 3104 τὸν
3616 3051 3773 3104 Παῦ-

2170 3135 2260 3189 λον
2292 3139 2328 3206 ή
2361 3134 2512 3205 φωνὴ
2555 3134 2844 3200 κατέϐαλε,
2881 3137 2977 3190 καὶ
3015 3135 3198 3207 πρηνῆ
3239 3135 3452 3190 κεῖσθαι
3479 3136 3766 3206 ἐποίησεν,

2171 3218 2313 3271 οὑτω
2353 3216 2446 3270 καὶ
2476 3215 2699 3280 τούτους
2733 3219 2768 3288 η
2801 3218 2951 3288 φωνὴ
2997 3219 3204 3281 πάντας
3237 3218 3458 3290 ἔρριψεν
3489 3219 3748 3284 ὑπτίουςο

2172 3303 2266 3355 καὶ
2312 3301 2501 3372 ὥσπερ
2534 3292 2692 3363 οὗτος
2751 3301 2852 3355 οὑκ
2897 3301 3092 3355 ἐϐλεπε
3144 3301 3234 3355 τὸν
3282 3302 3614 3371 διωκόμενον
3667 3303 3760 3356 ὑπ’

2172 3383 2361 3451 αὑτοῦ,
2385 3383 2556 3448 οὑτως
2583 3386 2781 3438 ἐκεῖνοι
2810 3385 2910 3438 οὑκ
2934 3383 3160 3438 ἔϐλεπον
3186 3385 3276 3438 τὸν
3302 3383 3631 3455 ζητούμενον
3669 3387 3768 3439 ὑπ’

2172 3467 2378 3523 αὑτῶν·
2405 3466 2593 3538 ῶσπερ
2620 3459 2775 3530 οὗτος
2803 3467 2860 3520 ἐν
2890 3465 2967 3535 τῷ
2997 3466 3175 3537 καιρῷ
3215 3467 3314 3536 τῆς
3341 3465 3536 3535 μανίας
3564 3467 3768 3521 ἀπετυ-

2172 3551 2356 3622 φλὼθη
2381 3590 2396 3613 ,
2447 3551 2686 3604 κάκεῖνοι
2712 3551 2769 3605 ἐν
2801 3549 2954 3618 αὑτῷ
2981 3549 3059 3620 τῷ
3084 3548 3259 3620 καιρῷ
3286 3551 3386 3622 τῆς
3418 3550 3612 3619 μανίας
3647 3551 3767 3604 ἀπ-

2169 3633 2573 3703 ετυφλὼθησαν.
2606 3633 2716 3685 Kal
2739 3631 2848 3703 γάρ
2887 3634 3110 3695 ἐκεῖνος,
3145 3631 3231 3684 ὅτε
3263 3631 3555 3703 ἐπορεύετο
3587 3633 3756 3702 δῆσαι

2168 3719 2295 3781 τοὺς
2327 3715 2597 3786 μαθητάς,
2626 3714 2718 3767 καὶ
2742 3707 2909 3781 οὗτοι,
2949 3715 3036 3767 ὅτε
3071 3711 3291 3784 ἐξῆλθον
3317 3714 3477 3784 δῆσαι
3505 3715 3595 3769 τὸν
3620 3716 3761 3786 Χρι-

2173 3803 2318 3865 στὸν,
2353 3800 2527 3854 ταὺτά
2551 3799 2771 3852 ἔπαθον.
2796 3799 2906 3852 Καὶ
2937 3801 3054 3852 ἐκεῖ
3073 3799 3265 3868 δεσμὰ,
3298 3800 3393 3852 καὶ
3417 3798 3648 3854 ἐνταῦθα
3673 3804 3765 3858 δε-

2171 3885 2310 3956 σμά’
2359 3883 2452 3937 καὶ
2489 3885 2606 3936 ἐκεῖ
2627 3881 2830 3945 δίωξις,
2860 3882 2954 3935 καὶ
2993 3879 3225 3935 ἐνταῦθα
3251 3881 3467 3945 δίωξιςο
3513 3883 3608 3936 καὶ
3636 3884 3762 3936 ἐκεῖ

2169 3971 2436 4042 πήρωσις,
2471 3967 2566 4021 καὶ
2589 3965 2821 4020 ἐνταῦθα
2855 3967 3131 4038 πήρωσις·
3181 3965 3276 4020 καὶ
3308 3968 3424 4019 ἐκεῖ
3448 3967 3622 4036 φωνὴ,
3655 3968 3755 4020 καὶ

2169 4050 2402 4105 ἐνταῦθα
2430 4051 2580 4120 φωνή
2601 4064 2616 4078 ⁶
2647 4049 2742 4102 καὶ
2761 4049 2924 4119 ὁμοία
2950 4049 3052 4120 τῆς
3079 4047 3171 4103 τοῦ
3203 4049 3439 4119 Χριστοῦ
3469 4050 3756 4120 δυνάμεως

2169 4137 2203 4206 ή
2234 4132 2474 4200 ἔνδειξις,
2502 4134 2664 4204 ὅμοια
2683 4131 2752 4186 τά
2783 4133 3070 4203 φάρμακα,
3092 4131 3206 4185 ἀλλ’
3233 4131 3332 4202 οὑχ
3362 4132 3525 4202 ὁμοία
3550 4134 3583 4202 η
3613 4131 3756 4203 διόρ-

2167 4218 2364 4282 θωσις·
2418 4219 2468 4270 οἰ
2511 4217 2620 4286 γάρ
2672 4215 2968 4285 κάμνοντες
3020 4215 3220 4287 πολλὴν
3266 4212 3410 4285 εἶχον
3465 4215 3752 4286 διαφοράν.

2165 4302 2231 4354 Τί
2263 4301 2372 4373 γάρ
2402 4299 2881 4371 ἀναισθητότερον,
2929 4298 2980 4351 τί
3007 4298 3065 4352 δὲ
3097 4298 3573 4369 ἀγνωμονέστερον
3607 4298 3754 4352 ἐκεί-

2165 4403 2308 4450 νων;
2340 4386 2574 4438 Ἐπεσον
2595 4383 2788 4446 ὀπίσω,
2812 4383 2904 4436 καὶ
2931 4382 3093 4435 πάλιν
3115 4381 3439 4453 ἀνέστησαν,
3469 4381 3564 4434 καὶ
3591 4381 3759 4435 πάλιν

2163 4468 2438 4522 ἐπέθεντο.
2463 4463 2611 4538 *Δρα
2649 4464 2757 4519 τῶν
2791 4465 2952 4518 λίθων
2985 4465 3086 4517 οὑκ
3109 4459 3248 4535 ἦσαν
3273 4463 3756 4535 ἀναισθητότεροις

2163 4551 2274 4604 Kal
2293 4550 2380 4602 ἴνα
2398 4549 2664 4618 μάθωσιν,
2683 4549 2763 4602 ὅτι
2786 4543 2938 4610 οὗτός
2967 4549 3114 4599 ἐστιν
3141 4548 3170 4600 6
3193 4545 3362 4600 εἰπὼν
3379 4548 3584 4610 αὑτοῖς,
3614 4548 3758 4601 Τίνα

2162 4630 2520 4701 ζητεῖτεςκαὶ
2543 4631 2711 4703 ῥίψας
2736 4630 2909 4682 ὀπίσω
2939 4629 3157 4692 αὑτοὺς,
3179 4627 3326 4696 λέγει
3360 4630 3544 4690 αὐτοῖς
3565 4627 3756 4694 πάλιν,

2165 4715 2312 4787 [127]
2335 4715 2764 4784 ὅτε-ἀνέστησαν,
2788 4714 2927 4765 Τίνα
2948 4710 3170 4780 ζητεῖτε
3186 4727 3204 4773 .'
3222 4712 3315 4764 καὶ
3337 4711 3587 4778 λέγουσιν
3603 4747 3619 4772 ,
3649 4710 3758 4778 ’1η-

2160 4799 2319 4853 σοῦν
2332 4816 2346 4827 ο
2363 4798 2511 4866 λέγει
2533 4799 2736 4861 αὐτοῖς,
2758 4791 2951 4849 Εἶπον
2966 4793 3128 4863 ὑμῖν,
3147 4793 3235 4847 ὅτι
3251 4792 3366 4863 ἐγώ
3387 4795 3504 4862 εἰμι
3519 4810 3532 4824 ·
3561 4809 3751 4863 μονονο

2161 4883 2282 4952 ουχί⁵
2303 4881 2732 4950 λέγων,Μάθετε
2760 4879 2840 4932 ὃτι
2873 4879 2964 4932 καὶ
2989 4881 3018 4931 6
3045 4877 3151 4948 πρὸ
3171 4877 3361 4930 τούτου
3393 4875 3584 4939 εἰπὼν,
3614 4878 3757 4932 Τίνα

2162 4963 2418 5031 ζητεῖτε;
2448 4963 2543 5016 καὶ
2561 4962 2720 5033 ῥίψας
2754 4961 2919 5031 ὑμᾶς,
2948 4959 3060 5027 ἐγώ
3085 4960 3221 5029 εἰμι.
3254 4959 3394 5012 Ἀλλ’
3412 4959 3563 5013 οὐδὲν
3590 4959 3757 5013 πλέον

2163 5049 2226 5098 ἐκ
2241 5046 2433 5098 τούτου
2461 5045 2699 5113 ἐγένετο,
2722 5043 2836 5097 ἀλλ’
2857 5043 3079 5112 ἔμειναν
3106 5043 3198 5094 ἐπὶ
3226 5041 3328 5110 τῆς
3351 5041 3530 5095 αὑτῶν
3552 5040 3755 5111 πωρώ·

2163 5126 2488 5192 σεως.Ταῦτ’
2502 5123 2595 5180 οῦν
2610 5127 2825 5180 ἅπαντα
2837 5127 2900 5180 ἐκ
2917 5123 3260 5195 παραλλήλου
3281 5121 3607 5194 συγκρίνων,
3625 5123 3755 5192 μάν-

2162 5209 2284 5262 θανε
2314 5207 2576 5280 ἀκριϐῶς,
2609 5210 2806 5262 ὅτιούκ
2843 5207 2902 5274 ἐξ
2928 5206 3174 5276 ἀνάγκης
3204 5205 3476 5278 προσῆλθε
3514 5203 3753 5269 Παῦλος,

2161 5293 2275 5346 ἀλλ’
2313 5293 2423 5346 ἀπὸ
2455 5291 2633 5362 ψυχῆς
2665 5291 3006 5363 εὐγνώμονος
3038 5289 3132 5344 καὶ
3159 5290 3461 5344 ἀδεκάστου
3501 5286 3748 5342 συνειδό-

2161 5391 2270 5428 τοῖ.

2233 5485 2307 5550 ς’.
2341 5485 2404 5538 Εἰ
2433 5484 2488 5538 δὲ
2511 5486 2825 5558 καρτερεῖτε
2853 5484 2947 5538 καὶ
2976 5484 3299 5554 ὑπομένετε,
3324 5483 3515 5555 ἕτερον
3531 5485 3756 5554 ἐγγύτε-

2165 5591 2255 5646 ρον
2277 5573 2479 5628 τοῦτον)
2495 5572 2640 5641 λέγω
2671 5571 2853 5638 πάλιν,
2899 5573 3294 5644 ἀναντίρρητον
3317 5571 3442 5642 ἔχον
3469 5569 3750 5636 ἀπόδειξιν

2161 5657 2254 5713 τοῦ
2286 5659 2363 5731 μὴ
2390 5658 2510 5713 κατ’
2537 5658 2782 5728 ἀνάγκην
2815 5657 2906 5711 τὴν
2934 5654 3145 5710 Παῦλον
3181 5654 3640 5726 προσεληλυθέναι
3665 5650 3749 5721 τῷ
