4060 6252
348 268 443 329 Nl
1028 263 1120 322 DE
1159 259 1497 323 FERENDIS
1535 256 1965 322 REPREHENS.
2008 257 2100 318 ΕΤ
2143 262 2229 320 DE
2257 261 2514 325 MUTAT.
2554 264 2885 327 NOMINUM.
2922 266 3010 324 111.

343 398 467 440 cum
491 381 701 438 nullum
723 393 856 452 opus
884 379 1082 437 bonum
1126 394 1291 451 penes
1318 394 1381 438 se
1404 377 1665 446 haberet,
1693 386 1749 433 et
1776 376 1935 431 illatre

346 474 779 546 persequutionis
807 473 907 528 sibi
928 473 1172 528 conscius
1205 479 1384 541 esset,
1415 470 1541 527 dum
1572 470 1718 525 illam
1753 482 1938 524 vocem

338 565 555 621 Iaudiret
568 565 594 618 ?

410 656 473 714 ‘5.
517 654 774 710 Probatur
812 653 1041 710 Paulum
1079 655 1231 710 libere
1256 655 1542 720 accessisse,
1573 669 1676 707 non
1721 657 1939 708 necessi-

344 756 564 801 tate.—-
594 744 792 800 Verum
837 746 1116 816 insurgunt
1146 754 1331 801 contra
1378 760 1476 799 nos
1518 743 1733 815 quidam
1783 760 1797 798 :
1842 758 1938 798 vos

337 845 524 892 autem
552 851 620 892 ne
646 835 1031 906 defatigemini,
1059 844 1344 906 appetente
1372 835 1494 891 licet
1520 848 1785 904 vespera:
1815 848 1939 888 nam

339 939 444 995 pro
485 924 653 984 Paulo
695 924 983 996 loquimur,
1025 941 1122 996 pro
1148 926 1346 992 Paulo,
1382 925 1473 996 qui
1511 940 1607 996 per
1651 924 1941 979 triennium

348 1025 513 1071 nocte
536 1015 729 1086 dieque
757 1015 1044 1086 discipulos
1064 1017 1268 1073 docuit.
1298 1016 1581 1086 lnsurgunt
1626 1015 1806 1086 itaque
1829 1015 1940 1086 jam

339 1105 635 1161 adversum
662 1120 760 1162 nos
799 1106 998 1177 aliqui,
1044 1116 1099 1162 et
1126 1108 1315 1163 dicunt
1361 1125 1375 1159 :
1415 1107 1619 1177 Ecquid
1660 1107 1853 1161 mirum
1894 1105 1942 1160 si

345 1194 544 1251 Paulus
573 1195 893 1251 accesserit?
916 1211 1036 1252 cum
1081 1198 1227 1253 Deus
1254 1213 1440 1253 vocem
1469 1198 1615 1251 illam
1664 1198 1816 1267 quasi
1856 1196 1940 1251 fu-

344 1302 476 1342 nem
501 1285 568 1342 ad
582 1287 783 1343 collum
811 1288 928 1358 ejus
948 1289 1220 1359 iujecerit,
1252 1300 1308 1344 et
1353 1289 1432 1344 sic
1457 1288 1607 1342 illum
1634 1286 1701 1343 ad
1726 1302 1787 1342 se
1832 1296 1941 1341 tra-

348 1377 510 1432 xerit.
541 1377 792 1432 Animum
820 1377 1104 1449 diligenter
1140 1378 1411 1433 adhibete.
1453 1378 1663 1433 Etenim
1694 1378 1809 1433 haec
1859 1393 1946 1433 ar-

340 1468 552 1538 gutatio
574 1469 1047 1524 nobiscommunis
1072 1480 1153 1525 est
1167 1485 1296 1525 cum
1323 1469 1602 1540 gentilibus
1629 1477 1683 1525 et
1707 1484 1829 1525 cum
1849 1468 1944 1525 Ju-

340 1560 501 1629 dazis,
542 1561 634 1632 qui
663 1560 1050 1616 incredulitatis
1070 1576 1185 1616 suae
1213 1570 1575 1633 tegumentum
1600 1562 1655 1617 id
1689 1577 1808 1619 esse
1836 1578 1938 1634 pu-

347 1662 503 1720 tant,
536 1654 583 1708 si
610 1654 783 1708 virum
804 1653 1008 1723 justum
1040 1655 1316 1719 incusent,
1351 1654 1518 1725 ignari
1558 1668 1617 1709 se
1660 1654 1943 1724 dupliciter

346 1760 597 1815 peccare,
620 1754 676 1801 et
692 1743 834 1816 quod
851 1760 1091 1801 errorem
1110 1761 1261 1801 suum
1284 1760 1389 1800 non
1408 1744 1699 1815 deponant,
1722 1754 1775 1801 et
1801 1744 1943 1816 quod

344 1846 597 1894 sanetum
613 1838 704 1892 Dei
714 1837 974 1907 ejusmodi
988 1837 1447 1893 criminationibus
1463 1836 1944 1907 impetant.Verum

348 1941 457 1983 nos
474 1929 565 1983 Dei
580 1928 747 1998 gratia
768 1928 902 1995 fulti,
916 1930 1032 1999 ejus
1047 1929 1412 1985 defensionem
1429 1930 1798 2000 suscipiemus.
1819 1932 1949 1997 Quae

352 2019 520 2090 igitur
536 2021 804 2076 accusatio
830 2021 953 2076 est?
985 2020 1068 2088 Vi,
1087 2021 1352 2091 inquiunt,
1376 2019 1521 2075 illum
1536 2021 1760 2075 attraxit
1782 2021 1943 2076 Deus.

347 2110 471 2176 Qua
500 2112 589 2179 vi,
612 2113 684 2166 mi
713 2112 909 2167 homo?
930 2111 1177 2182 Superne
1205 2112 1417 2167 vocavit
1445 2126 1589 2167 eum.
1616 2110 1805 2167 Credis
1827 2126 1947 2166 om-

349 2200 485 2255 nino
529 2200 673 2269 quod
700 2216 825 2256 eum
854 2216 1087 2272 superne
1114 2201 1425 2257 vocaverit?
1469 2202 1627 2272 Atqui
1652 2211 1711 2257 te
1735 2216 1949 2273 quoque

350 2292 520 2347 hodie
545 2295 702 2347 Vocat
725 2307 822 2362 per
848 2292 992 2346 illam
1033 2308 1220 2348 vocem
1240 2335 1256 2356 ,
1297 2302 1352 2348 et
1379 2302 1434 2347 tu
1476 2308 1586 2348 non
1614 2293 1948 2364 obsequeris.

356 2380 548 2437 Viden’
568 2396 674 2437 non
715 2382 881 2437 fuisse
906 2382 1036 2437 illud
1062 2382 1441 2438 necessitatis?
1468 2382 1602 2437 Nam
1628 2382 1672 2437 si
1714 2380 1951 2437 necessi-

350 2472 482 2526 tatis
508 2470 730 2539 fuisset,
758 2486 895 2542 opus
943 2481 1059 2529 erat
1088 2482 1149 2528 ut
1171 2458 1233 2529 et"
1256 2483 1312 2528 tu
1339 2473 1607 2528 obedires.
1629 2473 1788 2542 Quod
1815 2473 1859 2527 si
1892 2481 1947 2529 tu

350 2576 467 2618 non
492 2562 711 2618 obedias
730 2604 745 2630 ,
771 2563 945 2634 palam
970 2574 1052 2619 est
1074 2579 1196 2621 eum
1221 2579 1287 2619 ex
1314 2564 1593 2619 voluntate
1623 2564 1944 2621 obedivisse.

356 2651 430 2707 Et
457 2661 516 2707 ut
542 2651 760 2709 discatis
784 2653 1123 2710 vocationem
1159 2654 1383 2709 multum
1420 2654 1493 2709 'ad
1533 2654 1683 2709 Pauli
1720 2655 1949 2710 salutem

350 2743 686 2811 contulisse,
745 2744 1194 2813 quemadmodum
1232 2753 1286 2799 et
1314 2743 1381 2798 ad
1424 2744 1653 2798 aliorum
1705 2744 1945 2799 omnium

356 2834 636 2890 hominum
656 2876 671 2902 ,
697 2850 798 2890 nec
823 2846 1000 2891 tamen
1025 2836 1171 2890 illum
1202 2835 1357 2891 bonis
1381 2835 1632 2905 operibus
1651 2878 1666 2903 ,
1695 2844 1748 2890 et
1777 2834 1949 2890 laudi-

355 2925 483 2991 bus,
515 2941 633 2995 qua:
664 2926 856 2982 merito
884 2928 1173 2982 voluntatis
1207 2927 1573 2998 acquiruntur,
1608 2941 1834 2983 vacuum
1858 2938 1950 2982 re-

359 3016 612 3086 liquisse.
638 3033 814 3088 neque
844 3018 1070 3074 liberum
1111 3019 1229 3088 ejus
1258 3018 1539 3073 arbitrium
1568 3018 1948 3085 labefactasse,

362 3107 461 3161 sed
486 3107 737 3164 libentem
766 3123 886 3165 eum
917 3108 1132 3179 proprio
1156 3109 1313 3165 bona:
1356 3110 1641 3164 voluntatis
1681 3116 1828 3165 motu
1862 3123 1954 3165 ac-

358 3199 595 3255 cessisse
626 3218 639 3252 :
670 3200 776 3255 alio
804 3202 1051 3271 exemplo
1078 3201 1129 3255 id
1157 3202 1373 3272 planum
1406 3200 1619 3256 faciam.
1651 3188 1977 3257 Audierunt‘

356 3289 533 3345 Judzei
562 3305 745 3346 vocem
766 3305 1002 3362 superne
1032 3292 1339 3362 loquentem
1359 3333 1373 3358 ,
1408 3307 1513 3347 non
1539 3288 1660 3347 Filii
1686 3334 1700 3359 ,
1730 3292 1824 3348 sed
1853 3293 1953 3347 Pa-

357 3381 464 3435 tris
489 3380 557 3435 de
584 3381 799 3437 Christo
820 3382 1088 3452 loquentis
1109 3382 1173 3437 ad
1208 3382 1456 3438 Jordanis
1480 3382 1680 3437 ﬂuenta
1705 3423 1719 3449 ,
1752 3381 1852 3435 Hic
1881 3392 1954 3436 est

373 3468 956 3538 Filiusmeusdilectus;
993 3472 1146 3527 atilli
1198 3472 1413 3539 dicunt,
1466 3472 1565 3526 Hic
1607 3482 1681 3526 est
1721 3472 1955 3526 seductor

357 3561 455 3615 ille
480 3561 692 3632 (Matth.
716 3563 769 3618 5.
813 3565 902 3617 17.
935 3573 981 3617 et
1002 3562 1095 3617 ‘27.
1125 3564 1238 3631 63).
1262 3564 1450 3619 Viden’
1478 3564 1821 3619 manifestum
1847 3563 1957 3619 bel-

359 3654 518 3708 lum?
546 3654 719 3710 viden'
754 3664 998 3725 apertam
1045 3657 1316 3727 pugnam?
1352 3656 1526 3711 viden’
1554 3657 1751 3728 ubique
1798 3666 1956 3729 grato

358 3753 423 3799 et
472 3744 738 3801 benevolo
788 3748 968 3802 animo
1009 3763 1131 3803 esse
1176 3763 1311 3818 opus
1336 3790 1351 3815 ,
1375 3748 1658 3819 animaque
1701 3750 1912 3806 sincera
1937 3793 1952 3817 ,

358 3850 541 3906 neque
568 3836 762 3892 aﬂectu
803 3839 1205 3909 praeoccupate?
1229 3833 1369 3894 Ecce
1393 3847 1449 3894 et
1473 3840 1580 3895 illic
1609 3853 1710 3895 vox
1732 3881 1747 3906 ,
1788 3850 1843 3896 et
1870 3841 1958 3897 hic

360 3941 468 3981 vox
504 3945 520 3983 :
563 3927 659 3982 sed
701 3927 789 3983 ille
818 3928 1240 4000 obtemperabat,
1274 3931 1327 3984 hi
1354 3932 1742 4002 repugnabant.
1772 3930 1957 4005 Neque

358 4029 575 4075 tantum
616 4034 718 4075 vox
744 4021 975 4087 auditur,
1007 4021 1102 4077 sed
1134 4023 1364 4093 Spiritus
1410 4019 1463 4078 in
1488 4024 1751 4080 columbae
1776 4027 1957 4097 specie

362 4110 595 4166 videtur.
627 4111 759 4167 Cum
790 4110 933 4166 enim
961 4111 1191 4169 Joannes
1212 4113 1536 4185 baptizaret,
1564 4114 1809 4171 Christus
1828 4131 1957 4172 vero

364 4202 747 4274 baptizaretur,
779 4219 850 4261 ne
875 4205 1161 4261 humanam
1184 4206 1404 4277 ﬁguram
1426 4215 1750 4277 spectantes,
1785 4208 1957 4279 bapti-

367 4303 579 4349 zantem
621 4295 889 4367 baptizato
918 4298 1341 4368 praestantiorem
1377 4299 1780 4373 existimarent,
1811 4301 1957 4355 venit

365 4399 470 4439 vox
505 4399 624 4455 quae
644 4384 789 4441 hunc
822 4386 891 4441 ab
919 4387 1009 4442 illo
1037 4388 1409 4459 distingueret.
1441 4388 1510 4443 Et
1535 4386 1662 4460 quia
1691 4390 1955 4446 incertum

365 4489 488 4531 esse
502 4474 779 4531 videbatur
793 4476 861 4533 de
874 4492 1103 4548 quonam
1117 4493 1220 4533 vox
1237 4478 1324 4533 illa
1341 4480 1821 4549 loqueretur,venit
1835 4480 1957 4551 Spi-

368 4567 504 4621 ritus
533 4575 751 4622 sanctus
776 4568 829 4623 in
849 4568 1029 4638 specie
1054 4569 1317 4624 columbae
1337 4611 1352 4637 ,
1376 4570 1465 4640 qui
1492 4585 1675 4626 vocem
1700 4572 1751 4625 iu
1797 4580 1958 4642 caput

364 4656 567 4712 Christi
606 4657 850 4715 duceret.
893 4659 1142 4715 Attamen
1185 4669 1242 4716 et
1267 4676 1363 4730 per
1392 4675 1576 4716 vocem
1611 4662 1955 4732 praedicavit,

366 4756 423 4801 et
449 4762 547 4819 per
572 4748 827 4818 Spiritum
866 4751 1136 4815 ostendit,
1166 4751 1508 4823 Joannesque
1550 4763 1735 4823 postea
1760 4755 1958 4811 clama-

365 4839 485 4905 bat,
538 4837 661 4893 Non
704 4855 818 4894 sum
841 4840 1026 4911 dignus
1046 4882 1061 4906 ,
1089 4843 1175 4912 qui
1209 4843 1480 4915 corrigiam
1507 4843 1699 4899 solvam
1753 4848 1955 4901 calcea-

368 4932 527 4987 menti
550 4932 662 5002 ejus
687 4933 840 5005 (Luc.
870 4935 924 4990 3.
954 4935 1048 5008 16)
1074 4953 1087 4989 :
1116 4936 1280 4992 multa
1321 4953 1535 5009 quoque
1575 4940 1675 4994 alia
1705 4950 1811 4997 tam
1840 4958 1959 4998 ver-

362 5023 589 5091 borum,
621 5041 780 5097 quam
807 5040 1028 5098 operum
1060 5028 1362 5085 testimonia
1402 5043 1777 5100 accesserunt,
1809 5042 1864 5089 et
1888 5034 1956 5089 ad

365 5118 547 5172 omnia
563 5118 617 5173 in
637 5119 877 5174 excitate
892 5130 1238 5187 manserunt;
1260 5123 1367 5177 imo
1383 5123 1625 5179 viderunt
1645 5125 1844 5189 omnia,
1860 5127 1958 5182 sed

367 5224 543 5280 neque
560 5209 718 5266 dictis
737 5227 910 5283 neque
938 5211 1089 5268 factis
1114 5213 1409 5279 credidere,
1435 5216 1790 5286 prmjudicatze
1819 5217 1957 5287 vulgi

366 5301 637 5370 Opinionis
680 5303 883 5358 insania
914 5305 1149 5375 ipsorum
1181 5316 1416 5361 mentem
1442 5318 1757 5377 occupautc.
1805 5308 1959 5378 Quod

366 5390 527 5445 etiam
549 5392 876 5462 evangelista
906 5393 1033 5449 dicit
1063 5413 1075 5448 :
1118 5395 1316 5450 multos
1358 5412 1549 5466 nempe
1570 5396 1874 5453 Judmorum
1906 5400 1957 5453 in

368 5483 519 5538 illum
546 5484 873 5552 credidisse;
903 5486 996 5542 sed
1020 5497 1164 5543 metu
1195 5490 1492 5560 principum
1518 5490 1690 5573 lpspm
1714 5491 1958 5548 confiteri

369 5591 475 5628 tum
495 5591 655 5631 ausos
666 5591 807 5644 esse,
825 5593 931 5633 nea
946 5594 1215 5651 synagoga
1229 5580 1549 5652 ejicerentur
1564 5582 1740 5653 (Joau.
1751 5583 1930 5656 12.42)
1941 5623 1958 5640 .

373 5664 488 5733 ipse
532 5680 662 5722 vero
706 5666 951 5725 Christus
992 5669 1246 5727 dicebat:
1296 5671 1561 5739 Quomodo
1597 5676 1801 5746 potestis
1845 5693 1956 5730 cre-

3523 268 3625 321 112

2043 378 2192 443 dere,
2218 380 2304 449 qui
2329 376 2545 451 gloriam
2572 382 2633 435 ab
2659 382 2870 435 invicem
2895 381 3118 450 accipitis
3139 421 3154 445 ,
3186 389 3231 434 et
3256 379 3494 448 gloriam,
3518 394 3634 450 qua:

2043 483 2074 521 a
2103 468 2212 524 solo
2238 470 2345 525 Deo
2368 482 2459 538 est,
2489 488 2585 525 non
2608 471 2830 542 quazritis
2858 470 3035 542 (Joan.
3065 470 3117 525 5.
3143 469 3272 540 45)?
3304 469 3497 525 Verum
3520 485 3625 522 nou

2044 559 2114 613 ita
2158 559 2387 627 Paulus;
2435 561 2528 616 sed
2554 576 2654 615 una
2687 561 2859 615 solum
2885 560 3063 615 audita
3114 573 3243 614 voce
3272 558 3417 629 ejus,
3466 561 3627 628 quem

2045 650 2133 707 ille
2164 654 2600 722 persequebatur,
2643 654 2819 708 statim
2864 653 3115 718 accurrit,
3158 652 3337 706 statim
3363 651 3626 716 obedivit.

2046 750 2101 797 et
2145 758 2388 813 magnam
2422 756 2528 811 prae
2556 759 2613 798 se
2642 744 2760 798 tulit
2789 744 3214 797 conversionem.
3254 742 3405 808 Quod
3447 741 3492 795 si
3543 741 3629 795 di-

2043 842 2252 888 ctorum
2295 834 2596 903 prolixitalc
2644 850 2748 889 non
2775 832 3171 905 deﬁitigemini,
3210 833 3281 886 ad
3327 829 3470 885 aliud
3507 846 3633 901 pro-

2048 927 2297 998 pinquius
2333 927 2638 997 exemplum
2668 910 2919 997 propero.
2967 924 3177 980 Etenim
3218 932 3277 980 et
3320 923 3512 978 Filiqu
3545 937 3635 975 au-

2047 1017 2258 1074 dierunt
2280 1059 2295 1085 ,
2344 1028 2504 1089 atque
2534 1020 2603 1074 ita
2629 1019 2931 1086 audierunt,
2959 1025 3018 1073 ut
3044 1017 3242 1074 Paulus
3266 1016 3543 1081 audierat,
3580 1024 3637 1070 et

2047 1106 2205 1164 simili
2233 1109 2519 1164 audierunt
2542 1118 2804 1178 tempore,
2830 1118 2989 1178 atque
3023 1108 3240 1174 Paulus,
3265 1120 3437 1176 neque
3453 1112 3635 1160 tameu

2046 1202 2124 1256 sic
2146 1200 2507 1257 crediderunt.
2549 1200 2678 1254 Nam
2704 1200 2849 1255 sicut
2877 1199 3075 1254 Paulus
3098 1213 3219 1255 cum
3247 1197 3481 1263 fureret,
3510 1210 3634 1251 cum

2047 1292 2277 1349 ferocior
2303 1301 2475 1360 esset,
2517 1307 2636 1347 cum
2686 1291 2975 1361 discipulos
3026 1291 3394 1360 impugnaret,
3448 1301 3636 1343 vocem

2052 1384 2291 1451 audivit,
2336 1383 2407 1437 ita
2433 1390 2485 1436 et
2530 1380 2720 1437 Judmi.
2754 1381 3013 1445 Ubinam,
3046 1389 3100 1435 et
3128 1378 3379 1449 quando?
3426 1377 3641 1448 Egressi

2050 1483 2174 1531 sunt
2194 1482 2354 1529 noctu
2375 1489 2495 1529 cum
2520 1473 2724 1528 facibus
2750 1481 2803 1529 et
2824 1472 3165 1543 lampadibus
3190 1470 3256 1526 ad
3278 1469 3638 1540 comprehen-

2049 1567 2283 1623 dendum
2334 1566 2520 1632 illum;
2553 1565 2809 1637 putabant
2844 1565 2987 1620 enim
3017 1578 3077 1618 se
3123 1578 3329 1617 merum
3363 1560 3637 1615 hominem

2050 1658 2271 1714 adoriri.
2300 1658 2434 1714 Cum
2460 1658 2618 1728 igitur
2646 1671 2740 1711 eos
2765 1670 2918 1711 suam
2945 1654 3107 1709 vellet
3132 1652 3328 1708 docere
3360 1652 3639 1714 virtutem,

2049 1764 2214 1821 seque
2228 1750 2395 1805 Deum
2413 1763 2553 1816 esse,
2569 1748 2819 1819 ipsosque
2837 1755 3023 1801 contra
3049 1743 3319 1798 stimulum
3332 1742 3639 1805 calcitrare.

2052 1844 2183 1900 dicit
2200 1843 2302 1898 illis
2317 1841 2500 1909 ,Quem
2512 1841 2735 1911 quieritis
2754 1838 2932 1909 (Joan.
2953 1838 3033 1893 l8.
3054 1837 3139 1907 4)?
3157 1834 3349 1891 Coram
3367 1850 3431 1890 eo
3447 1842 3503 1889 et
3518 1848 3642 1904 pro—

2051 1936 2196 1991 xime
2220 1933 2463 2000 stabant,
2493 1946 2669 2002 neque
2685 1931 2837 1986 illum
2869 1928 3155 1992 videbant;
3202 1940 3388 1981 verum
3420 1925 3465 1979 is
3484 1923 3598 1994 ipse
3623 1962 3641 1985 .

2052 2027 2141 2098 qui
2170 2027 2526 2097 quazrebatur,
2572 2025 2715 2094 ipsos
2748 2038 2909 2078 manu
2937 2021 3167 2077 ducebat
3195 2061 3210 2087 ,
3254 2029 3311 2072 ut
3336 2033 3397 2074 se
3434 2015 3643 2072 inveni-

2054 2126 2212 2183 rent,
2243 2124 2301 2171 ut
2324 2116 2628 2171 ediscerent
2656 2113 2831 2183 ipsum
2858 2127 2963 2166 non
2988 2110 3211 2165 invitum
3236 2108 3307 2163 ad
3334 2104 3641 2177 patiendum

2054 2208 2266 2271 venire,
2297 2217 2350 2261 et
2368 2247 2384 2273 ,
2426 2206 2471 2260 si
2499 2207 2613 2275 ipse
2641 2219 2750 2258 non
2786 2203 3141 2258 concessisset
3165 2242 3179 2267 ,
3206 2212 3494 2268 numquam
3521 2196 3643 2251 illos

2056 2315 2170 2355 rem
2193 2298 2529 2369 perfecturos
2557 2296 2741 2351 fuisse.
2772 2293 3053 2362 Quomodo
3077 2292 3219 2348 enim
3241 2332 3255 2355 ,
3273 2305 3399 2345 cum
3428 2302 3528 2344 nec
3564 2287 3645 2341 iu-

2056 2393 2240 2448 veuire
2287 2393 2435 2447 illum
2492 2396 2747 2458 possent,
2800 2386 2907 2441 imo
2944 2400 3012 2439 ne
3040 2383 3223 2439 videre
3250 2379 3467 2451 quidem
3504 2392 3645 2448 pra:-

2054 2493 2260 2540 sentem
2280 2486 2303 2537 ?
2321 2483 2437 2538 Non
2463 2481 2622 2536 modo
2650 2489 2827 2534 autem
2856 2483 3174 2546 praesentem
3205 2470 3386 2527 videre
3414 2484 3522 2525 non
3541 2483 3643 2539 po-

2054 2583 2300 2641 luerunt,
2353 2572 2449 2629 sed
2474 2587 2596 2627 cum
2645 2567 2937 2626 sciscitanti
2983 2563 3405 2636 responderent,
3443 2576 3511 2617 ne
3564 2559 3644 2614 sic

2052 2667 2264 2738 quidem
2283 2666 2553 2729 sciebant,
2584 2661 2830 2732 quisnam
2856 2669 2982 2713 tunc
3008 2670 3245 2727 prmsens
3266 2661 3413 2708 esset
3438 2670 3452 2706 :
3476 2665 3645 2721 usque

2054 2757 2190 2813 adeo
2216 2757 2399 2812 oculos
2438 2769 2622 2810 eorum
2647 2756 3031 2808 excaecaverat.
3072 2747 3184 2801 lmo
3212 2760 3282 2800 ne
3326 2743 3378 2797 id
3428 2740 3646 2811 quidem

2056 2855 2262 2902 tantum
2278 2887 2295 2912 ,
2318 2845 2413 2901 sed
2437 2845 2599 2899 etiam
2624 2858 2753 2898 voce
2775 2841 2896 2896 illos
2913 2839 3133 2909 supinos
3163 2835 3451 2905 prostravit
3480 2850 3493 2886 :
3520 2846 3644 2887 nam

2058 2948 2117 2994 ut
2150 2937 2323 3003 dixit,
2357 2936 2515 3002 Quem
2544 2933 2767 3003 qumritis
2786 2932 2811 2984 .9
2840 2930 3086 2985 abierunt
3137 2939 3326 2981 omnes
3352 2931 3646 2979 retrorsum

2057 3031 2126 3087 ab
2153 3031 2255 3085 hac
2282 3044 2411 3084 voce
2442 3026 2601 3098 pulsi.
2628 3020 3089 3092 Quemadmodum
3116 3019 3259 3074 enim
3284 3030 3387 3071 vox
3422 3014 3643 3070 Paulum

2057 3123 2255 3194 dejecit
2287 3129 2342 3177 ct
2370 3118 2721 3189 resupinavit,
2740 3116 2825 3170 sic
2849 3126 2902 3169 et
2930 3129 3031 3167 vox
3058 3112 3176 3166 illos
3196 3124 3386 3165 omnes
3407 3114 3651 3179 prostra-

2057 3217 2132 3272 vit
2161 3217 2379 3286 supiuos
2403 3230 2417 3280 ;
2450 3220 2506 3269 ct
2533 3207 2982 3283 quemadmodum
3009 3206 3101 3261 ille
3129 3219 3231 3259 non
3262 3202 3475 3258 videbat
3498 3214 3645 3261 eum,

2057 3322 2216 3376 quem
2258 3304 2703 3377 persequebatur,
2734 3302 2898 3373 itaet
2943 3299 3018 3352 illi
3058 3312 3163 3352 non
3191 3294 3444 3349 videbant
3484 3298 3645 3353 eum,

2058 3414 2217 3467 quem
2267 3395 2579 3467 quaerebant
2624 3410 2638 3458 ;
2693 3391 2829 3446 sicut
2879 3389 2969 3443 ille
3030 3398 3273 3454 tempore
3328 3383 3523 3439 furoris
3565 3381 3647 3435 sui

2060 3494 2357 3543 excaecatus
2395 3492 2515 3548 est,
2557 3483 2627 3536 ita
2666 3490 2720 3535 et
2752 3480 2833 3549 illi
2871 3487 3112 3546 tempore
3152 3473 3352 3528 furoris
3407 3472 3486 3525 sui
3525 3482 3653 3525 sunt

2062 3574 2334 3631 excmcati.
2369 3572 2580 3628 Etenim
2610 3571 2699 3626 ille
2725 3584 2864 3628 cum;
2898 3568 3000 3621 iret
3044 3566 3277 3619 vinctum
3324 3560 3649 3631 discipulos,
3680 3580 3692 3589 -

2062 3678 2116 3723 et
2147 3665 2204 3720 hi
2225 3681 2346 3720 cum
2375 3665 2583 3718 exirent
2625 3662 2896 3730 alligatum
2947 3655 3258 3720 Christum,
3290 3652 3478 3708 eadem
3508 3651 3650 3722 passi

2062 3769 2208 3815 sunt.
2238 3758 2349 3814 lllic
2373 3756 2585 3812 vincula
2606 3797 2621 3822 ,
2664 3763 2718 3810 et
2742 3753 2833 3808 hic
2877 3765 3089 3821 quoque
3118 3747 3362 3811 vincula;
3397 3746 3503 3800 illic
3530 3759 3651 3814 per-

2063 3850 2341 3923 sequutio,
2369 3848 2458 3904 hic
2486 3847 2647 3902 etiam
2702 3842 3079 3916 persequutio,
3138 3839 3245 3894 illic
3273 3838 3519 3903 caecitas,
3563 3835 3651 3889 hic

2065 3945 2192 4000 item
2218 3941 2463 4007 caecitas;
2495 3939 2604 3993 illic
2633 3952 2758 4004 vox,
2781 3935 2869 3989 hic
2888 3948 3100 4005 quoque
3126 3946 3229 3986 vox
3263 3947 3276 3985 :
3300 3928 3491 3984 similis
3513 3936 3656 3981 utro-

2061 4034 2222 4106 bique
2246 4031 2445 4089 Christi
2476 4029 2728 4101 potentia:
2769 4024 3191 4089 demonstratio,
3232 4022 3427 4078 similia
3469 4033 3650 4075 reme-

2062 4126 2195 4182 dia:
2253 4134 2311 4179 at
2348 4139 2455 4194 non
2505 4122 2695 4178 similis
2744 4118 3090 4183 emendatio;
3147 4116 3290 4171 inter
3328 4120 3652 4185 tegrotantes

2063 4217 2204 4274 enim
2232 4230 2481 4285 magnum
2513 4213 2821 4269 discrimen.
2852 4209 2990 4278 Quid
3016 4209 3158 4265 enim
3188 4207 3483 4278 stupidius,
3523 4204 3652 4276 quid

2063 4310 2322 4381 ingratius
2356 4306 2494 4362 illis?
2520 4305 2845 4361 Ceciderunt
2879 4312 3172 4358 retrorsum
3195 4342 3210 4368 ,
3241 4311 3296 4357 et
3323 4314 3508 4355 rursus
3530 4314 3653 4355 sur-

2063 4411 2351 4464 rexerunt,
2396 4411 2584 4452 rursus
2625 4396 2959 4450 invaserunt.
2987 4396 3179 4450 Annon
3222 4393 3353 4461 ipsis
3389 4389 3653 4459 lapidibus

2065 4489 2488 4547 insensibiliores
2516 4485 2709 4541 erant?
2736 4484 2807 4541 Ut
2828 4498 2959 4538 vero
2982 4482 3251 4538 discerent
3295 4480 3436 4536 hunc
3478 4479 3659 4550 ipsum.

2063 4599 2215 4651 esse,
2258 4583 2348 4655 qui
2378 4581 2588 4637 dixerat
2613 4579 2751 4646 illis,
2794 4576 2956 4642 Quem
2981 4574 3242 4645 quwritis?
3285 4572 3512 4643 illosque
3561 4585 3653 4626 re-

2067 4688 2300 4733 trorsum
2327 4680 2685 4746 prostraverat
2710 4685 2863 4726 :cum
2882 4668 3247 4728 surrexissent
3262 4706 3277 4733 ,
3307 4665 3503 4721 iterum
3523 4662 3653 4718 dicit

2066 4770 2173 4825 illis
2195 4811 2210 4836 ,
2240 4768 2403 4834 Quem
2434 4762 2657 4834 queritis
2678 4762 2704 4814 ζ’
2756 4757 3101 4829 Respondent
3124 4756 3228 4821 illi,
3276 4755 3474 4810 Iesum.
3515 4752 3654 4808 Tum

2067 4861 2160 4917 ille
2186 4878 2202 4915 :
2229 4856 2353 4913 Dixi
2374 4856 2510 4910 nobis
2528 4895 2543 4920 ,
2571 4856 2689 4924 quia
2708 4868 2802 4922 ego
2830 4866 2940 4905 sum
2964 4847 3144 4921 (Joan.
3169 4846 3258 4903 18.
3289 4844 3343 4918 6)
3366 4863 3381 4911 ;
3403 4860 3467 4900 ac
3495 4843 3541 4898 si
3568 4841 3653 4897 di-

2066 4957 2212 5010 ceret
2244 4968 2257 5005 :
2304 4947 2504 5004 Discite
2532 4960 2620 5000 me
2665 4959 2788 5000 eum
2822 4943 2995 5013 ipsum
3027 4955 3183 5003 esse,
3210 4938 3301 5011 qui
3344 4945 3500 4993 antea
3546 4934 3655 4992 dixi

2068 5040 2249 5107 vobis,
2289 5037 2453 5104 Quem
2480 5034 2745 5106 queritis?
2786 5045 2990 5102 vosque
3014 5029 3299 5103 prostravi.
3341 5026 3541 5082 Verum
3570 5024 3657 5079 ni-

2070 5130 2145 5187 hil
2175 5130 2277 5186 hoc
2326 5126 2558 5200 profuit,
2608 5124 2704 5182 sed
2757 5124 2812 5180 in
2856 5123 3096 5179 excitate
3142 5125 3470 5176 manserunt.
3528 5114 3657 5171 Hau:

2067 5223 2248 5278 omnia
2294 5220 2454 5277 simul
2500 5228 2555 5276 et
2591 5226 2840 5275 accurate
2889 5215 3202 5278 conferens,
3242 5211 3389 5267 disce
3432 5204 3653 5262 Paulum

2070 5329 2177 5369 nun
2214 5328 2280 5370 ex
2334 5313 2650 5368 necessitate
2688 5308 3015 5374 accessisse,
3059 5304 3156 5361 sed
3184 5318 3248 5359 ex
3292 5302 3434 5356 bono
3473 5298 3655 5357 animo

2069 5406 2387 5476 sinceraque
2411 5404 2763 5474 conscientia.
2856 5450 2863 5457 .
3431 5463 3434 5466 ,

2141 5496 2196 5551 6.
2246 5496 2362 5551 Alio
2408 5499 2636 5566 exempto
2685 5491 2924 5562 probatur
2952 5488 3175 5543 Paulum
3215 5485 3366 5539 libere
3391 5481 3459 5536 ad
3503 5480 3656 5550 [idem

2068 5588 2357 5642 accessisse.
2386 5584 2523 5641 Deus
2554 5601 2653 5639 non
2679 5584 2776 5637 vim
2802 5581 2955 5651 infert
2993 5578 3291 5638 nolentibus.
3326 5572 3416 5630 sed
3441 5573 3656 5629 volentes

2070 5679 2243 5735 trahit.
2272 5709 2340 5720 --
2368 5677 2519 5747 Quod
2548 5677 2594 5733 si
2638 5675 2689 5732 id
2737 5674 2917 5732 feratis
2966 5674 3329 5745 patienterquc
3376 5666 3612 5725 tuleretis
3636 5703 3650 5730 ι
